4092 6256
105 356 2896 368 ἪΨ-ῤ-Ῠᾴπίῂν-
2967 356 2970 357 ν

295 625 539 766 DE
669 625 1848 774 SANCTORUM
1973 615 3265 766 MACABIORUM

1244 950 1582 1023 AEGYPTII
1637 961 1728 1021 ET
1771 957 2276 1020 ALEXANDRINI

481 1483 1354 1599 QUAESTIONES
1421 1479 2006 1577 CRITICAE
2077 1477 2239 1572 ET
2315 1475 3078 1572 HISTORICAE

1095 1698 1402 1756 SCRIPSIT
1443 1696 1719 1752 EDITOR.
1753 1695 1984 1750 EDITIO
2022 1693 2450 1750 RECOGNITA.

1392 2042 1658 2106 INDEX
1741 2040 1938 2104 CAPI
1941 2040 2038 2104 TU
2046 2040 2106 2105 Μ
2124 2088 2138 2103 .

101 2434 322 2498 CAPUT
364 2435 411 2493 Ι.
461 2430 883 2508 Prolegomcna.
1779 2433 1826 2486 Α
1933 2423 2358 2508 telerio_edita,
2390 2425 2638 2508 _inedit_a
2679 2427 2934 2508 codicum
2994 2429 3503 2494 Vindobonensium

101 2513 324 2577 CAPUT
378 2516 451 2574 II.
504 2503 806 2572 Palladius
838 2510 903 2570 de
931 2517 1121 2570 sancto
1150 2508 1414 2588 Macario
1444 2508 1742 2588 Aegyptio.
1937 2503 2221 2588 appendizr
2251 2505 2518 2588 Cotelerii
2538 2506 3127 2588 _Apophthegmatum,
3162 2516 3308 2573 vitae
3334 2511 3506 2575 Sanc-

101 2526 324 2577 UAPUT
379 2526 451 2574 ll.
504 2526 806 2572 Palladius
838 2526 903 2570 de
931 2526 1121 2570 sancto
1150 2526 1414 2570 Μασανιο
1444 2526 1742 2644 Aegi/ptio.
1937 2526 2221 2582 appendix
2251 2526 2517 2565 uoceieru
2559 2526 3127 2588 Apopnmegmatum,
3162 2526 3308 2573 vitae
3334 2526 3506 2575 Sanc-

101 2595 351 2733 ΟΑιῗνιὲἷο
370 2594 448 2654 III
467 2639 480 2652 .
535 2591 843 2652 Palladius
873 2591 940 2650 de
965 2597 1168 2650 sancto
1202 2587 1462 2650 Macario
1491 2587 1544 2644 A
1576 2606 1750 2646 exan-
2165 2585 2232 2644 de
2257 2585 2470 2646 sanctis
2525 2585 2812 2648 Macariis
2862 2592 3140 2671 Aegyptio
3167 2599 3219 2652 et
3245 2592 3509 2654 Alexan-

210 2683 372 2734 rino.
1940 2683 2130 2723 anno.

100 2753 332 2818 CAPUT
383 2755 479 2812 IV.
528 2751 772 2832 Ruﬁnus
800 2750 866 2810 de
894 2755 1109 2811 sanctis
1159 2748 1442 2809 Macariis
1484 2747 1754 2827 Aegyptio
1865 2744 2109 2833 CAPUT.
2141 2745 2340 2833 _VIII.‘
2381 2743 2734 2833 Sanctorum
2791 2749 3194 2833 Macariorum
3242 2752 3513 2833 Aegyptii

166 2844 217 2895 et
272 2823 704 2894 Alexandrino.
1943 2832 1992 2884 et
2069 2823 2468 2885 Alexandrini
2536 2827 2780 2887 exilium
2855 2830 2954 2889 sub
3023 2831 3212 2893 Lucio
3279 2823 3512 2894 A'Fiano

97 2917 331 2978 CAPUT
385 2915 451 2972 V.
503 2913 812 2991 Euagrius,
861 2910 928 2972 S.
989 2908 1396 2991 Hieronymus,
1440 2905 1756 2991 Cassianus
1943 2903 2342 2991 Alexandriae
2425 2907 2704 2986 episcOpo.
2792 2907 3068 2986 Socrates,
3147 2911 3509 2983 Sozomenus,

171 2996 238 3054 de
298 2995 516 3055 sanctis
563 2985 854 3054 Macariis
891 2990 1185 3072 Aegyptio
1209 2985 1260 3072 et
1317 2985 1745 3072 Alexandrino.
1944 2986 2212 3072 ceterique
2248 2985 2469 3072 ferum
2531 2985 3059 3072 ecClesiasticarum’
3093 3001 3392 3072 scriptores
3451 2993 3518 3053 de

103 3076 341 3138 CAPUT
385 3075 484 3133 VI.
559 3072 918 3133 Coliectionis
969 3063 1396 3129 Rosweidianae
1455 3066 1594 3125 liber
1649 3073 1760 3125 ter—
1951 3065 2178 3124 iisdem.
2235 3063 2476 3138 Quando
2525 3068 2796 3127 memoria
2855 3079 3179 3131 sanctorum
3206 3063 3519 3135 'Macario-

177 3159 320 3221 tius,
395 3159 652 3234 quintus,
732 3159 947 3234 seat-us,
1001 3150 1271 3234 septimus
1341 3149 1592 3234 vitarum
1649 3145 1761 3234 Pa-
1880 3225 1918 3234 ﬁ
1950 3164 2081 3204 rum
2107 3146 2457 3234 Aegyptii‘et
2487 3147 2884 3234 Alexandrini
2922 3157 3159 3234 agatur.

178 3245 353 3296 trum
401 3224 454 3293 ct
504 3224 810 3292 sententiae
884 3224 1128 3312 Patrum
1207 3227 1617 3312 Aegyptiorum
1696 3224 1762 3284 de
1874 3225 2106 3312 CAep'r
2177 3226 2285 3312 Ιξ(ἶ
2359 3226 2705 3312 Αηεαηειὶις
2778 3224 3065 3312 Macariis
3134 3231 3412 3312 Aegyptio
3478 3241 3531 3294 et

182 3316 406 3376 sanctis
450 3312 731 3374 Macariis
782 3310 1063 3391 Aegyptio
1108 3317 1159 3368 et
1193 3303 1624 3391 Aiedandrino.
1673 3384 1707 3391 _
1954 3303 2358 3391 Alexandrino
2407 3304 2738 3391 Macarium
2787 3308 2854 3371 S.
2911 3310 3157 3371 Antonii
3197 3303 3533 3374 ministrum

112 3395 346 3459 CAPUT
393 3396 521 3454 VII.
566 3383 1044 3472 Apophthejmata
1094 3409 1131 3450 a
1177 3388 1418 3448 Possino
1469 3393 1521 3446 et
1571 3405 1606 3444 a
1661 3384 1766 3445 Co-
1955 3383 2206 3465 aliosque
2264 3387 2615 3465 cognomines
2658 3388 2908 3450 diversos
2961 3410 3075 3452 esse
3113 3393 3452 3458 ostenditur.

636 3871 679 3940 1
725 3871 964 3932 CAPUT
1007 3868 1314 3929 PRIMUM.
1829 3865 1868 3917 Β
1909 3881 2077 3926 mam
2148 3872 2393 3940 portam
2468 3867 2672 3928 lucem
2748 3870 3191 3940 lntromlttunt,
3271 3872 3554 3932 habitant

723 3983 1227 4028 PROLEGOMENA.
1910 3965 2205 4038 precibus
2269 3965 2492 4024 dediti.
2562 3966 2770 4026 Primo
2831 3983 3013 4028 mane
3063 3975 3322 4043 surgunt
3367 3975 3427 4030 et
3489 3969 3556 4027 in

216 4069 249 4148 ξ
326 4074 390 4129 1.
459 4068 526 4127 In
581 4067 946 4126 vastissimis
1004 4065 1231 4136 Libyae
1292 4063 1577 4132 desertis,
1634 4061 1801 4121 haud
1911 4063 2238 4121 ecclesiam
2271 4067 2629 4136 properant,
2665 4064 2773 4122 ubi
2803 4065 3110 4125 adsistunt
3140 4067 3336 4126 innixi
3372 4068 3562 4126 bacu-

137 4171 371 4244 procul
430 4184 466 4225 a
515 4165 746 4226 Nitriae
800 4163 1138 4237 paludibus
1206 4163 1370 4220 nitro
1432 4159 1798 4228 uberrimis,
1916 4160 2011 4226 lis,
2058 4159 2419 4216 Macarianis
2466 4160 2779 4232 hodieque
2828 4163 3183 4220 nominatis.
3235 4165 3560 4222 Rariorem

135 4274 426 4341 quatuor
487 4265 565 4322 ad
634 4262 1008 4321 hodiernum
1076 4259 1244 4317 diem
1301 4263 1540 4316 exstant
1593 4272 1805 4316 mona-
1917 4258 1994 4314 ad
2042 4270 2230 4329 quem
2271 4256 2359 4314 ibi
2404 4256 2564 4315 vitae
2615 4262 2899 4332 tempora
2951 4260 3299 4332 producant
3349 4260 3561 4332 ﬁnem,

137 4365 364 4424 steria.
393 4363 671 4432 Quorum
713 4373 929 4421 unum.
963 4356 1131 4429 quod
1171 4357 1252 4414 ab
1280 4355 1415 4412 Itali
1454 4355 1804 4426 cujusdam,
1920 4353 2278 4426 exemplum
2309 4355 2473 4413 senis
2502 4356 2772 4415 ostendit
2802 4357 2973 4417 illius
3002 4373 3037 4415 a
3075 4358 3564 4429 Tischendorﬁo,

139 4463 253 4537 qui
316 4461 578 4534 paludes
633 4459 780 4516 istas
832 4454 1033 4528 pretio
1074 4452 1393 4518 conduxit,
1445 4452 1700 4510 castello
1747 4452 1810 4509 in
1921 4453 2101 4511 cuius
2174 4454 2530 4512 narratione
2591 4456 2829 4513 utimur
2893 4453 3004 4531 (1),
3068 4456 3156 4514 ibi
3226 4458 3566 4530 conspecti,

139 4560 357 4620 Nitria
411 4557 554 4629 sito,
595 4560 896 4628 quantum
947 4552 1121 4610 boris
1157 4550 1410 4609 circiter
1448 4555 1588 4608 octo
1637 4548 1813 4606 asino
1924 4554 2176 4608 centum
2217 4549 2433 4622 viginti
2468 4565 2662 4609 annos
2690 4552 2841 4624 nati,
2880 4557 3214 4622 senectute,
3249 4553 3476 4627 vigiliis
3515 4560 3577 4612 et

142 4665 380 4720 vectus
439 4651 814 4727 permeabis,
871 4651 1142 4723 spatium
1207 4649 1406 4720 abest,
1461 4646 1538 4704 ad
1606 4649 1815 4704 nostra
1930 4647 2282 4720 pernicioso
2324 4648 2442 4706 sub
2487 4648 2860 4708 fervescente
2912 4650 3043 4709 sole
3091 4665 3313 4710 arenae
3364 4651 3579 4711 colore

145 4769 368 4831 usque
460 4756 748 4824 tempora
823 4743 1228 4805 monasterium
1293 4746 1480 4802 sancti
1564 4739 1818 4801 Macarii
1929 4745 2259 4802 oculorum
2312 4743 2548 4802 lumine
2600 4746 2846 4818 privati,
2895 4747 3108 4807 animo
3147 4748 3394 4807 coelum
3444 4765 3583 4822 spe-

145 4849 568 4929 appellatur;
627 4847 871 4924 reliqua
921 4844 1185 4917 singula,
1242 4841 1500 4915 singulis
1529 4840 1819 4899 distincta
1931 4842 2152 4900 ctantis
2181 4847 2242 4899 et
2288 4842 2388 4899 vix
2420 4857 2606 4900 unam
2637 4842 2763 4901 diei
2803 4844 3023 4903 horam
3063 4860 3284 4905 somno
3321 4847 3584 4920 largien-

144 4951 559 5016 nominibus,
619 4948 683 5005 in
738 4946 1105 5004 universum
1161 4938 1293 4998 Abu
1347 4937 1560 4999 Macar
1610 4953 1824 4998 mona-
1933 4939 2032 4997 tis.
2067 4939 2310 4997 Fratres
2349 4938 2413 4997 in
2450 4940 2814 4998 universum
2856 4942 3145 5014 pedibus,
3179 4945 3388 5016 quoad
3416 4944 3587 5004 calor

146 5052 359 5112 steria
412 5051 734 5118 vocantur,
785 5048 845 5101 et
895 5047 1021 5100 tota
1077 5039 1256 5114 regio
1306 5033 1660 5095 Macariana
1702 5053 1822 5093 ere-
1937 5050 2165 5095 arenae
2207 5037 2537 5110 permittit,
2571 5038 2874 5110 inopertis
2906 5039 3219 5108 incedunt,
3259 5041 3587 5101 ecclesiam

150 5167 319 5210 mus.
412 5145 526 5214 Qui
584 5142 715 5200 illic
777 5141 1009 5213 degunt
1077 5135 1372 5196 monachi
1431 5135 1828 5209 paucissimis
1876 5209 1906 5214 _
1937 5149 2061 5192 non
2093 5135 2212 5192 nisi
2240 5134 2426 5192 nudis
2456 5135 2723 5207 pedibus
2751 5135 3005 5194 intrant.
3039 5137 3269 5206 Quodsi
3301 5138 3591 5198 Tischen-

154 5248 312 5310 anni
389 5242 615 5300 diebus
679 5253 865 5298 carne
917 5239 1271 5306 vescuntur,
1337 5239 1616 5292 ceterum
1671 5247 1830 5305 pane
1867 5209 1909 5265 C
1940 5232 2086 5290 dort’
2129 5231 2415 5290 habitum
2469 5232 2732 5290 fratrum
2774 5233 3030 5292 illorum
3077 5249 3152 5292 ex
3203 5237 3375 5294 omni
3417 5241 3594 5309 parte

155 5349 398 5407 vivunt
464 5344 525 5398 et
580 5337 854 5397 lentibus
912 5334 1106 5393 bulbo
1162 5337 1222 5391 et
1276 5328 1418 5390 oleo
1474 5330 1827 5403 permixtis,
1941 5329 2392 5402 descripsisset,
2450 5335 2688 5388 veteres
2758 5344 2881 5389 non
2928 5331 3149 5390 dubito
3201 5332 3396 5393 Scetis
3451 5333 3598 5392 soli-

155 5451 364 5520 atque
425 5439 490 5496 in
535 5435 802 5502 cellulis,
859 5445 1020 5506 quae
1073 5444 1197 5489 non
1248 5427 1370 5486 nisi
1410 5441 1522 5500 per
1559 5426 1831 5486 arctissi-
1939 5426 2176 5486 tudinis
2229 5425 2283 5495 2
2333 5426 2554 5486 fratres
2605 5457 2683 5468 —
2733 5427 2826 5486 sic
2866 5425 3037 5486 enim
3087 5427 3438 5490 Macariana
3481 5429 3602 5488 ista

231 5629 320 5703 (1)
357 5619 733 5680 Constantia.
761 5612 1154 5673 Tischendorf
1173 5612 1343 5671 Reise
1377 5611 1443 5669 in
1469 5611 1592 5668 den
1623 5609 1824 5668 Orient

943 5612 1154 5672 endorf
1173 5612 1343 5671 Reise
1377 5611 1443 5669 in
1469 5611 1592 5668 den
1623 5609 1824 5668 Orient
1855 5611 2014 5669 1846.
2041 5611 2102 5668 Τ.
2130 5610 2175 5678 Ι,
2205 5626 2267 5684 p.
2297 5611 2395 5668 110
2421 5624 2559 5685 sqq.

471 5718 714 5775 Parnm.
751 5712 858 5773 Gn.
897 5710 1153 5771 XXXIV.
1956 5747 1982 5762 ..
3295 5710 3328 5764 ί
