4092 6256
428 329 491 403 37
1296 325 1397 379 SS.
1442 320 1926 380 MACARIORUM
1968 320 2306 379 AEGYPTII
2346 324 2432 381 ET
2470 327 2960 386 ALEXANDRINI
3796 339 3829 394 4

412 469 666 516 eremus
693 457 754 512 et
782 453 1055 526 antiquis
1086 457 1147 511 et
1194 454 1424 512 nostris
1455 453 1852 525 temporibus
1884 451 2068 523 vulgo
2101 450 2145 501 Α
2177 452 2362 511 nibus
2390 458 2629 528 optime
2662 461 2979 517 convenit.
3021 461 3218 519 Etiam
3253 462 3570 532 Ludoli‘us,
3624 470 3831 524 rector

416 552 771 625 appellatur
810 583 889 594 —
936 566 1043 609 eos
1091 551 1416 616 nimirum,
1480 551 1586 622 qui
1647 551 1725 606 ab
1783 548 2065 621 Evagrio,

419 651 731 722 Cassiano,
784 650 925 709 aliis
979 649 1451 721 describuntur,
1502 654 1640 705 ante
1694 648 1912 705 oculos
1964 649 2073 705 ha-

420 749 573 807 bere
656 747 969 805 crederes.
1050 745 1185 817 ipsa
1270 745 1645 803 monasteria
1716 746 2073 803 etiamnunc

420 846 720 921 quadrata
774 852 880 903 aut
928 844 1338 917 quadrilonga
1395 845 1591 902 forma
1643 850 1784 901 sunt
1839 850 1901 900 et
1939 858 2074 901 mu-

420 945 532 1011 ris,
611 945 772 1001 intra
849 958 1007 1015 quos
1070 942 1359 999 hortulus
1425 941 1721 1008 nutritur,
1787 943 2066 1014 obsepta.

421 1043 537 1102 Fac
580 1048 639 1099 te
668 1041 883 1098 videre
914 1040 1045 1097 illic
1070 1054 1283 1097 senem
1318 1038 1632 1111 quendam
1666 1054 1943 1105 caecum,
1980 1045 2073 1096 ter

421 1141 617 1198 altare
668 1137 1296 1209 circumgredientem
1346 1142 1405 1194 et
1454 1136 1710 1194 iuvenili
1740 1151 1890 1194 voce
1922 1137 2073 1193 alle—

423 1237 551 1297 luia
580 1241 924 1301 canentem,
979 1238 1083 1291 aut
1111 1233 1291 1291 illum
1345 1238 1595 1291 centum
1639 1233 1851 1306 viginti
1880 1248 2075 1291 annos

424 1341 660 1407 natum,
708 1333 865 1391 cella
895 1330 1317 1404 egredientem
1350 1336 1411 1388 et
1439 1331 1693 1388 abeunti
1723 1331 1837 1388 tibi
1888 1331 2075 1390 bene-

426 1432 762 1502 dicentem,
813 1428 1116 1488 ineffabili
1165 1429 1298 1485 sine
1349 1429 1544 1486 dubio
1601 1436 1659 1487 et
1716 1429 1872 1500 ipse,
1916 1431 2078 1487 sicut

424 1527 852 1596 Tischendorf,
896 1526 1364 1599 perfundereris
1413 1526 1832 1584 venerationis
1867 1542 2072 1585 sensu.

427 1630 675 1689 Circum
708 1642 803 1695 ea,
862 1640 1023 1697 quae
1052 1624 1207 1693 dixi,
1260 1629 1531 1695 quatuor
1586 1625 1966 1683 monasteria
2020 1632 2081 1683 et

428 1726 661 1786 Nitriae
736 1729 1000 1793 montes,
1082 1723 1213 1794 qui,
1297 1722 1652 1793 paullnlum
1707 1723 2076 1789 eminentes,

429 1824 688 1898 paludes
720 1822 858 1879 illas
886 1820 951 1877 in
983 1819 1188 1891 ampla
1233 1819 1393 1876 valle
1436 1821 1583 1876 sitas
1628 1820 1979 1884 includunt,
2016 1820 2077 1877 in
2113 1806 2150 1858 Β

428 1919 709 1978 arenosis
760 1924 944 1991 atque
1002 1917 1328 1975 immensis
1402 1917 1874 1990 solitudinibus,
1934 1931 2077 1989 per-

428 2019 626 2077 multa
697 2017 842 2074 hinc
892 2016 1066 2073 illinc
1139 2014 1387 2073 moenia
1455 2015 1926 2088 conspiciuntur
1995 2022 2081 2073 te-

428 2115 671 2184 stantia,
733 2118 963 2186 quanta
1008 2112 1162 2170 olim
1216 2111 1304 2169 ibi
1359 2112 1666 2170 exstiterit
1719 2112 1899 2184 co'pia
1950 2122 2082 2171 mo-

429 2212 846 2273 nasteriorum
874 2206 987 2285 (1).

511 2310 542 2389 §
588 2311 647 2369 2.
684 2309 986 2369 Macarius
1041 2306 1170 2373 ille,
1218 2308 1397 2366 cuius
1438 2308 1693 2365 nomine
1733 2322 1984 2367 eremus
2020 2314 2082 2368 et

431 2409 813 2471 monasteria
880 2407 1220 2465 hodiedum
1293 2406 1689 2479 appellantur
1754 2440 1827 2447 —
1884 2408 2082 2481 ipsius

430 2511 663 2582 imago,
720 2521 843 2579 qua
910 2504 1133 2562 baculo
1189 2504 1438 2561 innixus
1484 2504 1892 2576 conspicitur,
1944 2506 2082 2563 istic

430 2605 935 2680 frequentissima
992 2607 1087 2661 est
1137 2599 1221 2677 (2)
1276 2632 1355 2644 —
1401 2601 1518 2659 nisi
1559 2618 1656 2659 me
1697 2605 1908 2661 omnia
1965 2606 2081 2662 fal-

428 2705 586 2769 lunt,
649 2701 990 2775 Aegyptius
1032 2700 1334 2757 Macarius
1392 2700 1527 2764 fuit,
1583 2700 1824 2773 primus
1880 2702 2080 2761 Scetis

426 2801 782 2862 solitudinis
826 2798 1031 2857 incola
1082 2795 1190 2871 (3),
1248 2797 1454 2854 clarus
1500 2798 1858 2863 virtutibus,
1901 2814 2077 2873 egre-

427 2901 564 2973 gius
603 2903 787 2969 atque
835 2896 1103 2954 invictus
1146 2894 1374 2951 athleta
1426 2893 1529 2951 Dei
1576 2894 1680 2970 (4).
1722 2897 1803 2953 Ac
1832 2899 2077 2955 moenia

425 2997 655 3068 vicina,
688 3009 849 3067 quae
882 2994 943 3050 in
976 2992 1203 3050 mediis
1235 2991 1364 3049 illis
1392 2992 1655 3050 desertis
1692 2995 2077 3053 creberrima

426 3099 687 3164 exstant,
750 3090 1301 3151 monasteriorum,
1361 3104 1520 3162 quae
1559 3106 1595 3146 a
1659 3098 1881 3162 quarto
1949 3108 2078 3150 sae-

427 3192 571 3252 culo
614 3191 855 3249 circum
912 3189 1171 3247 Nitriam
1221 3194 1283 3245 et
1325 3188 1388 3244 in
1437 3188 1688 3245 Cellulis
1730 3189 2077 3250 ﬂoruerunt

428 3291 781 3357 innumera,
856 3284 1245 3343 venerandae
1320 3284 1703 3356 antiquitatis
1773 3288 2075 3359 reliquiae

427 3391 591 3453 sunt,
644 3399 844 3457 neque
884 3383 1113 3440 iniuste
1157 3383 1374 3440 fratres
1419 3383 1749 3441 Macariani
1785 3387 2074 3445 coenobii

427 3501 501 3543 ex
560 3483 896 3541 traditione
961 3479 1408 3537 monasterium
1468 3495 1650 3537 suum
1710 3489 1849 3539 ante
1903 3484 2074 3542 mille

424 3581 797 3655 quingentos
872 3592 1070 3635 annos
1142 3577 1466 3635 fundatum
1542 3593 1675 3635 esse
1743 3582 2074 3638 contende-

422 3685 571 3737 runt
599 3676 711 3754 (5),
759 3676 950 3749 quod,
999 3675 1144 3732 licet
1187 3689 1311 3732 non
1350 3675 1427 3733 de
1479 3677 1701 3747 muris,
1751 3678 1857 3749 qui
1910 3694 2073 3735 nunc

419 3782 784 3842 cernuntur,
849 3781 1057 3832 tamen
1106 3773 1183 3829 de
1241 3772 1444 3843 prima
1498 3774 1788 3831 coenobii
1843 3775 2071 3833 funda—

415 3876 586 3933 tione
636 3878 808 3931 certo
864 3870 989 3928 dici
1046 3875 1267 3942 potest.
1327 3870 1449 3928 Nec
1498 3871 1747 3929 silentio
1797 3878 2069 3945 praeter-

415 3971 620 4030 eunda
679 3984 813 4029 esse
880 3967 1259 4040 perpulchra
1319 3966 1424 4024 illa
1481 3968 1736 4025 traditio
1795 3970 2061 4039 videtur,

411 4086 534 4145 qua
562 4067 901 4142 praeterito
930 4062 981 4132 3
1023 4066 1271 4122 saeculo
1311 4064 1556 4122 cuidam
1600 4066 1664 4123 in
1704 4066 1829 4124 illis
1869 4069 2065 4141 regio-

412 4169 598 4226 nibus
648 4164 1067 4240 peregrinanti
1124 4161 1211 4239 (ὃ)
1238 4163 1431 4219 abbas
1477 4164 1804 4222 Macariani
1851 4180 2063 4223 mona-

2177 553 2475 610 ecclesiae
2566 556 2946 627 parochialis
3018 558 3080 615 in
3165 560 3453 628 Suchem,
3528 562 3833 620 dioecesis

2181 647 2724 718 Paderbornensis,
2788 653 2849 709 in
2906 654 3071 713 libro
3128 674 3156 709 «
3210 656 3289 714 De
3346 658 3571 716 itinere
3628 664 3831 717 terrae

2179 752 2445 813 sanctae,
2502 766 2531 802 »
2584 764 2772 820 quem
2819 751 2985 809 circa
3043 768 3097 808 a.
3158 753 3307 811 1350
3351 758 3725 827 composuit,
3756 754 3833 815 de

2181 844 2305 900 illis
2335 846 2728 904 monasteriis
2760 848 2912 906 haec
2957 850 3213 908 tradidit
3248 868 3259 906 :
3299 870 3328 904 «
3364 853 3513 911 Item
3546 854 3608 911 in
3644 856 3832 927 Aegy-

2181 947 2288 1013 pto
2327 942 2530 1000 adhuc
2568 958 2755 1016 quam
2788 947 3061 1017 plurima
3100 954 3259 1006 stant
3301 948 3536 1022 integra
3566 953 3835 1010 claustra

2181 1044 2241 1096 et
2285 1042 2680 1105 monasteria,
2724 1043 3021 1101 ecclesiae
3064 1050 3123 1102 et
3171 1047 3549 1116 eremitaria,
3587 1049 3692 1106 sed
3736 1056 3837 1107 ta-

2183 1150 2326 1192 men
2382 1136 2645 1205 deserta,
2699 1146 2759 1197 et
2820 1142 3055 1212 Optime
3112 1144 3379 1214 depicta,
3434 1145 3539 1201 sed
3594 1146 3836 1216 pictura

2184 1246 2297 1304 per
2369 1234 2707 1293 Saracenos
2780 1244 2871 1295 est
2951 1240 3375 1299 diversimode
3451 1242 3824 1314 vituperata.

2183 1331 2335 1388 Item
2389 1332 2452 1388 in
2499 1333 2760 1392 desertis
2816 1337 3073 1409 Aegypti
3124 1338 3327 1395 adhuc
3379 1343 3468 1397 tot
3511 1344 3671 1397 stant
3708 1339 3841 1397 cel-

2185 1428 2349 1485 lulae
2405 1435 2466 1487 et
2517 1439 2872 1489 sanctorum
2928 1434 3173 1491 Patrum
3229 1436 3610 1505 eremitaria,
3668 1438 3837 1510 quod

2189 1525 2251 1583 in
2297 1526 2617 1599 aliquibus
2666 1530 2839 1593 locis,
2886 1536 2951 1588 ut
2994 1532 3204 1600 credo,
3258 1547 3371 1605 per
3409 1534 3534 1592 duo
3580 1537 3673 1593 vel
3724 1536 3840 1594 tria

2188 1624 2504 1691 milliaria,
2539 1625 2617 1682 de
2665 1641 2788 1683 uno
2843 1626 2917 1683 ad
2972 1629 3141 1687 aliud
3193 1631 3386 1702 possit
3428 1633 3731 1704 sagittari,
3781 1638 3842 1691 et

2190 1721 2253 1778 in
2293 1735 2481 1794 quam
2528 1723 2819 1794 pluribus
2860 1726 3063 1783 adhuc
3106 1727 3337 1799 degunt
3385 1729 3516 1786 Indi
3571 1728 3837 1790 Nubiani

2188 1821 2254 1876 et
2288 1819 2559 1888 Suriani,
2608 1821 2683 1878 ad
2732 1822 3019 1880 ordinem
3069 1825 3263 1881 sancti
3314 1826 3562 1883 Antonii
3614 1833 3674 1884 et
3718 1829 3836 1885 Ma-

2190 1916 2343 1975 carii
2402 1932 2467 1973 se
2523 1916 2840 1975 habentes.
2906 1920 2969 1976 In
3032 1921 3125 1977 his
3178 1922 3436 1980 desertis
3509 1924 3664 1983 Deus
3730 1939 3844 1997 per

2190 2019 2432 2072 sanctos
2458 2014 2665 2072 Patres
2696 2017 2888 2073 multa
2934 2018 3252 2076 mirabilia
3296 2025 3387 2077 est
3420 2027 3739 2094 operatus,
3782 2028 3843 2081 et

2191 2111 2547 2185 specialiter
2628 2113 2689 2169 in
2769 2113 2906 2172 loco
2975 2117 3080 2187 qui
3159 2113 3352 2173 Stichz'
3424 2115 3565 2195 [leg.
3635 2116 3837 2188 Scithi,

2190 2206 2366 2286 Scete]
2400 2210 2651 2281 dicitur,
2704 2225 2814 2283 per
2855 2218 3098 2270 sanctos
3150 2214 3484 2274 Antonium
3531 2222 3592 2275 et
3638 2218 3844 2275 Maca-

2193 2308 2381 2373 rium,
2417 2313 2484 2365 ut
2514 2307 2577 2364 in
2609 2306 2754 2365 vitis
2784 2309 3031 2366 Patrum
3063 2311 3439 2370 continetur.
3477 2313 3540 2370 In
3586 2314 3704 2372 hoc
3734 2315 3840 2373 de-

2191 2412 2357 2464 serto
2391 2411 2483 2463 est
2522 2407 2696 2463 locus
2733 2408 2849 2463 sub
2889 2406 3189 2466 altissima
3218 2414 3280 2467 et
3318 2412 3629 2479 artissima
3659 2427 3838 2485 rupe,

2192 2518 2317 2576 quo
2354 2509 2602 2561 sanctus
2642 2503 2947 2561 Antonius
2984 2505 3265 2578 degebat,
3309 2514 3369 2565 et
3409 2524 3485 2566 ex
3529 2510 3635 2567 illa
3685 2524 3839 2582 rupe

2191 2602 2527 2659 fonticulus
2582 2601 2776 2657 eﬂluit
2823 2602 2897 2658 ad
2956 2603 3349 2675 semijactum
3408 2606 3637 2678 lapidis
3690 2620 3841 2665 cur-

2195 2714 2334 2755 rens
2383 2699 2444 2756 in
2488 2699 2801 2769 sabulum,
2852 2705 2918 2756 ut
2967 2714 3127 2772 aqua
3172 2701 3360 2759 ﬂuida
3403 2704 3608 2761 nivem
3656 2704 3844 2763 intrat

2191 2804 2251 2853 et
2293 2796 2455 2853 ultra
2499 2810 2620 2852 non
2674 2803 2953 2868 apparet.
3006 2798 3175 2855 Idem
3235 2799 3406 2858 locus
3462 2817 3495 2857 a
3552 2802 3843 2874 plurimis

2191 2910 2374 2952 causa
2416 2893 2767 2951 devotionis
2811 2900 2870 2951 et
2908 2895 3338 2955 delectationis
3384 2899 3687 2965 visitatur,
3744 2907 3842 2958 at—

2190 3006 2312 3064 que
2354 2991 2540 3048 etiam
2590 3005 2701 3062 per
2729 2992 2990 3061 gratiam
3043 2993 3144 3050 Dei
3193 3001 3253 3052 et
3301 2995 3605 3055 honorem
3645 2998 3840 3057 sancti

2190 3088 2438 3147 Antonii
2490 3088 2721 3145 multae
2773 3088 3164 3148 inﬁrmitates
3215 3106 3289 3150 ex
3349 3093 3486 3165 ipso
3532 3094 3699 3152 fonte
3735 3111 3839 3153 sa-

2188 3195 2415 3243 nantur
2454 3193 2513 3242 et
2564 3186 2872 3256 fugantur.
2910 3186 3059 3242 Nam
3100 3188 3236 3245 eius
3282 3190 3659 3261 specialibus
3689 3206 3839 3264 pre-

2186 3283 2367 3340 cibus
2424 3297 2497 3339 ex
2556 3297 2711 3354 rupe
2768 3283 3045 3341 creditur
3104 3284 3437 3344 fonticulus
3506 3288 3835 3362 eﬂ‘luxisse,

2186 3381 2356 3453 quod
2406 3380 2591 3437 etiam
2621 3378 2774 3436 bene
2809 3386 2993 3451 patet,
3045 3384 3192 3453 quia
3242 3399 3363 3442 non
3405 3385 3649 3444 videtur
3698 3386 3838 3459 plus

2185 3478 2456 3547 ﬂuxisse,
2509 3491 2697 3548 quam
2739 3477 2813 3533 ad
2864 3479 3181 3536 modicum
3216 3482 3550 3540 habitaculi
3601 3483 3721 3555 sui,
3775 3488 3835 3542 et

2186 3574 2505 3632 hortulum
2554 3589 2734 3631 suum
2786 3575 3071 3647 irrigasse
3126 3574 3235 3651 (7).
3304 3600 3325 3630 ι

2267 3672 2515 3730 Macarii
2563 3672 2847 3745 Aegyptii
2903 3675 3351 3732 monasterium
3410 3677 3474 3733 in
3521 3676 3696 3736 Scete
3747 3681 3832 3738 si-

2181 3777 2315 3829 tum
2373 3792 2392 3822 ι
2443 3785 2552 3843 per
2595 3770 2720 3827 diei
2780 3777 2839 3828 et
2892 3772 3090 3828 noctis
3133 3773 3249 3829 iter
3290 3794 3309 3827 ι
3358 3788 3391 3830 a
3422 3774 3616 3832 Nitria
3645 3777 3832 3835 dista-

2181 3870 2307 3935 bat,
2360 3872 2427 3925 ut
2483 3868 2673 3925 refert
2726 3866 2996 3939 scriptor
3050 3866 3196 3925 libri
3246 3871 3502 3928 secundi
3544 3871 3826 3933 Vitarum

2180 3964 2457 4037 Patrum,
2518 3980 2672 4037 quas
2731 3964 2929 4022 edidit
2986 3966 3349 4025 Rosweidus
3404 3966 3542 4045 (8);
3598 3970 3828 4030 Nitriae

2178 4063 2485 4122 montium
2544 4063 2921 4120 monasteria
2984 4064 3345 4124 fundaverat
3395 4066 3459 4125 S.
3533 4068 3820 4137 Ammon,

2175 4162 2282 4233 qui
2330 4162 2663 4232 superstite
2712 4161 2900 4217 etiam
2932 4161 2997 4218 S.
3062 4163 3326 4221 Antonio
3374 4164 3545 4222 diem
3591 4180 3822 4239 supre—

407 4267 580 4325 sterii
616 4262 965 4327 afﬁrmavit,
1003 4262 1065 4317 in
1098 4260 1272 4317 Scete
1302 4266 1361 4317 et
1393 4261 1455 4316 in
1482 4262 1711 4320 Nitriae
1744 4265 2063 4323 montibus
2175 4274 2348 4317 mum
2416 4260 2574 4317 obiit
2641 4258 2752 4333 (9),
2826 4259 3115 4331 ideoque,
3190 4262 3355 4333 quod
3424 4263 3585 4321 infra
3652 4269 3820 4337 pate-

405 4367 494 4421 tot
540 4362 692 4419 olim
727 4360 1031 4417 exstitisse
1078 4358 1475 4425 monasteria,
1510 4366 1661 4431 quot
1690 4376 1886 4419 annus
1924 4363 2060 4420 dies
2172 4358 2283 4425 bit,
2372 4358 2671 4415 Macarios
2744 4362 2990 4414 nostros
3075 4362 3274 4415 aetate
3358 4360 3817 4434 aliquantulum

401 4467 711 4525 numeret;
771 4458 985 4529 idque,
1036 4457 1089 4514 si
1144 4470 1300 4522 rem,
1363 4470 1485 4513 non
1544 4458 1731 4515 verba
1789 4466 2051 4533 spectas,
2087 4503 2131 4557 Β
2166 4457 2523 4530 praecessit.
2558 4455 2668 4513 Ille
2698 4468 2845 4513 vero
2892 4454 3086 4521 locus,
3135 4456 3243 4514 ubi
3287 4460 3444 4516 alter
3485 4460 3808 4534 Macarius,

398 4574 542 4619 cum
591 4556 788 4615 variis
829 4554 1033 4628 quarti
1076 4560 1138 4611 et
1173 4554 1377 4626 quinti
1431 4556 1661 4613 saeculi
1705 4560 2051 4618 enarratio-
2087 4552 2121 4557 ⁷
2166 4554 2620 4614 Alexandrinus
2721 4552 3213 4625 cognominatus,
3314 4557 3422 4628 qui
3534 4560 3814 4632 aequalis

464 4828 540 4899 (l)
585 4821 973 4881 Tischendorf
1012 4821 1050 4877 l.
1115 4821 1159 4878 l.
1216 4840 1233 4893 ;
1300 4824 1361 4878 G.
1421 4823 1743 4881 Wilkinson
1808 4830 2045 4888 Modern
2159 4827 2525 4885 Wandslebii
2561 4825 3020 4895 descriptionem
3064 4825 3561 4883 monasteriorum
3603 4828 3806 4885 codice

391 4919 593 4988 Egypt
622 4914 743 4970 and
790 4911 1017 4967 Thebes
1076 4911 1209 4965 1843
1264 4911 1389 4966 Vol.
1452 4916 1469 4966 l
1515 4928 1568 4983 p.
1625 4918 1726 4969 382
1768 4933 1898 4990 sqq.
2157 4918 2398 4974 arabico
2428 4916 2667 4987 antiquo
2699 4914 3081 4983 desumptam
3124 4913 3181 4966 in
3218 4913 3369 4969 libro
3410 4916 3502 4969 cui
3552 4915 3801 4972 titulus:

459 5005 536 5077 (2)
585 4999 976 5058 Tischendorf
1007 4998 1045 5053 1-
1102 5000 1139 5053 1-
1184 5015 1242 5070 ρ.
1300 5001 1417 5054 123.
2158 5007 2375 5063 Paulus
2404 5004 2758 5074 Sammlung
2797 5002 2902 5057 der
2932 5000 3469 5071 merkwurdigsten
3502 5004 3711 5060 Reisen
3742 5006 3801 5061 in

458 5094 536 5166 (3)
568 5092 839 5148 Cassian.
872 5088 1012 5145 Coll.
1046 5088 1145 5143 XV
1191 5103 1326 5160 cap.
1361 5093 1413 5155 3,
1450 5092 1717 5147 Cassiani
1759 5095 1906 5166 Opp.
1943 5099 2034 5153 ed.
2151 5097 2268 5152 den
2300 5095 2578 5151 OrientT.
2613 5093 2681 5147 lll
2714 5107 2770 5162 p.
2818 5094 2918 5145 255
2952 5106 3087 5161 sqq.

382 5183 668 5239 Gazaeus.
710 5179 868 5250 Lips.
906 5177 1043 5231 I733
1075 5192 1133 5247 p.
1165 5175 1289 5241 468,
1323 5178 1510 5248 Mlgne
1545 5181 1754 5236 Patrol.
1787 5184 1846 5237 Τ.
1879 5185 2032 5245 XLIX
2220 5185 2297 5255 (7)
2329 5181 2580 5249 Ludolii,
2612 5179 2856 5235 rectoris
2887 5177 3173 5232 ecclesiae
3205 5178 3563 5249 parochialis
3596 5180 3657 5235 in
3690 5181 3801 5237 Su-

380 5288 437 5345 p.
494 5272 617 5328 995.
2145 5273 2340 5337 ehem,
2376 5273 2448 5327 de
2476 5271 2685 5326 itinere
2721 5272 2913 5323 terrae
2952 5270 3196 5323 sanctae
3232 5266 3401 5323 liber.
3432 5269 3593 5323 Nach
3638 5269 3796 5326 allen

452 5362 528 5433 (4)
585 5356 833 5413 Historia
889 5355 1180 5410 Lausiaca
1219 5354 1461 5411 Palladii
1513 5359 1795 5415 Macarios
1837 5367 2027 5436 Aegy.
2144 5360 2599 5418 Handschriften
2628 5356 2937 5425 berichtigt
2967 5356 3456 5426 herausgegeben
3487 5372 3608 5413 von
3636 5356 3704 5412 Dr
3732 5360 3793 5415 F.

376 5452 569 5523 ptium
595 5445 1127 5503 etAlexandrinum
1162 5451 1335 5499 vocat
1367 5452 1594 5515 γενναί
1632 5468 1740 5511 ους
1774 5449 2025 5525 ἄνδρας

2190 5451 2354 5523 eyks.
2385 5450 2673 5520 Stuttgart
2699 5447 2831 5502 1851
2869 5460 2928 5515 p.
2964 5446 3025 5499 61
3065 5459 3158 5516 sq.

372 5544 481 5592 καὶ
514 5538 1097 5607 ἀκαταγωνίστους
1137 5533 1433 5595 ἀθλητάς.
1464 5536 1714 5594 Cf.infra
1743 5543 2017 5612 CaputII.

2208 5542 2285 5612 (8)
2319 5541 2424 5595 νγ.
2476 5542 2575 5594 PP.
2605 5536 2699 5592 ed.
2735 5539 2930 5591 Bosw.
2959 5534 3069 5591 lib.
3116 5534 3159 5587 II
3188 5549 3327 5607 cap.
3362 5538 3428 5590 29
3463 5533 3567 5591 Ed.
3614 5537 3786 5594 Antv.

443 5630 518 5701 (5)
550 5624 939 5683 Tischendorf
964 5623 1005 5679 I.
1038 5623 1075 5679 l.
1198 5626 1348 5723 112⁸1..
1433 5713 1452 5723 Α
1486 5714 1497 5723 “

2188 5632 2271 5687 528
2297 5645 2355 5701 p.
2382 5630 2509 5693 481,
2541 5633 2588 5683 1.
2621 5625 2705 5681 Cf.
2736 5624 2893 5679 intra
2917 5627 3101 5695 Caput
3121 5625 3209 5723 μζ.
3389 5712 3421 5723 η
3490 5714 3524 5723 Δ
3728 5674 3731 5679 ,

437 5718 517 5793 (6)
564 5715 716 5773 Patri
757 5713 1022 5781 Sicardo,
1065 5712 1452 5770 Tischendorf
1483 5714 1522 5769 l.
1565 5720 1610 5774 l.
1667 5733 1727 5789 p.
1763 5720 1898 5776 117.
1940 5723 2038 5794 Cf,
2199 5721 2277 5794 (9)
2348 5718 2483 5775 Vita
2533 5717 2591 5771 S.
2666 5714 2921 5781 Antonii,
2993 5714 3047 5772 5.
3098 5712 3427 5771 Athanasii
3485 5714 3645 5786 Opp.
3682 5713 3784 5774 ed.
