4092 6256
237 291 270 343 5
1846 284 2062 346 vna.
3620 303 3655 360 6

230 415 528 488 Aegyptio
578 414 717 480 fuit,
746 414 1026 480 sedebat,
1071 415 1154 471 ob
1203 415 1573 472 cellularum
1616 415 1702 471 ibi
1756 413 1886 470 dis—
1921 421 1963 473 Α
2001 428 2140 472 rum
2179 416 2551 487 saepissime
2596 419 2953 490 utebantur,
2983 421 3068 482 ita
3098 425 3376 500 quidem,
3423 436 3491 490 ut
3528 433 3648 503 sol,

231 527 558 586 persarum
634 511 1102 569 multitudinem
1178 513 1371 570 Gellia
1448 527 1556 570 seu
1612 511 1884 570 Cellulae

227 612 691 675 nominabatur,
785 624 945 681 quae
1017 609 1238 667 eodem
1309 610 1416 666 illo
1478 615 1731 667 auctore
1798 609 1891 667 di-

228 711 470 766 stabant
509 708 727 765 decem
774 707 900 764 fere
933 706 1224 764 milliaria
1275 722 1308 762 a
1354 707 1547 763 Nitria
1592 707 1654 763 in
1706 707 1890 763 inter-

227 807 395 864 riore
467 806 712 861 deserto
774 805 894 880 (1).
970 804 1140 862 Unde
1206 803 1546 874 colligitur,
1631 805 1890 860 Alexan-

228 904 392 961 drini
483 902 953 966 habitationem,
1039 902 1179 958 licet
1266 902 1460 958 Nitria
1535 901 1596 958 in
1683 900 1887 958 medio

228 1002 556 1072 utriusque
599 999 795 1071 posita
852 1005 1033 1060 esset.
1082 1005 1248 1056 certe
1283 999 1452 1056 haud
1499 999 1767 1056 multum
1809 997 1888 1054 ab

233 1098 485 1170 Aegypti
576 1096 968 1154 monasteriis
1018 1102 1323 1153 remotam
1410 1096 1627 1154 fuisse.
1699 1095 1888 1152 Tanta

228 1200 433 1253 autem
506 1195 668 1251 fama
735 1195 1004 1252 duorum
1057 1194 1468 1251 Macariorum
1533 1199 1665 1250 erat
1727 1193 1889 1249 inter

227 1293 396 1350 illius
440 1292 711 1363 regionis
742 1291 988 1359 fratres,
1049 1298 1113 1348 ut
1142 1291 1348 1348 eidem
1401 1291 1639 1348 auctori
1683 1296 1888 1362 patres

227 1389 484 1463 quidam
541 1390 603 1446 in
636 1389 844 1446 Celliis
877 1395 1224 1450 narrarent.
1281 1389 1438 1445 duos
1483 1388 1544 1445 in
1575 1386 1730 1444 locis
1757 1386 1888 1444 istis

229 1487 528 1545 Macarios
591 1509 616 1537 «
699 1487 876 1558 quasi
937 1487 1060 1543 duo
1146 1486 1302 1543 caeli
1387 1485 1624 1543 lumina
1702 1484 1888 1542 reful-

225 1588 379 1644 sisse
437 1586 550 1657 (2).
595 1605 621 1637 υ
666 1591 725 1641 et
779 1583 1107 1651 Palladius,
1141 1583 1247 1654 qui
1278 1599 1401 1640 una
1432 1598 1575 1640 cum
1625 1581 1888 1639 Macario

232 1684 651 1742 Alexandrino
701 1688 828 1740 tres
871 1695 1065 1739 annos
1110 1680 1496 1738 habitaverat
1548 1681 1610 1737 in
1654 1679 1885 1750 Celliis,

229 1783 483 1839 illorum
518 1781 734 1838 laudes
789 1779 1065 1836 referens
1122 1779 1420 1850 singulari
1473 1779 1745 1850 quadam
1799 1778 1889 1834 in-

226 1879 618 1937 troductione
665 1893 824 1949 opus
883 1875 1003 1934 sibi
1065 1891 1199 1933 esse
1262 1880 1528 1947 putaret,
1606 1892 1671 1931 ne
1728 1879 1888 1931 tanta

226 1993 476 2032 narrans
559 1972 790 2032 mentiri
872 1971 1158 2029 videretur
1230 1973 1332 2048 (3).
1425 1974 1593 2030 Vitae
1660 1973 1889 2030 severi-

225 2081 318 2133 tas
349 2089 543 2147 paene
590 2072 979 2132 incredibilis
1034 2079 1165 2130 tum
1207 2072 1268 2128 in
1297 2072 1648 2129 innumeris
1695 2073 1889 2143 Aegy-

233 2172 320 2244 pti
347 2171 742 2230 monasteriis
771 2170 1035 2242 vigebat,
1099 2171 1154 2242 4
1217 2183 1343 2240 quo
1373 2169 1696 2226 referenda
1746 2172 1890 2225 sunt

229 2270 449 2326 crebra
479 2274 538 2324 et
570 2268 747 2338 longa
783 2266 1016 2323 ieiunia
1071 2263 1185 2340 (4),
1241 2267 1448 2323 omnis
1501 2267 1627 2324 fere
1685 2265 1890 2323 carnis

231 2365 604 2423 abstinentia
630 2364 740 2437 (5),
784 2363 1029 2435 vigiliae
1080 2362 1190 2438 (6),
1253 2363 1552 2422 habitatio
1597 2364 1659 2420 in
1699 2362 1892 2421 cellu-

234 2465 332 2532 lis,
382 2465 445 2519 in
498 2462 731 2534 quibus
779 2461 880 2516 vix
934 2467 1174 2532 poterat
1221 2477 1451 2533 corpus
1503 2462 1738 2519 moveri
1772 2459 1880 2535 (7),

234 2567 292 2618 et
342 2561 482 2631 alia,
543 2573 701 2631 quae
770 2559 1027 2616 duriora
1087 2560 1148 2616 in
1191 2559 1555 2616 monasterii
1609 2557 1887 2616 exerceri

235 2659 541 2715 solebant.
605 2658 650 2712 A
709 2657 1030 2714 monachis
1060 2657 1122 2714 in
1176 2657 1569 2714 monasteriis
1617 2655 1892 2728 degenti-

238 2756 351 2813 bus
408 2754 827 2826 distinguendi
877 2760 1021 2812 sunt
1082 2754 1406 2820 eremitae,
1469 2754 1574 2825 qui
1634 2752 1891 2810 maioris

234 2853 578 2924 spiritualis
626 2852 1023 2924 perfectionis
1075 2852 1291 2923 gratia,
1349 2853 1574 2909 abbate
1629 2865 1890 2909 consen-

236 2951 444 3016 tiente,
476 2951 538 3008 in
587 2949 952 3007 interiorem
994 2948 1399 3006 solitudinem
1427 2964 1491 3006 se
1550 2949 1885 3017 abdebant,

236 3049 340 3106 ubi
377 3063 630 3120 parvam
687 3048 910 3104 cellam
971 3046 1390 3104 inhabitantes
1441 3047 1702 3120 singulis
1759 3046 1887 3104 die-

233 3145 348 3203 bus
417 3159 643 3218 aquam
699 3160 732 3200 e
802 3144 1182 3202 monasterio
1227 3145 1479 3200 missam
1528 3158 1670 3201 cum
1731 3157 1887 3215 pane
1928 3125 1967 3178 (ἶ

229 3245 620 3314 recipiebant
651 3240 738 3317 (8)
773 3264 786 3309 ;
821 3256 1290 3314 nonnumquam
1346 3255 1493 3299 vero
1545 3248 1605 3298 et
1637 3242 1754 3311 ipsi
1801 3241 1887 3298 lo-

229 3355 374 3398 cum
436 3354 744 3412 aquosum
793 3339 914 3395 sibi
958 3339 1288 3410 eligebant,
1319 3352 1445 3410 quo
1493 3343 1776 3396 sererent
1826 3341 1887 3395 et

231 3452 462 3509 panem
515 3453 624 3495 sua
676 3451 862 3493 manu
898 3435 1272 3494 conﬁcerent
1341 3438 1451 3509 (9).
1495 3436 1612 3493 Sed
1661 3436 1886 3493 eremi-

227 3537 352 3593 tica
385 3536 508 3593 vita
538 3536 725 3594 etiam
783 3535 1038 3592 abbates
1086 3540 1190 3591 aut
1247 3549 1426 3592 senes
1474 3533 1883 3592 monasterio-

227 3703 446 3758 Bened.
476 3701 688 3756 Patavii
717 3702 848 3753 l777
880 3700 940 3752 T.
967 3700 997 3770 l,
1022 3700 1083 3752 Ρ.
1115 3698 1158 3752 Il
1192 3714 1250 3769 p.
1286 3703 1386 3752 672
1418 3703 1571 3769 (cap.
1606 3698 1693 3768 60)
1723 3713 1736 3763 ;
1769 3698 1880 3752 VV.

225 3792 326 3845 PP.
371 3793 562 3845 Rosw.
609 3807 666 3860 p.
721 3794 864 3853 5|,l
921 3789 1081 3858 (cap.
1129 3791 1238 3855 32).
1305 3789 1427 3842 Vita
1475 3790 1529 3844 8.
1578 3785 1882 3843 Pachomii

222 3895 362 3950 cap.
408 3881 458 3942 1,
492 3879 607 3935 VV.
648 3879 749 3932 PP.
779 3879 973 3932 Rosw.
1010 3893 1068 3947 p.
1107 3877 1225 3940 113,
1260 3880 1314 3930 2.

299 3968 380 4038 (1)
405 3967 514 4020 VV.
551 3970 649 4020 PP.
687 3967 880 4021 Rosw.
923 3966 1025 4020 lib.
1061 3967 1104 4018 lI
1143 3981 1255 4036 cap
1286 3969 1353 4019 22
1386 3979 1443 4035 p.
1485 3967 1612 4028 478,
1651 3964 1700 4017 1.

299 4058 378 4126 (2)
406 4056 516 4110 VV.
553 4058 653 4110 PP.
696 4055 881 4109 Rosw.
924 4054 1024 4108 lib.
1056 4055 1100 4107 II
1135 4069 1266 4124 cap.
1300 4055 1367 4107 28
1396 4069 1453 4123 p.
1498 4055 1620 4117 479,
1649 4057 1705 4111 2.

297 4147 376 4215 (3)
403 4145 548 4199 Hist.
596 4147 807 4213 Laus.;
845 4143 923 4200 ci.
961 4142 1114 4198 infra
1155 4145 1342 4213 Caput
1374 4142 1441 4196 ll.

299 4234 378 4304 (4)
434 4233 540 4288 Alii
584 4237 737 4304 post,
778 4232 1207 4303 quinquedies,
1242 4231 1337 4286 alii
1381 4235 1516 4302 post
1559 4230 1736 4295 duos,
1787 4229 1884 4285 alii

217 4328 368 4395 post
400 4331 536 4391 tres,
562 4322 661 4377 alii
704 4321 889 4375 semel
917 4325 1148 4376 tantum
1180 4321 1240 4374 in
1268 4319 1652 4376 hebdomade
1679 4334 1883 4375 come-

213 4411 463 4475 derunt,
506 4411 601 4465 alii
633 4409 1045 4465 hebdomades
1097 4409 1358 4478 integras
1404 4409 1761 4464 ieiunarunt.
1799 4407 1878 4464 Cf.

2000 527 2066 568 se
2116 512 2177 568 in
2235 512 2455 570 cellam
2511 517 2889 575 monasterio
2941 519 3208 578 vicinam
3273 525 3646 599 reciperent,

2001 609 2165 680 quod
2221 610 2478 681 quidem
2558 613 2635 670 de
2704 614 2769 672 8.
2848 617 3114 676 Antonio
3181 618 3334 696 (10),
3383 625 3649 688 Macario

2003 707 2305 778 Aegyptio
2347 705 2500 783 (11),
2551 710 2695 768 aliis
2752 712 3017 771 relatum
3071 716 3354 789 legimus.
3417 720 3652 783 Eremi-

2000 809 2202 861 tarum
2259 805 2527 878 denique
2592 810 2984 869 severitatem
3050 814 3409 887 longissime
3467 836 3653 895 supe-

1999 903 2220 959 rabant
2293 905 2700 963 anachoretae
2784 906 2933 984 (12),
2995 911 3126 982 qui,
3197 929 3650 988 saepenumero

1999 1005 2189 1057 totam
2217 1015 2412 1072 paene
2447 1003 2633 1060 vitam
2678 1005 2740 1062 in
2786 1005 3085 1065 interiore
3128 1010 3465 1074 solitudine
3517 1017 3651 1076 sine

2003 1094 2053 1165 5
2101 1097 2224 1154 ulla
2280 1097 2553 1156 hominis
2614 1115 2735 1173 ope
2783 1102 3095 1178 degentes,
3179 1123 3291 1181 per
3344 1113 3652 1187 quinqua-

1997 1193 2167 1264 ginta
2192 1209 2376 1266 saepe
2417 1211 2610 1254 annos
2654 1202 2714 1254 et
2765 1200 3038 1272 amplius
3088 1204 3319 1265 nullius
3377 1208 3652 1270 hominis

2001 1292 2237 1349 vultum
2283 1293 2736 1366 adspiciebant,
2771 1297 3110 1366 radicibus,
3160 1304 3388 1374 pomis,
3435 1308 3653 1367 herbis

2000 1395 2333 1446 vescentes.
2401 1390 2521 1449 Nec
2594 1393 2725 1450 sine
2811 1395 3122 1470 voluptate
3206 1401 3652 1464 fervescentem

1997 1485 2147 1544 solis
2195 1487 2428 1559 ignem,
2479 1489 2613 1546 sitis
2643 1491 2962 1560 ardorem,
3019 1495 3535 1574 defectumaquae
3589 1504 3654 1560 in

1999 1583 2303 1641 honorem
2381 1585 2604 1644 Christi
2663 1588 2966 1648 ferebant.
3022 1593 3478 1669 Nonnunquam
3526 1599 3654 1659 via-

1998 1685 2118 1750 tor,
2177 1682 2494 1741 desertum
2551 1699 2904 1758 peragrans.
2962 1697 3102 1749 ante
3161 1694 3448 1765 ipsorum
3519 1697 3655 1756 obi-

1930 1771 2131 1835 Btum
2201 1779 2378 1850 quasi
2437 1796 2473 1837 a
2524 1782 2642 1840 Deo
2702 1787 2927 1844 missus
2981 1793 3484 1867 superveniebat,
3544 1797 3652 1868 qui

2000 1875 2200 1933 nudos
2253 1891 2360 1934 eos
2420 1879 2745 1951 longisque
2803 1884 3052 1954 capillis
3113 1887 3177 1944 in
3229 1904 3497 1962 corpore
3544 1895 3656 1952 ob-

1999 1977 2191 2030 tectos
2244 1974 2306 2031 in
2355 1975 2573 2032 ultima
2623 1978 2775 2035 hora
2831 1981 3146 2040 reﬁciebat
3177 1990 3236 2043 et
3275 1983 3533 2048 honesto
3564 1994 3658 2049 tu-

2001 2069 2173 2126 mulo
2223 2071 2566 2142 sepeliebat
2619 2068 2779 2150 (13).
2847 2074 3093 2136 Fratres
3137 2087 3343 2140 autem
3410 2086 3474 2143 in
3527 2102 3658 2147 mo-

2000 2168 2286 2226 nasteriis
2315 2184 2565 2241 semper
2618 2173 2802 2230 nudis
2849 2176 3114 2246 pedibus
3163 2185 3223 2236 et
3277 2183 3515 2242 baculis
3558 2185 3658 2244 in-

2000 2265 2178 2322 nixos
2221 2266 2567 2334 incessisse,
2601 2277 2787 2341 caput
2826 2274 3074 2333 cucullo
3116 2276 3408 2338 indutum
3434 2285 3494 2339 et
3546 2283 3657 2342 hu-

2001 2377 2210 2421 meros
2259 2365 2594 2436 scapulari,
2666 2382 2894 2440 corpus
2965 2387 3120 2430 zona
3197 2375 3471 2436 cinctum
3553 2381 3659 2439 ha-

2002 2461 2236 2532 buisse,
2285 2462 2541 2534 insuper
2582 2464 2876 2524 melotem
2911 2468 2957 2524 i.
3014 2485 3067 2528 e.
3122 2472 3371 2531 ovinam
3428 2473 3657 2548 pellem

1999 2559 2280 2630 gessisse,
2329 2561 2494 2632 apud
2554 2561 2880 2635 Evagrium
2926 2563 3075 2642 (14),
3121 2569 3482 2631 Cassianum
3527 2571 3656 2651 (15)

2000 2661 2060 2712 et
2088 2655 2149 2713 in
2184 2656 2333 2714 Vitis
2388 2658 2634 2716 Patrum
2667 2661 2962 2722 editionis
3039 2664 3510 2730 Rosweidianae
3557 2687 3659 2732 co-

2003 2753 2360 2824 piosissime
2391 2761 2708 2814 narratur.

2079 2848 2192 2924 g3.
2229 2851 2583 2911 Solitariam
2632 2856 2694 2912 in
2744 2857 3016 2931 Aegypto
3061 2862 3249 2920 vitam
3291 2867 3496 2937 quarti
3526 2883 3658 2926 sae-

1999 2949 2123 3006 culi
2156 2955 2236 3014 et,
2282 2965 2408 3021 quo
2454 2951 2602 3010 inde
2650 2954 2769 3012 late
2827 2955 3053 3015 ditfusa
3106 2965 3220 3033 est,
3251 2962 3316 3019 in
3373 2963 3552 3036 Syria
3601 2972 3660 3024 et

2002 3046 2339 3105 Palaestina
2405 3048 2661 3108 uberius
2731 3051 3109 3128 describere,
3171 3059 3250 3115 ab
3330 3060 3448 3119 hoc
3521 3063 3658 3123 loco

1997 3144 2276 3201 alienum
2331 3150 2440 3203 est.
2511 3147 2877 3220 Quanquam
2948 3152 3101 3211 haec
3183 3169 3380 3226 pauca
3440 3159 3661 3219 adiun-

1997 3241 2194 3313 genda
2257 3243 2572 3301 duximus.
2623 3246 2799 3304 Pater
2855 3251 3253 3309 monachicae
3321 3254 3656 3318 institutio-

1998 3338 2094 3396 nis
2144 3339 2204 3396 in
2237 3341 2513 3412 Aegypto
2569 3342 2627 3400 S.
2671 3344 2970 3404 Antonius
2999 3361 3259 3421 magnus
3302 3353 3456 3424 fuit;
3511 3371 3656 3415 nam

2001 3455 2030 3490 ί(
2104 3437 2370 3496 necdum
2430 3436 2594 3515 (ante
2636 3439 2807 3518 eum]
2881 3449 3006 3502 tam
3059 3449 3282 3506 crebra
3339 3458 3512 3511 erant
3590 3455 3654 3512 in

1998 3535 2274 3607 Aegypto
2362 3539 2758 3604 monasteria,
2843 3555 3047 3614 neque
3149 3547 3410 3607 omnino
3485 3551 3656 3623 quis-

1998 3713 2053 3768 p.
2089 3699 2209 3753 190.
2246 3697 2329 3753 Cf.
2361 3700 2465 3755 Vit.
2494 3703 2549 3757 S.
2573 3703 2830 3770 Antonii,
2876 3706 2929 3759 S.
2950 3707 3166 3762 Athan.
3200 3710 3349 3780 Opp.
3378 3710 3417 3765 l.
3450 3711 3488 3767 l.
3513 3728 3648 3785 cap.

1995 3790 2080 3851 50,
2113 3790 2217 3840 VV.
2239 3788 2345 3841 PP.
2375 3791 2571 3844 Rosw.
2622 3806 2754 3862 cap.
2795 3795 2880 3863 24,
2921 3793 3010 3848 25.

2065 3876 2138 3946 (9)
2171 3877 2254 3932 lta
2287 3877 2340 3930 S.
2375 3879 2684 3942 Antonius,
2741 3881 2872 3938 Vita
2922 3883 2976 3937 S.
3011 3884 3271 3951 Antonii,
3315 3889 3374 3943 S.
3430 3890 3644 3948 Athan.

1995 3963 2144 4034 Opp.
2196 3965 2235 4022 l.
2267 3965 2305 4019 l.
2360 3981 2418 4036 p.
2450 3966 2552 4022 665
2586 3967 2741 4040 (cap.
2778 3970 2890 4040 50),
2917 3971 3028 4026 VV.
3063 3973 3167 4028 PP.
3205 3977 3390 4032 Rosw.
3442 3993 3502 4049 p.
3557 3983 3647 4048 48,

1993 4056 2026 4106 2
2056 4053 2211 4123 (cap.
2236 4054 2345 4124 25).

2066 4143 2181 4212 (10)
2223 4144 2348 4198 Vita
2378 4144 2436 4197 S.
2462 4145 2723 4213 Antonii,
2760 4147 2816 4201 S.
2852 4147 3073 4218 Athan,
3107 4150 3282 4222 Opp..
3305 4153 3343 4208 l.
3377 4154 3414 4209 l.
3454 4171 3511 4226 p.
3545 4158 3648 4211 662

1995 4231 2150 4301 (cap.
2183 4233 2292 4301 45),
2319 4233 2435 4288 VV.
2477 4235 2576 4286 PP.
2607 4235 2799 4290 Rosw.
2826 4251 2885 4307 p.
2917 4237 3006 4304 47,
3036 4240 3068 4290 2
3091 4238 3249 4310 (cap.
3281 4242 3396 4312 22).

2066 4319 2178 4387 (11)
2206 4317 2286 4373 Cf.
2323 4319 2477 4376 infra
2504 4322 2694 4392 Caput
2731 4323 2800 4376 ll.

2067 4409 2178 4477 (12)
2208 4429 2234 4456 «
2277 4409 2556 4464 Habitant
2607 4409 2876 4484 plerique
2905 4413 2963 4467 in
3009 4429 3209 4472 eremo
3242 4418 3368 4474 sine
3400 4419 3533 4475 ullis
3565 4425 3650 4478 ta-

215 4501 520 4556 Bosweidi
562 4499 822 4554 Iudicem
875 4513 1075 4554 rerum
1124 4499 1187 4552 in
1244 4499 1393 4554 vitas
1440 4498 1690 4554 Patrum
1743 4514 1790 4551 s.
1823 4513 1880 4551 v.
1918 4477 1962 4530 Π
1993 4495 2353 4557 bernaculis,
2387 4513 2542 4567 quos
2584 4477 2976 4556 anachoretas
3008 4510 3258 4568 vocant;
3290 4508 3496 4564 vivunt
3520 4509 3650 4566 her-

215 4590 540 4646 ieiunium.

295 4679 378 4749 (5)
432 4696 459 4726 ‹‹
511 4681 584 4731 De
626 4676 908 4731 carnibus
955 4690 1092 4729 vero
1139 4679 1196 4730 et
1244 4674 1388 4730 vino
1437 4680 1631 4730 tacere
1672 4675 1884 4730 melius

213 4774 371 4839 puto
397 4781 582 4836 quam
602 4764 938 4835 quidquam
953 4763 1165 4832 dicere,
1182 4763 1430 4834 quando
1451 4778 1558 4818 nec
1571 4764 1735 4835 apud
1760 4763 1882 4834 plu-

212 4857 411 4911 rimos
450 4854 694 4925 quidem
723 4853 1159 4907 monachorum
1181 4852 1518 4908 istiusmodi
1549 4852 1776 4924 aliquid
1798 4868 1883 4908 re-

207 4945 505 5018 periatur.
542 4963 568 4993 »
615 4942 740 4997 Vita
774 4941 1110 5008 S.Autonii,
1142 4942 1199 4996 S.
1237 4941 1450 4996 Athan.
1488 4940 1638 5013 Opp.
1675 4942 1716 4996 Ι.
1745 4942 1788 4996 Ι.
1823 4956 1881 5012 ρ.

211 5033 324 5090 638
360 5034 518 5102 (cap.
555 5033 632 5101 7),
665 5030 773 5085 VV.
808 5031 919 5084 PP.
952 5032 1150 5085 Rosw.
1183 5045 1242 5101 p.
1275 5032 1418 5095 38,1
1452 5030 1707 5102 (cap.6).

287 5123 372 5193 (6)
431 5121 672 5188 Vigiliae
703 5125 762 5175 et
792 5127 1120 5174 nocturnae
1145 5120 1447 5174 orationes
1488 5121 1652 5191 apud
1683 5134 1884 5175 mona-

207 5212 365 5268 chos
408 5209 802 5264 creberrimae
832 5214 1020 5264 erant.
1082 5207 1162 5262 Cf.
1211 5209 1507 5264 Rosweidi
1551 5209 1811 5264 Iudicem
1835 5225 1881 5262 s.

212 5319 272 5356 γ.
312 5299 586 5368 vigiliae.

289 5390 373 5459 (7)
403 5386 604 5442 Talem
625 5385 903 5441 cellulam
932 5384 1288 5441 inhabitavit
1318 5386 1612 5442 Macarius
1640 5385 1886 5442 Alexan-

211 5477 461 5535 drinus.
494 5473 575 5528 Cf.
609 5475 760 5529 infra
801 5475 989 5544 Caput
1011 5474 1101 5528 ill.

288 5566 374 5638 (8)
409 5562 705 5634 Sulpicius
735 5564 985 5618 Severus
1021 5562 1193 5632 Dial.,
1236 5579 1370 5634 cap.
1434 5564 1520 5629 10,
1577 5563 1884 5620 Gallaudii

215 5654 382 5713 Bibl.
416 5651 526 5708 PP.
552 5652 618 5706 T.
662 5651 780 5708 vui
836 5667 896 5723 p.
944 5651 1362 5724 405,2,ligne
1392 5651 1607 5712 Patrol.
1661 5653 1722 5706 T.
1777 5651 1876 5708 xx

1992 4585 2210 4640 barum
2237 4585 2564 4652 radicibus,
2608 4587 2772 4642 nullo
2815 4605 3083 4662 unquam
3121 4599 3278 4649 certo
3305 4594 3438 4652 loco
3459 4600 3650 4653 cousi-

1994 4678 2178 4737 stunt,
2213 4689 2285 4728 ne
2317 4673 2394 4730 ab
2441 4675 2788 4731 hominibus
2814 4677 3295 4749 frequententur;
3329 4701 3481 4756 quas
3531 4703 3649 4742 nox

1994 4763 2268 4832 coegerit,
2302 4762 2474 4818 sedes
2505 4764 2748 4820 habent.
2779 4787 2806 4818 »
2840 4767 3001 4838 Sulp.
3039 4770 3235 4826 Sever.
3263 4772 3408 4829 Dial.
3451 4778 3471 4829 l
3513 4790 3645 4848 cap.

1999 4856 2060 4906 15
2087 4851 2300 4921 (Rosw.
2337 4850 2375 4905 l.
2419 4850 2458 4904 l.
2483 4867 2541 4922 p.
2574 4855 2698 4918 540,
2724 4855 2799 4925 2).

2067 4942 2177 5010 (13)
2232 4939 2358 4994 Vita
2403 4941 2716 5012 Ouuphrii,
2780 4945 2890 4999 VV.
2931 4943 3028 4998 PP.
3077 4948 3268 5003 Rosw.
3299 4965 3358 5018 p.
3413 4953 3480 5006 99
3513 4967 3650 5025 sqq.

1992 5029 2072 5083 De
2098 5028 2423 5083 coenobitis
2453 5035 2508 5084 et
2538 5033 2916 5087 anachoretis
2966 5035 3038 5088 cf.
3075 5036 3133 5090 S.
3165 5037 3398 5093 Hieron.
3428 5055 3524 5110 ep.
3560 5045 3651 5106 22,

1995 5118 2145 5188 Opp.
2181 5118 2272 5171 ed.
2304 5119 2491 5187 Migne
2530 5120 2591 5175 T.
2621 5120 2640 5172 Ι
2674 5118 2912 5191 [PatroL
2947 5124 3005 5176 T.
3065 5126 3225 5196 XXII]
3270 5143 3327 5196 p.
3375 5130 3480 5183 419
3516 5144 3653 5202 sqq.

1997 5206 2263 5262 Cassian.
2308 5206 2446 5261 Coll.
2476 5207 2637 5261 XVIII
2683 5225 2817 5279 cap.
2847 5213 2879 5264 4
2911 5227 3044 5283 sqq.
3074 5214 3224 5284 Opp.
3259 5215 3354 5271 ed.
3387 5217 3649 5274 Gazaeus

1996 5311 2054 5367 p.
2089 5296 2190 5349 516
2214 5309 2373 5366 sqq.,
2400 5296 2588 5364 Migne
2618 5296 2833 5352 Patrol.
2867 5299 2926 5352 T.
2961 5300 3125 5356 XLIX
3167 5318 3224 5372 p.
3272 5303 3437 5360 1093.

2069 5384 2179 5454 (14)
2212 5386 2271 5436 lu
2300 5384 2473 5448 libro,
2507 5384 2611 5456 qui
2662 5385 2982 5455 inscriptus
3013 5394 3100 5443 est
3139 5392 3354 5460 Capita
3377 5395 3656 5463 practica

1995 5472 2076 5530 ad
2103 5472 2472 5529 Anatolium.
2503 5472 2775 5528 Galland.
2806 5474 3066 5530 Bibl.PP.
3099 5479 3276 5532 T.Vil
3311 5496 3369 5552 p.
3397 5484 3495 5537 553
3519 5498 3656 5555 sqq.

2067 5562 2176 5634 (l5)
2212 5561 2293 5616 Cf.
2316 5561 2390 5616 de
2411 5561 2849 5617 coenobiorum
2882 5562 3164 5618 institutis
3194 5565 3300 5622 lib.
3334 5570 3354 5623 l
3397 5569 3662 5625 Cassiani

1997 5652 2149 5723 Opp.
2178 5649 2274 5706 ed.
2317 5650 2580 5708 Gazaeus
2600 5664 2660 5721 p.
2685 5648 2718 5702 4
2762 5661 2927 5718 sqq.,
2957 5651 3150 5719 Migne
3179 5651 3223 5707 l.
3258 5653 3298 5709 1.
3334 5671 3394 5726 p.
3425 5659 3489 5710 59
3522 5671 3656 5729 sqq.
