4092 6256
421 357 453 410 7
1275 335 1378 393 SS.
1423 322 1912 389 MACARIORUM
1969 316 2301 375 AEGYPTII
2338 315 2425 371 ET
2465 311 2959 369 ALEXANDRINI
3795 300 3832 351 8

401 494 607 556 quam
677 474 878 534 aviam
943 464 1348 529 solitudinem
1426 461 1705 520 noverat,
1767 452 1874 509 sed
1921 449 2066 521 qui-
2096 443 2144 497 A
2179 444 2369 509 dicas,
2406 456 2635 500 novum
2683 438 2999 512 quoddam
3054 432 3341 506 martyrii
3384 442 3600 503 genus,
3632 425 3825 499 quod.

1551 555 1555 556 ,
1751 553 1758 556 .
1852 549 1860 556 .
2514 541 2553 556 -,
2623 541 2897 556 -_-_J_____
2957 535 3334 556 _-..I_-_.a-a...~.
3409 530 3560 556 “nunc
3603 526 3825 556 Annnpa

406 549 665 650 cunque
695 575 757 630 in
813 568 1041 629 Christi
1097 559 1391 623 servitute
1442 555 1696 613 sibimet
1749 549 1866 620 ipsi
1928 560 2070 618 pro-

421 648 599 735 desse
625 670 939 743 cupiebat,
1001 678 1123 721 non
1158 662 1335 730 longe
1387 673 1421 712 a
1464 668 1573 711 sua
1631 648 1839 705 villula
1898 657 2070 715 sepa-

421 779 592 833 ratus
646 741 1082 827 iiistituebatur
1130 757 1240 835 (1).
1279 775 1308 810 »
1338 753 1397 811 S.
1436 749 1739 809 Antonius
1770 758 1935 808 vero,
1994 741 2071 797 li-

420 877 520 932 cet
569 869 691 926 vita
734 866 870 923 eius
908 863 1137 920 multos
1190 858 1395 928 patres
1425 849 1501 907 ad
1532 844 1943 904 imitationem
1976 838 2071 894 in-

424 964 856 1034 ﬂammaverit,
901 966 961 1017 et
1002 953 1301 1013 «cunctis
1329 950 1405 1006 ad
1465 941 1837 1004 imitandum
1885 949 2073 1009 prae-

423 1067 592 1126 clare
622 1059 943 1136 proposita
1002 1052 1088 1130 (2)
1143 1074 1171 1103 »
1206 1060 1433 1107 novum
1475 1043 1651 1101 illum
1701 1038 1777 1095 ad
1828 1046 2073 1092 eremos

426 1133 800 1223 concursum
830 1154 1099 1213 multum
1147 1142 1552 1220 promoverit,
1606 1134 1867 1194 minime
1909 1133 2073 1188 hunc

426 1260 795 1320 interiorem
849 1249 1049 1325 gentis
1115 1242 1453 1315 Aegyptiae
1518 1234 1877 1306 religiosum
1930 1226 2074 1288 ani-

428 1359 517 1418 mi
548 1367 796 1415 sensum
844 1356 1080 1407 temere
1126 1337 1500 1416 procreavit,
1523 1344 1742 1390 verum
1792 1334 2075 1396 tempora

429 1456 537 1514 illa
596 1448 855 1525 Aegypti
910 1444 985 1501 ad
1057 1448 1113 1516 6
1162 1440 1349 1495 vitam
1405 1427 1834 1490 monachicam
1887 1435 2075 1494 quam

429 1521 706 1612 maxime
724 1521 738 1525 ⁷
781 1541 1189 1602 inclinabant.
1276 1550 1313 1589 (ς
1386 1533 1521 1588 Post
1580 1521 2076 1598 persecutionem

431 1644 792 1710 Diocletiani
831 1648 890 1699 et
933 1632 1287 1697 Maximiani
1318 1626 1673 1687 crudelium
1720 1618 2076 1693 principum

430 1744 767 1808 multitudo
822 1737 1097 1812 gentium
1166 1728 1253 1807 [in
1335 1716 1732 1794 monasteria]
1801 1714 2072 1779 intravit,

431 1852 493 1905 et
561 1840 906 1901 fecunditas
987 1830 1293 1890 Ecclesiae
1366 1825 1599 1881 fructus
1656 1814 2078 1886 amplissimos

429 1943 636 2015 coepit
696 1937 995 1995 exhibere
1046 1925 1164 2005 (3).
1200 1944 1235 1982 ν»
1307 1923 1457 1980 Nam
1517 1938 1545 1968 «
1590 1912 2077 1979 considerantes,

398 2013 643 2114 qui—de
679 2033 966 2107 gentibus
1023 2028 1087 2084 in
1144 2022 1387 2082 Christo
1438 2013 1855 2074 crediderant,
1913 2020 2079 2063 mar-

430 2144 641 2211 tyrum
705 2129 1047 2203 passiones,
1133 2128 1482 2187 eorumque
1550 2110 1867 2168 sincerum
1915 2104 2079 2161 circa

431 2234 746 2295 Christum
793 2219 1204 2284 confessionis
1257 2215 1570 2281 affectum,
1625 2208 1970 2276 coeperunt
2023 2204 2084 2256 et

432 2333 553 2406 ipsi
634 2342 746 2402 per
818 2323 1081 2397 gratiam
1168 2311 1411 2373 Domini
1466 2309 1833 2367 Sanctorum
1894 2299 2083 2356 vitam

434 2423 1095 2491 conversationemque
1156 2408 1402 2475 sectari,
1489 2409 1549 2463 et
1599 2401 1786 2460 huius
1842 2396 2081 2455 institu-

432 2527 624 2588 tionis
652 2536 807 2591 esse,
843 2523 910 2576 ut
955 2515 1144 2573 etiam
1202 2511 1300 2567 his
1348 2504 1501 2562 illud
1556 2502 1876 2572 aptaretur
1928 2495 2084 2565 Apo-

435 2623 578 2685 stoli
639 2638 651 2677 :
723 2614 1185 2678 Circumierunt
1242 2608 1303 2663 in
1364 2600 1601 2664 meloti,
1665 2597 1727 2653 in
1816 2591 2087 2666 pellibus

436 2720 733 2795 caprinis,
784 2719 1051 2788 egentes,
1133 2701 1488 2778 augustiati,
1563 2694 1794 2760 aﬂlicti,
1856 2690 2087 2763 quibus

439 2836 564 2880 non
592 2821 725 2876 erat
776 2813 997 2885 dignus
1027 2806 1318 2871 mundus,
1379 2801 1439 2856 in
1489 2789 1934 2854 solitudinibus
1986 2799 2088 2843 er-

442 2922 648 2977 rantes
689 2917 752 2971 et
802 2906 1143 2975 montibus,
1219 2901 1282 2957 in
1334 2892 1651 2968 speluncis
1703 2892 1762 2945 et
1809 2882 2090 2944 cavernis

441 3022 647 3076 terrae
674 3009 790 3086 (li).
843 3026 873 3061 υ
901 3004 1085 3063 Vides
1128 2997 1406 3057 studium
1455 2986 1764 3060 martyrii,
1798 2985 2090 3041 timorem

446 3114 573 3180 Dei,
631 3115 817 3181 atque
857 3116 1075 3162 curam
1135 3108 1317 3155 verae
1372 3089 1587 3149 salutis
1631 3086 1877 3142 animae
1926 3078 2093 3136 viros

444 3213 590 3271 illos
630 3210 695 3267 in
725 3216 1010 3264 eremum
1066 3194 1379 3264 eduxisse,
1409 3190 1474 3246 in
1513 3200 1636 3258 qua
1662 3184 1850 3239 vitam
1876 3179 1939 3235 in
1975 3178 2092 3233 Deo

445 3309 811 3369 collocatam
854 3300 1150 3358 viverent,
1206 3296 1265 3347 et
1330 3290 1531 3345 morte
1584 3296 1698 3354 pro
1748 3276 1991 3335 Christo
2032 3272 2094 3329 in

452 3397 992 3480 persecutionibus
1064 3386 1388 3448 subeunda
1454 3395 1578 3438 non
1646 3374 1879 3448 dignati
1933 3383 2097 3428 nunc

450 3479 573 3562 sibi
622 3498 741 3573 ipsi
795 3501 857 3553 et
921 3488 1155 3549 mundo
1206 3485 1624 3543 morerentur,
1687 3479 1754 3531 ut
1809 3482 2101 3539 exsurge-

451 3605 591 3661 rent
632 3565 695 3655 in
743 3592 1006 3652 Christo.
1068 3578 1581 3641 Anachoreticam
1637 3578 1697 3629 et
1748 3565 2099 3627 solitariam

453 3696 659 3773 quarti
717 3688 947 3751 saeculi
1002 3685 1191 3742 vitam
1243 3675 1672 3737 continuatum
1727 3662 2098 3736 martyrium

525 3868 603 3939 (1)
638 3865 763 3919 Vita
794 3863 849 3916 S.
891 3852 1150 3916 Antonii,
1185 3852 1240 3905 S.
1276 3847 1500 3905 Athan.
1545 3842 1696 3910 Opp.
1752 3836 1789 3939 l.
1823 3836 1855 3889 ι.
1895 3849 1960 3904 p.
1997 3832 2102 3885 631

421 3926 610 4031 (capi.
644 3957 719 4023 3),
760 3952 866 4005 VV.
924 3948 1023 4000 PP.
1049 3945 1241 3997 Rosw.
1276 3952 1334 4008 p.
1370 3936 1457 3999 36,
1492 3926 1815 4031 2‘(cap;n3).

418 4058 427 4069 .
454 4015 470 4031 ‘
523 4015 754 4119 (ἐργίέει
805 4041 860 4094 s,
904 4028 1210 4089 Pachomii
1263 4040 1394 4095 cap.
1430 4024 1484 4091 1,
1516 4019 1622 4074 VV.
1657 4017 1761 4070 PP.
1813 4015 2004 4067 Hosw.
2039 4025 2101 4079 p.

455 4138 575 4201 H3,
608 4136 661 4188 2.

522 4226 603 4299 (3)
626 4220 777 4278 lbid.
808 4232 869 4289 p.
915 4215 1035 4279 114,
1076 4213 1130 4265 1.

519 4280 599 4383 (‘a'
638 4280 870 4374 Prolog.
903 4304 964 4356 in
981 4300 1171 4353 Vitam
1204 4296 1259 4349 s.
1294 4285 1621 4349 Pachomii,
1643 4282 1785 4338 ibid.
1810 4296 1867 4351 p.
1900 4280 2099 4383 413,4.

640 4367 967 4456 Revelatur,
1040 4380 1442 4455 Paphnutium
1488 4372 1800 4429 sanctitate
1845 4367 2100 4422 similem

449 4458 1047 4561 esse’symphoniaco
1068 4473 1330 4533 cuidam,
1346 4467 1451 4539 qui
1469 4468 1526 4520 in
1543 4466 1668 4518 vico
1682 4458 1947 4532 quodam
1964 4471 2099 4510 can-
2135 4485 2177 4538 Β

447 4544 613 4640 tandi
639 4544 769 4634 arte
794 4574 1012 4625 victum
1036 4559 1381 4636 quaerebat.
1406 4553 1670 4609 Eundem
1714 4547 2007 4603 revelatur
2028 4544 2101 4598 si-

446 4672 650 4730 milem
677 4677 803 4720 esse
835 4634 1175 4731 praeposito
1219 4649 1326 4702 vici
1355 4641 1675 4700 cuiusdam
1704 4638 1897 4691 vicini.
1936 4634 2099 4688 Idem

444 4758 755 4817 sanctitate
782 4722 999 4804 similis
1020 4740 1315 4797 iudicatur
1329 4728 1680 4803 negotiatori
1697 4722 2100 4781 Alexandrino

442 4846 647 4920 viginti
673 4838 934 4899 millibus
971 4830 1299 4887 solidorum
1332 4819 1724 4879 mercimonia
1774 4815 1964 4871 tribus
1993 4827 2098 4866 na-

442 4901 617 4996 alii}.
671 4926 957 4989 deferenti
1006 4938 1075 4977 ex
1101 4916 1419 4975 Thebaide.
1469 4912 1575 4967 vv.
1624 4909 1731 4961 rp.
1768 4908 1962 4960 Rosw.
1994 4901 2097 4956 iib.

444 5031 638 5097 llcap.
683 5025 746 5077 16
775 5036 832 5091 ρ.
861 5014 966 5070 473
1008 5023 1178 5081 sqq.;
1224 5005 1365 5059 Hist.
1400 5002 1573 5056 Laus.
1603 4997 1678 5051 ed
1701 4996 1913 5051 Meurs.
1964 5005 2097 5060 cap.

713 5080 807 5165 46..
870 5080 1121 5161 Macario
1152 5111 1268 5151 vox
1328 5091 1423 5147 Dei
1456 5107 1470 5145 :
1505 5105 1540 5144 a
1566 5084 1798 5147 Macari,
1826 5102 1854 5133 »
1884 5080 2097 5150 inquit,

442 5226 471 5259 ε(
503 5203 764 5262 necdum
791 5196 868 5252 ad
894 5200 1240 5248 mensuram
1270 5184 1529 5238 duarum
1554 5174 1873 5231 mulierum
1898 5183 2102 5240 perve-

439 5295 601 5360 nisti,
640 5296 796 5364 qu’ae
826 5288 883 5340 in
919 5280 1190 5355 proxima
1231 5272 1448 5345 pariter
1483 5266 1754 5364 habitant
1783 5261 2099 5364 civitate!»

887 5342 1019 5442 cap.
1053 5372 1116 5423 97
1147 5381 1205 5437 p.
1233 5342 1437 5430 ‘515,l.
1469 5354 1632 5411 Talia
1662 5366 1804 5411 vero
1826 5342 2104 5416 exempla

443 5475 502 5531 in
539 5469 653 5525 VV.
683 5469 795 5522 PP.
825 5454 1356 5519 multainveniunt.

512 5522 741 5631 (div.
778 5553 884 5609 PP.
922 5554 1122 5605 Bosw.
1160 5542 1261 5598 lib.
1304 5540 1346 5592 ιι
1372 5550 1511 5606 cap.
1550 5539 1579 5586 7
1606 5546 1664 5601 p.
1698 5528 1826 5628 161,
1855 5530 1887 5578 ~2
1918 5540 1931 5589 ;
1964 5522 2101 5575 Hist.

442 5616 617 5710 La‘us.
651 5645 746 5703 ed.
772 5646 977 5701 Meurs.
1006 5651 1139 5707 cap.
1188 5635 1273 5693 352,
1318 5630 1471 5699 Opp.
1502 5616 1736 5677 Meursii
1764 5630 1834 5670 ex
1867 5625 2081 5668 recens

318 5802 321 5805 ,
437 5707 683 5801 PLami
701 5731 1028 5795 Florentiae
1073 5726 1204 5782 1746
1234 5722 1302 5777 T.
1341 5712 1474 5771 VIII
1511 5727 1572 5784 p.
1611 5707 1742 5764 497.
1798 5728 1803 5731 η

2180 556 2307 614 quo
2370 541 2563 611 magis
2621 541 2901 611 ipsorum
2956 535 3338 593 voluntatem
3409 530 3564 585 Deus
3602 526 3835 583 ducere

2180 640 2539 710 dignaretur
2587 637 2663 694 ad
2734 636 2990 697 exitum,
3047 632 3162 703 ipsi
3219 629 3339 687 sibi
3400 623 3829 696 imponebant,

2182 753 2253 795 ac
2278 743 2572 808 tanquam
2627 733 2789 791 viam
2836 730 3273 804 perfectiorem
3326 723 3835 790 securioremque

2182 835 2300 892 sibi
2361 832 2691 904 eligebant,
2747 826 3131 886 saecularem
3174 826 3386 890 vitam,
3442 820 3502 876 id
3537 816 3706 891 quod
3735 814 3841 870 be-

2183 947 2261 990 ne
2285 932 2601 1000 observes,
2648 928 2905 986 minime
2954 924 3366 997 despicientes
3409 914 3521 994 (5).
3584 912 3668 970 Ex
3726 912 3835 968 illo

2183 1037 2391 1088 autem
2456 1028 2752 1084 interiore
2795 1031 3056 1089 tantum,
3112 1020 3280 1093 quod
3336 1014 3594 1088 spiritus
3659 1008 3839 1068 effer-

2185 1141 2436 1185 vescens
2490 1131 2809 1197 operatur,
2858 1120 3176 1179 desiderio
3230 1112 3571 1173 sanctitatis
3627 1120 3842 1165 exem-

2186 1227 2419 1298 ploque
2471 1239 2505 1279 a
2547 1222 2725 1279 δυηώ
2754 1236 2803 1277 ιε
2854 1218 3080 1276 sanctis
3125 1217 3201 1273 ad
3272 1208 3648 1270 imitandum
3690 1218 3837 1276 pro-

2188 1322 2389 1395 posito
2443 1320 2743 1391 explicari
2790 1320 3012 1389 potest,
3069 1312 3236 1386 quod
3311 1316 3437 1367 tota
3494 1303 3672 1379 quasi
3737 1302 3848 1358 Ae—

2187 1425 2410 1493 gyptus
2438 1413 2695 1482 senes7
2752 1414 2891 1472 illos
2945 1414 3004 1469 in
3048 1411 3299 1469 deserto
3358 1407 3437 1464 sit
3494 1407 3730 1471 secuta,
3784 1404 3845 1455 et

2189 1534 2311 1575 una
2358 1530 2500 1573 cum
2565 1515 2640 1571 iis
2714 1510 3144 1569 lubentissime
3217 1503 3601 1577 asperrimos
3687 1497 3847 1553 vitae

2189 1615 2436 1672 labores
2488 1612 2724 1681 tulerit,
2780 1608 2948 1681 quod
3027 1610 3164 1677 post
3238 1617 3345 1660 sex
3424 1600 3515 1656 vel
3606 1599 3845 1666 septem

2189 1710 2487 1770 decennia
2588 1708 2974 1766 vastissimae
3066 1700 3439 1760 solitudines
3534 1696 3842 1752 monaste-

2114 1793 2155 1847 Β
2192 1810 2302 1867 riis
2381 1806 2731 1878 sanctisque
2784 1803 2935 1861 viris
2988 1802 3070 1858 ita
3125 1799 3357 1856 fuerint
3412 1794 3699 1854 refertae,
3754 1792 3841 1851 ut.

2190 1906 2459 1979 «quanti
2510 1902 2724 1976 populi
2781 1901 3172 1959 habebantur
3232 1897 3295 1951 in
3363 1892 3658 1955 urbibus,
3713 1893 3845 1944 tan-

2189 2010 2287 2061 tae
2316 2018 2511 2073 paene
2560 2001 2622 2057 in
2663 1998 2923 2056 desertis
2972 1997 3352 2053 haberentur
3413 1985 3845 2045 multitudines

2192 2101 2643 2159 monachorum
2678 2094 2786 2171 (6),
2817 2114 2853 2153 »
2897 2094 3065 2166 quod
3124 2092 3197 2148 ad
3258 2086 3598 2147 horribiles
3652 2081 3847 2141 Scetis

2193 2196 2671 2269 locosepalatio
2725 2192 3020 2251 Arsenius
3080 2188 3187 2266 (7),
3236 2202 3269 2244 e
3330 2184 3626 2243 mollibus
3675 2178 3845 2238 aedi—

2195 2298 2311 2355 bus
2347 2296 2602 2353 iuvenes
2658 2299 2902 2349 tenerae
2933 2287 3149 2346 aetatis
3181 2284 3273 2363 (8)
3327 2283 3403 2341 ad
3446 2282 3694 2338 labores
3747 2275 3849 2333 vix

2194 2392 2480 2454 ferendos
2551 2388 3045 2463 properaverint,
3131 2383 3299 2457 quod
3390 2379 3585 2437 Nilria
3671 2388 3852 2432 mons

2193 2493 2469 2566 quinque
2530 2487 2809 2545 millibus
2879 2482 2987 2557 (9),
3055 2482 3228 2539 Scete
3296 2490 3519 2550 magno
3590 2485 3854 2531 numero

2152 2582 2155 2589 ’
2197 2589 2647 2648 monachorum
2680 2583 2830 2659 (l0),
2884 2582 3072 2641 Cellia
3122 2576 3469 2636 innumeris
3498 2571 3853 2630 abundave-

2196 2689 2320 2746 rint
2349 2684 2593 2744 cellulis
2634 2679 2785 2757 (ll),
2850 2680 3133 2751 regiones
3158 2676 3234 2732 ad
3275 2668 3611 2742 Memphim
3666 2672 3727 2724 et
3750 2667 3854 2723 Ba-

2198 2786 2488 2858 bylonem
2590 2780 2967 2852 pertinentes
3086 2772 3316 2845 ingenti
3397 2766 3852 2826 monachorum

2200 2880 2599 2941 multitudine
2655 2876 3005 2935 afﬂuxerint
3051 2871 3205 2947 (l2),
3249 2870 3416 2927 circa
3473 2865 3680 2923 Nilum
3740 2877 3854 2920 nu-

2201 2977 2624 3039 merosissima
2675 2980 3006 3046 conspecta
3068 2972 3192 3026 sint
3254 2961 3632 3023 monasteria
3698 2956 3850 3036 (l3).

2201 3078 2367 3152 quod
2399 3076 2701 3145 Serapion
2746 3072 2874 3129 fere
2913 3071 3126 3127 dcc:m
3171 3064 3368 3122 millia
3395 3060 3855 3119 monachorum

2134 3144 2173 3199 Ο
2204 3144 2437 3233 rexerit
2475 3170 2627 3247 (lli),
2684 3169 2852 3241 quod
2886 3168 2945 3224 in
2979 3161 3286 3222 Tabennis
3319 3156 3687 3217 Pachomius
3717 3168 3859 3227 per-

2203 3272 2499 3347 grandem
2540 3271 2800 3325 fratrum
2844 3263 3089 3336 copiam
3151 3259 3362 3332 regula
3409 3249 3854 3328 tenuerit(l5),

2206 3371 2423 3429 civitas
2460 3372 2667 3425 autem
2718 3360 3124 3435 Oxyrynchus
3169 3357 3231 3414 in
3277 3354 3589 3412 Thebaide
3636 3364 3861 3407 mona-

2207 3468 2344 3527 chis
2372 3465 2555 3523 fuerit
2600 3464 2971 3519 intrinsecus
3013 3464 3074 3515 et
3106 3455 3486 3513 extrinsecus
3518 3449 3754 3521 repleta
3800 3451 3862 3503 et

2209 3563 2615 3629 circumdata,
2646 3560 2780 3616 eius
2827 3557 3011 3613 aedes
3041 3551 3327 3626 publicae
3380 3564 3492 3606 nec
3540 3560 3663 3605 non
3706 3550 3861 3602 tem-

2213 3665 2315 3736 pla
2341 3660 2630 3732 antiquae
2659 3652 3118 3728 superstitionis
3143 3666 3177 3707 a
3201 3646 3521 3705 monachis
3557 3643 3864 3702 inhabita-

2280 3828 2357 3897 (7)
2394 3824 2580 3879 Index
2606 3818 2904 3876 Hosweidi
2937 3835 2982 3869 s.
3026 3832 3080 3868 v.
3115 3810 3429 3868 Arsenius.

2285 3893 2364 3985 (8‘)
2395 3915 2501 3967 vv.
2534 3912 2629 3964 PP.
2682 3912 2872 3964 Rosw.
2934 3905 3029 3959 lib.
3084 3903 3151 3956 v1
3181 3899 3356 3955 libell.
3420 3903 3471 3963 3,
3531 3898 3607 3965 2;
3662 3896 3764 3950 lib.
3795 3893 3861 3947 IlI

2212 4021 2371 4076 cap»
2392 4006 2508 4057 195.
2543 3999 2625 4056 Cf.
2657 3997 2808 4052 infra
2837 3996 3029 4064 Caput
3058 3992 3150 4045 VI.

2283 4094 2364 4163 (9)
2395 4091 2534 4147 Hist.
2568 4090 2743 4142 Laus.
2768 4085 2804 4139 l.
2853 4085 2887 4137 l.
2932 4098 3065 4151 cap.
3102 4084 3158 4135 8.
3188 4079 3386 4150 p.359.

2283 4181 2399 4252 (10)
2441 4178 2521 4234 Cf.
2551 4177 2703 4229 infra
2734 4174 2924 4243 Caput
2978 4169 3047 4223 II.

2285 4270 2397 4341 (ll)
2441 4268 2552 4321 VV.
2595 4264 2701 4318 PP.
2736 4265 2933 4317 Rosw.
2968 4258 3071 4313 lib.
3124 4255 3189 4308 lli
3243 4269 3383 4324 cap.
3423 4252 3491 4306 26
3529 4266 3586 4321 p.
3638 4252 3761 4315 501,
3796 4253 3862 4316 l;

2210 4359 2313 4415 lib.
2342 4356 2389 4410 II
2421 4369 2555 4425 cap.
2587 4354 2656 4407 22
2686 4367 2745 4422 p.
2773 4350 2898 4413 478,
2936 4353 2986 4401 1.
3340 4406 3343 4409 γ

2283 4446 2398 4516 (12)
2432 4443 2577 4498 lbid.
2610 4441 2717 4495 lib.
2757 4437 2803 4490 Il
2835 4452 2969 4506 cap.
3000 4435 3066 4489 18
3094 4451 3152 4504 ρ.
3180 4434 3304 4498 476,
3345 4434 3397 4486 1.

2188 4566 2191 4573 ·
2281 4513 2394 4608 (13)
2436 4532 2599 4602 Sulp.
2636 4532 2761 4585 Sev.
2788 4525 2935 4580 Dial.
2971 4525 2991 4577 Ι
3021 4539 3153 4593 cap.
3186 4524 3267 4585 10,
3302 4516 3670 4583 l7,Galland.
3726 4513 3866 4568 Bibl.

2211 4604 2319 4679 PP.
2362 4604 2420 4678 τ.
2453 4621 2569 4675 Vlll
2614 4634 2670 4689 p.
2708 4616 2829 4671 405.
2888 4613 3009 4675 407,
3062 4610 3249 4679 Migne
3291 4606 3507 4663 Patrol.
3538 4607 3600 4660 Τ.
3658 4604 3759 4657 xx
3810 4618 3867 4673 p.

2210 4716 2333 4780 190,
2372 4713 2492 4766 492..

2282 4801 2393 4872 (14)
2420 4800 2524 4853 VV.
2558 4796 2661 4850 PP.
2709 4794 2907 4849 liosw.
2971 4790 3072 4844 lib.
3116 4787 3163 4841 Il
3204 4801 3339 4855 cap.
3398 4786 3461 4839 18
3510 4799 3569 4854 p.
3614 4782 3740 4846 476,
3791 4787 3808 4835 1
3852 4797 3866 4846 ;

2208 4868 2557 4945 nica'Laus.
2582 4899 2714 4955 cap.
2747 4883 2811 4935 77
2847 4882 2998 4951 Opp.
3030 4881 3236 4934 Meurs.
3262 4875 3299 4928 l.
3330 4873 3367 4926 1.
3394 4889 3448 4943 p.
3487 4872 3609 4926 537.
3648 4868 3869 4925 Codici-

2206 4981 2323 5036 bus
2345 4972 2912 5032 Vindobonensibus
2949 4968 3231 5023 Historiae
3249 4963 3578 5021 Lausiacae
3625 4961 3770 5015 nihil
3798 4958 3871 5013 de

2207 5067 2529 5139 Serapione
2563 5063 2915 5123 continetur,
2946 5057 3019 5111 cf.
3063 5054 3306 5111 Palladii
3338 5052 3657 5106 Historiam
3722 5049 3873 5103 Lau-

2206 5159 2424 5216 siacam
2446 5155 2525 5210 ad
2538 5152 2757 5208 codicis
2783 5144 3244 5204 Vindobonensis
3256 5142 3432 5209 ﬁdem
3453 5155 3489 5195 a
3504 5137 3670 5193 nobis
3690 5134 3873 5191 brevi-

2210 5254 2294 5305 ter
2307 5246 2687 5306 delineatam,
2702 5237 2859 5294 infra
2871 5237 3009 5292 huic
3050 5237 3291 5289 nostrae
3313 5228 3561 5285 editioni
3580 5224 3869 5282 Historiae

2212 5335 2529 5393 Lausiacae
2581 5329 3012 5401 praepositam.

2284 5425 2396 5496 (15)
2430 5420 2629 5475 VitaS.
2666 5415 2992 5479 Pachomii,
3027 5411 3260 5467 VV.?P.
3293 5412 3486 5463 Rosw.
3526 5422 3582 5477 p.
3618 5405 3871 5474 ilquq.

2212 5515 2329 5570 VV.
2362 5512 2468 5565 Ρι).
2504 5511 2699 5564 Rosw.
2741 5505 2841 5560 lib.
2880 5503 2950 5557 ΙΙΙ
3001 5517 3136 5571 cap.
3170 5499 3237 5555 34
3268 5515 3281 5565 ;
3315 5498 3461 5551 Hist.
3516 5496 3689 5548 Laus.
3741 5506 3872 5562 cap.

2212 5604 2303 5669 39,
2352 5601 2502 5672 Opp.
2555 5599 2765 5653 Meurs.
2797 5594 2835 5647 l.
2868 5593 2907 5647 l.
2941 5607 2999 5663 p.
3027 5590 3153 5648 454.
3178 5584 3600 5643 Monasterium
3625 5594 3874 5653 quoque

2212 5668 2519 5764 virginum
2548 5688 2604 5743 S.
2628 5680 3183 5744 Pachomiussorori
3212 5691 3357 5733 suae
3388 5671 3697 5731 exstruxit.
3736 5668 3873 5727 Vita
