4092 6256
236 284 271 339 9
1860 279 2092 336 VITAE.

3581 292 3649 348 10

230 416 286 469 ta
316 412 460 479 sint,
494 416 554 470 et
578 427 691 485 per
706 417 897 471 totam
920 413 1091 470 illam
1122 410 1436 469 civitatem
1468 411 1664 469 multo
1696 411 1883 485 plura
1916 408 1961 460 A
1992 410 2262 483 ceditur,
2308 417 2369 469 et
2422 415 2919 474 extraordinaria
2965 422 3253 489 tempora
3297 432 3420 476 non
3476 419 3647 477 ordi-

225 510 624 578 monasteria,
655 525 841 583 quam
866 511 1089 567 domus
1118 509 1488 580 exstiterint,
1521 510 1601 567 ita
1633 515 1699 566 ut
1729 508 1881 566 urbs
1991 508 2187 565 nariis
2236 511 2476 567 normis
2518 511 2917 571 diiudicanda
2948 520 3110 573 sunt.
3165 515 3415 573 Simeon
3464 514 3647 588 Styli-

222 612 348 666 tota
377 624 499 667 una
546 609 805 667 ecclesia
850 624 983 667 esse
1017 608 1355 679 videretur,
1394 615 1579 679 atque
1633 608 1875 680 episco-

1989 610 2080 661 tes
2124 604 2203 680 (7)
2258 606 2389 671 ille,
2442 609 2549 680 qui
2582 613 2781 667 totum
2834 627 3027 683 paene
3080 614 3237 670 vitae
3291 618 3537 685 tempus
3581 614 3646 672 in

222 720 338 778 pus
369 707 486 764 loci
521 706 733 778 viginti
768 707 971 764 millia
998 705 1308 777 virginum
1342 712 1401 763 et
1431 705 1645 764 decem
1679 705 1878 763 millia
1986 702 2281 760 columna
2331 707 2548 776 stabat,
2598 712 2657 764 et
2707 710 2907 767 altero
2937 725 3094 782 genu
3148 716 3466 769 arescente
3510 726 3644 770 ver-

219 804 672 861 monachorum
727 800 785 870 8
831 803 984 861 inibi
1040 803 1319 860 habitare
1374 803 1709 860 affirmaret
1757 800 1869 878 (1).

214 901 300 958 Ex
354 901 600 959 interno
650 906 887 959 tantum
940 900 1222 972 martyrii
1270 915 1478 967 sensu,
1523 900 1630 971 qui
1682 904 1871 957 totam

219 996 564 1070 Aegyptum
608 998 1055 1065 inflammabat,
1088 1013 1164 1056 ex
1217 998 1511 1069 adspectu
1571 997 1866 1054 libidino-

214 1109 317 1153 sae
365 1110 707 1168 paucorum
764 1110 1144 1168 paganorum
1201 1096 1380 1162 vitae,
1433 1110 1506 1152 ex
1557 1094 1871 1153 desiderio

212 1197 526 1251 anteactae
585 1194 746 1252 vitae
800 1195 1115 1252 severiore
1171 1191 1504 1264 disciplina
1556 1191 1870 1263 corrigen-

209 1290 348 1360 dae,
385 1305 419 1346 e
466 1305 686 1348 senum
743 1291 1151 1348 eremitarum
1206 1290 1571 1361 constantia,
1625 1289 1867 1361 patien-

209 1386 315 1459 tia,
371 1387 711 1446 virtutibus
764 1387 1084 1445 miraculis
1132 1387 1233 1444 Dei
1282 1401 1401 1458 ope
1450 1386 1730 1459 patratis,
1776 1387 1867 1443 in-

205 1485 399 1557 telligi
445 1492 646 1558 potest
690 1486 795 1544 ille
834 1501 1171 1544 concursus
1212 1486 1289 1543 ad
1342 1484 1715 1544 monasteria
1765 1485 1866 1542 vi-

203 1586 427 1655 taeque
502 1583 820 1649 severitas,
896 1598 1054 1655 quae
1137 1583 1330 1640 nimia
1410 1597 1863 1654 saepenumero

201 1680 481 1754 cuipiam
526 1683 813 1740 videatur
843 1697 877 1739 e
920 1682 1157 1754 vulgari
1192 1696 1365 1740 more
1411 1683 1724 1754 modoque
1770 1681 1861 1739 iu-

1987 800 2319 872 mibusque
2388 817 2422 859 e
2484 818 2751 875 corpore
2818 806 3266 865 ebullientibus
3323 808 3385 865 in
3447 807 3643 867 altero

1983 911 2133 955 sano
2192 898 2514 959 insistebat
2582 904 2715 961 solo
2770 918 2882 976 per
2936 906 3209 978 integros
3266 906 3493 963 multos
3539 920 3641 963 an-

1983 1009 2115 1063 nos,
2168 998 2298 1067 qui,
2360 1013 2554 1069 quum
2604 1006 2800 1058 mater
2850 1002 3155 1060 clamaret
3206 1020 3218 1061 :
3270 1004 3445 1061 Pater
3496 1011 3639 1062 tuus

1980 1098 2236 1164 propter
2282 1100 2340 1151 te
2370 1095 2619 1154 tristitia
2651 1099 2968 1157 confectus
3019 1100 3303 1170 decessit,
3332 1116 3404 1158 ac
3455 1101 3637 1159 lacri-

1981 1204 2111 1246 mas
2170 1191 2578 1262 profunderet
2620 1197 3079 1264 acerbissimas,
3135 1198 3221 1255 ita
3266 1202 3335 1256 ut
3377 1202 3636 1256 testante

1978 1286 2310 1357 discipulo,
2382 1290 2490 1360 qui
2560 1291 2750 1349 vitam
2809 1292 2944 1351 eius
3000 1293 3354 1366 descripsit,
3415 1309 3634 1353 omnes

1973 1384 2082 1455 qui
2159 1386 2418 1444 aderant
2474 1388 2714 1461 flerent,
2773 1390 2911 1461 ipse
2968 1390 3245 1464 quidem.
3281 1409 3311 1445 «
3371 1391 3631 1450 audiens

1972 1495 2188 1539 vocem
2233 1485 2566 1554 genetricis
2613 1501 2759 1544 suae
2805 1487 3013 1560 posuit
3062 1488 3284 1546 faciem
3330 1503 3507 1547 suam
3562 1489 3629 1548 in

1973 1593 2192 1637 manus
2243 1597 2389 1639 suas
2444 1588 2504 1640 et
2558 1584 2827 1655 ploravit
2875 1600 3087 1643 amare
3139 1583 3252 1662 (8),
3314 1608 3341 1638 »
3392 1588 3501 1645 sed
3549 1587 3628 1644 de

1971 1679 2295 1749 proposito
2346 1694 2459 1737 suo
2515 1681 2840 1741 hominum
2891 1683 3053 1741 vires
3104 1684 3440 1743 excedente
3493 1698 3625 1743 mo-

199 1778 457 1846 dicanti,
508 1788 694 1852 atque
736 1779 962 1848 effecit,
1015 1784 1081 1837 ut
1137 1784 1400 1837 exeunte
1452 1783 1676 1851 quarto
1729 1792 1859 1835 sae-
1896 1756 1935 1809 Β
1969 1774 2096 1831 veri
2144 1790 2264 1833 non
2307 1781 2594 1847 poterat:
2634 1778 2760 1846 ille,
2813 1779 3093 1853 inquam,
3145 1781 3397 1839 Simeon
3441 1780 3625 1853 Styli-

199 1878 344 1936 culo
394 1877 703 1950 Aegyptus
755 1879 996 1935 cunctis
1050 1878 1235 1934 terris
1290 1877 1609 1949 religionis
1658 1876 1855 1934 facem

200 1974 586 2045 praetulerit.
652 1975 710 2033 S.
776 1975 1194 2046 Hieronymus
1246 1988 1281 2031 e
1341 1974 1663 2041 Dalmatia,
1738 1973 1855 2030 Ru-

201 2070 359 2129 ﬁnus
411 2086 484 2130 ex
539 2072 729 2144 ltalia,
780 2072 1097 2144 Sulpicius
1153 2071 1416 2129 Severus
1464 2086 1496 2127 e
1557 2069 1844 2138 Massilia,

200 2168 493 2242 Evagrius
562 2184 597 2226 e
662 2170 875 2239 Ponto,
939 2169 1247 2227 Palladius
1301 2184 1335 2226 e
1415 2167 1846 2227 Constantino-

191 2267 342 2337 poli,
403 2267 731 2325 Cassianus
787 2267 1021 2339 aliique
1079 2282 1113 2324 e
1188 2266 1544 2332 Palaestina,
1600 2265 1844 2323 nobiles

190 2364 308 2421 viri
375 2369 437 2422 et
494 2365 761 2422 feminae
831 2363 916 2439 (2)
972 2378 1006 2421 e
1062 2364 1253 2423 Roma
1316 2365 1659 2437 Aegyptum
1729 2378 1840 2435 pe-

189 2463 346 2528 tunt,
380 2467 448 2519 ut
492 2462 785 2533 adspectu
825 2468 884 2519 et
934 2460 1381 2519 consuetudine
1425 2475 1646 2518 senum
1705 2460 1839 2519 fru-

184 2562 317 2616 ctus
385 2558 657 2630 Spiritus
700 2560 890 2616 sancti
950 2559 1069 2616 sibi
1127 2560 1441 2631 colligant.
1506 2558 1593 2616 Ad
1649 2560 1832 2615 Fran-

180 2667 285 2713 cos
332 2652 422 2731 (3)
474 2671 670 2729 usque
718 2663 777 2712 et
826 2656 1009 2714 lndos
1063 2654 1148 2732 (li)
1201 2658 1362 2714 fama
1412 2657 1831 2725 curationum,

176 2765 332 2824 quas
403 2768 516 2828 per
587 2768 764 2811 senes
833 2754 987 2811 Deus
1067 2753 1395 2819 efﬁciebat,
1459 2755 1827 2825 penetravit.

177 2849 493 2922 Aegyptus
550 2865 742 2908 unum
792 2852 1270 2923 monasterium,
1301 2853 1480 2909 cuius
1532 2852 1694 2909 tiliae
1741 2866 1835 2907 es-

181 2953 317 3005 sent
367 2947 545 3019 Syria
598 2954 658 3005 et
715 2949 1053 3006 Palaestina
1109 2946 1222 3025 (ὅ),
1286 2964 1418 3005 esse
1474 2949 1826 3007 videbatur.

173 3044 362 3102 Tanta
418 3060 565 3102 vero
621 3046 784 3103 inter
836 3060 1056 3103 omnes
1109 3047 1449 3104 monachos
1502 3046 1833 3117 disciplina

171 3140 436 3214 vigebat,
477 3149 729 3216 tamque
776 3144 936 3202 mire
990 3144 1252 3215 luemvis
1293 3144 1575 3201 trahebat
1618 3145 1831 3202 senio-

171 3253 315 3297 rum
366 3242 750 3313 exemplum,
784 3247 849 3298 ut
896 3242 1022 3299 duo
1076 3241 1349 3307 iuvenes,
1406 3246 1657 3314 aegroto
1701 3257 1830 3299 ere-

171 3336 364 3394 mitae
396 3336 546 3394 ﬁcus
602 3339 845 3410 aliquot
880 3339 1211 3410 deportare
1258 3339 1435 3406 iussi,
1471 3353 1614 3397 cum
1655 3354 1688 3396 a
1731 3339 1831 3397 via

170 3435 588 3501 aberrassent,
650 3441 785 3507 post
838 3437 1167 3494 nonnullos
1214 3437 1347 3494 dies
1404 3437 1677 3494 defuncti
1740 3438 1828 3494 fa-

173 3546 277 3589 me
334 3531 762 3590 invenirentur
808 3534 869 3589 in
923 3534 1191 3600 deserto,
1252 3533 1496 3592 intactis
1556 3534 1821 3601 ﬁcubus,

165 3645 322 3702 quas
351 3636 605 3702 aegroto
658 3631 945 3688 tradituri
997 3632 1238 3689 fuerant
1278 3630 1385 3707 (6).
1424 3632 1480 3702 9
1511 3632 1639 3702 Qua
1679 3633 1827 3690 obe-

163 3727 400 3785 dientia
447 3728 752 3799 quosdam
807 3728 1063 3786 modum
1110 3730 1458 3787 severitatis
1486 3730 1826 3787 excessisse

165 3824 267 3881 vix
314 3824 524 3896 negari
558 3830 755 3897 potest
792 3843 804 3893 ;
849 3826 957 3883 sed
989 3840 1024 3883 e
1062 3826 1374 3884 contraria
1422 3831 1596 3898 parte
1636 3826 1823 3885 liber—

166 3922 310 3979 tatis
352 3928 538 3994 atque
586 3922 845 3981 inertiae
890 3923 1121 3981 modus
1165 3924 1363 3982 multo
1417 3923 1666 3996 saepius
1716 3939 1826 3982 ex-

167 4153 345 4207 Pacb.
381 4166 515 4223 cap.
558 4155 625 4207 28
666 4168 725 4223 p.
768 4152 887 4220 124,
926 4152 949 4204 1
1002 4169 1014 4219 ;
1064 4150 1136 4206 cf.
1188 4150 1327 4205 Hist.
1364 4150 1539 4205 Laus.
1581 4163 1710 4219 cap.
1756 4147 1826 4202 40

170 4257 330 4312 sqq.,
374 4240 517 4295 ibid.
558 4256 614 4312 p.
648 4241 752 4296 457
777 4255 914 4311 sqq.

236 4331 319 4401 (l)
349 4332 459 4387 VV.
487 4333 585 4384 PP.
620 4333 809 4385 Rosw.
844 4329 946 4384 lib.
979 4331 1016 4382 ll
1049 4345 1176 4398 cap.
1216 4332 1284 4393 5;
1322 4328 1639 4382 Paradisus
1670 4328 1820 4396 Opp.

1867 3100 1907 3153 C

1968 1876 2055 1929 tes
2094 1873 2244 1944 quid
2291 1888 2412 1932 non
2462 1877 2752 1948 exemplo
2805 1878 3149 1935 severitatis
3196 1893 3310 1936 suo
3364 1878 3616 1937 effecit!

1963 1976 2114 2039 quot
2184 1986 2456 2044 paganos
2511 1972 2781 2030 incultos
2841 1974 2959 2031 hoc
3019 1974 3301 2032 inaudito
3379 1978 3619 2047 specta-

1959 2064 2102 2123 culo
2147 2067 2391 2125 Christo
2434 2069 2708 2126 lucratus
2732 2071 2869 2127 est!
2918 2075 3148 2142 quanta
3196 2070 3469 2129 nominis
3518 2072 3618 2129 fa-

1957 2176 2058 2219 ma
2103 2178 2211 2235 per
2236 2170 2433 2223 totum
2480 2166 2998 2237 percrebrescens
3044 2166 3358 2225 Orientem
3389 2167 3611 2226 inﬁde-

1954 2259 2044 2318 les
2089 2264 2399 2321 concussit
2444 2266 2507 2320 et
2535 2260 2920 2321 Christianos
2950 2264 3397 2322 inﬂammavitl
3458 2265 3611 2324 Fru-

1950 2363 2085 2415 ctus
2110 2364 2316 2417 autem
2339 2374 2528 2432 quam
2555 2360 2781 2417 uberes
2804 2375 2837 2417 e
2870 2361 3215 2419 miserabili
3248 2361 3357 2419 illo
3386 2362 3608 2420 Orien-

1948 2453 2027 2510 tis
2083 2455 2158 2512 ad
2221 2456 2563 2528 angelicam
2622 2457 2808 2513 vitam
2878 2457 3087 2516 volatu
3145 2459 3209 2515 in
3268 2459 3603 2517 Ecclesiam

1949 2552 2378 2620 redundarint,
2458 2560 2519 2612 et
2596 2559 2961 2627 argumento
3037 2561 3179 2613 sunt
3251 2556 3457 2627 quarti
3542 2560 3601 2614 et

1946 2650 2146 2722 quinti
2208 2652 2438 2710 saeculi
2488 2654 2716 2718 Patres,
2777 2652 2885 2725 qui
2935 2659 3145 2711 sancto
3203 2654 3408 2712 studio
3465 2654 3600 2713 eius

1945 2749 2249 2820 temporis
2300 2748 2513 2807 nutriti
2577 2750 2652 2807 ad
2699 2750 3036 2808 maximam
3084 2750 3253 2809 illam
3312 2751 3598 2809 sanctita-

1945 2844 2022 2902 tis
2051 2850 2112 2902 et
2163 2846 2611 2919 magnitudinis
2654 2848 3003 2905 claritatem
3058 2848 3506 2922 evehebantur,
3539 2853 3599 2907 et

1943 2944 2273 3001 ostendunt
2346 2948 2552 3001 cetera
2638 2959 2797 3017 quae
2890 2950 3235 3017 sequuntur
3326 2946 3593 3011 saecula,

1943 3040 2175 3113 quibus
2228 3041 2593 3099 monachica
2646 3042 2771 3099 vita
2840 3042 2916 3099 ad
2978 3043 3395 3101 occidentales
3444 3057 3600 3117 quo-

1942 3152 2065 3210 que
2117 3138 2401 3210 regiones
2462 3139 2739 3196 accessit.
2799 3139 2865 3196 In
2924 3154 3078 3211 quas
3130 3155 3165 3197 e
3233 3140 3598 3200 monachica

1942 3236 2085 3305 vita,
2136 3236 2473 3308 praecipue
2524 3236 2667 3293 inde
2721 3252 2757 3293 a
2810 3240 3095 3309 tempore
3149 3238 3208 3295 S.
3255 3238 3592 3305 Benedicti,

1941 3333 2178 3391 fructus
2210 3333 2590 3391 redundasse
2617 3334 3060 3405 amplissimos,
3097 3349 3282 3394 nemo
3311 3339 3510 3408 negat.

2017 3432 2048 3503 §
2094 3433 2148 3489 4.
2206 3430 2323 3489 Sed
2378 3431 2776 3489 incommoda
2823 3446 3074 3504 quoque
3132 3447 3206 3489 ex
3256 3432 3595 3492 indiscrete

1939 3528 2332 3599 quorundam
2373 3532 2432 3585 et
2462 3529 2999 3599 superabundanti
3032 3529 3237 3587 studio
3270 3526 3359 3606 (9)
3391 3530 3596 3589 inter-

1938 3625 2087 3682 dum
2143 3639 2461 3682 emanasse
2508 3626 2824 3683 fatendum
2871 3631 2982 3683 est.
3026 3624 3137 3693 10
3186 3626 3366 3695 Quid,
3422 3629 3593 3700 quod

1937 3722 2057 3795 ipsi
2098 3723 2459 3782 fundatores
2501 3727 2561 3780 et
2609 3722 2800 3794 primi
2859 3723 3031 3781 illius
3078 3724 3237 3782 vitae
3281 3718 3587 3799 auctores,

1936 3835 2132 3893 quum
2208 3820 2423 3892 ingens
2503 3819 2830 3879 hominum
2903 3819 3239 3880 multitudo
3317 3822 3592 3882 cuiusvis

1936 3916 2151 3977 aetatis
2201 3918 2530 3991 omnisque
2601 3918 2761 3975 vitae
2818 3918 3198 3977 conditionis
3253 3924 3438 3992 atque
3489 3936 3592 3994 ge-

2006 4147 2083 4218 (5)
2140 4148 2195 4203 S.
2230 4146 2488 4201 Hilarion
2542 4146 2607 4216 (ᾧ
2655 4148 2797 4213 371),
2851 4146 2907 4201 S.
2940 4145 3181 4200 Antonii
3226 4144 3585 4216 discipulus,

1933 4235 2129 4305 prima
2155 4234 2519 4290 Palaestinae
2550 4238 2604 4287 et
2638 4231 2843 4303 Syriae
2873 4232 3241 4287 monasteria
3274 4232 3585 4287 exstruxit.

1933 4322 1997 4377 In
2039 4324 2207 4377 cuius
2247 4322 2363 4377 vita
2393 4322 2541 4377 haec
2573 4321 2853 4390 leguntur
2884 4337 2895 4374 :
2933 4342 2961 4369 ‹‹
2998 4319 3267 4376 Habebat
3300 4322 3586 4377 Dominus

164 4419 399 4475 Meursii
423 4421 481 4474 Τ.
510 4419 623 4473 VIII
651 4434 709 4489 p.
730 4421 870 4483 642;
901 4417 1085 4473 Codd.
1118 4416 1410 4471 Vindobb.
1448 4417 1586 4471 Hist.
1625 4418 1820 4481 Lans.,
1860 4452 1904 4505 Ι)
1931 4412 2101 4505 .lesus
2124 4411 2182 4465 in
2211 4415 2478 4505 Aegypto
2502 4425 2705 4505 senem
2736 4409 3079 4505 Antonium,
3104 4408 3588 4505 habebatinPa-

164 4509 237 4564 cf.
255 4508 502 4564 Palladii
536 4508 861 4563 Historiam
886 4508 1239 4561 Lausiacam
1261 4505 1341 4560 ad
1366 4505 1580 4559 codicis
1616 4505 1817 4559 Vindo-

165 4596 437 4652 bonensis
448 4597 623 4664 ﬁdem
637 4611 674 4651 α
687 4595 849 4650 nobis
865 4595 1117 4650 breviter
1129 4594 1487 4649 delineatam
1498 4593 1670 4659 ,infra
1685 4593 1821 4647 huic

160 4686 406 4741 editioni
426 4686 708 4739 Historiae
727 4686 1044 4738 Lausiacae
1062 4682 1461 4754 praepositam
1480 4700 1492 4736 :
1511 4682 1668 4736 edita
1682 4696 1821 4737 vero

162 4774 528 4845 exemplaria
550 4772 836 4827 Historiae
860 4773 1175 4827 Lausiacae
1201 4770 1274 4825 de
1298 4770 1660 4841 Oxyryncho
1682 4769 1822 4825 civi-

163 4868 279 4919 tate
320 4861 471 4917 nihil
496 4866 759 4916 narrant.
790 4860 868 4914 De
901 4858 1278 4914 monasteriis
1309 4857 1557 4913 civitatis
1585 4858 1818 4913 Antinoi

165 4951 225 5008 in
245 4950 551 5007 Thebaide
584 4950 730 5005 sitae
760 4948 830 5003 cf.
856 4949 995 5003 Hist.
1021 4951 1190 5003 Laus.
1217 4947 1311 5001 ed.
1336 4948 1543 5001 Meurs.
1576 4962 1709 5018 cap.
1730 4950 1818 5001 96.

236 5041 309 5112 (2)
362 5038 627 5099 Fabiola,
674 5037 874 5104 Paula,
910 5036 1202 5102 Marcella,
1235 5034 1406 5098 aliae,
1439 5050 1699 5107 quarum
1732 5034 1822 5089 vi-

164 5133 254 5186 tas
283 5132 339 5186 S.
395 5127 795 5199 Hieronymus
828 5124 1225 5196 pulcherrime
1272 5123 1538 5196 epistolis
1570 5122 1691 5177 suis
1726 5123 1823 5178 de-

164 5217 416 5289 scripsit.
457 5216 511 5270 S.
566 5216 797 5269 Hieron.
833 5214 980 5285 Opp.
1016 5212 1109 5267 ed.
1162 5214 1347 5281 Migne
1378 5213 1436 5267 T.
1490 5212 1530 5265 l.
1577 5210 1814 5282 [Patrol.

165 5305 497 5465 XX(§31)]'Vita
532 5393 588 5447 S.
645 5389 957 5446 Hilarionis
988 5403 1122 5460 cap.
1181 5393 1261 5454 17,
1305 5390 1413 5444 VV.
1466 5390 1564 5443 PP.
1622 5387 1822 5443 Rosw.

167 5497 206 5553 Ρ
235 5487 325 5641 (2?
341 5571 467 5628 Vita
500 5568 773 5625 Barlaam
805 5566 1087 5623 eremitae
1128 5582 1164 5622 a
1192 5568 1418 5622 Joanne
1452 5566 1825 5623 Damasceno

170 5660 510 5739 conscripta
534 5673 671 5731 cap.
715 5658 768 5727 1,
796 5657 905 5713 VV.
937 5656 1037 5713 PP.
1072 5657 1266 5719 Rosw.
1299 5670 1360 5729 p.
1393 5657 1520 5723 243,
1559 5655 1611 5708 1.

1932 4500 2187 4555 lacstina
2250 4499 2603 4554 Hilarionem
2665 4498 2979 4553 iuniorem.
3046 4519 3074 4550 »
3128 4499 3252 4553 Vita
3307 4497 3584 4554 Hilarion.

1932 4605 2063 4660 cap.
2106 4592 2185 4652 l0,
2222 4588 2329 4642 VV.
2364 4588 2461 4642 PP.
2499 4591 2687 4643 Rosw.
2725 4603 2784 4658 p.
2843 4590 2931 4652 78,
2979 4592 3025 4640 1.
3070 4586 3150 4640 De
3181 4586 3239 4640 S.
3290 4586 3587 4642 Hilarione

1932 4678 2005 4732 cf.
2042 4679 2273 4733 Sozom.
2317 4677 2457 4731 Hist.
2493 4676 2643 4731 Eccl.
2677 4676 2781 4732 lib.
2813 4676 2886 4730 IlI
2913 4690 3048 4746 cap.
3085 4678 3145 4729 14
3171 4674 3266 4729 ed.
3300 4675 3585 4730 Henricus

1934 4766 2195 4822 Valesius
2227 4783 2283 4837 p.
2327 4765 2430 4820 519
2454 4781 2610 4837 sqq.,
2638 4769 2694 4820 et
2723 4767 2866 4836 Epp.
2898 4764 2955 4819 S.
2992 4763 3228 4837 Hieron.

2003 4854 2080 4925 (6)
2114 4855 2379 4910 Cassian.
2412 4853 2515 4909 lib.
2548 4856 2592 4907 V
2638 4855 2712 4908 de
2762 4854 2907 4924 spir.
2958 4858 3144 4922 gastr.
3184 4866 3296 4923 cap
3344 4854 3433 4919 40,
3474 4852 3586 4907 VV.

1934 4945 2031 4998 PP.
2078 4945 2270 4997 Rosw.
2321 4960 2379 5013 p.
2424 4944 2544 5012 551,
2582 4947 2629 5007 1,
2662 4941 2933 4997 Cassiani
2991 4942 3141 5012 Opp.
3176 4940 3271 4995 ed.
3324 4940 3587 4997 Gazaeus

1934 5048 1997 5103 p.
2054 5035 2148 5086 103
2180 5047 2291 5102 sq.,
2320 5033 2507 5099 Migne
2548 5030 2762 5086 Patrol.
2796 5032 2862 5086 T.
2906 5030 3059 5084 XLIX
3090 5045 3149 5100 p.
3184 5029 3289 5083 263
3316 5043 3409 5100 sq.

2003 5120 2083 5192 (7)
2114 5122 2219 5173 VV.
2250 5120 2353 5173 PP.
2384 5122 2576 5174 Rosw.
2621 5135 2679 5189 p.
2713 5122 2812 5174 170
2844 5133 2977 5190 sqq.

2006 5208 2085 5280 (8)
2117 5208 2264 5264 Ibid.
2296 5224 2428 5278 cap.
2464 5212 2494 5263 8
2523 5224 2582 5279 p.
2616 5208 2741 5273 172,
2771 5206 2824 5259 2.

2001 5297 2078 5370 (9)
2106 5297 2228 5352 Huc
2256 5297 2547 5367 pertinent
2568 5295 2799 5361 Valens,
2816 5297 2985 5361 Hero,
3006 5292 3399 5358 Ptolemaeus,
3417 5292 3588 5361 virgo

1934 5386 2128 5457 lapsa,
2164 5387 2519 5455 Stephanus,
2550 5383 2890 5454 Eucarpius,
2921 5382 2995 5437 de
3022 5380 3242 5453 quibus
3269 5386 3472 5435 narrat
3501 5376 3595 5432 ΗῘὲ

1938 5476 2119 5531 storia
2164 5473 2459 5529 Lausiaca
2498 5474 2591 5527 ed.
2631 5474 2837 5527 Meurs.
2889 5485 3066 5540 capp.
3123 5467 3212 5521 32.
3249 5471 3337 5524 33.
3371 5468 3459 5520 34.
3501 5467 3593 5520 35.

1941 5568 2061 5620 105.
2114 5561 2273 5618 Alios
2325 5560 2587 5617 infelices
2648 5558 2978 5615 monachos
3016 5550 3590 5614 recenset‘Cassian.

1941 5651 2084 5712 Coll.
2114 5650 2182 5711 11.
2207 5665 2383 5745 capp.
2414 5650 2468 5708 5.
2505 5652 2569 5742 6.;
2590 5652 2644 5706 7.
2686 5649 2739 5703 8.
