4092 6256
423 268 488 340 li
1281 286 1387 344 ss.
1429 288 1915 348 MACARIOBUM
1955 287 2303 345 AEGYPTII
2344 288 2430 343 ET
2468 285 2971 346 ALEXANDRINI
3772 280 3844 336 12

425 411 594 472 neris
618 412 695 473 ad
734 428 842 472 eos
895 414 1255 487 conﬂueret,
1298 416 1374 474 ad
1422 417 1628 485 ﬁnem,
1663 433 1850 491 quem
1895 416 2077 476 initio
2112 418 2153 467 A
2188 431 2333 489 gere
2376 415 2625 489 nequis,
2670 415 2756 472 ita
2785 413 2989 487 quarti
3038 418 3098 471 et
3137 412 3336 485 quinti
3366 409 3593 469 saeculi
3635 408 3841 469 Eccle.

426 509 547 567 sibi
598 511 1088 582 proposuissent,
1160 527 1282 570 non
1354 516 1682 586 pervenire
1736 531 1801 573 se
1875 516 2076 588 questi

428 606 552 664 sint
597 605 610 666 i
647 607 758 665 Illo
788 623 913 680 quo
956 608 1014 667 S.
1054 609 1356 669 Antonius
1395 613 1783 670 moriebatur
1822 626 1983 670 anno
2015 612 2072 669 S.

429 703 733 772 Hilarion,
790 706 897 777 qui
957 706 1021 764 in
1085 706 1301 779 Syriae
1363 709 1630 767 desertis
1705 709 2081 768 monasteria

427 800 802 875 instituerat,
848 817 992 861 cum
1038 806 1269 876 grande
1321 806 1673 865 aediﬁcium
1713 812 1773 864 et
1804 808 2082 866 multitu—

432 898 644 957 dinem
705 914 917 958 secum
975 901 1393 961 habitantium
1452 906 1792 977 turbasque
1859 918 2081 962 eorum

432 1002 737 1065 cerneret,
771 998 879 1070 qui
928 997 1190 1057 diversis
1232 1001 1636 1073 languoribus
1694 1009 1756 1059 et
1812 1003 2080 1059 immun-

434 1093 531 1152 dis
560 1094 889 1166 spiritibus
913 1102 1248 1168 occupatos
1300 1099 1375 1156 ad
1420 1113 1485 1156 se
1536 1100 1949 1169 deducebant,
1996 1098 2082 1155 ita

434 1194 505 1249 ut
546 1193 717 1250 omni
760 1207 985 1265 genere
1015 1194 1342 1253 hominum
1374 1201 1502 1253 tota
1555 1196 1827 1255 solitudo
1882 1196 2081 1268 reple-

434 1292 634 1361 retur,
665 1290 945 1362 quotidie
974 1291 1157 1350 ﬂebat
1200 1306 1487 1351 moerens
1516 1309 1587 1351 ac
1622 1294 1835 1352 dicens
1881 1312 1894 1351 :
1947 1306 2082 1350 rur-

436 1400 541 1445 8118
587 1401 654 1445 86
694 1388 770 1445 ad
818 1388 1135 1447 saeculum
1185 1404 1505 1448 reversum
1531 1406 1685 1457 esse,
1722 1391 2081 1449 monasterii

437 1483 693 1542 nomine
754 1486 829 1543 ad
887 1486 1412 1559 dispensationem
1468 1489 1727 1547 fratrum
1786 1504 1851 1546 se
1900 1487 2084 1545 villae

439 1582 863 1656 possessiones
926 1589 986 1642 et
1051 1584 1501 1658 supellectilem
1556 1588 1835 1659 habere;
1892 1599 2086 1658 quare

438 1683 652 1752 postea
682 1680 865 1740 aedes
907 1682 971 1739 in
1012 1682 1239 1741 Iuliani
1269 1685 1594 1756 Apostatae
1624 1686 2082 1756 persecutione,

438 1776 590 1836 dum
628 1778 761 1850 ipse
811 1779 1031 1852 abfuit,
1065 1781 1304 1840 dirutas
1347 1782 1675 1841 restituere
1724 1783 1944 1853 noluit,
1978 1783 2085 1840 sed
2120 1761 2162 1815 Β

439 1874 505 1934 in
548 1875 858 1934 vastitates
908 1876 1161 1935 secessit
1206 1876 1314 1955 (l).
1372 1879 1583 1953 Neque
1627 1880 1882 1948 inﬁtior,
1927 1879 2087 1937 indi-

439 1987 591 2045 gnos
642 1987 1088 2047 nonnunquam
1143 1975 1217 2033 ad
1279 1979 1655 2035 monasteria
1709 1977 2081 2050 confugisse,

438 2072 617 2129 cuius
666 2072 758 2129 rei
788 2074 1075 2143 exempla
1130 2075 1294 2146 apud
1331 2075 1667 2148 scriptores
1711 2075 2083 2144 invenimus,

437 2167 581 2227 licet
634 2168 891 2241 plurimi
948 2170 1129 2243 impii
1181 2186 1401 2230 senum
1459 2173 1936 2231 mansuetudine
1998 2172 2085 2244 pii

437 2266 687 2323 tandem
715 2266 911 2325 effecti
943 2268 1063 2325 sint
1094 2266 1179 2345 (2)
1213 2286 1226 2339 ;
1275 2269 1470 2328 immo
1502 2271 1665 2341 ipsas
1694 2271 1983 2327 haereses
2011 2285 2086 2327 ex

436 2362 638 2421 caecis
685 2363 1130 2423 nonnullorum
1185 2366 1407 2425 studiis
1463 2366 1775 2425 interdum
1834 2382 2079 2439 proces-

437 2460 588 2519 sisse
620 2458 729 2538 (3).
765 2460 882 2520 Sed
916 2463 1328 2523 nihilominus
1358 2469 1642 2537 tempora
1672 2461 1777 2522 illa
1822 2465 2085 2522 salutem

436 2558 745 2617 Ecclesiae
797 2574 986 2631 quam
1050 2561 1323 2619 maxime
1381 2568 1847 2635 promoverunt.
1910 2561 2084 2632 Quod

435 2655 640 2717 tribus
678 2656 1001 2729 prioribus
1050 2660 1314 2717 saeculis
1365 2666 1691 2732 martyres,
1750 2659 1809 2717 id
1864 2664 2087 2732 quarto

437 2756 501 2811 et
564 2751 817 2811 ineunte
881 2755 1102 2826 quinto
1172 2757 1421 2815 saeculo
1476 2759 1906 2828 anachoretae,
1975 2753 2080 2822 ll

437 2849 760 2922 eremitae,
791 2852 1079 2910 monachi
1111 2853 1404 2928 Orientis,
1442 2859 1735 2928 tanquam
1773 2855 1912 2912 novi
1943 2854 2087 2926 qui-

439 2948 581 3007 dam
612 2949 927 3007 innumeri
963 2956 1269 3026 martyres
1304 2950 1393 3029 (li)
1433 2952 1803 3010 efﬁciebant.
1840 2952 1989 3010 Nam
2022 2955 2089 3009 ut

438 3051 785 3119 martyrum
824 3048 1206 3108 cruciatibus
1253 3049 1405 3108 fides
1433 3065 1504 3108 ac
1548 3049 1669 3108 vita
1713 3047 2090 3108 Christiano-

438 3158 582 3204 rum
630 3143 752 3203 sibi
792 3145 990 3205 facem
1030 3149 1427 3220 accendebat,
1475 3149 1558 3205 ita
1587 3148 1912 3206 severitate
1942 3148 2091 3205 illo—

438 3256 607 3310 rum,
661 3244 768 3316 qui
837 3246 1141 3304 mundum
1200 3261 1459 3318 prorsus
1525 3245 1920 3319 spernebant,
1981 3260 2083 3304 ce-

439 3344 719 3399 tororum
780 3341 1061 3399 ﬁdelium
1130 3342 1410 3402 voluntas
1478 3344 1949 3401 incendebatur.
2021 3343 2089 3401 Ut

439 3443 789 3511 martyrum
821 3440 1164 3498 constantia
1195 3440 1539 3514 paganismi
1580 3441 1708 3498 vim
1748 3441 2087 3512 frangebat,

439 3536 527 3596 ita
569 3534 992 3594 solitariorum
1045 3538 1405 3611 exemplum
1452 3540 1667 3597 ultima
1721 3538 1953 3609 templa
2001 3538 2095 3595 di-

441 3632 589 3693 ruit.
624 3635 697 3693 Ut
724 3650 759 3693 e
789 3636 963 3693 vultu
995 3642 1368 3708 martyrum,
1402 3652 1598 3711 quum
1627 3636 1706 3694 ad
1737 3635 2095 3694 crudelissi—

443 3746 546 3790 ma
601 3733 909 3805 supplicia
974 3741 1323 3807 pergerent,
1395 3732 1679 3793 hilaritas
1735 3738 1795 3792 et
1862 3732 2095 3791 laetitia

442 3829 602 3889 coeli
655 3826 1014 3904 eil'ulgebat,
1059 3831 1144 3889 ita
1202 3832 1265 3890 in
1314 3833 1536 3891 ardore
1579 3836 1639 3889 et
1705 3831 1935 3902 studio,
1969 3844 2094 3903 quo

443 3927 734 3987 monachi
786 3930 997 3987 omnia
1048 3930 1252 3987 carnis
1289 3929 1599 4003 supplicia
1642 3929 1760 4003 ipsi
1810 3928 1929 3987 sibi
1972 3927 2094 3985 im-

443 4026 779 4100 ponebant,
826 4026 1200 4085 christianae
1254 4027 1575 4100 religionis
1622 4028 1818 4084 virtus
1860 4026 2093 4084 revela-

444 4125 649 4183 batur.
686 4124 760 4184 Ut
787 4124 909 4183 tria
946 4125 1160 4199 priora
1191 4126 1437 4184 saecula
1464 4125 1599 4183 sine
1633 4124 1895 4183 historia
1926 4138 2085 4181 mar-

443 4222 594 4296 tyrii
638 4237 880 4295 eorum,
914 4223 1021 4296 qui
1069 4237 1136 4281 se
1175 4223 1419 4281 Christo
1449 4222 1835 4289 addixerant,
1870 4221 2097 4280 intelli-

518 4426 594 4497 (1)
627 4425 752 4482 Vita
780 4426 836 4482 S.
870 4425 1151 4483 Hilarion.
1177 4443 1312 4500 cap.
1344 4428 1412 4484 23
1443 4443 1595 4500 sqq.,
1630 4430 1736 4482 VV.
1767 4428 1865 4483 PP.
1895 4430 2092 4483 Rosw.

442 4527 506 4586 p.
537 4514 626 4580 81,
664 4519 687 4569 1
720 4529 853 4587 sqq.

515 4602 597 4675 (2)
623 4605 791 4675 Ipsos
813 4603 1077 4660 latrones
1104 4602 1181 4660 ab
1211 4605 1282 4660 iis
1312 4620 1640 4661 conversos
1672 4609 1727 4660 et
1760 4605 2093 4660 monachos

442 4691 633 4749 factos
685 4707 814 4748 esse
867 4692 1144 4763 legimus.
1200 4695 1308 4749 VV.
1352 4692 1451 4749 PP.
1494 4695 1690 4750 Rosw.
1722 4693 1824 4749 lib.
1871 4696 1910 4748 X
1958 4708 2091 4764 cap.

446 4781 547 4838 166
586 4798 645 4853 p.
701 4784 823 4852 912,
882 4786 905 4837 1
944 4797 959 4848 ;
1010 4781 1116 4838 lib.
1160 4786 1178 4837 l
1226 4787 1407 4854 p.77,
1453 4789 1474 4838 1
1515 4799 1528 4849 ;
1572 4784 1712 4838 Hist.
1771 4784 1942 4838 Laus.
1995 4781 2089 4836 ed.

441 4860 652 4929 Meurs.
675 4886 808 4942 cap.
833 4873 922 4937 99,
942 4870 1192 4943 passim.
1217 4876 1262 4927 Α
1288 4873 1440 4927 veris
1467 4872 1800 4930 monachis.
1822 4870 2092 4926 coenobi-

441 4960 516 5018 tis
544 4960 833 5016 nimirum
860 4966 915 5016 et
934 4960 1331 5027 anachoretis,
1351 4962 1424 5017 de
1445 4961 1667 5034 quibus
1693 4960 1835 5015 solis
1852 4960 1947 5015 hic
1969 4961 2089 5029 agi-

440 5054 557 5117 tur,
576 5042 983 5119 distinguendi
1007 5058 1146 5105 sunt
1173 5051 1266 5106 isti
1292 5050 1835 5122 pseudomonachi,
1865 5066 2019 5120 quos
2034 5050 2089 5104 S.

439 5137 840 5211 Hieronymus
852 5138 1250 5207 Remobooth,
1267 5140 1587 5196 Cassianus
1603 5139 1966 5202 Sarabaitas,
1993 5137 2092 5192 alii

438 5232 631 5284 Βόσκοι
670 5243 775 5283 seu
800 5228 1181 5301 pabulatores
1202 5234 1509 5285 vocarunt.
1547 5230 1601 5284 S.
1638 5228 2033 5297 Hieronymus
2075 5243 2089 5280 :

440 5338 471 5370 α
502 5318 591 5383 Hi,
624 5337 653 5370 ››
707 5316 923 5391 inquit,
960 5338 985 5369 α
1028 5317 1150 5374 bini
1185 5317 1271 5374 vel
1308 5318 1480 5385 terni,
1515 5333 1623 5372 nec
1672 5316 1859 5371 multo
1892 5315 2092 5386 plures

438 5406 619 5465 simul
670 5405 963 5474 habitant,
998 5423 1107 5463 suo
1158 5406 1450 5464 arbitratu
1502 5422 1572 5462 ac
1622 5405 1848 5460 ditione
1892 5406 2092 5457 viven-

436 5486 549 5580 tes,
594 5537 607 5551 .
652 5534 668 5550 .
712 5538 725 5551 .
771 5538 784 5551 .
831 5535 844 5549 .
889 5538 902 5552 .
948 5537 960 5552 .
997 5502 1053 5553 et
1085 5498 1258 5569 quasi
1290 5512 1387 5552 ars
1428 5496 1500 5551 sit
1530 5498 1759 5557 sancta,
1796 5508 1916 5548 non
1953 5491 2086 5556 vita,

434 5584 732 5659 quidquid
758 5584 1155 5650 vendiderint,
1185 5585 1426 5642 maioris
1457 5588 1549 5639 est
1576 5582 1743 5655 pretii
1779 5621 1791 5634 .
1838 5624 1849 5635 .
1896 5622 1908 5635 .
1956 5623 1967 5633 .
2019 5621 2030 5633 .
2075 5619 2087 5629 .

436 5677 614 5751 Apud
642 5674 754 5735 hos
770 5674 1049 5735 affectata
1069 5678 1209 5733 sunt
1225 5673 1464 5733 omnia:
1487 5672 1662 5731 laxae
1682 5672 1977 5739 manicae,
1990 5682 2091 5727 'ca-

2188 514 2315 571 siae
2363 514 2622 573 historia
2664 528 2807 570 cum
2843 512 2961 569 hoc
3001 524 3161 569 novo
3188 508 3490 581 martyrio
3521 504 3843 565 monachi-

2188 626 2286 681 co,
2320 626 2396 669 ex
2426 626 2553 683 quo
2586 612 2812 668 iustam
2841 609 3043 667 lucem
3081 622 3255 665 suam
3288 606 3536 677 accipit,
3572 601 3846 661 arctissi-

2190 725 2289 768 me
2315 710 2625 768 cohaeret.
2663 708 2943 766 Macariis
2971 713 3176 764 autem
3208 705 3433 763 nostris
3456 704 3517 761 id
3548 703 3836 768 debetur,

2190 808 2354 880 quod
2388 811 2524 878 post
2574 805 2907 863 Antonium
2941 804 3130 876 primi
3161 804 3287 861 fere
3318 801 3669 859 exstiterint
3712 813 3843 855 ma-

2190 919 2344 978 gnae
2373 904 2543 961 illius
2587 905 2650 961 in
2698 905 2975 975 Aegypto
3014 900 3246 958 saeculi
3277 899 3481 973 quarti
3515 896 3844 969 religiosae

2192 1002 2543 1061 animorum
2602 1000 3108 1058 inﬂammationis
3153 1002 3438 1056 auctores
3486 1000 3543 1053 et
3591 1008 3844 1067 promo-

2191 1107 2358 1158 tores
2392 1116 2404 1154 :
2440 1114 2566 1170 quo
2618 1098 2874 1171 quidem
2924 1096 2986 1153 in
3018 1110 3246 1169 genere
3286 1100 3590 1168 quantum
3634 1090 3847 1148 excel—

2196 1197 2448 1267 luerint,
2488 1198 2621 1253 viva
2654 1196 2758 1252 illa
2789 1194 3063 1261 traditio,
3115 1208 3275 1265 quae
3320 1190 3566 1249 Macarii
3612 1201 3846 1246 nomen

2193 1295 2269 1353 ad
2336 1294 2710 1352 hodiernum
2776 1292 2944 1350 diem
3020 1305 3167 1363 prae
3232 1289 3456 1347 ceteris
3519 1286 3840 1350 omnibus,

2194 1393 2299 1463 qui
2347 1393 2408 1449 in
2455 1392 2588 1449 istis
2637 1391 3021 1448 vastitatibus
3063 1390 3286 1460 Libyae
3323 1386 3476 1444 olim
3531 1385 3846 1453 vixerunt,

2196 1502 2307 1562 per
2354 1488 2712 1561 quindecim
2743 1488 2985 1545 saecula
3017 1484 3157 1543 tulit
3201 1481 3311 1561 {5),
3363 1483 3710 1541 luculenter
3739 1480 3843 1537 de-

2197 1592 2519 1645 monstrat.
2558 1586 2739 1658 Signa
2789 1599 2938 1643 vero
2986 1590 3047 1641 et
3091 1580 3377 1656 prodigia
3424 1581 3503 1637 ab
3552 1580 3650 1636 his
3677 1577 3847 1635 seni-

2198 1687 2314 1743 bus
2366 1684 2545 1755 facta,
2591 1683 2876 1756 quamvis
2928 1697 2962 1739 a
3005 1680 3422 1753 scriptoribus
3478 1677 3648 1735 illius
3688 1681 3845 1733 tem-

2198 1782 2370 1855 poris
2421 1794 2874 1852 saepenumero
2923 1784 3171 1851 praeter
3234 1773 3846 1834 verisimilitudinem

2200 1884 2550 1945 narrentur,
2607 1878 2705 1935 vix
2777 1882 2984 1935 tamen
3060 1888 3309 1946 semper
3381 1870 3848 1945 psychologice,

2198 1982 2265 2034 ut
2313 1976 2592 2034 nonnulli
2649 1975 2948 2040 fecerunt,
3011 1979 3114 2030 aut
3164 1972 3289 2029 alio
3346 1970 3619 2042 quodam
3675 1971 3849 2025 natu-

2200 2074 2313 2131 rali
2354 2073 2541 2131 modo
2580 2073 2973 2144 interpreter.
3028 2069 3320 2141 Quisquis
3348 2066 3700 2126 Christiano
3742 2078 3852 2121 no-

2199 2173 2366 2229 mine
2421 2185 2542 2229 non
2621 2170 2911 2242 indignus
2976 2175 3088 2234 est,
3144 2167 3381 2240 magnis
3456 2162 3851 2237 temporibus

2200 2284 2451 2328 manum
2499 2269 2603 2327 Dei
2652 2269 2715 2326 in
2762 2267 3124 2325 hominibus
3171 2279 3389 2338 magna
3440 2265 3656 2320 fecisse
3707 2273 3851 2331 pro-

2197 2368 2355 2426 ﬁteri
2418 2372 2669 2441 paratus
2725 2370 2837 2424 est.
2900 2366 3091 2436 quue
3141 2364 3347 2435 ipsum
3403 2375 3518 2418 cur
3566 2360 3669 2417 hic
3727 2371 3851 2415 non

2197 2470 2526 2534 statuatur,
2562 2478 2757 2537 quum
2807 2463 2972 2521 idem
3027 2462 3087 2518 in
3132 2459 3429 2531 apostolis
3461 2462 3522 2516 et
3567 2455 3852 2514 Patribus

2196 2564 2509 2621 Ecclesiae
2551 2561 2810 2619 minime
2862 2559 3224 2624 inﬁtiemur,
3268 2572 3390 2615 non
3432 2554 3729 2625 intelligo.
3785 2552 3854 2609 In

2197 2662 2477 2719 fabulosa
2528 2665 2735 2717 autem
2789 2658 3219 2715 narrationum
3271 2653 3461 2731 forma
3520 2652 3571 2709 si
3624 2664 3848 2721 saepe-

2198 2773 2462 2818 numero
2492 2756 2847 2823 otl‘enderis,
2899 2757 3054 2813 scito
3093 2761 3153 2812 et
3200 2768 3342 2811 cum
3396 2750 3595 2822 gentis
3650 2750 3849 2820 Aegy-

2200 2859 2365 2931 ptiae
2413 2857 2625 2915 indole
2676 2861 2735 2913 et
2786 2869 2930 2913 cum
2977 2852 3275 2926 singulari
3331 2864 3550 2907 senum
3602 2845 3851 2904 vivendi

2201 2969 2424 3030 genere
2472 2960 2955 3024 temporumque
3002 2952 3258 3022 insuper
3305 2952 3525 3006 natura
3573 2960 3711 3004 eam
3762 2946 3852 3001 in-

2201 3056 2352 3113 time
2404 3053 2788 3121 cohaerere;
2846 3049 3142 3123 quocirca
3195 3047 3323 3105 illis
3373 3043 3550 3102 libris
3606 3044 3684 3100 de
3740 3038 3849 3108 12

2204 3152 2487 3226 patribus
2538 3150 2733 3207 eremi
2789 3148 3038 3219 scriptis
3085 3145 3300 3219 poesin
3351 3142 3665 3216 quandam
3708 3153 3855 3198 con-

2202 3249 2389 3307 tineri
2422 3247 2688 3305 dixerim
2720 3262 2755 3303 a
2798 3246 2975 3303 factis
3012 3259 3085 3301 ac
3131 3241 3432 3315 prodigiis
3462 3252 3681 3297 senum
3714 3250 3856 3309 pro-

2203 3348 2449 3413 fectam,
2483 3346 2590 3403 sed
2641 3345 2803 3401 fama
2850 3349 2909 3400 et
2965 3342 3206 3412 poetica
3256 3338 3455 3411 gentis
3505 3343 3693 3409 atque
3748 3349 3854 3391 ae-

2204 3445 2343 3503 tatis
2376 3444 2581 3500 indole
2608 3443 2769 3499 mire
2803 3440 3112 3498 excultum
3136 3444 3197 3496 et
3225 3442 3609 3496 exornatam.

2285 3540 2314 3619 ς
2369 3543 2427 3599 ὅ.
2481 3540 2601 3599 Sed
2657 3541 2809 3597 haec
2863 3538 2939 3595 de
2995 3536 3364 3609 primordiis
3420 3534 3581 3591 vitae
3635 3546 3851 3589 mona-

2205 3640 2418 3699 chicae
2467 3638 2805 3696 sufﬁciunt.
2856 3637 2987 3694 Jam
3020 3640 3375 3706 antequam,
3417 3645 3578 3703 quae
3610 3631 3688 3687 de
3737 3629 3854 3686 Ma-

2204 3738 2391 3796 cariis
2439 3736 2747 3809 leguntur,
2802 3733 3089 3807 digerere
3140 3730 3540 3802 incipiamus,
3585 3729 3663 3785 de
3713 3727 3854 3785 fon—

2204 3835 2373 3894 tibus
2440 3833 2714 3890 breviter
2779 3830 3158 3889 monendum
3210 3833 3320 3886 est.
3377 3830 3696 3896 Auctores,
3746 3822 3854 3895 qui

2207 3931 2616 3990 Macariorum
2668 3934 2949 4002 tempore
2994 3932 3099 3984 aut
3147 3924 3358 3998 paullo
3402 3930 3541 3996 post
3588 3927 3853 3980 mortem

2205 4044 2425 4089 eorum
2458 4030 2519 4085 in
2572 4028 2845 4100 Aegypto
2889 4026 3164 4095 fuerunt,
3214 4024 3296 4080 ita
3327 4028 3392 4080 ut
3422 4022 3515 4078 vel
3561 4018 3856 4077 Macarios

2206 4128 2325 4200 ipsi
2375 4126 2669 4198 viderint,
2702 4125 2795 4182 vel
2847 4124 2924 4181 ab
2973 4136 3193 4180 eorum
3242 4118 3608 4192 aequalibus
3653 4116 3855 4173 edocti

2205 4226 2350 4295 sint,
2406 4223 2663 4283 nomino
2719 4221 3072 4293 Evagrium,
3133 4217 3444 4289 Ruﬁnum,
3502 4217 3562 4274 S.
3639 4215 3855 4272 Hiero-

2206 4425 2360 4495 ligae
2415 4422 2766 4489 follicantes,
2803 4421 2974 4475 vestis
3014 4418 3297 4487 grossior,
3341 4418 3549 4472 crebra
3580 4415 3855 4486 suspiria,

2206 4513 2464 4568 visitatio
2522 4510 2845 4579 virginum,
2877 4508 3225 4562 detractatio
3278 4505 3650 4569 clericorum,
3706 4508 3762 4558 et
3811 4502 3855 4557 si

2204 4600 2451 4673 quando
2491 4601 2617 4654 dies
2664 4598 2849 4653 festus
2885 4595 3131 4659 venerit,
3180 4600 3526 4650 saturantur
3554 4592 3629 4647 ad
3663 4592 3857 4646 vomi-

2206 4695 2352 4746 tum.
2398 4709 2425 4741 ι)
2486 4691 2589 4759 Ep.
2624 4692 2713 4755 22,
2746 4687 2802 4741 S.
2841 4685 3070 4740 Hieron.
3129 4686 3282 4755 Opp.
3333 4682 3429 4737 ed.
3484 4682 3671 4751 Migne
3718 4681 3780 4734 T.
3814 4680 3854 4735 Ι.

2204 4778 2440 4852 [Patro].
2500 4780 2558 4832 T.
2594 4776 2742 4845 XXII]
2796 4791 2852 4845 p.
2910 4773 3035 4829 419.
3089 4773 3351 4827 Cassiun.
3407 4771 3550 4826 Coll.
3580 4770 3759 4833 XVIII,
3802 4774 3853 4834 7,

2206 4871 2355 4939 Opp.
2391 4867 2484 4921 ed.
2516 4866 2774 4921 Gazaeus
2808 4879 2864 4933 p.
2900 4864 3021 4925 521,
3058 4860 3247 4928 Migne
3278 4876 3337 4931 p.
3378 4864 3510 4915 ll02
3541 4875 3630 4930 sq.

2277 4957 2353 5027 (3)
2383 4956 2519 5010 Hist.
2540 4955 2717 5008 Laus.
2738 4952 2830 5005 ed.
2854 4954 3058 5005 Meurs.
3080 4966 3132 5005 c.
3148 4954 3235 5004 36.
3257 4952 3330 5002 De
3346 4948 3666 5011 monacho,
3682 4947 3857 5018 quiin

2204 5051 2424 5101 sectam
2446 5042 2869 5097 Hieracitarum
2904 5038 3130 5105 incidit,
3155 5038 3284 5092 vide
3309 5038 3459 5092 infra
3482 5041 3670 5107 Caput
3695 5036 3759 5090 ll.
3780 5036 3857 5090 De

2206 5134 2517 5189 monachis
2543 5130 2981 5202 Origenismum
3008 5127 3425 5199 profitentibus
3443 5126 3512 5181 cf.
3537 5126 3697 5197 Sulp.
3728 5126 3855 5180 Sev.

2206 5223 2350 5279 Dial.
2381 5225 2399 5275 I
2428 5238 2559 5291 cap.
2594 5224 2644 5288 6,
2690 5218 2957 5275 Gallaud.
3008 5217 3151 5273 Bibl.
3184 5217 3293 5270 PP.
3330 5218 3388 5270 Τ.
3440 5218 3549 5269 Vlll
3584 5230 3642 5285 p.
3670 5216 3794 5277 404,
3826 5216 3857 5267 2

2203 5328 2361 5383 sqq.,
2399 5311 2588 5378 Migne
2619 5306 2827 5362 Patrol.
2852 5309 2910 5361 T.
2942 5308 3025 5360 XX
3059 5322 3116 5377 p.
3158 5309 3275 5359 187.

2276 5401 2354 5471 (4)
2388 5398 2713 5455 Cassianus
2747 5395 3140 5450 anuchoretas
3168 5399 3223 5449 et
3251 5392 3598 5449 coenobitas
3626 5410 3653 5441 ς(
3696 5390 3857 5443 vivos

2205 5494 2496 5559 martyres
2548 5503 2577 5539 »
2623 5489 2812 5539 vocat.
2850 5483 2993 5539 Coll.
3047 5483 3208 5538 XVIII
3242 5498 3374 5552 cap.
3418 5482 3450 5534 7
3500 5479 3593 5534 ed.
3629 5480 3759 5533 Gaz.
3796 5493 3852 5547 p.

2202 5579 2326 5644 522,
2360 5576 2549 5644 Migne
2578 5590 2636 5643 p.
2672 5577 2824 5627 ll06.

2273 5662 2823 5740 (4)1‘ischendorfl.
2859 5662 2898 5717 l.
2932 5677 2991 5735 p.
3027 5661 3146 5715 119.
