4092 6256
324 240 392 295 13
1180 300 1183 303 ,
1918 252 1950 309 κ

2070 252 2155 308 ιΕ.
2756 325 2764 337 ,
3666 264 3740 323 u

321 384 605 441 nymum,
676 372 1041 447 Palladium,
1110 377 1490 437 Cassianum.
1554 382 1856 453 Quorum,
1918 381 1971 441 si
2006 383 2052 435 A
2088 381 2428 456 interprete
2458 384 2569 443 CLI
2609 385 2810 457 capita
2847 386 3286 460 complectitur
3339 388 3447 464 (6).
3504 389 3737 463 Altera,

318 466 620 526 Macarios
674 477 939 543 spectas,
996 474 1526 548 locupletissimus
1584 486 1768 552 atque
1808 477 1974 537 fidis—

318 563 515 621 simus
560 568 733 624 testis
782 574 875 627 est
916 569 1252 639 Palladius,
1288 575 1395 647 qui
1450 579 1726 635 secundo
1772 577 1971 635 Theo-

318 661 478 719 dosii
531 665 735 736 magni
786 666 1157 739 imperantis
1211 686 1371 729 anno
1421 674 1496 730 ad
1547 680 1800 747 portum
1841 676 1974 732 Ale-

316 759 613 817 xandriae
652 764 896 835 appulit
939 764 1051 842 (I),
1103 767 1352 841 triginta
1392 787 1497 828 sex
1545 772 1865 830 mensibus
1909 772 1972 829 in

314 858 730 927 monasteriis,
805 878 965 935 quae
1028 865 1196 923 circa
1256 868 1690 927 Alexandriam
1771 876 1965 941 erant,

316 956 584 1025 peractis
625 957 686 1014 in
738 966 1013 1017 montem
1062 963 1290 1021 Nitriae
1345 968 1594 1023 secessit
1638 965 1748 1043 (2),
1803 974 1862 1025 et
1908 970 1973 1025 in

317 1048 548 1123 Celliis,
610 1055 670 1112 in
738 1058 971 1129 quibus
1042 1075 1261 1118 noxcm
1335 1078 1528 1122 annos
1573 1066 1969 1138 transigebat,

316 1152 441 1207 tres
495 1167 616 1209 una
669 1168 815 1211 cum
862 1157 1127 1215 Macario
1185 1160 1599 1220 Alexandrino
1660 1164 1811 1221 vixit
1854 1161 1966 1239 (3).

317 1248 656 1321 Aegyptius
694 1267 837 1309 vero
880 1254 1179 1313 Macarius
1227 1273 1411 1323 anno,
1458 1264 1791 1332 antequam
1837 1261 1970 1319 Pal-

312 1343 517 1403 ladius
572 1347 632 1404 in
692 1350 1099 1409 solitudinem
1157 1355 1619 1426 egrediebatur,
1683 1364 1972 1416 mortuus

310 1448 442 1501 erat
486 1444 601 1518 (4).
666 1447 877 1519 Itaque
936 1450 1113 1507 facile
1164 1451 1477 1525 intelligis,
1531 1458 1969 1515 auctoritatem

310 1539 572 1599 Palladii
620 1544 877 1602 maximi
926 1547 1271 1606 faciendam
1311 1566 1468 1622 esse,
1506 1551 1696 1625 idque
1727 1568 1803 1611 eo
1836 1570 1962 1610 ma-

308 1638 422 1711 gis,
459 1654 655 1711 quum
701 1656 765 1698 se
823 1642 1015 1701 tidum
1074 1652 1484 1718 spectatorem
1540 1650 1853 1719 exhibeat,
1909 1656 1969 1709 et

2085 494 2245 552 quae
2286 483 2521 552 pariter
2576 500 2644 541 ac
2677 488 2920 543 ceterae
2972 486 3139 556 apud
3193 486 3585 545 Rosweidum
3641 490 3740 547 le-

2083 578 2269 650 gitur,
2314 579 2552 639 incerto
2608 586 2814 639 vetere
2873 582 3235 655 interprete,
3267 584 3583 656 capitibus
3635 588 3735 647 XX

2084 680 2320 734 constat
2350 675 2458 752 (7).
2508 679 2712 737 Tertia
2742 680 3035 751 denique,
3071 680 3287 738 itidem
3333 681 3575 742 incerto
3630 698 3738 742 ve-

2082 768 2215 821 tere
2280 765 2641 838 interprete,
2707 767 2874 825 LVIII
2932 767 3243 840 capitibus
3301 770 3533 843 prodiit
3621 771 3739 831 hoc

2083 861 2289 920 indice
2317 880 2328 917 :
2362 882 2391 916 «
2419 864 2759 922 Heraclidis
2788 867 3114 937 paradisus
3142 864 3247 942 (8),
3282 888 3300 919 ι
3339 869 3447 940 qui
3478 869 3735 942 quidem

2084 961 2302 1018 titulus
2354 961 2543 1019 falsus
2594 968 2708 1035 est,
2738 978 2935 1036 quum
2976 965 3309 1037 legendum
3352 966 3431 1026 sit
3464 986 3493 1021 «
3531 966 3735 1026 Palla-

2082 1058 2169 1116 dii
2222 1058 2567 1130 paradisus,
2620 1079 2647 1114 u
2702 1067 2767 1120 ut
2812 1066 2903 1120 est
2952 1062 3014 1119 in
3061 1064 3482 1122 vetustissimo
3517 1065 3734 1124 codice

2082 1157 2362 1214 eiusdem
2444 1157 2746 1215 versionis
2812 1159 3063 1217 ineunte
3133 1175 3253 1217 sec.
3332 1162 3406 1220 IX
3470 1163 3727 1235 scripto,

2080 1268 2264 1325 quem
2332 1254 2457 1311 adii
2514 1254 2748 1313 Romae
2806 1258 2869 1314 in
2928 1256 3306 1317 bibliotheca
3368 1260 3731 1319 monasterii

2090 1348 2495 1408 Yerusalemme
2557 1350 2616 1409 in
2677 1349 2847 1410 Croce
2901 1352 3009 1430 (9).
3084 1354 3428 1414 Heraclidis
3486 1356 3733 1429 paradi-

2080 1465 2185 1507 sus
2239 1449 2399 1507 alius
2455 1453 2713 1509 omnino
2768 1452 2928 1509 liber
2985 1452 3173 1510 fuisse
3233 1453 3501 1525 videtur,
3551 1455 3732 1519 cuius

2079 1547 2327 1605 codices
2356 1548 2586 1607 Romae
2638 1548 2701 1605 in
2752 1548 3132 1607 bibliotheca
3181 1551 3527 1610 Christinae
3558 1554 3731 1626 regi—

2080 1659 2194 1703 nae
2224 1649 2615 1703 asservantur
2646 1644 2796 1721 (10).
2833 1646 2951 1704 Sed
2980 1647 3055 1704 ad
3091 1647 3229 1705 illas
3257 1652 3383 1705 tres
3412 1649 3730 1710 versiones

308 1736 490 1808 longa
538 1752 846 1797 annorum
905 1743 1069 1800 serie
1124 1762 1153 1797 «
1193 1760 1265 1801 ex
1324 1747 1549 1804 virtute
1597 1754 1761 1819 gesta
1824 1764 1968 1806 san-
2001 1743 2038 1795 Β
2086 1737 2197 1812 14
2245 1742 2545 1801 Historiae
2588 1743 2913 1803 Lausiacae
2970 1744 3209 1804 accedit
3264 1746 3469 1817 graeci
3524 1750 3729 1807 textus

306 1838 549 1892 ctorum
614 1842 1095 1912 sanctarumque
1158 1841 1221 1899 in
1296 1844 1551 1916 Aegypti
1627 1846 1966 1905 solitudine

305 1936 366 1988 et
414 1931 475 1989 in
508 1931 699 2006 Libya
727 1940 789 1991 et
824 1937 1140 1997 Thebaide
1178 1944 1238 1997 et
1286 1942 1485 2013 Syene
1527 1949 1585 1999 et
1630 1944 1960 2012 Tabennis,

303 2029 528 2088 deinde
583 2031 645 2089 in
710 2034 1177 2107 Mesopotamia,
1241 2038 1581 2098 Palaestina
1642 2046 1702 2099 et
1758 2042 1957 2116 Syria,

305 2131 367 2184 et
396 2128 459 2185 in
493 2129 776 2201 partibus
816 2134 1165 2192 Occidentis
1196 2140 1257 2193 et
1293 2137 1517 2195 Romae
1549 2144 1607 2196 et
1659 2140 1723 2196 in
1780 2140 1960 2197 Cam-

306 2226 491 2297 pania
516 2232 575 2283 et
608 2227 673 2284 in
722 2228 819 2296 iis,
876 2246 1035 2302 quae
1078 2239 1220 2291 sunt
1249 2235 1415 2291 circa
1448 2250 1571 2301 eas,
1625 2237 1957 2309 partibus»

306 2320 442 2393 ipse
492 2327 946 2396 peregrinando
992 2332 1349 2401 cognoverit
1378 2329 1491 2402 (5).
1534 2334 1735 2406 Liber,
1770 2350 1959 2407 quem

307 2420 620 2478 Palladius
675 2423 753 2480 de
809 2427 1127 2484 monachis
1183 2429 1398 2497 edidit,
1460 2431 1651 2491 Lauso
1706 2432 1956 2490 cuidam

309 2518 666 2589 praeposito
710 2519 1031 2582 dedicatus
1092 2531 1203 2593 est,
1268 2528 1430 2585 unde
1487 2543 1715 2588 nomen
1758 2525 1958 2587 Histo—

306 2614 433 2669 riae
511 2611 854 2685 Lausiacae,
953 2626 1059 2678 aut
1159 2622 1533 2697 simpliciter
1644 2623 1957 2686 Lausiacae

300 2710 545 2788 (graece
593 2710 820 2785 Ἰστορία
870 2719 997 2788 πρὸς
1044 2722 1277 2797 Λαῦσον)
1338 2723 1543 2780 traxit.
1596 2722 1786 2783 Cuius
1828 2730 1953 2783 tres

296 2816 535 2869 exstant
588 2813 812 2871 latinae
871 2818 1187 2875 versiones
1238 2820 1415 2878 valde
1464 2821 1623 2879 inter
1672 2838 1737 2880 se
1778 2823 1949 2882 diffe-

296 2912 519 2966 rentes.
593 2910 676 2967 Ex
723 2913 954 2986 quibus
1011 2930 1105 2985 ea,
1163 2932 1323 2989 quae
1398 2917 1624 2977 ceteris
1702 2920 1951 2979 duabus

292 3007 491 3065 multo
544 3008 921 3083 locupletior
979 3019 1093 3087 est,
1148 3013 1448 3074 Gentiano
1504 3016 1764 3076 Herveto
1832 3015 1943 3087 l3

365 3223 611 3295 (I)Hist.
649 3228 819 3284 Laus.
885 3245 1019 3302 cap.
1068 3233 1118 3286 1.
1178 3233 1330 3304 Opp.
1392 3233 1605 3288 Meurs.
1664 3233 1727 3288 T.
1791 3236 1937 3305 VIII,

293 3327 355 3383 p.
386 3312 513 3367 348.

367 3400 444 3473 (2)
476 3402 626 3457 Ibid.
660 3420 790 3475 cap.
816 3406 848 3458 8
876 3422 934 3476 p.
968 3410 1089 3465 360.

364 3491 447 3561 (3)
480 3490 628 3546 Ibid.
664 3508 797 3565 cap.
840 3496 903 3549 21
942 3512 998 3566 p.
1033 3496 1155 3552 396.

363 3579 443 3650 (4)
488 3580 634 3635 Ibid.
668 3598 799 3653 cap.
828 3587 898 3638 ’20
931 3600 988 3655 p.
1020 3586 1151 3641 396.

363 3668 442 3738 (5)
478 3669 708 3742 ProIOg.
743 3673 815 3727 ad
849 3674 987 3728 Hist.
1024 3674 1201 3729 Laus.
1245 3678 1397 3748 Opp.
1447 3678 1660 3733 Meurs.
1716 3682 1755 3734 I.
1798 3681 1835 3735 I.
1882 3696 1943 3753 p.

293 3759 435 3822 340;
470 3758 580 3813 VV.
618 3762 713 3814 PP.
750 3763 941 3816 Rosw.
978 3779 1037 3834 p.
1068 3766 1191 3819 706.

361 3846 440 3917 (6)
468 3847 725 3903 Primum
771 3851 991 3920 prodiit
1056 3853 1293 3908 Parisiis
1360 3860 1515 3920 1555,
1587 3857 1647 3909 4ο
1686 3873 1697 3922 ;
1732 3872 1944 3914 recusa

286 3941 375 3990 est
402 3934 630 3992 ibidem
669 3938 827 4003 1570,
850 3942 1127 4012 4°,‘atque
1160 3958 1296 3997 cum
1354 3944 1594 3999 scholiis
1639 3945 1940 4002 Laurentii

286 4024 588 4081 Barrensis
619 4026 679 4082 in
718 4028 843 4081 eius
877 4029 1128 4086 historia
1158 4030 1487 4088 christiana
1516 4038 1780 4089 veterum
1836 4035 1942 4091 Pa-

288 4116 443 4171 trum
475 4114 653 4170 Paris.
696 4116 826 4174 1583
860 4116 957 4173 fol.
990 4134 1049 4189 p.
1093 4123 1179 4183 55,
1213 4136 1321 4176 nec
1354 4136 1475 4176 non
1542 4122 1601 4177 in
1646 4122 1788 4178 Bibl.
1836 4124 1935 4178 PP.

285 4217 409 4257 cur.
432 4202 506 4257 de
532 4203 588 4259 la
619 4204 798 4273 Bigne
832 4207 1012 4261 Paris.
1060 4208 1194 4263 1589
1224 4220 1280 4263 et
1314 4211 1448 4264 1610
1478 4212 1535 4265 Τ.
1570 4211 1687 4276 VII,
1731 4212 1789 4265 in
1815 4213 1934 4270 VV.

285 4292 389 4347 PP.
426 4293 621 4349 Rosw.
670 4293 771 4348 lib.
809 4294 925 4348 VIII
956 4310 1011 4365 p.
1055 4296 1157 4351 701
1201 4313 1372 4369 sqq.,
1406 4304 1461 4352 et
1498 4298 1558 4353 in
1599 4302 1937 4357 Meursiana

284 4379 538 4437 editione
568 4381 855 4438 Historiae
889 4384 1207 4440 Lausiacae
1234 4386 1497 4456 Palladii,
1518 4389 1669 4461 Opp.
1706 4390 1933 4448 Meurin

284 4468 343 4523 T.
388 4468 501 4522 VIII
539 4486 597 4541 p.
630 4474 734 4527 334
760 4488 895 4544 sqq.

355 4556 432 4629 (7)
468 4558 635 4614 Edita
668 4564 756 4615 est
789 4561 848 4615 in
878 4561 1025 4615 Vitis
1054 4561 1314 4629 Patrum,
1360 4580 1515 4636 quae
1561 4565 1778 4636 triplici
1810 4567 1934 4623 vice

284 4645 409 4701 sine
424 4649 807 4719 typographi,
832 4649 945 4705 loci
963 4656 1018 4705 et
1038 4652 1181 4705 anni
1197 4657 1619 4723 notatempore
1635 4656 1933 4711 nascentis

285 4736 721 4807 typographiae
751 4738 1115 4809 prodierunt,
1152 4739 1248 4794 fol.
1294 4758 1306 4805 ;
1340 4757 1551 4797 recusa
1581 4744 1639 4798 in
1668 4745 1931 4801 Theodo-

284 4824 382 4878 rici
410 4825 595 4880 Loher
617 4841 652 4880 a
671 4827 873 4882 Stratis
890 4833 1207 4899 prototypo
1241 4831 1451 4884 veteris
1499 4831 1802 4904 ecclesiae,
1831 4836 1933 4889 Co-

282 4911 477 4968 loniae
519 4914 673 4979 1547,
700 4915 822 4980 fol.,
855 4916 993 4970 etin
1038 4916 1151 4969 VV.
1192 4921 1286 4972 PP.
1332 4921 1524 4974 Rosw.
1553 4936 1610 4991 p.
1663 4921 1769 4975 984
1798 4938 1931 4994 sqq.

354 5002 430 5075 (8)
476 5006 616 5058 Eam
678 5004 789 5058 sub
849 5004 1014 5060 titulo
1045 5025 1057 5060 :
1087 5024 1115 5054 ‹‹
1161 5006 1482 5062 Heraclidis
1524 5010 1846 5081 paradisus
1905 5030 1933 5063 »

280 5090 510 5163 primus
554 5092 786 5147 videtur
843 5092 1102 5151 edidisse
1159 5096 1277 5150 Jae.
1334 5094 1521 5150 Faber
1572 5098 1932 5167 Stapulensis

284 5180 466 5235 Paris.
510 5181 667 5235 1504.
722 5180 942 5237 Collata
975 5199 1108 5237 cum
1142 5183 1346 5237 codice
1377 5200 1490 5238 ms.
1533 5184 1772 5253 Veneto,
1830 5187 1936 5259 qui

284 5284 399 5323 non
446 5269 837 5333 Heraclidem,
894 5271 996 5325 sed
1029 5271 1357 5327 Palladium
1402 5275 1749 5345 scriptorem
1780 5280 1935 5330 recte

286 5357 612 5429 proﬁtetur,
643 5359 861 5428 prodiit
887 5358 943 5412 in
975 5359 1116 5415 Vitis
1142 5376 1249 5432 per
1269 5360 1589 5433 Aloysium
1621 5362 1935 5433 Lipoman-

287 5462 427 5502 num
451 5445 712 5501 collectis
751 5446 812 5500 T.
849 5448 916 5501 Ill
956 5450 1156 5503 Venet.
1218 5450 1370 5505 1554.
1430 5451 1691 5521 Denique
1749 5455 1937 5507 exstat

288 5538 344 5592 in
376 5536 496 5593 VV.
532 5538 635 5591 PP.
664 5538 855 5592 Rosw.
886 5554 939 5608 p.
972 5538 1076 5594 939
1097 5538 1329 5610 sqq.De
1360 5538 1537 5595 variis
1563 5538 1726 5596 hisce
1761 5540 1936 5596 trium

292 5625 632 5684 versionum
664 5624 1018 5685 editionibus
1050 5625 1125 5682 cf.
1172 5627 1263 5685 Jo.
1330 5627 1463 5688 Alb.
1510 5627 1848 5686 Fabricium
1876 5628 1938 5686 in

1965 4441 2012 4499 D

2077 1840 2293 1897 itidem
2322 1840 2547 1911 triplex
2577 1840 2795 1908 editio,
2826 1856 3093 1913 quarum
3126 1842 3296 1900 nulla
3324 1858 3468 1901 cum
3496 1845 3727 1904 versio-

2076 1938 2261 1995 nibus
2302 1937 2617 1995 convenit.
2675 1938 2967 2010 Princeps
3009 1953 3228 2010 graeca
3266 1940 3459 1998 editio
3493 1942 3728 2013 prodiit

2073 2050 2149 2092 ex
2190 2035 2406 2093 codice
2458 2034 2873 2093 bibliothecae
2919 2036 3227 2093 Palatinae
3270 2051 3423 2094 cura
3476 2038 3724 2099 Meurin

2070 2132 2380 2204 capitibus
2398 2132 2518 2190 CIII
2543 2129 2692 2207 (11),
2720 2148 2917 2208 eaque
2946 2134 3109 2191 haud
3134 2148 3357 2205 parum
3381 2150 3416 2191 a
3439 2135 3726 2196 versione

2071 2230 2335 2295 Herveti,
2372 2244 2631 2303 prorsus
2659 2237 2867 2288 autem
2898 2246 2932 2287 a
2960 2230 3184 2289 ceteris
3203 2232 3601 2290 versionibus
3632 2234 3725 2291 di-

2068 2333 2203 2385 stat.
2238 2326 2369 2397 Quo
2400 2328 2657 2400 quidem
2692 2333 2858 2385 textu
2891 2328 3240 2386 Meursiano
3271 2327 3455 2401 longe
3484 2331 3723 2403 plenio-

2069 2440 2203 2483 rem
2246 2441 2280 2481 e
2313 2425 2638 2483 codicibus
2676 2425 2878 2498 Regiis
2910 2440 3033 2483 una
3063 2440 3209 2484 cum
3243 2428 3527 2486 versione
3568 2429 3715 2487 Her-

2066 2522 2184 2581 veti
2236 2523 2549 2595 capitibus
2587 2522 2699 2581 CLI
2737 2523 2935 2581 edidit
2969 2522 3197 2581 Fronto
3240 2524 3518 2581 Ducaeus
3559 2523 3713 2603 (i2).

2066 2620 2339 2693 Denique
2406 2620 2608 2693 capita
2681 2620 2981 2680 nonnulla
3046 2620 3109 2678 in
3185 2622 3299 2680 hac
3368 2623 3718 2696 ceterisque

2061 2718 2444 2777 editionibus
2521 2718 2750 2776 omissa
2819 2724 3114 2790 tanquam
3188 2732 3346 2777 nova
3402 2722 3713 2793 quaedam

2061 2816 2233 2875 illius
2304 2816 2599 2875 editionis
2651 2817 3085 2888 supplementa
3138 2816 3407 2889 vulgavit
3476 2818 3714 2878 Cotele-

2061 2914 2223 2985 rius(
2242 2914 2359 2989 13).
2396 2914 2633 2983 Quibus
2660 2913 3100 2971 additamentis
3124 2918 3184 2971 et
3209 2915 3431 2973 Ducaei
3449 2920 3511 2975 et
3538 2916 3714 2976 Cote-

2059 3012 2200 3071 lerii
2231 3018 2476 3070 auctam
2503 3012 2845 3070 editionem
2872 3011 2999 3071 iam
3026 3011 3220 3070 habes
3248 3011 3314 3070 in
3341 3012 3710 3074 collectione

2056 3227 2426 3284 Bibliotheca
2456 3229 2699 3291 Graeca,
2733 3228 2884 3298 Opp.
2926 3229 3135 3284 Meurs.
3169 3242 3242 3284 ex
3285 3242 3402 3284 rec.
3439 3229 3608 3285 Lami
3652 3232 3716 3286 T.

2059 3316 2181 3372 VIII
2208 3332 2265 3388 p.
2301 3319 2425 3381 667,
2460 3316 2510 3381 1,
2544 3315 2695 3371 infra
2725 3315 2785 3370 in
2816 3314 2983 3371 initio
3011 3318 3256 3372 nostrae
3302 3316 3579 3373 editionis
3622 3317 3718 3373 Hi-

2058 3408 2275 3461 storiae
2298 3406 2640 3470 Lausiacae,
2675 3409 2730 3460 et
2758 3404 2874 3459 VV.
2924 3405 3027 3460 PP.
3079 3406 3273 3460 Rosw.
3304 3404 3531 3476 Proleg.
3566 3406 3707 3473 XIV,

2057 3510 2117 3565 p.
2148 3494 2335 3551 XLIV.

2129 3583 2206 3655 (9)
2252 3584 2435 3637 Huius
2470 3582 2863 3638 Bibliothecae
2923 3581 3125 3637 codice
3175 3580 3299 3637 XLI
3339 3581 3441 3639 fol.
3484 3587 3515 3641 9
3562 3583 3713 3641 haec

2055 3672 2202 3741 legis
2231 3688 2243 3725 :
2275 3692 2302 3723 «
2333 3672 2551 3739 Incipit
2606 3671 2778 3738 liber,
2837 3672 2941 3742 qui
2985 3672 3337 3739 appellatur
3371 3672 3713 3743 paradysus

2056 3761 2327 3817 Palladii
2351 3760 2648 3825 monachi,
2666 3760 2769 3830 qui
2779 3760 2899 3829 fuit
2924 3760 3250 3829 discipulus
3266 3760 3537 3831 Evagrii.
3555 3762 3709 3817 Multi

2053 3850 2300 3920 quidem
2332 3850 2552 3905 multos
2577 3850 2891 3920 variosque
2922 3848 3128 3917 libros,
3170 3856 3279 3904 cet.
3314 3870 3343 3902 »
3366 3848 3582 3905 Textus
3612 3865 3709 3907 co-

2051 3938 2262 3994 dicisa
2302 3939 2454 3995 libro
2496 3939 2791 4009 impresso
2850 3953 3063 4009 parum
3118 3938 3295 3993 nobis
3360 3939 3705 4010 discrepare

2051 4029 2209 4083 visus
2242 4032 2345 4084 est.
2380 4028 2574 4083 Codex
2608 4026 2860 4083 Venetus
2888 4041 3131 4097 quoque
3162 4026 3497 4083 Palladium
3522 4028 3706 4099 scrip-

2050 4120 2236 4172 torem
2269 4132 2411 4187 prae
2430 4133 2490 4172 se
2522 4116 2648 4172 fert.
2968 4171 2979 4183 ,

2122 4205 2233 4277 (10)
2256 4206 2319 4259 In
2352 4204 2623 4274 catalogo
2654 4204 2838 4259 latino
2870 4202 3019 4257 Bibl.
3070 4202 3436 4258 Christianae
3478 4206 3702 4260 Romae

2046 4293 2192 4364 legis
2232 4312 2244 4349 :
2283 4316 2310 4346 «
2345 4293 2484 4349 Cod.
2506 4296 2595 4348 Nr.
2620 4293 2724 4349 432
2756 4290 3079 4348 Heraclidis
3105 4290 3420 4363 paradisus
3448 4292 3571 4347 sive
3595 4291 3699 4350 lib.

2046 4382 2120 4439 de
2172 4384 2279 4439 VV.
2334 4385 2433 4439 SS.
2458 4385 2695 4437 Patrum
2721 4382 2797 4437 ad
2841 4384 3100 4437 Lausum
3133 4380 3546 4453 praepositum
3586 4398 3697 4455 pa-

2043 4472 2188 4528 latii.
2221 4491 2251 4525 ›
2282 4472 2532 4525 Nomine
2564 4470 2869 4543 scriptoris
2901 4471 3196 4525 omissoin
3211 4469 3484 4540 catalogo
3510 4470 3696 4532 latino

2045 4561 2191 4617 Bibl.
2233 4562 2546 4616 Vaticanae
2578 4559 2791 4628 legitur
2832 4576 2845 4613 :
2882 4581 2907 4608 «
2940 4563 2991 4614 2.
3023 4559 3366 4623 Paradisus,
3425 4558 3576 4615 liber
3614 4561 3697 4617 sic

2044 4650 2366 4720 inscriptus
2397 4648 2471 4703 de
2490 4648 2629 4705 Vitis
2660 4649 3032 4714 Sanctorum,
3064 4648 3167 4704 353
3197 4650 3291 4702 Nr.
3320 4648 3426 4703 499
3458 4648 3696 4715 ;denuo

2046 4742 2147 4794 363
2188 4741 2282 4794 Nr.
2326 4738 2483 4791 1312.
2547 4758 2575 4789 ››
2635 4737 2899 4793 Graviter
2954 4736 3249 4803 dolemus,
3299 4737 3465 4809 quod
3517 4739 3697 4794 rebus

2046 4826 2422 4897 gravioribus
2455 4826 2633 4880 nimis
2655 4824 2928 4897 occupati
2960 4824 3073 4879 hos
3103 4826 3364 4890 codices,
3404 4842 3544 4881 cum
3587 4828 3697 4885 Ho-

2046 4932 2181 4971 mae
2211 4932 2500 4981 essemus,
2556 4916 2902 4969 examinare
2934 4929 3054 4968 non
3082 4913 3408 4985 potuimus.

2118 5004 2231 5075 (11)
2264 5004 2451 5072 Lugd.
2484 5004 2604 5059 Bat.
2648 5004 2809 5067 1616,
2844 5004 2923 5056 4ο.
2949 5004 3230 5059 Meursius
3261 5006 3433 5058 notas
3465 5001 3701 5058 addidit

2047 5094 2328 5157 eruditas,
2363 5091 2652 5149 nonnulla
2673 5092 2852 5146 etiam
2884 5106 2915 5145 e
2946 5090 3149 5146 codice
3188 5090 3579 5148 Bibliothecae
3595 5094 3700 5147 Re-

2048 5184 2177 5253 giae
2197 5181 2557 5247 Parisiensis,
2574 5196 2709 5234 cum
2731 5180 2990 5235 Lutetiae
3005 5184 3355 5246 versaretur,
3382 5179 3699 5252 supplevit.

2119 5271 2228 5341 (l2)
2260 5270 2601 5325 Auctarium
2642 5268 2784 5323 Bibl.
2826 5268 2927 5322 PP.
2984 5267 3171 5324 Paris.
3248 5268 3402 5333 1624,
3462 5266 3587 5334 fol.,
3639 5269 3701 5327 T.

2047 5361 2111 5414 11
2144 5376 2204 5431 p.
2248 5362 2347 5413 893
2392 5388 2453 5398 -
2486 5360 2619 5413 1053
2656 5378 2667 5421 ;
2698 5356 2840 5411 Bibl.
2897 5356 2996 5411 PP.
3046 5356 3226 5412 Paris.
3291 5357 3427 5413 1654
3468 5358 3527 5412 Τ.
3581 5353 3702 5411 XIII

2048 5466 2107 5521 p.
2134 5446 2423 5504 8934053.
2466 5449 2772 5501 Accedunt
2800 5444 3012 5499 Ducaei
3038 5447 3237 5499 notae.

2118 5537 2234 5611 (13)
2266 5535 2413 5590 Eccl.
2444 5535 2645 5591 Graec.
2689 5535 2838 5588 Mon.
2867 5532 2995 5590 Lut.
3032 5531 3211 5589 Paris.
3238 5532 3374 5589 I677
3413 5530 3475 5586 T.
3531 5530 3606 5589 III
3637 5545 3704 5605 Ρ·

2053 5628 2151 5686 II'I
2183 5627 2380 5684 -120
2415 5631 2559 5699 etp.
2596 5622 2697 5681 158
2722 5650 2790 5663 -
2824 5626 2944 5681 no.

3678 5926 3823 6017 cf
