4092 6256
359 323 424 380 15
1226 319 1328 374 SS.
1373 316 1856 374 MACARIORUM
1898 314 2228 372 AEGYPTII
2267 318 2354 373 ET
2398 319 2736 375 ALEXAND
2753 319 2906 376 RINI
3698 320 3764 375 16

355 451 629 525 Operum
698 448 949 507 Meursii
1016 463 1092 506 ex
1169 447 1531 506 recensione
1588 446 1839 504 Joannis
1896 445 2009 503 La-
2045 445 2086 498 A
2119 445 2534 506 dedicatorias
2617 448 2932 520 epistolas,
3020 463 3181 520 quae
3266 447 3352 505 ibi
3453 447 3763 519 leguntur,

359 549 448 607 mi
480 545 583 623 (t).
620 547 817 605 Caveo
848 551 999 604 teste
1029 547 1089 602 in
1137 545 1326 603 lsaaci
1383 544 1575 602 Vossii
1628 543 2008 601 bibliotheca
2119 545 2296 616 operi
2345 560 2459 604 suo
2508 547 2866 618 praeﬁxisse
2924 547 3023 603 vix
3080 545 3425 603 credideris
3479 563 3489 601 :
3539 545 3768 602 Vindo-

359 647 557 704 codex
599 644 925 702 Lausiacae
969 643 1424 710 inveniebatur,
1454 643 1558 714 qui
1603 641 1787 698 editis
1815 642 2010 712 duplo
2121 645 2425 701 bonenses
2472 659 2619 702 vero
2664 645 2931 709 codices,
2987 645 3196 716 priore
3251 644 3502 709 omissa,
3561 643 3769 700 statim

363 743 603 801 auctior
650 742 764 800 fuit
814 740 924 816 (2).
975 742 1058 798 Ex
1109 740 1405 798 omnibus
1447 754 1596 797 vero
1648 739 1802 803 istis,
1850 753 2013 811 quae

2174 755 2199 797 o
2225 744 2437 808 altera,
2479 757 2638 813 quae
2699 742 2916 812 incipit
2979 738 3379 810 εΜακαρίζω
3410 757 3459 790 κ.
3495 756 3541 789 τ.
3576 736 3602 786 λ
3655 736 3768 812 (7),

363 841 693 905 habentur,
739 840 1120 897 editionibus
1158 839 1324 896 nulla
1367 837 1447 894 ita
1497 842 1853 908 comparata
1895 841 2006 904 est,
2120 839 2474 896 ordiuntur.
2522 840 2844 897 Praeterea
2893 840 3058 896 edita
3099 838 3403 895 Historiae
3447 837 3772 895 Lausiacae

362 944 430 998 ut
467 937 720 1010 genuini
759 942 958 995 textus
1002 937 1274 1008 speciem
1307 951 1456 1008 prae
1503 950 1567 992 se
1601 935 1774 992 ferat.
1832 934 2014 991 Vides
2120 937 2502 1008 exemplaria
2581 938 2746 994 haud
2822 939 3042 1008 exigua
3124 940 3493 1006 receperunt
3571 935 3772 992 incre-

365 1037 575 1110 igitur,
636 1035 1062 1092 difﬁcultatem
1123 1035 1458 1090 maximam
1509 1033 1612 1090 hic
1660 1033 1841 1090 nobis
1893 1032 2014 1089 ob-
2124 1041 2332 1092 menta
2379 1051 2411 1090 e
2459 1049 2680 1106 graeco
2728 1041 2788 1092 et
2843 1035 3030 1091 latino
3063 1039 3230 1091 textu
3265 1033 3408 1089 libri
3457 1033 3577 1088 VV.
3635 1033 3770 1098 PP.,

365 1133 550 1193 oriri.
609 1133 728 1191 Sed
767 1132 1097 1190 commode
1141 1131 1364 1197 evenit,
1418 1136 1482 1188 ut
1526 1131 1589 1187 in
1636 1129 2015 1187 bibliotheca
2125 1132 2232 1203 qui
2290 1133 2353 1188 in
2406 1132 2773 1190 collectione
2827 1132 3133 1190 Rosweidi
3191 1132 3412 1188 ordine
3466 1131 3776 1188 secundus

367 1233 664 1292 Caesarea
710 1230 1174 1288 Vindobonensi
1229 1229 1585 1300 genuinam,
1637 1228 1803 1300 quod
1859 1227 2014 1286 mihi
2127 1235 2218 1288 est
2270 1229 2376 1305 (8).
2426 1234 2621 1302 Atque
2653 1231 2860 1302 ipsum
2893 1231 3054 1287 hunc
3087 1228 3343 1294 librum.
3394 1235 3457 1286 ut
3505 1242 3646 1285 mox
3688 1227 3775 1283 vi-

368 1330 624 1402 quidem
656 1329 921 1393 videtur,
953 1327 1284 1385 Historiam
1319 1327 1670 1384 Lausiacam
1701 1326 1902 1383 adhuc
1930 1325 2020 1381 in-
2128 1327 2439 1395 debimus,
2482 1328 2734 1386 Ruﬁnus
2764 1343 2798 1385 e
2827 1341 3048 1399 graeco
3089 1328 3150 1383 in
3186 1326 3443 1383 latinum
3499 1323 3608 1392 16
3643 1339 3780 1381 ser-

366 1427 674 1500 cognitam
707 1425 1056 1497 repererim
1084 1424 1145 1482 in
1168 1425 1415 1482 duobus
1444 1424 1632 1481 Codd.
1670 1423 2016 1494 Mss.,quo-
2131 1440 2378 1483 monem
2445 1425 2777 1489 transtulit,
2837 1439 3023 1494 quam
3098 1423 3446 1481 versionem
3521 1422 3642 1478 iam
3714 1421 3775 1478 S.

368 1539 508 1583 rum
549 1529 819 1595 utroque
857 1523 1091 1594 integra
1121 1523 1496 1592 continetur,
1542 1522 2021 1578 membranaceo
2132 1524 2548 1597 Hieronymus
2609 1523 2765 1578 bene
2841 1523 3144 1592 cognovit.
3206 1521 3508 1578 Graecum
3569 1526 3777 1576 autem

368 1627 430 1680 et
467 1625 821 1696 pervetusto
860 1635 1006 1688 uno,
1052 1620 1382 1676 chartaceo
1423 1619 1618 1676 altero
1660 1614 1768 1693 (3).
1811 1621 1890 1674 Ac
1921 1633 2020 1689 ge-
2131 1623 2450 1692 exemplar
2519 1620 2578 1677 in
2634 1620 2922 1677 Lausiaca
2982 1619 3334 1689 scribenda,
3400 1623 3466 1674 ut
3520 1617 3776 1688 patebit,

369 1720 624 1778 nuitatis
670 1716 779 1786 15
814 1723 1022 1775 notam
1070 1717 1216 1774 huic
1258 1717 1495 1774 inedito
1536 1717 1726 1773 textui
1771 1715 2021 1773 vindico
2132 1720 2265 1792 ipse
2315 1719 2625 1776 Palladius
2671 1718 2976 1774 adhibuit.
3036 1717 3119 1774 Ex
3163 1716 3395 1787 quibus
3442 1715 3777 1786 colligitur,

371 1833 514 1877 cum
568 1821 822 1888 propter
866 1830 1092 1872 nexum
1134 1829 1370 1882 rerum,
1426 1831 1461 1870 δ
1492 1829 1612 1886 qua
1658 1819 1831 1884 parte
1863 1811 2021 1880 nihil
2054 1793 2094 1846 Β
2133 1832 2204 1874 ea
2248 1831 2406 1888 quae
2451 1818 2512 1872 in
2558 1815 2740 1872 editis
2783 1815 3082 1870 Historiae
3117 1813 3439 1870 Lausiacae
3471 1813 3782 1884 exempla-

371 1915 782 1979 desideratur,
831 1917 964 1969 tum
1007 1918 1263 1984 prOpter
1292 1911 1753 1982 simplicitatem
1792 1911 2023 1968 dictio—
2135 1915 2309 1971 ribus
2342 1920 2585 1986 praeter
2635 1913 2813 1981 illud,
2849 1913 3014 1982 quod
3045 1912 3241 1969 codex
3291 1910 3782 1968 Vindobonensis

371 2014 467 2072 nis
514 2017 574 2070 et
632 2010 1017 2082 praeclaram
1075 2009 1263 2066 totius
1317 2009 1463 2065 libri
1522 2009 2017 2080 dispositionem.
2135 2012 2578 2084 suppeditabit,
2661 2012 3078 2082 reperiantur,
3139 2024 3173 2066 e
3240 2010 3406 2066 fonte
3467 2009 3612 2065 satis
3678 2023 3784 2064 an-

371 2111 547 2168 Edita
599 2108 983 2178 exemplaria
1038 2105 1344 2162 Historiae
1395 2104 1721 2161 Lausiacae
1775 2105 1823 2160 si
1879 2119 2023 2161 cum
2135 2111 2311 2181 tiquo
2369 2110 2637 2176 fluxisse,
2690 2115 2872 2179 atque
2926 2109 3113 2164 etiam
3175 2108 3503 2164 observatu
3556 2106 3784 2177 dignis—

372 2210 542 2265 textu
569 2205 796 2261 horum
839 2202 1125 2260 codicum
1161 2201 1426 2267 confers,
1462 2201 1621 2258 mire
1658 2201 2026 2273 interpolata
2138 2209 2294 2265 sima
2365 2222 2517 2263 esse.
2594 2205 2676 2262 De
2735 2205 3033 2275 singulari
3093 2220 3239 2262 vero
3303 2204 3780 2268 necessitudine,

375 2309 435 2362 et
531 2301 901 2373 babylonica
991 2300 1262 2371 quadam
1358 2298 1721 2356 confusione
1815 2299 2025 2356 affecta
2139 2319 2299 2377 quae
2349 2305 2510 2361 inter
2555 2304 2740 2361 istum
2800 2303 3143 2358 Heraclidis
3195 2301 3578 2372 paradisum,
3629 2301 3792 2356 hunc

376 2404 697 2474 apparent,
747 2399 828 2456 ita
861 2403 946 2462 ut.
997 2413 1154 2468 quae
1187 2397 1252 2456 in
1303 2396 1513 2453 medio
1559 2395 1724 2453 libro
1773 2396 2030 2468 legenda
2143 2403 2377 2459 librum
2450 2402 2792 2458 secundum
2873 2406 2934 2455 et
3019 2399 3358 2456 Historiam
3439 2399 3791 2455 Lausiacam

377 2505 539 2566 sunt,
588 2499 867 2570 legantur
917 2495 980 2551 in
1011 2494 1154 2563 ﬁne,
1201 2499 1281 2560 et,
1326 2508 1486 2566 quae
1537 2494 1610 2551 ad
1646 2494 1828 2550 ﬁnem
1881 2509 2029 2566 perv

375 2598 596 2667 tinent,
665 2595 944 2652 medium
999 2593 1206 2650 locum
1274 2597 1581 2662 occupent
1643 2590 1755 2666 (4).
1832 2592 2032 2660 Quare

379 2693 658 2767 primum
712 2690 981 2762 genuino
1041 2689 1348 2746 Historiae
1407 2688 1732 2746 Lausiacae
1780 2688 1856 2745 de
1915 2689 2031 2745 Ma-

2145 2499 2397 2558 Palladii
2444 2498 2831 2554 intercedere
2871 2497 3136 2564 videtur,
3175 2496 3576 2552 disseremus.

2224 2600 2253 2669 §
2313 2599 2367 2654 6.
2428 2595 2725 2666 Expedita
2797 2595 2909 2651 hac
2976 2593 3337 2650 difﬁcultate
3415 2593 3488 2648 ad
3573 2607 3796 2650 novam

2145 2695 2312 2753 haud
2375 2695 2580 2750 minus
2650 2692 3110 2750 incommodam
3166 2691 3544 2754 accedimus,
3609 2704 3796 2761 quam

385 2789 573 2848 cariis
644 2792 835 2852 textu,
906 2801 1092 2859 quem
1152 2802 1226 2843 ex
1302 2785 1626 2843 codieibus
1704 2786 2033 2857 (leScI'lpSi,
2149 2793 2326 2850 aﬁ‘ert
2373 2791 2641 2848 Ruﬁnus.
2693 2791 2746 2848 ls
2795 2790 2910 2848 sub
2941 2788 3211 2846 Valentis
3263 2787 3555 2859 imperio,
3605 2801 3802 2858 quum

390 2889 552 2947 infra
592 2891 886 2954 utemur;
935 2885 1160 2942 deinde
1191 2885 1358 2943 edita
1413 2884 1795 2956 exemplaria
1859 2899 2038 2941 com-
2152 2892 2208 2948 S.
2270 2888 2604 2947 Athanasio
2659 2894 2909 2945 mortuo
2969 2885 3189 2944 Lucius
3241 2885 3369 2942 Arii
3425 2890 3692 2942 sectator
3745 2886 3807 2941 in

392 2983 772 3059 parabimus.
843 2982 1180 3040 Varietates
1236 2981 1384 3038 illae
1444 2981 1505 3038 in
1577 2980 2042 3049 exemplaribus
2152 2989 2585 3061 episcopatum
2668 2985 3074 3043 Alexandriae
3137 2997 3245 3055 per
3314 2983 3668 3047 fenestram,
3742 2987 3808 3040 ut

394 3083 539 3141 inde
572 3086 746 3140 ηδῐδθ
778 3095 910 3138 esse
951 3080 1260 3146 Videntur,
1304 3079 1469 3151 αυοσ
1512 3094 1585 3135 ΒΧ
1625 3078 1765 3135 aliis
1813 3079 1888 3134 de
1921 3077 2040 3135 Vita
2079 3131 2120 3157 Α
2156 3088 2391 3157 dicunt,
2426 3100 2490 3142 se
2522 3085 2890 3149 intrusisset,
2939 3097 3060 3139 una
3100 3097 3243 3139 cum
3291 3080 3545 3137 senibus
3586 3080 3649 3136 in
3699 3081 3806 3137 de-

397 3186 642 3254 patrum
675 3179 870 3236 eremi
903 3178 1150 3250 Scriptis
1191 3176 1377 3234 m0d0
1429 3177 1629 3248 plura.
1669 3177 1856 3234 modo
1890 3191 2044 3248 pau-
2077 3137 2122 3197 ϐ
2157 3189 2322 3242 serto
2394 3183 2657 3245 vivebat,
2735 3181 3030 3250 dirasque
3107 3178 3271 3235 Lucii
3344 3177 3809 3248 persecutiones

397 3278 567 3336 ciora
615 3277 676 3334 in
718 3275 1052 3333 Historiam
1100 3274 1455 3331 Lausiacam
1499 3275 1812 3340 translata,
1863 3282 2046 3345 atque

2174 3280 2518 3338 sustinebat.
2575 3278 2725 3335 Nam
2766 3277 2912 3334 istas
2954 3275 3170 3333 turbas
3215 3274 3574 3331 describens
3616 3275 3750 3346 ipse
3792 3291 3803 3328 :

399 3374 674 3446 antiquis
731 3373 853 3428 iam
923 3372 1314 3442 temporibus
1370 3386 1513 3428 cum
1586 3387 1657 3428 ea
1710 3372 2048 3428 commixta

401 3472 542 3530 sint.
580 3472 623 3528 E
653 3485 778 3543 quo
823 3483 1085 3527 numero
1117 3469 1452 3541 praecipue
1495 3469 1678 3526 illum
1709 3469 2051 3526 Heraclidis

401 3567 761 3642 paradisum
801 3566 989 3623 fuisse
1021 3565 1332 3631 existimo,
1368 3567 1474 3638 qui
1513 3566 1832 3624 dedicatus
1863 3566 2052 3623 fuisse

405 3668 649 3726 videtur
693 3663 781 3741 (δ)
830 3664 1036 3722 eidem
1086 3665 1278 3722 Lauso
1329 3665 1708 3737 praeposito,
1764 3666 1863 3722 cui
1923 3665 2054 3722 Pal-

406 3765 608 3823 ladius
657 3762 989 3822 Historiam
1038 3762 1395 3821 Lausiacam
1443 3763 1776 3834 inscripsit.
1831 3764 1931 3822 Sic
1979 3779 2052 3819 ex

408 3862 752 3937 prooemiis
808 3862 1055 3919 duobus
1112 3861 1418 3919 Historiae
1487 3861 1835 3930 Lausiacae,
1895 3876 2055 3933 quae

409 3961 754 4021 Meursiana
801 3960 993 4018 editio
1043 3955 1242 4026 affert,
1295 3960 1492 4031 prius,
1522 3959 1690 4032 quod
1733 3975 1765 4016 a
1807 3959 2052 4016 verbis:

410 4058 499 4112 Ἐν
545 4059 746 4128 ταύτῃ
788 4062 858 4125 τῇ
894 4053 1096 4126 βίϐλῳ
1140 4076 1191 4107 κ.
1216 4074 1263 4110 τ.
1298 4054 1343 4108 λ.
1370 4058 1589 4130 incipit
1619 4054 1729 4133 (6),
1764 4057 2056 4128 equidem

409 4162 720 4223 Heraclidi
779 4162 1136 4222 tribuerim.
1211 4159 1361 4217 Nam
1437 4154 1781 4213 Palladium
1844 4155 2061 4211 ambas

480 4468 557 4537 (1)
587 4467 676 4522 Jo.
706 4464 940 4521 Meursii
997 4465 1147 4534 Opp.
1183 4477 1255 4516 ex
1301 4475 1418 4515 rec.
1479 4458 1565 4513 Jo.
1613 4455 1776 4512 Lami
1824 4457 1884 4510 T.
1938 4455 2057 4509 Vlll

411 4556 740 4613 Florentiae
780 4554 934 4622 1746,
968 4553 1094 4618 fol.,
1121 4567 1187 4623 p.
1227 4551 1331 4605 334
1357 4580 1419 4588 -
1445 4548 1568 4603 670.

482 4645 558 4717 (2)
587 4644 756 4700 Guill.
788 4642 964 4706 Cave,
1004 4641 1235 4711 Scriptt.
1262 4637 1472 4694 eccles.
1497 4636 1637 4690 Hist.
1673 4635 1780 4689 litt.
1814 4634 1886 4687 de
1918 4633 2056 4688 Pal-

411 4736 573 4791 ladio
612 4734 707 4789 ed.
736 4735 864 4788 Bas.
899 4731 1031 4785 1741
1066 4732 1126 4784 Τ.
1163 4731 1203 4783 Ι.
1233 4745 1291 4799 ρ.
1327 4731 1448 4781 376.
1501 4725 1783 4781 Meursius
1816 4738 2058 4794 quoque

409 4824 654 4882 Palladii
684 4821 994 4895 quandam
1042 4817 1298 4890 διήγησιν
1333 4821 1450 4890 περὶ
1494 4823 1591 4867 τῶν
1630 4815 1744 4866 κατ’
1800 4817 2058 4884 Αἴγυπτον

410 4911 814 4986 διαλαμψάντων
869 4914 1100 4979 πατέρων
1157 4907 1397 4963 invenit.
1461 4911 1650 4976 Atque
1727 4903 2055 4959 Meursius:

411 5023 440 5056 (ί
470 5003 530 5060 id
559 5017 803 5075 quoque
844 5015 998 5070 opus
1031 5019 1082 5065 ι,
1116 4997 1328 5068 inquit,
1365 5016 1388 5046 (ι
1421 4995 1468 5048 si
1501 4994 1734 5064 placere
1779 4993 1934 5047 hanc
1970 4991 2059 5044 Hi-

409 5093 624 5149 storiae
657 5090 978 5145 Lausiacae
995 5086 1315 5141 editionem
1339 5082 1703 5148 intellexero,
1727 5079 2061 5135 communi-

408 5182 583 5239 cabo.
621 5201 644 5232 ι)
676 5178 788 5236 Sed
816 5191 1130 5248 nunquam
1160 5174 1275 5228 hoc
1324 5173 1633 5243 praestitit,
1682 5185 1874 5240 neque
1921 5168 2059 5222 satis

409 5275 568 5328 certo
596 5265 1004 5338 scimus,quid
1035 5263 1133 5319 illo
1152 5261 1542 5318 ineditolibro
1557 5258 2059 5330 comprehensum

408 5359 502 5416 sit.
538 5359 617 5415 Cf.
653 5360 804 5430 Opp.
833 5352 1354 5422 MeursiiT.Vlllp.
1377 5351 1500 5406 332.
1537 5349 1659 5406 668.
1693 5347 1871 5420 [infra
1895 5347 2061 5401 initio

408 5454 647 5507 nostrae
678 5444 959 5502 editionis
987 5442 1274 5497 Historiae
1305 5437 1666 5510 Lausiacae].

408 5597 412 5610 ,
481 5540 561 5608 (3)
583 5537 738 5592 Alter
790 5539 876 5590 est
919 5533 1061 5589 Cod.
1096 5547 1209 5587 ms.
1269 5530 1403 5584 hist.
1451 5543 1646 5598 graec.
1709 5525 1853 5581 Bibl.
1894 5526 2059 5579 Caes.

410 5625 666 5683 Vindob.
699 5625 798 5680 Nr.
829 5623 917 5689 84,
951 5621 1093 5678 olim
1124 5621 1213 5684 29,
1255 5618 1615 5681 membran.,
1662 5617 2058 5686 pervetustus,

418 5717 682 5791 optimae
699 5721 898 5782 notae,
936 5713 1017 5778 4ο,
1041 5716 1098 5770 et
1129 5712 1362 5768 constat
1391 5704 1545 5767 foliis
1562 5706 1685 5764 123.
1710 5703 1868 5761 Alter
1897 5693 2064 5759 etiar-

2164 3401 2192 3430 ‹‹
2233 3380 2344 3435 Per
2386 3378 2575 3441 idem,
2623 3395 2649 3428 ι
2689 3375 2912 3446 inquit,
2957 3395 2977 3424 ε
3027 3379 3273 3444 tempus
3338 3377 3543 3442 patres
3597 3386 3812 3430 mona-

2161 3478 2425 3533 chorum
2479 3475 2638 3530 vitae
2689 3478 2750 3529 et
2795 3471 3178 3543 antiquitatis
3229 3470 3452 3527 merito
3512 3470 3814 3527 Macarius

2164 3579 2223 3631 et
2255 3573 2527 3630 Isidorus
2566 3570 2849 3642 aliusque
2882 3569 3182 3626 Macarius
3227 3574 3412 3639 atque
3463 3567 3815 3624 Heraclides

2164 3675 2223 3729 et
2283 3668 2565 3735 Pambus,
2628 3666 2871 3724 Antonii
2929 3665 3245 3736 discipuli,
3306 3678 3418 3736 per
3471 3664 3812 3735 Aegyptum

2165 3773 2226 3826 et
2273 3765 2544 3824 maxime
2593 3766 2653 3822 in
2710 3764 2940 3822 Nitriae
2993 3763 3222 3820 deserti
3283 3762 3564 3834 partibus
3624 3763 3815 3818 habe-

2168 3864 2392 3924 bantur
2444 3864 2585 3930 viri,
2636 3865 2742 3935 qui
2796 3862 3182 3920 consortium
3239 3861 3397 3917 vitae
3453 3866 3509 3917 et
3563 3864 3813 3916 actuum

2169 3978 2291 4021 non
2321 3977 2466 4020 cum
2511 3962 2734 4018 ceteris
2775 3959 3168 4025 mortalibus,
3210 3958 3317 4015 sed
3354 3972 3496 4014 cum
3530 3956 3817 4028 supernis

2169 4060 2401 4133 angelis
2478 4059 2709 4116 habere
2791 4057 3253 4123 credebantur;
3343 4071 3484 4131 quae
3557 4069 3817 4129 praesens

2170 4155 2293 4215 vidi
2367 4155 2582 4236 loquor,
2660 4160 2709 4212 et
2793 4171 2985 4211 eorum
3054 4158 3206 4228 gesta
3285 4150 3493 4228 refero,
3573 4166 3817 4227 quorum

2168 4460 2374 4512 taceus
2406 4457 2496 4508 est
2521 4451 2660 4506 Cod.
2694 4467 2805 4505 ms.
2835 4449 2971 4505 hist.
3004 4463 3198 4518 graec.
3233 4449 3295 4501 N.
3329 4445 3382 4510 9,
3425 4445 3566 4500 olim
3599 4449 3686 4508 42,
3708 4461 3821 4501 an-

2171 4546 2393 4616 tiquus,
2424 4542 2520 4596 fol.
2565 4542 2811 4603 maiore,
2839 4555 2960 4610 quo
3002 4537 3290 4592 Lausiaca
3345 4536 3678 4590 continetur
3704 4535 3810 4590 fol.

2177 4637 2270 4689 l63
2313 4664 2378 4671 ——
2413 4635 2536 4686 230.
2569 4630 2649 4684 Cf.
2669 4625 3344 4684 Commentt.Lambecii
3380 4624 3639 4678 Vindob.
3688 4627 3820 4678 178?.

2169 4725 2228 4777 T.
2273 4721 2387 4775 VIII
2433 4739 2489 4789 p.
2541 4723 2662 4775 663.
2723 4719 2875 4781 8’10;
2929 4716 3000 4769 de
3056 4714 3249 4770 Nesse]
3315 4713 3496 4767 Catal.
3540 4717 3594 4766 P.
3663 4714 3722 4764 ν.
3759 4728 3815 4782 ρ.

2175 4812 2407 4866 143.31.

2241 4899 2318 4970 (4)
2351 4899 2651 4960 Ordinem,
2685 4913 2838 4964 quos
2876 4912 2966 4948 res
3002 4894 3238 4948 intextu
3281 4891 3556 4946 codicum
3601 4890 3823 4944 Vindo-

2172 4991 2527 5044 bonensium
2563 4991 2895 5048 narrantur,
2929 4984 3074 5051 legis
3109 4983 3164 5035 in
3197 4980 3465 5036 Palladii
3497 4981 3822 5044 Helenopo-

2172 5078 2345 5134 litani
2368 5076 2624 5145 episcopi
2649 5075 2917 5128 Historia
2941 5071 3232 5126 Lausiach
3265 5071 3343 5123 ad
3358 5069 3572 5123 codicis
3609 5068 3822 5121 Vindo-

2173 5168 2440 5222 bonensis
2465 5166 2638 5228 [idem
2671 5164 2922 5216 breviter
2950 5161 3270 5222 delineata,
3331 5157 3483 5211 infra
3510 5157 3646 5210 huic
3681 5172 3819 5210 nos-

2171 5262 2288 5310 trae
2321 5255 2567 5308 editioni
2598 5251 2881 5307 Historiae
2923 5250 3242 5304 Lausiacae
3285 5248 3640 5318 praeposita.

2244 5347 2317 5417 (ὅ)
2353 5345 2431 5398 De
2469 5345 2581 5398 hac
2611 5358 2668 5395 re
2706 5340 2860 5393 infra
2893 5338 3249 5392 videbimus.

2243 5435 2318 5504 (6)
2348 5435 2499 5503 Opp.
2529 5432 2747 5485 Meurs.
2780 5430 2819 5483 Ι.
2855 5427 2891 5481 l.
2928 5445 2985 5498 p.
3029 5426 3152 5482 333.

2244 5523 2322 5594 (7)
2353 5521 2501 5575 Ibid.
2549 5537 2604 5590 p.
2642 5523 2764 5573 337.

2246 5613 2323 5682 (8)
2357 5612 2464 5664 VV.
2501 5613 2600 5664 PP.
2638 5611 2823 5662 ROsw.
2859 5622 2917 5680 p.
2951 5605 3202 5660 448485.
