4092 6256
233 323 287 380 17
1805 324 2038 386 VITAE.

3560 325 3629 379 18

224 449 277 509 in
311 451 665 530 passionibus
708 453 894 514 socius
940 476 1054 517 esse
1095 461 1388 539 promerui
1448 461 1554 541 (1).
1618 481 1647 517 »
1700 458 1857 519 Ruﬁ-
1892 453 1938 506 A
1976 453 2317 512 multitudo
2348 451 2665 509 referebat
2689 447 2796 527 (5).
2830 469 2861 504 ι)
2889 450 3015 518 Qua
3050 452 3111 508 in
3144 451 3405 523 epistola
3435 466 3631 524 quum

227 565 328 608 nus
349 550 408 608 8.
447 551 780 612 Athanasio
801 558 1134 626 superstite
1161 560 1223 618 in
1252 564 1598 634 Aegyptum
1619 558 1860 616 venisse

224 648 495 717 videtur;
547 650 778 708 etenim
840 653 1190 725 Melaniam,
1251 659 1431 717 cuius
1486 658 1740 717 Ruﬁnus
1794 653 1859 710 in

224 745 433 803 itinere
477 761 689 805 comes
740 749 877 817 fuit,
921 751 978 809 S.
1037 754 1405 814 Athanasius
1447 757 1631 815 ovina
1669 753 1856 826 pelle.

186 840 394 916 ‘quam
462 844 595 915 ipse
670 862 705 903 a
768 848 1035 908 Macario
1089 852 1314 911 abbate
1366 856 1531 912 dono
1595 866 1860 923 accepe-

222 946 324 1009 rat,
399 942 652 1003 donavit
722 941 831 1020 (2).
914 948 1110 1020 Atque
1174 948 1280 1017 17
1353 952 1633 1017 Melania,
1696 952 1861 1022 post-

221 1053 397 1111 quam
474 1054 574 1097 res
637 1055 781 1098 suas
852 1045 1259 1105 Alexandriae
1325 1049 1623 1115 vendidit,
1688 1060 1863 1104 mon-

219 1139 335 1193 tem
412 1134 645 1193 Nitriae
707 1137 983 1211 ingressa
1061 1158 1205 1201 cum
1286 1146 1514 1203 sanctis
1580 1145 1862 1217 patribus

219 1233 540 1291 dimidium
582 1234 713 1292 fere
760 1251 992 1296 annum
1026 1242 1388 1299 versabatur
1443 1243 1607 1312 Quos
1635 1241 1863 1299 deinde

220 1345 250 1387 a
306 1332 613 1401 praefecto
675 1334 1083 1395 Alexandriae
1142 1339 1445 1411 relegatos
1516 1341 1576 1396 in
1655 1340 1861 1397 Palae-

220 1427 405 1485 stinae
474 1428 794 1501 regionem
877 1433 1046 1490 circa
1132 1436 1595 1494 Diocaesaream
1680 1437 1862 1494 sitam

222 1531 420 1583 secuta
490 1532 602 1592 est,
687 1527 941 1600 suisque
1014 1536 1074 1587 et
1146 1533 1374 1603 opibus
1445 1540 1505 1591 et
1575 1533 1866 1591 manibus

219 1622 430 1681 sedulo
487 1622 729 1681 adiuvit
798 1622 908 1701 (3).
971 1627 1255 1687 Ruﬁnum
1329 1645 1476 1689 vero
1545 1646 1666 1689 una
1721 1645 1865 1688 cum

222 1720 473 1777 Melania
541 1721 604 1776 in
679 1721 1079 1782 Palaestinam
1153 1727 1473 1786 advenisse
1529 1728 1587 1787 S.
1653 1728 1866 1786 Hiero-

1969 566 2147 609 senes
2207 549 2465 622 Aegypti
2522 571 2548 599 «
2602 548 2989 607 confessores
3036 553 3096 606 et
3136 549 3452 606 voluntate
3499 550 3621 606 iam

1969 653 2276 719 martyres
2336 668 2366 703 »
2423 647 2722 712 nominet,
2786 652 3033 719 tempus
3105 646 3281 704 istius
3335 661 3623 717 persecu-

1970 747 2175 812 tionis,
2238 759 2424 817 quam
2485 745 2705 802 Lucius
2766 744 3057 816 agitabat,
3115 749 3329 817 aperte
3394 745 3625 816 signiﬁ-

1968 848 2145 903 catur
2199 842 2309 919 (6).
2373 842 2479 899 llle
2510 842 2765 914 quidem
2818 842 3088 912 nuntius,
3140 841 3428 899 Ruﬁnum
3477 858 3621 900 cum

1972 942 2231 1000 Melania
2282 940 2709 1012 Hierosolyma
2759 940 3100 1009 advenisse,
3136 955 3327 998 vanus
3371 940 3615 1007 fuerat;

1972 1055 2114 1097 nam
2155 1039 2407 1097 Ruﬁnus
2456 1038 2729 1095 nondum
2763 1051 2839 1095 eo
2893 1041 3145 1095 venerat
3193 1036 3281 1113 (7)
3334 1054 3347 1094 :
3404 1039 3627 1110 probat

1971 1141 2177 1195 tamen
2210 1136 2362 1193 haec
2400 1136 2593 1193 altera
2621 1135 2905 1202 epistola,
2956 1134 3240 1192 Ruﬁnum
3271 1141 3418 1192 tunc
3448 1151 3625 1194 senes

1974 1235 2229 1307 Aegypti
2294 1230 2405 1300 18
2459 1232 2761 1290 invisisse.
2815 1234 3010 1305 Atque
3055 1232 3158 1290 hic
3201 1234 3335 1304 ipse
3387 1233 3465 1291 de
3520 1233 3624 1291 Ni-

1972 1334 2091 1392 tria
2139 1339 2198 1390 et
2248 1332 2326 1389 de
2380 1331 2642 1389 Macario
2694 1346 2727 1387 a
2774 1346 2841 1388 se
2893 1330 3154 1388 visitatis
3208 1331 3272 1388 in
3323 1332 3624 1403 Apologia

1978 1426 2329 1509 [Invectiva]
2368 1431 2413 1487 ΙΙ
2450 1448 2462 1487 :
2514 1447 2543 1482 «
2579 1430 2722 1501 Ego,
2770 1448 2799 1482 ››
2833 1429 3060 1501 inquit,
3096 1448 3127 1483 «
3160 1429 3268 1502 qui
3296 1443 3402 1487 sex
3446 1429 3625 1487 annis

1976 1529 2080 1586 Dei
2134 1542 2321 1586 causa
2387 1531 2811 1584 commoratus
2864 1541 3023 1596 sum,
3080 1532 3140 1583 et
3196 1526 3423 1584 iterum
3483 1530 3623 1598 post

1977 1625 2373 1684 intervallum
2422 1624 2674 1696 aliquod
2720 1623 2858 1680 aliis
2904 1624 3154 1682 duobus
3200 1620 3328 1700 [Ed
3394 1623 3617 1681 Bened.

1976 1728 2117 1795 post
2167 1723 2561 1780 intervallum
2614 1718 2831 1798 aliquot
2882 1717 3019 1777 aliis
3067 1718 3307 1798 diebus],
3367 1721 3475 1779 ubi
3528 1721 3626 1779 Di-

222 1832 441 1890 nymus
492 1817 833 1886 audiverat,
886 1822 994 1893 qui
1050 1823 1363 1883 Florentio
1406 1826 1626 1883 scribit
1661 1846 1673 1884 :
1716 1847 1743 1876 «
1798 1823 1867 1884 Et
1902 1816 1944 1869 Β
1975 1822 2227 1893 dymus.
2256 1864 2267 1875 .
2297 1866 2344 1891 .,
2376 1825 2435 1877 et
2456 1819 2613 1877 utad
2631 1819 2825 1877 eremi
2850 1820 3175 1892 magistros
3199 1819 3627 1892 veniam,qui-

222 1916 361 1987 quia
414 1915 606 1973 frater
653 1915 930 1990 Ruﬁnus,
976 1920 1084 1991 qui
1146 1936 1289 1980 cum
1344 1930 1553 1980 sancta
1608 1923 1867 1981 Melania

224 2012 299 2070 ab
355 2015 628 2084 Aegypto
699 2013 1198 2089 Hierosolymam
1268 2020 1507 2077 venisse
1578 2026 1867 2077 narratur

364 2107 473 2185 (4).
511 2132 535 2160 ››
574 2109 907 2181 Epistolam
961 2114 1167 2172 eidem
1217 2116 1434 2175 Ruﬁno
1482 2117 1864 2175 reddendam

218 2208 281 2267 S.
314 2207 729 2279 Hieronymus
769 2209 965 2269 literis
1008 2213 1085 2270 ad
1126 2213 1505 2273 Florentium
1556 2216 1861 2284 iunxerat,

214 2304 277 2364 in
322 2320 445 2377 qua
495 2304 759 2376 legimus
812 2322 823 2361 ε
885 2327 914 2360 α
965 2309 1167 2368 Audio
1205 2315 1259 2368 te
1318 2312 1575 2384 Aegypti
1628 2318 1865 2370 secreta

218 2408 562 2475 penetrare,
638 2405 1089 2464 monachorum
1164 2408 1431 2466 invisere
1501 2410 1750 2481 choros,
1806 2415 1866 2467 et

218 2500 540 2557 caelestem
572 2499 633 2556 in
673 2505 839 2559 terra
869 2503 1205 2563 circumire
1235 2506 1538 2564 familiam
1570 2525 1583 2577 ;
1622 2529 1650 2560 »
1683 2513 1814 2565 tum
1848 2524 1861 2561 :

222 2616 251 2650 α
309 2598 591 2657 Ruﬁnum
637 2603 803 2660 enim
858 2601 1090 2660 Nitriae
1146 2619 1306 2671 esse,
1366 2611 1427 2664 et
1485 2606 1560 2662 ad
1612 2606 1864 2663 beatum

215 2697 561 2768 perrexisse
637 2699 998 2766 Macarium,
1079 2703 1300 2759 crebra
1373 2704 1863 2761 commeantium

278 2932 355 3000 (1)
401 2934 537 2989 Hist.
573 2936 721 2990 Eccl.
762 2936 865 2991 liii.
921 2938 965 2991 ll
992 2954 1126 3010 cap.
1161 2944 1192 2994 4
1237 2943 1423 2995 Auctt.
1466 2942 1604 2998 Hist.
1646 2942 1865 2999 Eccles.

208 3020 379 3075 Basil.
420 3027 551 3078 1544
586 3042 641 3093 p.
675 3025 799 3091 242,
836 3026 1028 3082 Ruﬁni
1058 3028 1210 3098 Opp.
1244 3029 1336 3084 ed.
1366 3030 1608 3086 Vallarsi
1651 3049 1709 3102 p.
1741 3032 1867 3097 271,

205 3110 392 3177 Migne
425 3112 638 3166 Patrol.
672 3116 731 3169 T.
764 3115 874 3169 XXI
913 3133 968 3185 p.
1004 3118 1126 3170 511.

208 3198 209 3201 “
274 3199 597 3269 (2)Textus
656 3204 884 3258 Meursii
939 3220 1010 3259 eo
1067 3205 1217 3267 loco,
1277 3222 1400 3277 quo
1452 3210 1525 3262 de
1556 3207 1668 3263 hac
1718 3209 1869 3280 pelle

204 3293 499 3354 narratur,
560 3297 877 3361 corruptus
930 3299 1038 3348 est.
1071 3294 1306 3362 Legitur
1334 3296 1490 3349 enim
1547 3316 1559 3349 :
1595 3319 1622 3346 ‹‹
1659 3296 1871 3350 Κώδιον

205 3374 471 3449 προϐάτου
535 3379 763 3447 μεγάλου
817 3384 1027 3450 ἤνεγκεν
1085 3382 1138 3452 [ἠ
1206 3383 1385 3455 ὕαινα]
1445 3392 1518 3454 τῷ
1590 3385 1723 3456 ἁγίῳ
1780 3392 1873 3439 καὶ

204 3469 449 3537 μακαρίῳ
493 3472 769 3540 Μακαρίῳ,
821 3470 941 3544 ὅπερ
1002 3468 1194 3522 κώδιον
1252 3472 1402 3533 οὗτος
1438 3475 1463 3524 ὁ
1498 3481 1590 3525 τοῦ
1635 3482 1873 3547 Χριστοῦ

206 3549 395 3613 δοῦλος
444 3555 803 3608 καταλέλοιπεν
859 3558 929 3629 τῷ
994 3559 1126 3630 ἁγίῳ
1195 3566 1283 3612 καὶ
1358 3568 1599 3636 μακαρίῳ
1654 3564 1871 3617 Ἀθανα-

207 3645 307 3712 σίῳ
365 3650 437 3713 τῷ
499 3644 729 3715 μεγάλῳ,
791 3649 859 3708 ὡς
922 3644 980 3699 δὲ
1032 3654 1121 3700 καὶ
1176 3652 1206 3707 ἡ
1262 3656 1499 3725 μακαρία
1556 3648 1717 3710 δούλη
1780 3662 1871 3706 τοῦ

202 3737 442 3802 Χριστοῦ
474 3733 678 3791 Μελάνη
721 3754 810 3805 μοι
842 3734 997 3799 εἶπεν,
1031 3738 1110 3788 ὅτι
1149 3742 1319 3810 παρὰ
1370 3747 1485 3791 τοῦ
1536 3740 1725 3811 ἁγίου
1765 3747 1871 3794 καὶ

206 3820 581 3890 θαυμασίου
624 3820 858 3896 ἀνδρὸς
890 3832 1229 3900 Μακαριου
1262 3826 1556 3898 ἐγὼέλαϐον
1587 3833 1644 3880 τὸ
1676 3827 1870 3882 κώδιον

203 3906 366 3960 ἐκεῖνο
415 3929 467 3962 κ.
524 3930 573 3963 τ.
626 3910 672 3965 λ.
726 3914 890 3981 (Hist.
943 3915 1113 3969 Laus.
1181 3915 1275 3969 ed.
1333 3919 1540 3971 Meurs.
1598 3934 1737 3989 cap.
1802 3923 1864 3973 21

202 4012 265 4066 p.
308 3997 453 4067 140.)
515 3998 623 4053 Ubi
655 4000 780 4054 sine
831 4000 1017 4057 dubio
1068 4003 1386 4072 legendum
1445 4011 1531 4060 est
1560 4021 1572 4059 :
1602 4010 1745 4080 παρὰ
1777 4014 1869 4058 τοῦ

205 4084 365 4155 ἁγίου
396 4090 486 4138 καὶ
528 4089 825 4159 θαυμασίου
867 4087 1059 4163 ἀνδρὸς
1097 4097 1419 4163 μακαρίου
1472 4094 1869 4147 Ἀθανασίου

203 4193 257 4228 κ.
292 4195 343 4229 τ.
376 4174 425 4232 λ.
455 4177 693 4232 Codices
709 4179 1204 4236 Vindobonenses
1226 4182 1517 4237 Historiae
1550 4184 1871 4239 Lausiacae

203 4268 368 4319 recte
424 4266 694 4321 scribunt
747 4284 760 4321 :
827 4268 949 4341 ὅπερ
1005 4266 1199 4321 κώδιον
1265 4270 1421 4332 αὐτὸς
1494 4271 1731 4324 κατέλιπε
1796 4282 1871 4343 τῷ

204 4353 347 4423 άγίῳ
411 4354 710 4426 Ἀθανασίῳ
769 4364 840 4427 τῷ
919 4355 1210 4429 ἐπισκόπῳ,
1265 4364 1364 4412 Καὶ
1426 4361 1456 4417 ἡ
1523 4366 1760 4436 μακαρία
1807 4358 1872 4414 δὲ

203 4441 415 4500 Ms).an
450 4441 558 4495 εἷπέ
594 4464 683 4514 μοι
717 4464 729 4475 ⁸
768 4446 847 4497 ὅτι
898 4449 1033 4521 παρὰ
1078 4455 1187 4498 τοῦ
1245 4448 1428 4519 ἁγίου
1496 4449 1872 4502 Ἀθανασίου

1979 1922 2094 1978 bus
2145 1924 2205 1977 et
2234 1918 2524 1977 attentius
2553 1924 2614 1975 et
2644 1918 3030 1990 frequentius
3074 1920 3467 1983 vacabamus,
3512 1917 3622 1976 ubi

1977 2017 2280 2076 Macarius
2332 2017 2579 2074 Antonii
2612 2017 2976 2088 discipulus.
3008 2022 3068 2073 et
3097 2018 3251 2074 alter
3300 2016 3623 2088 Macarius,

1975 2120 2036 2174 et
2062 2115 2360 2183 Isidorus,
2394 2120 2455 2172 et
2489 2114 2772 2171 Pambus.
2815 2158 2825 2168 .
2863 2110 2973 2190 (8).
3014 2136 3040 2165 »
3071 2113 3185 2171 Sex
3215 2113 3312 2170 isti
3346 2113 3512 2175 anni,
3547 2113 3624 2169 de

1974 2213 2205 2285 quibus
2261 2212 2559 2285 loquitur,
2613 2212 2765 2283 quin
2816 2211 3249 2283 migrationem
3309 2210 3507 2281 ipSius
3550 2206 3625 2267 ex

1978 2312 2253 2383 Aegypto
2300 2310 2361 2367 in
2410 2310 2811 2367 Palaestinam
2861 2308 3321 2372 antecesserint,
3357 2308 3621 2365 dubium

1976 2424 2109 2466 esse
2168 2408 2403 2480 nequit.
2478 2408 2628 2466 Istos
2697 2420 2948 2479 quoque
3004 2406 3162 2464 duos
3231 2420 3423 2463 annos
3502 2402 3622 2480 [vel

1974 2503 2193 2583 aliquot
2241 2502 2405 2582 dies],
2450 2504 2597 2577 quia
2644 2503 2953 2562 Palladius
3002 2504 3311 2570 Ruﬁnum,
3351 2504 3624 2576 Aegypto

1975 2604 2214 2675 relicta,
2248 2603 2696 2674 Hierosolymis
2726 2618 2846 2660 una
2891 2617 3033 2660 cum
3082 2601 3338 2659 Melania
3382 2600 3625 2671 degisse

1976 2708 2186 2760 narrat
2229 2700 2343 2777 (9),
2390 2702 2452 2758 ἱη
2492 2701 2750 2758 alteram
2806 2697 2916 2768 l9
2968 2696 3270 2776 [brevem]
3314 2698 3627 2771 quandam

1978 2941 2192 3013 Μάρκος
2222 2942 2275 2993 et
2307 2940 2577 3011 Μακάριος
2610 2937 2683 2991 cf.
2719 2935 3088 3007 infra'Caput
3120 2936 3202 2990 ΙΙΙ.

2052 3030 2129 3101 (3)
2172 3028 2314 3084 Hist.
2348 3030 2517 3083 Laus.
2546 3026 2640 3082 ed.
2676 3028 2887 3081 Meurs.
2918 3042 3051 3096 cap.
3089 3032 3185 3080 117
3217 3027 3371 3095 Opp.
3416 3027 3625 3079 Meurs.

1982 3118 2018 3172 Ι.
2054 3121 2093 3172 l.
2128 3135 2182 3188 p.
2219 3120 2342 3172 594.

2054 3207 2130 3277 (4)
2163 3209 2263 3277 Ep.
2288 3209 2342 3270 4,
2376 3207 2431 3261 8.
2462 3205 2695 3260 Hieron.
2726 3203 2878 3275 Opp.
2900 3203 2989 3259 ed.
3021 3203 3213 3272 Migne
3239 3205 3298 3258 Τ.
3332 3204 3353 3257 ι
3382 3201 3624 3274 [Patro].

1982 3298 2041 3350 T.
2080 3296 2229 3365 xxu]
2260 3310 2317 3367 p.
2353 3299 2475 3350 336.

2057 3385 2132 3455 (5)
2171 3384 2271 3438 Ed.
2302 3388 2353 3447 3,
2386 3383 2530 3438 ibid.
2564 3400 2621 3451 p.
2652 3387 2776 3438 332.
2809 3386 2933 3439 333.

2056 3473 2137 3544 (6)
2201 3473 2257 3527 S.
2330 3473 2559 3527 Hieron.
2633 3474 2779 3542 Opp.
2846 3470 2939 3524 ed.
2976 3470 3164 3539 Migne
3192 3472 3251 3525 Τ.
3330 3469 3628 3542 l[Patrol.

1982 3562 2045 3618 T.
2082 3562 2236 3632 XXII]
2270 3560 2451 3615 Praef.
2487 3578 2543 3631 p.
2586 3561 2758 3615 XLIX.

2055 3651 2127 3720 (7)
2163 3671 2190 3702 α
2226 3650 2471 3706 Ruﬁnus
2505 3655 2705 3705 autem
2747 3649 2942 3713 frater,
2993 3655 3052 3703 ut
3099 3648 3326 3712 scribis,
3369 3649 3628 3703 necdum

1985 3740 2160 3793 venit.
2201 3762 2227 3787 ››
2287 3740 2342 3794 8.
2389 3740 2621 3794 Hieron.
2660 3755 2790 3809 cap.
2844 3742 2872 3792 5
2922 3738 2998 3792 ad
3047 3737 3427 3802 Florentium,
3481 3736 3627 3789 ibid.

1983 3842 2040 3898 p.
2072 3827 2194 3883 336.

2053 3916 2128 3987 (8)
2156 3916 2349 3971 Ruﬁni
2367 3915 3005 3988 Apologiallnvectiva]
3033 3914 3094 3969 in
3125 3917 3179 3971 S.
3202 3916 3629 3985 Hieronymum

1979 4004 2083 4060 lib.
2120 4006 2163 4059 II
2191 4020 2323 4076 cap.
2389 4010 2447 4059 l2
2480 4006 2629 4075 Opp.
2681 4005 2751 4059 ed
2786 4004 3034 4059 Vallarsi
3069 4020 3124 4074 p.
3161 4004 3261 4057 367
3294 4020 3431 4058 cum
3466 4011 3627 4068 nota,

1982 4094 2168 4162 Migne
2222 4094 2432 4149 Patrol.
2484 4097 2544 4150 T.
2601 4096 2704 4149 XXI
2737 4109 2795 4164 p.
2831 4096 2969 4159 594;
3003 4094 3058 4146 S.
3092 4093 3327 4147 Hieron.
3364 4095 3514 4164 Opp.
3558 4092 3630 4146 ed

1983 4183 2200 4237 Bened.
2225 4184 2282 4237 T.
2319 4184 2384 4236 IV
2412 4185 2467 4236 P.
2504 4185 2567 4236 ll.
2600 4198 2656 4252 p.
2691 4185 2821 4236 424.

2052 4271 2129 4343 (9)
2164 4270 2303 4326 Hist.
2332 4270 2506 4325 Laus.
2554 4270 2648 4326 ed.
2682 4270 2895 4326 Meurs.
2923 4285 3057 4340 cap.
3096 4270 3195 4324 119
3226 4270 3376 4340 Opp.
3424 4271 3631 4326 Meurs.

1982 4360 2018 4415 1.
2077 4360 2116 4413 Ι.
2148 4376 2208 4429 p.
2251 4359 2375 4415 596.
2410 4358 2707 4414 Palladius
2744 4358 3007 4427 tradidit,
3038 4359 3314 4426 Ruﬁnum
3352 4358 3632 4413 Hieroso-

1986 4450 2102 4518 lym
2110 4451 2159 4503 is
2173 4448 2382 4518 viginti
2392 4455 2606 4517 septem
2623 4463 2809 4503 annos
2824 4464 2939 4503 una
2953 4463 3081 4502 cum
3100 4447 3363 4503 Melania
3378 4448 3633 4514 hospites

203 4529 371 4583 ἐκεῖνο
428 4535 486 4583 τὸ
524 4529 715 4585 κώδιον
770 4533 969 4600 ἔλαϐον,
1021 4536 1180 4598 ξένιον
1232 4546 1327 4599 τῆς
1363 4539 1542 4599 ὑαίνης
1582 4539 1867 4610 λεγόμενον.

1988 4538 2247 4607 undique
2271 4537 2659 4592 adventantes
2687 4536 2993 4605 excepisse.
3025 4536 3195 4600 Quod
3226 4552 3347 4591 non
3384 4538 3633 4592 omnino

1982 4641 2187 4680 verum
2223 4642 2350 4680 esse
2382 4630 2591 4696 potest.
2624 4629 2771 4681 Nam
2821 4625 3069 4679 Ruﬁnus
3104 4626 3223 4680 iam
3255 4625 3408 4679 duos
3440 4641 3633 4680 annos
3680 4670 3685 4673 .

203 4619 391 4674 Aliter
420 4621 671 4677 omnino
696 4622 770 4677 de
804 4624 971 4694 pellis
1002 4625 1328 4681 donatione
1365 4627 1542 4683 refert
1574 4626 1873 4698 fragmen-

202 4710 360 4773 tum,
394 4708 558 4780 quod
588 4716 775 4766 exstat
802 4712 861 4766 in
886 4712 1092 4768 codice
1124 4730 1237 4768 ms.
1287 4715 1466 4770 theol.
1503 4731 1700 4784 graec.
1728 4716 1869 4776 Bibl.

206 4796 383 4853 Caes.
409 4797 666 4852 Vindob.
695 4802 827 4855 Nro.
848 4802 972 4867 274,
1004 4802 1145 4857 olim
1168 4804 1294 4869 238,
1331 4804 1514 4859 chart.
1536 4804 1639 4859 fol.
1666 4807 1789 4870 247,
1818 4810 1871 4859 2,

212 4883 280 4939 in
312 4885 529 4940 harum
578 4889 1002 4959 quaestionum
1040 4891 1382 4961 Appendice
1410 4893 1603 4962 priore
1641 4894 1756 4949 sub
1808 4895 1874 4947 IV

200 4974 376 5044 typis
433 4990 746 5042 excusum,
772 4978 872 5032 ubi
892 4977 1154 5047 legimus
1192 4997 1204 5034 :
1238 4977 1463 5046 Κώδιον,
1498 4982 1619 5055 ὅπερ
1663 4983 1689 5033 ὁ
1724 4982 1874 5052 ἅγιος

196 5064 424 5133 Μάρκος
472 5063 807 5117 καταλέλοιπε
872 5076 940 5137 τῷ
995 5067 1129 5139 ἁγίῳ
1190 5074 1444 5142 Μακαρίῳ
1508 5078 1579 5140 τῷ
1640 5072 1869 5143 μεγάλῳ,

198 5155 300 5202 καὶ
353 5152 504 5213 οὗτος
564 5161 626 5225 τῇ
682 5160 917 5227 μακαρίᾳ
976 5156 1178 5230 Μελάνῃ
1236 5158 1424 5230 ἀφῆκεν
1482 5163 1539 5210 τὸ
1589 5158 1747 5221 ξένιον
1778 5169 1874 5221 τῆς

196 5239 795 5313 ὑαίναςὶπιλεγὸμενον.
852 5244 965 5299 Sed
1018 5245 1130 5300 hoc
1187 5246 1595 5315 fragmentum
1652 5249 1872 5304 recenti

196 5345 398 5385 manu
427 5330 792 5400 negligenter
820 5333 1107 5403 scriptum
1164 5350 1281 5390 non
1312 5341 1505 5406 potest
1538 5337 1872 5393 auctoritati

197 5418 488 5473 codicum
503 5419 741 5474 illorum
765 5421 1049 5477 Historiae
1066 5425 1389 5479 Lausiacae
1407 5426 1655 5495 opponi.
1672 5428 1871 5497 Neque

195 5522 351 5561 vero
372 5510 620 5573 Marcus,
646 5508 749 5563 sed
779 5510 1074 5566 Macarius
1108 5512 1568 5579 Alexandrinus,
1596 5513 1812 5584 pellem
1838 5531 1874 5570 a

196 5593 425 5652 leaena
440 5598 689 5669 accepit,
703 5613 891 5669 quam
903 5600 1233 5657 Athanasio
1245 5602 1497 5675 reliquit.
1517 5602 1708 5658 Ruﬁn.
1726 5603 1868 5659 Hist.

200 5684 366 5741 Eccl.
396 5685 497 5743 lib.
525 5685 575 5741 Il
607 5702 740 5759 cap.
772 5687 869 5744 41.
896 5688 939 5743 Ι.
976 5690 1054 5745 De
1085 5692 1525 5762 permutatione
1545 5690 1870 5750 nominum
1974 5691 2136 5755 duos
2182 5688 2617 5762 Hierosolymis
2642 5681 3090 5755 vixisse,fstatui
3113 5685 3343 5752 nequit.
3371 5687 3444 5739 At
3481 5695 3642 5736 error

1983 4714 2311 4785 Aquileiam
2366 4729 2640 4768 reversus
2689 4715 3002 4769 Anastasio
3060 4714 3254 4784 Papae
3326 4729 3486 4768 anno
3531 4715 3631 4768 301

1985 4804 2241 4873 scripsrt,
2267 4818 2329 4858 se
2343 4806 2474 4871 post
2500 4803 2748 4872 triginta
2769 4803 2898 4872 fere
2921 4819 3109 4858 annos
3129 4802 3482 4873 parentibus
3504 4804 3635 4859 red-

1982 4891 2171 4947 ditum
2199 4907 2337 4947 esse.
2375 4891 2569 4946 Ruﬁni
2598 4891 2890 4962 Apologia
2920 4892 2995 4946 ad
3016 4892 3400 4947 Anastasium
3418 4908 3551 4963 cap.
3587 4897 3634 4960 1,

1982 4980 2126 5051 Opp.
2184 4982 2278 5035 ed.
2328 4979 2577 5035 Vallarsi
2630 4997 2682 5050 p.
2718 4984 2841 5046 403,
2905 4980 3097 5050 Migne
3152 4980 3367 5035 Patrol.
3415 4983 3474 5035 T.
3532 4982 3634 5055 XX,

1984 5071 2201 5140 p.623.
2237 5070 2293 5125 S.
2325 5069 2559 5124 Hieron.
2616 5068 2781 5139 Apol.
2842 5072 2905 5133 ll,
2958 5070 3014 5125 S.
3064 5070 3295 5124 Hieron.
3349 5069 3501 5139 Opp.
3535 5068 3633 5123 ed-

1984 5159 2201 5214 Bened.
2235 5161 2294 5214 T.
2327 5158 2396 5212 IV
2422 5174 2480 5229 p.
2516 5162 2638 5213 389.
2674 5157 2838 5213 Idem
2881 5158 2999 5213 fere
3040 5158 3288 5213 Ruﬁnus
3316 5159 3544 5229 passim
3572 5158 3630 5211 in

1982 5247 2287 5318 Apologiis
2346 5246 2704 5318 [Invectivisj
2758 5247 2815 5300 in
2862 5245 2920 5301 S.
2971 5246 3403 5317 Hieronymum
3436 5246 3633 5303 tradit.

1984 5335 2179 5391 Ruﬁni
2238 5335 2405 5406 Apol.
2462 5334 2801 5408 [Invectiva]
2834 5334 2935 5389 lib.
2975 5335 3022 5388 Il
3063 5350 3197 5404 cap.
3232 5334 3320 5399 22,
3358 5337 3509 5405 Opp.
3538 5334 3634 5387 ed.

1984 5424 2229 5480 Vallarsi
2264 5440 2320 5494 p.
2372 5427 2493 5489 381,
2530 5425 2720 5491 Migne
2747 5422 2785 5475 1.
2818 5422 2856 5477 l.
2891 5438 2950 5493 p.
3000 5422 3157 5490 560.;
3195 5425 3250 5478 S.
3293 5421 3637 5492 Hieronymi

1983 5515 2134 5585 Opp.
2169 5513 2263 5568 ed.
2300 5512 2520 5568 Bened.
2563 5512 2624 5566 T.
2668 5511 2734 5563 IV
2763 5526 2823 5579 p.
2860 5515 2984 5567 376.
3016 5512 3164 5577 Ergo
3196 5512 3499 5575 Ruﬁnum,
3533 5509 3638 5580 qui

1982 5602 2041 5657 in
2073 5604 2341 5673 Aegypto
2365 5617 2469 5673 per
2490 5598 2842 5655 sexennium
2868 5595 3203 5667 degit,plus
3224 5595 3639 5666 annosviginti
