  <div class='ocr_page' id='page_1' title='image "/cluster/home/n/w/nwhite01/storage/ocr_20150623/34/mdp.39015041165401/021.png"; bbox 0 0 4092 6256; ppageno 0'>
   <div class='ocr_carea' id='block_1_1' title="bbox 445 291 3830 360">
    <p class='ocr_par' dir='ltr' id='par_1_1' title="bbox 445 291 3830 360">
     <span class='ocr_line' id='line_1_1' title="bbox 445 291 3830 360; baseline -0.003 -3"><span class='ocrx_word' id='word_1_1' title='bbox 445 302 516 357; x_wconf 83' lang='grc'><strong>19</strong></span> <span class='ocrx_word' id='word_1_2' title='bbox 1332 301 1438 358; x_wconf 88' lang='lat' dir='ltr'><strong>SS.</strong></span> <span class='ocrx_word' id='word_1_3' title='bbox 1484 303 1974 360; x_wconf 81' lang='lat' dir='ltr'><strong>MACARIOBUM</strong></span> <span class='ocrx_word' id='word_1_4' title='bbox 2014 301 2322 360; x_wconf 80' lang='lat' dir='ltr'><strong>AEGY-PTI</strong></span> <span class='ocrx_word' id='word_1_5' title='bbox 2363 303 2445 358; x_wconf 86' lang='lat' dir='ltr'><strong>ET</strong></span> <span class='ocrx_word' id='word_1_6' title='bbox 2481 297 2975 357; x_wconf 82' lang='lat' dir='ltr'><strong>ALEXANDRINI</strong></span> <span class='ocrx_word' id='word_1_7' title='bbox 3764 291 3830 348; x_wconf 75' lang='lat'><strong>20</strong></span> 
     </span>
    </p>
   </div>
   <div class='ocr_carea' id='block_1_2' title="bbox 419 422 3831 504">
    <p class='ocr_par' dir='ltr' id='par_1_2' title="bbox 419 422 3831 504">
     <span class='ocr_line' id='line_1_2' title="bbox 419 422 3831 504; baseline -0.003 -14"><span class='ocrx_word' id='word_1_8' title='bbox 419 432 980 490; x_wconf 74' lang='lat' dir='ltr'><strong>commorationem</strong></span> <span class='ocrx_word' id='word_1_9' title='bbox 1022 432 1246 490; x_wconf 84' lang='lat' dir='ltr'><strong>cadere</strong></span> <span class='ocrx_word' id='word_1_10' title='bbox 1288 432 1655 502; x_wconf 79' lang='lat' dir='ltr'><strong>credideris,</strong></span> <span class='ocrx_word' id='word_1_11' title='bbox 1701 447 1890 504; x_wconf 88' lang='lat' dir='ltr'><strong>quam</strong></span> <span class='ocrx_word' id='word_1_12' title='bbox 1939 432 2067 490; x_wconf 90' lang='lat' dir='ltr'><strong>Ru-</strong></span> <span class='ocrx_word' id='word_1_13' title='bbox 2102 430 2147 481; x_wconf 82' lang='lat' dir='ltr'><strong>A</strong></span> <span class='ocrx_word' id='word_1_14' title='bbox 2182 431 2519 504; x_wconf 91' lang='lat' dir='ltr'><strong>principio,</strong></span> <span class='ocrx_word' id='word_1_15' title='bbox 2592 443 2780 502; x_wconf 88' lang='lat' dir='ltr'><strong>quem</strong></span> <span class='ocrx_word' id='word_1_16' title='bbox 2855 432 2916 484; x_wconf 90' lang='lat' dir='ltr'><strong>et</strong></span> <span class='ocrx_word' id='word_1_17' title='bbox 2989 422 3364 484; x_wconf 87' lang='lat' dir='ltr'><strong>catholicum</strong></span> <span class='ocrx_word' id='word_1_18' title='bbox 3427 426 3488 479; x_wconf 89' lang='lat' dir='ltr'><strong>et</strong></span> <span class='ocrx_word' id='word_1_19' title='bbox 3550 425 3831 480; x_wconf 86' lang='lat' dir='ltr'><strong>sanctum</strong></span> 
     </span>
    </p>
   </div>
   <div class='ocr_carea' id='block_1_3' title="bbox 419 528 2068 602">
    <p class='ocr_par' dir='ltr' id='par_1_3' title="bbox 419 528 2068 602">
     <span class='ocr_line' id='line_1_3' title="bbox 419 528 2068 602; baseline 0 -16"><span class='ocrx_word' id='word_1_20' title='bbox 419 528 579 586; x_wconf 91' lang='lat' dir='ltr'><strong>ﬁnus</strong></span> <span class='ocrx_word' id='word_1_21' title='bbox 627 530 1038 587; x_wconf 81' lang='lat' dir='ltr'><strong>Alexandriae</strong></span> <span class='ocrx_word' id='word_1_22' title='bbox 1088 530 1321 597; x_wconf 88' lang='lat' dir='ltr'><strong>fecerit,</strong></span> <span class='ocrx_word' id='word_1_23' title='bbox 1370 535 1701 602; x_wconf 82' lang='lat' dir='ltr'><strong>antequam</strong></span> <span class='ocrx_word' id='word_1_24' title='bbox 1753 530 1815 587; x_wconf 89' lang='lat' dir='ltr'><strong>in</strong></span> <span class='ocrx_word' id='word_1_25' title='bbox 1864 529 2068 588; x_wconf 88' lang='lat' dir='ltr'><strong>Palae-</strong></span> 
     </span>
    </p>
   </div>
   <div class='ocr_carea' id='block_1_4' title="bbox 420 625 2068 704">
    <p class='ocr_par' dir='ltr' id='par_1_4' title="bbox 420 625 2068 704">
     <span class='ocr_line' id='line_1_4' title="bbox 420 625 2068 704; baseline 0 -20"><span class='ocrx_word' id='word_1_26' title='bbox 420 627 644 684; x_wconf 88' lang='lat' dir='ltr'><strong>stinam</strong></span> <span class='ocrx_word' id='word_1_27' title='bbox 699 627 922 683; x_wconf 90' lang='lat' dir='ltr'><strong>abiret.</strong></span> <span class='ocrx_word' id='word_1_28' title='bbox 980 628 1155 684; x_wconf 83' lang='lat' dir='ltr'><strong>Certe</strong></span> <span class='ocrx_word' id='word_1_29' title='bbox 1197 628 1258 684; x_wconf 89' lang='lat' dir='ltr'><strong>hi</strong></span> <span class='ocrx_word' id='word_1_30' title='bbox 1307 629 1431 684; x_wconf 93' lang='lat' dir='ltr'><strong>duo</strong></span> <span class='ocrx_word' id='word_1_31' title='bbox 1483 629 1625 684; x_wconf 90' lang='lat' dir='ltr'><strong>anni</strong></span> <span class='ocrx_word' id='word_1_32' title='bbox 1682 625 1801 704; x_wconf 80' lang='lat' dir='ltr'><strong>[vel</strong></span> <span class='ocrx_word' id='word_1_33' title='bbox 1849 626 2068 704; x_wconf 72' lang='lat' dir='ltr'><strong>aliquot</strong></span> 
     </span>
    </p>
   </div>
   <div class='ocr_carea' id='block_1_5' title="bbox 420 721 2070 800">
    <p class='ocr_par' dir='ltr' id='par_1_5' title="bbox 420 721 2070 800">
     <span class='ocr_line' id='line_1_5' title="bbox 420 721 2070 800; baseline 0.002 -21"><span class='ocrx_word' id='word_1_34' title='bbox 420 721 558 800; x_wconf 72' lang='lat' dir='ltr'><strong>dies]</strong></span> <span class='ocrx_word' id='word_1_35' title='bbox 616 739 847 781; x_wconf 89' lang='lat' dir='ltr'><strong>annum</strong></span> <span class='ocrx_word' id='word_1_36' title='bbox 907 726 1044 792; x_wconf 87' lang='lat'><strong>385,</strong></span> <span class='ocrx_word' id='word_1_37' title='bbox 1099 739 1224 797; x_wconf 92' lang='lat' dir='ltr'><strong>quo</strong></span> <span class='ocrx_word' id='word_1_38' title='bbox 1283 726 1665 797; x_wconf 84' lang='lat' dir='ltr'><strong>Theophilus</strong></span> <span class='ocrx_word' id='word_1_39' title='bbox 1737 725 2070 798; x_wconf 90' lang='lat' dir='ltr'><strong>episcopus</strong></span> 
     </span>
    </p>
   </div>
   <div class='ocr_carea' id='block_1_6' title="bbox 424 821 2068 896">
    <p class='ocr_par' dir='ltr' id='par_1_6' title="bbox 424 821 2068 896">
     <span class='ocr_line' id='line_1_6' title="bbox 424 821 2068 896; baseline 0.001 -17"><span class='ocrx_word' id='word_1_40' title='bbox 424 821 831 879; x_wconf 83' lang='lat' dir='ltr'><strong>Alexandriae</strong></span> <span class='ocrx_word' id='word_1_41' title='bbox 896 821 1090 880; x_wconf 88' lang='lat' dir='ltr'><strong>factus</strong></span> <span class='ocrx_word' id='word_1_42' title='bbox 1147 829 1236 879; x_wconf 90' lang='lat' dir='ltr'><strong>est</strong></span> <span class='ocrx_word' id='word_1_43' title='bbox 1300 821 1411 896; x_wconf 91' lang='grc'><strong>(1),</strong></span> <span class='ocrx_word' id='word_1_44' title='bbox 1463 823 1854 880; x_wconf 89' lang='lat' dir='ltr'><strong>antecedunt.</strong></span> <span class='ocrx_word' id='word_1_45' title='bbox 1918 823 2068 880; x_wconf 89' lang='lat' dir='ltr'><strong>Nam</strong></span> 
     </span>
    </p>
   </div>
   <div class='ocr_carea' id='block_1_7' title="bbox 421 918 2064 991">
    <p class='ocr_par' dir='ltr' id='par_1_7' title="bbox 421 918 2064 991">
     <span class='ocr_line' id='line_1_7' title="bbox 421 918 2064 991; baseline -0.002 -15"><span class='ocrx_word' id='word_1_46' title='bbox 421 918 479 976; x_wconf 89' lang='lat' dir='ltr'><strong>S.</strong></span> <span class='ocrx_word' id='word_1_47' title='bbox 526 919 942 990; x_wconf 88' lang='lat' dir='ltr'><strong>Hieronymus</strong></span> <span class='ocrx_word' id='word_1_48' title='bbox 994 919 1054 976; x_wconf 93' lang='lat' dir='ltr'><strong>in</strong></span> <span class='ocrx_word' id='word_1_49' title='bbox 1113 920 1411 991; x_wconf 84' lang='lat' dir='ltr'><strong>Apologia</strong></span> <span class='ocrx_word' id='word_1_50' title='bbox 1459 919 1676 977; x_wconf 94' lang='lat' dir='ltr'><strong>Ruﬁno</strong></span> <span class='ocrx_word' id='word_1_51' title='bbox 1725 939 1737 977; x_wconf 95' lang='lat'>:</span> <span class='ocrx_word' id='word_1_52' title='bbox 1792 940 1820 970; x_wconf 85' lang='lat'>«</span> <span class='ocrx_word' id='word_1_53' title='bbox 1866 921 1976 987; x_wconf 91' lang='lat' dir='ltr'><strong>Tu,</strong></span> <span class='ocrx_word' id='word_1_54' title='bbox 2037 943 2064 972; x_wconf 83' lang='grc'><strong>››</strong></span> 
     </span>
    </p>
   </div>
   <div class='ocr_carea' id='block_1_8' title="bbox 422 1014 2072 1093">
    <p class='ocr_par' dir='ltr' id='par_1_8' title="bbox 422 1014 2072 1093">
     <span class='ocr_line' id='line_1_8' title="bbox 422 1014 2072 1093; baseline 0 -19"><span class='ocrx_word' id='word_1_55' title='bbox 422 1016 648 1088; x_wconf 87' lang='lat' dir='ltr'><strong>inquit,</strong></span> <span class='ocrx_word' id='word_1_56' title='bbox 691 1037 713 1067; x_wconf 85' lang='grc'><em>‹</em></span> <span class='ocrx_word' id='word_1_57' title='bbox 764 1022 1092 1089; x_wconf 85' lang='lat' dir='ltr'><strong>postquam</strong></span> <span class='ocrx_word' id='word_1_58' title='bbox 1128 1017 1228 1074; x_wconf 89' lang='lat' dir='ltr'><strong>hic</strong></span> <span class='ocrx_word' id='word_1_59' title='bbox 1280 1014 1706 1093; x_wconf 76' lang='lat' dir='ltr'><strong>[TheOphilus]</strong></span> <span class='ocrx_word' id='word_1_60' title='bbox 1740 1017 2072 1090; x_wconf 91' lang='lat' dir='ltr'><strong>episcopus</strong></span> 
     </span>
    </p>
   </div>
   <div class='ocr_carea' id='block_1_9' title="bbox 421 1112 2071 1190">
    <p class='ocr_par' dir='ltr' id='par_1_9' title="bbox 421 1112 2071 1190">
     <span class='ocr_line' id='line_1_9' title="bbox 421 1112 2071 1190; baseline 0.002 -21"><span class='ocrx_word' id='word_1_61' title='bbox 421 1113 618 1170; x_wconf 82' lang='lat' dir='ltr'><strong>factus</strong></span> <span class='ocrx_word' id='word_1_62' title='bbox 661 1118 772 1181; x_wconf 88' lang='lat' dir='ltr'><strong>est,</strong></span> <span class='ocrx_word' id='word_1_63' title='bbox 821 1113 1226 1171; x_wconf 84' lang='lat' dir='ltr'><strong>Alexandriae</strong></span> <span class='ocrx_word' id='word_1_64' title='bbox 1275 1129 1397 1172; x_wconf 90' lang='lat' dir='ltr'><strong>non</strong></span> <span class='ocrx_word' id='word_1_65' title='bbox 1457 1114 1626 1171; x_wconf 82' lang='lat' dir='ltr'><strong>fuisti</strong></span> <span class='ocrx_word' id='word_1_66' title='bbox 1673 1112 1783 1190; x_wconf 79' lang='lat'><strong>(2).</strong></span> <span class='ocrx_word' id='word_1_67' title='bbox 1842 1136 1863 1167; x_wconf 72' lang='grc' dir='ltr'><strong><em>ι</em></strong></span> <span class='ocrx_word' id='word_1_68' title='bbox 1919 1115 2071 1172; x_wconf 92' lang='lat' dir='ltr'><strong>Hinc</strong></span> 
     </span>
    </p>
   </div>
   <div class='ocr_carea' id='block_1_10' title="bbox 422 1210 2071 1286">
    <p class='ocr_par' dir='ltr' id='par_1_10' title="bbox 422 1210 2071 1286">
     <span class='ocr_line' id='line_1_10' title="bbox 422 1210 2071 1286; baseline 0.002 -19"><span class='ocrx_word' id='word_1_69' title='bbox 422 1210 610 1283; x_wconf 80' lang='lat' dir='ltr'><strong>igitur</strong></span> <span class='ocrx_word' id='word_1_70' title='bbox 642 1211 928 1269; x_wconf 89' lang='lat' dir='ltr'><strong>Ruﬁnum</strong></span> <span class='ocrx_word' id='word_1_71' title='bbox 969 1213 1065 1270; x_wconf 89' lang='lat' dir='ltr'><strong>bis</strong></span> <span class='ocrx_word' id='word_1_72' title='bbox 1108 1218 1343 1269; x_wconf 89' lang='lat' dir='ltr'><strong>tantum</strong></span> <span class='ocrx_word' id='word_1_73' title='bbox 1395 1213 1799 1271; x_wconf 83' lang='lat' dir='ltr'><strong>Alexandriae</strong></span> <span class='ocrx_word' id='word_1_74' title='bbox 1837 1219 1896 1271; x_wconf 92' lang='lat' dir='ltr'><strong>et</strong></span> <span class='ocrx_word' id='word_1_75' title='bbox 1936 1214 2071 1286; x_wconf 86' lang='lat' dir='ltr'><strong>qui-</strong></span> 
     </span>
    </p>
   </div>
   <div class='ocr_carea' id='block_1_11' title="bbox 423 1308 2073 1382">
    <p class='ocr_par' dir='ltr' id='par_1_11' title="bbox 423 1308 2073 1382">
     <span class='ocr_line' id='line_1_11' title="bbox 423 1308 2073 1382; baseline 0.002 -18"><span class='ocrx_word' id='word_1_76' title='bbox 423 1308 568 1364; x_wconf 89' lang='lat' dir='ltr'><strong>dem</strong></span> <span class='ocrx_word' id='word_1_77' title='bbox 619 1313 760 1365; x_wconf 90' lang='lat' dir='ltr'><strong>ante</strong></span> <span class='ocrx_word' id='word_1_78' title='bbox 807 1324 1036 1366; x_wconf 91' lang='lat' dir='ltr'><strong>annum</strong></span> <span class='ocrx_word' id='word_1_79' title='bbox 1088 1310 1203 1367; x_wconf 86' lang='lat'><strong>385</strong></span> <span class='ocrx_word' id='word_1_80' title='bbox 1261 1310 1469 1376; x_wconf 76' lang='lat' dir='ltr'><strong>fuisse,</strong></span> <span class='ocrx_word' id='word_1_81' title='bbox 1506 1311 1656 1368; x_wconf 86' lang='lat' dir='ltr'><strong>satis</strong></span> <span class='ocrx_word' id='word_1_82' title='bbox 1703 1311 1767 1366; x_wconf 90' lang='lat' dir='ltr'><strong>in</strong></span> <span class='ocrx_word' id='word_1_83' title='bbox 1822 1316 2073 1382; x_wconf 90' lang='lat' dir='ltr'><strong>promtu</strong></span> 
     </span>
    </p>
   </div>
   <div class='ocr_carea' id='block_1_12' title="bbox 425 1409 536 1463">
    <p class='ocr_par' dir='ltr' id='par_1_12' title="bbox 425 1409 536 1463">
     <span class='ocr_line' id='line_1_12' title="bbox 425 1409 536 1463; baseline -0.027 0"><span class='ocrx_word' id='word_1_84' title='bbox 425 1409 536 1463; x_wconf 89' lang='lat' dir='ltr'><strong>est.</strong></span> 
     </span>
    </p>
   </div>
   <div class='ocr_carea' id='block_1_13' title="bbox 508 1503 2073 1578">
    <p class='ocr_par' dir='ltr' id='par_1_13' title="bbox 508 1503 2073 1578">
     <span class='ocr_line' id='line_1_13' title="bbox 508 1503 2073 1578; baseline 0.001 -18"><span class='ocrx_word' id='word_1_85' title='bbox 508 1503 813 1572; x_wconf 84' lang='lat' dir='ltr'><strong>Quorsum</strong></span> <span class='ocrx_word' id='word_1_86' title='bbox 881 1504 1056 1575; x_wconf 84' lang='lat' dir='ltr'><strong>haec,</strong></span> <span class='ocrx_word' id='word_1_87' title='bbox 1113 1519 1274 1578; x_wconf 90' lang='lat' dir='ltr'><strong>quae</strong></span> <span class='ocrx_word' id='word_1_88' title='bbox 1325 1506 1403 1562; x_wconf 90' lang='lat' dir='ltr'><strong>de</strong></span> <span class='ocrx_word' id='word_1_89' title='bbox 1456 1505 1673 1564; x_wconf 86' lang='lat' dir='ltr'><strong>Ruﬁno</strong></span> <span class='ocrx_word' id='word_1_90' title='bbox 1729 1505 2073 1576; x_wconf 90' lang='lat' dir='ltr'><strong>disputavi-</strong></span> 
     </span>
    </p>
   </div>
   <div class='ocr_carea' id='block_1_14' title="bbox 427 1603 2074 1676">
    <p class='ocr_par' dir='ltr' id='par_1_14' title="bbox 427 1603 2074 1676">
     <span class='ocr_line' id='line_1_14' title="bbox 427 1603 2074 1676; baseline 0.001 -18"><span class='ocrx_word' id='word_1_91' title='bbox 427 1616 590 1673; x_wconf 91' lang='lat' dir='ltr'><strong>mus,</strong></span> <span class='ocrx_word' id='word_1_92' title='bbox 654 1608 955 1673; x_wconf 86' lang='lat' dir='ltr'><strong>spectent,</strong></span> <span class='ocrx_word' id='word_1_93' title='bbox 1021 1603 1169 1669; x_wconf 88' lang='lat' dir='ltr'><strong>iam,</strong></span> <span class='ocrx_word' id='word_1_94' title='bbox 1236 1618 1490 1675; x_wconf 89' lang='lat' dir='ltr'><strong>quaeso,</strong></span> <span class='ocrx_word' id='word_1_95' title='bbox 1567 1604 1902 1676; x_wconf 89' lang='lat' dir='ltr'><strong>perpende.</strong></span> <span class='ocrx_word' id='word_1_96' title='bbox 1975 1604 2074 1661; x_wconf 89' lang='lat' dir='ltr'><strong>Le-</strong></span> 
     </span>
    </p>
   </div>
   <div class='ocr_carea' id='block_1_15' title="bbox 428 1698 2078 1772">
    <p class='ocr_par' dir='ltr' id='par_1_15' title="bbox 428 1698 2078 1772">
     <span class='ocr_line' id='line_1_15' title="bbox 428 1698 2078 1772; baseline 0.002 -17"><span class='ocrx_word' id='word_1_97' title='bbox 428 1698 631 1771; x_wconf 87' lang='lat' dir='ltr'><strong>gimus</strong></span> <span class='ocrx_word' id='word_1_98' title='bbox 678 1700 846 1756; x_wconf 92' lang='lat' dir='ltr'><strong>enim</strong></span> <span class='ocrx_word' id='word_1_99' title='bbox 899 1701 1066 1771; x_wconf 88' lang='lat' dir='ltr'><strong>apud</strong></span> <span class='ocrx_word' id='word_1_100' title='bbox 1118 1700 1176 1757; x_wconf 92' lang='lat' dir='ltr'><strong>S.</strong></span> <span class='ocrx_word' id='word_1_101' title='bbox 1231 1702 1682 1772; x_wconf 87' lang='lat' dir='ltr'><strong>Hieronymum</strong></span> <span class='ocrx_word' id='word_1_102' title='bbox 1743 1720 1754 1758; x_wconf 92' lang='lat'>:</span> <span class='ocrx_word' id='word_1_103' title='bbox 1807 1720 1836 1756; x_wconf 77' lang='grc' dir='ltr'><strong>(ί</strong></span> <span class='ocrx_word' id='word_1_104' title='bbox 1884 1701 2078 1759; x_wconf 88' lang='lat' dir='ltr'><strong>Huius</strong></span> 
     </span>
    </p>
   </div>
   <div class='ocr_carea' id='block_1_16' title="bbox 2179 519 3832 593">
    <p class='ocr_par' dir='ltr' id='par_1_16' title="bbox 2179 519 3832 593">
     <span class='ocr_line' id='line_1_16' title="bbox 2179 519 3832 593; baseline -0.006 -7"><span class='ocrx_word' id='word_1_105' title='bbox 2179 529 2367 586; x_wconf 86' lang='lat' dir='ltr'><strong>fuisse</strong></span> <span class='ocrx_word' id='word_1_106' title='bbox 2411 543 2533 586; x_wconf 90' lang='lat' dir='ltr'><strong>non</strong></span> <span class='ocrx_word' id='word_1_107' title='bbox 2583 527 2849 585; x_wconf 89' lang='lat' dir='ltr'><strong>dubium</strong></span> <span class='ocrx_word' id='word_1_108' title='bbox 2893 528 3005 589; x_wconf 87' lang='lat' dir='ltr'><strong>est,</strong></span> <span class='ocrx_word' id='word_1_109' title='bbox 3058 527 3123 579; x_wconf 91' lang='lat' dir='ltr'><strong>ut</strong></span> <span class='ocrx_word' id='word_1_110' title='bbox 3179 535 3288 593; x_wconf 90' lang='lat' dir='ltr'><strong>per</strong></span> <span class='ocrx_word' id='word_1_111' title='bbox 3345 519 3514 578; x_wconf 92' lang='lat' dir='ltr'><strong>illius</strong></span> <span class='ocrx_word' id='word_1_112' title='bbox 3561 519 3832 576; x_wconf 88' lang='lat' dir='ltr'><strong>occasio—</strong></span> 
     </span>
    </p>
   </div>
   <div class='ocr_carea' id='block_1_17' title="bbox 2178 617 3834 698">
    <p class='ocr_par' dir='ltr' id='par_1_17' title="bbox 2178 617 3834 698">
     <span class='ocr_line' id='line_1_17' title="bbox 2178 617 3834 698; baseline -0.008 -13"><span class='ocrx_word' id='word_1_113' title='bbox 2178 642 2320 685; x_wconf 89' lang='lat' dir='ltr'><strong>nem</strong></span> <span class='ocrx_word' id='word_1_114' title='bbox 2373 632 2638 698; x_wconf 89' lang='lat' dir='ltr'><strong>ceteros,</strong></span> <span class='ocrx_word' id='word_1_115' title='bbox 2688 639 2844 697; x_wconf 91' lang='lat' dir='ltr'><strong>quos</strong></span> <span class='ocrx_word' id='word_1_116' title='bbox 2889 625 3205 695; x_wconf 87' lang='lat' dir='ltr'><strong>posuerat,</strong></span> <span class='ocrx_word' id='word_1_117' title='bbox 3250 617 3598 676; x_wconf 82' lang='lat' dir='ltr'><strong>haereticos</strong></span> <span class='ocrx_word' id='word_1_118' title='bbox 3627 617 3834 674; x_wconf 83' lang='lat' dir='ltr'><strong>eccle-</strong></span> 
     </span>
    </p>
   </div>
   <div class='ocr_carea' id='block_1_18' title="bbox 2179 713 3833 796">
    <p class='ocr_par' dir='ltr' id='par_1_18' title="bbox 2179 713 3833 796">
     <span class='ocr_line' id='line_1_18' title="bbox 2179 713 3833 796; baseline -0.007 -14"><span class='ocrx_word' id='word_1_119' title='bbox 2179 725 2306 782; x_wconf 91' lang='lat' dir='ltr'><strong>siae</strong></span> <span class='ocrx_word' id='word_1_120' title='bbox 2359 724 2783 783; x_wconf 85' lang='lat' dir='ltr'><strong>introduceret</strong></span> <span class='ocrx_word' id='word_1_121' title='bbox 2839 719 2950 796; x_wconf 87' lang='lat'><strong>(3).</strong></span> <span class='ocrx_word' id='word_1_122' title='bbox 3017 741 3045 771; x_wconf 88' lang='lat'><strong>»</strong></span> <span class='ocrx_word' id='word_1_123' title='bbox 3116 719 3296 775; x_wconf 87' lang='lat' dir='ltr'><strong>Hisce</strong></span> <span class='ocrx_word' id='word_1_124' title='bbox 3347 717 3406 775; x_wconf 91' lang='lat' dir='ltr'><strong>S.</strong></span> <span class='ocrx_word' id='word_1_125' title='bbox 3471 713 3833 785; x_wconf 75' lang='lat' dir='ltr'><strong>Hieronymi</strong></span> 
     </span>
    </p>
   </div>
   <div class='ocr_carea' id='block_1_19' title="bbox 2181 811 3838 894">
    <p class='ocr_par' dir='ltr' id='par_1_19' title="bbox 2181 811 3838 894">
     <span class='ocr_line' id='line_1_19' title="bbox 2181 811 3838 894; baseline -0.007 -15"><span class='ocrx_word' id='word_1_126' title='bbox 2181 823 2388 881; x_wconf 89' lang='lat' dir='ltr'><strong>verbis</strong></span> <span class='ocrx_word' id='word_1_127' title='bbox 2440 821 2594 894; x_wconf 92' lang='lat' dir='ltr'><strong>quin</strong></span> <span class='ocrx_word' id='word_1_128' title='bbox 2645 820 2806 876; x_wconf 92' lang='lat' dir='ltr'><strong>liber</strong></span> <span class='ocrx_word' id='word_1_129' title='bbox 2860 817 3191 887; x_wconf 90' lang='lat' dir='ltr'><strong>indicetur,</strong></span> <span class='ocrx_word' id='word_1_130' title='bbox 3239 828 3428 886; x_wconf 89' lang='lat' dir='ltr'><strong>quem</strong></span> <span class='ocrx_word' id='word_1_131' title='bbox 3476 811 3838 871; x_wconf 88' lang='lat' dir='ltr'><strong>Rosweidus</strong></span> 
     </span>
    </p>
   </div>
   <div class='ocr_carea' id='block_1_20' title="bbox 2183 905 3838 984">
    <p class='ocr_par' dir='ltr' id='par_1_20' title="bbox 2183 905 3838 984">
     <span class='ocr_line' id='line_1_20' title="bbox 2183 905 3838 984; baseline -0.004 -11"><span class='ocrx_word' id='word_1_132' title='bbox 2183 938 2213 973; x_wconf 79' lang='grc' dir='ltr'><em>α</em></span> <span class='ocrx_word' id='word_1_133' title='bbox 2247 919 2590 977; x_wconf 91' lang='lat' dir='ltr'><strong>secundum</strong></span> <span class='ocrx_word' id='word_1_134' title='bbox 2644 917 2879 975; x_wconf 92' lang='lat' dir='ltr'><strong>librum</strong></span> <span class='ocrx_word' id='word_1_135' title='bbox 2914 915 3024 971; x_wconf 89' lang='lat' dir='ltr'><strong>VV.</strong></span> <span class='ocrx_word' id='word_1_136' title='bbox 3076 914 3179 970; x_wconf 86' lang='lat' dir='ltr'><strong>PP.</strong></span> <span class='ocrx_word' id='word_1_137' title='bbox 3219 932 3246 966; x_wconf 86' lang='lat'><strong>»</strong></span> <span class='ocrx_word' id='word_1_138' title='bbox 3285 911 3598 982; x_wconf 89' lang='lat' dir='ltr'><strong>inscripsit</strong></span> <span class='ocrx_word' id='word_1_139' title='bbox 3632 905 3742 984; x_wconf 88' lang='grc'><strong>(4),</strong></span> <span class='ocrx_word' id='word_1_140' title='bbox 3774 909 3838 966; x_wconf 92' lang='lat' dir='ltr'><strong>in</strong></span> 
     </span>
    </p>
   </div>
   <div class='ocr_carea' id='block_1_21' title="bbox 2181 1008 3836 1090">
    <p class='ocr_par' dir='ltr' id='par_1_21' title="bbox 2181 1008 3836 1090">
     <span class='ocr_line' id='line_1_21' title="bbox 2181 1008 3836 1090; baseline -0.007 -15"><span class='ocrx_word' id='word_1_141' title='bbox 2181 1032 2306 1090; x_wconf 92' lang='lat' dir='ltr'><strong>quo</strong></span> <span class='ocrx_word' id='word_1_142' title='bbox 2337 1018 2412 1074; x_wconf 90' lang='lat' dir='ltr'><strong>de</strong></span> <span class='ocrx_word' id='word_1_143' title='bbox 2455 1017 2688 1074; x_wconf 91' lang='lat' dir='ltr'><strong>Joanne</strong></span> <span class='ocrx_word' id='word_1_144' title='bbox 2733 1014 2941 1086; x_wconf 90' lang='lat' dir='ltr'><strong>primo</strong></span> <span class='ocrx_word' id='word_1_145' title='bbox 2986 1011 3144 1080; x_wconf 94' lang='lat' dir='ltr'><strong>loco,</strong></span> <span class='ocrx_word' id='word_1_146' title='bbox 3193 1010 3419 1066; x_wconf 92' lang='lat' dir='ltr'><strong>deinde</strong></span> <span class='ocrx_word' id='word_1_147' title='bbox 3469 1008 3546 1066; x_wconf 92' lang='lat' dir='ltr'><strong>de</strong></span> <span class='ocrx_word' id='word_1_148' title='bbox 3579 1008 3836 1064; x_wconf 89' lang='lat' dir='ltr'><strong>Ammo—</strong></span> 
     </span>
    </p>
   </div>
   <div class='ocr_carea' id='block_1_22' title="bbox 2181 1105 3839 1186">
    <p class='ocr_par' dir='ltr' id='par_1_22' title="bbox 2181 1105 3839 1186">
     <span class='ocr_line' id='line_1_22' title="bbox 2181 1105 3839 1186; baseline -0.007 -14"><span class='ocrx_word' id='word_1_149' title='bbox 2181 1116 2309 1182; x_wconf 92' lang='lat' dir='ltr'><strong>nio,</strong></span> <span class='ocrx_word' id='word_1_150' title='bbox 2344 1114 2625 1186; x_wconf 87' lang='lat' dir='ltr'><strong>Evagrio,</strong></span> <span class='ocrx_word' id='word_1_151' title='bbox 2671 1112 2775 1183; x_wconf 89' lang='lat' dir='ltr'><strong>Or,</strong></span> <span class='ocrx_word' id='word_1_152' title='bbox 2834 1111 3096 1180; x_wconf 89' lang='lat' dir='ltr'><strong>Isidoro,</strong></span> <span class='ocrx_word' id='word_1_153' title='bbox 3141 1106 3255 1176; x_wconf 82' lang='lat'><strong>20</strong></span> <span class='ocrx_word' id='word_1_154' title='bbox 3305 1107 3446 1164; x_wconf 91' lang='lat' dir='ltr'><strong>aliis</strong></span> <span class='ocrx_word' id='word_1_155' title='bbox 3497 1105 3688 1164; x_wconf 91' lang='lat' dir='ltr'><strong>multa</strong></span> <span class='ocrx_word' id='word_1_156' title='bbox 3741 1105 3839 1161; x_wconf 92' lang='lat' dir='ltr'><strong>le-</strong></span> 
     </span>
    </p>
   </div>
   <div class='ocr_carea' id='block_1_23' title="bbox 2182 1202 3838 1286">
    <p class='ocr_par' dir='ltr' id='par_1_23' title="bbox 2182 1202 3838 1286">
     <span class='ocr_line' id='line_1_23' title="bbox 2182 1202 3838 1286; baseline -0.007 -15"><span class='ocrx_word' id='word_1_157' title='bbox 2182 1219 2430 1286; x_wconf 81' lang='lat' dir='ltr'><strong>guntur,</strong></span> <span class='ocrx_word' id='word_1_158' title='bbox 2495 1210 2771 1270; x_wconf 89' lang='lat' dir='ltr'><strong>dubitari</strong></span> <span class='ocrx_word' id='word_1_159' title='bbox 2820 1208 3056 1281; x_wconf 86' lang='lat' dir='ltr'><strong>nequit.</strong></span> <span class='ocrx_word' id='word_1_160' title='bbox 3118 1208 3357 1272; x_wconf 90' lang='lat' dir='ltr'><strong>Fateor,</strong></span> <span class='ocrx_word' id='word_1_161' title='bbox 3426 1206 3502 1261; x_wconf 90' lang='lat' dir='ltr'><strong>de</strong></span> <span class='ocrx_word' id='word_1_162' title='bbox 3565 1202 3838 1260; x_wconf 87' lang='lat' dir='ltr'><strong>Eusebio</strong></span> 
     </span>
    </p>
   </div>
   <div class='ocr_carea' id='block_1_24' title="bbox 2182 1299 3839 1384">
    <p class='ocr_par' dir='ltr' id='par_1_24' title="bbox 2182 1299 3839 1384">
     <span class='ocr_line' id='line_1_24' title="bbox 2182 1299 3839 1384; baseline -0.007 -15"><span class='ocrx_word' id='word_1_163' title='bbox 2182 1311 2440 1384; x_wconf 87' lang='lat' dir='ltr'><strong>quidem</strong></span> <span class='ocrx_word' id='word_1_164' title='bbox 2498 1316 2557 1368; x_wconf 92' lang='lat' dir='ltr'><strong>et</strong></span> <span class='ocrx_word' id='word_1_165' title='bbox 2620 1310 2697 1366; x_wconf 92' lang='lat' dir='ltr'><strong>de</strong></span> <span class='ocrx_word' id='word_1_166' title='bbox 2742 1306 3075 1378; x_wconf 90' lang='lat' dir='ltr'><strong>Euthymio</strong></span> <span class='ocrx_word' id='word_1_167' title='bbox 3134 1304 3289 1361; x_wconf 88' lang='lat' dir='ltr'><strong>nihil</strong></span> <span class='ocrx_word' id='word_1_168' title='bbox 3343 1302 3561 1360; x_wconf 90' lang='lat' dir='ltr'><strong>haberi</strong></span> <span class='ocrx_word' id='word_1_169' title='bbox 3615 1302 3678 1358; x_wconf 92' lang='lat' dir='ltr'><strong>in</strong></span> <span class='ocrx_word' id='word_1_170' title='bbox 3729 1299 3839 1358; x_wconf 93' lang='lat' dir='ltr'><strong>illo</strong></span> 
     </span>
    </p>
   </div>
   <div class='ocr_carea' id='block_1_25' title="bbox 2184 1399 3840 1467">
    <p class='ocr_par' dir='ltr' id='par_1_25' title="bbox 2184 1399 3840 1467">
     <span class='ocr_line' id='line_1_25' title="bbox 2184 1399 3840 1467; baseline -0.007 0"><span class='ocrx_word' id='word_1_171' title='bbox 2184 1408 2648 1467; x_wconf 91' lang='lat' dir='ltr'><strong>Rosweidianae</strong></span> <span class='ocrx_word' id='word_1_172' title='bbox 2706 1404 3091 1464; x_wconf 89' lang='lat' dir='ltr'><strong>collectiouis</strong></span> <span class='ocrx_word' id='word_1_173' title='bbox 3153 1402 3318 1459; x_wconf 92' lang='lat' dir='ltr'><strong>libro</strong></span> <span class='ocrx_word' id='word_1_174' title='bbox 3368 1399 3641 1458; x_wconf 90' lang='lat' dir='ltr'><strong>secundo</strong></span> <span class='ocrx_word' id='word_1_175' title='bbox 3700 1414 3712 1454; x_wconf 87' lang='lat'><strong>:</strong></span> <span class='ocrx_word' id='word_1_176' title='bbox 3779 1401 3840 1456; x_wconf 90' lang='lat' dir='ltr'><strong>at</strong></span> 
     </span>
    </p>
   </div>
   <div class='ocr_carea' id='block_1_26' title="bbox 2185 1496 3842 1576">
    <p class='ocr_par' dir='ltr' id='par_1_26' title="bbox 2185 1496 3842 1576">
     <span class='ocr_line' id='line_1_26' title="bbox 2185 1496 3842 1576; baseline -0.008 -11"><span class='ocrx_word' id='word_1_177' title='bbox 2185 1508 2242 1566; x_wconf 91' lang='lat' dir='ltr'><strong>S.</strong></span> <span class='ocrx_word' id='word_1_178' title='bbox 2312 1507 2765 1576; x_wconf 90' lang='lat' dir='ltr'><strong>Hieronymum</strong></span> <span class='ocrx_word' id='word_1_179' title='bbox 2824 1518 2894 1560; x_wconf 91' lang='lat' dir='ltr'><strong>ea</strong></span> <span class='ocrx_word' id='word_1_180' title='bbox 2958 1501 3212 1560; x_wconf 89' lang='lat' dir='ltr'><strong>nomina</strong></span> <span class='ocrx_word' id='word_1_181' title='bbox 3258 1513 3401 1557; x_wconf 91' lang='lat' dir='ltr'><strong>cum</strong></span> <span class='ocrx_word' id='word_1_182' title='bbox 3461 1496 3720 1568; x_wconf 91' lang='lat' dir='ltr'><strong>Eulogio</strong></span> <span class='ocrx_word' id='word_1_183' title='bbox 3779 1499 3842 1552; x_wconf 92' lang='lat' dir='ltr'><strong>et</strong></span> 
     </span>
    </p>
   </div>
   <div class='ocr_carea' id='block_1_27' title="bbox 2189 1593 3838 1676">
    <p class='ocr_par' dir='ltr' id='par_1_27' title="bbox 2189 1593 3838 1676">
     <span class='ocr_line' id='line_1_27' title="bbox 2189 1593 3838 1676; baseline -0.008 -13"><span class='ocrx_word' id='word_1_184' title='bbox 2189 1604 2471 1676; x_wconf 91' lang='lat' dir='ltr'><strong>Didymo,</strong></span> <span class='ocrx_word' id='word_1_185' title='bbox 2515 1601 2622 1675; x_wconf 92' lang='lat' dir='ltr'><strong>qui</strong></span> <span class='ocrx_word' id='word_1_186' title='bbox 2656 1602 2719 1659; x_wconf 93' lang='lat' dir='ltr'><strong>in</strong></span> <span class='ocrx_word' id='word_1_187' title='bbox 2751 1601 2914 1658; x_wconf 93' lang='lat' dir='ltr'><strong>libro</strong></span> <span class='ocrx_word' id='word_1_188' title='bbox 2947 1599 3235 1672; x_wconf 81' lang='lat' dir='ltr'><strong>leguntur</strong></span> <span class='ocrx_word' id='word_1_189' title='bbox 3274 1595 3385 1670; x_wconf 88' lang='lat'><strong>(5),</strong></span> <span class='ocrx_word' id='word_1_190' title='bbox 3431 1593 3838 1660; x_wconf 88' lang='lat' dir='ltr'><strong>confundere,</strong></span> 
     </span>
    </p>
   </div>
   <div class='ocr_carea' id='block_1_28' title="bbox 2188 1691 3843 1771">
    <p class='ocr_par' dir='ltr' id='par_1_28' title="bbox 2188 1691 3843 1771">
     <span class='ocr_line' id='line_1_28' title="bbox 2188 1691 3843 1771; baseline -0.008 -11"><span class='ocrx_word' id='word_1_191' title='bbox 2188 1709 2292 1761; x_wconf 90' lang='lat' dir='ltr'><strong>aut</strong></span> <span class='ocrx_word' id='word_1_192' title='bbox 2354 1701 2824 1771; x_wconf 90' lang='lat' dir='ltr'><strong>corruptionem</strong></span> <span class='ocrx_word' id='word_1_193' title='bbox 2895 1699 3069 1769; x_wconf 86' lang='lat' dir='ltr'><strong>longa</strong></span> <span class='ocrx_word' id='word_1_194' title='bbox 3139 1703 3496 1766; x_wconf 90' lang='lat' dir='ltr'><strong>temporum</strong></span> <span class='ocrx_word' id='word_1_195' title='bbox 3556 1691 3718 1749; x_wconf 91' lang='lat' dir='ltr'><strong>serie</strong></span> <span class='ocrx_word' id='word_1_196' title='bbox 3781 1691 3843 1747; x_wconf 95' lang='lat' dir='ltr'><strong>in</strong></span> 
     </span>
    </p>
   </div>
   <div class='ocr_carea' id='block_1_29' title="bbox 432 1779 3842 1874">
    <p class='ocr_par' dir='ltr' id='par_1_29' title="bbox 432 1779 3842 1874">
     <span class='ocr_line' id='line_1_29' title="bbox 432 1779 3842 1874; baseline -0.002 -21"><span class='ocrx_word' id='word_1_197' title='bbox 432 1793 724 1874; x_wconf 74' lang='lat' dir='ltr'><strong>[Evagrii]</strong></span> <span class='ocrx_word' id='word_1_198' title='bbox 774 1797 971 1856; x_wconf 91' lang='lat' dir='ltr'><strong>libros</strong></span> <span class='ocrx_word' id='word_1_199' title='bbox 1003 1813 1114 1870; x_wconf 91' lang='lat' dir='ltr'><strong>per</strong></span> <span class='ocrx_word' id='word_1_200' title='bbox 1152 1799 1464 1858; x_wconf 91' lang='lat' dir='ltr'><strong>Orientem</strong></span> <span class='ocrx_word' id='word_1_201' title='bbox 1516 1815 1770 1872; x_wconf 86' lang='lat' dir='ltr'><strong>graecos</strong></span> <span class='ocrx_word' id='word_1_202' title='bbox 1801 1806 1860 1856; x_wconf 93' lang='lat' dir='ltr'><strong>et</strong></span> <span class='ocrx_word' id='word_1_203' title='bbox 1891 1801 2078 1856; x_wconf 91' lang='lat' dir='ltr'><strong>inter-</strong></span> <span class='ocrx_word' id='word_1_204' title='bbox 2108 1779 2149 1832; x_wconf 77' lang='grc' dir='ltr'>Β</span> <span class='ocrx_word' id='word_1_205' title='bbox 2190 1801 2357 1874; x_wconf 91' lang='lat' dir='ltr'><strong>ipsos</strong></span> <span class='ocrx_word' id='word_1_206' title='bbox 2401 1799 2647 1857; x_wconf 88' lang='lat' dir='ltr'><strong>codices</strong></span> <span class='ocrx_word' id='word_1_207' title='bbox 2690 1802 2796 1855; x_wconf 89' lang='lat' dir='ltr'><strong>aut</strong></span> <span class='ocrx_word' id='word_1_208' title='bbox 2841 1796 2988 1853; x_wconf 85' lang='lat' dir='ltr'><strong>libri</strong></span> <span class='ocrx_word' id='word_1_209' title='bbox 3043 1800 3148 1852; x_wconf 91' lang='lat' dir='ltr'><strong>aut</strong></span> <span class='ocrx_word' id='word_1_210' title='bbox 3190 1795 3250 1851; x_wconf 87' lang='lat' dir='ltr'><strong>S.</strong></span> <span class='ocrx_word' id='word_1_211' title='bbox 3300 1789 3664 1862; x_wconf 87' lang='lat' dir='ltr'><strong>Hieronymi</strong></span> <span class='ocrx_word' id='word_1_212' title='bbox 3715 1787 3842 1860; x_wconf 89' lang='lat' dir='ltr'><strong>epi-</strong></span> 
     </span>
    </p>
   </div>
   <div class='ocr_carea' id='block_1_30' title="bbox 431 1895 2079 1970">
    <p class='ocr_par' dir='ltr' id='par_1_30' title="bbox 431 1895 2079 1970">
     <span class='ocr_line' id='line_1_30' title="bbox 431 1895 2079 1970; baseline 0.002 -20"><span class='ocrx_word' id='word_1_213' title='bbox 431 1898 707 1966; x_wconf 88' lang='lat' dir='ltr'><strong>pretante</strong></span> <span class='ocrx_word' id='word_1_214' title='bbox 760 1895 1069 1967; x_wconf 90' lang='lat' dir='ltr'><strong>discipulo</strong></span> <span class='ocrx_word' id='word_1_215' title='bbox 1100 1896 1236 1955; x_wconf 90' lang='lat' dir='ltr'><strong>eius</strong></span> <span class='ocrx_word' id='word_1_216' title='bbox 1284 1897 1495 1955; x_wconf 79' lang='lat' dir='ltr'><strong>ltuﬁno</strong></span> <span class='ocrx_word' id='word_1_217' title='bbox 1539 1897 1762 1955; x_wconf 87' lang='lat' dir='ltr'><strong>latinos</strong></span> <span class='ocrx_word' id='word_1_218' title='bbox 1794 1898 2079 1970; x_wconf 89' lang='lat' dir='ltr'><strong>plerique</strong></span> 
     </span>
    </p>
   </div>
   <div class='ocr_carea' id='block_1_31' title="bbox 427 1991 2081 2067">
    <p class='ocr_par' dir='ltr' id='par_1_31' title="bbox 427 1991 2081 2067">
     <span class='ocr_line' id='line_1_31' title="bbox 427 1991 2081 2067; baseline 0.001 -18"><span class='ocrx_word' id='word_1_219' title='bbox 427 1993 492 2049; x_wconf 92' lang='lat' dir='ltr'><strong>in</strong></span> <span class='ocrx_word' id='word_1_220' title='bbox 561 1991 889 2051; x_wconf 90' lang='lat' dir='ltr'><strong>Occidente</strong></span> <span class='ocrx_word' id='word_1_221' title='bbox 954 1992 1249 2052; x_wconf 89' lang='lat' dir='ltr'><strong>lectitant.</strong></span> <span class='ocrx_word' id='word_1_222' title='bbox 1323 1995 1436 2063; x_wconf 83' lang='lat' dir='ltr'><strong>Qui</strong></span> <span class='ocrx_word' id='word_1_223' title='bbox 1517 1996 1750 2052; x_wconf 90' lang='lat' dir='ltr'><strong>librum</strong></span> <span class='ocrx_word' id='word_1_224' title='bbox 1829 2008 2081 2067; x_wconf 91' lang='lat' dir='ltr'><strong>quoque</strong></span> 
     </span>
    </p>
   </div>
   <div class='ocr_carea' id='block_1_32' title="bbox 430 2088 2081 2164">
    <p class='ocr_par' dir='ltr' id='par_1_32' title="bbox 430 2088 2081 2164">
     <span class='ocr_line' id='line_1_32' title="bbox 430 2088 2081 2164; baseline 0.001 -18"><span class='ocrx_word' id='word_1_225' title='bbox 430 2088 679 2159; x_wconf 88' lang='lat' dir='ltr'><strong>scripsit</strong></span> <span class='ocrx_word' id='word_1_226' title='bbox 723 2091 897 2161; x_wconf 91' lang='lat' dir='ltr'><strong>quasi</strong></span> <span class='ocrx_word' id='word_1_227' title='bbox 953 2091 1030 2148; x_wconf 90' lang='lat' dir='ltr'><strong>de</strong></span> <span class='ocrx_word' id='word_1_228' title='bbox 1078 2092 1423 2158; x_wconf 88' lang='lat' dir='ltr'><strong>monachis,</strong></span> <span class='ocrx_word' id='word_1_229' title='bbox 1483 2092 1836 2164; x_wconf 87' lang='lat' dir='ltr'><strong>multosque</strong></span> <span class='ocrx_word' id='word_1_230' title='bbox 1889 2092 1952 2147; x_wconf 92' lang='lat' dir='ltr'><strong>in</strong></span> <span class='ocrx_word' id='word_1_231' title='bbox 2007 2105 2081 2148; x_wconf 92' lang='lat' dir='ltr'><strong>eo</strong></span> 
     </span>
    </p>
   </div>
   <div class='ocr_carea' id='block_1_33' title="bbox 431 2188 2083 2261">
    <p class='ocr_par' dir='ltr' id='par_1_33' title="bbox 431 2188 2083 2261">
     <span class='ocr_line' id='line_1_33' title="bbox 431 2188 2083 2261; baseline 0.001 -18"><span class='ocrx_word' id='word_1_232' title='bbox 431 2191 777 2251; x_wconf 92' lang='lat' dir='ltr'><strong>enumerat,</strong></span> <span class='ocrx_word' id='word_1_233' title='bbox 812 2189 916 2258; x_wconf 91' lang='lat' dir='ltr'><strong>qui</strong></span> <span class='ocrx_word' id='word_1_234' title='bbox 957 2203 1275 2260; x_wconf 89' lang='lat' dir='ltr'><strong>nunquam</strong></span> <span class='ocrx_word' id='word_1_235' title='bbox 1316 2189 1588 2258; x_wconf 86' lang='lat' dir='ltr'><strong>fuerunt,</strong></span> <span class='ocrx_word' id='word_1_236' title='bbox 1622 2194 1681 2244; x_wconf 90' lang='lat' dir='ltr'><strong>et</strong></span> <span class='ocrx_word' id='word_1_237' title='bbox 1725 2202 1850 2261; x_wconf 90' lang='lat' dir='ltr'><strong>quo</strong></span> <span class='ocrx_word' id='word_1_238' title='bbox 1895 2188 2083 2245; x_wconf 87' lang='lat' dir='ltr'><strong>fuisse</strong></span> 
     </span>
    </p>
   </div>
   <div class='ocr_carea' id='block_1_34' title="bbox 432 2283 2081 2358">
    <p class='ocr_par' dir='ltr' id='par_1_34' title="bbox 432 2283 2081 2358">
     <span class='ocr_line' id='line_1_34' title="bbox 432 2283 2081 2358; baseline 0.002 -19"><span class='ocrx_word' id='word_1_239' title='bbox 432 2283 751 2353; x_wconf 87' lang='lat' dir='ltr'><strong>describit,</strong></span> <span class='ocrx_word' id='word_1_240' title='bbox 805 2285 1198 2356; x_wconf 86' lang='lat' dir='ltr'><strong>Origenistas,</strong></span> <span class='ocrx_word' id='word_1_241' title='bbox 1234 2293 1294 2343; x_wconf 89' lang='lat' dir='ltr'><strong>et</strong></span> <span class='ocrx_word' id='word_1_242' title='bbox 1338 2288 1417 2344; x_wconf 91' lang='lat' dir='ltr'><strong>ab</strong></span> <span class='ocrx_word' id='word_1_243' title='bbox 1465 2287 1776 2358; x_wconf 87' lang='lat' dir='ltr'><strong>episcopis</strong></span> <span class='ocrx_word' id='word_1_244' title='bbox 1821 2287 2081 2342; x_wconf 90' lang='lat' dir='ltr'><strong>damna-</strong></span> 
     </span>
    </p>
   </div>
   <div class='ocr_carea' id='block_1_35' title="bbox 432 2383 2087 2455">
    <p class='ocr_par' dir='ltr' id='par_1_35' title="bbox 432 2383 2087 2455">
     <span class='ocr_line' id='line_1_35' title="bbox 432 2383 2087 2455; baseline 0 -15"><span class='ocrx_word' id='word_1_245' title='bbox 432 2387 529 2440; x_wconf 89' lang='lat' dir='ltr'><strong>tos</strong></span> <span class='ocrx_word' id='word_1_246' title='bbox 576 2396 710 2440; x_wconf 89' lang='lat' dir='ltr'><strong>esse</strong></span> <span class='ocrx_word' id='word_1_247' title='bbox 756 2398 880 2440; x_wconf 90' lang='lat' dir='ltr'><strong>non</strong></span> <span class='ocrx_word' id='word_1_248' title='bbox 934 2384 1199 2441; x_wconf 91' lang='lat' dir='ltr'><strong>dubium</strong></span> <span class='ocrx_word' id='word_1_249' title='bbox 1251 2390 1364 2455; x_wconf 90' lang='lat' dir='ltr'><strong>est,</strong></span> <span class='ocrx_word' id='word_1_250' title='bbox 1413 2386 1815 2442; x_wconf 90' lang='lat' dir='ltr'><strong>Ammonium</strong></span> <span class='ocrx_word' id='word_1_251' title='bbox 1869 2383 2087 2441; x_wconf 84' lang='lat' dir='ltr'><strong>videli-</strong></span> 
     </span>
    </p>
   </div>
   <div class='ocr_carea' id='block_1_36' title="bbox 433 2481 2084 2554">
    <p class='ocr_par' dir='ltr' id='par_1_36' title="bbox 433 2481 2084 2554">
     <span class='ocr_line' id='line_1_36' title="bbox 433 2481 2084 2554; baseline 0.001 -18"><span class='ocrx_word' id='word_1_252' title='bbox 433 2485 551 2546; x_wconf 91' lang='lat' dir='ltr'><strong>cet,</strong></span> <span class='ocrx_word' id='word_1_253' title='bbox 609 2484 668 2537; x_wconf 91' lang='lat' dir='ltr'><strong>et</strong></span> <span class='ocrx_word' id='word_1_254' title='bbox 729 2481 1086 2546; x_wconf 82' lang='lat' dir='ltr'><strong>Eusebium,</strong></span> <span class='ocrx_word' id='word_1_255' title='bbox 1144 2487 1205 2540; x_wconf 92' lang='lat' dir='ltr'><strong>et</strong></span> <span class='ocrx_word' id='word_1_256' title='bbox 1267 2483 1688 2554; x_wconf 87' lang='lat' dir='ltr'><strong>Euthymium,</strong></span> <span class='ocrx_word' id='word_1_257' title='bbox 1751 2488 1811 2540; x_wconf 89' lang='lat' dir='ltr'><strong>et</strong></span> <span class='ocrx_word' id='word_1_258' title='bbox 1876 2483 2084 2554; x_wconf 89' lang='lat' dir='ltr'><strong>ipsum</strong></span> 
     </span>
    </p>
   </div>
   <div class='ocr_carea' id='block_1_37' title="bbox 435 2577 2086 2652">
    <p class='ocr_par' dir='ltr' id='par_1_37' title="bbox 435 2577 2086 2652">
     <span class='ocr_line' id='line_1_37' title="bbox 435 2577 2086 2652; baseline 0.001 -18"><span class='ocrx_word' id='word_1_259' title='bbox 435 2577 788 2648; x_wconf 86' lang='lat' dir='ltr'><strong>Evagrium,</strong></span> <span class='ocrx_word' id='word_1_260' title='bbox 841 2579 920 2636; x_wconf 92' lang='lat' dir='ltr'><strong>Or</strong></span> <span class='ocrx_word' id='word_1_261' title='bbox 963 2594 1212 2652; x_wconf 91' lang='lat' dir='ltr'><strong>quoque</strong></span> <span class='ocrx_word' id='word_1_262' title='bbox 1264 2589 1324 2637; x_wconf 91' lang='lat' dir='ltr'><strong>et</strong></span> <span class='ocrx_word' id='word_1_263' title='bbox 1369 2581 1701 2652; x_wconf 89' lang='lat' dir='ltr'><strong>Isidorum,</strong></span> <span class='ocrx_word' id='word_1_264' title='bbox 1747 2587 1806 2638; x_wconf 88' lang='lat' dir='ltr'><strong>et</strong></span> <span class='ocrx_word' id='word_1_265' title='bbox 1856 2581 2086 2637; x_wconf 91' lang='lat' dir='ltr'><strong>multos</strong></span> 
     </span>
    </p>
   </div>
   <div class='ocr_carea' id='block_1_38' title="bbox 432 2674 2084 2750">
    <p class='ocr_par' dir='ltr' id='par_1_38' title="bbox 432 2674 2084 2750">
     <span class='ocr_line' id='line_1_38' title="bbox 432 2674 2084 2750; baseline 0.002 -19"><span class='ocrx_word' id='word_1_266' title='bbox 432 2674 610 2746; x_wconf 89' lang='lat' dir='ltr'><strong>alios,</strong></span> <span class='ocrx_word' id='word_1_267' title='bbox 671 2690 829 2747; x_wconf 89' lang='lat' dir='ltr'><strong>quos</strong></span> <span class='ocrx_word' id='word_1_268' title='bbox 873 2691 1242 2735; x_wconf 89' lang='lat' dir='ltr'><strong>enumerare</strong></span> <span class='ocrx_word' id='word_1_269' title='bbox 1295 2679 1568 2736; x_wconf 87' lang='lat' dir='ltr'><strong>taedium</strong></span> <span class='ocrx_word' id='word_1_270' title='bbox 1625 2685 1737 2750; x_wconf 79' lang='lat' dir='ltr'><strong>est,</strong></span> <span class='ocrx_word' id='word_1_271' title='bbox 1798 2684 1858 2735; x_wconf 91' lang='lat' dir='ltr'><strong>et</strong></span> <span class='ocrx_word' id='word_1_272' title='bbox 1914 2677 2084 2735; x_wconf 84' lang='lat' dir='ltr'><strong>iuxta</strong></span> 
     </span>
    </p>
   </div>
   <div class='ocr_carea' id='block_1_39' title="bbox 427 2772 1373 2851">
    <p class='ocr_par' dir='ltr' id='par_1_39' title="bbox 427 2772 1373 2851">
     <span class='ocr_line' id='line_1_39' title="bbox 427 2772 1373 2851; baseline 0.001 -22"><span class='ocrx_word' id='word_1_273' title='bbox 427 2772 584 2829; x_wconf 93' lang='lat' dir='ltr'><strong>illud</strong></span> <span class='ocrx_word' id='word_1_274' title='bbox 623 2774 882 2832; x_wconf 86' lang='lat' dir='ltr'><strong>Lucretii</strong></span> <span class='ocrx_word' id='word_1_275' title='bbox 913 2775 975 2847; x_wconf 79' lang='grc' dir='ltr'><strong>(Ι,</strong></span> <span class='ocrx_word' id='word_1_276' title='bbox 1015 2775 1129 2833; x_wconf 88' lang='lat'><strong>935</strong></span> <span class='ocrx_word' id='word_1_277' title='bbox 1157 2773 1325 2851; x_wconf 90' lang='lat' dir='ltr'><strong>sqq.)</strong></span> <span class='ocrx_word' id='word_1_278' title='bbox 1361 2797 1373 2830; x_wconf 88' lang='lat'>:</span> 
     </span>
    </p>
   </div>
   <div class='ocr_carea' id='block_1_40' title="bbox 500 2904 1869 2973">
    <p class='ocr_par' dir='ltr' id='par_1_40' title="bbox 500 2904 1869 2973">
     <span class='ocr_line' id='line_1_40' title="bbox 500 2904 1869 2973; baseline 0.002 -17"><span class='ocrx_word' id='word_1_279' title='bbox 500 2907 580 2956; x_wconf 87' lang='lat' dir='ltr'><strong>Ac</strong></span> <span class='ocrx_word' id='word_1_280' title='bbox 613 2904 788 2958; x_wconf 87' lang='lat' dir='ltr'><strong>veluti</strong></span> <span class='ocrx_word' id='word_1_281' title='bbox 822 2905 1024 2973; x_wconf 88' lang='lat' dir='ltr'><strong>pueris</strong></span> <span class='ocrx_word' id='word_1_282' title='bbox 1052 2905 1358 2960; x_wconf 88' lang='lat' dir='ltr'><strong>absinthia</strong></span> <span class='ocrx_word' id='word_1_283' title='bbox 1393 2910 1535 2960; x_wconf 86' lang='lat' dir='ltr'><strong>tetra</strong></span> <span class='ocrx_word' id='word_1_284' title='bbox 1562 2906 1869 2960; x_wconf 88' lang='lat' dir='ltr'><strong>medentes</strong></span> 
     </span>
    </p>
   </div>
   <div class='ocr_carea' id='block_1_41' title="bbox 502 2975 2008 3046">
    <p class='ocr_par' dir='ltr' id='par_1_41' title="bbox 502 2975 2008 3046">
     <span class='ocr_line' id='line_1_41' title="bbox 502 2975 2008 3046; baseline 0.001 -18"><span class='ocrx_word' id='word_1_285' title='bbox 502 2977 646 3028; x_wconf 90' lang='lat' dir='ltr'><strong>Cum</strong></span> <span class='ocrx_word' id='word_1_286' title='bbox 675 2975 816 3029; x_wconf 88' lang='lat' dir='ltr'><strong>dare</strong></span> <span class='ocrx_word' id='word_1_287' title='bbox 840 2982 1149 3039; x_wconf 89' lang='lat' dir='ltr'><strong>conantur,</strong></span> <span class='ocrx_word' id='word_1_288' title='bbox 1187 2978 1348 3045; x_wconf 86' lang='lat' dir='ltr'><strong>prius</strong></span> <span class='ocrx_word' id='word_1_289' title='bbox 1370 2993 1506 3030; x_wconf 91' lang='lat' dir='ltr'><strong>oras</strong></span> <span class='ocrx_word' id='word_1_290' title='bbox 1541 2977 1756 3046; x_wconf 89' lang='lat' dir='ltr'><strong>pocula</strong></span> <span class='ocrx_word' id='word_1_291' title='bbox 1787 2979 2008 3030; x_wconf 87' lang='lat' dir='ltr'><strong>circum</strong></span> 
     </span>
    </p>
   </div>
   <div class='ocr_carea' id='block_1_42' title="bbox 500 3046 1854 3120">
    <p class='ocr_par' dir='ltr' id='par_1_42' title="bbox 500 3046 1854 3120">
     <span class='ocr_line' id='line_1_42' title="bbox 500 3046 1854 3120; baseline 0.001 -21"><span class='ocrx_word' id='word_1_292' title='bbox 500 3046 860 3115; x_wconf 85' lang='lat' dir='ltr'><strong>Contingunt</strong></span> <span class='ocrx_word' id='word_1_293' title='bbox 891 3047 1047 3101; x_wconf 90' lang='lat' dir='ltr'><strong>dulci</strong></span> <span class='ocrx_word' id='word_1_294' title='bbox 1079 3048 1267 3102; x_wconf 90' lang='lat' dir='ltr'><strong>mellis</strong></span> <span class='ocrx_word' id='word_1_295' title='bbox 1295 3047 1572 3120; x_wconf 91' lang='lat' dir='ltr'><strong>ﬂavoque</strong></span> <span class='ocrx_word' id='word_1_296' title='bbox 1605 3049 1854 3119; x_wconf 87' lang='lat' dir='ltr'><strong>liquore.</strong></span> 
     </span>
    </p>
   </div>
   <div class='ocr_carea' id='block_1_43' title="bbox 428 3134 2152 3250">
    <p class='ocr_par' dir='ltr' id='par_1_43' title="bbox 428 3134 2152 3250">
     <span class='ocr_line' id='line_1_43' title="bbox 428 3134 2152 3250; baseline -0.001 -16"><span class='ocrx_word' id='word_1_297' title='bbox 428 3173 512 3234; x_wconf 85' lang='lat' dir='ltr'><strong>Ita</strong></span> <span class='ocrx_word' id='word_1_298' title='bbox 557 3174 670 3234; x_wconf 93' lang='lat' dir='ltr'><strong>ille</strong></span> <span class='ocrx_word' id='word_1_299' title='bbox 726 3191 923 3234; x_wconf 91' lang='lat' dir='ltr'><strong>unum</strong></span> <span class='ocrx_word' id='word_1_300' title='bbox 968 3176 1265 3238; x_wconf 84' lang='lat' dir='ltr'><strong>Joannem</strong></span> <span class='ocrx_word' id='word_1_301' title='bbox 1312 3177 1375 3234; x_wconf 91' lang='lat' dir='ltr'><strong>in</strong></span> <span class='ocrx_word' id='word_1_302' title='bbox 1425 3177 1623 3250; x_wconf 91' lang='lat' dir='ltr'><strong>ipsius</strong></span> <span class='ocrx_word' id='word_1_303' title='bbox 1667 3176 1814 3235; x_wconf 89' lang='lat' dir='ltr'><strong>libri</strong></span> <span class='ocrx_word' id='word_1_304' title='bbox 1873 3175 2082 3249; x_wconf 92' lang='lat' dir='ltr'><strong>posuit</strong></span> <span class='ocrx_word' id='word_1_305' title='bbox 2114 3134 2152 3188; x_wconf 61' lang='grc' dir='ltr'><strong>Ο</strong></span> 
     </span>
    </p>
   </div>
   <div class='ocr_carea' id='block_1_44' title="bbox 434 3463 2083 3537">
    <p class='ocr_par' dir='ltr' id='par_1_44' title="bbox 434 3463 2083 3537">
     <span class='ocr_line' id='line_1_44' title="bbox 434 3463 2083 3537; baseline 0.002 -19"><span class='ocrx_word' id='word_1_306' title='bbox 434 3463 679 3519; x_wconf 84' lang='lat' dir='ltr'><strong>Palladii</strong></span> <span class='ocrx_word' id='word_1_307' title='bbox 734 3463 1013 3520; x_wconf 86' lang='lat' dir='ltr'><strong>facillime</strong></span> <span class='ocrx_word' id='word_1_308' title='bbox 1060 3465 1198 3519; x_wconf 90' lang='lat' dir='ltr'><strong>inde</strong></span> <span class='ocrx_word' id='word_1_309' title='bbox 1231 3465 1576 3536; x_wconf 83' lang='lat' dir='ltr'><strong>explicatur,</strong></span> <span class='ocrx_word' id='word_1_310' title='bbox 1612 3468 1776 3537; x_wconf 91' lang='lat' dir='ltr'><strong>quod</strong></span> <span class='ocrx_word' id='word_1_311' title='bbox 1837 3466 2083 3521; x_wconf 86' lang='lat' dir='ltr'><strong>Ruﬁnus</strong></span> 
     </span>
    </p>
   </div>
   <div class='ocr_carea' id='block_1_45' title="bbox 435 3552 2083 3626">
    <p class='ocr_par' dir='ltr' id='par_1_45' title="bbox 435 3552 2083 3626">
     <span class='ocr_line' id='line_1_45' title="bbox 435 3552 2083 3626; baseline 0.001 -17"><span class='ocrx_word' id='word_1_312' title='bbox 435 3552 857 3625; x_wconf 87' lang='lat' dir='ltr'><strong>Hierosolymis</strong></span> <span class='ocrx_word' id='word_1_313' title='bbox 901 3569 1019 3608; x_wconf 90' lang='lat' dir='ltr'><strong>una</strong></span> <span class='ocrx_word' id='word_1_314' title='bbox 1047 3570 1183 3609; x_wconf 90' lang='lat' dir='ltr'><strong>cum</strong></span> <span class='ocrx_word' id='word_1_315' title='bbox 1215 3555 1466 3610; x_wconf 88' lang='lat' dir='ltr'><strong>Melania</strong></span> <span class='ocrx_word' id='word_1_316' title='bbox 1501 3555 1662 3617; x_wconf 87' lang='lat' dir='ltr'><strong>vixit.</strong></span> <span class='ocrx_word' id='word_1_317' title='bbox 1692 3571 1848 3626; x_wconf 89' lang='lat' dir='ltr'><strong>quae</strong></span> <span class='ocrx_word' id='word_1_318' title='bbox 1877 3556 2083 3623; x_wconf 85' lang='lat' dir='ltr'><strong>viginti</strong></span> 
     </span>
    </p>
   </div>
   <div class='ocr_carea' id='block_1_46' title="bbox 434 3643 2081 3714">
    <p class='ocr_par' dir='ltr' id='par_1_46' title="bbox 434 3643 2081 3714">
     <span class='ocr_line' id='line_1_46' title="bbox 434 3643 2081 3714; baseline 0 -18"><span class='ocrx_word' id='word_1_319' title='bbox 434 3647 661 3713; x_wconf 87' lang='lat' dir='ltr'><strong>septem</strong></span> <span class='ocrx_word' id='word_1_320' title='bbox 677 3657 867 3697; x_wconf 86' lang='lat' dir='ltr'><strong>annos</strong></span> <span class='ocrx_word' id='word_1_321' title='bbox 885 3643 1449 3714; x_wconf 82' lang='lat' dir='ltr'><strong>Hierosolymisfuit.</strong></span> <span class='ocrx_word' id='word_1_322' title='bbox 1471 3645 1609 3698; x_wconf 87' lang='lat' dir='ltr'><strong>Hist.</strong></span> <span class='ocrx_word' id='word_1_323' title='bbox 1629 3645 1939 3714; x_wconf 89' lang='lat' dir='ltr'><strong>Laus.cap.</strong></span> <span class='ocrx_word' id='word_1_324' title='bbox 1964 3646 2081 3712; x_wconf 91' lang='grc'><strong>117,</strong></span> 
     </span>
    </p>
   </div>
   <div class='ocr_carea' id='block_1_47' title="bbox 440 3731 2086 3804">
    <p class='ocr_par' dir='ltr' id='par_1_47' title="bbox 440 3731 2086 3804">
     <span class='ocr_line' id='line_1_47' title="bbox 440 3731 2086 3804; baseline 0.001 -19"><span class='ocrx_word' id='word_1_325' title='bbox 440 3731 557 3786; x_wconf 82' lang='grc'><strong>118.</strong></span> <span class='ocrx_word' id='word_1_326' title='bbox 588 3731 854 3795; x_wconf 83' lang='lat' dir='ltr'><strong>Melania,</strong></span> <span class='ocrx_word' id='word_1_327' title='bbox 873 3732 1234 3803; x_wconf 81' lang='lat' dir='ltr'><strong>Hieronymo</strong></span> <span class='ocrx_word' id='word_1_328' title='bbox 1257 3739 1417 3797; x_wconf 88' lang='lat' dir='ltr'><strong>teste,</strong></span> <span class='ocrx_word' id='word_1_329' title='bbox 1435 3750 1614 3804; x_wconf 84' lang='lat' dir='ltr'><strong>quem</strong></span> <span class='ocrx_word' id='word_1_330' title='bbox 1631 3734 1703 3786; x_wconf 89' lang='lat' dir='ltr'><strong>de</strong></span> <span class='ocrx_word' id='word_1_331' title='bbox 1733 3733 1843 3787; x_wconf 87' lang='lat' dir='ltr'><strong>hac</strong></span> <span class='ocrx_word' id='word_1_332' title='bbox 1860 3749 1919 3787; x_wconf 88' lang='lat' dir='ltr'><strong>re</strong></span> <span class='ocrx_word' id='word_1_333' title='bbox 1934 3733 2086 3787; x_wconf 91' lang='lat' dir='ltr'><strong>bene</strong></span> 
     </span>
    </p>
   </div>
   <div class='ocr_carea' id='block_1_48' title="bbox 435 3819 2088 3890">
    <p class='ocr_par' dir='ltr' id='par_1_48' title="bbox 435 3819 2088 3890">
     <span class='ocr_line' id='line_1_48' title="bbox 435 3819 2088 3890; baseline 0.001 -16"><span class='ocrx_word' id='word_1_334' title='bbox 435 3819 716 3874; x_wconf 88' lang='lat' dir='ltr'><strong>edoctum</strong></span> <span class='ocrx_word' id='word_1_335' title='bbox 738 3837 864 3874; x_wconf 89' lang='lat' dir='ltr'><strong>esse</strong></span> <span class='ocrx_word' id='word_1_336' title='bbox 891 3822 1214 3890; x_wconf 86' lang='lat' dir='ltr'><strong>oportebat,</strong></span> <span class='ocrx_word' id='word_1_337' title='bbox 1251 3822 1667 3888; x_wconf 82' lang='lat' dir='ltr'><strong>Hierosolyma</strong></span> <span class='ocrx_word' id='word_1_338' title='bbox 1691 3823 1845 3875; x_wconf 87' lang='lat' dir='ltr'><strong>venit</strong></span> <span class='ocrx_word' id='word_1_339' title='bbox 1863 3837 2023 3876; x_wconf 88' lang='lat' dir='ltr'><strong>anno</strong></span> <span class='ocrx_word' id='word_1_340' title='bbox 2049 3823 2088 3875; x_wconf 87' lang='grc' dir='ltr'>Χ</span> 
     </span>
    </p>
   </div>
   <div class='ocr_carea' id='block_1_49' title="bbox 438 3907 2089 3980">
    <p class='ocr_par' dir='ltr' id='par_1_49' title="bbox 438 3907 2089 3980">
     <span class='ocr_line' id='line_1_49' title="bbox 438 3907 2089 3980; baseline 0 -16"><span class='ocrx_word' id='word_1_341' title='bbox 438 3907 698 3964; x_wconf 86' lang='lat' dir='ltr'><strong>Valentis</strong></span> <span class='ocrx_word' id='word_1_342' title='bbox 720 3909 1118 3978; x_wconf 86' lang='lat' dir='ltr'><strong>imperatoris,</strong></span> <span class='ocrx_word' id='word_1_343' title='bbox 1138 3910 1174 3964; x_wconf 92' lang='lat' dir='ltr'><strong>i.</strong></span> <span class='ocrx_word' id='word_1_344' title='bbox 1205 3927 1256 3964; x_wconf 92' lang='lat' dir='ltr'><strong>e.</strong></span> <span class='ocrx_word' id='word_1_345' title='bbox 1285 3925 1446 3965; x_wconf 90' lang='lat' dir='ltr'><strong>anno</strong></span> <span class='ocrx_word' id='word_1_346' title='bbox 1464 3914 1585 3965; x_wconf 85' lang='grc'><strong>374.</strong></span> <span class='ocrx_word' id='word_1_347' title='bbox 1623 3911 1878 3980; x_wconf 87' lang='lat' dir='ltr'><strong>(Hieron.</strong></span> <span class='ocrx_word' id='word_1_348' title='bbox 1905 3908 2089 3964; x_wconf 88' lang='lat' dir='ltr'><strong>Chro—</strong></span> 
     </span>
    </p>
   </div>
   <div class='ocr_carea' id='block_1_50' title="bbox 436 3997 2088 4070">
    <p class='ocr_par' dir='ltr' id='par_1_50' title="bbox 436 3997 2088 4070">
     <span class='ocr_line' id='line_1_50' title="bbox 436 3997 2088 4070; baseline 0.001 -19"><span class='ocrx_word' id='word_1_349' title='bbox 436 3997 660 4063; x_wconf 90' lang='lat' dir='ltr'><strong>nicon.)</strong></span> <span class='ocrx_word' id='word_1_350' title='bbox 686 3997 846 4052; x_wconf 90' lang='lat' dir='ltr'><strong>Idem</strong></span> <span class='ocrx_word' id='word_1_351' title='bbox 865 3999 1030 4069; x_wconf 90' lang='lat' dir='ltr'><strong>quod</strong></span> <span class='ocrx_word' id='word_1_352' title='bbox 1061 3998 1360 4054; x_wconf 87' lang='lat' dir='ltr'><strong>Palladius</strong></span> <span class='ocrx_word' id='word_1_353' title='bbox 1385 3999 1548 4070; x_wconf 88' lang='lat' dir='ltr'><strong>(Hist.</strong></span> <span class='ocrx_word' id='word_1_354' title='bbox 1589 4001 1757 4054; x_wconf 88' lang='lat' dir='ltr'><strong>Laus.</strong></span> <span class='ocrx_word' id='word_1_355' title='bbox 1797 4015 1932 4068; x_wconf 91' lang='lat' dir='ltr'><strong>cap.</strong></span> <span class='ocrx_word' id='word_1_356' title='bbox 1969 4000 2088 4068; x_wconf 83' lang='lat' dir='ltr'><strong>H7)</strong></span> 
     </span>
    </p>
   </div>
   <div class='ocr_carea' id='block_1_51' title="bbox 438 4084 2088 4158">
    <p class='ocr_par' dir='ltr' id='par_1_51' title="bbox 438 4084 2088 4158">
     <span class='ocr_line' id='line_1_51' title="bbox 438 4084 2088 4158; baseline 0.002 -20"><span class='ocrx_word' id='word_1_357' title='bbox 438 4084 683 4149; x_wconf 89' lang='lat' dir='ltr'><strong>indicat,</strong></span> <span class='ocrx_word' id='word_1_358' title='bbox 716 4085 994 4141; x_wconf 87' lang='lat' dir='ltr'><strong>Paulinus</strong></span> <span class='ocrx_word' id='word_1_359' title='bbox 1023 4088 1284 4142; x_wconf 86' lang='lat' dir='ltr'><strong>Nolanus</strong></span> <span class='ocrx_word' id='word_1_360' title='bbox 1313 4089 1490 4158; x_wconf 91' lang='lat' dir='ltr'><strong>(Opp.</strong></span> <span class='ocrx_word' id='word_1_361' title='bbox 1516 4087 1588 4141; x_wconf 88' lang='lat' dir='ltr'><strong>ed</strong></span> <span class='ocrx_word' id='word_1_362' title='bbox 1623 4088 1850 4141; x_wconf 86' lang='lat' dir='ltr'><strong>Lebrun</strong></span> <span class='ocrx_word' id='word_1_363' title='bbox 1877 4103 1970 4156; x_wconf 92' lang='lat' dir='ltr'><strong>ep.</strong></span> <span class='ocrx_word' id='word_1_364' title='bbox 1997 4089 2088 4153; x_wconf 86' lang='lat'><strong>29)</strong></span> 
     </span>
    </p>
   </div>
   <div class='ocr_carea' id='block_1_52' title="bbox 436 4175 2091 4247">
    <p class='ocr_par' dir='ltr' id='par_1_52' title="bbox 436 4175 2091 4247">
     <span class='ocr_line' id='line_1_52' title="bbox 436 4175 2091 4247; baseline 0.001 -19"><span class='ocrx_word' id='word_1_365' title='bbox 436 4189 560 4228; x_wconf 92' lang='lat' dir='ltr'><strong>non</strong></span> <span class='ocrx_word' id='word_1_366' title='bbox 583 4181 780 4243; x_wconf 90' lang='lat' dir='ltr'><strong>negat.</strong></span> <span class='ocrx_word' id='word_1_367' title='bbox 811 4176 1087 4231; x_wconf 89' lang='lat' dir='ltr'><strong>Paulinus</strong></span> <span class='ocrx_word' id='word_1_368' title='bbox 1107 4177 1165 4247; x_wconf 92' lang='lat' dir='ltr'><strong>(l.</strong></span> <span class='ocrx_word' id='word_1_369' title='bbox 1186 4177 1249 4246; x_wconf 93' lang='lat' dir='ltr'><strong>l.)</strong></span> <span class='ocrx_word' id='word_1_370' title='bbox 1279 4177 1590 4233; x_wconf 85' lang='lat' dir='ltr'><strong>Melaniam</strong></span> <span class='ocrx_word' id='word_1_371' title='bbox 1615 4196 1638 4225; x_wconf 85' lang='lat'><strong>«</strong></span> <span class='ocrx_word' id='word_1_372' title='bbox 1671 4175 2091 4247; x_wconf 88' lang='lat' dir='ltr'><strong>postquinque</strong></span> 
     </span>
    </p>
   </div>
   <div class='ocr_carea' id='block_1_53' title="bbox 435 4262 2088 4335">
    <p class='ocr_par' dir='ltr' id='par_1_53' title="bbox 435 4262 2088 4335">
     <span class='ocr_line' id='line_1_53' title="bbox 435 4262 2088 4335; baseline 0.001 -19"><span class='ocrx_word' id='word_1_373' title='bbox 435 4262 622 4320; x_wconf 89' lang='lat' dir='ltr'><strong>lustra</strong></span> <span class='ocrx_word' id='word_1_374' title='bbox 649 4286 677 4316; x_wconf 84' lang='lat'><strong>»</strong></span> <span class='ocrx_word' id='word_1_375' title='bbox 709 4267 959 4320; x_wconf 86' lang='lat' dir='ltr'><strong>Romam</strong></span> <span class='ocrx_word' id='word_1_376' title='bbox 988 4282 1284 4321; x_wconf 89' lang='lat' dir='ltr'><strong>remeasse</strong></span> <span class='ocrx_word' id='word_1_377' title='bbox 1318 4267 1414 4334; x_wconf 88' lang='lat' dir='ltr'><strong>ait,</strong></span> <span class='ocrx_word' id='word_1_378' title='bbox 1437 4281 1686 4321; x_wconf 88' lang='lat' dir='ltr'><strong>numero</strong></span> <span class='ocrx_word' id='word_1_379' title='bbox 1721 4281 1861 4318; x_wconf 87' lang='lat' dir='ltr'><strong>usus</strong></span> <span class='ocrx_word' id='word_1_380' title='bbox 1888 4265 2088 4335; x_wconf 92' lang='lat' dir='ltr'><strong>pleno,</strong></span> 
     </span>
    </p>
   </div>
   <div class='ocr_carea' id='block_1_54' title="bbox 438 4352 2092 4422">
    <p class='ocr_par' dir='ltr' id='par_1_54' title="bbox 438 4352 2092 4422">
     <span class='ocr_line' id='line_1_54' title="bbox 438 4352 2092 4422; baseline 0.001 -18"><span class='ocrx_word' id='word_1_381' title='bbox 438 4352 541 4422; x_wconf 90' lang='lat' dir='ltr'><strong>qui</strong></span> <span class='ocrx_word' id='word_1_382' title='bbox 587 4366 706 4406; x_wconf 92' lang='lat' dir='ltr'><strong>non</strong></span> <span class='ocrx_word' id='word_1_383' title='bbox 739 4355 1068 4421; x_wconf 84' lang='lat' dir='ltr'><strong>urgendus,</strong></span> <span class='ocrx_word' id='word_1_384' title='bbox 1111 4355 1215 4408; x_wconf 90' lang='lat' dir='ltr'><strong>sed</strong></span> <span class='ocrx_word' id='word_1_385' title='bbox 1245 4354 1322 4409; x_wconf 89' lang='lat' dir='ltr'><strong>ad</strong></span> <span class='ocrx_word' id='word_1_386' title='bbox 1373 4354 1802 4409; x_wconf 86' lang='lat' dir='ltr'><strong>accuratiorem</strong></span> <span class='ocrx_word' id='word_1_387' title='bbox 1849 4353 2092 4407; x_wconf 86' lang='lat' dir='ltr'><strong>Palladii</strong></span> 
     </span>
    </p>
   </div>
   <div class='ocr_carea' id='block_1_55' title="bbox 440 4441 2092 4512">
    <p class='ocr_par' dir='ltr' id='par_1_55' title="bbox 440 4441 2092 4512">
     <span class='ocr_line' id='line_1_55' title="bbox 440 4441 2092 4512; baseline 0.002 -19"><span class='ocrx_word' id='word_1_388' title='bbox 440 4455 746 4495; x_wconf 90' lang='lat' dir='ltr'><strong>summam</strong></span> <span class='ocrx_word' id='word_1_389' title='bbox 777 4441 1167 4511; x_wconf 85' lang='lat' dir='ltr'><strong>explicandus</strong></span> <span class='ocrx_word' id='word_1_390' title='bbox 1190 4448 1300 4497; x_wconf 90' lang='lat' dir='ltr'><strong>est.</strong></span> <span class='ocrx_word' id='word_1_391' title='bbox 1331 4442 1474 4497; x_wconf 91' lang='lat' dir='ltr'><strong>Inde</strong></span> <span class='ocrx_word' id='word_1_392' title='bbox 1506 4458 1669 4506; x_wconf 89' lang='lat' dir='ltr'><strong>vero,</strong></span> <span class='ocrx_word' id='word_1_393' title='bbox 1703 4442 1869 4512; x_wconf 90' lang='lat' dir='ltr'><strong>quod</strong></span> <span class='ocrx_word' id='word_1_394' title='bbox 1900 4442 2092 4496; x_wconf 90' lang='lat' dir='ltr'><strong>editus</strong></span> 
     </span>
    </p>
   </div>
   <div class='ocr_carea' id='block_1_56' title="bbox 442 4528 2095 4602">
    <p class='ocr_par' dir='ltr' id='par_1_56' title="bbox 442 4528 2095 4602">
     <span class='ocr_line' id='line_1_56' title="bbox 442 4528 2095 4602; baseline 0.002 -20"><span class='ocrx_word' id='word_1_395' title='bbox 442 4528 686 4584; x_wconf 86' lang='lat' dir='ltr'><strong>Palladii</strong></span> <span class='ocrx_word' id='word_1_396' title='bbox 718 4533 1087 4602; x_wconf 78' lang='lat' dir='ltr'><strong>textus(cap.</strong></span> <span class='ocrx_word' id='word_1_397' title='bbox 1128 4532 1246 4598; x_wconf 90' lang='grc'><strong>119)</strong></span> <span class='ocrx_word' id='word_1_398' title='bbox 1276 4531 1475 4594; x_wconf 84' lang='lat' dir='ltr'><strong>habet,</strong></span> <span class='ocrx_word' id='word_1_399' title='bbox 1509 4530 1820 4586; x_wconf 74' lang='lat' dir='ltr'><strong>Melanium</strong></span> <span class='ocrx_word' id='word_1_400' title='bbox 1857 4531 2095 4599; x_wconf 84' lang='lat' dir='ltr'><strong>triginta</strong></span> 
     </span>
    </p>
   </div>
   <div class='ocr_carea' id='block_1_57' title="bbox 442 4620 2094 4691">
    <p class='ocr_par' dir='ltr' id='par_1_57' title="bbox 442 4620 2094 4691">
     <span class='ocr_line' id='line_1_57' title="bbox 442 4620 2094 4691; baseline 0.001 -19"><span class='ocrx_word' id='word_1_401' title='bbox 442 4622 670 4688; x_wconf 87' lang='lat' dir='ltr'><strong>septem</strong></span> <span class='ocrx_word' id='word_1_402' title='bbox 692 4634 884 4674; x_wconf 92' lang='lat' dir='ltr'><strong>annos</strong></span> <span class='ocrx_word' id='word_1_403' title='bbox 901 4620 1169 4691; x_wconf 88' lang='lat' dir='ltr'><strong>hospites</strong></span> <span class='ocrx_word' id='word_1_404' title='bbox 1187 4621 1511 4691; x_wconf 84' lang='lat' dir='ltr'><strong>excepisse,</strong></span> <span class='ocrx_word' id='word_1_405' title='bbox 1539 4635 1921 4691; x_wconf 85' lang='lat' dir='ltr'><strong>nequaquam</strong></span> <span class='ocrx_word' id='word_1_406' title='bbox 1956 4636 2094 4675; x_wconf 89' lang='lat' dir='ltr'><strong>cum</strong></span> 
     </span>
    </p>
   </div>
   <div class='ocr_carea' id='block_1_58' title="bbox 443 4706 2095 4780">
    <p class='ocr_par' dir='ltr' id='par_1_58' title="bbox 443 4706 2095 4780">
     <span class='ocr_line' id='line_1_58' title="bbox 443 4706 2095 4780; baseline 0.001 -18"><span class='ocrx_word' id='word_1_407' title='bbox 443 4706 816 4763; x_wconf 89' lang='lat' dir='ltr'><strong>Tillemontio</strong></span> <span class='ocrx_word' id='word_1_408' title='bbox 833 4713 1082 4773; x_wconf 88' lang='lat' dir='ltr'><strong>statuas,</strong></span> <span class='ocrx_word' id='word_1_409' title='bbox 1108 4726 1241 4765; x_wconf 90' lang='lat' dir='ltr'><strong>eam</strong></span> <span class='ocrx_word' id='word_1_410' title='bbox 1275 4709 1482 4764; x_wconf 90' lang='lat' dir='ltr'><strong>decem</strong></span> <span class='ocrx_word' id='word_1_411' title='bbox 1511 4725 1706 4764; x_wconf 91' lang='lat' dir='ltr'><strong>annos</strong></span> <span class='ocrx_word' id='word_1_412' title='bbox 1732 4709 1790 4763; x_wconf 90' lang='lat' dir='ltr'><strong>in</strong></span> <span class='ocrx_word' id='word_1_413' title='bbox 1825 4713 2095 4780; x_wconf 85' lang='lat' dir='ltr'><strong>Aegypto</strong></span> 
     </span>
    </p>
   </div>
   <div class='ocr_carea' id='block_1_59' title="bbox 443 4797 2097 4870">
    <p class='ocr_par' dir='ltr' id='par_1_59' title="bbox 443 4797 2097 4870">
     <span class='ocr_line' id='line_1_59' title="bbox 443 4797 2097 4870; baseline 0.001 -20"><span class='ocrx_word' id='word_1_414' title='bbox 443 4811 685 4868; x_wconf 87' lang='lat' dir='ltr'><strong>quoque</strong></span> <span class='ocrx_word' id='word_1_415' title='bbox 699 4797 1015 4862; x_wconf 89' lang='lat' dir='ltr'><strong>mansisse,</strong></span> <span class='ocrx_word' id='word_1_416' title='bbox 1030 4814 1218 4870; x_wconf 91' lang='lat' dir='ltr'><strong>quum</strong></span> <span class='ocrx_word' id='word_1_417' title='bbox 1234 4804 1507 4868; x_wconf 88' lang='lat' dir='ltr'><strong>apertum</strong></span> <span class='ocrx_word' id='word_1_418' title='bbox 1522 4814 1781 4854; x_wconf 89' lang='lat' dir='ltr'><strong>errorem</strong></span> <span class='ocrx_word' id='word_1_419' title='bbox 1796 4797 2097 4868; x_wconf 90' lang='lat' dir='ltr'><strong>scriptoris</strong></span> 
     </span>
    </p>
   </div>
   <div class='ocr_carea' id='block_1_60' title="bbox 443 4885 2097 4958">
    <p class='ocr_par' dir='ltr' id='par_1_60' title="bbox 443 4885 2097 4958">
     <span class='ocr_line' id='line_1_60' title="bbox 443 4885 2097 4958; baseline 0.001 -17"><span class='ocrx_word' id='word_1_420' title='bbox 443 4885 538 4941; x_wconf 90' lang='lat' dir='ltr'><strong>hic</strong></span> <span class='ocrx_word' id='word_1_421' title='bbox 560 4885 1105 4957; x_wconf 85' lang='lat' dir='ltr'><strong>deprehendamus,</strong></span> <span class='ocrx_word' id='word_1_422' title='bbox 1125 4888 1227 4958; x_wconf 89' lang='lat' dir='ltr'><strong>qui</strong></span> <span class='ocrx_word' id='word_1_423' title='bbox 1243 4903 1350 4957; x_wconf 92' lang='lat' dir='ltr'><strong>pro</strong></span> <span class='ocrx_word' id='word_1_424' title='bbox 1371 4887 1475 4951; x_wconf 84' lang='grc' dir='ltr'><strong>κη’,</strong></span> <span class='ocrx_word' id='word_1_425' title='bbox 1492 4888 1527 4941; x_wconf 91' lang='lat' dir='ltr'><strong>i.</strong></span> <span class='ocrx_word' id='word_1_426' title='bbox 1553 4904 1604 4942; x_wconf 93' lang='lat' dir='ltr'><strong>e.</strong></span> <span class='ocrx_word' id='word_1_427' title='bbox 1640 4887 1840 4957; x_wconf 88' lang='lat' dir='ltr'><strong>viginti</strong></span> <span class='ocrx_word' id='word_1_428' title='bbox 1865 4892 2097 4958; x_wconf 85' lang='lat' dir='ltr'><strong>septem</strong></span> 
     </span>
    </p>
   </div>
   <div class='ocr_carea' id='block_1_61' title="bbox 444 4975 2099 5047">
    <p class='ocr_par' dir='ltr' id='par_1_61' title="bbox 444 4975 2099 5047">
     <span class='ocr_line' id='line_1_61' title="bbox 444 4975 2099 5047; baseline 0.001 -18"><span class='ocrx_word' id='word_1_429' title='bbox 444 4975 710 5045; x_wconf 88' lang='lat' dir='ltr'><strong>posuerit</strong></span> <span class='ocrx_word' id='word_1_430' title='bbox 734 4975 888 5039; x_wconf 81' lang='grc' dir='ltr'><strong>λη’,ἱ.</strong></span> <span class='ocrx_word' id='word_1_431' title='bbox 915 4991 966 5030; x_wconf 91' lang='lat' dir='ltr'><strong>e.</strong></span> <span class='ocrx_word' id='word_1_432' title='bbox 1003 4975 1240 5046; x_wconf 85' lang='lat' dir='ltr'><strong>triginta</strong></span> <span class='ocrx_word' id='word_1_433' title='bbox 1270 4983 1517 5047; x_wconf 89' lang='lat' dir='ltr'><strong>septem.</strong></span> <span class='ocrx_word' id='word_1_434' title='bbox 1546 4980 1697 5032; x_wconf 89' lang='lat' dir='ltr'><strong>Haec</strong></span> <span class='ocrx_word' id='word_1_435' title='bbox 1737 4976 1810 5030; x_wconf 93' lang='lat' dir='ltr'><strong>de</strong></span> <span class='ocrx_word' id='word_1_436' title='bbox 1847 4976 2099 5031; x_wconf 91' lang='lat' dir='ltr'><strong>Melania</strong></span> 
     </span>
    </p>
   </div>
   <div class='ocr_carea' id='block_1_62' title="bbox 445 5064 2100 5136">
    <p class='ocr_par' dir='ltr' id='par_1_62' title="bbox 445 5064 2100 5136">
     <span class='ocr_line' id='line_1_62' title="bbox 445 5064 2100 5136; baseline 0.001 -17"><span class='ocrx_word' id='word_1_437' title='bbox 445 5064 893 5128; x_wconf 89' lang='lat' dir='ltr'><strong>annotavimus,</strong></span> <span class='ocrx_word' id='word_1_438' title='bbox 917 5065 1059 5135; x_wconf 91' lang='lat' dir='ltr'><strong>quia</strong></span> <span class='ocrx_word' id='word_1_439' title='bbox 1083 5065 1140 5118; x_wconf 92' lang='lat' dir='ltr'><strong>in</strong></span> <span class='ocrx_word' id='word_1_440' title='bbox 1167 5066 1276 5120; x_wconf 89' lang='lat' dir='ltr'><strong>hoc</strong></span> <span class='ocrx_word' id='word_1_441' title='bbox 1295 5068 1488 5136; x_wconf 85' lang='lat' dir='ltr'><strong>capite</strong></span> <span class='ocrx_word' id='word_1_442' title='bbox 1511 5065 1951 5121; x_wconf 88' lang='lat' dir='ltr'><strong>Tillemontium</strong></span> <span class='ocrx_word' id='word_1_443' title='bbox 1971 5066 2100 5135; x_wconf 81' lang='lat' dir='ltr'><strong>(Me-</strong></span> 
     </span>
    </p>
   </div>
   <div class='ocr_carea' id='block_1_63' title="bbox 445 5153 2097 5226">
    <p class='ocr_par' dir='ltr' id='par_1_63' title="bbox 445 5153 2097 5226">
     <span class='ocr_line' id='line_1_63' title="bbox 445 5153 2097 5226; baseline -0.001 -18"><span class='ocrx_word' id='word_1_444' title='bbox 445 5153 668 5208; x_wconf 90' lang='lat' dir='ltr'><strong>moires</strong></span> <span class='ocrx_word' id='word_1_445' title='bbox 724 5153 818 5207; x_wconf 90' lang='lat' dir='ltr'><strong>ed.</strong></span> <span class='ocrx_word' id='word_1_446' title='bbox 881 5154 1058 5208; x_wconf 90' lang='lat' dir='ltr'><strong>Paris.</strong></span> <span class='ocrx_word' id='word_1_447' title='bbox 1114 5156 1172 5209; x_wconf 94' lang='lat' dir='ltr'><strong>T.</strong></span> <span class='ocrx_word' id='word_1_448' title='bbox 1237 5158 1276 5210; x_wconf 83' lang='grc' dir='ltr'><strong>Χ</strong></span> <span class='ocrx_word' id='word_1_449' title='bbox 1322 5171 1380 5225; x_wconf 91' lang='lat' dir='ltr'><strong>p.</strong></span> <span class='ocrx_word' id='word_1_450' title='bbox 1412 5155 1537 5210; x_wconf 89' lang='lat'><strong>396.</strong></span> <span class='ocrx_word' id='word_1_451' title='bbox 1591 5170 1723 5226; x_wconf 89' lang='lat' dir='ltr'><strong>sqq.</strong></span> <span class='ocrx_word' id='word_1_452' title='bbox 1777 5155 1872 5210; x_wconf 84' lang='grc'><strong>821</strong></span> <span class='ocrx_word' id='word_1_453' title='bbox 1914 5156 2097 5226; x_wconf 89' lang='lat' dir='ltr'><strong>sqq.),</strong></span> 
     </span>
    </p>
   </div>
   <div class='ocr_carea' id='block_1_64' title="bbox 449 5241 2094 5314">
    <p class='ocr_par' dir='ltr' id='par_1_64' title="bbox 449 5241 2094 5314">
     <span class='ocr_line' id='line_1_64' title="bbox 449 5241 2094 5314; baseline 0 -17"><span class='ocrx_word' id='word_1_454' title='bbox 449 5241 831 5297; x_wconf 87' lang='lat' dir='ltr'><strong>Rosweidum</strong></span> <span class='ocrx_word' id='word_1_455' title='bbox 855 5241 1140 5311; x_wconf 86' lang='lat' dir='ltr'><strong>(Ruﬁniet</strong></span> <span class='ocrx_word' id='word_1_456' title='bbox 1157 5244 1436 5300; x_wconf 78' lang='lat' dir='ltr'><strong>Melaniae</strong></span> <span class='ocrx_word' id='word_1_457' title='bbox 1451 5244 1845 5314; x_wconf 85' lang='lat' dir='ltr'><strong>peregrinatio</strong></span> <span class='ocrx_word' id='word_1_458' title='bbox 1864 5244 1977 5297; x_wconf 89' lang='lat' dir='ltr'><strong>VV.</strong></span> <span class='ocrx_word' id='word_1_459' title='bbox 2000 5243 2094 5297; x_wconf 89' lang='lat' dir='ltr'><strong>PP.</strong></span> 
     </span>
    </p>
   </div>
   <div class='ocr_carea' id='block_1_65' title="bbox 449 5331 2090 5402">
    <p class='ocr_par' dir='ltr' id='par_1_65' title="bbox 449 5331 2090 5402">
     <span class='ocr_line' id='line_1_65' title="bbox 449 5331 2090 5402; baseline 0.002 -18"><span class='ocrx_word' id='word_1_460' title='bbox 449 5346 510 5402; x_wconf 92' lang='lat' dir='ltr'><strong>p.</strong></span> <span class='ocrx_word' id='word_1_461' title='bbox 542 5333 643 5386; x_wconf 71' lang='lat'><strong>425</strong></span> <span class='ocrx_word' id='word_1_462' title='bbox 674 5332 834 5401; x_wconf 89' lang='lat' dir='ltr'><strong>sqq.)</strong></span> <span class='ocrx_word' id='word_1_463' title='bbox 885 5338 940 5386; x_wconf 91' lang='lat' dir='ltr'><strong>et</strong></span> <span class='ocrx_word' id='word_1_464' title='bbox 985 5331 1345 5401; x_wconf 84' lang='lat' dir='ltr'><strong>Stiltingium</strong></span> <span class='ocrx_word' id='word_1_465' title='bbox 1395 5333 1546 5402; x_wconf 90' lang='lat' dir='ltr'><strong>(Vita</strong></span> <span class='ocrx_word' id='word_1_466' title='bbox 1591 5333 1645 5386; x_wconf 92' lang='lat' dir='ltr'><strong>S.</strong></span> <span class='ocrx_word' id='word_1_467' title='bbox 1684 5333 1894 5386; x_wconf 90' lang='lat' dir='ltr'><strong>Hieron</strong></span> <span class='ocrx_word' id='word_1_468' title='bbox 1925 5374 1940 5401; x_wconf 91' lang='lat'><strong>,</strong></span> <span class='ocrx_word' id='word_1_469' title='bbox 1970 5333 2090 5388; x_wconf 88' lang='lat' dir='ltr'><strong>AA.</strong></span> 
     </span>
    </p>
   </div>
   <div class='ocr_carea' id='block_1_66' title="bbox 453 5419 2102 5493">
    <p class='ocr_par' dir='ltr' id='par_1_66' title="bbox 453 5419 2102 5493">
     <span class='ocr_line' id='line_1_66' title="bbox 453 5419 2102 5493; baseline -0.001 -18"><span class='ocrx_word' id='word_1_470' title='bbox 453 5421 549 5475; x_wconf 93' lang='lat' dir='ltr'><strong>SS.</strong></span> <span class='ocrx_word' id='word_1_471' title='bbox 599 5419 740 5474; x_wconf 87' lang='lat' dir='ltr'><strong>Boil.</strong></span> <span class='ocrx_word' id='word_1_472' title='bbox 790 5423 945 5491; x_wconf 91' lang='lat' dir='ltr'><strong>Sept.</strong></span> <span class='ocrx_word' id='word_1_473' title='bbox 982 5423 1041 5476; x_wconf 90' lang='lat' dir='ltr'><strong>T.</strong></span> <span class='ocrx_word' id='word_1_474' title='bbox 1077 5423 1192 5476; x_wconf 89' lang='lat' dir='ltr'><strong>VIII</strong></span> <span class='ocrx_word' id='word_1_475' title='bbox 1227 5438 1280 5492; x_wconf 90' lang='lat' dir='ltr'><strong>p.</strong></span> <span class='ocrx_word' id='word_1_476' title='bbox 1311 5427 1415 5477; x_wconf 87' lang='lat'><strong>552</strong></span> <span class='ocrx_word' id='word_1_477' title='bbox 1441 5423 1617 5493; x_wconf 87' lang='lat' dir='ltr'><strong>sqq.),</strong></span> <span class='ocrx_word' id='word_1_478' title='bbox 1653 5421 1786 5476; x_wconf 90' lang='lat' dir='ltr'><strong>licet</strong></span> <span class='ocrx_word' id='word_1_479' title='bbox 1813 5421 1923 5490; x_wconf 87' lang='lat' dir='ltr'><strong>ipsi</strong></span> <span class='ocrx_word' id='word_1_480' title='bbox 1953 5422 2102 5475; x_wconf 88' lang='lat' dir='ltr'><strong>inter</strong></span> 
     </span>
    </p>
   </div>
   <div class='ocr_carea' id='block_1_67' title="bbox 450 5508 2096 5582">
    <p class='ocr_par' dir='ltr' id='par_1_67' title="bbox 450 5508 2096 5582">
     <span class='ocr_line' id='line_1_67' title="bbox 450 5508 2096 5582; baseline -0.001 -20"><span class='ocrx_word' id='word_1_481' title='bbox 450 5524 512 5562; x_wconf 88' lang='lat' dir='ltr'><strong>se</strong></span> <span class='ocrx_word' id='word_1_482' title='bbox 539 5508 794 5563; x_wconf 89' lang='lat' dir='ltr'><strong>multum</strong></span> <span class='ocrx_word' id='word_1_483' title='bbox 815 5509 1173 5582; x_wconf 88' lang='lat' dir='ltr'><strong>discrepent,</strong></span> <span class='ocrx_word' id='word_1_484' title='bbox 1207 5513 1466 5580; x_wconf 89' lang='lat' dir='ltr'><strong>graviter</strong></span> <span class='ocrx_word' id='word_1_485' title='bbox 1485 5525 1713 5565; x_wconf 88' lang='lat' dir='ltr'><strong>errasse</strong></span> <span class='ocrx_word' id='word_1_486' title='bbox 1739 5510 2096 5563; x_wconf 88' lang='lat' dir='ltr'><strong>invenimus.</strong></span> 
     </span>
    </p>
   </div>
   <div class='ocr_carea' id='block_1_68' title="bbox 449 5598 2101 5670">
    <p class='ocr_par' dir='ltr' id='par_1_68' title="bbox 449 5598 2101 5670">
     <span class='ocr_line' id='line_1_68' title="bbox 449 5598 2101 5670; baseline -0.001 -17"><span class='ocrx_word' id='word_1_487' title='bbox 449 5598 748 5669; x_wconf 89' lang='lat' dir='ltr'><strong>Superest,</strong></span> <span class='ocrx_word' id='word_1_488' title='bbox 791 5604 851 5654; x_wconf 90' lang='lat' dir='ltr'><strong>ut</strong></span> <span class='ocrx_word' id='word_1_489' title='bbox 905 5606 1286 5667; x_wconf 90' lang='lat' dir='ltr'><strong>annotemus,</strong></span> <span class='ocrx_word' id='word_1_490' title='bbox 1330 5601 1610 5657; x_wconf 75' lang='lat' dir='ltr'><strong>Rufinum</strong></span> <span class='ocrx_word' id='word_1_491' title='bbox 1655 5614 1828 5654; x_wconf 89' lang='lat' dir='ltr'><strong>senes</strong></span> <span class='ocrx_word' id='word_1_492' title='bbox 1857 5613 2101 5670; x_wconf 90' lang='lat' dir='ltr'><strong>quoque</strong></span> 
     </span>
    </p>
   </div>
   <div class='ocr_carea' id='block_1_69' title="bbox 453 5687 2102 5764">
    <p class='ocr_par' dir='ltr' id='par_1_69' title="bbox 453 5687 2102 5764">
     <span class='ocr_line' id='line_1_69' title="bbox 453 5687 2102 5764; baseline -0.002 -16"><span class='ocrx_word' id='word_1_493' title='bbox 453 5687 919 5761; x_wconf 72' lang='lat' dir='ltr'><strong>Mesopotamiae</strong></span> <span class='ocrx_word' id='word_1_494' title='bbox 945 5690 1154 5764; x_wconf 81' lang='lat' dir='ltr'><strong>«apud</strong></span> <span class='ocrx_word' id='word_1_495' title='bbox 1180 5690 1464 5749; x_wconf 86' lang='lat' dir='ltr'><strong>Edessam</strong></span> <span class='ocrx_word' id='word_1_496' title='bbox 1481 5693 1538 5747; x_wconf 80' lang='lat' dir='ltr'><strong>et</strong></span> <span class='ocrx_word' id='word_1_497' title='bbox 1557 5688 1619 5746; x_wconf 89' lang='lat' dir='ltr'><strong>in</strong></span> <span class='ocrx_word' id='word_1_498' title='bbox 1632 5688 1946 5747; x_wconf 85' lang='lat' dir='ltr'><strong>Carrarum</strong></span> <span class='ocrx_word' id='word_1_499' title='bbox 1968 5701 2102 5759; x_wconf 88' lang='lat' dir='ltr'><strong>par-</strong></span> 
     </span>
    </p>
   </div>
   <div class='ocr_carea' id='block_1_70' title="bbox 2191 1894 3421 1968">
    <p class='ocr_par' dir='ltr' id='par_1_70' title="bbox 2191 1894 3421 1968">
     <span class='ocr_line' id='line_1_70' title="bbox 2191 1894 3421 1968; baseline -0.011 -10"><span class='ocrx_word' id='word_1_500' title='bbox 2191 1900 2383 1958; x_wconf 88' lang='lat' dir='ltr'><strong>stolae</strong></span> <span class='ocrx_word' id='word_1_501' title='bbox 2409 1896 2760 1968; x_wconf 89' lang='lat' dir='ltr'><strong>irrepsisse,</strong></span> <span class='ocrx_word' id='word_1_502' title='bbox 2793 1899 3276 1951; x_wconf 88' lang='lat' dir='ltr'><strong>consentaneum</strong></span> <span class='ocrx_word' id='word_1_503' title='bbox 3313 1894 3421 1946; x_wconf 84' lang='lat' dir='ltr'><strong>est.</strong></span> 
     </span>
    </p>
   </div>
   <div class='ocr_carea' id='block_1_71' title="bbox 2275 1983 3843 2067">
    <p class='ocr_par' dir='ltr' id='par_1_71' title="bbox 2275 1983 3843 2067">
     <span class='ocr_line' id='line_1_71' title="bbox 2275 1983 3843 2067; baseline -0.008 -15"><span class='ocrx_word' id='word_1_504' title='bbox 2275 1997 2482 2067; x_wconf 87' lang='lat' dir='ltr'><strong>Itaque</strong></span> <span class='ocrx_word' id='word_1_505' title='bbox 2538 1993 2746 2051; x_wconf 90' lang='lat' dir='ltr'><strong>verbis</strong></span> <span class='ocrx_word' id='word_1_506' title='bbox 2795 1992 2918 2048; x_wconf 90' lang='lat' dir='ltr'><strong>illis</strong></span> <span class='ocrx_word' id='word_1_507' title='bbox 2966 1990 3022 2048; x_wconf 90' lang='lat' dir='ltr'><strong>S.</strong></span> <span class='ocrx_word' id='word_1_508' title='bbox 3080 1990 3497 2059; x_wconf 90' lang='lat' dir='ltr'><strong>Hieronymus</strong></span> <span class='ocrx_word' id='word_1_509' title='bbox 3558 1983 3843 2042; x_wconf 88' lang='lat' dir='ltr'><strong>Ruﬁnum</strong></span> 
     </span>
    </p>
   </div>
   <div class='ocr_carea' id='block_1_72' title="bbox 2196 2081 3842 2162">
    <p class='ocr_par' dir='ltr' id='par_1_72' title="bbox 2196 2081 3842 2162">
     <span class='ocr_line' id='line_1_72' title="bbox 2196 2081 3842 2162; baseline -0.009 -12"><span class='ocrx_word' id='word_1_510' title='bbox 2196 2092 2342 2151; x_wconf 90' lang='lat' dir='ltr'><strong>libri</strong></span> <span class='ocrx_word' id='word_1_511' title='bbox 2367 2091 2545 2149; x_wconf 89' lang='lat' dir='ltr'><strong>istius</strong></span> <span class='ocrx_word' id='word_1_512' title='bbox 2574 2089 2874 2162; x_wconf 85' lang='lat' dir='ltr'><strong>signiﬁcat</strong></span> <span class='ocrx_word' id='word_1_513' title='bbox 2903 2088 3298 2159; x_wconf 89' lang='lat' dir='ltr'><strong>scriptorem,</strong></span> <span class='ocrx_word' id='word_1_514' title='bbox 3331 2100 3453 2142; x_wconf 91' lang='lat' dir='ltr'><strong>non</strong></span> <span class='ocrx_word' id='word_1_515' title='bbox 3487 2081 3842 2154; x_wconf 87' lang='lat' dir='ltr'><strong>Evagrium,</strong></span> 
     </span>
    </p>
   </div>
   <div class='ocr_carea' id='block_1_73' title="bbox 2194 2178 3847 2261">
    <p class='ocr_par' dir='ltr' id='par_1_73' title="bbox 2194 2178 3847 2261">
     <span class='ocr_line' id='line_1_73' title="bbox 2194 2178 3847 2261; baseline -0.008 -14"><span class='ocrx_word' id='word_1_516' title='bbox 2194 2189 2281 2248; x_wconf 91' lang='lat' dir='ltr'><strong>uti</strong></span> <span class='ocrx_word' id='word_1_517' title='bbox 2332 2188 2616 2246; x_wconf 92' lang='lat' dir='ltr'><strong>nonnulli</strong></span> <span class='ocrx_word' id='word_1_518' title='bbox 2672 2185 2758 2261; x_wconf 87' lang='lat'><strong>(6)</strong></span> <span class='ocrx_word' id='word_1_519' title='bbox 2813 2185 3282 2251; x_wconf 89' lang='lat' dir='ltr'><strong>contenderntu,</strong></span> <span class='ocrx_word' id='word_1_520' title='bbox 3335 2181 3525 2254; x_wconf 90' lang='lat' dir='ltr'><strong>quod,</strong></span> <span class='ocrx_word' id='word_1_521' title='bbox 3578 2178 3685 2251; x_wconf 90' lang='lat' dir='ltr'><strong>qui</strong></span> <span class='ocrx_word' id='word_1_522' title='bbox 3750 2180 3847 2255; x_wconf 84' lang='lat' dir='ltr'><strong>lo-</strong></span> 
     </span>
    </p>
   </div>
   <div class='ocr_carea' id='block_1_74' title="bbox 2196 2275 3848 2354">
    <p class='ocr_par' dir='ltr' id='par_1_74' title="bbox 2196 2275 3848 2354">
     <span class='ocr_line' id='line_1_74' title="bbox 2196 2275 3848 2354; baseline -0.005 -9"><span class='ocrx_word' id='word_1_523' title='bbox 2196 2302 2338 2346; x_wconf 92' lang='lat' dir='ltr'><strong>cum</strong></span> <span class='ocrx_word' id='word_1_524' title='bbox 2391 2286 2447 2346; x_wconf 85' lang='lat' dir='ltr'><strong>S.</strong></span> <span class='ocrx_word' id='word_1_525' title='bbox 2505 2282 2866 2354; x_wconf 90' lang='lat' dir='ltr'><strong>Hieronymi</strong></span> <span class='ocrx_word' id='word_1_526' title='bbox 2915 2287 3140 2340; x_wconf 88' lang='lat' dir='ltr'><strong>attente</strong></span> <span class='ocrx_word' id='word_1_527' title='bbox 3194 2279 3435 2351; x_wconf 84' lang='lat' dir='ltr'><strong>legerit,</strong></span> <span class='ocrx_word' id='word_1_528' title='bbox 3489 2276 3610 2334; x_wconf 91' lang='lat' dir='ltr'><strong>sibi</strong></span> <span class='ocrx_word' id='word_1_529' title='bbox 3667 2275 3848 2336; x_wconf 81' lang='lat' dir='ltr'><strong>facile</strong></span> 
     </span>
    </p>
   </div>
   <div class='ocr_carea' id='block_1_75' title="bbox 2199 2373 3848 2459">
    <p class='ocr_par' dir='ltr' id='par_1_75' title="bbox 2199 2373 3848 2459">
     <span class='ocr_line' id='line_1_75' title="bbox 2199 2373 3848 2459; baseline -0.007 -17"><span class='ocrx_word' id='word_1_530' title='bbox 2199 2383 2600 2459; x_wconf 89' lang='lat' dir='ltr'><strong>persuadebit</strong></span> <span class='ocrx_word' id='word_1_531' title='bbox 2631 2383 2734 2457; x_wconf 87' lang='lat'><strong>(7).</strong></span> <span class='ocrx_word' id='word_1_532' title='bbox 2784 2380 3053 2447; x_wconf 88' lang='lat' dir='ltr'><strong>Accedit,</strong></span> <span class='ocrx_word' id='word_1_533' title='bbox 3091 2383 3155 2436; x_wconf 89' lang='lat' dir='ltr'><strong>ut</strong></span> <span class='ocrx_word' id='word_1_534' title='bbox 3193 2378 3557 2449; x_wconf 90' lang='lat' dir='ltr'><strong>complures</strong></span> <span class='ocrx_word' id='word_1_535' title='bbox 3601 2373 3848 2431; x_wconf 90' lang='lat' dir='ltr'><strong>codices</strong></span> 
     </span>
    </p>
   </div>
   <div class='ocr_carea' id='block_1_76' title="bbox 2198 2479 3845 2553">
    <p class='ocr_par' dir='ltr' id='par_1_76' title="bbox 2198 2479 3845 2553">
     <span class='ocr_line' id='line_1_76' title="bbox 2198 2479 3845 2553; baseline -0.009 -12"><span class='ocrx_word' id='word_1_536' title='bbox 2198 2498 2383 2541; x_wconf 88' lang='lat' dir='ltr'><strong>manu</strong></span> <span class='ocrx_word' id='word_1_537' title='bbox 2423 2480 2663 2553; x_wconf 90' lang='lat' dir='ltr'><strong>scripti,</strong></span> <span class='ocrx_word' id='word_1_538' title='bbox 2710 2480 2870 2537; x_wconf 90' lang='lat' dir='ltr'><strong>inter</strong></span> <span class='ocrx_word' id='word_1_539' title='bbox 2916 2492 3075 2550; x_wconf 90' lang='lat' dir='ltr'><strong>quos</strong></span> <span class='ocrx_word' id='word_1_540' title='bbox 3119 2491 3279 2534; x_wconf 89' lang='lat' dir='ltr'><strong>unus</strong></span> <span class='ocrx_word' id='word_1_541' title='bbox 3322 2479 3620 2541; x_wconf 89' lang='lat' dir='ltr'><strong>vetustus,</strong></span> <span class='ocrx_word' id='word_1_542' title='bbox 3657 2483 3845 2542; x_wconf 92' lang='lat' dir='ltr'><strong>quem</strong></span> 
     </span>
    </p>
   </div>
   <div class='ocr_carea' id='block_1_77' title="bbox 2195 2567 3848 2643">
    <p class='ocr_par' dir='ltr' id='par_1_77' title="bbox 2195 2567 3848 2643">
     <span class='ocr_line' id='line_1_77' title="bbox 2195 2567 3848 2643; baseline -0.01 -3"><span class='ocrx_word' id='word_1_543' title='bbox 2195 2581 2557 2640; x_wconf 87' lang='lat' dir='ltr'><strong>Rosweidus</strong></span> <span class='ocrx_word' id='word_1_544' title='bbox 2625 2580 2686 2636; x_wconf 92' lang='lat' dir='ltr'><strong>in</strong></span> <span class='ocrx_word' id='word_1_545' title='bbox 2755 2578 3014 2635; x_wconf 91' lang='lat' dir='ltr'><strong>edendis</strong></span> <span class='ocrx_word' id='word_1_546' title='bbox 3067 2576 3206 2633; x_wconf 91' lang='lat' dir='ltr'><strong>vitis</strong></span> <span class='ocrx_word' id='word_1_547' title='bbox 3279 2572 3588 2643; x_wconf 88' lang='lat' dir='ltr'><strong>adhibuit,</strong></span> <span class='ocrx_word' id='word_1_548' title='bbox 3648 2567 3848 2626; x_wconf 89' lang='lat' dir='ltr'><strong>Ruﬁni</strong></span> 
     </span>
    </p>
   </div>
   <div class='ocr_carea' id='block_1_78' title="bbox 2197 2669 3237 2751">
    <p class='ocr_par' dir='ltr' id='par_1_78' title="bbox 2197 2669 3237 2751">
     <span class='ocr_line' id='line_1_78' title="bbox 2197 2669 3237 2751; baseline -0.011 -13"><span class='ocrx_word' id='word_1_549' title='bbox 2197 2694 2421 2738; x_wconf 91' lang='lat' dir='ltr'><strong>nomen</strong></span> <span class='ocrx_word' id='word_1_550' title='bbox 2447 2683 2659 2751; x_wconf 88' lang='lat' dir='ltr'><strong>aperte</strong></span> <span class='ocrx_word' id='word_1_551' title='bbox 2693 2675 3097 2749; x_wconf 87' lang='lat' dir='ltr'><strong>proﬁteantur</strong></span> <span class='ocrx_word' id='word_1_552' title='bbox 3129 2669 3237 2747; x_wconf 93' lang='lat'><strong>(8).</strong></span> 
     </span>
    </p>
   </div>
   <div class='ocr_carea' id='block_1_79' title="bbox 2274 2763 3842 2840">
    <p class='ocr_par' dir='ltr' id='par_1_79' title="bbox 2274 2763 3842 2840">
     <span class='ocr_line' id='line_1_79' title="bbox 2274 2763 3842 2840; baseline -0.011 -4"><span class='ocrx_word' id='word_1_553' title='bbox 2274 2778 2445 2836; x_wconf 89' lang='lat' dir='ltr'><strong>Unde</strong></span> <span class='ocrx_word' id='word_1_554' title='bbox 2493 2778 2616 2834; x_wconf 92' lang='lat' dir='ltr'><strong>iam</strong></span> <span class='ocrx_word' id='word_1_555' title='bbox 2645 2774 2973 2832; x_wconf 69' lang='lat' dir='ltr'><strong>difﬁcultas</strong></span> <span class='ocrx_word' id='word_1_556' title='bbox 3003 2773 3150 2829; x_wconf 86' lang='lat' dir='ltr'><strong>satis</strong></span> <span class='ocrx_word' id='word_1_557' title='bbox 3180 2782 3397 2840; x_wconf 87' lang='lat' dir='ltr'><strong>magna</strong></span> <span class='ocrx_word' id='word_1_558' title='bbox 3428 2765 3652 2824; x_wconf 90' lang='lat' dir='ltr'><strong>oritur.</strong></span> <span class='ocrx_word' id='word_1_559' title='bbox 3690 2763 3842 2820; x_wconf 90' lang='lat' dir='ltr'><strong>Nam</strong></span> 
     </span>
    </p>
   </div>
   <div class='ocr_carea' id='block_1_80' title="bbox 2194 2859 3842 2933">
    <p class='ocr_par' dir='ltr' id='par_1_80' title="bbox 2194 2859 3842 2933">
     <span class='ocr_line' id='line_1_80' title="bbox 2194 2859 3842 2933; baseline -0.01 -1"><span class='ocrx_word' id='word_1_560' title='bbox 2194 2875 2245 2932; x_wconf 92' lang='lat' dir='ltr'><strong>si</strong></span> <span class='ocrx_word' id='word_1_561' title='bbox 2311 2875 2370 2931; x_wconf 91' lang='lat' dir='ltr'><strong>in</strong></span> <span class='ocrx_word' id='word_1_562' title='bbox 2422 2873 2657 2930; x_wconf 90' lang='lat' dir='ltr'><strong>librum</strong></span> <span class='ocrx_word' id='word_1_563' title='bbox 2728 2870 3068 2928; x_wconf 89' lang='lat' dir='ltr'><strong>secundum</strong></span> <span class='ocrx_word' id='word_1_564' title='bbox 3139 2865 3490 2923; x_wconf 90' lang='lat' dir='ltr'><strong>accuratius</strong></span> <span class='ocrx_word' id='word_1_565' title='bbox 3548 2859 3842 2933; x_wconf 89' lang='lat' dir='ltr'><strong>inquiris,</strong></span> 
     </span>
    </p>
   </div>
   <div class='ocr_carea' id='block_1_81' title="bbox 2193 2966 3846 3041">
    <p class='ocr_par' dir='ltr' id='par_1_81' title="bbox 2193 2966 3846 3041">
     <span class='ocr_line' id='line_1_81' title="bbox 2193 2966 3846 3041; baseline -0.007 -15"><span class='ocrx_word' id='word_1_566' title='bbox 2193 2971 2331 3030; x_wconf 92' lang='lat' dir='ltr'><strong>luce</strong></span> <span class='ocrx_word' id='word_1_567' title='bbox 2375 2971 2608 3029; x_wconf 90' lang='lat' dir='ltr'><strong>clarius</strong></span> <span class='ocrx_word' id='word_1_568' title='bbox 2654 2970 2934 3041; x_wconf 91' lang='lat' dir='ltr'><strong>apparet,</strong></span> <span class='ocrx_word' id='word_1_569' title='bbox 2977 2966 3264 3024; x_wconf 86' lang='lat' dir='ltr'><strong>Ruﬁnum</strong></span> <span class='ocrx_word' id='word_1_570' title='bbox 3311 2976 3446 3020; x_wconf 92' lang='lat' dir='ltr'><strong>esse</strong></span> <span class='ocrx_word' id='word_1_571' title='bbox 3493 2973 3613 3018; x_wconf 92' lang='lat' dir='ltr'><strong>non</strong></span> <span class='ocrx_word' id='word_1_572' title='bbox 3666 2971 3846 3030; x_wconf 89' lang='lat' dir='ltr'><strong>posse</strong></span> 
     </span>
    </p>
   </div>
   <div class='ocr_carea' id='block_1_82' title="bbox 2191 3075 2534 3129">
    <p class='ocr_par' dir='ltr' id='par_1_82' title="bbox 2191 3075 2534 3129">
     <span class='ocr_line' id='line_1_82' title="bbox 2191 3075 2534 3129; baseline -0.012 0"><span class='ocrx_word' id='word_1_573' title='bbox 2191 3075 2512 3129; x_wconf 88' lang='lat' dir='ltr'><strong>auctorem</strong></span> <span class='ocrx_word' id='word_1_574' title='bbox 2523 3112 2534 3125; x_wconf 91' lang='lat'><strong>.</strong></span> 
     </span>
    </p>
   </div>
   <div class='ocr_carea' id='block_1_83' title="bbox 2270 3157 3852 3227">
    <p class='ocr_par' dir='ltr' id='par_1_83' title="bbox 2270 3157 3852 3227">
     <span class='ocr_line' id='line_1_83' title="bbox 2270 3157 3852 3227; baseline -0.011 0"><span class='ocrx_word' id='word_1_575' title='bbox 2270 3168 2548 3227; x_wconf 88' lang='lat' dir='ltr'><strong>Primum</strong></span> <span class='ocrx_word' id='word_1_576' title='bbox 2589 3165 2760 3225; x_wconf 90' lang='lat' dir='ltr'><strong>enim</strong></span> <span class='ocrx_word' id='word_1_577' title='bbox 2799 3167 3012 3224; x_wconf 88' lang='lat' dir='ltr'><strong>auctor</strong></span> <span class='ocrx_word' id='word_1_578' title='bbox 3045 3161 3193 3219; x_wconf 90' lang='lat' dir='ltr'><strong>libri</strong></span> <span class='ocrx_word' id='word_1_579' title='bbox 3223 3157 3479 3217; x_wconf 90' lang='lat' dir='ltr'><strong>secundi</strong></span> <span class='ocrx_word' id='word_1_580' title='bbox 3525 3170 3652 3216; x_wconf 93' lang='lat' dir='ltr'><strong>non</strong></span> <span class='ocrx_word' id='word_1_581' title='bbox 3691 3160 3852 3214; x_wconf 90' lang='lat' dir='ltr'><strong>tem-</strong></span> 
     </span>
    </p>
   </div>
   <div class='ocr_carea' id='block_1_84' title="bbox 2192 3446 3845 3524">
    <p class='ocr_par' dir='ltr' id='par_1_84' title="bbox 2192 3446 3845 3524">
     <span class='ocr_line' id='line_1_84' title="bbox 2192 3446 3845 3524; baseline -0.008 -9"><span class='ocrx_word' id='word_1_582' title='bbox 2192 3459 2352 3517; x_wconf 88' lang='lat' dir='ltr'><strong>tibus</strong></span> <span class='ocrx_word' id='word_1_583' title='bbox 2385 3479 2411 3507; x_wconf 90' lang='lat'><strong><em>»</em></strong></span> <span class='ocrx_word' id='word_1_584' title='bbox 2442 3455 2658 3511; x_wconf 88' lang='lat' dir='ltr'><strong>vidisse</strong></span> <span class='ocrx_word' id='word_1_585' title='bbox 2710 3453 2928 3524; x_wconf 86' lang='lat' dir='ltr'><strong>(Ruﬁn.</strong></span> <span class='ocrx_word' id='word_1_586' title='bbox 2961 3450 3108 3505; x_wconf 87' lang='lat' dir='ltr'><strong>Hist.</strong></span> <span class='ocrx_word' id='word_1_587' title='bbox 3143 3448 3292 3504; x_wconf 91' lang='lat' dir='ltr'><strong>Eccl.</strong></span> <span class='ocrx_word' id='word_1_588' title='bbox 3322 3447 3425 3504; x_wconf 91' lang='lat' dir='ltr'><strong>lib.</strong></span> <span class='ocrx_word' id='word_1_589' title='bbox 3459 3446 3504 3502; x_wconf 94' lang='lat' dir='ltr'><strong>Il</strong></span> <span class='ocrx_word' id='word_1_590' title='bbox 3541 3462 3593 3502; x_wconf 91' lang='lat' dir='ltr'><strong>c.</strong></span> <span class='ocrx_word' id='word_1_591' title='bbox 3628 3447 3662 3500; x_wconf 93' lang='lat'>8</span> <span class='ocrx_word' id='word_1_592' title='bbox 3695 3447 3845 3516; x_wconf 88' lang='lat' dir='ltr'><strong>Opp.</strong></span> 
     </span>
    </p>
   </div>
   <div class='ocr_carea' id='block_1_85' title="bbox 2194 3535 3839 3614">
    <p class='ocr_par' dir='ltr' id='par_1_85' title="bbox 2194 3535 3839 3614">
     <span class='ocr_line' id='line_1_85' title="bbox 2194 3535 3839 3614; baseline -0.011 -11"><span class='ocrx_word' id='word_1_593' title='bbox 2194 3547 2287 3603; x_wconf 89' lang='lat' dir='ltr'><strong>ed.</strong></span> <span class='ocrx_word' id='word_1_594' title='bbox 2323 3545 2569 3600; x_wconf 88' lang='lat' dir='ltr'><strong>Vallarsi</strong></span> <span class='ocrx_word' id='word_1_595' title='bbox 2599 3561 2657 3614; x_wconf 91' lang='lat' dir='ltr'><strong>p.</strong></span> <span class='ocrx_word' id='word_1_596' title='bbox 2711 3546 2834 3604; x_wconf 84' lang='lat'><strong>279,</strong></span> <span class='ocrx_word' id='word_1_597' title='bbox 2882 3541 3069 3608; x_wconf 82' lang='lat' dir='ltr'><strong>ltiigne</strong></span> <span class='ocrx_word' id='word_1_598' title='bbox 3115 3537 3324 3594; x_wconf 87' lang='lat' dir='ltr'><strong>Patrol.</strong></span> <span class='ocrx_word' id='word_1_599' title='bbox 3362 3539 3420 3591; x_wconf 85' lang='grc' dir='ltr'><strong>Τ.</strong></span> <span class='ocrx_word' id='word_1_600' title='bbox 3455 3537 3558 3591; x_wconf 84' lang='lat' dir='ltr'><strong>XXI</strong></span> <span class='ocrx_word' id='word_1_601' title='bbox 3593 3551 3652 3604; x_wconf 93' lang='lat' dir='ltr'><strong>p.</strong></span> <span class='ocrx_word' id='word_1_602' title='bbox 3691 3535 3839 3602; x_wconf 85' lang='grc'><strong>517),</strong></span> 
     </span>
    </p>
   </div>
   <div class='ocr_carea' id='block_1_86' title="bbox 2194 3621 3846 3707">
    <p class='ocr_par' dir='ltr' id='par_1_86' title="bbox 2194 3621 3846 3707">
     <span class='ocr_line' id='line_1_86' title="bbox 2194 3621 3846 3707; baseline -0.008 -16"><span class='ocrx_word' id='word_1_603' title='bbox 2194 3635 2360 3707; x_wconf 90' lang='lat' dir='ltr'><strong>quod</strong></span> <span class='ocrx_word' id='word_1_604' title='bbox 2381 3636 2506 3699; x_wconf 91' lang='lat' dir='ltr'><strong>iter,</strong></span> <span class='ocrx_word' id='word_1_605' title='bbox 2535 3637 2861 3704; x_wconf 89' lang='lat' dir='ltr'><strong>postquam</strong></span> <span class='ocrx_word' id='word_1_606' title='bbox 2879 3626 3291 3697; x_wconf 84' lang='lat' dir='ltr'><strong>Hierosolyma</strong></span> <span class='ocrx_word' id='word_1_607' title='bbox 3312 3625 3489 3690; x_wconf 90' lang='lat' dir='ltr'><strong>venit,</strong></span> <span class='ocrx_word' id='word_1_608' title='bbox 3514 3621 3846 3678; x_wconf 84' lang='lat' dir='ltr'><strong>instituisse</strong></span> 
     </span>
    </p>
   </div>
   <div class='ocr_carea' id='block_1_87' title="bbox 2196 3725 2448 3780">
    <p class='ocr_par' dir='ltr' id='par_1_87' title="bbox 2196 3725 2448 3780">
     <span class='ocr_line' id='line_1_87' title="bbox 2196 3725 2448 3780; baseline -0.016 0"><span class='ocrx_word' id='word_1_609' title='bbox 2196 3725 2448 3780; x_wconf 87' lang='lat' dir='ltr'><strong>videtur.</strong></span> 
     </span>
    </p>
   </div>
   <div class='ocr_carea' id='block_1_88' title="bbox 2269 3800 3846 3881">
    <p class='ocr_par' dir='ltr' id='par_1_88' title="bbox 2269 3800 3846 3881">
     <span class='ocr_line' id='line_1_88' title="bbox 2269 3800 3846 3881; baseline -0.008 -17"><span class='ocrx_word' id='word_1_610' title='bbox 2269 3812 2348 3881; x_wconf 92' lang='grc'><strong>(1)</strong></span> <span class='ocrx_word' id='word_1_611' title='bbox 2383 3812 2543 3866; x_wconf 91' lang='lat' dir='ltr'><strong>Socr.</strong></span> <span class='ocrx_word' id='word_1_612' title='bbox 2580 3811 2721 3863; x_wconf 88' lang='lat' dir='ltr'><strong>Hist.</strong></span> <span class='ocrx_word' id='word_1_613' title='bbox 2754 3806 2903 3862; x_wconf 90' lang='lat' dir='ltr'><strong>Eccl.</strong></span> <span class='ocrx_word' id='word_1_614' title='bbox 2939 3804 3044 3861; x_wconf 92' lang='lat' dir='ltr'><strong>lib.</strong></span> <span class='ocrx_word' id='word_1_615' title='bbox 3084 3807 3121 3856; x_wconf 91' lang='lat' dir='ltr'><strong>V</strong></span> <span class='ocrx_word' id='word_1_616' title='bbox 3152 3818 3286 3872; x_wconf 90' lang='lat' dir='ltr'><strong>cap.</strong></span> <span class='ocrx_word' id='word_1_617' title='bbox 3322 3804 3407 3857; x_wconf 93' lang='grc'><strong>12.</strong></span> <span class='ocrx_word' id='word_1_618' title='bbox 3438 3803 3670 3857; x_wconf 90' lang='lat' dir='ltr'><strong>Sozom.</strong></span> <span class='ocrx_word' id='word_1_619' title='bbox 3707 3800 3846 3855; x_wconf 88' lang='lat' dir='ltr'><strong>Hist.</strong></span> 
     </span>
    </p>
   </div>
   <div class='ocr_carea' id='block_1_89' title="bbox 2201 3891 3852 3967">
    <p class='ocr_par' dir='ltr' id='par_1_89' title="bbox 2201 3891 3852 3967">
     <span class='ocr_line' id='line_1_89' title="bbox 2201 3891 3852 3967; baseline -0.008 -12"><span class='ocrx_word' id='word_1_620' title='bbox 2201 3901 2348 3955; x_wconf 90' lang='lat' dir='ltr'><strong>Eccl.</strong></span> <span class='ocrx_word' id='word_1_621' title='bbox 2388 3899 2488 3953; x_wconf 91' lang='lat' dir='ltr'><strong>lib.</strong></span> <span class='ocrx_word' id='word_1_622' title='bbox 2540 3899 2630 3952; x_wconf 88' lang='lat' dir='ltr'><strong>Vll</strong></span> <span class='ocrx_word' id='word_1_623' title='bbox 2680 3912 2812 3967; x_wconf 91' lang='lat' dir='ltr'><strong>cap.</strong></span> <span class='ocrx_word' id='word_1_624' title='bbox 2871 3896 2949 3949; x_wconf 82' lang='grc'><strong>14.</strong></span> <span class='ocrx_word' id='word_1_625' title='bbox 3003 3891 3668 3955; x_wconf 79' lang='lat' dir='ltr'><strong>Tillemont,Mémoires</strong></span> <span class='ocrx_word' id='word_1_626' title='bbox 3700 3903 3852 3960; x_wconf 90' lang='lat' dir='ltr'><strong>pour</strong></span> 
     </span>
    </p>
   </div>
   <div class='ocr_carea' id='block_1_90' title="bbox 2199 3978 3852 4054">
    <p class='ocr_par' dir='ltr' id='par_1_90' title="bbox 2199 3978 3852 4054">
     <span class='ocr_line' id='line_1_90' title="bbox 2199 3978 3852 4054; baseline -0.008 -10"><span class='ocrx_word' id='word_1_627' title='bbox 2199 3990 2386 4044; x_wconf 90' lang='lat' dir='ltr'><strong>servir</strong></span> <span class='ocrx_word' id='word_1_628' title='bbox 2421 3992 2457 4044; x_wconf 79' lang='lat' dir='ltr'><strong>a</strong></span> <span class='ocrx_word' id='word_1_629' title='bbox 2487 3987 2763 4042; x_wconf 89' lang='lat' dir='ltr'><strong>l’histoire</strong></span> <span class='ocrx_word' id='word_1_630' title='bbox 2796 3984 3260 4054; x_wconf 83' lang='lat' dir='ltr'><strong>ecclésiastique,</strong></span> <span class='ocrx_word' id='word_1_631' title='bbox 3306 3979 3488 4035; x_wconf 91' lang='lat' dir='ltr'><strong>Paris.</strong></span> <span class='ocrx_word' id='word_1_632' title='bbox 3534 3980 3664 4033; x_wconf 87' lang='grc'><strong>1707</strong></span> <span class='ocrx_word' id='word_1_633' title='bbox 3694 3981 3752 4033; x_wconf 90' lang='grc' dir='ltr'><strong>Τ.</strong></span> <span class='ocrx_word' id='word_1_634' title='bbox 3788 3978 3852 4031; x_wconf 76' lang='lat' dir='ltr'><strong>IX</strong></span> 
     </span>
    </p>
   </div>
   <div class='ocr_carea' id='block_1_91' title="bbox 2201 4067 3848 4148">
    <p class='ocr_par' dir='ltr' id='par_1_91' title="bbox 2201 4067 3848 4148">
     <span class='ocr_line' id='line_1_91' title="bbox 2201 4067 3848 4148; baseline -0.006 -18"><span class='ocrx_word' id='word_1_635' title='bbox 2201 4097 2258 4148; x_wconf 88' lang='lat' dir='ltr'><strong>p.</strong></span> <span class='ocrx_word' id='word_1_636' title='bbox 2294 4083 2416 4134; x_wconf 87' lang='grc'><strong>594.</strong></span> <span class='ocrx_word' id='word_1_637' title='bbox 2476 4078 2556 4132; x_wconf 85' lang='lat' dir='ltr'><strong>XII</strong></span> <span class='ocrx_word' id='word_1_638' title='bbox 2593 4092 2651 4146; x_wconf 92' lang='lat' dir='ltr'><strong>p.</strong></span> <span class='ocrx_word' id='word_1_639' title='bbox 2684 4079 2806 4136; x_wconf 79' lang='grc'><strong>447,</strong></span> <span class='ocrx_word' id='word_1_640' title='bbox 2848 4077 2900 4128; x_wconf 87' lang='lat'><strong>2.</strong></span> <span class='ocrx_word' id='word_1_641' title='bbox 2933 4073 3161 4143; x_wconf 84' lang='lat' dir='ltr'><strong>Fleury,</strong></span> <span class='ocrx_word' id='word_1_642' title='bbox 3196 4071 3337 4126; x_wconf 85' lang='lat' dir='ltr'><strong>Hist.</strong></span> <span class='ocrx_word' id='word_1_643' title='bbox 3367 4069 3514 4124; x_wconf 88' lang='lat' dir='ltr'><strong>Eccl.</strong></span> <span class='ocrx_word' id='word_1_644' title='bbox 3555 4067 3660 4123; x_wconf 82' lang='lat' dir='ltr'><strong>Ed.</strong></span> <span class='ocrx_word' id='word_1_645' title='bbox 3698 4068 3848 4134; x_wconf 79' lang='lat' dir='ltr'><strong>Aug.</strong></span> 
     </span>
    </p>
   </div>
   <div class='ocr_carea' id='block_1_92' title="bbox 2201 4160 3345 4235">
    <p class='ocr_par' dir='ltr' id='par_1_92' title="bbox 2201 4160 3345 4235">
     <span class='ocr_line' id='line_1_92' title="bbox 2201 4160 3345 4235; baseline -0.01 -11"><span class='ocrx_word' id='word_1_646' title='bbox 2201 4168 2375 4223; x_wconf 89' lang='lat' dir='ltr'><strong>Vind.</strong></span> <span class='ocrx_word' id='word_1_647' title='bbox 2405 4184 2473 4222; x_wconf 93' lang='lat' dir='ltr'><strong>ac</strong></span> <span class='ocrx_word' id='word_1_648' title='bbox 2505 4167 2730 4235; x_wconf 90' lang='lat' dir='ltr'><strong>Oenop.</strong></span> <span class='ocrx_word' id='word_1_649' title='bbox 2762 4163 2899 4217; x_wconf 88' lang='grc'><strong>1768</strong></span> <span class='ocrx_word' id='word_1_650' title='bbox 2939 4165 2995 4217; x_wconf 92' lang='grc' dir='ltr'><strong>Τ.</strong></span> <span class='ocrx_word' id='word_1_651' title='bbox 3023 4163 3089 4216; x_wconf 89' lang='lat' dir='ltr'><strong>IV</strong></span> <span class='ocrx_word' id='word_1_652' title='bbox 3133 4176 3188 4232; x_wconf 92' lang='lat' dir='ltr'><strong>p.</strong></span> <span class='ocrx_word' id='word_1_653' title='bbox 3222 4160 3345 4214; x_wconf 83' lang='lat'><strong>755.</strong></span> 
     </span>
    </p>
   </div>
   <div class='ocr_carea' id='block_1_93' title="bbox 2273 4244 3854 4326">
    <p class='ocr_par' dir='ltr' id='par_1_93' title="bbox 2273 4244 3854 4326">
     <span class='ocr_line' id='line_1_93' title="bbox 2273 4244 3854 4326; baseline -0.007 -17"><span class='ocrx_word' id='word_1_654' title='bbox 2273 4259 2348 4326; x_wconf 91' lang='lat'><strong>(2)</strong></span> <span class='ocrx_word' id='word_1_655' title='bbox 2398 4255 2566 4326; x_wconf 80' lang='lat' dir='ltr'><strong>Apol.</strong></span> <span class='ocrx_word' id='word_1_656' title='bbox 2611 4255 2704 4322; x_wconf 93' lang='lat' dir='ltr'><strong>IlI,</strong></span> <span class='ocrx_word' id='word_1_657' title='bbox 2735 4255 2789 4308; x_wconf 92' lang='lat' dir='ltr'><strong>S.</strong></span> <span class='ocrx_word' id='word_1_658' title='bbox 2836 4253 3067 4307; x_wconf 89' lang='lat' dir='ltr'><strong>Hieron.</strong></span> <span class='ocrx_word' id='word_1_659' title='bbox 3127 4249 3277 4321; x_wconf 91' lang='lat' dir='ltr'><strong>Opp.</strong></span> <span class='ocrx_word' id='word_1_660' title='bbox 3311 4246 3406 4303; x_wconf 91' lang='lat' dir='ltr'><strong>ed.</strong></span> <span class='ocrx_word' id='word_1_661' title='bbox 3445 4244 3656 4301; x_wconf 88' lang='lat' dir='ltr'><strong>Bened.</strong></span> <span class='ocrx_word' id='word_1_662' title='bbox 3690 4247 3749 4300; x_wconf 90' lang='lat' dir='ltr'><strong>T.</strong></span> <span class='ocrx_word' id='word_1_663' title='bbox 3790 4245 3854 4298; x_wconf 95' lang='lat' dir='ltr'><strong>lV</strong></span> 
     </span>
    </p>
   </div>
   <div class='ocr_carea' id='block_1_94' title="bbox 2203 4349 2421 4417">
    <p class='ocr_par' dir='ltr' id='par_1_94' title="bbox 2203 4349 2421 4417">
     <span class='ocr_line' id='line_1_94' title="bbox 2203 4349 2421 4417; baseline 0 -19"><span class='ocrx_word' id='word_1_664' title='bbox 2203 4362 2260 4417; x_wconf 92' lang='lat' dir='ltr'><strong>p.</strong></span> <span class='ocrx_word' id='word_1_665' title='bbox 2297 4349 2421 4402; x_wconf 84' lang='grc'><strong>455.</strong></span> 
     </span>
    </p>
   </div>
   <div class='ocr_carea' id='block_1_95' title="bbox 2273 4421 3853 4507">
    <p class='ocr_par' dir='ltr' id='par_1_95' title="bbox 2273 4421 3853 4507">
     <span class='ocr_line' id='line_1_95' title="bbox 2273 4421 3853 4507; baseline -0.011 -15"><span class='ocrx_word' id='word_1_666' title='bbox 2273 4436 2352 4507; x_wconf 88' lang='grc'><strong>(3)</strong></span> <span class='ocrx_word' id='word_1_667' title='bbox 2408 4437 2510 4504; x_wconf 92' lang='lat' dir='ltr'><strong>Ep.</strong></span> <span class='ocrx_word' id='word_1_668' title='bbox 2566 4434 2665 4488; x_wconf 90' lang='grc'><strong>133</strong></span> <span class='ocrx_word' id='word_1_669' title='bbox 2698 4431 2777 4487; x_wconf 90' lang='lat' dir='ltr'><strong>ad</strong></span> <span class='ocrx_word' id='word_1_670' title='bbox 2827 4428 3103 4498; x_wconf 86' lang='lat' dir='ltr'><strong>Ctesiph.,</strong></span> <span class='ocrx_word' id='word_1_671' title='bbox 3153 4427 3211 4484; x_wconf 93' lang='lat' dir='ltr'><strong>S.</strong></span> <span class='ocrx_word' id='word_1_672' title='bbox 3264 4425 3501 4481; x_wconf 90' lang='lat' dir='ltr'><strong>Hieron.</strong></span> <span class='ocrx_word' id='word_1_673' title='bbox 3554 4425 3705 4495; x_wconf 92' lang='lat' dir='ltr'><strong>Opp.</strong></span> <span class='ocrx_word' id='word_1_674' title='bbox 3758 4421 3853 4478; x_wconf 90' lang='lat' dir='ltr'><strong>ed.</strong></span> 
     </span>
    </p>
   </div>
   <div class='ocr_carea' id='block_1_96' title="bbox 2128 4486 3354 4594">
    <p class='ocr_par' dir='ltr' id='par_1_96' title="bbox 2128 4486 3354 4594">
     <span class='ocr_line' id='line_1_96' title="bbox 2128 4486 3354 4594; baseline -0.011 -12"><span class='ocrx_word' id='word_1_675' title='bbox 2128 4486 2173 4540; x_wconf 66' lang='grc' dir='ltr'>Β</span> <span class='ocrx_word' id='word_1_676' title='bbox 2205 4486 2391 4594; x_wconf 51' lang='lat' dir='ltr'><strong>nugae</strong></span> <span class='ocrx_word' id='word_1_677' title='bbox 2409 4486 2532 4577; x_wconf 63' lang='grc' dir='ltr'><strong>ἷι</strong></span> <span class='ocrx_word' id='word_1_678' title='bbox 2565 4486 2799 4594; x_wconf 80' lang='lat' dir='ltr'><strong>[PatroL</strong></span> <span class='ocrx_word' id='word_1_679' title='bbox 2828 4521 2887 4574; x_wconf 91' lang='lat' dir='ltr'><strong>T.</strong></span> <span class='ocrx_word' id='word_1_680' title='bbox 2916 4486 3068 4586; x_wconf 65' lang='lat' dir='ltr'><strong>Xiill]</strong></span> <span class='ocrx_word' id='word_1_681' title='bbox 3088 4486 3159 4587; x_wconf 68' lang='grc' dir='ltr'><strong>’μ</strong></span> <span class='ocrx_word' id='word_1_682' title='bbox 3205 4520 3354 4570; x_wconf 85' lang='grc'><strong>1151.</strong></span> 
     </span>
    </p>
   </div>
   <div class='ocr_carea' id='block_1_97' title="bbox 2278 4610 3254 4685">
    <p class='ocr_par' dir='ltr' id='par_1_97' title="bbox 2278 4610 3254 4685">
     <span class='ocr_line' id='line_1_97' title="bbox 2278 4610 3254 4685; baseline -0.009 -17"><span class='ocrx_word' id='word_1_683' title='bbox 2278 4614 2356 4685; x_wconf 95' lang='grc'><strong>(4)</strong></span> <span class='ocrx_word' id='word_1_684' title='bbox 2389 4613 2494 4667; x_wconf 89' lang='lat' dir='ltr'><strong>VV.</strong></span> <span class='ocrx_word' id='word_1_685' title='bbox 2528 4615 2626 4666; x_wconf 91' lang='lat' dir='ltr'><strong>PP.</strong></span> <span class='ocrx_word' id='word_1_686' title='bbox 2661 4613 2861 4664; x_wconf 84' lang='lat' dir='ltr'><strong>Rosw.</strong></span> <span class='ocrx_word' id='word_1_687' title='bbox 2888 4625 2947 4680; x_wconf 91' lang='lat' dir='ltr'><strong>p.</strong></span> <span class='ocrx_word' id='word_1_688' title='bbox 2985 4610 3085 4662; x_wconf 87' lang='grc'><strong>448</strong></span> <span class='ocrx_word' id='word_1_689' title='bbox 3120 4621 3254 4677; x_wconf 88' lang='lat' dir='ltr'><strong>sqq.</strong></span> 
     </span>
    </p>
   </div>
   <div class='ocr_carea' id='block_1_98' title="bbox 2279 4694 3455 4774">
    <p class='ocr_par' dir='ltr' id='par_1_98' title="bbox 2279 4694 3455 4774">
     <span class='ocr_line' id='line_1_98' title="bbox 2279 4694 3455 4774; baseline -0.009 -17"><span class='ocrx_word' id='word_1_690' title='bbox 2279 4704 2354 4774; x_wconf 83' lang='lat'><strong>(5)</strong></span> <span class='ocrx_word' id='word_1_691' title='bbox 2386 4705 2568 4771; x_wconf 88' lang='lat' dir='ltr'><strong>Capp.</strong></span> <span class='ocrx_word' id='word_1_692' title='bbox 2602 4701 2667 4754; x_wconf 88' lang='grc'><strong>14</strong></span> <span class='ocrx_word' id='word_1_693' title='bbox 2697 4702 2754 4752; x_wconf 90' lang='lat' dir='ltr'><strong>et</strong></span> <span class='ocrx_word' id='word_1_694' title='bbox 2779 4701 2845 4752; x_wconf 85' lang='grc'><strong>24</strong></span> <span class='ocrx_word' id='word_1_695' title='bbox 2876 4714 2932 4767; x_wconf 95' lang='lat' dir='ltr'><strong>p.</strong></span> <span class='ocrx_word' id='word_1_696' title='bbox 2970 4700 3090 4759; x_wconf 89' lang='grc'><strong>472,</strong></span> <span class='ocrx_word' id='word_1_697' title='bbox 3125 4694 3156 4748; x_wconf 84' lang='lat'><strong>2</strong></span> <span class='ocrx_word' id='word_1_698' title='bbox 3195 4710 3209 4760; x_wconf 90' lang='lat'><strong>;</strong></span> <span class='ocrx_word' id='word_1_699' title='bbox 3241 4695 3366 4759; x_wconf 87' lang='grc'><strong>479,</strong></span> <span class='ocrx_word' id='word_1_700' title='bbox 3406 4697 3455 4748; x_wconf 89' lang='grc'><strong>1.</strong></span> 
     </span>
    </p>
   </div>
   <div class='ocr_carea' id='block_1_99' title="bbox 2279 4786 2848 4863">
    <p class='ocr_par' dir='ltr' id='par_1_99' title="bbox 2279 4786 2848 4863">
     <span class='ocr_line' id='line_1_99' title="bbox 2279 4786 2848 4863; baseline -0.011 -16"><span class='ocrx_word' id='word_1_701' title='bbox 2279 4794 2356 4863; x_wconf 85' lang='grc'><strong>(6)</strong></span> <span class='ocrx_word' id='word_1_702' title='bbox 2391 4789 2700 4851; x_wconf 89' lang='lat' dir='ltr'><strong>Baronius,</strong></span> <span class='ocrx_word' id='word_1_703' title='bbox 2727 4786 2848 4842; x_wconf 85' lang='lat' dir='ltr'><strong>alii.</strong></span> 
     </span>
    </p>
   </div>
   <div class='ocr_carea' id='block_1_100' title="bbox 2279 4871 3862 4952">
    <p class='ocr_par' dir='ltr' id='par_1_100' title="bbox 2279 4871 3862 4952">
     <span class='ocr_line' id='line_1_100' title="bbox 2279 4871 3862 4952; baseline -0.006 -17"><span class='ocrx_word' id='word_1_704' title='bbox 2279 4882 2358 4952; x_wconf 87' lang='grc'><strong>(7)</strong></span> <span class='ocrx_word' id='word_1_705' title='bbox 2390 4879 2630 4933; x_wconf 90' lang='lat' dir='ltr'><strong>Librum</strong></span> <span class='ocrx_word' id='word_1_706' title='bbox 2656 4871 3223 4947; x_wconf 80' lang='lat' dir='ltr'><strong>XystiPythagoraei</strong></span> <span class='ocrx_word' id='word_1_707' title='bbox 3253 4872 3326 4927; x_wconf 88' lang='lat' dir='ltr'><strong>ab</strong></span> <span class='ocrx_word' id='word_1_708' title='bbox 3353 4871 3550 4927; x_wconf 86' lang='lat' dir='ltr'><strong>eodem</strong></span> <span class='ocrx_word' id='word_1_709' title='bbox 3579 4871 3862 4940; x_wconf 80' lang='lat' dir='ltr'><strong>scriptore</strong></span> 
     </span>
    </p>
   </div>
   <div class='ocr_carea' id='block_1_101' title="bbox 2210 4959 3861 5034">
    <p class='ocr_par' dir='ltr' id='par_1_101' title="bbox 2210 4959 3861 5034">
     <span class='ocr_line' id='line_1_101' title="bbox 2210 4959 3861 5034; baseline -0.008 -9"><span class='ocrx_word' id='word_1_710' title='bbox 2210 4970 2326 5025; x_wconf 91' lang='lat' dir='ltr'><strong>sub</strong></span> <span class='ocrx_word' id='word_1_711' title='bbox 2356 4968 2594 5023; x_wconf 88' lang='lat' dir='ltr'><strong>nomine</strong></span> <span class='ocrx_word' id='word_1_712' title='bbox 2629 4964 2769 5021; x_wconf 80' lang='lat' dir='ltr'><strong>Sixti</strong></span> <span class='ocrx_word' id='word_1_713' title='bbox 2799 4964 2988 5034; x_wconf 88' lang='lat' dir='ltr'><strong>Papae</strong></span> <span class='ocrx_word' id='word_1_714' title='bbox 3020 4968 3075 5016; x_wconf 90' lang='lat' dir='ltr'><strong>et</strong></span> <span class='ocrx_word' id='word_1_715' title='bbox 3099 4960 3395 5032; x_wconf 84' lang='lat' dir='ltr'><strong>martyris,</strong></span> <span class='ocrx_word' id='word_1_716' title='bbox 3426 4966 3481 5014; x_wconf 92' lang='lat' dir='ltr'><strong>et</strong></span> <span class='ocrx_word' id='word_1_717' title='bbox 3511 4959 3726 5014; x_wconf 88' lang='lat' dir='ltr'><strong>librum</strong></span> <span class='ocrx_word' id='word_1_718' title='bbox 3756 4963 3861 5012; x_wconf 88' lang='lat' dir='ltr'><strong>Eu-</strong></span> 
     </span>
    </p>
   </div>
   <div class='ocr_carea' id='block_1_102' title="bbox 2212 5049 3860 5120">
    <p class='ocr_par' dir='ltr' id='par_1_102' title="bbox 2212 5049 3860 5120">
     <span class='ocr_line' id='line_1_102' title="bbox 2212 5049 3860 5120; baseline -0.007 -7"><span class='ocrx_word' id='word_1_719' title='bbox 2212 5059 2362 5115; x_wconf 88' lang='lat' dir='ltr'><strong>sebii</strong></span> <span class='ocrx_word' id='word_1_720' title='bbox 2406 5053 2800 5112; x_wconf 84' lang='lat' dir='ltr'><strong>Caesariensis</strong></span> <span class='ocrx_word' id='word_1_721' title='bbox 2833 5052 2946 5105; x_wconf 89' lang='lat' dir='ltr'><strong>sub</strong></span> <span class='ocrx_word' id='word_1_722' title='bbox 2973 5051 3216 5105; x_wconf 87' lang='lat' dir='ltr'><strong>nomine</strong></span> <span class='ocrx_word' id='word_1_723' title='bbox 3263 5049 3552 5120; x_wconf 84' lang='lat' dir='ltr'><strong>Pamphili</strong></span> <span class='ocrx_word' id='word_1_724' title='bbox 3585 5049 3860 5120; x_wconf 86' lang='lat' dir='ltr'><strong>martyris</strong></span> 
     </span>
    </p>
   </div>
   <div class='ocr_carea' id='block_1_103' title="bbox 2209 5137 3862 5213">
    <p class='ocr_par' dir='ltr' id='par_1_103' title="bbox 2209 5137 3862 5213">
     <span class='ocr_line' id='line_1_103' title="bbox 2209 5137 3862 5213; baseline -0.008 -9"><span class='ocrx_word' id='word_1_725' title='bbox 2209 5149 2399 5204; x_wconf 84' lang='lat' dir='ltr'><strong>editos</strong></span> <span class='ocrx_word' id='word_1_726' title='bbox 2429 5160 2580 5208; x_wconf 87' lang='lat' dir='ltr'><strong>esse,</strong></span> <span class='ocrx_word' id='word_1_727' title='bbox 2607 5143 2706 5197; x_wconf 91' lang='lat' dir='ltr'><strong>illa</strong></span> <span class='ocrx_word' id='word_1_728' title='bbox 2733 5140 2984 5213; x_wconf 89' lang='lat' dir='ltr'><strong>epistola</strong></span> <span class='ocrx_word' id='word_1_729' title='bbox 3017 5141 3070 5194; x_wconf 87' lang='lat' dir='ltr'><strong>S.</strong></span> <span class='ocrx_word' id='word_1_730' title='bbox 3109 5137 3446 5209; x_wconf 86' lang='lat' dir='ltr'><strong>Hieronymi</strong></span> <span class='ocrx_word' id='word_1_731' title='bbox 3471 5138 3662 5201; x_wconf 88' lang='lat' dir='ltr'><strong>docet,</strong></span> <span class='ocrx_word' id='word_1_732' title='bbox 3692 5138 3862 5190; x_wconf 89' lang='lat' dir='ltr'><strong>cuius</strong></span> 
     </span>
    </p>
   </div>
   <div class='ocr_carea' id='block_1_104' title="bbox 2211 5226 3852 5308">
    <p class='ocr_par' dir='ltr' id='par_1_104' title="bbox 2211 5226 3852 5308">
     <span class='ocr_line' id='line_1_104' title="bbox 2211 5226 3852 5308; baseline -0.007 -15"><span class='ocrx_word' id='word_1_733' title='bbox 2211 5235 2490 5308; x_wconf 88' lang='lat' dir='ltr'><strong>apologia</strong></span> <span class='ocrx_word' id='word_1_734' title='bbox 2519 5231 2774 5288; x_wconf 88' lang='lat' dir='ltr'><strong>eandem</strong></span> <span class='ocrx_word' id='word_1_735' title='bbox 2806 5231 2962 5286; x_wconf 90' lang='lat' dir='ltr'><strong>hanc</strong></span> <span class='ocrx_word' id='word_1_736' title='bbox 2996 5228 3266 5284; x_wconf 83' lang='lat' dir='ltr'><strong>fraudem</strong></span> <span class='ocrx_word' id='word_1_737' title='bbox 3301 5228 3509 5294; x_wconf 81' lang='lat' dir='ltr'><strong>Ruﬁno</strong></span> <span class='ocrx_word' id='word_1_738' title='bbox 3535 5226 3752 5281; x_wconf 90' lang='lat' dir='ltr'><strong>tribuit.</strong></span> <span class='ocrx_word' id='word_1_739' title='bbox 3791 5226 3852 5281; x_wconf 93' lang='lat' dir='ltr'><strong>S.</strong></span> 
     </span>
    </p>
   </div>
   <div class='ocr_carea' id='block_1_105' title="bbox 2213 5313 3858 5392">
    <p class='ocr_par' dir='ltr' id='par_1_105' title="bbox 2213 5313 3858 5392">
     <span class='ocr_line' id='line_1_105' title="bbox 2213 5313 3858 5392; baseline -0.009 -11"><span class='ocrx_word' id='word_1_740' title='bbox 2213 5327 2443 5381; x_wconf 90' lang='lat' dir='ltr'><strong>Hieron.</strong></span> <span class='ocrx_word' id='word_1_741' title='bbox 2495 5325 2596 5392; x_wconf 89' lang='lat' dir='ltr'><strong>Ep.</strong></span> <span class='ocrx_word' id='word_1_742' title='bbox 2637 5325 2732 5376; x_wconf 86' lang='grc'><strong>133</strong></span> <span class='ocrx_word' id='word_1_743' title='bbox 2781 5319 2817 5372; x_wconf 94' lang='lat' dir='ltr'><strong>l.</strong></span> <span class='ocrx_word' id='word_1_744' title='bbox 2857 5318 2895 5373; x_wconf 91' lang='lat' dir='ltr'><strong>l.</strong></span> <span class='ocrx_word' id='word_1_745' title='bbox 2950 5317 3114 5388; x_wconf 86' lang='lat' dir='ltr'><strong>Apol.</strong></span> <span class='ocrx_word' id='word_1_746' title='bbox 3172 5317 3310 5371; x_wconf 91' lang='lat' dir='ltr'><strong>adv.</strong></span> <span class='ocrx_word' id='word_1_747' title='bbox 3358 5315 3486 5371; x_wconf 87' lang='lat' dir='ltr'><strong>Ruf.</strong></span> <span class='ocrx_word' id='word_1_748' title='bbox 3539 5313 3642 5368; x_wconf 91' lang='lat' dir='ltr'><strong>lib.</strong></span> <span class='ocrx_word' id='word_1_749' title='bbox 3691 5315 3733 5366; x_wconf 92' lang='lat' dir='ltr'><strong>Il</strong></span> <span class='ocrx_word' id='word_1_750' title='bbox 3764 5314 3858 5368; x_wconf 91' lang='lat' dir='ltr'><strong>ed.</strong></span> 
     </span>
    </p>
   </div>
   <div class='ocr_carea' id='block_1_106' title="bbox 2211 5402 3861 5480">
    <p class='ocr_par' dir='ltr' id='par_1_106' title="bbox 2211 5402 3861 5480">
     <span class='ocr_line' id='line_1_106' title="bbox 2211 5402 3861 5480; baseline -0.009 -10"><span class='ocrx_word' id='word_1_751' title='bbox 2211 5413 2427 5470; x_wconf 89' lang='lat' dir='ltr'><strong>Bened.</strong></span> <span class='ocrx_word' id='word_1_752' title='bbox 2463 5413 2526 5466; x_wconf 91' lang='lat' dir='ltr'><strong>T.</strong></span> <span class='ocrx_word' id='word_1_753' title='bbox 2567 5413 2634 5464; x_wconf 92' lang='lat' dir='ltr'><strong>IV</strong></span> <span class='ocrx_word' id='word_1_754' title='bbox 2665 5411 2843 5480; x_wconf 64' lang='lat' dir='ltr'><strong>p.4t9</strong></span> <span class='ocrx_word' id='word_1_755' title='bbox 2879 5425 2892 5469; x_wconf 76' lang='grc' dir='ltr'>ς</span> <span class='ocrx_word' id='word_1_756' title='bbox 2926 5407 3026 5461; x_wconf 90' lang='lat' dir='ltr'><strong>lib.</strong></span> <span class='ocrx_word' id='word_1_757' title='bbox 3063 5407 3132 5460; x_wconf 88' lang='grc' dir='ltr'><strong>ΙΙΙ</strong></span> <span class='ocrx_word' id='word_1_758' title='bbox 3176 5404 3321 5460; x_wconf 90' lang='lat' dir='ltr'><strong>ibid.</strong></span> <span class='ocrx_word' id='word_1_759' title='bbox 3363 5420 3420 5475; x_wconf 92' lang='lat' dir='ltr'><strong>p.</strong></span> <span class='ocrx_word' id='word_1_760' title='bbox 3467 5405 3585 5457; x_wconf 85' lang='grc'><strong>449.</strong></span> <span class='ocrx_word' id='word_1_761' title='bbox 3630 5402 3710 5456; x_wconf 86' lang='lat' dir='ltr'><strong>Cf.</strong></span> <span class='ocrx_word' id='word_1_762' title='bbox 3754 5402 3861 5455; x_wconf 88' lang='lat' dir='ltr'><strong>Til-</strong></span> 
     </span>
    </p>
   </div>
   <div class='ocr_carea' id='block_1_107' title="bbox 2209 5495 3324 5566">
    <p class='ocr_par' dir='ltr' id='par_1_107' title="bbox 2209 5495 3324 5566">
     <span class='ocr_line' id='line_1_107' title="bbox 2209 5495 3324 5566; baseline -0.008 -8"><span class='ocrx_word' id='word_1_763' title='bbox 2209 5505 2433 5560; x_wconf 90' lang='lat' dir='ltr'><strong>lemont</strong></span> <span class='ocrx_word' id='word_1_764' title='bbox 2458 5501 2760 5554; x_wconf 86' lang='lat' dir='ltr'><strong>Mémoires</strong></span> <span class='ocrx_word' id='word_1_765' title='bbox 2787 5500 2846 5551; x_wconf 88' lang='grc' dir='ltr'><strong>Τ.</strong></span> <span class='ocrx_word' id='word_1_766' title='bbox 2885 5497 2994 5551; x_wconf 85' lang='lat' dir='ltr'><strong>XVI</strong></span> <span class='ocrx_word' id='word_1_767' title='bbox 3023 5513 3079 5566; x_wconf 89' lang='lat' dir='ltr'><strong>p.</strong></span> <span class='ocrx_word' id='word_1_768' title='bbox 3111 5499 3234 5554; x_wconf 86' lang='lat'><strong>657,</strong></span> <span class='ocrx_word' id='word_1_769' title='bbox 3270 5495 3324 5549; x_wconf 87' lang='grc'><strong>1.</strong></span> 
     </span>
    </p>
   </div>
   <div class='ocr_carea' id='block_1_108' title="bbox 2285 5579 3592 5664">
    <p class='ocr_par' dir='ltr' id='par_1_108' title="bbox 2285 5579 3592 5664">
     <span class='ocr_line' id='line_1_108' title="bbox 2285 5579 3592 5664; baseline -0.011 -18"><span class='ocrx_word' id='word_1_770' title='bbox 2285 5592 2362 5664; x_wconf 93' lang='grc'><strong>(8)</strong></span> <span class='ocrx_word' id='word_1_771' title='bbox 2389 5591 2499 5645; x_wconf 92' lang='lat' dir='ltr'><strong>vv.</strong></span> <span class='ocrx_word' id='word_1_772' title='bbox 2541 5588 2645 5644; x_wconf 90' lang='lat' dir='ltr'><strong>PP.</strong></span> <span class='ocrx_word' id='word_1_773' title='bbox 2669 5589 2862 5644; x_wconf 84' lang='lat' dir='ltr'><strong>Rosw.</strong></span> <span class='ocrx_word' id='word_1_774' title='bbox 2897 5586 3123 5654; x_wconf 87' lang='lat' dir='ltr'><strong>Proleg.</strong></span> <span class='ocrx_word' id='word_1_775' title='bbox 3148 5585 3174 5656; x_wconf 61' lang='grc' dir='ltr'>ἕ</span> <span class='ocrx_word' id='word_1_776' title='bbox 3202 5585 3250 5638; x_wconf 86' lang='lat' dir='ltr'>x</span> <span class='ocrx_word' id='word_1_777' title='bbox 3283 5598 3345 5653; x_wconf 92' lang='lat' dir='ltr'><strong>p.</strong></span> <span class='ocrx_word' id='word_1_778' title='bbox 3388 5579 3592 5636; x_wconf 81' lang='lat' dir='ltr'><strong>xxvu.</strong></span> 
     </span>
    </p>
   </div>
  </div>
