4092 6256
302 297 368 354 21
1895 297 2128 353 νιτΑΕ.
3639 293 3709 348 22

301 441 454 500 pore
507 426 779 484 Valentis
826 427 1227 498 imperatoris
1256 429 1466 500 paullo
1497 433 1634 501 post
1664 430 1722 486 S.
1774 427 1954 486 Atha-
1984 424 2030 476 Δ
2061 431 2323 484 exeunte
2380 439 2541 482 anno
2595 424 2732 494 394,
2783 428 2843 482 et
2891 422 3230 481 Palladium
3260 423 3396 480 eius
3441 422 3704 490 itineris,

300 525 455 583 nasii
501 530 768 582 mortem
801 523 988 599 (373),
1042 531 1146 584 aut
1199 533 1340 585 ante
1380 542 1612 585 annum
1647 529 1760 584 385
1819 540 1952 583 mo-
2062 525 2229 596 quod
2262 539 2297 582 e
2327 523 2520 581 Nitria
2562 523 2638 579 ad
2670 522 2968 580 Joannem
3011 522 3072 578 in
3123 521 3280 592 Lyco
3330 521 3582 586 fecerat,
3612 536 3708 579 so-

302 624 568 681 nasteria
620 624 880 696 Aegypti
950 625 1255 690 lustravit,
1317 641 1443 698 quo
1500 633 1786 698 tempore
1837 624 1952 682 Ru-
2061 624 2231 681 cium
2268 622 2584 680 habuisse.

300 721 492 778 ﬁnum
562 722 624 778 in
691 721 886 780 Nitria
957 729 1268 780 versatum
1321 738 1455 782 esse
1523 723 1949 795 cognovimus,
2145 722 2424 780 Alterum
2495 719 2777 792 quidem,
2839 718 3179 775 Palladium
3237 717 3477 774 scilicet
3546 716 3709 774 scri-

301 819 408 876 sed
466 819 664 876 multo
710 826 847 890 post
897 826 1161 878 exeunte
1215 835 1372 878 anno
1429 822 1544 880 394
1593 822 1709 878 sub
1766 820 1950 878 finem
2064 821 2261 893 ptoris
2310 818 2456 876 libri
2509 817 2765 874 secundi
2819 815 3056 874 socium
3117 815 3176 872 in
3224 814 3444 872 itinere
3495 814 3703 880 fuisse,

299 917 552 988 imperii
613 917 943 974 Theodosii
993 919 1214 990 Magni,
1256 919 1364 990 qui
1411 920 1568 977 obiit
1612 933 1774 976 anno
1836 920 1951 976 395
2062 921 2222 977 alius
2264 930 2517 990 quoque
2547 915 2733 972 huius
2781 914 2927 971 libri
2965 916 3136 972 locus
3182 913 3574 984 comprobat.
3610 912 3709 970 Le-

306 1014 373 1070 d.
419 1014 544 1072 XVI
574 1014 822 1071 Calend.
862 1015 1184 1072 Februarii
1225 1013 1364 1091 (1);
1413 1016 1652 1074 socium
1681 1030 1828 1073 vero
1860 1015 1951 1072 iti-
2063 1019 2267 1089 gimus
2311 1015 2500 1077 enim,
2570 1013 2969 1085 Apollonium
3023 1010 3344 1069 monachis
3401 1011 3530 1068 suis
3585 1016 3709 1068 tres

304 1112 473 1169 neris
503 1112 846 1169 Palladium
879 1113 1120 1179 habuit,
1168 1114 1277 1184 qui
1324 1114 1659 1172 Historiam
1702 1113 1950 1170 Lausia-
2064 1116 2216 1174 dies.
2267 1118 2600 1184 antequam
2646 1111 2916 1182 scriptor
2947 1109 3090 1166 libri
3124 1109 3379 1166 secundi
3425 1123 3569 1166 cum
3613 1123 3708 1166 so-

301 1224 438 1267 cam
490 1209 761 1281 scripsit.
819 1211 986 1280 Quae
1038 1211 1293 1282 quidem
1347 1227 1422 1267 ex
1473 1213 1638 1268 libro
1681 1211 1954 1268 secundo
2063 1213 2178 1271 ciis
2208 1227 2352 1269 eum
2403 1208 2784 1274 convenerit,
2839 1208 3268 1280 praedixisse:
3340 1227 3362 1256 ι
3417 1210 3555 1279 post
3601 1206 3708 1263 tri-

299 1307 439 1378 ipso
496 1307 773 1364 dilucide
825 1308 1222 1379 colliguntur.
1280 1309 1429 1366 Nam
1499 1314 1716 1366 auctor
1769 1309 1956 1366 huius
2065 1313 2259 1369 duum
2317 1309 2638 1366 adfuturos
2695 1312 2818 1363 tres
2862 1306 3083 1363 fratres
3135 1305 3210 1361 de
3260 1304 3710 1375 Hierosolymis

300 1403 448 1461 libri
493 1404 700 1462 statim
755 1406 834 1462 ab
866 1406 1046 1463 initio
1080 1407 1231 1463 haec
1282 1411 1538 1464 narrat:
1595 1406 1805 1463 Fuisse
1854 1421 1953 1463 se-
2065 1409 2380 1467 venientes
2435 1405 2543 1480 (5).
2605 1424 2634 1458 υ
2695 1405 2810 1462 Sed
2873 1405 3038 1460 idem
3097 1399 3404 1459 Palladius
3457 1416 3708 1474 quoque

299 1507 492 1575 ptem,
527 1517 591 1558 se
623 1503 924 1560 nimirum
958 1518 1102 1561 cum
1145 1518 1250 1561 sex
1280 1504 1487 1576 sociis,
1523 1504 1628 1576 qui
1653 1505 1950 1561 Joannem
2065 1508 2274 1565 triduo
2305 1510 2444 1562 ante
2493 1518 2676 1561 suum
2734 1501 2845 1570 22
2892 1502 3225 1559 adventum
3257 1500 3337 1557 ab
3375 1498 3707 1571 Apollonio

298 1600 625 1657 eremitam
695 1615 892 1672 prope
951 1600 1177 1672 Lycum
1234 1601 1552 1660 civitatem
1619 1601 1950 1659 convenis—
2062 1606 2453 1678 praedictum
2505 1617 2636 1659 esse
2695 1602 2757 1659 in
2808 1600 3074 1658 Historia
3128 1598 3426 1656 Lausiaca
3481 1597 3704 1655 iisdem

299 1702 452 1755 sent.
514 1698 812 1755 Joannem
867 1698 1044 1770 ipsis,
1091 1713 1286 1770 quum
1330 1699 1440 1769 21
1492 1701 1571 1756 ab
1624 1715 1698 1756 e0
1748 1699 1951 1771 profe-
2065 1705 2244 1775 plane
2271 1702 2481 1760 verbis
2523 1705 2734 1758 narrat
2766 1697 2875 1775 (6).
2910 1697 3022 1757 Ubi
3056 1712 3132 1754 ne
3156 1696 3514 1767 offenderis,
3537 1695 3706 1767 quod

297 1794 459 1852 cturi
490 1801 711 1858 essent,
750 1796 1156 1866 praedixisse,
1199 1797 1313 1853 hac
1356 1796 1489 1868 ipsa
1526 1797 1626 1853 die
1664 1797 1913 1853 victoria

2088 1803 2372 1862 ’alladius
2431 1799 2661 1856 dicitur
2724 1797 2963 1853 venisse
3023 1794 3492 1866 Hierosolymis.
3554 1793 3704 1850 Nam

299 1893 570 1964 religiosi
631 1893 938 1966 principis
996 1894 1327 1952 Theodosii
1388 1895 1465 1952 de
1530 1894 1803 1966 Eugenio
1862 1899 1915 1964 ty

2087 1901 2394 1963 ’alladius,
2429 1898 2540 1956 etsi
2571 1909 2790 1954 novem
2825 1909 3016 1952 annos
3060 1892 3447 1950 ordinariam
3494 1891 3703 1949 sedem

298 2003 493 2047 ranno
544 1997 895 2063 reportatas
950 1992 1361 2049 Alexandriae
1419 1993 1731 2049 nuntiatas
1789 2006 1944 2057 esse,
2063 2002 2123 2058 iu
2153 1997 2364 2057 Gemis
2389 1996 2624 2060 ﬁxerat,
2674 1994 2789 2050 hoc
2829 1998 3034 2049 tamen
3071 1991 3207 2062 ipso
3248 1995 3532 2060 tempore
3559 2003 3710 2046 ηοη-

299 2088 632 2159 ipsumque
688 2089 1106 2146 Theodosium
1167 2105 1289 2146 non
1354 2091 1550 2147 multo
1611 2094 1748 2160 post
1814 2104 1915 2161 pro

2090 2109 2380 2167 iunquam
2442 2091 2869 2163 peregrinatus
2919 2093 3028 2145 est.
3087 2087 3262 2145 Circa
3314 2100 3544 2143 annum
3591 2085 3706 2143 394

293 2188 431 2260 pria
499 2190 672 2241 morte
745 2185 918 2242 vitam
996 2185 1330 2264 ﬁniturum.
1427 2188 1659 2245 Triduo
1742 2190 1948 2243 autem
2061 2191 2509 2264 Hierosolymis
2576 2190 2800 2246 adfuit.
2882 2186 3056 2257 Quod
3113 2184 3377 2256 epistola
3448 2183 3700 2247 indicat,

301 2288 436 2355 post
488 2284 832 2341 discessum
877 2299 1060 2342 suum
1105 2285 1182 2342 de
1228 2294 1428 2343 morte
1470 2285 1722 2343 Joannis
1763 2298 1828 2341 se
1886 2283 1948 2340 in
2058 2307 2248 2367 quam
2286 2289 2497 2362 paullo
2531 2293 2670 2345 aute
2714 2287 2786 2344 ad
2829 2285 3195 2357 episcopum
3246 2281 3705 2352 Hierosolymo.

300 2380 525 2437 itinere
583 2381 881 2438 certiores
937 2398 1068 2439 esse
1125 2383 1316 2440 factos
1370 2381 1484 2457 (2).
1554 2383 1672 2440 Sed
1730 2381 1949 2439 eadem
2060 2405 2258 2450 ruma
2290 2390 2347 2447 s,
2381 2385 2728 2459 Epiphanio
2757 2383 3054 2455 scriptam
3081 2396 3242 2438 aouo
3266 2380 3378 2437 394
3399 2379 3454 2436 δ,
3494 2379 3704 2436 Hiero.

302 2477 479 2542 haec,
547 2492 706 2548 quae
777 2478 839 2534 in
914 2479 1074 2538 “be
1139 2481 1411 2538 secundo
1482 2479 1949 2538 Rosweidianae
2061 2487 2494 2563 nymuslatine
2523 2483 2819 2542 reddidit.
2877 2481 3065 2540 Cuius
3095 2479 3157 2536 in
3199 2478 3316 2534 ﬁne
3340 2476 3704 2548 S.Epipha-

304 2574 692 2631 collectionis
752 2575 940 2633 latino
1011 2591 1297 2634 sermone
1356 2579 1664 2650 leguntur,
1732 2589 1951 2648 graece
2061 2590 2202 2649 nius
2237 2604 2248 2642 ;
2281 2609 2308 2639 ι.
2333 2585 2673 2644 palladium
2702 2597 2874 2652 vero,
2908 2602 2929 2633 ι
2959 2579 3182 2651 inquit,
3216 2576 3563 2644 «Galatam,
3596 2573 3704 2645 qui

306 2687 591 2743 expressa
632 2674 757 2729 fere
806 2673 878 2729 ad
927 2673 1187 2732 verbum
1231 2675 1292 2731 in
1338 2675 1604 2732 Historia
1663 2674 1951 2732 143053303
2059 2686 2376 2760 quondam
2411 2682 2590 2741 nobis
2623 2695 2807 2739 carus
2860 2679 2996 2744 fuit,
3035 2683 3094 2734 et
3143 2690 3305 2734 nunc
3347 2672 3702 2730 misericor-

302 2769 558 2827 Palladii
619 2775 880 2836 exstant,
944 2771 1061 2830 hoc
1120 2787 1244 2830 uno
1298 2772 1682 2840 discrimine,
1752 2770 1918 2844 quod

2093 2785 2163 2843 lia
2212 2783 2314 2841 Dei
2356 2781 2611 2853 indiget,
2664 2793 2832 2847 cave,
2883 2777 3027 2849 quia
3074 2773 3353 2845 Origenis
3404 2769 3709 2828 haeresim

299 2882 457 2939 quae
503 2873 710 2926 ηοδῐθΐ
758 2869 890 2938 ipse
922 2878 1215 2941 expertus
1247 2878 1359 2936 θείς
1410 2871 1718 2927 Palladius
1764 2885 1800 2926 ἃ
1848 2883 1948 2925 50·
2065 2880 2382 2956 praedicat
2421 2885 2480 2936 et
2523 2878 2722 2944 docet,
2760 2891 2836 2932 ne
2869 2876 3024 2932 forte
3072 2873 3316 2944 aliquos
3354 2872 3431 2927 de
3475 2867 3711 2940 populo

297 2965 409 3022 οίίε
463 2971 709 3022 narrata
763 2980 896 3024 esse
949 2967 1158 3024 ι’θῖθτῑ·
1211 2968 1458 3038 Sel)tem
1508 2969 1728 3024 fratres
1774 2980 1950 3038 Pere-
2061 2981 2176 3038 tibi
2225 2979 2465 3038 credito
2517 2976 2592 3032 ad
2657 2972 3124 3046 perversitatem
3176 2970 3270 3026 sui
3320 2968 3574 3025 inducat
3615 2980 3709 3024 er-

295 3060 506 3134 grinos
557 3076 776 3120 omnes
831 3063 1018 3120 fuisse
1073 3063 1139 3121 in
1197 3064 1533 3122 solitudine
1577 3063 1830 3127 Nitriae,
1886 3077 1951 3121 se
1993 3133 2030 3151 η
2062 3077 2227 3136 roris
2283 3074 2392 3151 (7).
2462 3096 2484 3128 ι
2553 3074 2823 3132 Exeunte
2875 3085 3036 3128 anno
3084 3070 3199 3126 394
3262 3064 3346 3143 (8)
3404 3064 3713 3124 Palladius

294 3158 575 3231 quidem,
629 3175 742 3217 nec
794 3175 916 3218 non
955 3161 1206 3219 beatum
1248 3161 1604 3234 Evagrium,
1653 3161 1948 3218 Albinum
1992 3133 2030 3186 C
2060 3133 2364 3234 Joannem
2410 3172 2471 3229 in
2522 3170 2682 3246 Lyco
2736 3165 2966 3232 invisit,
3019 3171 3203 3236 atque
3255 3178 3362 3220 sex
3409 3161 3500 3220 illi
3554 3160 3709 3218 socii

293 3260 353 3312 et
382 3257 805 3313 Ammonium.
842 3257 1013 3315 Scire
1045 3274 1109 3316 se
1140 3273 1358 3316 omnes
1387 3260 1724 3326 studuisse,
1760 3272 1947 3331 quae-
2061 3289 2125 3332 se
2167 3267 2634 3339 Hierosolyma
2654 3265 2894 3323 venisse
2931 3267 3146 3336 aperte
3197 3261 3466 3318 fatentur
3497 3277 3513 3328 ;
3566 3272 3708 3314 nam

296 3367 438 3410 nam
481 3353 734 3411 Joannis
787 3356 982 3412 virtus
1035 3361 1213 3422 esset,
1263 3357 1368 3413 sed
1424 3356 1746 3414 dubitasse
1802 3357 1949 3413 Eva-
2057 3371 2275 3430 Joanni
2353 3386 2366 3427 ε
2457 3363 2572 3424 pro
2638 3361 2914 3429 utilitate,
2990 3360 3302 3432 inquiunt,
3375 3355 3708 3414 animarum

296 3450 527 3521 ετὶυιη,
603 3466 680 3508 an
751 3453 1009 3510 omnino
1066 3468 1210 3510 eum
1267 3453 1598 3512 convenire
1657 3459 1936 3526 Possem-
2056 3474 2387 3525 nostrarum
2434 3463 2509 3522 ad
2561 3469 2614 3520 te
2642 3461 2895 3520 venimus
2932 3457 3001 3518 ab
3048 3454 3386 3523 Jerusalem,
3431 3460 3514 3522 ut,
3563 3452 3711 3532 quod

294 3547 496 3617 Quare
546 3555 799 3620 Ροδῑθτο
850 3551 976 3619 die:
1033 3553 1283 3609 00011153
1340 3552 1518 3618 cena:
1595 3552 1797 3610 50mm
1854 3566 1941 3619 se:
2055 3564 2350 3624 auditione
2401 3578 2810 3639 acceperamus,
2861 3556 2922 3616 id
2975 3571 3324 3614 cerneremus
3361 3548 3544 3610 oculis
3595 3550 3702 3628 (9).

299 3646 523 3703 nesciis
553 3647 762 3713 sociis,
795 3648 872 3706 ad
919 3648 1218 3706 Joannem
1270 3649 1332 3706 in
1366 3649 1749 3707 Thebaidem
1803 3663 1946 3720 pro-
2057 3666 2139 3724 Ex
2211 3664 2462 3737 quibus,
2557 3661 2806 3733 quando
2877 3655 3186 3715 Palladius
3258 3649 3708 3723 Hierosolymis

295 3742 523 3801 fectum
561 3759 715 3802 esse.
763 3745 966 3815 Quum
1015 3761 1161 3818 vero
1209 3748 1289 3805 ab
1320 3762 1396 3806 eo
1443 3761 1730 3804 reversus
1759 3746 1911 3804 socii

2083 3763 2266 3822 uerit.
2296 3768 2355 3818 et
2385 3759 2634 3831 quando
2665 3757 2806 3815 inde
2833 3757 3028 3813 redux
3062 3753 3256 3810 factus
3287 3751 3386 3818 sit,
3423 3755 3699 3821 apparet.

294 3854 428 3898 rem
461 3849 788 3914 narrasset,
847 3849 986 3916 POSt
1039 3845 1196 3902 duos
1247 3859 1489 3901 menses
1533 3845 1648 3902 1105
1692 3859 1944 3917 quoque
2054 3862 2120 3919 In
2161 3860 2383 3918 eodem
2438 3870 2586 3914 vero
2639 3855 2840 3913 reditu
2901 3849 3350 3922 Hierosolymis
3399 3846 3707 3906 Palladius

292 3953 469 3995 senes
525 3939 600 3996 ad
659 3940 955 3998 Joannem
1015 3942 1276 4008 Venisse,
1339 3942 1459 4000 Sibi
1519 3949 1726 4000 autem
1796 3955 1940 3998 “3‘”
2053 3973 2197 4017 cum
2243 3956 2490 4014 duobus
2546 3953 2734 4011 sociis
2776 3949 3174 4023 Apollonium
3206 3960 3456 4019 quoque
3485 3943 3706 4001 invise-

292 4051 480 4095 rasse.
539 4038 895 4109 Sequuntur
954 4041 1081 4098 fere
1134 4041 1207 4098 ad
1258 4042 1541 4110 verbum,
1581 4047 1645 4098 ut
1698 4040 1908 4097 monui

2088 4057 2135 4114 it
2173 4069 2424 4113 necesse
2475 4057 2586 4110 est.
2635 4053 2787 4110 Nam
2835 4050 3032 4106 altero
3063 4047 3126 4104 in
3169 4044 3574 4102 Palaestinam
3607 4041 3703 4098 iti-

291 4148 450 4200 ωιλδι
500 4135 630 4207 illa,
674 4151 832 4207 quae
877 4137 1065 4196 mOdO
1112 4153 1187 4195 ex
1235 4138 1400 4196 ΠΙ)Γο
1457 4138 1732 4196 Secundo
1778 4143 1942 4195 ι’θῖυ·
2054 4170 2201 4212 nere
2243 4150 2618 4210 valetudinis
2646 4147 2842 4220 gratia
2872 4147 3075 4203 tribus
3113 4142 3290 4200 annis
3323 4147 3480 4213 post,
3514 4153 3702 4211 quam

291 4229 480 4289 limus
534 4232 642 4308 (3)-
701 4228 1044 4305 Eugenium
1089 4250 1236 4293 Vel‘O
1278 4241 1616 4307 Wl‘annum
1660 4235 1942 4294 TheOdO'
2050 4252 2351 4310 Joannem
2404 4249 2468 4305 in
2527 4247 2685 4320 Lyco
2738 4244 3052 4310 inviseret,
3113 4243 3403 4312 suscepto
3453 4251 3577 4294 non
3639 4236 3702 4294 in

289 4328 418 4386 sius
487 4329 652 4402 apud
721 4331 909 4403 Alpes
979 4333 1205 4391 devicit
1277 4348 1440 4391 anno
1513 4335 1626 4391 394
1677 4335 1738 4390 d-
1813 4332 1941 4390 VIII
2055 4349 2402 4420 Aegyptum
2443 4343 2652 4412 rediit,
2695 4343 2804 4400 sed
2852 4341 2914 4398 in
2957 4335 3314 4410 Bithyniam
3361 4334 3550 4406 venit,
3591 4333 3700 4391 ubi

293 4425 436 4538 ldus
481 4427 866 4538 Septembris
923 4427 1032 4538 (1t).
1071 4431 1112 4487 E
1142 4430 1371 4502 quibus
1409 4431 1742 4503 colligitur,
1791 4430 1943 4489 scri-
1975 4484 2018 4538 Ο
2051 4446 2388 4519 episcopus
2417 4443 2741 4502 ordinatus
2771 4444 2863 4497 est
2895 4436 3048 4512 (10).

290 4527 536 4594 ptorem
585 4525 731 4583 libri
789 4527 1046 4586 secundi
1105 4543 1282 4586 senes
1343 4529 1598 4602 Aegypti
1659 4528 1905 4586 invisiss

2135 4542 2248 4614 23
2296 4544 2542 4602 Constat
2598 4554 2770 4613 ergo,
2817 4537 3189 4610 scriptorem
3234 4532 3380 4592 libri
3443 4528 3699 4615 secundi

364 4797 443 4867 (1)
474 4797 633 4851 Socr.
671 4797 810 4853 Hist.
843 4800 992 4853 Eccl.
1029 4798 1129 4854 lib.
1167 4801 1207 4853 V
1237 4815 1369 4870 cap.
1400 4800 1491 4854 25.
2051 4797 2288 4873 [Patro],
2314 4800 2374 4853 T.
2402 4796 2560 4869 XXII]
2597 4812 2655 4867 p.
2687 4797 2805 4850 527.

363 4887 439 4955 (2)
486 4884 598 4938 vv.
655 4887 752 4940 PP.
812 4891 1004 4945 Rosw.
1062 4888 1162 4944 lib.
1213 4889 1256 4943 ll
1305 4904 1436 4959 cap.
1487 4890 1534 4942 i.
1580 4905 1637 4960 p.
1695 4893 1821 4955 451,
1873 4893 1930 4948 4.

2124 4889 2201 4959 (8)
2250 4887 2492 4942 Duobus
2543 4884 2763 4939 scilicet
2814 4881 3124 4938 mensibus
3174 4883 3310 4935 ante
3362 4877 3697 4942 victoriam,

287 4979 414 5045 457,
457 4987 506 5038 l.
2049 4995 2236 5050 quam
2268 4976 2636 5031 Theodosius
2668 4975 2727 5028 d.
2779 4973 2889 5027 VIII
2923 4972 3006 5026 ld.
3066 4969 3430 5041 Septembris
3463 4969 3537 5021 de
3590 4967 3699 5022 Eu-

361 5069 438 5141 (3)
467 5072 612 5126 Hist.
645 5070 821 5124 Laus.
856 5083 994 5139 cap.
1045 5069 1113 5122 44
1145 5070 1294 5138 Opp.
1329 5070 1538 5124 Meurs.
1570 5068 1607 5123 l.
1645 5070 1683 5122 l.
1719 5085 1777 5139 p.
1811 5072 1935 5125 468.
2049 5068 2225 5138 genio
2259 5065 2601 5136 reportavit,
2637 5062 3029 5118 Alexandriae
3059 5061 3416 5115 nuntiatam.

289 5160 412 5212 472.
445 5163 569 5215 488.

2122 5157 2198 5226 (9)
2245 5155 2385 5210 Hist.
2436 5154 2617 5208 Laus.
2662 5167 2798 5222 cap.
2852 5154 2920 5205 44
2983 5151 3134 5221 Opp.
3179 5151 3385 5205 Meurs.
3445 5145 3483 5198 Ι.
3526 5144 3564 5198 1.
3622 5159 3686 5214 p.

363 5248 444 5319 (4)
485 5251 645 5304 Socr.
681 5247 820 5302 Hist.
856 5243 1014 5305 Eccl.
1059 5244 1162 5300 lib.
1213 5246 1254 5298 V
1286 5261 1417 5315 cap.
1450 5249 1540 5301 24.
1575 5245 1663 5301 Cf.
1699 5248 1935 5302 Baronii

1629 5245 1663 5301 Γ.
1699 5248 1935 5302 Baronii
2047 5249 2148 5303 473
2184 5263 2196 5310 ;
2232 5244 2338 5296 νγ.
2365 5243 2469 5297 PP.
2503 5245 2696 5297 Bosw.
2730 5241 2832 5294 lib.
2871 5239 2914 5294 ΙΙ
2947 5255 3004 5310 p.
3041 5238 3165 5300 451,
3202 5243 3245 5293 1.

289 5336 503 5391 Annal.
536 5354 591 5391 a.
628 5340 730 5392 394
759 5351 927 5390 num.
959 5335 1003 5387 V
1035 5349 1167 5405 sqq.
1197 5333 1296 5391 ed.
1345 5334 1483 5389 Luc.
1515 5337 1576 5390 T.
1619 5336 1684 5388 Vl
1718 5353 1775 5406 p.
1815 5339 1932 5393 145.
2119 5334 2231 5406 (10)
2271 5332 2409 5386 Hist.
2463 5330 2638 5385 Laus.
2693 5345 2825 5398 cap.
2875 5331 2942 5382 44
2980 5327 3131 5397 Opp.
3190 5327 3396 5379 Meurs.
3449 5323 3489 5377 l.
3531 5321 3570 5376 l.
3620 5337 3686 5390 p.

289 5423 502 5497 Fleury
537 5427 677 5480 Hist.
714 5423 864 5479 Eccl.
895 5425 952 5477 T.
986 5424 1054 5478 ιν
1087 5440 1143 5493 ρ.
1175 5423 1314 5477 1034

2081 5427 2168 5478 7‘2.
2202 5420 2612 5477 Tillemontius
2644 5418 2970 5487 (Mémoires
3013 5418 3071 5470 T.
3116 5415 3204 5469 ΧΠ
3235 5429 3291 5483 p.
3325 5412 3448 5475 656,
3494 5412 3550 5480 2)
3597 5425 3696 5462 au-

362 5513 442 5584 (5)
483 5517 588 5567 VV.
612 5515 714 5568 PP.
746 5517 948 5569 Rosw.
987 5513 1085 5566 lib.
1120 5513 1164 5566 II
1197 5528 1327 5584 cap.
1355 5518 1384 5565 7
1421 5529 1478 5582 p.
1512 5513 1636 5576 164,
1673 5519 1715 5568 1.
2047 5513 2623 5580 tumat,scriplorem
2645 5505 2777 5562 libri
2803 5504 3052 5560 secundi
3075 5501 3456 5573 Apollonium
3490 5512 3694 5554 senem

364 5602 437 5672 (6)
472 5605 610 5659 Hist.
657 5605 832 5659 Laus.
867 5618 1005 5673 cap.
1047 5607 1111 5658 53
1146 5600 1294 5672 Opp.
1327 5605 1537 5658 Meurs.
1566 5602 1606 5658 l.
1638 5602 1674 5657 l.
1709 5619 1767 5672 p.
1808 5606 1930 5660 503.
2047 5607 2183 5657 ante
2213 5615 2438 5654 annum
2487 5596 2590 5652 385
2634 5594 2909 5650 invisisse
2950 5611 2966 5659 ;
3005 5591 3108 5646 sed
3150 5590 3339 5657 locus,
3371 5603 3493 5659 quo
3536 5586 3698 5641 Tille-

368 5692 440 5763 (7)
473 5695 579 5766 Ep.
629 5699 717 5749 51.
773 5693 832 5748 S.
894 5693 1127 5749 Hieron.
1182 5692 1339 5764 Opp.
1401 5691 1496 5748 ed.
1549 5691 1742 5763 Migne
1793 5694 1854 5748 T.
1914 5694 1934 5747 Ι
2045 5689 2306 5748 montius
2335 5686 2625 5751 innititur,
2658 5699 2694 5741 a
2734 5681 2919 5738 latino
2951 5679 3086 5736 libri
3124 5677 3442 5748 interprete
3481 5689 3692 5748 perpe-

3703 5975 3822 6045 Γ
