4092 6256
411 331 480 386 '23

1287 327 1394 385 SS.
1436 326 1913 383 MACARIORUM
1953 321 2286 379 AEGYPTII
2328 325 2415 379 ET
2454 328 2950 392 ALEXANDRINI

3751 340 3819 396 24

414 465 475 518 et
545 473 688 516 cum
751 456 1021 514 Palladio
1071 461 1333 513 exeunte
1379 471 1539 513 anno
1598 457 1710 514 394
1773 455 2056 512 Hieroso-
2095 447 2138 500 Α
2173 454 2694 516 monuimus.Sed
2729 463 2891 520 unde
2924 465 3063 524 talis
3093 467 3483 524 necessitudo
3510 466 3818 525 librorum

416 557 601 630 lymis
671 556 733 612 in
791 557 1132 626 Aegyptum
1193 555 1455 624 venisse,
1534 554 2061 625 Apolloniumque

413 671 537 712 una
583 668 725 711 cum
778 667 853 710 eo
906 651 1209 716 invisisse,
1243 658 1300 708 et
1331 667 1365 709 e
1397 666 1660 708 numero
1711 666 1815 708 sex
1864 651 2063 707 socio-

415 766 555 808 rum
604 750 857 807 Palladii
905 749 1114 820 fuisse,
1174 749 1281 821 qui
1335 750 1632 806 Joannem
1689 749 1750 804 in
1781 748 1939 819 Lyco
1971 761 2064 803 se-

415 863 559 906 nem
604 848 908 905 adierunt.
964 846 1079 904 Sed
1135 851 1206 903 ut
1251 847 1364 903 ista
1395 845 1855 919 argumentatio
1901 843 2061 900 iusto

415 946 816 1003 fundamento
849 946 1101 1009 nitatur,
1151 958 1249 1002 res
1293 945 1494 1016 gravis
1551 943 1918 1015 explicanda
1962 956 2058 998 su-

412 1049 639 1116 perest.
688 1044 872 1101 Multa
923 1043 1092 1100 enim
1138 1043 1341 1113 capita
1387 1042 1533 1099 libri
1568 1041 1847 1105 secundi,
1903 1042 2062 1096 inter

412 1156 572 1213 quae
603 1147 801 1199 totum
835 1140 990 1198 illud
1041 1141 1117 1198 de
1169 1140 1521 1210 Apollonio,
1562 1154 1757 1211 paene
1802 1139 1877 1195 ad
1928 1151 2059 1194 ver-

413 1241 563 1297 bum
598 1240 661 1296 in
694 1239 960 1296 Historia
995 1237 1283 1295 Lausiaca
1309 1239 1635 1295 habentur.
1671 1237 1841 1294 Unde
1872 1236 2060 1307 igitur

412 1338 564 1395 haec
605 1337 993 1393 necessitudo
1022 1331 1052 1390 ‘l

492 1435 708 1503 Quam,
743 1436 791 1491 si
841 1441 1178 1506 utrumque
1217 1434 1446 1490 librum
1480 1439 1764 1491 accurate
1823 1432 2054 1488 exami-

413 1533 677 1598 naveris,
710 1533 1046 1589 maximam
1078 1546 1212 1588 esse
1245 1531 1541 1588 invenies.
1566 1531 1712 1587 Nam
1741 1545 1900 1601 quae
1926 1529 2056 1586 illic

409 1631 486 1687 de
522 1631 775 1688 senibus
821 1630 1154 1687 Thebaidis
1202 1635 1262 1686 et
1307 1629 1808 1686 circumiacentis
1857 1627 2056 1699 regio-

412 1728 506 1784 nis
534 1729 844 1799 leguntur,
896 1728 1075 1784 cuius
1103 1727 1359 1798 quidem
1392 1727 1635 1798 generis
1691 1730 1852 1793 sunt,
1894 1738 2053 1796 quae

407 1825 484 1882 de
513 1825 745 1883 Joanne
789 1826 849 1881 in
909 1825 1085 1897 Lyco,
1134 1826 1357 1882 abbate
1408 1825 1551 1891 Ben,
1607 1823 1854 1881 civitate
1897 1822 2050 1893 Oxy-

408 1923 665 1994 ryncho,
724 1923 991 1988 Theone,
1059 1923 1408 1994 Apollonio,
1467 1923 1749 1994 Coprete,
1808 1935 1881 1978 ex
1940 1935 2049 1978 ore

405 2021 687 2091 Copretis
756 2021 832 2077 de
896 2021 1291 2087 Patermutio,
1353 2021 1575 2076 abbate
1645 2019 1824 2090 Syro,
1898 2018 2049 2075 Isaia

406 2124 466 2174 et
510 2117 724 2186 Paulo,
777 2118 853 2173 de
904 2118 1288 2188 Pithyrione,
1339 2115 1622 2187 Eulogio,
1683 2115 1918 2186 Apelle,
1977 2129 2050 2170 ex

405 2229 514 2271 ore
583 2213 813 2284 Apellis
857 2215 932 2270 de
986 2214 1218 2270 Joanne
1268 2213 1564 2284 quodam,
1638 2212 1910 2283 denique
1974 2213 2051 2268 de

404 2311 750 2382 Paphnutio
794 2312 1172 2376 referuntur,
1216 2326 1288 2369 ea
1338 2311 1548 2367 omnia
1597 2317 1721 2366 tam
1766 2313 2050 2366 accurate

405 2409 672 2466 Historia
731 2409 1016 2466 Lausiaca
1074 2409 1490 2472 continentur,
1553 2414 1619 2465 ut
1696 2408 1822 2464 fere
1881 2407 2050 2464 nulla

404 2507 521 2563 nisi
559 2507 733 2564 latini
785 2512 841 2562 et
871 2506 1076 2578 graeci
1110 2506 1428 2563 idiomatis
1473 2504 1822 2562 differentia
1849 2519 2047 2576 appa-

401 2608 554 2660 reat.
602 2604 844 2675 Reliqui
879 2611 1086 2661 autem
1117 2610 1240 2660 tres
1272 2619 1448 2661 senes
1503 2618 1537 2660 e
1591 2603 1843 2675 regione
1896 2603 2049 2659 Tlte-

403 2701 626 2766 baidis,
671 2715 940 2773 quorum
988 2702 1148 2758 liber
1185 2702 1493 2759 secundus
1533 2701 1911 2758 mentionem
1965 2701 2049 2756 fa-

400 2799 505 2866 cit,
569 2799 694 2857 duo
753 2802 1087 2857 Ammones
1137 2800 1394 2870 scilicet,
1446 2799 1522 2857 de
1566 2799 1796 2871 quibus
1825 2799 2044 2870 capiti-

401 2898 518 2954 bus
564 2897 632 2953 IV
684 2902 744 2954 et
801 2897 922 2954 VIII
977 2903 1284 2967 narratur,
1318 2903 1379 2954 et
1434 2898 1620 2966 Elias,
1667 2897 1728 2953 in
1762 2896 2047 2953 Lausiaca

402 2995 584 3065 plane
619 2994 1017 3053 omittuntur.
1061 2995 1170 3051 Illa
1219 3009 1366 3052 vero
1411 3010 1569 3066 quae
1614 2995 1690 3051 de
1723 2994 1915 3050 Nitria
1963 2994 2045 3050 ei-

400 3107 521 3165 que
568 3093 935 3157 continibus,
990 3107 1260 3165 quorum
1315 3108 1348 3149 e
1405 3107 1668 3150 numero
1724 3098 1864 3149 sunt
1913 3106 2047 3148 nar-

401 3192 559 3249 ratio
603 3191 680 3248 de
713 3191 1063 3263 Ammonio,
1101 3191 1381 3262 Evagrio,
1432 3190 1680 3255 Cronio,
1734 3191 1810 3247 de
1854 3191 2046 3246 Maca-

402 3289 534 3354 riis,
582 3289 658 3345 de
701 3291 1002 3346 Ammone
1059 3290 1265 3359 primo
1320 3289 1549 3345 Nitriae
1596 3288 1922 3352 monacho,
1972 3286 2049 3344 de

402 3386 592 3443 Paulo
651 3386 968 3456 Simplice,
1031 3387 1165 3455 ipsa
1203 3400 1454 3456 quoque
1500 3385 1765 3457 regionis
1819 3385 2047 3441 descri-

402 3485 555 3554 ptio,
605 3498 795 3554 porro
830 3497 988 3553 quae
1031 3483 1108 3539 de
1152 3482 1406 3539 senibus
1463 3483 1890 3549 Alexandriae,
1923 3497 2048 3553 quo

402 3580 670 3651 pertinet
711 3581 926 3638 relatio
981 3581 1056 3637 de
1115 3579 1354 3637 Isidoro
1408 3584 1465 3636 et
1517 3580 1593 3636 de
1644 3580 1926 3650 Didymo,
1986 3581 2047 3636 in

398 3679 564 3736 libro
585 3678 859 3735 secundo
885 3683 1145 3742 exstant,
1182 3693 1253 3734 ea
1277 3679 1441 3748 apud
1480 3679 1818 3735 Palladium
1869 3678 2047 3748 longe

401 3777 582 3833 aliter
611 3781 668 3833 et
716 3777 914 3833 multo
948 3777 1205 3832 uberius
1237 3775 1702 3832 describuntur.
1759 3775 1924 3831 Idem
1971 3776 2046 3832 de

400 3873 739 3944 Serapione
781 3873 1052 3944 regionis
1111 3873 1453 3930 Arsenoitis
1505 3873 1666 3929 valet
1722 3891 1734 3938 ;
1794 3872 1871 3929 de
1916 3872 2047 3930 Ori-

399 3986 553 4043 gene
583 3985 734 4028 vero
765 3977 821 4027 et
857 3971 1216 4028 Piammone
1268 3971 1574 4028 Palladius
1623 3971 1779 4028 nihil
1820 3971 2034 4027 tradit.

402 4069 484 4126 De
522 4069 745 4126 abbate
777 4069 858 4127 Or
888 4069 1205 4140 quomodo
1237 4073 1520 4126 auctores
1555 4069 1716 4126 inter
1746 4083 1811 4124 se
1860 4067 2048 4124 diffe-

399 4171 559 4236 rant,
616 4167 776 4224 infra
829 4172 1201 4238 exponetur.
1257 4166 1554 4239 Epilogus
1591 4165 1860 4238 denique
1922 4180 2047 4238 quo

399 4265 562 4322 liber
603 4267 912 4322 secundus
951 4265 1136 4322 ﬁnem
1181 4265 1423 4322 itineris
1472 4264 1851 4336 Aegyptiaci,
1902 4279 2047 4320 nar-

400 4367 516 4432 rat,
547 4377 670 4419 non
702 4363 908 4419 minus
949 4363 1011 4418 in
1054 4363 1322 4419 Historia
1365 4363 1654 4418 Lausiaca
1694 4361 2034 4432 reperitur.

2089 1795 2130 1849 B

2173 550 2458 618 istorum,
2511 557 2618 626 qui
2660 558 2735 614 de
2779 564 2893 636 24
2939 563 3193 621 senibus
3223 564 3558 622 Thebaidis
3597 566 3814 623 eadem

2172 649 2391 706 eodem
2439 653 2621 722 plane
2655 658 2841 715 modo
2872 668 3145 726 narrant,
3183 668 3320 719 nata
3352 669 3443 719 est
3467 661 3497 720 ‘l

2255 748 2366 804 Hes
2408 764 2553 807 sane
2604 754 2839 825 duplici
2873 763 3107 816 tantum
3143 761 3330 818 modo
3361 759 3657 832 explicari
3693 773 3815 830 po-

2173 848 2308 900 test.
2359 848 2473 904 Aut
2516 851 2683 907 enim
2726 854 2885 912 alter
2924 858 3190 928 scriptor
3223 859 3354 930 ipse
3387 859 3620 916 librum
3669 858 3815 914 alte-

2172 941 2305 998 rius
2333 958 2365 999 e
2396 947 2707 1017 capitibus
2737 951 2861 1010 illis
2890 953 2967 1010 de
2998 955 3250 1012 senibus
3282 956 3616 1014 Thebaidis
3645 969 3811 1012 com-

2173 1041 2407 1110 pilavit,
2461 1049 2565 1102 aut
2608 1049 2827 1106 tertius
2857 1052 3109 1122 quidam
3143 1053 3357 1123 spuria
3409 1053 3514 1110 illa
3565 1052 3801 1110 intulit.

2171 1137 2478 1199 Posterius
2541 1145 2721 1202 statui
2789 1149 3029 1220 nequit.
3100 1151 3248 1207 Nam
3322 1150 3588 1208 Historia
3660 1149 3814 1208 Lau-

2170 1238 2334 1296 siaca
2381 1242 2668 1302 codicum
2714 1244 3292 1305 Vindobonensium
3324 1248 3404 1304 ita
3453 1252 3813 1319 comparata

2171 1347 2280 1403 est.
2334 1348 2399 1399 ut
2441 1344 2517 1400 de
2563 1350 2648 1401 tot
2696 1345 3006 1416 capitibus
3036 1346 3270 1417 spuriis
3320 1346 3591 1418 cogitare
3623 1359 3811 1416 pror—

2168 1454 2272 1496 sus
2321 1456 2595 1514 nequeas
2642 1459 2654 1511 ;
2712 1443 2805 1500 sin
2854 1445 3056 1515 capita
3103 1445 3215 1501 ista
3260 1460 3292 1500 e
3339 1444 3604 1500 Historia
3653 1443 3810 1500 Lau-

2166 1539 2328 1596 siaca
2393 1544 2687 1612 tanquam
2731 1542 2944 1613 spuria
3001 1543 3273 1615 tolleres,
3349 1546 3586 1614 partem
3661 1540 3807 1597 libri

2165 1636 2464 1708 integram
2519 1637 2927 1696 desiderares.
2986 1639 3166 1696 Liber
3197 1654 3345 1697 vero
3401 1639 3710 1696 secundus
3757 1638 3807 1694 si

2163 1735 2366 1806 capita
2413 1736 2527 1793 ista
2567 1736 2644 1794 de
2675 1737 2928 1793 senibus
2959 1738 3290 1794 Thebaidis
3319 1744 3613 1808 tanquam
3655 1751 3808 1807 spu-

2163 1832 2255 1888 ria
2277 1835 2595 1907 tollantur,
2630 1837 2730 1892 vix
2763 1836 2904 1892 libri
2939 1850 3165 1893 nomen
3198 1836 3440 1893 retinet.

2244 1931 2688 1989 Difﬁcillimum
2744 1933 2933 2004 igitur
2983 1941 3071 1990 est
3115 1934 3190 1990 ad
3232 1933 3637 2002 credendum,
3700 1930 3805 1988 illa

2160 2030 2362 2099 capita
2415 2028 2474 2084 in
2521 2029 2818 2087 alterutro
2864 2032 3047 2095 libro,
3082 2037 3186 2088 aut
3219 2032 3280 2087 in
3312 2036 3598 2102 utroque,
3653 2043 3807 2099 spu-

2161 2125 2253 2182 ria
2309 2140 2461 2182 esse.
2509 2127 2733 2183 Verum
2771 2129 3000 2185 multae
3047 2128 3315 2186 rationes
3347 2129 3700 2192 admonent,
3740 2130 3802 2182 ut

2163 2221 2506 2280 Palladium
2537 2225 2742 2295 ipsum
2786 2242 2821 2283 e
2853 2226 3015 2284 libro
3047 2226 3318 2283 secundo
3349 2241 3418 2282 ea
3454 2230 3802 2282 mutuatum

2160 2335 2292 2378 esse
2324 2328 2381 2379 et
2413 2323 2717 2381 Historiae
2750 2323 3074 2381 Lausiacae
3118 2339 3266 2381 suae
3298 2323 3633 2380 intexuisse
3683 2327 3798 2378 sta-

2159 2424 2425 2476 tuamus.

2239 2518 2516 2575 Primum
2575 2519 2739 2576 enim
2799 2519 3107 2578 Palladius
3168 2521 3498 2577 Historiam
3557 2517 3802 2576 Lausia-

2157 2629 2293 2672 cam
2354 2618 2549 2674 multo
2595 2623 2753 2688 post,
2809 2632 2996 2688 quam
3033 2619 3192 2675 liber
3239 2618 3548 2675 secundus
3602 2616 3806 2673 editus

2158 2719 2269 2778 est,
2333 2715 2619 2786 vulgavit.
2685 2715 2832 2771 Nam
2889 2715 3156 2773 Historia
3207 2716 3493 2772 Lausiaca
3546 2715 3800 2785 prodiit,

2158 2827 2352 2884 quum
2388 2813 2692 2870 Palladius
2745 2833 2774 2867 «
2832 2814 3215 2871 tricesimum
3266 2813 3516 2870 tertium
3576 2826 3805 2868 annum

2159 2915 2365 2980 ageret
2423 2911 2483 2966 in
2539 2912 3005 2968 conversatione
3035 2912 3191 2968 'cum
3241 2911 3538 2968 fratribus
3587 2915 3646 2966 et
3688 2909 3809 2965 vita

2159 3007 2459 3071 solitaria,
2513 3008 2877 3066 vicesimum
2922 3016 3127 3066 autem
3155 3011 3570 3080 episcopatus,
3619 3007 3809 3066 totius

2160 3114 2366 3163 autem
2426 3107 2585 3163 vitae
2632 3108 3218 3179 quinquagesimum
3278 3107 3529 3164 tertium
3578 3103 3698 3181 (1).
3777 3124 3805 3159 ››

2164 3203 2246 3259 Ac
2301 3203 2612 3261 Palladius
2664 3205 2738 3261 ad
2795 3205 3013 3262 fratres
3058 3204 3223 3262 venit
3265 3223 3294 3256 (ι
3347 3203 3560 3275 viginti
3615 3217 3810 3261 annos

2161 3307 2338 3358 natus
2369 3302 2718 3360 Theodosio
2787 3303 3003 3374 Magno
3036 3302 3262 3360 iterum
3293 3301 3570 3368 consule,
3609 3320 3637 3354 ι)
3674 3302 3714 3358 i.
3751 3315 3805 3358 e.

2159 3414 2321 3456 anno
2362 3400 2586 3457 Christi
2638 3403 2752 3458 388
2784 3398 2891 3474 (2).
2941 3401 3141 3469 Quare
3187 3400 3474 3458 Lausiaca
3526 3406 3663 3456 ante
3696 3414 3806 3455 an-

2162 3511 2310 3552 num
2359 3498 2462 3552 421
2528 3512 2650 3554 non
2701 3498 2864 3555 edita
2896 3505 3007 3555 est.
3058 3498 3116 3555 S.
3170 3498 3586 3568 Hieronymus
3630 3511 3803 3562 vero,

2160 3594 2267 3665 qui
2301 3594 2533 3651 librum
2584 3597 2925 3653 secundum
2972 3597 3161 3656 novit.
3209 3602 3495 3653 mortuus
3525 3601 3615 3652 est
3646 3607 3805 3650 anno

2161 3693 2297 3761 420,
2339 3697 2400 3748 et
2431 3692 2701 3758 Ruﬁnus,
2750 3708 2939 3765 quem
2995 3694 3138 3751 libri
3180 3693 3434 3751 secundi
3492 3694 3806 3762 interpre-

2160 3796 2278 3844 tem
2314 3805 2448 3847 esse
2481 3792 2910 3862 probabimus,
2970 3792 3094 3849 iam
3136 3807 3298 3849 anno
3331 3794 3442 3848 410
3487 3791 3647 3848 obiit
3680 3788 3793 3864 (3).

2162 3887 2327 3945 Unde
2383 3887 2616 3945 librum
2664 3891 3008 3946 secundum
3053 3890 3320 3947 Historia
3370 3889 3658 3948 Lausiaca
3709 3900 3807 3943 ae-

2159 3989 2278 4042 tate
2312 3985 2508 4043 multo
2530 3988 2807 4057 priorem
2837 4003 2972 4045 esse
3003 3988 3310 4059 sequitur.

2240 4084 2407 4151 Quod
2468 4085 2517 4141 si
2549 4091 2806 4151 constat,
2842 4085 3138 4143 facillime
3187 4085 3574 4156 intelligitur,
3607 4083 3805 4140 Palla-

2157 4181 2332 4240 dium
2377 4184 2594 4240 saltem
2645 4183 2788 4239 libri
2834 4184 3088 4241 secundi
3133 4189 3318 4255 caput
3361 4184 3436 4239 de
3481 4183 3712 4240 Joanne
3742 4182 3805 4239 in

2161 4279 2317 4350 Lyco
2367 4281 2758 4352 compilasse.
2809 4283 3028 4339 Totum
3077 4282 3245 4339 enim
3305 4280 3452 4338 libri
3497 4285 3683 4352 caput
3727 4280 3804 4337 de

2155 4375 2388 4434 Joanne
2454 4379 2517 4434 in
2573 4380 2731 4450 Lyco
2783 4379 2970 4435 etiam
3037 4379 3098 4436 in
3173 4379 3440 4436 Historia
3513 4377 3805 4435 Lausiaca

479 4461 563 4519 En
624 4461 1166 4527 necessitudinem,
1227 4475 1385 4532 quae
1443 4461 1604 4517 inter
1654 4459 1889 4516 librum
1947 4474 2048 4516 se-
2084 4494 2125 4546 Β
2162 4489 2354 4545 paene
2389 4473 2500 4544 25
2535 4477 2608 4533 ad
2643 4477 2903 4533 verbum
2937 4481 3135 4534 exstat
3168 4473 3272 4551 (4),
3328 4474 3447 4532 sed
3478 4489 3671 4533 unum
3708 4477 3798 4532 ιο-

397 4560 672 4617 cundum
705 4564 764 4617 et
797 4559 1131 4616 Historiam
1168 4558 1545 4628 Lausiacam,
1580 4572 1766 4629 quam
1801 4557 2051 4615 codices

401 4657 908 4714 Vindobonenses
955 4656 1274 4728 exhibent,
1331 4655 1678 4712 intercedit.
1734 4655 1839 4712 His
1879 4655 2048 4711 enim

397 4755 736 4827 genuinum
808 4753 1132 4811 Lausiacae
1190 4758 1425 4810 textum
1482 4753 1785 4810 contineri
1859 4766 2050 4824 supra

397 5024 525 5064 ram
547 5007 813 5062 redditus
844 5011 949 5069 est,
970 5004 1158 5076 quod,
1190 5003 1238 5057 si
1263 5004 1579 5060 Historiam
1599 5007 1952 5062 Lausiacam
1971 5008 2045 5062 de

396 5099 609 5153 eodem
663 5113 803 5151 sene
855 5093 1196 5163 contuleris,
1231 5094 1394 5149 facile
1445 5096 1750 5164 intelliges.
1808 5097 2044 5152 Ceterae

396 5191 593 5242 autem
620 5186 1190 5254 difficultates,quae
1213 5182 1587 5238 Tillemontio
1619 5183 1777 5239 aliud
1807 5190 2043 5256 tempus

393 5277 616 5331 itineris
657 5273 1005 5346 Aegyptiaci
1054 5272 1316 5328 indicare
1357 5274 1516 5328 visae
1562 5280 1720 5340 sunt,
1763 5273 2042 5330 facillime

391 5364 781 5436 explicantur.

462 5455 538 5524 (1)
600 5453 740 5506 Hist.
787 5453 960 5507 Laus.
1020 5449 1275 5522 prolog.,
1332 5452 1484 5522 Opp.
1539 5453 1748 5506 Meurs.
1801 5451 1837 5505 l.
1896 5451 1933 5507 l.
1978 5470 2035 5522 p.

389 5544 512 5608 340,
549 5543 658 5596 VV.
702 5541 800 5606 PP,
826 5543 1017 5595 Rosw.
1054 5557 1105 5612 p.
1136 5541 1258 5597 706.

462 5635 538 5705 (2)
583 5633 725 5687 Hist.
775 5631 948 5687 Laus.
982 5647 1115 5704 cap.
1158 5637 1205 5699 1,
1239 5632 1388 5704 Opp.
1422 5632 1626 5686 Meurs.
1683 5628 1720 5684 l.
1755 5628 1793 5684 l.
1835 5646 1898 5701 p.
1935 5633 2040 5688 348

389 5737 529 5782 cum
554 5725 700 5783 nota
723 5721 972 5780 Meursii.
1465 5753 1468 5755 ›

2157 4589 2321 4640 cum,
2398 4589 2522 4645 quo
2582 4575 2745 4631 liber
2799 4576 3110 4632 secundus
3166 4561 3638 4640 commemorat,
3703 4589 3804 4631 se-

2159 4677 2326 4743 ptem
2380 4672 2568 4730 simul
2623 4673 2845 4730 fratres
2904 4674 2977 4729 ad
3031 4674 3328 4731 Joannem
3390 4671 3629 4729 venisse
3691 4669 3798 4747 (5),

2155 4770 2423 4841 scriptor
2479 4771 2666 4828 huius
2716 4772 2940 4842 capitis
2989 4770 3311 4828 Lausiacae
3355 4769 3630 4827 correxit
3684 4785 3695 4823 :
3750 4785 3805 4825 se

2225 5005 2302 5076 (3)
2333 5004 2662 5067 Tillemont,
2699 5003 3001 5058 Mémoires
3033 5002 3099 5059 T.
3139 5005 3227 5058 XII
3263 5003 3467 5075 p.303.
3502 5006 3630 5062 3l3.
3670 5005 3803 5075 Epi-

2154 5095 2366 5150 stolam
2399 5094 2474 5148 ad
2508 5092 2949 5163 Ctesiphontem
2986 5093 3041 5147 S.
3082 5093 3475 5162 Hieronymus
3506 5111 3665 5149 anno
3694 5096 3798 5148 415

2153 5184 2464 5254 scripsisse
2497 5182 2745 5235 videtur.
2791 5183 2852 5236 S.
2897 5182 3126 5235 Hieron.
3162 5184 3316 5253 Opp.
3349 5183 3444 5237 ed.
3473 5185 3658 5254 Migne
3676 5185 3735 5237 T.
3779 5183 3798 5236 Ι

2158 5273 2397 5342 [PatroL
2427 5275 2486 5326 T.
2517 5272 2667 5341 XXII]
2697 5270 2878 5325 Praef.
2914 5286 2971 5340 p.
3009 5270 3271 5326 LXXXIX.

2221 5361 2299 5432 (4)
2348 5361 2464 5415 VV.
2531 5361 2629 5414 PP.
2689 5362 2882 5414 Rosw.
2917 5359 3017 5413 lib.
3056 5359 3098 5413 II
3141 5376 3270 5430 cap.
3332 5365 3350 5413 1
3391 5375 3446 5430 p.
3503 5364 3789 5426 449-457;

2152 5451 2299 5505 Hist.
2338 5454 2506 5504 Laus.
2539 5465 2668 5519 cap.
2697 5449 2783 5502 44.
2819 5452 2905 5502 45.
2941 5449 3030 5501 46.
3061 5451 3148 5503 47.
3183 5449 3333 5518 Opp.
3367 5451 3570 5504 Meurs.
3602 5449 3637 5502 l.
3673 5450 3785 5520 l.p.

2143 5540 2378 5595 464-485
2390 5582 2401 5594 .

2223 5629 2300 5701 (5)
2335 5628 2577 5686 VV.PP.
2613 5626 2869 5684 Rosw.l.
2904 5625 2940 5681 l.
2975 5643 3029 5698 p.
3070 5626 3193 5691 441,
3234 5629 3276 5678 1.
