4092 6256
251 296 324 350 25
1856 293 1922 350 Vl

2040 295 2088 351 ἰ.
3603 289 3672 343 26

248 425 525 498 primum,
582 439 680 479 sea:
732 427 919 500 postea
961 419 1233 480 Joannem
1288 420 1521 495 adiisse,
1578 439 1645 479 ac
1689 419 1798 478 sibi
1842 419 1984 479 deA
2016 424 2275 481 deamus
2326 437 2489 481 nunc
2537 421 2612 479 ad
2658 418 3087 493 gravissimam
3144 433 3297 483 rem,
3352 433 3667 491 quaeren-

250 524 399 576 δον-ιε
425 537 531 577 sua
560 517 769 596 futura
794 538 830 577 a
853 517 1069 577 Joanne
1100 525 1269 577 varia
1313 517 1610 597 praedicta
1652 537 1763 576 esse
1792 518 1904 595 (1).

251 618 420 686 Quae
446 619 761 690 praedicta
794 620 869 676 de
924 620 1193 677 Palladio
1239 619 1460 676 valent.
1514 619 1685 677 Unde
1723 633 1911 691 aper-

251 720 386 773 tum
443 722 555 786 est,
614 717 956 774 Palladium
1008 718 1214 788 ipsum
1276 716 1432 774 illud
1512 721 1701 787 caput
1760 715 1907 772 libri

251 813 504 871 secundi
536 819 896 872 mutuatum.
934 828 1090 880 esse,
1139 829 1173 871 e
1204 815 1335 871 suis
1384 828 1532 871 vero
1583 813 1714 880 illa,
1749 827 1910 885 quae

252 910 670 969 visitationem
749 912 1002 970 Joannis
1076 911 1429 969 accuratius
1499 925 1570 967 ac
1650 910 1911 968 uberius

252 1008 584 1080 explicent,
639 1008 974 1067 addidisse.
1011 1009 1163 1066 Nam
1206 1007 1395 1067 etiam
1453 1008 1602 1065 libri
1653 1006 1910 1066 secundi

251 1111 440 1178 caput
463 1107 541 1164 de
567 1106 801 1167 Joanne
834 1108 898 1164 in
932 1099 1088 1179 [fy-ao
1117 1105 1463 1179 genuinum
1495 1119 1628 1164 esse
1682 1104 1741 1163 S.
1773 1104 1914 1161 Hie-

258 1217 559 1276 ronymus
588 1208 849 1262 testatur
881 1202 936 1271 (2
948 1212 986 1273 ).

337 1301 443 1358 Sin
474 1307 680 1358 autem
709 1301 1019 1360 Palladius
1052 1315 1244 1360 unum
1271 1305 1460 1374 caput
1489 1299 1636 1358 libri
1657 1300 1913 1359 secundi

258 1398 408 1456 satis
466 1400 719 1470 longum
782 1399 844 1456 in
907 1399 1243 1456 Historiam
1312 1399 1670 1457 Lausiacam
1736 1412 1911 1455 suam

258 1495 593 1565 transtulit,
643 1496 795 1568 quid
844 1497 1070 1561 obstat,
1125 1497 1278 1569 quin
1331 1502 1390 1553 et
1431 1502 1637 1554 cetera
1684 1495 1910 1568 capita,

259 1608 422 1666 quae
453 1593 706 1665 utrique
736 1593 903 1652 libro
952 1594 1313 1651 communia
1357 1598 1521 1661 sunt,
1568 1595 1648 1651 ab
1692 1594 1915 1651 eodem

258 1691 567 1749 Historiae
645 1692 975 1750 Lausiacae
1074 1694 1308 1749 intexta
1383 1706 1518 1749 esse
1603 1692 1912 1763 dicamus,

260 1790 620 1861 praecipue,
654 1804 849 1861 quum
884 1789 1213 1857 Palladius,
1275 1795 1338 1847 ut
1382 1789 1599 1847 saltem
1632 1805 1665 1846 e
1713 1788 1917 1861 capite
1947 1777 1987 1830 Β

261 1887 337 1944 de
364 1886 596 1945 Joanne
653 1888 819 1944 haud
866 1887 1060 1945 dubie
1090 1893 1351 1954 constat,
1398 1886 1724 1960 scriptoris
1768 1886 1916 1943 libri

259 1985 515 2043 secundi
544 1985 607 2042 in
660 1984 887 2043 itinere
931 1986 1141 2043 socius
1195 1985 1405 2051 fuerit,
1468 1998 1741 2057 quocum
1796 1998 1918 2040 una

262 2081 711 2155 Hierosolymis
757 2087 1033 2140 venerat.

340 2179 496 2252 Ergo
529 2180 855 2252 probabile
902 2184 1018 2252 est,
1056 2178 1424 2247 Palladium,
1471 2192 1665 2251 quum
1719 2178 1917 2235 Histo-

263 2276 422 2335 riam
448 2276 805 2334 Lausiacam
838 2277 1167 2349 scriberet,
1200 2277 1406 2348 capita
1432 2276 1539 2333 illa
1558 2277 1636 2334 de
1661 2276 1919 2334 senibus

262 2374 594 2433 Thebaidis
633 2390 666 2431 e
700 2375 863 2431 libro
906 2375 1179 2433 secundo
1210 2374 1274 2431 in
1323 2388 1460 2432 eam
1507 2373 1914 2432 transtulisse.

264 2472 395 2529 Iam
425 2484 576 2529 vero
623 2471 803 2528 istam
836 2472 1379 2538 necessitudinem,
1435 2471 1485 2529 si
1518 2473 1737 2529 tertius
1784 2472 1920 2544 qui-

266 2569 412 2627 dam
442 2570 719 2641 capitum
764 2569 1133 2641 compilator
1163 2574 1494 2641 statuatur,
1528 2569 1687 2627 iuste
1724 2570 1921 2641 expli-

264 2666 393 2725 cari
440 2679 563 2724 non
618 2680 821 2738 posse,
882 2682 1072 2739 supra
1121 2667 1415 2725 vidimus.
1457 2668 1660 2735 Quare
1715 2668 1918 2725 solum

264 2768 476 2836 restat,
504 2770 571 2822 ut
600 2770 965 2832 statuamus,
1023 2764 1138 2822 ista
1185 2764 1389 2837 capita
1430 2766 1509 2822 ab
1559 2764 1695 2837 ispo
1726 2764 1925 2822 Palla-

263 2861 370 2920 dio
438 2862 762 2919 Lausiacae
822 2863 1055 2920 intexta
1109 2877 1272 2920 esse.
1348 2863 1410 2919 ια
1476 2877 1624 2921 vero
1693 2863 1924 2920 rectius

263 2958 566 3030 explicari
596 2960 838 3031 nequit,
892 2975 1082 3032 quam
1129 2974 1228 3023 eo.
1289 2964 1357 3017 ut
1406 2960 1748 3018 Palladium
1798 2974 1922 3018 non

266 3057 469 3115 solum
548 3056 847 3115 Joannem
928 3058 993 3115 in
1086 3057 1247 3130 Lyco
1323 3063 1382 3114 et
1446 3058 1917 3129 Appollonium,

2016 527 2130 591 tes,
2179 536 2327 578 num
2388 521 2489 578 hic
2537 519 2745 578 socius
2792 516 3052 574 Palladii
3100 522 3160 573 et
3216 517 3358 574 libri
3407 518 3666 577 secundi

2016 618 2286 690 scriptor
2343 617 2594 677 Ruﬁnus
2648 615 2854 679 fuerit,
2904 628 3017 671 nec
3048 628 3143 672 ne.
3191 613 3363 681 Quod
3412 614 3669 686 quidem

2019 716 2206 773 fuisse
2252 718 2488 788 nequit.
2545 714 2695 770 Nam
2725 727 2914 785 supra
2961 709 3050 787 (3)
3100 712 3507 779 ostendimus,
3555 711 3674 769 Ru-

2018 802 2213 871 ﬁnum
2256 819 2399 885 post
2445 826 2675 869 annum
2730 809 2844 868 385
2900 810 2960 866 in
3014 810 3288 883 Aegypto
3355 824 3477 867 non
3530 824 3669 866 am-

2021 911 2186 983 plius
2222 911 2515 968 adfuisse.
2569 910 2777 980 Neque
2832 908 2897 965 in
2956 907 3152 966 Ruﬁni
3199 908 3400 975 libris,
3462 922 3667 981 neque

2020 1008 2083 1065 in
2114 1008 2221 1066 illa
2250 1006 2657 1073 dissensione,
2702 1020 2862 1078 quae
2893 1005 3109 1063 Ruﬁno
3138 1020 3281 1062 cum
3335 1004 3393 1062 S.
3453 1005 3673 1063 Hiero-

2021 1121 2212 1181 nymo
2236 1104 2373 1173 fuit,
2408 1104 2486 1162 de
2516 1104 2760 1175 itinere,
2812 1102 2981 1175 quod
3027 1108 3290 1161 exeunte
3343 1118 3503 1161 anno
3555 1104 3669 1161 394

2021 1210 2125 1262 aut
2178 1203 2437 1261 omnino
2507 1207 2644 1274 post
2706 1215 2936 1262 annum
3007 1200 3121 1258 385
3188 1201 3251 1258 in
3319 1202 3666 1274 Aegyptum

2021 1300 2387 1372 susceperit,
2440 1299 2785 1372 quidquam
2838 1299 3176 1355 invenitur.
3221 1298 3528 1356 Palladius
3561 1300 3667 1356 de-

2023 1400 2235 1472 nique,
2270 1399 2321 1456 si
2378 1397 2629 1456 Ruﬁnus
2657 1396 2898 1454 itineris
2944 1396 3151 1454 socius
3202 1396 3439 1465 fuisset,
3491 1396 3568 1454 de
3597 1411 3673 1455 eo

2022 1497 2085 1554 in
2118 1496 2386 1553 Historia
2438 1495 2725 1553 Lausiaca
2755 1494 2934 1551 aliter
2983 1507 3130 1551 sane
3172 1492 3551 1565 scripsisset,
3598 1509 3672 1551 ac

2022 1595 2277 1666 scripsit
2306 1591 2416 1669 (4).

2105 1693 2259 1749 Hinc
2310 1691 2500 1764 igitur
2555 1690 2702 1748 satis
2750 1690 3152 1761 perspicuum
3215 1689 3485 1757 videtur,
3551 1690 3678 1747 Ru-

2026 1791 2218 1847 ﬁnum
2279 1790 2456 1847 illum
2521 1787 2780 1844 Palladii
2834 1787 3073 1844 socium
3123 1792 3182 1844 et
3227 1787 3373 1845 libri
3422 1786 3677 1846 secundi

2026 1887 2399 1959 scriptorem
2448 1899 2572 1942 non
2618 1898 2771 1942 esse.
2821 1883 2994 1951 Quod
3025 1884 3149 1942 alio
3192 1885 3555 1944 ﬁrmissimo
3584 1901 3679 1944 ar-

2027 1990 2321 2058 gumento
2348 1984 2666 2056 probatur.
2728 1981 3012 2054 Legimus
3056 1981 3118 2039 in
3151 1982 3315 2040 libro
3350 1983 3625 2041 secundo
3661 2004 3673 2037 :

2036 2104 2058 2135 «
2096 2082 2438 2140 Narrabant
2464 2085 2669 2138 autem
2716 2078 2898 2137 nobis
2950 2079 3208 2151 quidam
3238 2095 3312 2138 ex
3364 2080 3670 2154 patribus,

2028 2181 2136 2253 qui
2185 2179 2274 2237 ibi
2337 2179 2420 2250 [in
2468 2176 2697 2249 Celliis]
2751 2182 2948 2248 erant,
3004 2177 3171 2250 quod
3225 2178 3287 2235 in
3336 2180 3491 2238 locis
3543 2179 3676 2237 istis

2029 2279 2154 2336 duo
2207 2275 2458 2335 Macarii
2514 2275 2689 2351 quasi
2744 2275 2868 2333 duo
2919 2274 3076 2332 caeli
3122 2276 3358 2334 lumina
3398 2276 3671 2337 refulsis-

2027 2383 2163 2434 sent
2213 2374 2321 2451 (5).
2362 2396 2385 2427 ι
2427 2374 2579 2446 Ergo
2631 2373 2901 2444 scriptor
2955 2372 3102 2430 libri
3158 2375 3475 2447 Macarios,
3520 2376 3673 2448 qui—

2029 2475 2293 2531 buscum
2325 2486 2390 2529 se
2441 2470 2503 2527 in
2536 2470 2729 2527 Nitria
2759 2477 3070 2528 versatum
3116 2487 3249 2531 esse
3301 2473 3550 2531 Ruﬁnus
3580 2489 3685 2533 su-

2032 2587 2146 2645 pra
2176 2572 2310 2643 ipse
2340 2584 2452 2627 nos
2474 2569 2708 2636 docuit,
2744 2569 2878 2641 ipse
2926 2585 3048 2627 non
3078 2571 3383 2644 cognovit.
3419 2572 3551 2641 Quo
3581 2571 3680 2640 ﬁt,

2031 2674 2099 2727 ut
2128 2667 2376 2727 Ruﬁnus
2408 2666 2554 2723 libri
2606 2666 2862 2723 secundi
2894 2668 3164 2739 scriptor
3210 2683 3343 2725 esse
3376 2684 3497 2727 non
3534 2684 3679 2742 pos-

2031 2767 2139 2824 sit.
2181 2766 2388 2837 Neque
2415 2763 2743 2836 Evagrium
2776 2764 2912 2822 eius
2960 2764 3107 2822 libri
3146 2767 3519 2838 scriptorem
3553 2767 3682 2825 exi-

2030 2864 2284 2921 stimare
2314 2862 2477 2928 licet,
2525 2861 2694 2934 quod
2738 2862 3055 2934 quispiam
3101 2864 3357 2921 fortasse
3404 2879 3437 2921 e
3470 2865 3678 2923 verbis

2031 2960 2089 3018 S.
2134 2958 2496 3031 Hieronymi
2522 2972 2710 3031 supra
2742 2958 2942 3016 allatis
2985 2959 3291 3019 conﬁcere
3319 2962 3486 3020 velit.
3519 2963 3670 3020 Nam

1978 3121 1997 3139 η
2030 3058 2325 3130 Evagrius
2353 3056 2571 3114 itidem
2623 3070 2690 3113 se
2731 3071 2870 3113 cum
2914 3058 3196 3115 Macariis
3245 3067 3678 3118 conversatum

268 3153 345 3211 de
388 3154 622 3227 quibus
650 3154 774 3211 iam
807 3158 979 3213 certo
1019 3158 1287 3223 constat,
1317 3154 1427 3212 sed
1475 3161 1715 3212 ceteros
1756 3168 1925 3226 quo-
1959 3152 1997 3174 “
2029 3171 2165 3215 esse
2195 3155 2327 3227 ipse
2357 3159 2612 3212 testatur
2643 3152 2748 3229 (6).

268 3265 390 3323 que
446 3266 664 3309 omnes
714 3252 1054 3309 Thebaidis
1114 3266 1293 3309 senes
1350 3266 1469 3309 una
1530 3266 1673 3309 cum
1726 3252 1924 3324 scrip-

267 3352 406 3405 tore
466 3348 615 3405 libri
670 3348 930 3406 secundi
982 3348 1288 3418 invisisse,
1348 3348 1761 3421 eamdemque
1809 3349 1924 3406 ista

267 3460 394 3503 una
441 3459 588 3503 cum
642 3460 717 3503 eo
767 3452 1096 3518 expertum
1149 3461 1284 3504 esse
1334 3447 1690 3518 Opinemur.
1756 3447 1927 3515 Qua—

270 3548 533 3616 propter
563 3550 803 3616 postea,
849 3558 1008 3616 quae
1061 3544 1267 3602 socius
1315 3545 1473 3602 bene
1526 3550 1918 3617 exposuerat.

267 3641 336 3699 in
394 3641 629 3699 librum
677 3656 862 3699 suum
915 3642 1204 3715 recepit;
1255 3657 1416 3715 quae
1448 3656 1596 3701 vero
1645 3642 1927 3715 longiore

273 3739 657 3797 habitatione
706 3741 842 3813 ipse
890 3739 1117 3798 melius
1146 3754 1335 3813 quam
1371 3739 1581 3797 socius
1609 3754 1929 3812 cognove-

279 3844 396 3905 rat,
442 3837 681 3895 scilicet
725 3851 887 3910 quae
925 3838 1002 3894 ad
1052 3853 1230 3895 senes
1270 3838 1437 3895 circa
1489 3838 1925 3895 Alexandriam

276 3933 427 3993 etin
481 3934 674 3992 Nitria
724 3935 910 4008 eique
960 3934 1314 3993 conﬁnibus
1361 3934 1713 3993 habitantes
1742 3950 1929 4008 spec-

274 4037 430 4105 tant,
460 4046 574 4089 suo
606 4033 794 4090 Marte
824 4031 1174 4105 descripsit.
1210 4029 1324 4100 26
1357 4032 1531 4102 Quod
1580 4033 1631 4090 si
1677 4039 1929 4090 conten-

275 4130 506 4196 dimus,
566 4129 958 4188 necessitudo
1005 4130 1121 4187 ista
1167 4134 1229 4187 te
1284 4130 1556 4203 amplius
1610 4129 1929 4188 offendere

274 4229 515 4301 nequit.

358 4320 570 4400 Itaque
636 4326 1115 4397 necessitudine,
1178 4341 1342 4399 quae
1418 4327 1584 4385 libro
1654 4327 1929 4385 secundo

269 4425 741 4484 Rosweidianae
793 4424 1184 4483 collectionis
1234 4425 1563 4483 intercedit
1618 4439 1764 4483 cum
1828 4425 1929 4482 Hi-

2113 3254 2407 3326 Apparet,
2468 3252 2555 3308 uti
2610 3252 3038 3324 probavimus,
3104 3252 3390 3312 Ruﬁnum
3440 3256 3677 3315 librum

2030 3350 2373 3410 secundum
2436 3364 2558 3407 non
2617 3350 3061 3423 composuisse.
3137 3352 3253 3409 Sed
3327 3368 3497 3427 eum,
3558 3355 3674 3413 nisi

2032 3449 2091 3508 S.
2129 3449 2546 3520 Hieronymus
2596 3453 2656 3505 et
2701 3449 2949 3506 codices
2991 3448 3231 3522 antiqui
3283 3453 3540 3511 omnino
3572 3469 3680 3512 er—

2034 3546 2328 3613 raverint,
2363 3546 2579 3603 saltem
2614 3546 3022 3618 interpretem
3071 3547 3217 3605 libri
3262 3564 3397 3606 esse
3428 3566 3679 3610 necesse

2034 3649 2145 3703 est.
2184 3641 2292 3710 2'7
2333 3645 2530 3716 Atque
2560 3643 2792 3701 librum
2824 3645 3035 3712 istum,
3069 3647 3176 3718 qui
3210 3648 3272 3703 in
3302 3648 3670 3708 collectione

2032 3741 2342 3801 Rosweidi
2429 3741 2726 3799 idiomate
2816 3741 3007 3801 latino
3082 3749 3299 3811 exstat,
3382 3746 3676 3819 primitus

2034 3854 2252 3913 graece
2298 3839 2600 3912 scriptum
2648 3835 2859 3912 fuisse,
2914 3839 2965 3897 si
3011 3845 3211 3899 textus
3260 3844 3464 3916 graeci
3514 3846 3684 3919 frag-

2036 3942 2243 3995 menta
2285 3952 2320 3995 a
2370 3937 2674 3995 Cotelerio
2714 3938 2957 4010 vulgata
3012 3938 3098 4009 (7)
3151 3945 3257 3997 aut
3307 3941 3681 4016 fragmenta,

2035 4048 2193 4108 quae
2224 4034 2287 4091 in
2318 4034 2583 4091 Historia
2627 4034 2916 4092 Lausiaca
2972 4037 3352 4095 Meursianae
3384 4039 3681 4097 editionis

2034 4138 2279 4189 servata
2309 4137 2448 4189 sunt
2503 4130 2606 4198 (8),
2639 4132 3002 4203 contuleris,
3050 4132 3230 4190 facile
3261 4134 3373 4192 tibi
3424 4150 3683 4207 persua-

2037 4227 2236 4285 debis.
2272 4229 2483 4299 Itaque
2530 4227 2656 4284 iam
2688 4229 2764 4284 de
2820 4228 3182 4303 interprete,
3232 4245 3382 4288 num
3431 4232 3687 4290 Ruﬁnus

2036 4324 2117 4384 sit
2145 4341 2258 4383 nec
2283 4340 2382 4397 ne,
2415 4332 2699 4384 accurate
2731 4325 3075 4384 videamus.

2119 4423 2204 4481 Ac
2243 4423 2521 4496 primum
2559 4422 2841 4496 quidem,
2889 4425 3034 4496 quai
3069 4425 3133 4483 in
3185 4426 3351 4486 libro
3407 4428 3682 4488 secundo

272 4524 467 4582 storia
525 4523 816 4581 Lausiaca
867 4522 1155 4594 Palladii,
1202 4523 1361 4581 iuste
1414 4522 1743 4595 explicata,
1785 4537 1931 4581 con-
1961 4486 2008 4541 Β
2039 4486 2342 4579 Macarius
2401 4486 2873 4594 Alexandrinus,
2908 4486 3035 4595 lqui
3110 4524 3382 4584 Palladio
3435 4486 3684 4585 oculato

272 4620 499 4693 clusio,
572 4621 910 4692 scriptores
980 4621 1207 4679 horum
1284 4621 1595 4679 librorum
1666 4626 1930 4679 exeunte

274 4733 441 4777 anno
496 4720 609 4776 394
663 4718 866 4776 socios
918 4718 1163 4776 itineris
1216 4720 1280 4775 in
1352 4718 1661 4777 Thebaide
1712 4718 1927 4793 fuisse,

274 4831 403 4876 non
432 4818 753 4884 evertitur,
802 4817 910 4874 sed
941 4830 1319 4889 magnopere
1366 4816 1789 4875 conﬁrmatur.
1821 4817 1933 4875 Re-

351 5052 430 5125 (l)
487 5053 628 5109 Hist.
687 5052 867 5110 Laus.
918 5053 957 5107 l.
1008 5053 1047 5108 Ι.
1105 5054 1257 5125 Opp.
1307 5055 1518 5111 Meurs.
1558 5052 1678 5110 1.1.
1714 5069 1771 5124 p.
1805 5055 1935 5109 468-

276 5146 432 5303 ῃῗέ)
459 5233 563 5303 Ep.
593 5234 694 5287 l33
724 5230 801 5287 ad
833 5231 1094 5303 Ctesiph.

350 5320 431 5392 (3)
463 5320 633 5377 Initio
656 5319 836 5375 huius
865 5320 911 5392 §.

347 5411 428 5481 (4)
460 5409 599 5465 Hist.
635 5410 812 5464 Laus.
848 5425 987 5481 cap.
1016 5412 1135 5464 118.
1174 5412 1291 5466 119.

348 5499 430 5570 (5)
460 5498 571 5553 VV.
601 5498 705 5553 PP.
736 5500 927 5554 Rosw.
961 5498 1061 5553 lib.
1097 5498 1142 5553 II
1173 5514 1303 5571 cap.
1342 5498 1411 5552 28
1444 5512 1502 5569 p.
1527 5498 1651 5563 479,
1682 5501 1734 5550 2.

347 5586 662 5660 (6)Capita
710 5588 972 5660 practice
1000 5588 1076 5643 ad
1126 5587 1468 5644 Anatolium
1520 5590 1607 5643 93.
1660 5588 1748 5642 94.
1792 5584 1937 5643 Gal-
1999 5657 2012 5673 ⁸

244 5674 440 5745 ,land.
470 5676 621 5734 ann.
647 5677 756 5733 PP.
778 5678 838 5733 Τ.
871 5676 965 5733 vn
988 5692 1051 5749 p.
1079 5680 1209 5733 εδδ.

2038 4623 2190 4677 teste
2233 4618 2298 4676 in
2328 4618 2541 4677 Celliis
2592 4619 2743 4676 vixit
2774 4618 2879 4695 (9),
2933 4620 2997 4677 in
3041 4621 3214 4679 Scete
3245 4623 3555 4682 habitasse
3587 4624 3682 4682 di-

2038 4717 2202 4775 citur
2233 4714 2378 4793 (10),
2413 4731 2599 4775 nemo
2629 4716 2980 4785 inducatur,
3010 4724 3077 4776 ut
3101 4725 3347 4787 statuat,
3394 4721 3683 4780 Ruﬁnum

2037 4813 2448 4887 interpretem
2490 4828 2612 4872 non
2662 4828 2818 4883 esse,
2853 4817 3090 4890 quippe
3144 4818 3275 4889 qui,
3337 4820 3387 4876 si
3438 4820 3676 4888 fuisset,

2115 5051 2193 5122 (7)
2252 5051 2494 5107 Coteler.
2548 5052 2696 5107 Eccl.
2758 5052 2961 5108 Graec.
3020 5055 3174 5109 Mon.
3218 5056 3279 5112 T.
3328 5056 3397 5109 Ill
3444 5072 3501 5127 p.
3557 5062 3683 5112 171-

2000 5216 2012 5225 ,
2050 5140 2166 5194 184.
2199 5155 2340 5212 opp.
2376 5142 2586 5196 Meurs.
2619 5140 2658 5195 l.
2686 5140 2725 5196 l.
2759 5157 2821 5212 p.
2852 5145 2954 5196 639
2979 5159 3113 5213 sqq.

2116 5229 2194 5299 (8)
2221 5229 2399 5284 Multa
2428 5229 2590 5284 enim
2620 5229 2753 5284 libri
2796 5230 2968 5285 istius
3001 5234 3195 5304 capita
3225 5248 3436 5302 graece
3486 5235 3540 5289 in
3592 5236 3688 5289 Hi-

2045 5320 2218 5374 storia
2255 5319 2543 5374 Lausiaca
2570 5318 2705 5389 legi,
2736 5336 2921 5390 supra
2951 5320 3034 5392 (p.
3072 5322 3579 5392 23)ostendimus.

2116 5407 2191 5479 (9)
2222 5408 2365 5461 Hist.
2396 5408 2569 5463 Laus.
2597 5408 2691 5462 ed.
2724 5408 2932 5463 Meurs.
2968 5425 3101 5480 cap.
3156 5414 3215 5465 21
3263 5412 3413 5482 Opp.
3466 5414 3679 5468 Meurs.

2043 5496 2085 5552 l.
2117 5496 2154 5551 l.
2187 5512 2246 5567 p.
2279 5500 2402 5551 336.
2435 5495 2517 5550 Cf.
2550 5495 2705 5551 infra
2734 5498 2926 5566 Caput
2960 5497 3051 5552 lll.

2118 5586 2231 5659 (l0)
2256 5582 2375 5643 VV.
2396 5584 2505 5639 PP.
2535 5586 2731 5640 Rosw.
2758 5583 2860 5639 lib.
2893 5584 2942 5640 II
2973 5600 3105 5656 cap.
3133 5589 3195 5640 21
3227 5603 3289 5658 p.
3328 5587 3456 5651 481,
3489 5588 3543 5641 1.
