4092 6256
436 325 504 378 27
1296 318 1394 372 SS.
1438 316 1926 374 MACARIORUM
1972 309 2300 374 A'EGYPTll
2343 318 2429 374 ET
2465 317 2961 373 ALEXANDRINI
3777 314 3844 369 28

436 452 622 509 talem
655 462 957 512 errorem.
994 447 1143 519 quia
1167 461 1310 504 cum
1361 446 1646 503 Macariis
1699 448 1831 518 ipse
1881 461 2085 505 versa—
2115 447 2159 498 A
2272 447 2445 516 Quod
2504 448 2581 505 de
2614 445 2759 504 libri
2792 447 2968 504 istius
3014 447 3352 517 interprete
3384 444 3846 516 disputavimus

437 557 536 606 tus
587 552 700 615 est,
753 547 1145 603 correxisset.
1203 545 1354 601 Nam
1403 559 1583 602 error
1660 545 1749 602 illi
1798 546 2081 603 relationi

439 660 557 703 non
593 645 770 710 inest,
805 657 998 714 quum
1029 642 1327 698 Macarius
1379 641 1832 699 Alexandrinus
1861 643 2082 700 eodem

440 741 710 800 Palladio
741 747 893 797 teste
934 754 1053 796 non
1097 740 1158 795 in
1214 737 1424 796 Celliis
1454 742 1684 809 solum,
1740 741 1846 797 sed
1897 740 2086 797 inter-

439 841 588 896 dum
646 841 706 894 in
780 838 952 895 Scete
991 852 1242 908 quoque
1312 836 1630 902 habitarit,
1695 839 1802 894 ubi
1858 838 2082 895 cellam

439 933 798 1010 habuit(l).
859 935 1085 991 Deinde
1141 933 1414 998 Ruﬁnus,
1475 935 1615 991 licet
1669 935 1729 991 in
1781 936 2084 1006 interpre-

438 1034 639 1091 tandis
698 1032 874 1089 libris
927 1046 1170 1087 summa
1233 1047 1376 1088 cum
1439 1032 1724 1089 libertate
1776 1038 2081 1104 versetur,

437 1131 537 1188 vix
566 1144 840 1203 unquam
869 1135 1074 1187 tamen
1108 1135 1303 1185 artem
1334 1129 1614 1186 criticam
1651 1131 1738 1186 sic
1776 1131 2078 1199 exercuit,

438 1235 504 1287 ut
569 1230 943 1300 scriptorem
998 1226 1366 1283 emendarit.
1429 1227 1650 1295 Quare,
1713 1227 1763 1284 si
1817 1229 2085 1299 scriptor

437 1333 726 1392 errasset,
787 1325 849 1382 id
899 1340 930 1380 a
983 1323 1200 1382 Ruﬁno
1248 1330 1600 1381 correctum
1647 1340 1780 1382 esse
1834 1325 1933 1381 vix
1982 1340 2084 1382 ex—

436 1422 704 1496 spectari
738 1428 959 1494 posset.
1001 1421 1273 1492 Denique
1321 1437 1470 1478 num
1511 1423 1769 1480 omnino
1801 1422 2082 1493 Ruﬁnus,

438 1521 546 1592 qui
579 1522 638 1577 in
673 1534 917 1577 summa
947 1519 1050 1574 illa
1080 1533 1289 1575 rerum
1344 1520 1831 1589 perturbatione,
1889 1534 2082 1591 quum

440 1618 660 1675 Lucius
713 1616 1050 1674 monachos
1105 1615 1301 1671 eremi
1374 1616 1730 1688 exagitaret.
1788 1617 2086 1674 Macarios

439 1717 502 1773 in
534 1715 726 1772 Nitria
756 1713 1042 1770 convenit
1091 1711 1201 1788 (2'),
1263 1713 1338 1770 de
1382 1714 1765 1770 habitatione
1815 1715 2083 1786 singulo-

439 1828 576 1870 rum
642 1817 767 1868 tam
826 1816 1111 1868 accurate
1167 1810 1422 1867 edoctus
1468 1811 1674 1878 fuerit,
1743 1812 2082 1870 admodum

439 1915 637 1984 potest
667 1908 960 1966 dubitari.
999 1907 1181 1965 Istinc
1212 1907 1400 1979 igitur
1453 1909 1609 1966 nihil
1636 1911 1862 1976 obstat,
1917 1925 2084 1982 quo-

437 2009 644 2065 minus
670 2007 956 2065 Ruﬁnum
1008 2006 1153 2062 libri
1187 2006 1442 2062 secundi
1489 2008 1894 2078 interpretem
1951 2023 2084 2065 esse

439 2107 743 2164 dicamus.

520 2204 645 2260 Iam
678 2214 889 2274 porro,
941 2200 1109 2272 quod
1157 2200 1443 2257 Ruﬁnum
1491 2201 1898 2272 interpretem
1953 2217 2086 2259 esse

439 2301 809 2372 comprobet
853 2302 1100 2370 praeter
1133 2298 1188 2354 S.
1226 2298 1588 2368 Hieronymi
1645 2299 1836 2356 verba
1866 2305 1926 2356 et
1978 2314 2087 2356 co-

439 2401 650 2458 dicum
698 2395 1071 2464 testimonia,
1105 2396 1273 2452 audi.
1307 2393 1372 2451 ln
1401 2396 1563 2453 libro
1590 2397 1756 2452 enim
1788 2398 2082 2465 secundo,

438 2498 502 2556 in
533 2497 652 2553 ﬁne
697 2495 1123 2552 narrationum
1180 2493 1258 2549 de
1309 2493 1590 2549 Macariis
1645 2495 1852 2551 locum
1909 2495 2084 2567 legis,

440 2596 611 2668 quia
642 2593 889 2649 nemine
934 2591 1048 2646 nisi
1097 2605 1130 2646 a
1193 2587 1413 2646 Ruﬁno
1465 2592 1733 2663 scriptus
1781 2607 1915 2649 esse
1976 2608 2086 2664 po-

437 2696 574 2750 test.
614 2691 805 2747 Locus
836 2688 933 2745 hic
987 2690 1102 2763 28
1133 2693 1266 2744 est:
1305 2706 1334 2740 α
1369 2687 1483 2744 Sed
1513 2694 1573 2744 et
1626 2690 1840 2756 multa,
1887 2697 1952 2747 ut
1996 2691 2088 2748 di-

438 2791 666 2853 ximus,
702 2788 820 2843 alia
847 2786 923 2842 de
963 2784 1264 2857 operibus
1294 2785 1483 2841 sancti
1519 2787 1767 2844 Macarii
1823 2789 2086 2846 Alexan-

435 2887 601 2945 drini
637 2883 949 2941 mirabilia
1000 2883 1304 2953 feruntur,
1364 2898 1437 2939 ex
1495 2883 1725 2955 quibus
1785 2887 2085 2944 nonnulla

437 2986 502 3043 in
559 2982 634 3041 XI
698 2983 861 3039 libro
918 2979 1383 3038 Ecclesiasticae
1464 2981 1770 3039 Historiae
1828 2984 2080 3051 inserta,

439 3083 546 3156 qui
571 3080 853 3154 requirit,
911 3078 1178 3136 inveniet
1226 3074 1336 3153 (3).
1392 3097 1420 3132 ι)
1476 3079 1560 3135 En
1605 3085 1881 3151 apertam
1931 3082 2082 3140 alle-

437 3181 750 3255 gationem
802 3176 1298 3236 Continuationis
1351 3176 1657 3234 Historiae
1708 3178 2084 3238 Ecclesiasti-

426 3294 536 3337 cae
584 3278 857 3345 Eusebii,
911 3289 1097 3346 quam
1147 3275 1484 3344 scripserat
1537 3274 1808 3332 Ruﬁnus.
1865 3278 2081 3349 Neque

433 3390 582 3433 vero
611 3374 752 3431 talis
783 3372 1168 3445 parenthesis
1199 3386 1232 3425 a
1290 3371 1503 3428 Ruﬁno
1557 3373 1895 3445 interprete
1947 3383 2077 3432 tex-

429 3473 520 3530 tui
548 3472 787 3528 adiecta
812 3469 1105 3537 offendat,
1159 3481 1353 3538 quum
1386 3467 1637 3525 Ruﬁnus
1671 3470 1731 3525 in
1763 3471 2078 3542 interpre-

432 3570 636 3628 tandis
669 3567 847 3625 libris
896 3565 1164 3622 maxima
1195 3580 1337 3622 cum
1375 3565 1662 3623 libertate
1715 3569 1947 3624 versari
1985 3584 2079 3626 so-

431 3667 574 3725 leat.
613 3665 702 3724 Ad
730 3664 1267 3723 Continuationem
1301 3669 1506 3719 autem
1547 3662 1726 3720 istam
1761 3673 2074 3737 provocat,

431 3770 493 3822 in
524 3780 649 3838 qua
669 3765 1004 3836 scripserat
1033 3761 1110 3818 de
1142 3761 1408 3818 Macario
1441 3761 1719 3833 haecque
1755 3765 1943 3820 verba
1970 3765 2079 3820 ad-

428 3863 674 3920 diderat
723 3878 734 3917 :
803 3882 824 3912 ‹
862 3857 1094 3917 Verum
1140 3859 1190 3914 si
1243 3859 1635 3930 singulorum
1685 3859 2075 3919 mirabilium

430 3966 594 4034 gesta
655 3963 714 4036 [a
766 3958 1034 4015 Macario
1100 3953 1362 4033 scilicet]
1437 3957 1730 4028 prosequi
1786 3958 2076 4030 velimus,

427 4058 819 4117 excludimur
899 4073 929 4113 a
1013 4055 1332 4127 proposita
1408 4055 1732 4121 brevitate,
1807 4058 2078 4114 maxime

427 4172 570 4216 cum
618 4158 767 4213 haec
815 4153 1237 4212 narrationem
1296 4153 1536 4224 proprii
1593 4152 1823 4210 habere
1868 4156 2080 4226 operis

428 4261 783 4312 mereantur
807 4250 912 4327 (4).
957 4273 983 4304 υ
1027 4251 1114 4308 Ad
1146 4265 1217 4307 ea
1250 4250 1440 4320 igitur
1490 4250 1702 4317 verba,
1756 4251 1910 4322 quin
1973 4252 2080 4309 ille

426 4352 768 4410 locuslibri
805 4349 1058 4407 secundi
1119 4347 1434 4418 respiciat,
1501 4347 1775 4405 dubitari
1837 4349 2072 4421 nequit.

2194 545 2496 617 praefatio
2553 560 2804 617 quoque
2855 545 2998 601 libri
3034 543 3118 620 (5)
3176 546 3394 601 saltem
3454 544 3844 615 aliquatenus

2195 644 2611 714 comprobare
2641 644 2904 700 videtur.
2946 643 3111 711 Quae
3163 657 3380 714 graece
3413 642 3509 698 bis
3555 642 3839 706 habetur,

2195 748 2253 798 et
2285 742 2346 797 in
2405 761 2431 794 α
2487 741 2798 806 Paradiso,
2838 760 2861 792 ι
2899 741 3078 797 cuius
3119 741 3459 811 fragmenta
3501 739 3846 797 Cotelerius

2193 839 2390 896 edidit
2441 837 2551 914 (6),
2587 844 2646 894 et
2699 838 2763 894 in
2813 839 3025 910 priore
3082 837 3407 908 prooemio
3456 835 3843 894 Meursianae

2193 937 2485 993 editionis
2537 935 2839 993 Historiae
2897 935 3223 993 Lausiacae
3278 931 3386 1009 (7).
3449 937 3646 1006 Atque
3675 932 3845 990 edita

2197 1035 2465 1091 Paradisi
2499 1035 2862 1105 fragmenta,
2898 1034 3057 1090 inter
3084 1047 3244 1104 quae
3287 1033 3475 1089 etiam
3511 1029 3840 1103 praefatio,

2193 1133 2338 1189 satis
2369 1137 2651 1189 accurate
2693 1146 2836 1187 cum
2896 1131 3059 1187 libro
3108 1130 3382 1187 secundo
3441 1128 3839 1187 conveniunt.

2193 1233 2417 1289 Contra
2479 1244 2513 1285 a
2572 1229 2896 1300 prooemio
2946 1228 3066 1285 isto
3120 1228 3502 1285 Meursianae
3551 1225 3845 1283 editionis

2198 1327 2497 1400 praefatio
2528 1325 2799 1384 Paradisi
2833 1332 2893 1383 et
2941 1325 3084 1382 libri
3136 1325 3389 1383 secundi
3423 1325 3591 1382 hisce
3647 1322 3845 1396 gravi-

2196 1428 2312 1482 bus
2339 1425 2650 1496 capitibus
2680 1420 2908 1481 differt.
2961 1423 3076 1480 Ubi
3126 1422 3293 1480 enim
3324 1422 3596 1493 scriptor
3624 1435 3845 1492 prooe—

2199 1524 2306 1579 mii
2363 1537 2427 1579 se
2457 1530 2682 1595 rogatu
2735 1521 2906 1578 Lausi
2961 1520 3296 1593 praepositi
3357 1519 3682 1590 scripsisse
3733 1519 3842 1583 ait,

2196 1620 2284 1677 ibi
2311 1619 2722 1692 praefatioilla
2748 1617 3118 1689 scriptorem
3147 1637 3175 1669 α
3211 1618 3273 1673 in
3294 1617 3556 1688 gratiam
3581 1616 3845 1674 fratrum

2195 1719 2258 1775 in
2317 1723 2526 1774 monte
2585 1716 2801 1773 Oliveti
2889 1715 3421 1772 commanentium
3481 1734 3509 1768 »
3570 1714 3847 1770 scribere

2198 1813 2508 1889 perhibet.
2568 1815 2796 1871 Rursus
2851 1812 3160 1884 prooemii
3217 1811 3485 1883 scriptor
3536 1812 3729 1880 addit,
3783 1825 3848 1867 se

2195 1920 2255 1971 et
2301 1914 2378 1970 de
2411 1911 2787 1968 mulieribus
2819 1911 3159 1978 dicturum,
3210 1910 3380 1981 quod
3433 1915 3640 1967 autem
3671 1922 3849 1980 prae-

2197 2012 2344 2068 fatio
2375 2011 2588 2067 omisit
2621 2028 2634 2075 ;
2670 2023 2872 2080 neque
2926 2008 3089 2065 libro
3133 2008 3408 2065 secundo
3441 2009 3517 2065 de
3571 2007 3848 2064 mulieri-

2197 2110 2314 2166 bus
2367 2107 2710 2179 quidquam
2784 2106 3155 2163 continetur.
3231 2106 3519 2163 Ceterum
3610 2104 3850 2176 praefa-

2196 2205 2432 2262 tionem
2463 2204 2623 2260 inter
2653 2207 2713 2259 et
2779 2203 3170 2274 prooemium
3203 2199 3368 2258 istud
3421 2201 3704 2258 intimam
3740 2215 3844 2257 ne-

2197 2302 2570 2360 cessitudem
2631 2297 2746 2367 29
2823 2315 2977 2370 esse,
3063 2299 3126 2355 in
3207 2303 3424 2371 aperto
3501 2303 3612 2355 est.
3689 2296 3847 2366 Quid

2200 2398 2630 2472 igitur?Num
2690 2397 3084 2470 prooemium
3140 2397 3326 2460 istud,
3379 2411 3454 2453 an
3513 2396 3619 2453 illa
3673 2409 3850 2467 prae-

2200 2497 2348 2555 fatio
2376 2497 2470 2554 vel
2526 2496 2798 2554 Paradisi
2830 2496 2924 2552 vel
2960 2495 3105 2552 libri
3139 2492 3395 2551 secundi
3430 2493 3608 2565 prius
3661 2493 3846 2550 exsti-

2200 2596 2269 2652 ιὶι
2296 2594 2327 2654 ⁵2

2277 2693 2443 2761 Quae
2499 2707 2618 2759 res,
2683 2691 2802 2748 nisi
2885 2692 3041 2750 forte
3113 2691 3438 2749 codicibus
3511 2688 3848 2761 aliquando

2197 2792 2588 2855 decernatur,
2649 2790 2724 2846 ad
2781 2788 3090 2861 liquidum
3146 2792 3249 2846 vix
3326 2789 3727 2861 perducetur.
3786 2785 3846 2842 Si

2198 2904 2344 2946 vero
2394 2887 2768 2945 coniecturis
2820 2889 2908 2945 uti
2968 2888 3132 2955 licet.
3200 2886 3596 2957 prooemium
3652 2888 3848 2940 aetate

2198 2986 2372 3060 prius
2423 3001 2556 3043 esse
2604 2985 2856 3042 dixeris.
2921 2985 3031 3041 Vix
3087 2987 3256 3042 enim
3316 2983 3648 3056 quisquam
3709 2980 3848 3038 loco

2195 3084 2534 3140 verborum
2580 3100 2591 3137 :
2647 3078 2856 3137 librum
2912 3079 2972 3137 in
3016 3079 3269 3156 gratiam
3334 3076 3735 3136 monachorum.
3790 3076 3846 3134 in

2194 3186 2373 3238 monte
2425 3177 2627 3237 Olz'veti
2676 3183 3145 3235 commanentz'um
3175 3180 3448 3254 scriptum
3493 3195 3625 3242 esse,
3657 3177 3843 3235 dedi-

2192 3280 2499 3337 cationem
2549 3280 2622 3334 ad
2677 3277 2939 3334 Lausum
2997 3281 3203 3348 ponet,
3285 3284 3389 3332 aut
3448 3275 3681 3332 librum
3763 3275 3841 3331 de

2193 3377 2565 3434 mulieribus
2612 3389 2864 3446 quoque
2897 3380 3293 3431 narraturum
3350 3389 3482 3430 esse
3531 3373 3684 3429 falso
3729 3372 3838 3428 ad-

2190 3475 2313 3541 det,
2351 3473 2467 3529 nisi
2524 3478 2591 3528 ut
2648 3473 2738 3529 sic
2792 3486 2947 3529 nova
3008 3473 3308 3543 praefatio
3373 3471 3654 3543 prorleat,
3717 3484 3840 3541 qua

2189 3571 2294 3628 alii
2326 3570 2601 3641 cuipiam
2636 3570 2798 3627 libro
2831 3569 3168 3640 praefetur.
3209 3570 3334 3625 iam
3367 3583 3517 3626 vero
3570 3567 3838 3624 Historia

2189 3669 2478 3725 Lausiaca
2558 3666 2898 3739 genuinum
2980 3667 3400 3737 prooemium,
3472 3679 3598 3737 quo
3679 3663 3840 3720 liber

2190 3766 2384 3825 Lauso
2414 3765 2760 3831 dedicatur,
2817 3766 3027 3822 habet.
3069 3765 3269 3833 Quare
3316 3778 3522 3829 nemo,
3582 3767 3646 3819 ut
3693 3763 3840 3818 alte-

2191 3879 2330 3921 rum
2362 3878 2504 3921 cum
2537 3865 2725 3920 altera
2777 3862 2850 3919 ad
2900 3861 3162 3919 Lausum
3195 3861 3584 3918 dedicatione
3642 3859 3838 3916 fabri-

2189 3966 2358 4019 caret
2387 3968 2446 4018 et
2493 3961 2767 4027 adderet,
2813 3959 3106 4032 compelli
3143 3959 3365 4030 potuit.
3427 3960 3637 4030 Neque
3681 3956 3840 4012 alius

2190 4060 2373 4131 liber,
2423 4060 2523 4116 cui
2559 4059 2702 4115 libri
2749 4058 3002 4116 secundi
3037 4056 3336 4129 praefatio
3366 4057 3456 4113 sic
3504 4056 3839 4127 depravata

2191 4158 2445 4230 praeﬁgi
2497 4157 2789 4228 potuerit,
2833 4156 3246 4227 cognoscitur.
3307 4153 3476 4211 UnJe
3509 4150 3839 4221 praefatio-

2189 4269 2332 4312 nem
2365 4255 2543 4312 istam
2570 4254 2679 4312 illo
2729 4253 3057 4326 prooemio
3109 4258 3308 4310 aetate
3368 4251 3646 4323 priorem
3705 4264 3838 4306 esse

2190 4367 2411 4425 parum
2436 4351 2776 4409 verisimile
2806 4358 2925 4409 est.

428 4450 658 4522 Neque»
712 4461 906 4519 (illum
958 4444 1325 4515 scripserit:
1365 4462 1394 4495 α
1445 4449 1512 4499 ut
1555 4445 1849 4512 diximus,
1890 4468 1915 4496 »
1968 4447 2078 4504 du-
2113 4481 2153 4534 υ
2267 4451 2658 4522 Quapropter
2716 4451 2865 4507 haec
2941 4449 3344 4506 coniecerim.
3402 4447 3556 4505 Cum
3639 4443 3836 4502 multa

427 4547 712 4605 bitationi
755 4548 927 4604 locus
975 4541 1376 4615 relinquitur,
1424 4541 1710 4600 Ruﬁnum
1757 4549 1821 4600 ut
1868 4541 2081 4602 Conti-

426 4645 760 4712 nuationis,
797 4644 879 4700 ita
920 4647 979 4699 et
1021 4641 1192 4698 illius
1245 4639 1363 4697 loci
1423 4639 1576 4696 libri
1635 4641 1890 4698 secundi
1947 4657 2080 4700 esse

426 4743 822 4815 scriptorem,
858 4741 1055 4812 ipsius
1113 4742 1321 4794 autem
1367 4736 1510 4794 libri
1557 4738 1812 4795 secundi
1846 4739 1895 4794 si
1956 4754 2080 4798 non

426 4841 825 4913 scriptorem,
860 4845 1064 4896 tamen
1097 4836 1524 4908 interpretem.

501 5071 578 5143 (l)
617 5071 757 5134 Hist,
793 5069 966 5123 Laus.
995 5067 1031 5121 l.
1071 5069 1107 5119 l.
1132 5081 1190 5136 p.
1224 5063 1346 5119 408.

500 5161 577 5232 (2)
607 5159 797 5214 Ruﬁni
841 5160 979 5212 Hist.
1017 5154 1166 5209 Eccl.
1221 5154 1321 5207 lib.
1373 5155 1415 5206 ll
1447 5167 1581 5222 cap.
1607 5156 1666 5206 ’4
1697 5153 1790 5206 ed.
1826 5154 1994 5208 Basil.
2032 5154 2078 5210 Ι.

429 5266 483 5322 p.
515 5250 640 5312 212,
675 5248 767 5301 ed.
800 5245 1042 5299 Vallarsi
1069 5261 1125 5314 p.
1158 5247 1244 5305 27,
1271 5244 1452 5313 Migne
1486 5241 1522 5294 l.
1552 5242 1587 5294 Ι.
1624 5257 1680 5311 p.
1726 5246 1845 5295 5H.

501 5342 581 5410 (3)
613 5340 714 5392 VV.
742 5337 844 5391 PP.
883 5339 1074 5389 Rosw.
1116 5332 1221 5387 lib.
1259 5333 1298 5385 ll
1325 5348 1456 5402 cap.
1488 5335 1554 5385 29
1583 5347 1638 5401 p.
1664 5334 1785 5400 482,
1816 5336 1867 5385 2.

502 5429 578 5499 (4)
608 5428 800 5480 Rufin.
835 5426 973 5479 Hist.
1010 5422 1159 5477 Eccl.
1190 5422 1292 5476 lib.
1326 5422 1367 5475 ιι
1399 5437 1534 5492 cap.
1570 5423 1623 5484 4,
1659 5421 1696 5474 1.
1730 5419 1767 5473 1.

501 5521 574 5588 (5)
611 5517 723 5570 VV.
757 5518 856 5569 PP.
894 5517 1079 5569 Rosw.
1108 5529 1165 5583 p.
1204 5515 1328 5565 548.

501 5611 572 5680 (6)
602 5605 754 5661 Eccl.
805 5620 1001 5675 graec.
1050 5604 1202 5658 Mon.
1251 5601 1288 5653 l.
1339 5602 1418 5665 l.;
1471 5600 1623 5669 Opp.
1675 5598 1888 5653 Meurs.
1936 5599 1977 5654 l.
2033 5600 2077 5658 Ι.

428 5713 489 5776 p.
522 5697 624 5755 639
646 5709 779 5769 sqq.

2189 4547 2552 4620 signiﬁcent,
2619 4547 2813 4604 Lauso
2865 4546 3218 4603 dedicatum
3265 4549 3325 4601 et
3382 4542 3724 4600 Heraclidis
3767 4541 3840 4598 li-

2191 4647 2376 4703 brum
2423 4645 2610 4701 fuisse
2667 4646 2778 4719 (8),
2845 4643 3019 4714 quid,
3081 4644 3129 4699 si
3191 4641 3588 4714 prooemium
3647 4639 3835 4711 istud,

2189 4743 2357 4815 quod
2405 4742 2479 4798 ad
2538 4742 2869 4798 Historiam
2931 4739 3282 4798 Lausiacam
3342 4754 3465 4796 non
3523 4738 3837 4809 pertinere

2189 4856 2380 4914 supra
2447 4840 2853 4906 ostendimus,
2938 4852 3156 4910 reapse
3253 4836 3396 4894 libri
3495 4835 3838 4894 Heraclidis

2263 5068 2337 5136 (Τ)
2367 5068 2516 5136 Opp.
2549 5068 2754 5120 Meurs.
2781 5065 2819 5119 l.
2847 5065 2885 5120 l.
2911 5081 2971 5136 p.
3004 5069 3104 5120 333
3131 5080 3267 5136 sqq.

2262 5156 2337 5224 (8)
2377 5154 2740 5208 Heraclidem
2787 5154 3008 5208 librum
3059 5153 3131 5207 de
3188 5155 3321 5206 vitis
3371 5158 3606 5222 patrum
3652 5153 3836 5203 Lauso

2189 5243 2531 5297 dedicatum
2547 5242 2854 5312 scripsisse
2875 5259 3009 5296 cum
3024 5242 3332 5295 codicibus
3350 5238 3660 5301 Vaticanis,
3681 5253 3835 5308 quos

2190 5348 2371 5403 supra
2393 5331 2819 5395 recensuimus,
2856 5338 2980 5385 tum
3014 5347 3082 5386 eo
3111 5332 3412 5400 probatur,
3436 5327 3601 5399 quod
3631 5327 3689 5379 in
3717 5326 3835 5379 ﬁne

2191 5428 2246 5476 et
2274 5421 2400 5474 libri
2432 5436 2466 5474 a
2498 5420 2810 5475 Rosweido
2844 5421 2955 5474 sub
2991 5419 3313 5474 Heraclidis
3343 5418 3584 5472 nomine
3616 5415 3752 5467 editi
3781 5418 3837 5467 et

2188 5509 2472 5564 Historiae
2505 5510 2825 5565 Lausiacae
2869 5525 2904 5562 a
2936 5509 3179 5564 Meursio
3211 5508 3402 5560 editae
3433 5504 3724 5572 Epilogus
3754 5501 3835 5555 ad

2189 5601 2450 5655 Lausum
2493 5605 2700 5662 exstat,
2757 5601 2858 5670 qui
2903 5598 3214 5653 codicibus
3262 5589 3830 5648 Vindobonensibus

2187 5688 2437 5746 testibus
2449 5688 2528 5746 ad
2558 5688 2881 5746 Historiam
2905 5684 3264 5745 Lausiacam
3291 5697 3413 5738 non
3440 5679 3714 5752 pertinet.
3741 5677 3830 5736 Cf.
