4092 6256
219 287 286 342 29
1812 283 2019 338 VITAE
2031 326 2042 337 .
3563 287 3633 340 30

222 413 641 487 prooemium,
692 412 1034 471 Heraclidis
1075 427 1224 471 vero
1274 413 1453 470 illum
1505 412 1863 468 habendum
1905 411 1951 463 Α
1983 410 2404 469 venerabilem
2457 412 2660 468 virum
2703 411 2830 468 Hor
2886 412 3137 469 nomine
3198 410 3307 489 (4).
3342 433 3371 467 »
3424 415 3634 486 Itaque

225 525 356 568 esse
411 510 647 566 librum
697 509 1002 579 dicamus,
1046 524 1173 581 quo
1229 508 1391 568 liber
1447 509 1758 567 secundus
1811 513 1873 565 et

223 608 492 666 Historia
522 607 809 665 Lausiaca
839 607 1188 664 innituntur
1217 605 1247 665 7

305 703 421 773 30
448 705 624 774 Quod
665 706 716 762 si
750 705 990 773 statuis,
1025 699 1422 762 difﬁcultates
1449 719 1668 763 omnes
1696 704 1872 761 facile

225 804 638 876 explicantur.
735 802 1093 859 Heraclides
1189 802 1381 869 enim,
1478 803 1729 861 Ruﬁnus
1815 805 1876 859 et

224 900 537 960 Palladius
592 900 778 957 amici
834 907 892 956 et
944 900 1434 971 Origenistarum
1491 901 1684 957 duces
1742 900 1877 958 fue-

225 1003 369 1054 runt
440 994 552 1073 (1).
618 995 876 1053 Ruﬁnus
951 997 1014 1052 in
1088 1003 1298 1054 monte
1363 997 1578 1054 Oliveti
1653 997 1874 1055 cellam

225 1096 484 1166 habens,
534 1099 602 1152 ut
659 1094 920 1152 Meliana
977 1095 1182 1152 coetui
1225 1095 1560 1168 virginum,
1615 1096 1700 1153 ita
1745 1095 1876 1168 ipse

225 1192 685 1264 congregationi
759 1193 1208 1249 monachorum
1284 1193 1552 1265 praefuit
1626 1191 1741 1268 (2).
1829 1192 1878 1248 A

229 1290 460 1363 quibus
489 1293 556 1347 ut
586 1288 823 1347 librum
868 1290 944 1346 de
975 1291 1230 1347 senibus
1267 1295 1672 1364 componeret
1703 1305 1878 1363 roga-

229 1393 350 1460 tus,
397 1402 473 1443 ex
511 1387 854 1445 Heraclidis
902 1388 1088 1444 amici
1137 1388 1303 1446 libro
1353 1403 1513 1462 quae
1558 1389 1679 1447 sibi
1739 1388 1877 1446 usui

230 1487 408 1541 erant
456 1485 764 1555 congessit
814 1489 872 1540 et
917 1498 1030 1542 ore
1077 1487 1268 1542 latino
1320 1486 1535 1544 edidit.
1595 1487 1882 1558 Opuscu-

230 1582 387 1655 lum,
452 1581 621 1653 quod
675 1583 766 1639 sic
823 1584 1214 1653 nascebatur,
1277 1585 1600 1642 monachis
1661 1584 1880 1641 Oliveti

1983 509 2253 581 scriptor
2313 509 2498 566 huius
2557 509 2779 580 capitis
2833 507 2979 565 libri
3030 510 3286 568 secundi
3343 512 3632 568 abbatem

1983 606 2160 676 vidit,
2242 621 2431 679 quem
2516 606 2822 663 Palladius
2897 621 3018 663 non
3097 608 3368 679 amplius
3448 607 3628 664 vidit.

1984 705 2348 776 Quanquam
2387 719 2532 761 eum
2592 718 2713 761 una
2756 719 2898 761 cum
2946 707 3253 776 scriptore
3298 706 3416 763 isto
3459 720 3638 764 senes

1985 803 2320 860 Thebaidis
2369 801 2650 859 invisisse
2705 816 2894 873 supra
2942 803 3352 862 ostendimus.
3416 805 3638 861 Fateor

1985 901 2175 958 huius
2231 900 2489 971 quidem
2550 899 2933 956 difﬁcultatis
2989 900 3396 972 explicandae
3465 902 3638 958 varia

1987 1013 2133 1056 sane
2169 1011 2394 1069 genera
2423 995 2761 1067 excogitari
2787 993 2896 1062 31
2934 1012 3134 1069 posse.
3174 998 3291 1055 Sed
3323 999 3469 1071 quia
3517 999 3638 1056 Me-

1989 1096 2151 1154 lania
2180 1096 2258 1152 Or
2290 1095 2578 1152 abbatem
2612 1094 2787 1162 adiit,
2817 1095 2893 1151 de
2939 1109 3065 1165 quo
3090 1095 3320 1152 eximia
3367 1097 3640 1155 Palladio

1990 1194 2283 1256 narravit,
2359 1191 2819 1250 verisimillima
2876 1193 3210 1264 explicatio
3282 1194 3434 1251 haec
3509 1208 3643 1252 esse

1990 1291 2258 1360 videtur,
2312 1289 2600 1347 Ruﬁnum
2645 1304 2768 1346 una
2819 1304 2962 1347 cum
3008 1290 3267 1347 Melania
3311 1291 3388 1347 ad
3439 1292 3641 1349 abba-

1991 1394 2114 1446 tem
2147 1388 2226 1445 Or
2256 1402 2389 1444 esse
2439 1385 2814 1459 profectum,
2870 1392 3053 1459 atque
3101 1388 3162 1444 in
3203 1388 3639 1459 componendo

1993 1486 2158 1544 libro
2188 1484 2463 1542 secundo
2497 1485 2605 1541 illa
2651 1485 2727 1541 de
2765 1485 2882 1542 hoc
2913 1499 3059 1542 sene
3095 1500 3210 1542 suo
3255 1487 3444 1543 Marte
3474 1486 3647 1543 addi-

1993 1585 2184 1642 disse.
2247 1584 2371 1640 lam
2431 1596 2580 1640 vero
2639 1582 2858 1640 eadem
2914 1582 2991 1638 de
3049 1582 3276 1641 abbate
3341 1583 3638 1653 narratio,

230 1681 577 1751 inscripsit.
622 1684 828 1752 atque,
878 1681 1024 1752 quia
1067 1682 1354 1738 monachi
1389 1683 1726 1739 muliebria
1759 1697 1882 1739 non
1994 1696 2155 1754 quae
2221 1680 2408 1738 latine
2467 1679 2528 1736 in
2596 1679 2758 1737 libro
2817 1680 3090 1736 secundo
3145 1686 3362 1747 exstat,
3425 1694 3646 1752 graece

233 1783 477 1843 curant,
538 1791 699 1848 quae
753 1777 1112 1834 Heraclides
1165 1778 1241 1834 de
1275 1779 1650 1836 mulieribus
1696 1780 1885 1836 habe-
1927 1754 1964 1807 Β
1997 1793 2248 1851 quoque
2291 1782 2531 1834 servata
2579 1782 2670 1833 est
2721 1777 2883 1832 inter
2936 1777 3242 1848 quaedam
3302 1777 3646 1849 fragmenta

234 1876 361 1940 bat,
417 1874 651 1933 omisit.
711 1876 756 1932 E
808 1877 1065 1933 senibus
1119 1879 1458 1948 praecipue
1513 1878 1888 1948 Origenistas

231 1973 456 2039 attulit,
517 1979 908 2046 quapropter
981 1975 1045 2031 in
1094 1974 1153 2031 S.
1217 1976 1576 2047 Hieronymi
1637 1990 1889 2034 accusa-

232 2070 469 2127 tionem
540 2068 830 2140 incurrit,
893 2071 1003 2143 qui
1069 2072 1381 2144 Ruﬁnum,
1442 2087 1637 2145 quum
1710 2073 1887 2145 quasi

237 2181 434 2225 novus
463 2167 625 2225 liber
661 2169 746 2226 ita
774 2169 1079 2242 prodiret,
1121 2177 1443 2228 auctorem
1493 2172 1702 2228 dicere
1752 2170 1891 2228 iure

242 2265 454 2337 aliquo
499 2268 722 2337 potuit.
769 2268 890 2323 Nec
931 2281 1054 2324 non
1086 2269 1441 2326 istiusmodi
1487 2269 1893 2339 compositio-

243 2364 340 2421 nis
374 2364 631 2435 vestigia
661 2364 822 2421 liber
868 2367 1174 2423 secundus
1224 2367 1616 2438 aliquantum
1649 2381 1800 2438 prae
1829 2382 1894 2426 se

247 2461 410 2518 ferre
433 2462 707 2518 videtur.
1005 2535 1007 2539 ι

332 2558 448 2615 Isto
496 2557 686 2629 igitur
736 2559 926 2617 modo
969 2559 1362 2618 difﬁcultates
1412 2562 1590 2619 facile
1648 2566 1898 2620 solvun-

253 2663 378 2714 tur.
422 2655 540 2712 Sed
580 2656 630 2712 si
661 2656 766 2713 illa
794 2659 1103 2728 posueris,
1164 2660 1361 2716 Ruﬁni
1403 2661 1638 2717 librum
1683 2667 1748 2717 ut
1787 2675 1897 2719 ore

248 2754 440 2811 latino
466 2754 550 2811 ita
581 2759 642 2812 et
681 2768 903 2827 graeco
942 2757 1220 2814 extitisse
1253 2762 1502 2815 statues.
1546 2759 1722 2826 Quod
1753 2773 1895 2816 cum

247 2851 586 2924 fragmenta
683 2853 974 2911 Cotelerii
1068 2856 1428 2929 postulant,
1529 2861 1660 2914 tum
1750 2856 1897 2914 libri

241 2950 496 3007 secundi
557 2951 834 3008 narratio
899 2951 976 3008 de
1046 2951 1127 3009 Or
1192 2953 1418 3010 abbate
1476 2955 1898 3025 comprobare

241 3048 507 3105 videtur.
569 3046 669 3105 Sic
723 3049 893 3106 enim
954 3049 1264 3107 Palladius
1323 3051 1400 3108 de
1459 3067 1534 3110 eo
1592 3053 1892 3124 scripsit:

247 3167 270 3196 α
319 3148 536 3218 Magno
605 3147 751 3203 huic
810 3153 1022 3204 sancto
1083 3162 1197 3205 suo
1257 3150 1615 3208 testimonio
1676 3123 1969 3208 tribuitC

233 3243 531 3301 virtutem
563 3246 855 3301 universa
900 3245 1282 3319 fraternitas,
1317 3248 1655 3319 praecipue
1686 3254 1894 3305 autem

233 3341 466 3398 ancilla
509 3339 618 3398 Dei
669 3341 955 3415 Melania,
997 3358 1157 3414 quae
1205 3345 1369 3401 hunc
1420 3353 1695 3403 montem
1754 3349 1895 3402 ante

233 3453 341 3495 me
390 3444 482 3496 est
539 3439 835 3511 ingressa.
897 3439 1020 3511 Ego
1064 3442 1234 3498 enim
1282 3457 1428 3499 eum
1488 3458 1611 3500 non
1661 3443 1892 3501 offendi

231 3537 449 3594 vivum
496 3534 606 3613 (3).
658 3558 687 3589 »
739 3538 902 3612 Ergo
944 3539 1024 3596 Or
1054 3540 1248 3597 abbas
1295 3547 1580 3598 mortuus
1611 3541 1750 3611 fuit,
1785 3556 1892 3598 an-

226 3641 487 3707 tequam
537 3635 845 3693 Palladius
893 3649 1073 3693 senes
1120 3637 1454 3695 Thebaidis
1500 3639 1673 3696 adiit.
1713 3639 1896 3696 Liber

224 3747 384 3792 vero
422 3734 734 3792 secundus
797 3733 977 3806 longa
1043 3736 1239 3793 utitur
1297 3737 1677 3802 narratione,
1733 3751 1894 3809 quae

220 3831 488 3903 incipit:
549 3852 578 3883 «
627 3832 909 3890 Vidimus
958 3839 1019 3890 et
1048 3833 1244 3890 alium
1293 3833 1460 3905 apud
1504 3835 1888 3892 Thebaidem

216 3978 507 4034 Palladii
525 3978 850 4033 Historiam
883 3978 1229 4034 Lausiacam
1260 3981 1340 4034 ad
1370 3980 1584 4035 codicis
1625 3980 1896 4036 Vindobo-

217 4067 432 4123 nensis
442 4067 615 4133 ﬁdem
652 4067 901 4121 breviter
918 4067 1298 4133 delineatam,
1321 4068 1474 4122 infra
1493 4069 1632 4122 huic
1650 4077 1897 4124 nostrae

215 4157 474 4211 editioni
505 4157 794 4210 Historiae
824 4157 1154 4211 Lausiacae
1185 4158 1613 4227 praepositam.
1647 4159 1897 4213 Delibro

213 4261 448 4317 graeco
480 4246 558 4299 ab
593 4245 848 4300 Historia
874 4245 1161 4300 Lausiaca
1188 4246 1444 4310 diverso,
1477 4248 1582 4318 qui
1610 4248 1898 4303 Cotelerio

215 4342 276 4389 et
313 4337 515 4390 Caveo
561 4335 806 4388 testibus
849 4334 910 4387 in
952 4334 1266 4388 codicibus
1302 4350 1450 4388 mss.
1497 4336 1610 4390 sub
1650 4337 1899 4391 nomine

1998 1893 2032 1935 a
2054 1876 2359 1935 Cotelerio
2391 1876 2556 1932 edita
2610 1882 2670 1932 et
2703 1875 2766 1931 in
2808 1875 3152 1932 Meursiana
3188 1876 3465 1933 editione
3493 1876 3648 1934 Lau-

1999 1976 2199 2032 siacae
2232 1971 2350 2050 (5).
2401 1973 2595 2044 Unde,
2655 1987 2800 2029 cum
2846 1977 2907 2028 et
2938 1973 3057 2030 alia
3109 1987 3331 2045 graeca
3362 1972 3512 2030 libri
3546 1989 3651 2030 se—

1999 2073 2186 2132 cundi
2217 2071 2563 2143 fragmenta
2614 2070 3046 2140 inveniantur,
3075 2084 3220 2127 eum
3262 2070 3496 2128 librum
3526 2072 3656 2129 exi-

2001 2171 2286 2229 stimabis
2341 2175 2402 2226 et
2428 2169 2615 2226 latine
2659 2174 2719 2226 et
2757 2183 2975 2239 graece
3028 2168 3356 2238 exstitisse,
3388 2175 3457 2227 ut
3509 2169 3648 2227 usui

2001 2282 2367 2342 graecorum
2401 2281 2470 2325 ac
2503 2267 2840 2323 latinorum
2861 2265 3312 2324 monachorum
3352 2266 3656 2325 inservire

2005 2371 2230 2440 posset.
2268 2366 2501 2422 Nomen
2534 2362 2804 2420 Paradisi
2836 2377 3057 2434 graeco
3096 2363 3442 2434 exemplari
3494 2363 3657 2421 indi-

2004 2470 2138 2521 tum
2193 2463 2339 2520 inde
2393 2461 2766 2532 explicatur,
2838 2459 3007 2532 quod
3063 2460 3415 2518 Heraclidis
3464 2460 3654 2534 liber,

2006 2562 2185 2620 cuius
2215 2574 2359 2631 pars
2389 2565 2545 2625 erat,
2585 2557 2912 2615 Paradisus
2945 2557 3284 2629 inscriptus
3312 2558 3450 2615 fuit.

2091 2661 2288 2730 Atque
2319 2658 2470 2713 haec
2499 2654 2892 2712 existimatio
2920 2661 3154 2726 nostra,
3189 2654 3662 2712 Rosweidianae

2010 2758 2123 2815 VV.
2179 2757 2280 2812 PP.
2338 2753 2730 2812 collectionis
2780 2752 3013 2810 librum
3072 2753 3416 2810 secundum
3473 2753 3660 2810 etiam

2009 2868 2228 2929 graece
2271 2852 2567 2922 extitisse,
2620 2850 2907 2908 codicum
2955 2849 3076 2908 ﬁde
3125 2851 3370 2923 egregie
3422 2850 3659 2922 proba-

2008 2959 2129 3011 tur.
2191 2951 2399 3022 Nuper
2453 2949 2621 3007 enim
2679 2947 3138 3005 Montefalconii
3215 2947 3661 3005 bibliothecam

2010 3049 2450 3109 Coislinianam
2475 3045 2690 3115 (Paris.
2732 3047 2880 3101 1715
2911 3044 3047 3115 fol.)
3075 3046 3512 3117 envolvens,p.
3555 3047 3662 3103 138

2010 3149 2280 3206 indicem
2309 3145 2537 3204 offendi
2566 3144 2713 3200 libri
2746 3141 2976 3216 graeci,
3012 3143 3120 3215 qui
3153 3143 3368 3200 codice
3415 3158 3665 3202 LXXXIII

2007 3246 2236 3305 saeculi
2293 3243 2544 3302 circiter
2597 3258 2637 3298 x
2690 3241 3112 3308 continuetur,
3161 3240 3447 3313 inscripti
3496 3238 3655 3298 :’Is-

2006 3344 2291 3416 ρωνύμον
2322 3340 2350 3396 ἡ
2387 3336 2876 3408 κατ-Ἀἴγυπτον
2907 3344 3342 3408 τῶνμοναχών
3375 3337 3652 3408 ἱστορία,

2005 3443 2183 3502 cuius
2209 3442 2413 3512 capita
2442 3454 2586 3496 cum
2617 3439 2782 3497 libro
2813 3438 3083 3496 secundo
3115 3438 3371 3495 omnino
3395 3435 3477 3495 ita
3510 3451 3656 3494 con-

2004 3542 2240 3606 cinunt,
2288 3544 2356 3596 ut
2381 3536 2586 3595 omnis
2615 3537 2923 3594 dubitatio
2959 3536 3233 3594 tollatur.
3279 3535 3342 3592 Id
3375 3534 3544 3607 quod
3570 3533 3649 3599 ei,

2004 3640 2114 3711 qui
2146 3652 2279 3694 rem
2307 3636 2658 3694 accuratius
2689 3634 3157 3699 examinaverit,
3193 3633 3454 3704 planeap
3479 3645 3656 3704 pare-

2007 3737 2098 3794 bit
2123 3734 2233 3809 (6).
2260 3735 2318 3792 S.
2346 3733 2730 3804 Hieronymo
2757 3733 2920 3788 hunc
2938 3731 3170 3788 librum
3192 3730 3344 3788 falso
3367 3728 3651 3793 attribui,

2005 3848 2130 3892 non
2155 3838 2247 3891 est
2274 3831 2443 3904 quod
2473 3831 2765 3902 pluribus
2791 3829 3021 3886 dicam.

2080 3982 2152 4052 (2)
2191 3981 2327 4035 Hist.
2356 3980 2528 4034 Laus.
2556 3977 2651 4033 ed.
2701 3979 2907 4032 Meurs.
2942 3992 3073 4047 cap.
3107 3978 3210 4033 118
3254 3978 3405 4046 Opp.
3446 3976 3654 4029 Meurs.

2007 4070 2045 4126 l.
2078 4070 2118 4124 l.
2150 4087 2208 4139 p.
2244 4068 2364 4124 596.
2399 4068 2587 4121 Rufin.
2644 4065 2810 4134 Apol.
2849 4063 3186 4135 [lnvectiva]
3220 4065 3274 4118 in
3322 4067 3377 4117 S.
3413 4063 3654 4117 Hieron.

2009 4159 2110 4214 lib.
2129 4159 2172 4212 ll
2197 4174 2328 4226 cap.
2353 4160 2404 4222 8,
2423 4157 2573 4225 Opp.
2599 4153 2957 4208 ed.Vallarsi
2983 4169 3034 4222 p.
3061 4153 3408 4220 363,Migne,
3437 4151 3652 4205 Patro].

2007 4250 2068 4304 T.
2122 4247 2230 4301 XXI
2283 4261 2340 4316 p.
2393 4247 2515 4306 591,
2576 4245 2629 4296 S.
2666 4242 3070 4312 Hieron.0pp.
3105 4242 3199 4295 ed.
3235 4240 3448 4295 Bened.
3476 4241 3535 4294 T.
3569 4241 3654 4294 IV.

2011 4352 2070 4409 p.
2098 4337 2225 4391 420.

214 4421 560 4479 Heraclidis
586 4429 798 4486 exstat,
837 4438 958 4477 non
991 4424 1135 4478 satis
1164 4429 1539 4495 compertum
1569 4426 1898 4481 habemus.
1931 4473 1977 4526 Β
2081 4426 2163 4496 (3)
2191 4425 2327 4479 Hist.
2361 4423 2538 4478 Laus.
2569 4422 2671 4477 ed.
2939 4435 3072 4489 cap.
3111 4422 3193 4484 11,
3221 4420 3258 4474 l.
3288 4419 3334 4474 l.
3371 4433 3428 4488 p.
3458 4416 3583 4471 369.

211 4514 588 4570 Trithemius
609 4513 668 4567 in
690 4512 843 4568 libro
862 4514 935 4568 de
961 4513 1196 4584 Scriptt.
1225 4511 1378 4568 Eccl.
1404 4529 1464 4566 :«
1482 4514 1820 4569 Heraclides
1836 4557 1850 4581 ,
1872 4537 1900 4568 »

209 4602 454 4674 inquit,
492 4620 520 4652 «
564 4603 714 4656 inter
755 4602 872 4657 alia
917 4603 1153 4672 scripsit
1195 4605 1268 4657 ad
1305 4603 1785 4659 aediﬁcationem
1820 4605 1902 4660 le-

211 4692 503 4764 gentium
523 4707 676 4762 opus
692 4691 932 4760 insigne
954 4692 1027 4746 de
1052 4692 1171 4746 vita
1191 4702 1245 4746 et
1277 4693 1730 4748 conversatione
1756 4710 1905 4750 san.

209 4790 469 4839 ctorum
501 4787 740 4851 patrum
780 4780 842 4835 in
875 4796 1078 4835 eremo
1111 4782 1201 4835 vel
1230 4782 1289 4835 in
1329 4782 1639 4837 coenobiis
1682 4782 1904 4853 degen-

209 4874 376 4928 tium
408 4869 525 4923 sub
543 4869 770 4939 regula,
790 4870 884 4924 cui
914 4870 1118 4924 titulus
1139 4873 1230 4924 est
1252 4872 1594 4926 Paradisus.
1616 4893 1644 4925 ››
1667 4874 1780 4928 Sed
1805 4878 1899 4930 cui

202 4961 376 5019 liber
403 4959 717 5014 dedicatus
752 4959 844 5024 sit,
882 4958 1245 5015 Trithemius
1277 4976 1399 5016 non
1431 4961 1620 5016 addit.
1644 4963 1896 5018 Coteler.

206 5050 375 5107 Eccl.
419 5047 624 5103 Graec.
655 5047 812 5102 Mon.
840 5051 900 5104 T.
921 5049 1063 5120 lllp.
1083 5050 1208 5103 566.
1250 5052 1402 5105 Cave
1421 5051 1656 5121 Scriptt.
1676 5051 1895 5118 Eccles,

200 5142 362 5197 Hist.
396 5137 505 5192 litt.
543 5153 590 5191 s.
624 5153 678 5191 v.
726 5138 1097 5194 Heraclides.
1132 5139 1315 5193 Trith.
1355 5139 1430 5194 de
1470 5140 1708 5210 Scriptt.
1741 5140 1894 5198 Eccl.

201 5246 352 5302 cap.
399 5226 582 5281 xcm.

277 5320 366 5391 (1)
423 5317 676 5372 Palladii
716 5316 870 5374 Dial.
911 5317 984 5372 de
1030 5318 1137 5373 vit.
1182 5320 1238 5374 S.
1287 5318 1536 5376 Joannis
1585 5319 1890 5391 Chrysost.

202 5426 327 5480 cap
365 5405 482 5470 XX,
513 5407 567 5461 S.
603 5407 898 5476 Chrysost.
941 5409 1090 5479 Opp.
1125 5408 1218 5462 ed.
1267 5409 1645 5465 Montfaucon
1677 5409 1888 5481 (Paris.

207 5498 355 5555 1734
387 5494 553 5566 sqq.)
583 5497 642 5549 Τ.
677 5495 798 5549 xm
828 5511 893 5566 p.
931 5497 998 5551 76
1045 5513 1200 5570 sqq.,
1248 5497 1523 5554 Galland.
1577 5499 1719 5554 Bibl.
1763 5498 1887 5554 PP.

200 5593 267 5646 T.
330 5585 458 5642 VIII
501 5600 566 5657 p.
618 5589 742 5641 3'20.
787 5586 1117 5654 Tillemont,
1149 5589 1454 5645 Mémoires
1487 5590 1548 5645 T.
1587 5589 1686 5644 XI.
1735 5590 1889 5645 Cave

201 5675 466 5751 Scriptt.
492 5677 710 5734 Eccles.
743 5678 884 5734 Hist.
914 5677 1022 5735 litt.
1046 5695 1096 5736 s.
1128 5687 1180 5736 v.
1212 5680 1584 5738 Heraclides.

2085 4515 2164 4586 (4)
2203 4512 2312 4566 VV.
2345 4512 2447 4566 PP.
2485 4514 2676 4566 Rosw.
2709 4509 2812 4564 lib.
2843 4509 2890 4562 ll
2921 4524 3052 4578 cap.
3084 4512 3116 4562 2
3142 4524 3202 4578 p.
3234 4511 3358 4570 457,
3392 4511 3444 4560 2.

2086 4604 2163 4675 (5)
2197 4601 2438 4658 Coteler.
2483 4600 2633 4654 Eccl.
2687 4600 2892 4653 Graec.
2952 4599 3106 4652 Mon.
3163 4597 3224 4650 T.
3283 4596 3353 4649 lll
3396 4611 3455 4666 p.
3511 4595 3659 4660 I59;

2015 4696 2154 4751 Hist.
2185 4693 2359 4746 Laus.
2386 4689 2460 4746 ed
2491 4691 2702 4746 Meurs.
2733 4687 2773 4741 l.
2805 4687 2843 4741 l.
2877 4701 2937 4758 p.
2966 4686 3089 4741 371.

2084 4782 2164 4854 (6)
2207 4778 2697 4836 Montefalconius
2753 4776 2920 4831 illum
2967 4775 3186 4829 librum
3216 4773 3296 4828 ita
3321 4771 3603 4827 describit
3645 4787 3658 4827 :

2015 4895 2040 4925 α
2084 4872 2224 4928 Cod.
2258 4868 2524 4932 LXXXIII,
2570 4866 2713 4922 olim
2755 4863 3116 4928 CCCXLVIII,
3160 4861 3660 4917 membranaceus

2008 4980 2047 5018 x
2092 4963 2319 5016 circiter
2351 4958 2594 5021 saeculi,
2628 4956 2903 5011 foliorum
2941 4954 3063 5009 357.
3107 4951 3376 5006 Continet
3414 4966 3481 5005 ea
3505 4964 3661 5022 quae

2009 5055 2402 5122 sequuntur...
2428 5047 2531 5103 fol.
2562 5044 3057 5116 266Ἰερωνύμου
3099 5043 3127 5098 ἡ
3164 5040 3294 5092 κατ’
3335 5041 3659 5109 Αἴγυπτον

2007 5149 2125 5193 τῶν
2165 5145 2464 5211 μοναχῶν
2510 5138 2788 5207 ἱστορία,
2819 5133 2918 5186 i.e.
2952 5126 3660 5185 Historiamonachorum

2005 5232 2048 5284 A
2060 5225 2619 5300 egypliorum.Liber
2633 5223 2977 5292 Hieronymo
2992 5234 3286 5292 perperam
3302 5215 3658 5285 adscriptus.

2007 5319 2224 5375 Similis
2256 5317 2374 5372 fere
2402 5311 2973 5383 argumentilibrum
3003 5306 3265 5364 Palladio
3288 5304 3660 5374 adscriptum

2001 5407 2232 5464 iamdiu
2260 5413 2469 5461 notum
2499 5403 2635 5458 fecit
2661 5401 2922 5454 Joannes
2976 5394 3282 5461 Meursius,
3333 5395 3393 5448 in
3433 5388 3662 5462 praefa-

2001 5501 2156 5554 tione
2182 5495 2452 5551 videlicet
2484 5492 2562 5548 ad
2583 5489 2934 5545 Lausiacam
2961 5483 3276 5540 Historiam
3296 5521 3312 5548 ,
3327 5478 3491 5552 quod
3508 5492 3662 5546 opus

1997 5601 2280 5658 graecum
2310 5585 2538 5656 primus
2558 5577 2744 5636 edidit
2771 5574 2864 5629 ille
2891 5571 3168 5646 Lugduni
3206 5573 3568 5658 Batavorum
3603 5577 3662 5616 a.

1995 5653 2155 5734 1616.
2179 5653 2555 5746 Εειξίηίιιιίι,
2594 5668 2660 5723 in
2710 5661 3058 5719 bibliotheca
3097 5669 3229 5712 mea
3254 5653 3519 5712 eiusdem
3540 5659 3666 5700 au.
