4092 6256
381 268 443 324 31
1257 264 1357 320 SS.
1399 261 1884 320 MACARIORUM
1925 263 2259 324 AEGYPTII
2304 270 2389 325 ET
2431 270 2921 329 ALEXANERINI
3720 275 3798 333 32

466 397 676 469 Itaque
714 397 834 454 hoc
863 394 1208 452 obtinuisse
1255 393 1411 450 mihi
1449 392 1685 459 videor,
1742 392 1848 450 illa
1877 407 2030 451 con-
2063 394 2107 444 A
2139 398 2325 463 cedit,
2375 401 2759 468 coniectura,
2822 401 3166 459 Heraclidis
3226 403 3482 461 fortasse
3551 404 3791 462 librum

379 495 623 570 jectura
693 492 1090 551 difﬁcultates
1148 490 1382 563 optime
1453 490 1659 559 solvi;
1711 506 1869 562 quas
1927 492 2029 549 vix

384 594 504 651 alia
554 593 795 649 ratione
841 598 963 648 tam
1019 590 1197 647 facile
1256 588 1407 647 solvi
1459 588 1862 646 crediderim.
1926 589 2029 647 Sin

385 699 591 747 autem
650 704 797 746 vera
853 693 1014 753 sunt,
1068 700 1228 759 quae
1286 685 1690 757 conjecimus,
1741 686 2028 743 Ruﬁnum

383 789 790 859 interpretem
828 786 973 843 libri
1022 784 1278 842 secundi
1312 798 1469 850 esse,
1512 790 1697 854 atque
1724 783 2029 855 quodam-

385 886 574 944 modo
623 890 939 942 auctorem
1004 883 1127 940 dici
1194 896 1398 954 posse,
1472 881 1678 939 denuo
1738 881 2033 954 intelligi-

385 988 490 1043 tur
520 980 629 1059 (ι).

466 1080 584 1140 Sed
653 1078 1040 1150 conjecturas
1115 1077 1455 1148 mittamus,
1537 1080 1722 1148 atque
1779 1091 1853 1133 ex
1929 1074 2028 1145 iis,

382 1193 542 1252 quae
608 1177 684 1235 de
760 1177 925 1235 libro
997 1175 1271 1233 secundo
1330 1174 1813 1247 disputavimus,
1871 1187 2032 1245 quae

377 1282 546 1335 certa
593 1278 756 1341 sunt,
820 1274 883 1331 in
936 1286 1132 1330 unum
1204 1286 1686 1343 componamus.
1747 1271 1828 1328 Ea
1886 1270 2029 1342 qui-

383 1374 528 1432 dem
587 1373 709 1430 huc
760 1371 1043 1429 redeunt.
1105 1369 1373 1427 Graecus
1443 1368 1712 1440 scriptor
1791 1381 2028 1434 rerum,

384 1486 545 1544 quae
602 1470 666 1528 in
729 1468 894 1526 libro
946 1467 1220 1525 secundo
1297 1466 1612 1539 leguntur,
1686 1472 1856 1523 certo
1908 1478 2033 1522 non

383 1567 804 1641 cognoscitur.
876 1566 995 1623 Nec
1051 1566 1252 1622 solum
1320 1564 1483 1621 liber
1534 1563 1864 1629 secundus,
1926 1560 2033 1618 sed

387 1666 575 1724 etiam
629 1678 888 1737 graecus
929 1663 1112 1728 liber,
1173 1676 1207 1718 e
1254 1676 1379 1733 quo
1429 1661 1530 1719 ille
1601 1660 2030 1725 hauriebatur,

389 1763 645 1821 Palladii
704 1762 1037 1819 Historiam
1100 1760 1451 1818 Lausiacam
1513 1764 1711 1817 aetate
1768 1758 2033 1815 multum
2067 1751 2103 1803 Β

386 1861 776 1919 antecedunt.
864 1857 1092 1915 Deinde
1171 1871 1206 1914 e
1283 1856 1450 1914 libro
1530 1856 1826 1927 secundo,
1905 1858 2033 1922 aut,

387 1957 558 2031 quod
600 1955 1002 2014 verisimilius
1057 1959 1170 2027 est,
1219 1968 1296 2012 ex
1342 1955 1587 2026 eodem,
1641 1966 1767 2025 quo
1813 1952 1866 2008 is
1896 1956 2037 2009 ute-

385 2056 588 2122 batur,
638 2056 802 2112 fonte
849 2052 1155 2110 Palladius
1196 2067 1289 2118 ea,
1342 2065 1503 2122 quae
1547 2050 1624 2107 ad
1662 2064 1846 2107 senes
1874 2048 2039 2105 The-

388 2151 591 2210 baidis
629 2150 962 2222 pertinent,
1022 2148 1271 2218 aliaque
1324 2146 1625 2205 nonnulla
1669 2146 1733 2203 in
1784 2143 2043 2202 Lausia—

388 2264 525 2308 cam
555 2262 730 2306 suam
763 2245 1094 2303 transtulit.
1153 2244 1401 2302 Latinus
1430 2244 1700 2315 denique
1726 2239 1840 2310 32
1894 2239 2040 2298 libri

390 2346 646 2405 secundi
706 2345 1015 2415 interpres
1065 2343 1320 2400 Ruﬁnus
1370 2348 1484 2412 est,
1541 2341 1648 2413 qui
1696 2340 1929 2398 librum
1980 2338 2044 2396 in

389 2459 531 2504 eam
574 2444 842 2502 formam
893 2440 1157 2514 redegit,
1203 2455 1362 2513 quae
1393 2454 1558 2498 nunc
1589 2440 1877 2497 habetur.
1931 2438 2046 2494 Ac-

396 2714 911 2787 οιονίεδιὴγησις
948 2718 1092 2786 περὶ
1121 2720 1239 2763 τῶν
1266 2712 1397 2763 κατ’
1426 2714 1753 2781 Αἴγυπτον
1795 2708 2051 2784 διαλαμ-

393 2808 645 2880 ψάντων
674 2805 873 2876 ἁγίων
903 2808 1213 2874 πατέρων.
1236 2802 1551 2872 quuoque
1572 2817 1737 2869 opus,
1756 2802 2055 2870 siplacere

394 2898 551 2953 hanc
590 2894 887 2949 Historiae
931 2895 1254 2948 Lausiacae
1309 2890 1620 2945 editionem
1680 2891 2053 2962 intellexero,

393 2983 829 3042 communicabo
864 2981 972 3053 [CL
1003 2979 1453 3036 annotationem
1482 2984 1749 3033 nostram
1786 2996 1970 3049 supra
1995 2997 2054 3055 p.

2140 495 2352 569 fuisse,
2385 513 2417 553 e
2447 513 2573 570 quo
2603 500 2748 556 libri
2776 500 3031 557 secundi
3064 499 3334 573 scriptor
3386 506 3446 559 et
3474 500 3794 559 Palladius

2140 590 2508 653 hauserunt.
2551 596 2942 668 Quantopere
3002 612 3149 655 vero
3191 599 3531 670 optandum
3582 598 3682 670 sit,
3722 604 3796 657 ut

2138 690 2418 762 singulae
2488 694 2647 751 vitae
2707 699 2954 765 patrum
3011 694 3207 752 eremi
3275 696 3597 769 hucusque
3668 711 3789 755 non

2138 788 2360 854 editae,
2402 805 2673 863 quarum
2724 792 2957 849 multos
2986 793 3233 850 codices
3264 808 3521 866 graecos
3569 795 3633 852 in
3686 795 3793 852 bi-

2142 885 2475 946 bliothecis
2513 888 2806 954 vidimus,
2861 905 2975 947 nec
3018 905 3141 948 non
3168 891 3511 949 Heraclidis
3541 891 3794 964 paradi-

2141 998 2268 1049 sus,
2338 984 2608 1043 Historia
2679 986 2970 1045 Lausiaca
3040 987 3295 1045 Palladii
3366 1003 3795 1062 graecumque

2144 1079 2294 1137 libri
2346 1082 2601 1140 secundi
2648 1085 2841 1141 nostri
2892 1085 3214 1157 exemplar
3256 1085 3522 1144 edantur
3569 1086 3664 1144 vel
3715 1085 3793 1144 ad

2143 1176 2425 1236 melioris
2469 1178 2611 1237 ﬁdei
2660 1181 2905 1239 codices
2953 1182 3363 1254 excudantur,
3418 1183 3584 1241 unde
3638 1199 3798 1243 nova

2144 1274 2247 1331 lux
2301 1276 2489 1335 huius
2538 1278 2920 1350 quaestionis
2962 1279 3113 1337 oriri
3176 1281 3392 1353 possit,
3453 1280 3633 1339 facile
3690 1295 3798 1355 pa-

2143 1376 2227 1430 tet
2256 1369 2363 1439 (2).

2224 1470 2519 1541 Expedita
2572 1472 2695 1529 iam
2747 1472 2825 1530 de
2878 1473 3043 1531 libro
3101 1475 3375 1533 secundo
3433 1476 3796 1548 quaestione

2143 1568 2219 1626 de
2267 1568 2483 1627 Ruﬁno
2539 1569 2602 1626 id
2651 1571 2853 1628 solum
2898 1577 3085 1629 restat
3142 1573 3545 1640 monendum,
3601 1573 3795 1632 alium

2145 1667 2401 1735 insuper
2448 1665 2681 1724 fontem
2728 1668 3132 1726 historiarum
3178 1668 3256 1726 de
3294 1670 3581 1727 Macariis
3610 1670 3690 1728 ab
3720 1684 3796 1728 eo

2147 1763 2437 1820 relictum
2492 1778 2625 1821 esse
2680 1764 2742 1821 in
2795 1760 3231 1823 Continuatione
3269 1766 3375 1824 illa
3423 1768 3635 1841 operis
3664 1768 3798 1826 Eu-

2146 1860 2327 1933 sebii,
2361 1876 2549 1933 quam
2582 1862 2770 1921 modo
2803 1863 3223 1922 laudavimus.

2228 1956 2346 2034 $7.
2408 1959 2477 2017 Et
2528 1960 2680 2017 haec
2737 1961 2993 2033 quidem
3055 1961 3133 2019 de
3189 1960 3428 2021 Ruﬁno.
3494 1963 3667 2021 Nunc
3720 1963 3796 2021 ad

2148 2056 2477 2127 Evagrium
2532 2062 2943 2131 transeamus,
3003 2058 3109 2131 qui
3168 2060 3339 2117 varia
3395 2060 3473 2117 de
3543 2059 3801 2119 senibus

2150 2153 2382 2225 scripta
2413 2153 2687 2227 reliquit,
2736 2155 2800 2211 in
2843 2156 3075 2228 quibus
3104 2156 3183 2213 de
3224 2157 3489 2215 Macario
3534 2162 3628 2214 ter
3669 2161 3803 2215 tan-

2151 2254 2285 2308 tum
2345 2251 2642 2323 loquitur.
2707 2252 2840 2309 Fuit
2888 2252 2942 2310 is
2997 2258 3143 2310 natu
3200 2254 3403 2313 maior
3457 2254 3729 2313 Palladio
3786 2271 3805 2330 ;

2155 2347 2258 2405 hic
2341 2349 2508 2405 enim
2580 2350 2745 2421 apud
2818 2349 3135 2408 Socratem
3206 2350 3377 2409 illius
3455 2351 3805 2424 discipulus

2156 2445 2529 2519 appellatur,
2572 2446 2657 2503 ita
2704 2451 2934 2518 tamen,
2980 2454 3047 2505 ut
3098 2448 3312 2521 paullo
3342 2455 3481 2521 post
3539 2454 3805 2507 mortem

2233 2720 2310 2789 (l)
2363 2718 2691 2773 Tillemont.
2746 2719 3054 2773 Mémoires
3081 2721 3139 2773 T.
3172 2720 3262 2774 Xll
3288 2723 3342 2773 et
3380 2720 3594 2774 iterum
3621 2723 3682 2776 T.
3717 2721 3811 2775 XV

2164 2808 2680 2873 statuit,l{uﬁnum
2700 2806 2915 2862 librum
2941 2808 3264 2863 secundum
3294 2824 3410 2863 non
3428 2812 3669 2865 nomine
3701 2827 3813 2866 suo

2166 2899 2500 2967 scripsisse,
2535 2896 2638 2949 sed
2667 2896 2924 2960 alterius,
2961 2897 3211 2951 Petronii
3241 2896 3462 2952 scilicet
3494 2900 3814 2955 Bononien-

2168 2985 2250 3039 sis
2266 2984 2728 3055 episcopi,cuius
2743 2984 2946 3039 itineri
2957 2985 3338 3041 describenda
3350 2987 3629 3041 calamun
3641 3003 3814 3041 suum

394 3080 465 3135 14
487 3082 609 3131 not.
648 3074 720 3144 5].
770 3078 855 3126 An
900 3071 1054 3125 idem
1090 3071 1193 3142 qui
1222 3069 1318 3123 hic
1341 3077 1538 3123 noster
1566 3068 1716 3122 liber
1746 3068 1941 3137 fuerit,
1972 3071 2056 3124 in-
2092 3113 2129 3166 Ο
2167 3074 2578 3129 commodarit.
2609 3074 2813 3127 Nititur
2845 3073 3190 3129 Tillemontii
3224 3077 3662 3143 argumentatio
3689 3076 3817 3130 loco

396 3172 622 3222 certum
655 3168 767 3219 est.
810 3160 955 3215 Vide
981 3167 1156 3215 notas
1194 3158 1501 3213 Frontonis
1544 3157 1761 3211 Ducaei
1803 3158 1861 3212 in
1909 3159 2059 3213 Lau-

397 3256 625 3310 siacam
664 3251 900 3305 Palladii
934 3252 1096 3303 Tom.
1138 3248 1183 3301 ll
1225 3245 1493 3300 Biblioth.
1532 3245 1771 3300 Patrum
1810 3261 2059 3314 graeco-

394 3344 616 3400 latana.
652 3340 921 3393 Auctoris
958 3337 1248 3408 praefatio
1298 3335 1716 3406 praemittitur,
1747 3337 1915 3389 cuius
1952 3336 2059 3390 ini-

396 3433 541 3487 tium
576 3430 725 3484 hoc:
762 3427 1134 3497 Εὐλογητὸς
1176 3426 1200 3475 ὀ
1229 3425 1438 3483 Θεὸςὸ
1472 3424 1663 3475 θέλων
1689 3426 1921 3485 πάντας
1962 3423 2058 3474 ἀν..

398 3523 686 3593 θρώπους
718 3519 1027 3582 σωθῆναι,
1073 3520 1179 3565 καὶ
1220 3513 1309 3574 εἰς
1356 3512 1703 3583 ἐπίγνωσιν
1751 3512 2059 3583 ἠληθείας

395 3608 648 3661 ἐλθεῖνο
704 3609 867 3658 ὁκαὶ
913 3607 1081 3676 ἡμᾶς
1135 3599 1611 3673 καθοδηγήσας
1665 3600 1901 3660 ἐπὶτὴν
1956 3605 2058 3655 Αἵ-

393 3717 658 3770 ·γυπτον,
694 3700 804 3747 καὶ
835 3690 1239 3763 δείξαςὴμίν
1269 3690 1519 3763 μεγὰλα
1549 3695 1659 3743 καὶ
1702 3692 2058 3762 θαυμαστὰ

394 3792 505 3839 καὶ
558 3792 796 3858 ’γραφῆς
835 3783 991 3844 ἄξια
1038 3787 1150 3836 etc.
1187 3781 1223 3834 i.
1265 3795 1316 3834 e.
1348 3779 1705 3835 Benedictus
1743 3779 1917 3845 Deus,
1953 3791 2056 3850 qui

393 3891 590 3931 omnes
615 3874 875 3931 homines
898 3872 1022 3927 vult
1040 3872 1236 3926 salvos
1252 3869 1396 3936 ﬁeri,
1418 3875 1472 3924 et
1496 3884 1574 3923 an
1599 3869 1865 3924 veritati:
1883 3870 2054 3938 agni-

394 3965 610 4019 tionem
636 3963 852 4019 venire.
878 3960 989 4026 Qui
1013 3966 1066 4015 et
1089 3959 1263 4013 duxit
1290 3974 1393 4012 nos
1409 3960 1467 4011 in
1486 3957 2054 4027 Aegyptum,ibique

396 4054 563 4109 nobis
590 4052 841 4107 ostendit
869 4065 1086 4118 magna
1116 4055 1164 4102 et
1191 4046 1517 4114 mirabilia,
1554 4048 1832 4100 memoria
1867 4046 2053 4115 scrip-

398 4150 565 4214 toque
582 4142 767 4210 digna
787 4143 951 4195 Hunc
977 4139 1195 4192 librum
1225 4133 1590 4205 conscripsit,
1619 4134 1829 4204 inquit,
1854 4151 2055 4207 παρα-

394 4233 663 4293 κληθεὶς
712 4238 1011 4301 συνεχῶς
1036 4228 1153 4278 ὑπὸ
1192 4234 1307 4286 τῆς
1339 4222 1653 4284 ενὶλαϐοῡς
1702 4220 2051 4295 ἀδελφότη-

393 4341 501 4382 τος
542 4329 655 4381 τῆς
684 4323 741 4371 ἑν
770 4328 854 4388 τῷ
883 4319 1043 4388 ἁγίῳ
1075 4322 1207 4390 ὄρει
1232 4322 1349 4366 τῶν
1377 4312 1605 4383 ἑλλαιων
1637 4312 2053 4385 πολιτευομέ-

395 4432 419 4462 ν
434 4431 464 4468 η
485 4430 525 4474 ς,
559 4409 595 4462 i.
622 4425 671 4460 e.
696 4410 1037 4478 frequenter
1061 4407 1305 4473 rogatus
1324 4417 1359 4457 a
1380 4401 1659 4469 religiosa
1670 4402 2055 4467 fraternitate

392 4514 545 4571 quae
574 4501 635 4552 in
663 4502 870 4551 sancto
900 4500 1099 4549 monte
1140 4492 1449 4547 Oliuarum
1491 4498 1890 4544 conservatur.
1918 4491 2052 4545 Des-

394 4590 561 4645 cribit
582 4593 781 4642 autem
805 4587 953 4639 vitas
977 4589 1315 4637 sanctorum
1335 4580 1574 4633 Patrum
1600 4578 1844 4633 Joannis
1873 4583 2052 4651 Lyco"

398 4674 913 4749 politani,abhatis
943 4674 1036 4736 0r,
1066 4668 1402 4729 Ammonis,
1430 4667 1668 4722 abbatis
1694 4670 2048 4731 Ben,mona-

392 4768 644 4823 chorum
667 4762 919 4817 civitatis
931 4760 1050 4832 Oxy
1062 4755 1578 4830 rynchi,’l‘heonis,
1598 4755 1770 4820 Eliae,
1798 4757 2047 4827 Appollo

395 4858 611 4922 Amun,
643 4851 923 4922 Copretis,
940 4846 1305 4909 Patermutii,
1335 4844 1573 4899 abbatis
1588 4846 1790 4909 Surus,
1807 4846 2046 4901 abbatis

395 4944 539 5007 Elle,
573 4941 772 5012 Apelle
800 4938 1070 5003 Joannis,
1099 4932 1790 5006 Paphnutii,Pityriouis,
1817 4935 2046 5005 Eulogii

390 5030 743 5107 presbyteri,
766 5025 992 5091 Isidori,
1012 5024 1365 5095 Serapionis,
1381 5020 1721 5093 Appollonii
1745 5025 2043 5094 martyris,

394 5119 678 5179 Dioscori.
716 5116 1150 5172 monachorum
1184 5113 1421 5177 Nitriae,
1452 5111 1690 5165 aiterius
1718 5113 2044 5179 Ammonii,

394 5211 636 5268 alterius
672 5206 905 5277 Didymi
944 5202 1355 5266 oculatissimi,
1399 5199 1714 5255 Chronidis
1746 5204 1802 5255 et
1833 5217 2045 5258 eorum

391 5301 496 5374 qui
531 5314 666 5352 cuin
699 5311 769 5350 eo
785 5298 981 5359 erant,
1005 5292 1234 5348 Macarii
1262 5290 1787 5361 Aegyptii,Amun,
1810 5292 2049 5362 Macarii

394 5389 798 5457 cognomento
827 5382 1121 5449 πολιτικοῦ,
1157 5379 1318 5435 Pauli
1352 5378 1654 5449 simplicis,
1686 5384 2045 5444 Amiuonae,

392 5476 720 5535 etloannis.
740 5472 955 5528 Deinde
968 5470 1418 5526 enumeratione
1440 5466 1599 5525 facta
1616 5469 2046 5538 periculorum,

388 5567 609 5641 quibus
630 5564 743 5619 hac
771 5563 831 5617 in
858 5559 1315 5633 perigrinatione
1356 5556 1704 5631 perfunctus
1742 5562 1850 5623 est,
1887 5557 2053 5614 clau—

384 5657 467 5715 dit
492 5653 596 5714 fol.
628 5656 753 5719 322,
788 5667 991 5711 verso.
1029 5669 1057 5703 ››

2168 3162 2474 3226 Gennadii,
2527 3162 2628 3234 qui
2686 3177 2818 3233 cap.
2856 3162 3013 3216 XLI:
3072 3182 3100 3212 «
3147 3165 3471 3228 Petronius,
3512 3187 3530 3213 ι
3597 3165 3814 3237 inquit,

2172 3271 2195 3301 α
2240 3251 2545 3322 scripsiSSe
2595 3257 2838 3320 putatur
2892 3250 3035 3305 vitas
3091 3257 3326 3322 patrum
3378 3253 3813 3308 monachorum

2167 3339 2434 3411 Aegypti.
2481 3359 2508 3389 »
2555 3339 2667 3393 Sed
2707 3340 2949 3393 doctum
2998 3340 3192 3395 virum
3220 3356 3447 3396 errasse
3480 3342 3815 3398 dissertatio

2168 3429 2242 3483 de
2296 3431 2412 3483 vita
2456 3426 2728 3486 Petronii.
2777 3443 2932 3496 quae
2993 3433 3104 3482 AA.
3161 3431 3258 3484 SS.
3320 3430 3457 3485 Boll.
3508 3430 3632 3486 Oct.
3674 3430 3737 3485 T.
3771 3432 3816 3485 II

2168 3532 2225 3587 p.
2250 3517 2352 3569 422
2377 3532 2508 3587 sqq.
2540 3520 2750 3582 exstat,
2782 3531 2919 3585 pag.
2948 3519 3071 3570 428.
3101 3517 3224 3583 429,
3257 3518 3514 3573 dilucide
3532 3519 3813 3575 ostendit.

2240 3605 2315 3675 (2)
2348 3604 2411 3658 lu
2444 3604 2647 3658 codice
2664 3621 2775 3658 ms.
2807 3604 2967 3659 11831
2988 3604 3816 3678 BibliothecaeBurgundicae

2169 3692 2561 3749 Bruxeliensis
2590 3692 2715 3747 Sec.
2740 3693 2908 3759 XVII,
2939 3695 3019 3759 4ο,
3059 3693 3398 3750 invenimus
3422 3702 3811 3769 Διηγήματα

2163 3788 2310 3856 περὶ
2348 3789 2455 3834 τοῦ
2501 3779 2651 3853 βίον
2690 3790 2808 3834 τῶν
2861 3782 3065 3853 ἁγίων
3112 3788 3429 3858 πατέρων,
3463 3787 3521 3840 in
3549 3802 3809 3856 quorum

2164 3873 2282 3927 ﬁue
2308 3872 2456 3927 haec.
2486 3871 2666 3925 verba
2710 3871 3025 3940 leguntur:
3054 3892 3081 3923 ‹‹
3113 3874 3212 3929 Ex
3240 3890 3346 3929 ms.
3415 3874 3812 3931 Bibliothecae

2162 3963 2542 4030 Augustanae
2571 3962 2803 4020 ταύτας
2842 3964 2952 4023 τὰς
2985 3958 3339 4032 διηγήσεις
3368 3964 3669 4032 descripsit
3698 3965 3813 4034 ﬁde

2163 4066 2277 4120 qua
2307 4048 2503 4104 debuit
2534 4048 2798 4104 Danielis
2820 4050 3059 4106 Davidis
3090 4068 3161 4107 ex
3184 4053 3378 4122 fratre
3407 4067 3587 4120 nepos
3619 4053 3809 4109 Haes-

2164 4140 2389 4194 chelius
2420 4138 2661 4192 AnnoS.
2688 4138 2764 4192 N.
2805 4141 2935 4193 1664
2962 4156 3157 4196 mense
3184 4141 3510 4196 Januario.
3538 4161 3566 4192 δ)
3618 4142 3818 4213 ls,qui

2165 4228 2429 4282 codicem
2446 4226 2781 4296 descripsit,
2798 4228 2850 4280 in
2869 4228 3189 4284 schedulae
3209 4230 3381 4283 fronti
3405 4229 3814 4297 adglutinatae

2163 4331 2302 4388 pag.
2340 4322 2354 4368 l
2388 4314 2771 4370 notavithaec
2804 4318 2983 4372 verba
3019 4335 3029 4371 :
3061 4326 3180 4370 Τοῦ
3213 4339 3444 4390 μακαρ,
3480 4324 3589 4369 καὶ
3629 4319 3702 4389 ἀι)
3723 4340 3817 4371 ιω-

2164 4406 2360 4456 τάτου
2437 4401 2822 4456 Παλλαδίου
2885 4405 3250 4459 ἐπισκόπου
3305 4406 3819 4470 Ἐλενουπόλεως

2160 4498 2322 4566 πρὸς
2351 4500 2607 4545 Λανσον
2639 4498 3087 4564 πραιπὸσιτον
3114 4493 3496 4568 διηγήματα
3524 4502 3675 4570 περὶ
3707 4506 3816 4549 τοῦ

2168 4581 2315 4653 βίον
2342 4590 2458 4633 τῶν
2484 4581 2682 4651 ἁγίων
2712 4588 3027 4655 πατέρων.
3046 4586 3353 4641 Excodice
3373 4587 3816 4642 membranaceo

2166 4671 2568 4726 Bibliothecae
2582 4673 2635 4727 A
2649 4677 2996 4740 ugustanae.
3019 4674 3181 4739 Quod
3196 4677 3257 4729 in
3274 4676 3545 4745 margine
3556 4677 3818 4743 saepius-

2150 4762 2295 4816 'cule
2332 4758 2510 4813 huius
2540 4762 2879 4828 apographi
2909 4765 3314 4829 compendiose
3357 4765 3572 4833 legitur
3600 4779 3816 4819 exara-

2165 4856 2287 4904 tum
2305 4867 2434 4919 σημ,
2456 4848 2610 4903 nihil
2623 4849 2785 4903 aliud
2799 4858 2877 4904 est
2902 4866 3069 4920 quam
3093 4858 3366 4923 σημείωσα
3383 4853 3451 4922 iii.
3471 4869 3523 4910 e.
3544 4860 3708 4920 nota,
3724 4853 3818 4907 ob—

2165 4952 2406 5002 serva,»
2434 4942 2570 5003 etc.,
2604 4952 2743 5007 pag.
2778 4939 2808 4991 2
2837 4938 3093 4994 indicem
3112 4944 3378 5012 capitum
3420 4942 3598 4997 latine
3622 4958 3814 5012 appo-

2166 5027 2300 5081 suit.
2327 5025 2528 5097 Capita
2547 5033 2734 5081 autem
2753 5030 3133 5097 graecaillius
3153 5032 3283 5085 libri
3300 5033 3378 5086 ita
3399 5048 3461 5087 se
3487 5031 3816 5102 excipiunt:

2168 5121 2211 5169 Ι.
2248 5120 2397 5187 Περὶ
2430 5114 2725 5167 Ἰωάννου
2753 5124 2866 5168 τοῦ
2896 5120 3352 5189 ἐνΛυκῷ,ἐο-τὶ
3380 5116 3668 5181 citum;
3695 5127 3822 5177 Θη-

2168 5200 2400 5263 ϐαἰδος
2428 5204 2755 5275 Ἐθεασοίμην
2794 5202 2879 5257 οὖν
2912 5205 2959 5257 ἐν
2991 5216 3097 5270 τοῖς
3127 5210 3290 5281 ὁρίοις
3322 5215 3474 5262 Λυκῶ
3504 5217 3598 5270 τῆς
3628 5207 3823 5266 Θηϐαῖ-

2170 5289 2262 5352 δος
2282 5295 2366 5343 τὸν
2396 5295 2558 5363 μέγαν
2581 5296 2669 5343 καὶ
2700 5296 2953 5368 μακάριον
2987 5297 3229 5356 Ἰωάννην
3261 5295 3431 5371 ἄνδρα
3452 5298 3601 5369 ἅγιον
3623 5296 3824 5354 ἀληθῶς

2169 5380 3040 5455 κ.τ.λ.(ί[ὶϐοι1.ρ.1θηρῴη.
3076 5392 3229 5458 Περὶ
3256 5393 3550 5457 Ἠρωνος
3589 5394 3699 5437 τοῦ
3727 5405 3819 5436 αχ-

2166 5468 2387 5545 ριϐοῦς
2426 5488 2532 5519 και
2576 5467 2876 5543 ἐναρέτου
2910 5478 3013 5525 τὸν
3046 5473 3194 5547 βίον
3243 5480 3351 5526 καὶ
3390 5471 3819 5534 κενοδόξου...

2159 5566 2388 5631 γειτνιῶν
2418 5576 2509 5630 μοι
2533 5557 2911 5635 ’Δλεξανδρέως
2931 5583 2983 5619 κ.
3028 5583 3076 5618 τ.
3101 5565 3149 5616 λ.
3174 5566 3257 5635 (p.
3285 5567 3353 5620 30
3384 5564 3575 5635 sqq.),
3606 5561 3822 5617 ﬁnitur

2154 5646 2943 5729 μετ’ὀλίγαςὴμέρας.ΙΙΙ.Περὶ
2973 5660 3086 5705 τῶν
3115 5650 3391 5711 Ταϐεννη
3411 5670 3567 5704 σιωτ
3592 5658 3668 5701 ῶν
3720 5651 3824 5703 καὶ

4055 1134 4087 1331 ῖ

4078 1342 4085 1617 ξ

4056 1552 4092 2777 ﬂ
