4092 6256
166 267 240 327 33
1749 269 1841 327 VI'.

1970 318 1983 331 .
3521 269 3593 325 34

174 395 444 454 Valentis
486 395 768 469 Augusti,
813 397 921 469 qui
969 411 1132 456 anno
1185 398 1298 457 378
1347 398 1525 468 obiit,
1560 402 1826 470 uterque
1858 398 1902 452 A
1938 405 2310 478 transegisse
2367 403 2468 461 vix
2515 399 2920 462 crediderim.
2957 399 3019 456 Id
3060 397 3226 457 enim
3273 412 3346 455 ex
3391 396 3592 455 Ruﬁni

170 494 451 551 ﬂoruerit
502 492 611 570 (1).
671 496 966 567 Evagrius
1019 497 1081 552 in
1130 497 1576 554 solitudinibus
1634 500 1827 569 Aegy-

176 592 265 664 pti
299 591 434 664 ipse
466 592 811 651 solitariam
839 594 1026 651 vitam
1058 595 1257 667 duxit,
1282 600 1342 652 et
1374 594 1641 653 Palladio
1674 599 1825 652 teste

173 690 622 762 quinquaginta
674 696 944 762 quatuor
1005 707 1199 750 annos
1253 698 1430 749 natus
1490 694 1551 749 in
1610 692 1825 749 solitu-

171 787 320 845 dine
378 788 651 845 animam
683 788 910 846 efﬂavit
958 788 1063 865 (1).
1118 791 1283 849 Unus
1329 806 1405 848 ex
1452 796 1687 861 septem
1731 805 1825 847 so-

169 885 286 942 ciis
346 886 483 955 fuit,
539 886 700 943 inter
746 902 905 959 quos
957 888 1266 945 Palladius
1295 893 1356 944 et
1394 888 1539 945 libri
1572 888 1825 945 secundi

164 983 441 1053 scriptor
494 1000 527 1041 e
582 985 777 1042 Nitria
838 985 915 1041 ad
969 986 1270 1043 Joannem
1334 985 1397 1042 in
1458 986 1617 1061 Lyco
1675 1000 1828 1058 pro—

172 1082 315 1139 fecti
357 1089 499 1140 sunt
544 1080 648 1158 (3).
698 1084 980 1155 Scriptor
1028 1083 1283 1156 quidem
1333 1084 1445 1141 iste
1500 1084 1825 1156 Evagrium

175 1179 238 1236 in
290 1180 503 1237 Celliis
532 1181 685 1238 vidit
717 1178 802 1257 (4)
843 1199 858 1251 ;
894 1182 1189 1254 Evagrius
1220 1183 1353 1254 ipse
1410 1183 1473 1239 in
1526 1182 1704 1240 libris
1752 1182 1827 1240 ad

178 1279 531 1336 Anatolium
564 1279 837 1336 amicum
869 1280 1120 1352 scriptis
1146 1295 1212 1338 se
1263 1280 1323 1336 in
1352 1281 1525 1338 Scete
1553 1281 1829 1338 residere

177 1376 499 1447 proﬁtetur
567 1374 685 1452 (3).
776 1378 976 1446 Quum
1050 1378 1345 1449 Evagrius
1413 1377 1615 1435 tribus
1684 1377 1832 1436 solis

173 1472 329 1531 locis
376 1472 467 1549 (6)
503 1474 580 1531 de
631 1474 915 1532 Macariis
964 1476 1275 1547 loquatur,
1311 1490 1537 1547 neque,
1573 1475 1649 1533 de
1678 1490 1832 1547 quo-

173 1586 318 1629 nam
388 1572 656 1630 Macario
705 1578 938 1643 narret,
1000 1572 1233 1644 ubique
1287 1573 1625 1645 addiderit,
1690 1572 1833 1629 licet

176 1674 375 1727 aetate
428 1670 654 1728 ceteris
700 1670 1043 1737 antecedat,
1101 1676 1160 1727 et
1207 1686 1329 1728 una
1377 1685 1519 1728 cum
1555 1670 1834 1728 Macariis

1941 503 2238 575 Apologia
2270 498 2623 578 [lnvectival
2662 500 2706 557 Il
2749 497 2955 569 colligi
3009 500 3228 569 potest.
3274 510 3393 568 qua
3446 494 3598 566 legi-

1938 604 2079 658 tur:
2114 620 2141 654 «
2174 602 2460 659 Ceterum
2488 600 2603 656 iste
2634 595 2713 673 lS.
2747 590 3210 669 Hieronymus],
3232 593 3350 665 qui
3381 592 3443 649 in
3472 596 3597 649 tota

1940 698 2063 755 vita
2092 715 2201 757 sua
2231 714 2353 755 non
2383 703 2543 755 totos
2572 695 2823 767 triginta
2858 694 2992 750 dies
3023 691 3451 757 Alexandriae,
3487 690 3598 747 ubi

1940 801 2078 853 erat
2148 797 2467 868 Didymus,
2532 798 2957 852 commoratus
3040 796 3155 856 est,
3246 804 3357 861 per
3442 794 3605 845 totos

1941 908 2137 966 paene
2191 894 2436 951 libellos
2507 906 2651 949 suos
2724 893 2902 963 longe
2976 890 3222 961 lateque
3288 902 3352 944 se
3420 887 3604 943 iactat

1942 991 2189 1063 Didymi
2234 990 2502 1049 videntis
2543 1004 2677 1047 esse
2723 988 3127 1059 discipulum,
3174 990 3234 1043 et
3276 984 3603 1052 καθηγητήν,

1943 1090 2008 1148 id
2056 1094 2147 1147 est
2191 1094 2687 1162 praeceptorem,
2745 1086 2806 1143 in
2843 1084 3183 1156 Scripturis
3228 1086 3456 1140 sanctis
3492 1083 3603 1139 ha-

1946 1188 2154 1245 buisse
2213 1188 2568 1257 Didymum.
2629 1186 2697 1242 Et
2748 1181 2953 1242 omnis
2989 1182 3107 1239 icta
3160 1180 3450 1238 iactantia
3481 1194 3606 1238 uno

1944 1299 2156 1342 mense
2192 1285 2473 1356 quaesita
2524 1287 2613 1340 est
2656 1280 2764 1356 (8).
2796 1300 2825 1335 »
2882 1280 3248 1351 Quanquam
3284 1284 3492 1335 autem
3541 1278 3601 1335 S.

1944 1384 2365 1455 Hieronymus
2446 1378 2854 1438 Alexandriae
2941 1376 3393 1449 aliquantisper
3478 1380 3607 1433 tan-

1945 1485 2077 1539 tum
2113 1480 2443 1551 Didymum
2497 1477 2830 1535 auditurus
2876 1475 3177 1539 consedit,
3222 1479 3450 1541 tamen,
3504 1488 3610 1531 an-

1947 1582 2198 1649 tequam
2256 1577 2316 1633 in
2370 1574 2776 1633 Palaestinam
2843 1572 3098 1631 rediret.
3163 1570 3421 1642 Aegypti
3483 1583 3609 1627 mo-

1953 1675 2225 1733 nasteria
2257 1672 2631 1746 peragravit.
2682 1672 2815 1743 Ipse
2859 1670 3025 1727 enim
3073 1667 3341 1725 scribit:
3385 1688 3404 1720 ι
3456 1668 3610 1725 Con-

177 1767 240 1824 in
300 1766 431 1824 illis
482 1768 845 1840 regionibus
900 1772 1013 1843 33
1070 1769 1292 1826 eodem
1341 1775 1625 1840 tempore
1670 1769 1835 1825 vixe-
1869 1753 1912 1806 Β
1947 1772 2120 1829 tendi
2178 1770 2555 1843 Aegyptum,
2615 1768 2869 1825 lustravi
2940 1765 3316 1824 monasteria
3375 1764 3610 1822 Nitriae

179 1864 287 1937 rit,
336 1870 475 1936 post
524 1866 867 1922 Palladium
916 1870 975 1921 et
1024 1863 1314 1923 Ruﬁnum
1361 1871 1578 1924 testem
1630 1865 1833 1923 audiri

178 1977 321 2020 eum
353 1968 837 2021 consentaneum
871 1963 1141 2022 videtur.

261 2056 290 2135 ξ
333 2062 397 2117 8.
450 2059 744 2118 Venimus
784 2060 859 2117 ad
905 2060 971 2117 S.
1040 2061 1515 2132 Hieronymum.
1567 2062 1677 2129 Qui
1715 2075 1834 2118 non

183 2157 300 2214 nisi
366 2157 572 2215 oblata
625 2158 954 2216 occasione
1007 2158 1336 2230 obiterque
1412 2159 1489 2215 de
1557 2158 1838 2215 Macariis

185 2252 483 2325 loquitur,
520 2254 627 2312 sed
676 2269 863 2311 unam
916 2255 1100 2313 nobis
1141 2255 1569 2313 difﬁcultatem
1609 2255 1686 2312 de
1718 2256 1835 2312 Ma-

184 2351 357 2408 cario
411 2351 682 2423 quodam
731 2352 949 2409 obiicit
997 2349 1105 2427 (7),
1162 2368 1349 2425 quam
1404 2368 1516 2411 suo
1568 2353 1706 2410 loco
1737 2367 1839 2409 ex-

188 2448 536 2521 pediemus.
590 2449 848 2507 Multum
896 2450 1201 2522 temporis
1252 2451 1315 2507 in
1353 2451 1628 2523 Aegypto
1658 2450 1837 2507 illum

191 2672 264 2721 τά
292 2672 437 2741 περὶ
468 2671 573 2719 τὸν
602 2668 788 2738 ἅγιον
830 2674 1212 2739 Παχώμιον.
1245 2668 1559 2729 Ταϐἐννησίς
1602 2669 1714 2722 ἐστι
1760 2674 1840 2721 τό·

188 2778 284 2819 πος
314 2757 362 2808 ἐν
393 2765 451 2828 τῇ
502 2754 738 2814 Θηϐαίδι
773 2777 823 2808 κ.
858 2777 905 2811 τ.
949 2757 995 2810 λ.
1033 2759 1114 2828 (p.
1160 2758 1227 2813 33
1261 2761 1441 2829 sqq.),
1476 2759 1609 2813 ﬁnis
1647 2776 1657 2812 :
1694 2758 1842 2810 ἀκοι-

188 2852 445 2907 νωνὰτονς
484 2850 730 2907 ποιήσας.
795 2848 882 2902 ιν.
940 2851 1091 2919 Περὶ
1149 2854 1263 2907 τῆς
1320 2848 1839 2919 ύποκρινομένης

190 2942 430 3009 μωρίαν
460 2938 807 3007 παρθένου.
865 2935 944 2988 Ἐν
1004 2939 1166 3005 τούτῳ
1212 2944 1283 3006 τῷ
1334 2944 1670 3010 μοναστηρίῳ
1711 2957 1840 3009 παρ-

193 3028 327 3087 θένος
380 3045 459 3086 τις
502 3021 560 3081 ἧν
606 3046 655 3075 κ.
710 3044 756 3077 τ.
810 3024 858 3074 λ.
906 3028 990 3094 (p.
1051 3028 1118 3079 40
1178 3028 1352 3096 sqq.),
1402 3026 1538 3079 finis
1573 3042 1583 3078 :
1621 3032 1709 3077 καὶ
1739 3027 1838 3076 ύπὸ

188 3124 284 3164 τῶν
310 3114 552 3165 πλειονων
583 3118 967 3185 μυσαττομένη.
1000 3113 1068 3165 V.
1104 3119 1252 3176 Περὶ
1313 3115 1646 3186 ΙΙξιτηρούμ
1680 3113 1837 3186 [ﬁnis
1870 3108 1908 3161 C

186 3203 366 3257 huius
410 3203 671 3257 nominis
724 3205 781 3256 in
836 3203 1033 3256 codice
1080 3201 1231 3256 lectu
1263 3202 1519 3257 difﬁcilis
1551 3204 1678 3273 est].
1715 3208 1837 3276 Περὶ

187 3295 385 3352 ταύτης
432 3300 522 3350 τῆς
576 3293 727 3351 ὁσίας
774 3300 845 3361 τῷ
898 3290 1030 3360 ἁγίῳ
1084 3295 1354 3363 Πιτηρούμ
1406 3290 1653 3362 [nomen
1684 3292 1836 3346 lectu

187 3381 427 3436 difﬁcile
478 3379 589 3452 est]
633 3384 866 3452 παρέστη
927 3379 1140 3449 ἄγγελος
1179 3400 1228 3433 κ.
1282 3400 1328 3433 τ.
1362 3380 1407 3435 1.
1444 3381 1525 3451 (p.
1554 3385 1621 3435 42
1655 3382 1834 3452 sqq.).

187 3470 393 3525 finitur
426 3485 437 3521 ξ
470 3474 589 3540 περὶ
621 3476 715 3529 τῆς
743 3473 975 3538 γενναίας
1012 3471 1209 3530 ταύτης
1238 3475 1515 3543 μακαρίας.
1551 3471 1633 3523 VI.
1685 3475 1836 3542 Περὶ

188 3556 482 3629 Διδύμου
531 3566 639 3609 τού
696 3558 812 3609 απὸ
870 3558 1171 3629 ὀμμάτων
1238 3564 1342 3610 καὶ
1384 3559 1836 3632 ἑρμηνέωςτῶν

190 3649 372 3699 θείων
423 3652 701 3719 Γραφῶν,
735 3666 784 3697 κ.
814 3667 861 3701 τ.
896 3646 941 3700 1.
969 3647 1048 3717 (p.
1076 3649 1142 3702 45
1162 3647 1564 3719 sqq.),ﬁnitur
1592 3665 1604 3703 :
1633 3654 1723 3700 καὶ
1744 3653 1837 3706 την

190 3732 481 3807 ἕϐδομαδα,
543 3741 633 3786 καὶ
691 3736 903 3809 εὕρηται
940 3736 1122 3797 οὕτως.
1177 3736 1293 3790 VII.
1342 3743 1493 3811 Περὶ
1546 3744 1839 3809 Παφνου-

186 3830 350 3877 τίον.
385 3830 497 3894 Μιᾷ
526 3833 625 3875 τῶν
656 3826 857 3897 ἡμερῶν
888 3820 1272 3897 συνδραμόντος
1302 3830 1390 3877 καὶ
1433 3831 1756 3897 Παφνουτίου
1782 3846 1835 3879 κ.

188 3932 237 3968 τ.
269 3913 317 3968 λ.
372 3914 453 3984 (p.
506 3914 573 3968 47
622 3914 804 3985 sqq.),
858 3913 1099 3968 ﬁnitur:
1150 3918 1269 3975 τούς
1317 3914 1626 3985 ἀλλοφύλους
1675 3916 1744 3976 εἰς
1779 3920 1837 3967 τὸ

193 4007 307 4076 ὄρος
338 4009 429 4054 τοῦ
457 3999 648 4056 δουκᾶ.
683 4003 819 4055 VIII.
856 4007 1006 4075 Περὶ
1053 4010 1162 4054 τοῦ
1194 4003 1384 4054 ἄλλον
1410 4009 1837 4076 Παφνουτίου.

186 4091 521 4162 Ἐθασαμεθα
578 4086 635 4142 δὲ
698 4096 784 4142 καὶ
842 4095 928 4141 τὸν
979 4095 1132 4142 τόπον
1193 4098 1518 4162 Παφνουτίου
1572 4112 1623 4143 κ.
1682 4113 1731 4145 τ.
1791 4093 1840 4150 1.

191 4183 279 4252 (p.
332 4181 397 4234 56
437 4182 616 4251 sqq.),
647 4178 782 4232 ﬁnis
826 4184 957 4234 est:
1012 4185 1102 4231 καὶ
1151 4179 1376 4252 ἀγγέλων
1427 4180 1845 4255 ἁναλαμϐανόμε-

190 4288 272 4321 νον
303 4270 568 4340 ύμνούτων
600 4271 686 4320 τὸν
722 4272 869 4320 Θεόν.
914 4270 998 4322 ΙΧ.
1032 4273 1178 4343 Περὶ
1228 4278 1337 4321 τοῦ
1384 4269 1441 4321 ὲν
1489 4271 1708 4342 ἁγίοις
1738 4292 1842 4341 καὶ

194 4358 477 4430 μεγάλου
521 4360 760 4426 πατρὸς
799 4357 1115 4410 Ἀπολλώ.
1150 4359 1481 4430 Ἐθασοίμεθα
1510 4357 1568 4412 δὲ
1615 4366 1704 4413 καὶ
1744 4364 1844 4413 ἓτε-

1948 1874 2006 1927 et
2038 1870 2198 1926 inter
2238 1868 2605 1926 Sanctorum
2654 1866 2880 1923 choros
2932 1864 3178 1935 aspides
3218 1863 3408 1920 latere
3443 1876 3600 1933 per-

1947 1967 2118 2039 spexi
2179 1964 2289 2041 (9),
2345 1986 2372 2017 »
2430 1961 3181 2035 Origenistasinteligens,
3235 1961 3468 2032 quibus
3517 1960 3609 2015 fa-

1946 2066 2125 2122 vebat
2160 2062 2439 2121 Ruﬁnus.
2483 2061 2733 2133 Singula
2781 2060 2990 2132 igitur,
3025 2072 3185 2130 quae
3231 2072 3344 2130 per
3371 2058 3430 2115 S.
3466 2057 3606 2114 Hie-

1945 2162 2198 2234 ronymi
2267 2175 2461 2233 opera
2526 2158 2759 2232 sparsa
2810 2158 2886 2213 de
2956 2155 3236 2213 Macariis
3298 2157 3604 2227 leguntur,

1948 2267 2087 2334 post
2114 2258 2355 2331 Evagrii
2393 2260 2526 2316 loca
2550 2255 3067 2315 diiudicabimus.

2030 2355 2058 2433 ξ
2112 2359 2167 2414 9.
2224 2355 2496 2413 Ultimus
2556 2370 2621 2412 se
2679 2352 2861 2411 nobis
2913 2351 3093 2410 offert
3145 2350 3493 2410 Cassianus.
3553 2352 3608 2410 Is

1948 2460 2212 2515 exeunte
2256 2454 2504 2513 saeculo
2559 2457 2804 2526 quarto,
2879 2464 3074 2522 quum
3124 2448 3367 2507 iuvenis
3422 2454 3606 2517 esset,

1948 2672 2224 2742 γήσασθαι
2268 2675 2385 2745 περὶ
2439 2676 2527 2722 τοῦ
2575 2664 2795 2720 παιδίου
2842 2666 3076 2726 Μελάνης
3124 2684 3175 2719 κ.
3226 2682 3274 2717 τ.
3298 2663 3345 2716 λ.
3381 2667 3468 2734 (p.
3505 2666 3603 2717 I05

1952 2766 2148 2833 sqq.),
2179 2760 2315 2815 ﬁnis
2349 2777 2361 2815 :
2412 2764 2502 2810 καὶ
2535 2759 2799 2832 παρθένων
2838 2760 2924 2806 καὶ
2960 2750 3241 2807 δουλίδων.
3279 2753 3410 2807 XIV.
3444 2754 3606 2822 Περὶ

1952 2856 2299 2902 Πιννιανοῡ
2345 2855 2454 2899 τοῦ
2495 2844 2730 2920 ἀνδρὸς
2780 2843 3252 2914 αὐτῆς.’ομοίως
3278 2846 3367 2893 καὶ
3399 2848 3605 2892 Πιννια-

1948 2943 2029 2999 νὸς
2060 2941 2084 2989 ὁ
2134 2943 2245 2990 τότε
2304 2936 2431 3010 ἀνὴρ
2496 2936 2674 3000 αὐτῆς,
2743 2942 2830 2985 νῦν
2883 2932 2941 2985 δὲ
2992 2942 3081 2992 τῆς
3127 2931 3310 3004 ἀρετῆς
3361 2933 3607 3002 σύνεργός

1949 3048 1999 3081 κ.
2033 3048 2083 3083 τ.
2114 3028 2159 3082 λ.
2214 3028 2295 3098 (p.
2352 3028 2496 3093 109),
2530 3024 2667 3079 finis
2701 3040 2712 3077 ε
2741 3026 2911 3093 ἔργοις
2942 3031 3031 3081 τῆς
3072 3020 3294 3093 ἆρίστης
3326 3018 3603 3079 πολιτείας.

1948 3120 2058 3172 XV.
2096 3121 2244 3189 Περὶ
2294 3125 2403 3176 τῆς
2449 3111 2939 3183 ὑποδεξαμένης
2985 3113 3301 3181 παρθένου
3342 3113 3443 3161 τὸν
3475 3128 3591 3180 μα-

1947 3210 2168 3278 κάριον
2234 3205 2643 3259 Ἀθανοίσιον.
2702 3204 2957 3275 Παρθένον
3012 3197 3136 3252 οἶδα
3178 3204 3271 3256 τὴν
3330 3198 3377 3250 ἐν
3428 3196 3601 3260 Ἀλεξ-

1948 3293 2181 3367 ανδρεία,
2230 3296 2291 3353 ἣν
2334 3293 2619 3363 κατείληφα
2658 3312 2707 3346 κ.
2742 3312 2789 3344 τ.
2823 3291 2869 3344 λ.
2904 3291 2992 3361 (p.
3040 3293 3135 3344 I09
3178 3291 3373 3360 sqq.),
3406 3288 3540 3341 ﬁnis
3575 3307 3587 3341 :

1948 3386 2015 3447 εἰς
2057 3389 2149 3442 τὴν
2196 3387 2321 3454 ἐμὴν
2377 3379 2532 3443 δόξαν
2590 3386 2678 3433 καὶ
2729 3380 3027 3452 ἀσφάλειαν.
3088 3379 3210 3433 XIV.
3270 3382 3598 3448 Διήγησις

1946 3473 2315 3527 Ἱππολύτου
2367 3479 2473 3522 τοῦ
2520 3475 2848 3541 γνωρίμου
2905 3476 3024 3519 τῶν
3071 3467 3457 3519 ἀποστολων.
3512 3466 3598 3517 Ἐν

1948 3563 2081 3633 ἄλλῳ
2160 3558 2479 3634 βιϐλιδαρίῳ
2558 3559 2711 3629 [cod.
2797 3554 3225 3629 βιϐλιδαρίῳ]
3290 3556 3602 3627 ἐπιγεγραμ-

1948 3656 2081 3725 μένῳ
2131 3649 2437 3702 Ἱππολύτου
2488 3668 2539 3699 κ.
2569 3668 2626 3704 τ.
2675 3646 2724 3699 λ.
2774 3646 2858 3718 (p.
2922 3648 3019 3701 H2
3052 3645 3235 3717 sqq.),
3286 3644 3603 3716 ﬁnisqu-

1946 3744 2141 3813 καρίων
2228 3739 2486 3809 στεφάνων
2561 3738 2704 3809 παρὰ
2777 3742 2871 3795 τῆς
2951 3736 3137 3785 τούτου
3216 3732 3604 3807 φιλανθρωπίας

1945 3830 2168 3892 ἠξιώθη.
2202 3832 2408 3899 Itaque
2445 3827 2561 3882 hoc
2588 3840 2743 3897 opus
2773 3838 2894 3880 non
2924 3828 3046 3880 tam
3061 3822 3213 3877 libro
3241 3822 3602 3877 collectionis

1949 3917 2397 3975 Rosweidianae
2426 3917 2690 3970 secundo
2712 3917 3059 3982 cognatum,
3083 3928 3268 3983 quam
3298 3927 3328 3966 e
3352 3910 3603 3981 singulis

1950 4008 2246 4079 capitibus
2271 4005 2553 4060 Historiae
2582 4004 2901 4058 Lausiacae
2932 4000 3333 4071 compositum
3365 4014 3490 4055 esse
3518 3999 3604 4054 in-

1952 4096 2252 4165 telligitur.

2028 4184 2105 4256 (1)
2138 4182 2281 4237 Hist.
2310 4180 2527 4235 Eccles.
2556 4178 2662 4234 lib.
2697 4177 2766 4232 IV
2792 4193 2924 4249 cap.
2950 4180 3015 4231 23
3044 4175 3134 4229 ed.
3154 4174 3421 4230 Valesius
3452 4177 3599 4244 Mog.

1961 4275 2093 4330 1677
2127 4271 2337 4344 p.238.

2032 4363 2104 4433 (2)
2137 4362 2280 4416 Hist.
2316 4360 2494 4415 Laus.
2528 4374 2661 4429 cap.
2706 4359 2771 4410 88
2802 4356 2955 4427 Opp.
2998 4355 3213 4409 Meurs.
3248 4354 3284 4409 I.
3316 4353 3350 4419 l,
3380 4372 3432 4425 p.
3471 4357 3598 4412 549.

194 4467 280 4520 ρον
330 4444 502 4520 ἄνδρα
552 4446 699 4516 ἅγιον
747 4465 802 4500 κ.
844 4465 892 4499 τ.
946 4445 993 4500 λ.
1029 4446 1109 4517 (ρ.
1163 4450 1228 4502 63
1261 4449 1442 4519 sqq.),
1492 4449 1732 4506 ﬁnitur:
1764 4450 1841 4502 Ἰει

2035 4451 2111 4523 (3)
2137 4452 2215 4504 De
2246 4449 2359 4503 hac
2389 4464 2450 4503 re
2478 4462 2659 4517 supra
2685 4462 2744 4517 p.
2776 4445 2838 4499 21
2883 4443 3342 4515 disputavimus.

195 4536 475 4609 ρουσαλὴμ
550 4537 726 4596 πάσας
798 4537 892 4595 τὰς
976 4537 1166 4607 ἡμέρας
1238 4544 1329 4597 τῆς
1382 4538 1517 4598 ζωῆς
1567 4540 1730 4610 ὑμῶν.
1788 4542 1850 4594 Χ.

202 4631 357 4698 Περὶ
415 4632 525 4677 τοῦ
574 4627 631 4675 ἓν
676 4624 891 4695 ἁγίοις
938 4628 1182 4698 Κόπρη,
1231 4624 1404 4686 ἐνοῖς
1437 4632 1715 4702 καὶπερὶ
1748 4635 1855 4680 τοῦ

208 4714 488 4786 μεγάλου
515 4716 758 4787 πατρὸς
799 4715 1302 4785 Πατιρμουθίον.
1331 4714 1428 4767 Ἦν
1454 4712 1514 4767 δέ
1536 4735 1614 4777 τις
1640 4716 1862 4791 πρεσϐύ-

210 4822 351 4878 τερος
381 4805 520 4873 ἔχων
564 4802 786 4860 πλησίον
837 4802 938 4853 ἐκεῖ
967 4822 1018 4855 κ.
1061 4822 1110 4857 τ.
1142 4804 1195 4859 λ.
1250 4806 1332 4875 (ρ.
1367 4808 1432 4859 85
1465 4808 1646 4877 sqq.),
1679 4807 1813 4861 finis
1847 4822 1859 4860 :

212 4897 305 4951 τὴν
338 4900 439 4943 τῶν
481 4887 713 4962 ἀδελφῶν
766 4891 1078 4943 ἀνάπαυσιν.
1117 4893 1201 4946 ΧΙ.
1238 4898 1389 4965 Περὶ
1436 4902 1549 4955 τῆς
1606 4894 1866 4967 ἀειμνὴ-

218 4999 369 5033 στου
428 4984 536 5031 καὶ
603 4984 928 5053 μακαρίας
982 4980 1286 5042 Μελάνης.
1344 4981 1402 5034 Ἠ
1469 4988 1581 5057 τρὶς
1634 4989 1872 5056 μακαρία

214 5070 420 5125 Maleam
456 5070 625 5125 Σπάνη
655 5065 715 5125 ἦν
750 5088 799 5122 κ.
836 5089 885 5124 τ.
918 5069 964 5120 λ.
993 5069 1075 5141 (ρ.
1109 5073 1176 5124 98
1208 5071 1632 5142 sqq.)ﬁnitur),
1669 5090 1682 5127 :
1712 5072 1761 5123 ἐν
1789 5072 1875 5124 Ἰε-

2034 4542 2110 4611 (4)
2140 4540 2245 4591 vv.
2274 4538 2374 4591 PP.
2408 4537 2598 4590 Rosw.
2638 4533 2740 4588 lib.
2776 4532 2818 4586 II
2850 4548 2981 4603 cap.
3014 4536 3081 4585 27
3113 4548 3172 4603 p.
3205 4532 3331 4597 479,
3362 4536 3407 4585 l.

2037 4628 2117 4699 (5)
2150 4625 2416 4682 Galland.
2450 4622 2592 4678 Bibl.
2626 4622 2731 4677 PP.
2772 4623 2835 4676 T.
2863 4621 2949 4675 VII
2977 4636 3034 4692 p.
3068 4625 3189 4676 553.

2041 4717 2118 4789 (6)
2148 4715 2297 4770 Ibid.
2330 4730 2388 4785 p.
2425 4712 2546 4768 561.
2592 4715 2718 4767 565.
2774 4745 2789 4753 ς

2046 4805 2124 4877 (7)
2156 4807 2218 4858 In
2244 4804 2365 4858 vita
2408 4804 2463 4858 S.
2523 4802 2688 4855 Pauli
2729 4798 3030 4863 eremitae,
3067 4800 3121 4854 S.
3179 4796 3415 4853 Hieron.
3470 4798 3623 4867 Opp.

1978 4896 2070 4952 ed.
2108 4894 2321 4948 Bened.
2348 4894 2408 4945 T.
2440 4891 2527 4945 IV.
2562 4892 2620 4944 P.
2656 4889 2702 4942 II
2735 4904 2793 4959 p.
2828 4893 2915 4943 69.

2053 4982 2129 5055 (8)
2153 4980 2347 5037 Ruﬁni
2369 4978 2653 5050 Apologis
2681 4974 3017 5047 [Invectiva]
3044 4975 3101 5028 in
3133 4976 3189 5029 S.
3207 4974 3631 5044 Hieronymum

1983 5073 2086 5128 lib.
2112 5072 2157 5124 Il
2190 5084 2322 5140 cap.
2368 5072 2451 5133 l2,
2485 5068 2636 5139 Opp.
2665 5065 2759 5120 ed.
2794 5062 3044 5120 Vallarsi
3072 5080 3130 5134 p.
3162 5064 3285 5128 367,
3316 5062 3502 5131 Migne
3538 5063 3636 5115 Pa-

218 5158 493 5229 ρουσαλὴμ
524 5159 728 5227 ἔχουσα
771 5155 1018 5209 συνοδίαν
1064 5161 1348 5230 παρθένων.
1399 5160 1508 5215 ΧΙΙ.
1545 5160 1685 5213 Ἐτι
1734 5181 1841 5237 περ

1988 5162 2116 5217 trol.
2174 5159 2236 5213 T.
2286 5157 2395 5212 XXI
2448 5172 2508 5227 p.
2567 5154 2712 5224 594;
2748 5155 2802 5208 S.
2856 5152 3086 5207 Hieron.
3124 5153 3275 5221 Opp.
3316 5150 3389 5206 ed
3420 5146 3636 5202 Bened.

222 5258 331 5309 τῆς
388 5247 674 5318 μεγάλης
725 5252 814 5298 καὶ
868 5244 1059 5318 ἀγἾας
1102 5248 1400 5310 Μελαίνης
1437 5249 1626 5320 λόγος
1669 5253 1879 5323 ἔτερος
1989 5249 2102 5306 1.1.
2135 5247 2345 5319 p.422.

227 5344 333 5388 τοῦ
361 5335 580 5387 αύτοῦ.
634 5341 758 5409 Περὶ
814 5343 904 5396 τῆς
936 5338 1235 5409 θαυμασίας
1272 5343 1361 5390 καὶ
1410 5338 1559 5410 ἁγίας
1590 5338 1637 5389 ἐν
1676 5339 1883 5409 γυναιξὶ

231 5426 458 5484 Μελάνης
500 5443 550 5477 κ.
602 5443 649 5475 τ.
710 5425 757 5475 λ.
794 5424 877 5496 (p.
912 5427 1013 5480 -100
1062 5427 1200 5499 sq.),
1233 5426 1471 5487 ﬁnitur:
1523 5430 1769 5503 ἄπρακτα
1802 5447 1888 5500 με·

2066 5339 2142 5409 (9)
2174 5334 2341 5406 Apol.
2372 5333 2510 5389 adv.
2544 5330 2823 5387 Ruﬁnum
2857 5328 2963 5383 lib.
3004 5328 3091 5391 III,
3129 5328 3185 5381 S.
3221 5327 3453 5382 Hieron.
3493 5324 3650 5409 Opp.

1997 5407 2090 5485 ed.
2125 5424 2342 5480 Bened.
2366 5422 2404 5477 l.
2431 5422 2469 5477 l.
2499 5437 2557 5493 p.
2586 5423 2690 5475 459
2737 5433 2826 5488 sq.
2862 5419 2938 5471 De
2969 5415 3173 5470 itinere
3204 5416 3259 5469 S.
3310 5407 3658 5475 Hieronymi

235 5516 519 5565 τανοούτων
569 5512 663 5583 ὀψὲ
706 5520 797 5564 τοῦ
854 5522 1060 5589 καιροῦ.
1144 5515 1282 5571 ΧΙΙΙ.
1369 5521 1520 5592 Περὶ
1597 5518 1841 5574 Μελάνη

1998 5517 2061 5573 in
2112 5517 2382 5584 Aegypto
2435 5509 2511 5566 cf.
2570 5510 2626 5565 S.
2677 5505 2912 5560 Hieron.
2972 5504 3124 5572 Opp.
3181 5501 3278 5557 ed.
3330 5501 3523 5568 Migne
3554 5493 3668 5544 T.l

238 5604 343 5665 τῆς
390 5605 726 5673 νεωτέρας.
768 5602 913 5656 Ἐπεὶ
939 5600 999 5656 δὲ
1031 5609 1448 5678 προῦπεσχόμην
1478 5604 1715 5680 ἀνωτέρω
1762 5602 1888 5666 διη-

525 5718 762 5774 Peraea.
799 5716 908 5775 Gn.
946 5718 1202 5779 XXXIV.

2006 5601 2245 5691 [PatroL
2279 5601 2441 5671 XXII]
2474 5614 2533 5671 p.
2567 5601 2633 5653 60
2664 5608 2801 5665 sqq.

3358 5703 3400 5759 3
