4092 6256
509 310 580 365 35
1384 307 1487 362 ss.
1533 300 2019 361 MACARIOBUM
2059 298 2393 362 AEGYPTII
2436 307 2525 363 EI‘
2566 274 3054 363 ALEXANDRINI
3841 308 3907 362 se

500 445 580 491 ex
626 434 933 493 coenobio
993 432 1506 491 Bethlehemitico
1550 433 1612 490 in
1669 433 2012 505 Aegyptum
2051 448 2156 489 ve--
2189 427 2233 481 A
2269 432 2561 498 referant,
2621 447 2778 505 quae
2829 432 2993 504 apud
3045 435 3329 489 auctores
3371 432 3654 490 Macariis
3689 443 3906 504 aequa-

502 530 669 588 uisse
732 531 977 588 videtur
1015 527 1125 605 (1),
1186 536 1247 588 et
1317 530 1380 587 in
1420 531 1550 588 sola
1593 530 1904 589 Thebadis
1943 544 2157 589 eremo
2267 528 2357 586 les
2410 544 2531 588 non
2586 531 2892 601 leguntur,
2947 533 3007 585 et
3056 528 3317 585 fortasse
3358 544 3433 586 ex
3488 528 3737 601 scriptis
3772 531 3909 587 sunt

501 628 894 700 septennium
936 628 1210 700 explevit
1254 624 1391 703 (2);
1454 628 1619 685 unde
1662 629 1955 700 colligere
2013 629 2157 686 licet
2265 626 2613 699 desumpta,
2689 640 2848 699 quae
2914 630 3176 684 aetatem
3247 627 3653 686 Macariorum
3725 625 3909 684 attin-

500 725 666 784 haud
699 726 992 798 exiguum
1052 726 1354 797 temporis
1411 726 1683 798 spatium
1734 726 2013 799 reliquae
2053 742 2155 799 pe-

499 824 903 897 regrinationi
927 855 1007 865 —-
1036 838 1176 881 nam
1194 825 1459 881 multum
1494 824 1924 896 peregrinatus
1954 830 2047 882 est
2080 857 2153 865 -—

499 921 708 993 ipsum
756 922 1155 993 impendisse.
1216 921 1514 979 Neutrum
1584 921 2000 979 Macariorum
2054 938 2154 983 su-

500 1019 820 1092 perstitem
870 1020 1126 1085 invenit,
1176 1020 1307 1087 sed,
1374 1033 1533 1091 quae
1584 1019 1647 1075 in
1705 1019 2154 1078 Collationibus

501 1117 750 1175 Patrum
808 1115 885 1174 de
943 1117 1018 1173 iis
1082 1117 1293 1185 refert,
1351 1130 1423 1172 ex
1479 1111 1597 1183 35.
1650 1130 1760 1173 ore
1797 1115 2153 1188 Serapionis

502 1214 691 1281 senis,
754 1216 814 1269 et
857 1212 1215 1277 Nesterotis,
1247 1212 1666 1284 antiquissimi
1720 1215 2147 1286 anachoretae,

502 1310 741 1382 accepit
792 1306 902 1385 (3).
957 1309 1375 1368 Nihilominus
1416 1309 1563 1367 libri
1609 1311 1881 1368 Cassiani
1935 1311 2010 1369 ad
2051 1326 2151 1370 co-

500 1408 915 1481 gnoscendam
959 1407 1235 1465 indolem
1291 1413 1352 1465 et
1381 1406 1784 1479 disciplinam
1846 1408 2151 1467 solitario-

501 1519 644 1564 rum
669 1505 836 1562 illius
867 1506 1171 1577 temporis
1204 1505 1409 1577 magni
1460 1506 1642 1577 pretii
1679 1512 1901 1563 suntet
1944 1508 2027 1565 ob
2053 1507 2149 1564 in-

499 1604 849 1676 tegritatem
896 1602 1222 1675 scriptoris
1259 1609 1319 1661 et
1369 1603 1453 1661 ob
1510 1604 1805 1676 prudens,
1851 1618 1976 1676 quo
2006 1619 2151 1663 eum

502 1700 809 1760 excellere
847 1701 1145 1766 arbitror,
1181 1699 1507 1759 iudicium.

2263 731 2431 797 gunt.
2486 726 2602 797 35
2662 724 2843 783 Liber
2890 729 3153 795 quartus
3204 710 3677 782 Rosweidianae
3727 723 3910 781 colle-

2263 821 2487 879 ctionis
2537 836 2727 894 supra
2785 821 2949 879 haud
3021 821 3483 894 nominabatur,
3550 822 3719 895 quod
3790 834 3910 878 non

2262 919 2381 977 nisi
2434 920 2744 991 excerptis
2787 918 3038 991 Sulpitii
3086 919 3292 978 Severi
3328 926 3390 978 et
3440 919 3711 979 Cassiani
3764 918 3913 977 locis

2261 1021 2519 1087 constat,
2555 1020 2659 1090 qui
2710 1016 2933 1074 itzelius
2976 1017 3040 1074 in
3102 1018 3305 1090 plenis
3330 1032 3549 1076 eorum
3594 1018 3776 1077 libris
3824 1016 3911 1073 Ie-

2261 1118 2510 1187 guntur,
2555 1120 2614 1173 et
2668 1118 2743 1171 ad
2786 1114 3183 1186 superiorum
3224 1116 3604 1188 scriptorum
3644 1118 3906 1174 classem
4037 1156 4039 1199 Α

2262 1212 2602 1283 pertinent.
2663 1213 2873 1284 Neque
2919 1211 3224 1283 Sulpitius
3281 1214 3547 1272 Severus
3590 1214 3668 1271 de
3722 1214 3910 1271 Maca-
4038 1210 4039 1301 (

2261 1311 2376 1368 riis
2426 1324 2718 1383 expresse
2770 1310 3013 1381 uspiam
3064 1311 3362 1382 loquitur.
3405 1312 3587 1370 Libro
3637 1324 3804 1370 nono
3856 1317 3914 1369 et
4038 1304 4039 1383 ξ

2262 1352 2376 1368 ...υ
2426 1352 2718 1383 My.-.“
2773 1352 3013 1381 πρυ...
3064 1352 3362 1382 “qum...
3405 1352 3587 1370 ...υιυ
3638 1352 3804 1370 ..νην
3857 1352 3914 1369 υ.

2261 1407 2504 1467 decimo
2551 1408 2666 1464 VV.
2719 1409 2824 1465 PP.
2882 1408 3349 1467 Rosweidianae
3397 1410 3785 1469 collectionis
3824 1410 3910 1467 ni-

2262 1507 2351 1565 hil
2397 1508 2476 1564 de
2510 1506 2792 1563 Macariis
2830 1506 3208 1563 continetur.
3259 1508 3384 1565 Iam
3438 1524 3585 1567 vero
3615 1513 3789 1583 quod
3838 1511 3913 1569 ad
4038 1524 4039 1583 1

2262 1603 2496 1662 librum
2544 1604 2798 1662 tertium
2851 1608 2910 1661 et
2958 1604 3295 1677 septimum
3343 1605 3585 1680 attinet,
3638 1609 3917 1667 animad-
4038 1588 4039 1625 ἶ

2261 1702 2630 1761 vertendum
2679 1708 2793 1773 est,
2846 1715 3066 1760 omnes
3120 1703 3311 1772 locos,
3362 1703 3470 1776 qui
3526 1706 3589 1762 in
3645 1708 3917 1781 septimo

580 1797 610 1875 ξ
685 1799 776 1855 IO.
825 1799 1339 1857 Commemoratis
1414 1803 1766 1869 auctorum,
1841 1799 1950 1872 qui
2006 1779 2223 1858 cumB
2264 1801 2555 1873 leguntur
2625 1799 2703 1856 de
2777 1800 3062 1871 Macario,
3127 1799 3178 1857 si
3228 1802 3446 1859 eadem
3506 1779 3789 1865 narratio
3859 1806 3921 1863 in

503 1896 784 1955 Macariis
835 1896 1141 1961 vixerunt,
1208 1902 1315 1955 aut
1378 1896 1458 1954 ab
1509 1911 1729 1956 eorum
1788 1898 2153 1970 aequalibus

501 1996 578 2053 de
626 1994 704 2052 iis
755 1994 957 2053 edocti
983 1998 1145 2060 sunt,
1207 1994 1458 2066 scriptis
1513 2000 1721 2065 restat,
1770 2003 1837 2052 ut
1887 1994 1963 2052 de
1993 2001 2153 2053 cete-

503 2093 590 2150 ris
615 2092 913 2161 fontibus,
948 2106 1221 2163 quorum
1287 2098 1572 2150 auctores
1620 2097 1681 2149 et
1730 2097 1993 2151 aetatem
2047 2108 2151 2150 ne-

505 2191 762 2260 scimus,
813 2204 1213 2261 quaeramus.
1295 2191 1359 2247 In
1429 2189 1525 2248 his
1600 2190 1970 2248 numerandi
2014 2196 2152 2248 sunt

503 2287 968 2345 Rosweidianae
1040 2287 1432 2345 collectionis
1499 2288 1723 2345 tertius
1773 2283 1886 2363 (4),
1962 2288 2151 2361 quin-

499 2389 599 2443 tus
622 2383 732 2459 (ὅ),
766 2389 974 2442 sextus
1004 2382 1091 2460 (6)
1123 2390 1183 2443 et
1212 2385 1517 2456 septimus
1554 2383 1643 2461 (7)
1676 2384 1842 2443 liber
1874 2386 1982 2444 VV.
2018 2387 2146 2452 PP.,

498 2490 685 2555 atque
754 2482 917 2539 liber
990 2482 1434 2540 sententiarum
1513 2487 1759 2554 patrum
1817 2484 2154 2558 Aegyptio-

504 2594 644 2637 rum
666 2576 778 2654 (8).
830 2578 944 2647 Qui
1001 2578 1255 2651 quidem
1305 2578 1449 2636 libri
1504 2580 1878 2652 quibusnam
1909 2580 2153 2652 graecis

503 2675 919 2748 scriptoribus
951 2707 1022 2717 -—
1052 2690 1194 2732 nam
1251 2676 1545 2748 primitus
1572 2691 1791 2747 graece
1816 2678 2150 2750 compositi

504 2774 755 2831 fuerunt
783 2772 1181 2845 —originem
1206 2774 1494 2838 debeant,
1526 2773 1905 2846 ignoramus,
1937 2790 2006 2833 ac
2023 2777 2151 2834 sola

504 2870 839 2929 latinorum
882 2871 1299 2943 interpretum
1359 2872 1613 2929 nomina
1679 2873 1921 2944 cognita
1985 2878 2150 2944 sunt,

503 2983 579 3027 ex
655 2969 886 3041 quibus
962 2969 1113 3026 istos
1185 2983 1437 3041 quoque
1522 2969 1975 3041 antiquissimis
2024 2970 2153 3027 illis

501 3067 892 3143 temporibus
942 3067 1210 3139 scriptos
1265 3080 1400 3124 esse
1429 3072 1708 3140 apparet.
1748 3068 2007 3126 Tantum
2052 3083 2151 3126 ve-

2260 1896 2446 1956 tertio
2498 1910 2749 1969 quoque
2794 1897 3128 1969 reperitur,
3179 1911 3323 1956 cum
3377 1899 3564 1957 huius
3610 1901 3763 1960 libri
3820 1918 3925 1962 re-

2262 1995 2494 2052 latione
2562 2008 2759 2066 prope
2826 1995 2901 2051 ad
2975 1996 3238 2053 verbum
3297 1999 3675 2057 consentire.
3752 2000 3924 2061 Unde

2261 2092 2552 2163 efﬁcitur,
2603 2091 2975 2149 alterutrum
3026 2092 3439 2166 interpretum
3472 2095 3537 2152 in
3569 2096 3741 2157 libro
3785 2112 3931 2157 con-

2262 2188 2596 2247 scribendo
2640 2203 2760 2247 non
2829 2189 3031 2247 solum
3104 2192 3373 2249 eundem
3442 2207 3744 2266 graecum
3790 2201 3928 2255 tex-

2262 2293 2419 2359 tum,
2462 2287 2570 2344 sed
2613 2287 2802 2345 etiam
2862 2287 3117 2345 alterius
3166 2289 3515 2349 versionem
3562 2293 3638 2351 ad
3702 2308 3931 2352 manus

2263 2384 2584 2443 habuisse.
2650 2385 2875 2442 Verum
2912 2384 3072 2442 inter
3099 2386 3331 2445 librum
3360 2389 3615 2447 tertium
3647 2396 3711 2449 et
3743 2392 3929 2465 quin-

2263 2488 2394 2541 tum
2445 2497 2515 2539 ea
2546 2486 2774 2539 tantam
2802 2482 3151 2541 similitudo
3184 2483 3535 2555 intercedit,
3572 2491 3637 2544 ut
3668 2488 3735 2547 in
3788 2504 3930 2548 nar-

2263 2580 2611 2638 rationibus
2659 2580 2734 2637 de
2798 2578 3103 2650 Macariis,
3155 2596 3315 2653 quae
3390 2582 3450 2639 in
3501 2590 3775 2658 utroque
3832 2590 3929 2645 le—

2261 2683 2511 2751 guntur,
2584 2677 3059 2735 concinnatores
3129 2679 3351 2736 eodem
3435 2695 3660 2753 graeco
3749 2691 3926 2745 textu

2262 2791 2407 2835 usos
2449 2790 2583 2832 esse
2631 2775 2812 2832 statui
2855 2780 3159 2847 oporteat.
3204 2776 3378 2846 Quod
3424 2778 3591 2835 idem
3647 2781 3727 2840 de
3763 2798 3926 2842 nexu
4038 2762 4039 2823 l

2263 2874 2427 2931 inter
2455 2877 2699 2930 sextum
2732 2877 2793 2929 et
2845 2873 3098 2930 tertium
3129 2874 3362 2931 librum
3397 2876 3576 2942 valet,
3612 2879 3737 2938 hoc
3789 2882 3925 2940 solo

2262 2970 2651 3041 discrimine,
2706 2970 2872 3041 quod
2945 2985 3069 3028 una
3124 2972 3200 3027 de
3234 2972 3513 3030 Macariis
3567 2978 3928 3037 narratiun-
4038 2972 4039 2975 “

2262 3069 2403 3126 cula
2447 3068 2510 3124 in
2554 3071 2818 3139 utroque
2851 3066 3073 3123 iisdem
3104 3067 3313 3126 verbis
3339 3070 3585 3127 reddita
3616 3080 3734 3131 est.
3774 3076 3931 3134 Sen-

501 3180 573 3225 ro
612 3166 806 3237 abest,
854 3170 919 3222 ut
957 3165 1032 3222 iis
1058 3165 1316 3237 propria
1366 3164 1758 3223 contineatur
1792 3170 2150 3239 temporum
2187 3164 2225 3189 υ
2263 3166 2490 3225 tentiae
2546 3166 2819 3237 denique
2875 3170 3120 3236 patrum
3182 3167 3627 3238 Aegyptiorum
3687 3188 3724 3229 a
3782 3174 3925 3232 Ros—

500 3277 845 3334 senumque
928 3261 1288 3333 descriptio,
1355 3263 1606 3334 qualem
1664 3263 1808 3320 libri
1869 3264 2146 3330 Palladii,

501 3360 729 3430 Ruﬁni,
757 3359 1025 3416 aliorum
1088 3360 1407 3430 praebent,
1444 3365 1509 3416 ut
1586 3360 1741 3417 nihil
1792 3361 1908 3417 nisi
1966 3363 2151 3419 colle-

499 3455 624 3515 ctio
692 3456 1063 3514 relationum
1156 3461 1217 3513 et
1295 3457 1743 3515 sententiarum
1824 3457 2152 3515 videantur

499 3560 930 3627 congestarum
959 3568 1033 3611 ex
1073 3552 1268 3611 variis
1321 3555 1398 3610 de
1461 3568 1679 3612 senum
1734 3554 1857 3611 vita
1887 3560 1948 3612 et
1972 3556 2151 3613 disci-

498 3653 669 3725 plina
718 3651 965 3723 scriptis
1037 3651 1166 3709 sive
1218 3650 1569 3724 deperditis
1633 3656 1739 3709 aut
1780 3652 1842 3710 in
1896 3654 2150 3724 pulvere

497 3752 703 3811 adhuc
743 3749 1269 3817 delitescentibus,
1325 3750 1454 3808 sive
1498 3749 1617 3807 iam
1645 3751 1912 3808 excusis.
1958 3752 2144 3821 Nihil,

497 3850 606 3924 qui
654 3864 761 3907 eos
833 3848 1244 3915 concinnavit,
1330 3847 1465 3921 ipse
1544 3849 1720 3915 vidit,
1802 3849 1956 3906 nihil
2014 3851 2148 3922 ipse

495 3947 798 4021 percepit,
856 3946 1012 4003 nihil
1058 3944 1192 4018 ipse
1226 3950 1521 4017 expertus
1567 3952 1679 4003 est.
1738 3947 2044 4018 Incipiens
2068 3950 2147 4006 ab

495 4046 705 4119 aliqua
737 4045 1191 4103 historluncula
1244 4045 1503 4101 alteram
1559 4049 1619 4101 et
1677 4046 1922 4102 tertiam
1950 4046 2140 4113 addit,

494 4159 654 4218 quae
734 4142 1012 4216 singulae
1087 4141 1362 4216 singulos
1431 4156 1609 4200 senes
1691 4150 1992 4215 spectant,
2076 4159 2145 4201 ac

492 4255 945 4313 saepenumero
1002 4240 1155 4311 ipsis
1206 4240 1416 4297 verbis
1472 4240 1745 4297 auctoris
1792 4242 2140 4309 cuiusdam,

492 4354 680 4412 quem
713 4339 1020 4403 novimus,
1069 4337 1155 4394 ita
1209 4342 1276 4394 ut
1326 4337 1837 4409 compilationem
1868 4339 2143 4412 undique

494 4435 881 4495 manifestam
934 4434 1386 4507 deprehendas.
1439 4433 1637 4506 Magni
1683 4441 1913 4503 autem,
1967 4438 2143 4495 dum-

492 4534 682 4593 modo
738 4548 899 4607 quae
941 4532 1359 4590 confuderunt
1423 4532 1652 4590 acriter
1709 4532 2138 4605 dispiciamus,

493 4632 863 4692 aestimandi
897 4637 1040 4689 sunt
1094 4630 1244 4687 libri
1293 4629 1409 4698 illi,
1467 4645 1661 4703 quum
1712 4633 1911 4693 multa
1960 4635 2141 4693 nobis

563 4792 638 4863 (1)
671 4790 749 4846 Cf.
794 4788 1059 4846 Cassiani
1104 4789 1277 4861 Opp.,
1320 4787 1518 4844 Alardi
1549 4791 1758 4846 Gazaei
1785 4806 1881 4864 ep.
1919 4792 1996 4847 ad
2025 4791 2137 4847 Iec-

487 4886 677 4938 torem
698 4879 887 4934 initio.
925 4878 1139 4933 Oudin.
1165 4878 1566 4935 Commentar.
1584 4880 1657 4936 de
1690 4881 1923 4952 Scriptt.
1956 4881 2136 4937 eccle-

487 4971 648 5026 siast.
677 4970 737 5023 T.
767 4972 787 5023 ῐ
818 4983 877 5039 p.
916 4968 1045 5023 1133
1076 4982 1211 5039 sqq.

557 5059 631 5130 (2)
666 5057 810 5114 Coll.
839 5057 975 5113 XVII
1004 5060 1238 5128 cap.3|,
1265 5059 1415 5130 Opp.
1450 5058 1715 5115 Cassiani
1746 5057 1838 5114 ed.
1871 5060 2134 5114 Gazaeus

485 5164 542 5221 p.
570 5148 691 5213 513,
722 5146 915 5217 Migne
948 5162 1005 5218 p.
1037 5148 1188 5202 1087.

554 5239 630 5309 (3)
654 5235 737 5293 CI.
770 5237 922 5291 infra
949 5238 1135 5307 Caput
1159 5238 1228 5293 V.

552 5327 628 5399 (4)
663 5326 773 5382 VV.
808 5328 909 5381 PP.
939 5328 1126 5381 Rosw.
1168 5342 1227 5397 p.
1262 5330 1365 5382 492
1393 5342 1526 5400 sqq.

553 5417 629 5488 (5)
661 5415 808 5473 Ibid.
838 5432 898 5489 p.
933 5419 1033 5471 562
1068 5432 1200 5489 sqq.

550 5508 626 5577 (6)
650 5506 799 5563 Ibid.
837 5522 894 5578 p.
924 5507 1025 5561 644
1053 5522 1189 5578 sqq.

545 5596 626 5668 (7)
654 5596 804 5651 Ibid.
837 5612 896 5669 p.
926 5598 1030 5653 665
1061 5612 1196 5668 sqq.

546 5685 622 5759 (8)
651 5686 797 5742 Ibid.
832 5703 890 5760 p.
928 5690 1060 5743 1002
1090 5700 1226 5759 sqq.

2260 3264 2466 3322 weido
2532 3264 2594 3320 in
2662 3262 2781 3319 ﬁne
2826 3262 3215 3320 collectionis
3258 3264 3459 3322 editae
3532 3271 3925 3338 paucissima

2262 3363 2576 3421 dumtaxat
2622 3360 2685 3418 in
2716 3364 2990 3418 nostram
3034 3375 3165 3418 rem
3198 3363 3711 3435 suppeditabunt.

2342 3457 2503 3534 §IL
2560 3457 2675 3515 Sed
2736 3458 2810 3514 ad
2868 3457 3063 3515 fontes
3116 3474 3149 3515 a
3199 3459 3531 3519 Bosweido
3560 3461 3768 3523 editos
3816 3466 3921 3523 alii

2260 3557 2580 3615 accedunt.
2641 3556 2803 3613 Inter
2854 3570 3013 3627 quos
3066 3556 3273 3626 primo
3326 3558 3464 3616 loco
3531 3563 3925 3624 nominanda

2261 3654 2548 3711 videntur
2646 3651 2750 3710 illa
2840 3648 3319 3728 Amp/tthegmata
3400 3660 3653 3731 patrum,
3757 3677 3926 3735 quae

2260 3752 2425 3823 apud
2484 3750 2862 3809 Cotelerium
2894 3750 3056 3808 Eccl.
3115 3752 3334 3810 Graec.
3406 3754 3564 3811 Mon.
3615 3756 3690 3813 T.
3762 3759 3784 3816 I
3842 3775 3913 3833 p.

2254 3852 2374 3908 338
2426 3864 2565 3922 sqq.
2621 3849 2954 3919 habentur,
3015 3849 3408 3921 alphabetico
3462 3853 3689 3911 ordine
3746 3858 3925 3931 dige-

2256 3954 2368 4006 sta.
2402 3947 2579 4017 Quod
2634 3948 3030 4018 Opusculum,
3088 3946 3267 4004 cuius
3321 3948 3589 4020 primam
3642 3958 3923 4015 mentio-

2252 4060 2398 4105 nem
2470 4060 2609 4103 saec
2694 4044 2796 4102 XII
2855 4045 3077 4102 factam
3127 4060 3260 4102 esse
3313 4046 3564 4106 invenio
3609 4048 3754 4125 '(9),
3836 4055 3924 4113 ita

2248 4144 2672 4216 compositum
2744 4146 2856 4209 est,
2914 4147 2981 4199 ut
3032 4144 3418 4214 singulorum
3474 4152 3728 4217 patrum
3802 4167 3924 4212 no-

2257 4241 2533 4299 minibus
2580 4239 2992 4305 narrationes,
3036 4254 3197 4311 quae
3244 4240 3321 4297 de
3362 4241 3439 4298 iis
3490 4243 3924 4307 circumfere-

2255 4341 2505 4409 bantur,
2561 4337 2928 4396 subiunctae
2974 4336 3116 4394 sint.
3171 4337 3428 4396 Codices
3466 4354 3579 4412 ego
3637 4342 3926 4406 Viennae

2252 4439 2410 4496 duos
2475 4435 2740 4508 inspexi,
2797 4449 2991 4493 unum
3046 4437 3596 4496 membranaceum
3650 4447 3716 4498 et
3773 4459 3924 4517 per-

2253 4540 2560 4594 vetustum
2591 4532 2736 4610 (10),
2766 4538 2882 4608 36
2906 4532 3173 4589 alterum
3187 4533 3591 4592 chartaceum
3618 4534 3670 4611 (l
3691 4534 3775 4605 l).
3800 4542 3923 4612 Qui

2249 4632 2505 4706 quidem
2556 4631 2806 4690 codices
2858 4630 2936 4688 ab
2987 4631 3330 4702 exemplari
3389 4632 3683 4692 Cotelerii
3761 4655 3926 4699 non-

2320 4790 2397 4862 (9)
2446 4787 2691 4845 Coteler.
2742 4785 2893 4841 Eccl.
2944 4785 3151 4843 Graec.
3194 4789 3349 4843 Mon.
3390 4790 3450 4843 T.
3484 4789 3504 4843 I
3536 4804 3596 4860 p.
3637 4793 3737 4849 I66
3774 4811 3924 4853 cum

2246 4883 2391 4936 nota
2422 4876 2690 4934 Cotelerii
2716 4890 2774 4947 p.
2804 4875 2929 4930 747.
2965 4875 3047 4931 Cf.
3073 4874 3227 4930 infra
3254 4878 3445 4947 Caput
3470 4878 3587 4933 VII.

2318 4968 2427 5040 (l0)
2460 4964 2604 5023 Cod.
2631 4964 2899 5020 ms.hist.
2925 4980 3119 5034 graec.
3148 4965 3295 5019 Bibl.
3329 4968 3493 5021 Caes.
3530 4968 3794 5029 Vindob.
3819 4976 3923 5032 Nr.

2243 5060 2335 5125 44,
2366 5058 2528 5112 olim.
2561 5054 2623 5108 41
2656 5052 2762 5109 fol.
2792 5054 3320 5125 Apophthegmata
3348 5054 3445 5110 illa
3470 5061 3706 5113 exstant
3737 5077 3777 5116 θ.
3811 5063 3923 5119 fol.

2244 5148 2487 5218 Iusque
2525 5142 2600 5200 ad
2627 5140 2725 5198 fol.
2771 5144 2894 5210 141,
2940 5144 2993 5195 2.
3037 5140 3315 5197 Codicem
3371 5146 3795 5218 maximopere
3834 5152 3926 5208 di-

2243 5252 2451 5308 gnum,
2505 5234 2606 5306 qui
2665 5248 2801 5287 cum
2858 5230 3184 5303 exemplari
3221 5232 3492 5288 Cotelerii
3538 5235 3923 5307 conferatur,

2242 5324 2554 5395 descripsit
2578 5321 2933 5379 Lambecius
2967 5322 3370 5376 Commentar.
3403 5324 3464 5377 T.
3512 5323 3631 5378 VIII
3681 5340 3745 5395 p.
3781 5329 3921 5387 838.

2312 5414 2424 5485 (11)
2468 5413 2607 5468 Cod.
2655 5428 2766 5466 ms.
2814 5410 2952 5466 hist.
2984 5425 3182 5479 graec,
3220 5412 3318 5465 Nr.
3351 5410 3404 5476 9,
3439 5410 3580 5468 olim
3609 5415 3677 5468 42
3705 5414 3920 5475 in-fol.

2241 5503 2488 5558 maiore.
2522 5504 2585 5555 In
2614 5499 2906 5572 principio
2929 5503 2985 5554 et
3014 5498 3131 5554 ﬁne
3154 5498 3399 5554 mutilus
3428 5504 3535 5555 est.
3554 5504 3898 5573 Apophthe

2238 5596 2445 5662 gmata
2472 5589 2571 5645 illa
2597 5588 2895 5645 habentur
2909 5586 3009 5643 fol.
3041 5588 3065 5641 1
3102 5617 3171 5626 -
3198 5587 3285 5643 80.
3320 5585 3601 5646 Codicem
3630 5592 3782 5650 Lam
3798 5595 3884 5655 be

2238 5677 2698 5752 ciusdescripsit
2719 5678 2759 5734 l.
2795 5677 2835 5734 I.
2868 5693 2927 5748 p.
2968 5676 3073 5732 840
3097 5690 3236 5747 sqq.
3858 5670 3859 5673 “
