4092 6256
166 300 230 359 37
1751 302 1989 364 VITAE.
3504 312 3573 370 38

157 430 343 489 nullis
382 428 536 488 locis
578 425 850 494 differre,
908 432 1093 501 atque
1141 429 1329 487 etiam
1358 428 1803 502 locupletiores
1835 429 1881 482 A
1915 436 2338 511 phthegmata,
2373 456 2534 514 quae
2588 439 2883 499 Possinus
2931 438 3127 512 prior,
3166 444 3277 515 37
3346 439 3573 498 deinde

154 543 286 587 esse
321 528 721 600 videbantur,
755 527 842 584 ita
882 533 952 584 ut
998 528 1428 600 maximopere
1457 529 1625 599 digni
1653 529 1797 600 sint,

152 626 259 699 qui
317 640 461 684 cum
522 625 691 683 edito
754 630 923 682 textu
993 625 1283 683 Cotelerii
1364 626 1790 684 conferantur.

152 723 613 783 Observandum
667 728 874 781 autem
935 729 1048 794 est,
1105 724 1583 795 compilatorem
1634 726 1803 783 illius

145 822 434 894 opusculi
493 821 1029 893 Apophthegmata
1083 820 1363 893 inscripti
1431 823 1492 879 in
1554 824 1802 894 praefa-

147 918 339 979 tionis
365 919 483 976 ﬁne
517 918 596 976 de
646 918 994 991 appendice
1041 919 1311 991 quadam
1364 934 1399 975 a
1455 934 1521 976 se
1565 920 1803 978 adiecta

146 1016 346 1089 loqui,
380 1031 504 1088 qua
533 1034 563 1070 «
607 1030 826 1073 senum
858 1015 1060 1083 effata,
1091 1030 1361 1088 quorum
1395 1017 1647 1075 nomina
1678 1032 1802 1075 non

147 1113 573 1184 nominantur,
612 1133 641 1169 »
686 1112 1008 1186 collegerit
1034 1110 1145 1190 (1).
1175 1112 1320 1171 Eam
1351 1114 1542 1186 igitur
1573 1128 1802 1188 appen-

145 1212 379 1283 dicem,
426 1226 614 1284 quam
645 1212 933 1284 nuspiam
972 1212 1205 1269 editam
1257 1212 1563 1285 videmus,
1616 1214 1805 1270 char—

146 1314 326 1369 taceo
369 1309 480 1367 illo
531 1310 728 1367 altero
782 1309 999 1367 codice
1042 1325 1078 1366 a
1109 1309 1213 1367 fol.
1258 1311 1356 1378 80,
1410 1313 1436 1368 1
1485 1326 1680 1383 usque
1728 1311 1805 1368 ad

146 1408 259 1468 fol.
343 1407 482 1481 163,
562 1412 588 1467 1
651 1407 957 1466 contineri
1012 1408 1321 1475 existimo,
1388 1409 1625 1481 quippe
1679 1424 1806 1481 quo

142 1506 446 1565 continuo
512 1510 649 1578 post
727 1506 1261 1578 Apophthegmata
1307 1506 1593 1565 collectio
1667 1520 1808 1565 nar-

142 1605 461 1663 rationum
528 1604 607 1661 de
673 1603 956 1676 patribus
1033 1604 1166 1661 sine
1253 1604 1657 1675 inscriptione
1717 1619 1807 1663 se-

143 1709 379 1777 quatur
411 1718 423 1772 ;
457 1704 565 1762 sed
595 1703 843 1761 initium
889 1703 1103 1760 deesse
1148 1704 1413 1761 videtur.
1445 1704 1569 1762 Hae
1600 1710 1805 1762 autem

142 1802 538 1860 narrationes
586 1801 987 1859 solummodo
1052 1816 1251 1873 usque
1305 1802 1379 1858 ad
1432 1802 1536 1859 fol.
1578 1803 1712 1867 145,
1773 1805 1805 1860 2
1843 1785 1883 1839 Β

139 1899 219 1958 de
264 1898 520 1957 senibus
576 1898 906 1970 anonymis
959 1903 1166 1972 agunt,
1250 1898 1415 1956 unde
1461 1900 1619 1957 aliae
1657 1916 1809 1958 non-

140 1997 353 2055 nullae
383 1997 459 2054 de
480 1997 756 2061 senibus,
792 2009 1064 2069 quorum
1113 1997 1369 2053 nomina
1401 1997 1607 2055 addita
1639 2002 1805 2070 sunt,

140 2099 513 2166 sequuntur,
585 2097 771 2167 atque
820 2094 984 2151 inter
1039 2108 1142 2151 eas
1195 2099 1320 2152 tres
1377 2095 1454 2152 de
1500 2095 1803 2161 Macariis,

142 2207 302 2265 quas
353 2207 388 2250 e
434 2192 650 2251 codice
702 2191 1042 2264 descriptas
1090 2192 1252 2250 iusto
1312 2192 1448 2250 loco
1512 2192 1803 2265 adjunge-

144 2304 313 2347 mus.
346 2291 554 2363 Neque
579 2289 741 2347 illud
772 2290 873 2347 hic
901 2289 1285 2356 omittamus,
1320 2290 1382 2347 in
1417 2292 1613 2349 altero
1657 2305 1808 2363 quo-

147 2400 301 2458 que,
360 2387 842 2444 membranaceo
887 2386 995 2444 illo
1048 2392 1109 2444 et
1156 2394 1534 2459 pervetusto,
1592 2389 1809 2447 codice

148 2490 299 2555 post
318 2484 854 2556 Apophthegmata
880 2498 915 2540 a
961 2484 1063 2542 fol.
1118 2485 1252 2549 141,
1308 2486 1341 2542 2
1372 2500 1569 2558 usque
1595 2487 1671 2542 ad
1698 2486 1801 2545 fol.

153 2581 274 2638 158
345 2581 644 2653 quasdam
702 2582 1090 2639 narrationes
1135 2582 1433 2641 continuo
1482 2584 1659 2655 sequi
1709 2585 1805 2641 in-

141 2677 456 2751 scriptas:
505 2689 757 2754 Διήγησις
798 2684 852 2738 ἐι
900 2693 991 2737 τοῦ
1047 2684 1168 2757 βίου
1223 2694 1313 2737 τοῦ
1365 2685 1528 2739 Ἀϐϐἀ
1585 2687 1798 2744 Δανιὴλ,

139 2781 244 2835 Ἦν
280 2801 359 2843 τις
397 2786 558 2855 γέρων
608 2782 655 2834 ἒν
683 2790 744 2854 τῇ
802 2788 1066 2855 Σκήτῃ...
1288 2787 1498 2860 Itaque
1550 2789 1808 2847 alteram

132 2884 455 2942 habemus
495 2883 1104 2957 ApOphthegmatum
1159 2885 1594 2958 appendicem,
1646 2901 1809 2959 quae

132 2987 375 3050 tamen,
410 2997 606 3054 quum
672 2982 927 3040 nomina
971 2997 1214 3049 senum,
1251 2983 1329 3040 de
1380 2983 1613 3055 quibus
1669 2984 1807 3056 agi-

130 3085 266 3147 tur,
305 3080 619 3151 adscripta
642 3080 786 3147 sint,
818 3080 1041 3137 eadem
1076 3081 1208 3147 illa,
1238 3082 1420 3154 cujus
1453 3082 1808 3153 Apophthe-

127 3184 425 3251 gmatum
475 3178 780 3250 praefatio
835 3186 1164 3249 memorat,
1233 3194 1367 3236 esse
1427 3180 1666 3252 nequit.
1732 3181 1809 3237 De

128 3276 436 3333 Macariis
473 3275 621 3333 huic
663 3276 841 3332 alteri
898 3276 1364 3334 membranacei
1418 3277 1653 3334 codicis
1705 3293 1808 3349 ap-

127 3372 405 3447 pendici
438 3372 592 3429 nihil
627 3374 806 3430 inest.

210 3471 360 3528 Iam
422 3474 667 3542 praeter
732 3469 843 3527 illa
915 3470 1457 3544 Apoplithegmata
1522 3477 1582 3530 et
1650 3488 1808 3546 quae

122 3582 282 3627 cum
322 3567 407 3625 iis
448 3568 810 3640 cohaerent,
855 3568 977 3627 alia
1027 3584 1278 3642 quoque
1322 3570 1617 3629 nonnulla
1651 3571 1811 3643 Apo-

197 3805 287 3877 (1)
318 3804 572 3860 Coteler.
611 3805 764 3861 Eccl.
808 3807 1008 3861 Graec.
1041 3808 1191 3863 Mon.
1224 3806 1288 3861 T.
1322 3808 1342 3860 Ι
1376 3824 1431 3879 p.
1463 3812 1565 3862 339
1597 3825 1609 3862 :
1640 3808 1810 3861 Ἐπει-

125 3891 196 3952 δὴ
228 3891 295 3946 δέ
325 3894 438 3946 εἰσι
485 3898 574 3944 καὶ
631 3894 793 3966 ἕτεροι
843 3894 990 3963 λόγοι
1038 3900 1288 3968 γερόντων
1340 3896 1499 3967 ἁγίων
1540 3902 1628 3949 καὶ
1676 3900 1812 3969 πρά-

124 3984 232 4046 ξεις
290 3987 372 4055 μὴ
459 3981 788 4054 ἐμφαίνοντες
851 3988 914 4035 τὰ
972 3983 1201 4056 ὀνόματα
1267 3994 1365 4036 τῶν
1420 4004 1473 4036 τε
1530 3985 1811 4059 εἰρηκότων

119 4073 329 4133 αὐτοὺς
394 4076 487 4122 καὶ
563 4071 887 4145 πραξάντων,
952 4077 1168 4135 τούτους
1221 4078 1352 4145 μετὰ
1418 4079 1509 4132 τὴν
1576 4074 1813 4146 συμπλή-

118 4180 299 4235 ρωσιν
333 4169 443 4212 τῶν
474 4163 610 4211 κατὰ
642 4166 908 4231 στοιχὲίον
935 4164 981 4212 ἑν
1013 4162 1309 4234 κεφαλαίοις
1341 4162 1631 4234 ἐξιθέμεθα.

194 4251 280 4322 (2)
320 4252 578 4304 Brevem
610 4249 723 4304 hoc
753 4249 886 4305 loco
913 4252 1184 4307 notitiam
1218 4267 1437 4315 rerum,
1470 4267 1625 4324 quae
1652 4254 1711 4307 in
1734 4252 1814 4308 al-

117 4344 252 4396 tera
293 4340 447 4403 hac,
484 4339 932 4394 membranacei
963 4340 1205 4407 codicis,
1247 4342 1581 4412 appendice
1625 4342 1815 4398 conti-

112 4434 377 4494 nentur,
433 4443 575 4482 cum
610 4427 825 4482 lectore
872 4430 1318 4484 communicare
1351 4429 1534 4485 lubet.
1569 4430 1672 4486 Ubi
1712 4430 1811 4486 fol.

114 4519 249 4584 141,
288 4522 324 4572 2
356 4546 436 4558 -—-
468 4514 567 4569 fol.
603 4515 704 4570 158
745 4517 1122 4573 narrationes
1160 4523 1387 4589 septem
1428 4518 1707 4588 leguntur
1736 4520 1816 4575 ita

104 4608 471 4678 inscriptae
507 4620 520 4658 :
554 4610 595 4657 Ι.
648 4609 972 4676 Διήγησιε,
1025 4605 1088 4657 ἐκ
1118 4614 1229 4658 τοῦ
1292 4606 1444 4679 βίου
1495 4614 1605 4660 τοῦ
1656 4607 1817 4660 ἀϐϐᾶ

110 4695 403 4753 Δανιὴλ.
460 4692 560 4745 Ἤν
590 4712 666 4754 τις
688 4699 849 4765 γέρων
884 4694 932 4745 ἐν
967 4704 1026 4768 τῇ
1062 4700 1232 4768 Σκὴτῃ
1262 4695 1475 4769 ὀνόματι
1509 4697 1695 4755 Δανιὴλ
1726 4702 1814 4749 καὶ

102 4783 227 4858 εἶχε
255 4786 553 4858 μαθητήν.
592 4788 903 4853 συνῴκησαν
930 4779 989 4835 δὲ
1028 4792 1099 4854 τῷ
1129 4787 1340 4857 μαθητῇ
1373 4785 1533 4836 αὐτοῦ
1572 4805 1629 4842 κ,
1662 4805 1714 4842 τ,
1754 4785 1807 4840 λ.

107 4880 180 4929 ΙΙ.
216 4878 385 4946 Περὶ
436 4877 556 4922 τοῦ
622 4867 903 4944 ἀδελφοῦ
952 4870 1074 4923 ἀπὸ
1126 4874 1453 4945 ὀμμάτων.
1516 4879 1614 4929 ΙΙΙ.
1667 4878 1815 4947 Περὶ

108 4970 234 5024 τῆς
285 4964 498 5033 ἁγίας
562 4961 669 5009 καὶ
722 4964 1048 5030 σώφρονος
1098 4966 1317 5034 κόρης.
1375 4961 1473 5017 IV.
1524 4966 1673 5035 Περὶ
1713 4970 1817 5021 τῆς

110 5054 549 5127 πατρικείας
631 5051 1246 5121 μετονομασθείσης
1324 5050 1659 5122 εὐνοῦχος.
1738 5053 1805 5105 ν.

114 5146 272 5215 Περὶ
316 5137 856 5214 ἀργυροπράτου
919 5143 1028 5190 καὶ
1075 5147 1189 5201 τῆς
1232 5142 1544 5210 γυναικὸς
1586 5139 1804 5194 αὑτοῦ.

111 5230 210 5282 Ἦν
231 5250 320 5291 τις
362 5228 795 5301 ἀργυροπράτης
821 5225 869 5277 ἐν
911 5227 1218 5300 Ἀντιοχείᾳ
1255 5236 1318 5300 τῇ
1355 5229 1550 5301 μεγάλῃ
1579 5234 1815 5301 νεώτερος

115 5319 340 5394 ὀνόματι
384 5312 824 5388 ’Δνδρονίκοςκ.
869 5336 923 5372 τ.
957 5316 1010 5371 λ.
1062 5318 1154 5373 Vl.
1226 5322 1376 5391 Περὶ
1442 5326 1555 5379 τῆς
1620 5337 1815 5391 προσ,

114 5412 552 5483 ποιουμένης
603 5407 895 5477 μεθύειν.
934 5406 1054 5461 VII.
1122 5412 1265 5479 Περὶ
1319 5414 1429 5459 τοῦ
1481 5410 1805 5478 Λατὸμου.

119 5498 222 5556 His
253 5499 453 5571 igitur
509 5495 812 5566 capitibus
867 5494 1056 5552 codex
1089 5498 1468 5553 terminatur.
1508 5497 1817 5553 Recentior

123 5604 350 5647 manus
374 5589 445 5646 in
475 5584 605 5641 ﬁne
635 5583 998 5657 adscripsit:
1030 5585 1203 5647 τέλος
1241 5593 1362 5638 τῶν
1410 5586 1818 5658 ἀποφθεγμα-

124 5696 244 5731 των
297 5681 413 5732 xui.
448 5672 757 5750 πράξεων
804 5681 922 5726 τῶν
972 5672 1169 5744 ἁγίων
1212 5676 1516 5749 πατέρων,
1542 5689 1702 5749 quae
1731 5689 1820 5730 re-

1916 534 2141 594 Pritius
2178 538 2373 596 edidit
2441 538 2551 615 (3),
2613 536 3080 608 adhibebimus,
3127 550 3241 595 nec
3298 550 3419 593 non
3472 550 3571 608 ea,

1914 646 2072 704 quae
2103 637 2331 705 passim
2377 637 2439 694 in
2493 637 2634 693 vitis
2674 635 3065 701 Sanctorum,
3124 649 3278 707 quas
3322 634 3574 691 Bollan-

1912 729 2107 787 distae
2164 733 2514 800 ediderunt,
2569 734 2874 790 habemus
2906 731 3024 806 (lt).
3082 733 3274 789 Porro
3304 745 3466 803 quae
3497 730 3574 788 de

1913 828 2103 887 exilio
2158 845 2378 889 senum
2432 832 2825 903 temporibus
2896 830 3067 888 illius
3122 828 3574 902 persecutionis

1913 941 1948 982 a
1999 925 2183 986 Lucio
2236 929 2536 986 excitatae
2566 943 2601 987 e
2656 928 2893 995 Ruﬁno,
2966 928 3217 986 Socrate
3277 931 3338 985 et
3390 927 3575 985 Sozo-

1914 1037 2098 1081 meno
2151 1031 2540 1097 repetuntur,
2592 1041 2715 1084 non
2771 1026 3153 1091 omittemus,
3216 1039 3286 1082 ac
3363 1025 3572 1082 locum

1915 1121 2183 1195 denique
2258 1138 2293 1181 e
2350 1124 2471 1181 vita
2520 1125 2578 1183 S.
2634 1124 2976 1183 Posthumii
3045 1121 3569 1189 examinabimus,

1914 1220 2141 1292 quolis
2181 1221 2258 1279 de
2298 1223 2563 1281 Macario
2609 1224 2666 1281 S.
2724 1222 2966 1280 Antonii
3022 1220 3357 1293 discipulo,
3422 1234 3572 1279 num

1918 1333 2078 1375 unus
2106 1334 2180 1377 ex
2227 1320 2454 1378 nostris
2487 1320 2771 1379 Macariis
2846 1319 3056 1392 fuerit,
3115 1332 3229 1376 nec
3281 1333 3379 1386 ne,
3437 1317 3573 1375 dis-

1917 1422 2207 1475 cernetur
2264 1417 2367 1493 (5).
2414 1419 2622 1490 Neque
2697 1432 2850 1475 vero
2903 1421 3184 1475 nostrum
3227 1429 3362 1473 esse
3410 1415 3567 1473 illud

1918 1515 2120 1572 visum
2150 1522 2262 1585 est,
2318 1530 2540 1575 eorum
2598 1530 2851 1589 quoque
2909 1515 3215 1572 Historiae
3272 1513 3570 1571 Ecclesia-

1918 1613 2107 1671 sticae
2164 1614 2566 1686 scriptorum,
2609 1614 2718 1687 qui
2768 1612 3201 1671 fontibusillis
3253 1609 3570 1684 primariis

1919 1710 2290 1778 innituntur,
2326 1726 2401 1769 ex
2454 1713 2656 1785 iisque
2684 1726 2784 1768 res
2808 1716 2867 1767 et
2919 1711 3109 1767 verba
3140 1710 3503 1775 hauserunt,
3536 1722 3570 1765 e

1919 1822 2188 1880 quorum
2217 1823 2483 1867 numero
2537 1809 2844 1881 Socrates,
2893 1808 3295 1873 Sozomenus,
3345 1806 3572 1863 deinde

1919 1905 2158 1969 Suidas,
2229 1906 2613 1977 Nicephorus
2660 1905 2945 1964 Callistus
2975 1911 3140 1975 sunt,
3184 1906 3352 1962 locos
3404 1903 3573 1961 rela-

1920 2003 2242 2075 tionesque
2269 2003 2331 2060 in
2367 2004 2645 2061 medium
2696 2002 3002 2074 proferre,
3058 2002 3296 2073 quippe
3337 2000 3570 2073 quibus

1920 2114 2141 2172 parum
2176 2100 2481 2172 proﬁcere
2539 2101 2871 2172 possimus.
2924 2101 3206 2157 Attamen
3235 2113 3344 2157 eos
3374 2097 3574 2156 brevi-

1919 2202 2012 2255 ter
2028 2212 2350 2255 recensere
2379 2213 2415 2255 a
2440 2213 2507 2255 re
2533 2198 2810 2257 alienum
2842 2212 2963 2256 non
2996 2212 3129 2255 esse
3157 2197 3396 2269 putavi.

1998 2296 2261 2353 Stratam
2318 2296 2508 2368 igitur
2557 2298 2722 2354 viam
2775 2296 3065 2353 alacriter
3101 2296 3224 2352 iam
3258 2309 3420 2352 nunc
3478 2295 3571 2352 in—

1919 2392 2229 2460 sistemus,
2284 2392 2542 2465 singulis
2572 2394 2647 2451 de
2693 2392 2975 2451 Macariis
3031 2393 3095 2450 in
3150 2406 3345 2449 unum
3397 2405 3572 2450 com-

1922 2495 2219 2563 ponentes
2283 2496 2343 2549 et
2397 2492 2629 2549 claram
2706 2492 3128 2563 idoneamque
3179 2504 3398 2548 eorum
3445 2489 3575 2548 efﬁ-

1919 2588 2105 2661 giem,
2185 2593 2485 2661 quantum
2550 2604 2907 2667 possumus,
2989 2589 3409 2661 depingentes.
3489 2589 3573 2646 Ac

1922 2686 2197 2759 primum
2243 2687 2498 2759 quidem
2549 2688 2890 2746 Palladium
2938 2692 3156 2745 testem
3218 2686 3569 2744 audiamus.

2574 2782 2813 2844 CAPUT
2845 2785 2915 2842 Il.

2017 2899 2381 2942 PALLADIUS
2409 2900 2492 2940 DE
2521 2898 2773 2941 SANC'I‘O
2799 2897 3091 2940 MACARIO
3124 2898 3471 2939 AEGYP'I‘IO.

2000 2978 2164 3056 $12.
2226 2981 2480 3039 Palladii
2534 2980 2803 3038 Historia
2848 2980 3160 3046 Lausiaca,
3219 2995 3378 3051 quae
3404 2979 3577 3037 codi-

1917 3079 2097 3137 cibus
2126 3079 2710 3137 Vindobonensibus
2759 3078 3137 3143 continetur,
3196 3078 3273 3134 de
3330 3077 3576 3133 duobus

1922 3176 2202 3234 Macariis
2252 3177 2469 3249 incipit
2532 3177 2649 3234 hoc
2708 3176 2898 3234 modo
2959 3192 3034 3229 ει
3102 3172 3468 3232 Sanctorum
3518 3180 3575 3233 et

1919 3275 2373 3333 immortalium
2418 3281 2687 3347 patrum,
2739 3273 2989 3331 Macarii
3036 3273 3318 3345 Aegyptii
3366 3278 3425 3330 et
3460 3273 3577 3329 Ma-

1920 3372 2072 3430 carii
2104 3369 2221 3442 38
2256 3372 2680 3441 Alexandrini,
2700 3372 3092 3444 egregiorum
3112 3376 3171 3428 et
3200 3370 3576 3429 invictorum

1920 3471 2317 3542 athletarum,
2399 3470 2693 3528 honestae
2763 3471 2925 3527 vitae
2988 3469 3351 3538 certamina,
3415 3483 3579 3541 quae

1919 3574 2063 3627 sunt
2091 3569 2286 3626 multa
2316 3570 2378 3625 et
2409 3582 2651 3640 magna,
2707 3581 2931 3625 vereor
2975 3567 3183 3624 dicere
3236 3571 3296 3625 et
3347 3566 3578 3624 descri-

1921 3804 2144 3875 spicere
2176 3803 2453 3860 videntur
2488 3802 2565 3858 ad
2595 3802 2889 3858 vocabula
2920 3802 2997 3857 ab
3040 3802 3248 3857 eadem
3301 3818 3487 3856 manu
3518 3802 3577 3859 in

1921 3893 2061 3948 folio
2092 3893 2405 3948 chartaceo
2433 3891 2608 3946 fronti
2654 3892 2877 3945 codicis
2909 3890 3278 3959 adglutinato
3317 3890 3572 3961 scripta:

1925 3981 2146 4055 βίϐλος
2202 3984 2621 4054 περιέχουσα
2679 3981 3193 4052 Ἀποφθέγματα
3250 3985 3357 4030 καὶ
3414 3982 3575 4051 πρά-

1924 4071 2055 4134 ξεις
2086 4071 2282 4140 ἁγίων
2322 4073 2617 4140 πατέρων
2662 4070 3235 4139 συναθροισθεῖσα
3281 4069 3395 4118 ὑπὸ
3428 4065 3579 4118 δια-

1924 4165 2128 4234 φόρων
2181 4158 2377 4229 ἁγίων
2440 4163 2545 4209 καὶ
2608 4166 2813 4229 σοφῶν
2871 4152 3139 4228 ἀνδρῶν.
3199 4155 3578 4226 Apophtheg-

1926 4257 2086 4305 mata
2116 4254 2337 4313 autem,
2364 4262 2519 4319 quae
2542 4247 2762 4302 codicis
2786 4244 2883 4301 fol.
2917 4246 2966 4311 1,
2995 4246 3225 4310 1-141,
3250 4249 3281 4298 2
3301 4244 3579 4314 leguntur

1923 4340 2037 4396 hoc
2066 4337 2235 4394 titulo
2261 4336 2515 4408 antiqua
2552 4351 2738 4391 manu
2768 4336 2982 4406 scripto
3019 4353 3030 4390 :
3089 4333 3313 4406 βίϐλος
3370 4353 3481 4408 περ
3501 4340 3578 4387 ιέ-

1925 4447 2146 4499 χουσα
2230 4427 2757 4497 Ἀποφθέγματα
2842 4427 2953 4476 καῖ
3023 4423 3301 4496 πράξεις
3376 4424 3578 4494 ἁγίων

1926 4520 2124 4588 πατέρ
2143 4535 2219 4567 ων
2252 4513 2551 4583 insignala
2576 4518 2732 4567 sunt.
3352 4512 3365 4518 “

1996 4605 2072 4675 (3)
2101 4604 2434 4659 Thesaurus
2476 4602 2776 4658 Asceticus
2818 4600 2941 4655 sive
2974 4604 3295 4673 syntagma
3326 4616 3581 4673 opuscu-

1924 4693 2119 4749 lorum
2170 4690 2503 4747 octodecim
2553 4705 2588 4743 a
2632 4688 2861 4757 graecis
2907 4688 3049 4743 olim
3081 4689 3350 4760 patribus
3399 4690 3470 4745 de
3519 4708 3579 4748 re

1926 4781 2182 4837 ascetica
2211 4780 2586 4849 scriptorum.
2622 4780 2701 4833 Ea
2724 4793 2882 4832 nunc
2917 4778 3177 4847 primum
3218 4779 3516 4849 prodeunt
3546 4797 3577 4835 e

1928 4868 2343 4925 vetustissimis
2367 4884 2508 4921 mss.
2536 4866 2844 4921 codicibus
2868 4870 3056 4931 eruta,
3073 4865 3381 4921 colleclore
3402 4872 3579 4939 atque

1923 4961 2237 5031 interprete
2266 4958 2435 5012 Petro
2474 4956 2725 5011 Possino
2762 4957 2893 5011 Soc.
2928 4957 3089 5009 Jesu.
3134 4956 3372 5010 Parisiis
3422 4960 3576 5021 1684,

1924 5050 1976 5105 li.
2006 5046 2525 5119 Apophthegmala
2563 5050 2797 5099 exstant
2828 5061 2885 5115 p.
2926 5048 3028 5098 243
3071 5061 3204 5115 sqq.
3250 5047 3445 5100 Sancti
3478 5047 3581 5100 Pa-

1927 5139 2026 5193 tris
2053 5134 2287 5192 Macarii
2332 5134 2609 5205 Aegyptii
2661 5132 2953 5203 opuscula
2998 5133 3289 5187 nonnulla
3333 5139 3387 5187 et
3434 5150 3579 5204 apo-

1925 5227 2319 5298 phthegmata
2351 5222 2443 5277 ed.
2473 5224 2559 5276 Jo.
2603 5222 2892 5290 Georgius
2923 5221 3133 5274 Pritius
3162 5220 3391 5291 Lipsiae
3418 5224 3579 5277 1699.

1923 5314 2447 5387 Apophthegmata
2488 5315 2720 5367 exstant
2764 5326 2823 5381 p.
2867 5310 2964 5364 231
3002 5324 3134 5379 sqq.
3188 5312 3387 5380 anue
3424 5312 3580 5382 typis

1924 5401 2310 5475 repetivimus
2323 5399 2480 5456 infra
2493 5400 2550 5454 in
2570 5399 2787 5454 harum
2801 5398 3223 5468 quaestionum
3240 5398 3582 5468 Appendice

1926 5493 2112 5549 altera
2144 5489 2256 5546 sub
2285 5490 2357 5545 Ii.

1998 5580 2074 5653 (4)
2102 5579 2185 5635 Cf.
2216 5577 2373 5634 infra
2405 5578 2596 5648 Caput
2622 5574 2735 5629 VII.

2000 5671 2077 5739 (5)
2103 5667 2187 5725 Cf.
2218 5665 2375 5723 infra
2404 5667 2591 5739 Caput
2616 5661 2764 5719 VIII.
