4092 6256
559 337 628 390 39
1439 328 1544 384 SS.
1592 323 2066 384 MACARIOBUM
2105 317 2441 375 AEGYPTII
2483 318 2569 373 ET
2609 319 3097 376 ALEXANDRINI
3894 323 3953 375 40

555 464 727 528 bere,
764 474 839 517 ne
870 459 969 527 iis,
1029 456 1137 528 qui
1196 455 1340 513 talia
1399 455 1607 515 minus
1652 461 1898 527 curant,
1942 452 2208 511 mendax
2246 447 2285 497 A
2323 446 2410 504 ibi
2498 448 2795 513 habitant,
2872 463 3253 521 unoquoque
3307 462 3558 521 semper
3607 448 3953 521 proximum

551 573 688 618 esse
740 557 951 614 videar
1010 559 1268 626 propter
1299 553 1668 612 immensam
1718 550 2209 625 magnitudinem

553 654 1073 715 exercitationum
1146 651 1309 708 vires
1408 656 1662 711 naturae
1749 647 2203 709 excedentium.

554 753 673 811 Sed
730 756 791 809 et
846 764 1066 808 eorum
1119 749 1339 819 gratia,
1398 750 1507 820 qui
1560 750 1897 807 virtutibus
1953 745 2212 817 spiritus

554 849 755 909 ornati
806 848 968 906 dona
1025 846 1241 903 divina
1299 848 1537 917 experti
1598 853 1740 904 sunt
1774 845 1977 918 dignis
2001 839 2209 899 distri-

557 950 725 1014 buta,
779 946 1037 1002 virtutes
1100 944 1408 1001 enarrabo
1483 950 1838 1002 sanctorum
1909 938 2210 998 Macario-

557 1059 722 1111 rum,
783 1042 891 1114 qui
951 1040 1204 1098 nomina
1257 1056 1508 1113 quoque
1565 1041 1792 1100 sanctis
1841 1039 1970 1097 suis
2019 1039 2211 1094 certa-

558 1143 837 1201 minibus
893 1152 1172 1196 asceseos
1242 1139 1423 1210 digna
1507 1139 1927 1211 possidebant.
1994 1154 2023 1188 n
2084 1133 2211 1201 Qua

555 1238 857 1310 singulari
924 1241 1107 1307 atque
1204 1235 1450 1292 insolita
1537 1235 1995 1293 introductione
2066 1244 2213 1288 usus

555 1336 865 1393 Palladius
911 1332 1205 1390 Macarios
1233 1347 1380 1390 sane
1432 1347 1581 1405 prae
1640 1333 1862 1391 ceteris
1928 1330 2206 1398 senibus,

558 1446 831 1505 quorum
856 1446 953 1487 res
978 1434 1174 1501 gestas
1231 1431 1524 1498 narravit,
1586 1444 1963 1502 magnopere
2026 1441 2213 1499 prae-

557 1530 741 1587 dicat.
774 1530 862 1585 Ac
892 1528 1091 1601 pergit
1126 1527 1209 1584 ita
1248 1542 1504 1585 narrare
1540 1547 1551 1585 :
1590 1549 1610 1580 α
1652 1528 1929 1585 Primum
1956 1524 2211 1597 quidem

562 1627 808 1684 Macarii
857 1623 1164 1697 Aegyptii,
1215 1626 1321 1697 qui
1379 1626 1530 1682 vixit
1585 1626 1859 1698 integros
1884 1622 2213 1694 nonaginta

562 1739 778 1795 annos,
838 1724 1095 1780 virtutes
1172 1723 1511 1794 proferam.
1580 1724 1633 1781 Is
1687 1720 1749 1780 in
1807 1720 2213 1780 solitudinem

2321 545 2508 602 variis
2538 547 2697 604 vitae
2741 547 3041 605 institutis
3096 546 3345 603 vincere
3374 547 3804 605 contendente.
3859 548 3961 604 At-

2320 657 2441 714 que
2474 643 2551 700 ad
2583 643 2769 701 aliam
2830 644 3019 715 hujus
3071 643 3187 701 viri
3249 644 3755 702 exercitationem
3805 645 3961 716 quod

2320 744 2578 811 spectat,
2609 742 2743 813 ipse
2781 742 3107 800 dicebatur
3163 741 3423 799 adsidue
3470 743 3532 799 in
3563 743 3781 800 ecstasi
3813 756 3961 815 esse,

2320 842 2381 895 et
2410 840 2634 910 majori
2668 845 2952 912 tempore
2995 842 3116 898 Deo
3169 839 3365 912 magis
3394 854 3581 911 quam
3630 841 3817 898 rebus
3857 846 3968 899 ter-

2321 936 2489 993 renis
2533 936 2855 1010 occupari.
2915 938 3037 996 Nec
3092 952 3286 1009 pauca
3339 937 3625 996 feruntur
3674 939 3967 996 miracula

2321 1034 2399 1090 ab
2427 1048 2502 1092 eo
2529 1040 2803 1106 peracta.

2406 1152 2433 1183 «
2486 1131 2878 1193 Libidinosus
2934 1134 3186 1206 quidam
3246 1134 3458 1194 homo.
3515 1134 3966 1209 Aegyptiusge-
4057 1154 4059 1199 ς

2321 1242 2492 1298 nere,
2565 1236 2782 1302 captus
2849 1237 2981 1291 erat
3056 1246 3271 1289 amore
3321 1232 3646 1289 cuiusdam
3706 1231 3967 1304 pudicae

2322 1326 2629 1399 mulieris,
2675 1344 2834 1401 quae
2874 1330 3010 1387 viro
3059 1334 3378 1400 nupserat.
3430 1330 3636 1398 Quum
3671 1329 3973 1388 desiderio
4058 1318 4059 1401 ᾗ

2324 1346 2629 1399 muneris,
2675 1346 2834 1401 quae
2874 1346 3010 1387 VlI'O
3059 1346 3378 1400 nupserat.
3430 1346 3636 1398 Quum
3671 1346 3973 1388 uesmerio

2324 1424 2749 1497 frustraretur,
2804 1427 3093 1484 convenit
3150 1441 3423 1498 magum,
3486 1426 3585 1485 cui
3642 1444 3653 1482 :
3706 1428 3844 1497 Fac,
3892 1426 3974 1482 in-

2324 1521 2477 1591 quit,
2532 1527 2662 1579 arte
2706 1529 2831 1591 tua,
2885 1531 2988 1582 aut
3022 1530 3086 1581 ut
3118 1531 3283 1581 amet
3332 1539 3453 1591 me,
3489 1530 3593 1583 aut
3624 1531 3690 1582 ut
3725 1524 3977 1582 maritus

2323 1633 2460 1676 eam
2541 1620 2704 1678 foras
2768 1622 3004 1680 eiiciat.
3086 1624 3316 1695 Magus,
3362 1638 3525 1695 quae
3584 1628 3834 1697 poterat
3879 1637 3971 1680 ex-
4058 1622 4059 1645 ἶ

2324 1722 2559 1788 pertus,
2615 1720 2914 1790 quoniam
2964 1726 3203 1778 castum
3248 1722 3383 1792 ejus
3427 1721 3711 1779 animum
3772 1723 3980 1780 dimo—

560 1822 811 1893 triginta
888 1835 1080 1878 annos
1147 1825 1326 1877 natus
1370 1822 1668 1885 ascendit,
1732 1821 1794 1877 in
1848 1833 1970 1891 qua
2022 1830 2216 1874 annos
2249 1797 2289 1850 B
2322 1829 2467 1873 vere
2498 1830 2621 1873 non
2661 1824 2886 1888 posset,
2938 1817 3161 1885 effecit,
3199 1823 3265 1876 ut
3312 1833 3471 1890 equa
3504 1819 3826 1879 videretur
3879 1818 3970 1882 iis,

560 1918 873 1989 sexaginta
896 1918 1155 1990 peregit.
1216 1918 1404 1974 Tanta
1465 1918 1713 1976 labores
1754 1914 2217 1974 exercitationis

560 2016 704 2073 tulit
729 2015 1098 2077 constantia,
1143 2018 1209 2071 ut
1264 2020 1401 2084 post
1472 2016 1687 2071 decem
1746 2028 1939 2071 annos
1990 2010 2216 2081 insigni

560 2113 831 2184 quadam
916 2111 1309 2167 distinctione
1383 2111 1605 2182 dignus
1699 2110 1949 2167 habitus
2027 2100 2218 2156 παιδα-

561 2210 807 2281 ριογέρων
852 2214 1200 2278 vocaretur,
1254 2207 1400 2279 quia
1458 2208 1662 2279 citius,
1698 2222 1885 2279 quam
1958 2220 2072 2278 pro
2121 2221 2219 2262 ae-

560 2312 704 2373 tate,
758 2304 1093 2363 virtutibus
1150 2304 1519 2376 profecerat.
1578 2303 1990 2376 Quadraginta
2050 2303 2217 2360 enim

561 2419 756 2463 annos
810 2408 987 2461 natus
1031 2407 1395 2473 potestatem
1446 2402 1796 2473 expellendi
1856 2402 2214 2473 daemones,

561 2506 824 2574 gratiam
900 2498 1261 2564 curationis,
1355 2498 1775 2570 spiritumque
1854 2498 2218 2570 prophetiae

563 2598 821 2668 accepit,
879 2602 938 2653 et
993 2596 1346 2653 honorabili
1422 2610 1672 2668 quoque
1729 2596 2076 2653 sacerdotio
2128 2595 2220 2652 di-

560 2710 719 2768 gnus
782 2693 1169 2751 existimatus
1234 2698 1344 2750 est.
1396 2693 1547 2751 Cum
1616 2693 1751 2764 ipso
1801 2692 1925 2749 duo
1971 2691 2218 2749 habita-

564 2794 711 2851 bant
758 2789 1049 2861 discipuli
1099 2791 1160 2846 in
1212 2790 1427 2847 intima
1473 2789 1829 2857 solitudine,
1896 2804 2055 2860 quae
2112 2804 2211 2847 vo-

558 2895 734 2947 catur
757 2889 951 2946 Scete.
987 2887 1263 2955 Quorum
1293 2903 1451 2946 unus
1495 2901 1745 2958 semper
1777 2901 1977 2959 prope
2038 2887 2218 2944 illum

556 2993 689 3046 erat
717 3000 938 3044 eorum
997 3000 1205 3055 causa,
1255 2985 1363 3057 qui
1400 2986 1755 3051 veniebant,
1813 2989 1877 3041 ut
1919 3000 2219 3042 curaren-

556 3091 705 3152 tur;
760 3086 914 3142 alter
958 3097 1239 3142 seorsum
1292 3083 1547 3140 sedebat
1605 3082 1668 3139 in
1724 3083 1980 3154 propria
2036 3083 2212 3141 cella.

555 3184 930 3242 Procedente
975 3189 1181 3238 autem
1229 3186 1510 3253 tempore
1557 3180 1652 3237 vir
1691 3185 1937 3238 sanctus
1981 3180 2219 3252 perspi-

557 3281 690 3339 caci
746 3281 931 3337 oculo
975 3277 1369 3349 praevidens,
1437 3278 1519 3347 ei,
1568 3277 1676 3349 qui
1725 3278 1845 3335 sibi
1910 3278 2220 3336 ministra-

558 3379 685 3448 bat,
763 3374 1015 3432 Joannis
1081 3374 1357 3444 nomine,
1435 3375 1544 3446 qui
1610 3380 1822 3447 postea
1893 3377 2220 3446 presbyter

555 3474 754 3532 factus
791 3477 883 3529 est
934 3472 998 3528 in
1044 3471 1244 3543 ipsius
1289 3471 1489 3528 vicem
1527 3490 1539 3527 :
1604 3471 1785 3543 Audi,
1830 3471 2055 3543 inquit,
2099 3472 2219 3528 fra-

556 3577 672 3636 ter,
737 3584 941 3628 meam
998 3568 1515 3636 admonitionem,
1577 3570 1875 3641 quoniam
1920 3577 1979 3627 te
2026 3574 2217 3627 tentat

556 3669 816 3742 spiritus
863 3666 1178 3724 avaritiae.
1221 3662 1310 3723 Ita
1352 3666 1521 3724 enim
1574 3666 1867 3738 equidem
1908 3666 2059 3739 vidi,
2114 3682 2217 3723 ne-

556 3782 678 3841 que
711 3766 950 3838 ignoro,
983 3766 1033 3820 si
1088 3778 1291 3821 meam
1326 3778 1528 3836 aequo
1578 3763 1786 3821 animo
1838 3764 2054 3821 tuleris
2103 3779 2213 3821 ex-

555 3864 1003 3931 hortationem,
1048 3861 1111 3918 in
1168 3876 1360 3933 opere
1418 3861 1521 3919 Dei
1577 3862 1697 3919 hoc
1747 3861 1885 3919 loco
1927 3875 2215 3919 consum-

558 3971 878 4022 matur-um
928 3968 988 4019 te
1038 3973 1174 4018 esse
1215 3959 1686 4032 gloriosumque
1739 3959 1870 4017 fore
1914 3965 1974 4016 et
2013 3960 2214 4031 ﬂagel-

551 4062 684 4121 lum
744 4075 863 4119 non
923 4057 1573 4132 appropinquaturum
1623 4057 2022 4114 tabernaculo
2067 4063 2200 4115 tuo.

553 4163 628 4219 At
653 4160 704 4217 si
734 4174 833 4216 me
872 4173 995 4216 non
1042 4155 1337 4221 audieris,
1391 4154 1558 4213 Giezi
1605 4154 1668 4212 in
1699 4159 1757 4211 te
1805 4154 1946 4212 finis
1984 4155 2206 4223 veniet,

551 4258 732 4327 cujus
749 4262 807 4311 et
824 4256 1049 4312 morbo
1079 4254 1351 4311 laboras.
1389 4253 1551 4310 Haec
1576 4251 1741 4309 dicta
1762 4257 1905 4309 sunt
1933 4252 2210 4324 quinque

551 4366 746 4412 annos
797 4355 1130 4422 antequam
1182 4353 1428 4407 sanctus
1484 4347 1663 4406 obiit.
1722 4348 1792 4405 Et
1845 4347 2206 4420 quindecim

551 4450 729 4508 annis
767 4456 907 4523 post
951 4453 1218 4505 mortem
1251 4446 1497 4504 Macarii
1533 4459 1728 4517 quum
1749 4446 2013 4504 Joannes
2045 4447 2207 4504 bona

549 4562 902 4623 pauperum
968 4546 1309 4612 avertisset,
1392 4544 1478 4601 ita
1540 4544 1847 4602 laboravit
1905 4544 2204 4616 elephan-

548 4648 710 4713 tiasi,
746 4645 905 4702 utin
944 4657 1213 4715 corpore
1263 4643 1400 4699 eius
1453 4656 1575 4699 non
1630 4641 2020 4699 inveniretur
2050 4642 2205 4700 inte-

544 4758 653 4818 ger
692 4740 888 4812 locus,
920 4742 982 4799 in
1032 4756 1158 4812 quo
1216 4739 1357 4813 quis
1411 4740 1675 4812 digitum
1708 4739 1894 4812 ﬁgere
1923 4738 2039 4814 39
2065 4754 2203 4811 pos-

542 4847 655 4901 set.
720 4842 805 4898 lta
856 4840 921 4897 in
979 4853 1077 4908 eo,
1134 4837 1241 4911 qui
1296 4852 1420 4895 non
1470 4836 1815 4902 obedierat,
1871 4837 2199 4909 prophetia

538 4938 734 4999 sancti
767 4938 883 4994 viri
917 4937 1172 5009 impleta
1227 4942 1340 4994 est.
1386 4936 1466 4993 De
1495 4935 1638 4992 cibo
1681 4938 1888 4992 autem
1951 4942 2011 4993 et
2047 4941 2198 5007 potu

536 5049 1067 5109 supervacaneum
1100 5040 1189 5093 est
1232 5048 1510 5104 narrare,
1565 5033 1862 5105 quoniam
1908 5047 1983 5090 ne
2029 5033 2194 5105 apud

536 5134 933 5194 socordiores
1006 5131 1264 5205 quidem
1368 5130 1709 5189 monachos
1783 5130 2191 5188 monasterio-

534 5246 701 5301 rum,
730 5245 890 5305 quae
946 5236 1118 5288 extra
1166 5235 1328 5296 sunt,
1387 5228 1652 5287 inveniri
1704 5228 2009 5301 ingluvies
2052 5242 2192 5300 pos-

531 5331 610 5389 sit
657 5335 759 5387 aut
837 5329 957 5387 alia
1000 5329 1309 5402 quaedam
1359 5343 1392 5385 a
1436 5326 1886 5385 consuetudine
1938 5340 2182 5393 eorum,

528 5429 637 5502 qui
681 5429 743 5485 in
799 5427 930 5484 istis
959 5428 1113 5485 locis
1144 5430 1489 5492 morantur,
1542 5425 1789 5483 diversa
1821 5422 2068 5481 vivendi
2111 5424 2186 5480 li-

527 5527 759 5594 bertas,
804 5541 945 5583 cum
997 5530 1255 5597 propter
1302 5523 1581 5596 inopiam
1631 5537 1847 5581 rerum
1895 5535 2181 5579 necessa-

524 5625 787 5691 riarum,
821 5630 954 5683 tum
1000 5628 1259 5698 propter
1304 5623 1507 5681 zelum
1554 5622 1663 5682 Dei
1704 5622 1867 5679 inter
1891 5633 2018 5687 eos,
2066 5620 2176 5694 qui

2325 1912 2431 1985 qui
2504 1928 2642 1970 eam
2709 1915 3132 1973 intuebantur.
3187 1916 3441 1975 Maritus
3488 1932 3635 1989 ergo
3684 1918 3824 1990 ejus
3878 1916 3974 1974 ubi

2327 2012 2491 2069 foras
2516 2013 2702 2083 venit,
2754 2013 2813 2070 in
2863 2015 3064 2071 forma
3125 2029 3323 2086 equae
3380 2030 3519 2072 eam
3582 2016 3970 2088 conspicatus

2327 2107 2628 2180 ingemuit
2668 2124 2738 2167 ac
2778 2110 2943 2167 flevit
2986 2110 3062 2168 de
3103 2111 3200 2177 iis,
3254 2126 3414 2183 quae
3454 2112 3835 2171 acciderant.
3872 2110 3979 2169 Vo-
4058 2164 4059 2183 Ε

2327 2206 2478 2263 catis
2520 2207 2746 2264 deinde
2780 2207 2898 2265 vici
2943 2180 3328 2282 presbyteris
3369 2224 3505 2266 eam
3543 2212 3845 2281 ostendit,
3885 2207 3979 2266 sed
4058 2180 4059 2263 l

2328 2318 2405 2360 ne
2437 2304 2499 2361 hi
2534 2305 2790 2376 quidem
2839 2320 2973 2363 rem
3024 2306 3489 2364 intellexerunt.
3549 2306 3755 2375 Quum
3804 2310 3983 2381 igitur

2328 2401 2444 2455 illa
2504 2402 2706 2455 tribus
2771 2402 2994 2455 diebus
3068 2404 3221 2455 nihil
3278 2405 3537 2455 omnino
3594 2407 3982 2455 comedisset.

2328 2401 2444 2460 illa
2504 2402 2706 2459 tribus
2771 2402 2994 2461 diebus
3068 2404 3223 2461 nihil
3278 2405 3537 2462 omnino
3594 2407 3982 2471 comedisset,

2330 2504 2716 2571 postremum
2784 2500 2961 2571 Deus,
3030 2507 3309 2558 sanctum
3380 2516 3562 2559 suum
3616 2504 3986 2574 gloriﬁcatu-
4058 2500 4059 2567 ξ

2329 2612 2456 2669 rus,
2485 2597 2922 2669 cogitationem
2982 2599 3207 2657 marito
3264 2599 3481 2656 iniecit
3531 2600 3803 2659 adeundi
3850 2613 3983 2659 cum
4058 2600 4059 2617 ‘

2328 2708 2401 2751 ea
2442 2699 2724 2751 sanctum
2778 2694 2981 2753 virum
3026 2697 3088 2753 in
3133 2696 3515 2767 solitudine;
3568 2713 3768 2769 quare
3810 2700 3863 2756 is
3895 2713 3985 2756 ca-
4058 2708 4059 2769 ξ

2330 2791 2525 2864 pistro
2580 2791 2826 2863 ligatam
2890 2800 2957 2852 ut
3032 2808 3258 2866 equam
3309 2750 3515 2862 duxit:
3562 2750 3671 2853 ubi
3741 2797 3840 2855 vir
3892 2794 3983 2853 Dei

2330 2888 2668 2946 habitabat.
2721 2890 3275 2964 Appropinquanti
3333 2892 3602 2951 fratres:
3661 2894 3849 2962 Quid,
3906 2894 3985 2951 in-
4058 2946 4059 2981 ι

2328 2986 2571 3057 quiunt,
2608 2987 2728 3045 huc
2771 3001 2995 3060 equam
3027 2989 3395 3049 adduxisti?
3454 2991 3562 3048 Ille
3609 2993 3983 3064 respondet:
4058 3006 4059 3015 η

2331 3083 2401 3142 Ut
2450 3084 2590 3141 iusti
2641 3086 2921 3143 oratione
2992 3087 3491 3145 misericordiam
3547 3096 3982 3163 consequatur.

2260 3150 2298 3204 C
2331 3181 2403 3238 At
2434 3180 2495 3237 hi
2542 3198 2554 3238 :
2589 3180 2743 3250 Quid
2808 3184 3055 3241 tandem
3117 3184 3263 3241 mali
3309 3184 3557 3243 habet?
3588 3150 3942 3260 Respondet
3972 3202 3981 3238 :

2328 3278 2517 3351 Haec,
2551 3293 2737 3349 quam
2770 3280 2990 3337 videtis
3014 3296 3262 3353 equam,
3300 3296 3443 3339 cara
3467 3296 3601 3340 mea
3638 3300 3802 3343 uxor
3829 3288 3977 3349 erat,

2328 3382 2408 3442 et,
2445 3376 2595 3448 quid
2628 3377 2751 3433 iam
2780 3377 2833 3433 ei
2884 3377 3204 3446 acciderit,
3255 3380 3483 3436 nescio.
3551 3381 3842 3440 Revelata
3872 3396 3987 3437 au—

2327 3477 2454 3530 tem
2501 3479 2711 3532 sancto
2757 3476 2969 3533 omnia
3013 3480 3208 3539 erant,
3250 3491 3410 3549 quae
3459 3477 3692 3536 femina
3760 3488 3990 3550 patere-

2328 3575 2451 3642 tur,
2485 3576 2545 3627 et
2589 3572 2779 3628 Deum
2834 3574 3054 3631 orabat
3104 3588 3220 3645 pro
3268 3588 3364 3632 ea.
3432 3574 3521 3632 [lli
3580 3590 3731 3635 vero
3797 3588 3988 3650 quum

2326 3667 2442 3725 ista
2494 3668 2899 3736 audivissent,
2963 3671 3241 3728 referunt
3316 3671 3392 3728 ad
3450 3687 3704 3731 servum
3766 3672 3988 3733 Christi

2326 3765 2682 3832 Macarium,
2770 3766 3086 3824 dicentes:
3154 3768 3387 3840 Equam
3450 3769 3683 3842 aliquis
3745 3772 3870 3829 huc
3922 3768 3991 3826 ad

2324 3863 2517 3919 duxit.
2552 3862 2787 3931 Quibus
2847 3864 2898 3921 is
2935 3880 2946 3919 :
2983 3865 3120 3922 Vos.
3182 3866 3407 3938 inquit,
3464 3867 3616 3925 estis
3680 3869 3859 3942 equi,
3891 3866 3993 3940 qui

2322 3974 2629 4033 equorum
2679 3960 2895 4019 oculos
2954 3962 3234 4035 habitis;
3291 3963 3397 4021 illa
3482 3969 3694 4023 autem
3764 3966 3993 4024 femina

2322 4062 2433 4125 est,
2493 4064 2557 4115 ut
2610 4064 2701 4115 est
2750 4064 2980 4126 creata,
3030 4065 3090 4116 et
3152 4060 3234 4117 ita
3292 4061 3733 4120 transformata
3798 4064 3995 4122 oculis

2322 4158 2561 4213 tantum
2619 4158 2736 4231 40
2827 4162 3085 4228 apparet
3153 4172 3394 4225 eorum,
3451 4159 3558 4231 qui
3613 4167 3761 4219 sunt
3815 4161 3991 4219 dece-

2321 4253 2438 4324 pti.
2509 4252 2737 4310 Deinde
2813 4268 2974 4326 aqua
3074 4254 3397 4313 benedicta
3478 4257 3739 4328 nudam,
3805 4272 3989 4331 quam

2318 4350 2723 4417 adduxerant,
2770 4366 2804 4408 a
2840 4365 3088 4409 summo
3131 4352 3365 4410 vertice
3412 4354 3704 4425 aspersit,
3759 4370 3991 4429 quum-

2316 4462 2439 4519 que
2509 4462 2700 4520 super
2773 4453 2964 4520 caput
3036 4449 3172 4507 eius
3249 4455 3541 4522 precatus
3614 4458 3804 4525 esset,
3877 4460 3990 4511 sta-

2315 4544 2427 4602 tim
2489 4547 2784 4604 omnibus
2858 4562 2997 4605 eam
3072 4548 3428 4606 videntibus
3498 4549 3729 4607 femina
3791 4567 3988 4625 appa-

2314 4643 2461 4702 ruit.
2514 4643 2715 4716 Atque
2763 4645 2860 4702 vir
2920 4644 3024 4702 Dei
3095 4647 3151 4703 ei
3207 4645 3425 4703 cibum
3480 4648 3716 4719 apponi
3779 4649 3980 4707 iussit.

2312 4742 2465 4799 Tum
2535 4756 2675 4799 eam
2768 4743 3179 4815 commonuit,

2311 4853 2431 4896 non
2497 4854 2861 4912 compareas
2931 4840 2991 4897 in
3061 4841 3323 4899 ecclesia
3390 4842 3489 4898 Dei
3549 4849 3607 4900 et
3669 4842 3733 4903 in
3821 4860 3987 4903 com—

2309 4937 2606 4995 munione
2677 4937 3121 5009 mysteriorum
3172 4936 3402 4996 Christi
3483 4956 3497 5008 ;

2306 5035 2420 5092 tibi
2459 5035 2840 5101 acciderunt,

2304 5132 2490 5190 dibus
2520 5148 2643 5190 non
2669 5132 2980 5189 accessisti
3023 5131 3099 5189 ad
3146 5133 3518 5191 intemerata
3564 5135 3797 5194 Christi
3844 5149 3977 5207 my-

2301 5230 2508 5288 steria.
2542 5231 2624 5287 lta
2649 5244 2787 5286 eam
2809 5235 3154 5301 corporeet
3172 5229 3383 5287 anima
3409 5236 3686 5289 sanatam
3710 5233 3979 5291 dimisit.

3268 4744 3483 4801 dicens
3552 4767 3567 4803 :
3649 4745 3984 4820 Nunquam

3579 4940 3735 4998 haec
3818 4944 3984 5001 enim

2924 5034 3071 5107 quia
3124 5035 3248 5092 iam
3310 5037 3590 5108 quinque
3637 5038 3985 5098 hebdoma-

2382 5346 2413 5381 «
2481 5328 2672 5383 Porro
2736 5326 3065 5383 dicebatur
3164 5327 3517 5398 posteriore
3593 5329 3763 5388 vitae
3834 5342 3981 5389 suae

2294 5430 2581 5495 tempore
2642 5423 3121 5480 subterraneum
3191 5423 3418 5482 fodisse
3485 5426 3863 5485 cuniculum
3920 5428 3979 5485 in

2292 5520 2539 5580 dimidii
2583 5519 2854 5592 spatium
2905 5520 3087 5578 stadii
3141 5527 3202 5579 et
3232 5524 3595 5593 speluncam
3630 5523 3970 5585 adiecisse.

2289 5618 2350 5679 Si
2397 5618 2645 5691 quando
2700 5617 2888 5691 igitur
2935 5618 3295 5691 complures
3341 5620 3401 5678 ei
3450 5626 3628 5680 erant
3677 5624 3965 5691 molesti,
