4092 6256
168 261 228 316 41
1761 258 1814 315 V.

1926 259 1992 313 E.
3505 262 3573 317 42

167 390 412 447 occulte
456 402 491 445 e
552 389 710 446 cella
774 402 1058 460 egressus
1112 387 1267 447 abiit
1305 387 1368 445 in
1431 388 1818 460 speluncam,
1858 394 1900 448 A
1933 386 2211 461 scipulos
2264 405 2385 447 una
2431 406 2573 448 cum
2621 391 2887 449 Macario
2935 391 3000 450 in
3044 392 3217 449 Scete
3275 391 3587 451 habitasse

170 486 275 555 ita,
332 490 399 543 ut
429 499 615 543 nemo
657 499 803 543 eum
853 485 1181 543 inveniret.
1234 485 1463 542 Abiens
1509 499 1655 542 vero
1710 497 1819 557 per

165 584 533 643 cuniculum
604 582 817 655 viginti
905 589 1175 655 quatuor
1256 584 1573 641 orationes
1658 582 1824 640 dice-

165 682 272 739 bat
354 694 552 752 usque
622 680 699 737 ad
765 680 1153 753 speluncam,
1224 686 1284 738 et
1355 680 1604 737 rediens
1676 679 1825 738 toti-

166 778 309 836 dem
328 822 339 833 .

252 896 279 927 «
329 876 411 934 De
462 889 538 934 eo
586 890 839 950 quoque
889 876 1053 933 fama
1082 876 1254 943 exiit,
1289 877 1457 948 quod
1502 880 1824 934 mortuum

165 973 504 1046 suscitarit,
590 979 657 1032 ut
739 975 1134 1033 convinceret
1219 974 1625 1040 liaereticum,
1715 974 1822 1045 qui

166 1073 690 1129 resurrectionem
756 1086 1097 1143 corporum
1182 1086 1304 1130 non
1391 1071 1818 1144 proﬁtebatur.

168 1168 335 1237 Quae
364 1169 621 1242 quidem
666 1169 828 1227 fama
865 1174 1152 1227 constans
1184 1170 1300 1227 fuit
1350 1169 1411 1227 in
1460 1169 1819 1227 solitudine.

253 1285 284 1320 α
334 1267 499 1324 Alias
552 1268 629 1325 ad
669 1268 876 1339 ipsum
928 1273 1129 1323 mater
1158 1266 1419 1325 adduxit
1465 1266 1823 1325 adolescen-

162 1371 316 1430 tem,
352 1367 461 1437 qui
498 1380 532 1422 a
570 1366 873 1423 daemone
903 1366 1265 1431 vexabatur,
1314 1381 1348 1421 a
1398 1365 1647 1422 duobus
1676 1364 1821 1422 ado-

162 1463 548 1521 lescentibus
595 1463 916 1534 utrimque
955 1462 1379 1520 constrictum.
1433 1460 1707 1533 Eamque
1757 1462 1820 1518 in

162 1574 311 1618 eum
370 1561 503 1617 vim
547 1560 814 1617 daemon
861 1560 1161 1625 exercuit,
1216 1565 1283 1617 ut
1329 1560 1521 1617 trium
1581 1559 1819 1617 modio-

164 1671 310 1715 rum
354 1671 549 1730 panes
580 1657 941 1716 comederet
982 1662 1043 1714 et
1083 1658 1428 1729 amphorae
1474 1656 1823 1715 Ciliciensis

1935 486 2216 557 legimus.
2280 503 2473 545 unum
2537 489 2599 546 in
2653 490 2808 547 cella
2859 488 3129 554 Macarii,
3187 490 3453 546 alterum
3519 490 3582 546 in

1934 584 2188 655 propria
2217 586 2397 653 cella,
2448 601 2632 645 nemo
2662 588 3011 651 concludet,
3064 586 3223 644 alios
3269 586 3587 645 solitarios

1936 696 2055 738 una
2092 696 2236 739 cum
2270 684 2533 742 Macario
2567 685 2722 742 inibi
2757 700 2879 742 non
2911 684 3156 741 vixisse.
3195 684 3384 741 Senes
3410 684 3580 740 enim

1934 779 2303 836 abstinentia
2361 787 2421 838 et
2475 782 2811 840 virtutibus
2864 782 3136 854 insignes
3192 782 3412 853 procul
3473 780 3586 838 ali-

1933 883 2233 947 quantum
2267 893 2300 935 a
2332 880 2751 946 monasteriis,
2814 880 3046 951 quibus
3080 883 3430 951 praeerant,
3461 877 3585 936 sibi

1932 974 2160 1030 cellam
2226 975 2554 1034 instituere
2614 977 2830 1035 solitos
2908 992 3046 1035 esse
3111 991 3303 1048 supra
3372 975 3587 1034 docui-

1934 1086 2073 1129 mus
2120 1070 2366 1147 (2).,lta
2415 1074 2474 1132 S.
2533 1075 2835 1133 Antonius
2881 1077 3109 1147 legitur
3159 1076 3315 1132 duos
3348 1073 3585 1146 pariter

1932 1170 2004 1226 ad
2066 1175 2333 1228 mortem
2384 1186 2580 1243 usque
2620 1188 2832 1230 secum
2886 1173 3227 1244 discipulos
3268 1172 3583 1240 habuisse,

1931 1268 2158 1325 ceteris
2213 1268 2558 1341 monachis,
2613 1270 2721 1341 qui
2772 1271 2888 1327 sub
2935 1269 3074 1341 ejus
3114 1268 3447 1341 disciplina
3500 1269 3585 1326 vi-

1932 1364 2179 1437 vebant,
2207 1366 2270 1422 in
2328 1367 2647 1425 vicinitate
2676 1368 3047 1439 degentibus
3087 1364 3204 1441 (3).
3265 1363 3591 1424 Solitarios

1931 1476 2079 1520 vero
2111 1466 2359 1534 praeter
2405 1464 2563 1522 duos
2598 1464 2741 1521 illos
2791 1479 2936 1521 cum
2983 1464 3249 1522 Macario
3299 1464 3363 1521 in
3415 1464 3592 1523 Scete

1931 1560 2262 1629 habitasse,
2296 1561 2422 1619 iam
2456 1563 2602 1620 inde
2645 1566 2833 1633 patet,
2879 1561 3051 1634 quod
3083 1562 3389 1620 Macarius
3420 1576 3590 1634 pres-

1933 1658 2113 1729 byter
2157 1658 2350 1716 Scetis
2383 1659 2522 1716 fuit.

160 1769 394 1828 aquam
456 1753 721 1813 biberet.
804 1754 970 1824 Quos
1021 1755 1198 1812 cibos
1250 1751 1474 1813 exinde
1535 1759 1823 1812 eructans
1858 1758 1902 1813 B
2011 1755 2312 1825 Narratio,
2361 1771 2521 1828 quae
2551 1756 2855 1829 sequitur,
2891 1756 2969 1814 de
2997 1756 3231 1815 femina
3264 1757 3327 1814 in
3358 1770 3588 1830 equam

160 1853 226 1909 in
282 1866 578 1925 vaporem
637 1853 1012 1919 resolvebat,
1071 1857 1366 1923 tanquam
1413 1852 1553 1924 igne
1603 1866 1823 1909 consu-

158 1955 505 2009 merentur.
555 1951 657 2008 Est
695 1951 861 2008 enim
919 1952 1078 2009 ordo
1117 1950 1376 2023 quidam
1417 1950 1816 2021 daemonum,

160 2049 268 2121 qui
310 2048 533 2124 igneus
563 2054 859 2119 vocatur;
911 2049 1019 2121 qui
1048 2048 1307 2121 quidem
1352 2062 1475 2106 non
1528 2047 1818 2119 essentia,

160 2144 290 2217 sed,
326 2151 392 2204 ut
441 2145 504 2205 in
551 2146 914 2205 hominibus
959 2160 1213 2219 quoque
1245 2145 1581 2212 invenitur,
1613 2148 1820 2204 mente

164 2242 375 2315 potius
443 2243 757 2302 differunt.
807 2244 924 2303 Iste
973 2245 1166 2317 igitur
1224 2244 1610 2309 adolescens,
1673 2244 1724 2301 si
1784 2258 1819 2300 a

162 2347 358 2398 matre
390 2356 515 2399 non
572 2342 719 2399 satis
749 2342 806 2399 ei
857 2341 1398 2414 suppeditabatur,
1446 2356 1629 2413 saepe
1662 2354 1816 2412 pro-

168 2439 372 2508 priam
457 2452 632 2495 suam
688 2439 911 2496 edebat
958 2439 1244 2511 corporis
1308 2439 1687 2511 egestionem
1758 2442 1819 2494 et

173 2534 399 2593 lotium
462 2535 742 2593 bibebat.
814 2537 1023 2594 Flente
1088 2541 1285 2594 matre
1328 2542 1388 2593 et
1440 2536 1816 2593 lamentante

164 2639 575 2706 sanctumque
630 2634 812 2692 enixe
868 2636 1234 2700 obtestante,
1314 2634 1503 2692 istum
1572 2638 1818 2691 sanctus

160 2732 406 2803 excepit
452 2736 512 2789 et
562 2734 826 2804 supplex
886 2747 999 2805 pro
1057 2746 1132 2790 eo
1184 2733 1373 2791 Deum
1433 2732 1659 2790 oravit.
1734 2732 1818 2788 Ac

158 2834 300 2902 post
354 2830 513 2887 duos
563 2830 696 2887 dies
740 2831 1040 2889 miserum
1113 2831 1381 2888 daemon
1465 2830 1816 2888 cruciatum

160 2927 420 2984 remisit.
486 2927 656 2985 Tunc
705 2927 888 2985 matri
944 2928 1079 2999 ejus
1135 2947 1148 2987 :
1200 2927 1533 2999 Quantum,
1586 2927 1812 2999 inquit,

153 3022 269 3091 vis,
310 3028 374 3082 ut
407 3024 695 3083 comedat
726 3023 752 3083 ἱ)
782 3024 1000 3093 Quam,
1050 3040 1194 3082 cum
1250 3025 1467 3083 decem
1503 3025 1697 3082 libras
1723 3024 1815 3081 si-

1932 1856 2168 1911 mutata
2226 1854 2502 1911 etiamin
2540 1854 2706 1912 libro
2764 1854 3039 1912 secundo
3092 1852 3207 1931 (4),
3268 1856 3375 1912 sed
3448 1870 3590 1912 nus-

1932 1951 2103 2023 piam
2173 1951 2324 2008 alibi
2369 1952 2684 2009 invenitur
2757 1953 2879 2010 Nec
2936 1952 3083 2009 libri
3140 1952 3396 2010 secundi
3443 1967 3590 2009 nar-

1930 2048 2092 2106 ratio
2140 2053 2263 2105 tam
2298 2051 2466 2121 large
2509 2050 2755 2107 exculta
2797 2054 2909 2117 est,
2944 2054 3131 2113 atque
3157 2049 3264 2107 illa
3301 2050 3584 2116 Palladii,

1929 2161 2131 2219 neque
2163 2146 2393 2205 mulier
2444 2153 2556 2213 est,
2606 2148 2717 2205 sed
2750 2149 2945 2220 virgo,
3005 2145 3132 2205 ﬁlia
3177 2149 3373 2220 patris
3400 2148 3591 2205 fami-

1929 2244 2042 2301 lias
2101 2244 2290 2302 vicini
2340 2244 2583 2317 oppidi,
2633 2260 2815 2317 quae,
2866 2250 2933 2303 ut
2989 2245 3200 2303 verbis
3244 2245 3398 2317 ipsis
3456 2251 3589 2303 uta-

1929 2356 2095 2413 mur,
2149 2361 2172 2393 ι
2223 2356 2336 2415 per
2382 2341 2734 2414 phantasias
2779 2343 3048 2415 magicas
3102 2342 3433 2400 videbatur
3476 2343 3583 2401 ho-

1929 2440 2206 2497 minibus
2249 2439 2312 2496 in
2355 2441 2656 2511 equinum
2724 2440 2955 2498 animal
3002 2454 3199 2507 versa,
3262 2445 3329 2497 ut
3400 2444 3587 2512 puta—

1927 2540 2101 2596 retur
2142 2552 2307 2609 equa
2337 2552 2494 2604 esse,
2541 2543 2604 2595 et
2646 2551 2767 2595 non
2813 2537 3040 2610 puella.
3092 2537 3260 2595 Hanc
3306 2538 3581 2595 adduxe-

1927 2639 2074 2692 runt
2114 2634 2190 2691 ad
2222 2649 2366 2692 eum
2395 2632 2760 2711 [Macarium
2795 2632 2909 2703 42
2946 2632 3366 2711 Aegyptium].
3414 2636 3584 2693 Tunc

1927 2732 2034 2789 ille
2082 2737 2543 2804 perconctatus,
2578 2730 2732 2805 quid
2782 2731 3069 2790 vellent?
3116 2732 3301 2790 Aiunt
3356 2746 3585 2803 paren-

1928 2834 2017 2889 tes
2060 2830 2242 2888 eius:
2297 2831 2467 2902 Equa
2517 2830 2688 2898 haec,
2742 2844 2931 2902 quam
2984 2830 3195 2889 vident
3240 2830 3407 2888 oculi
3464 2830 3579 2899 tui,

1928 2927 2134 3001 puella
2156 2928 2327 2999 virgo
2355 2932 2415 2985 et
2440 2927 2565 2985 ﬁlia
2593 2933 2800 2985 nostra
2828 2927 2964 2994 fuit,
2990 2928 3098 2985 sed
3131 2927 3417 2985 homines
3445 2942 3582 3000 pes-

1926 3027 2067 3083 simi
2119 3025 2376 3100 magicis
2420 3026 2660 3083 artibus
2690 3025 2754 3082 in
2798 3025 3028 3083 animal
3062 3026 3180 3083 hoc
3209 3026 3376 3097 quod
3410 3025 3583 3082 vides

153 3121 523 3195 gniﬁcasset,
577 3123 943 3195 increpavit,
1006 3123 1151 3195 quia
1199 3123 1464 3181 nimium
1507 3122 1808 3190 dixisset;
1854 3101 1893 3157 (ἶ
1928 3128 2322 3181 mutaverunt
2373 3137 2533 3180 eam.
2588 3122 2894 3195 Rogamus
2949 3137 3122 3194 ergo,
3169 3127 3235 3180 ut
3281 3137 3421 3180 ores
3469 3123 3583 3179 Do-

152 3225 341 3293 atque
392 3221 622 3278 iterum
653 3235 847 3291 super
890 3221 1281 3279 adolescente
1334 3226 1621 3292 precatus
1671 3236 1815 3279 cum
1924 3222 2188 3289 minum,
2240 3227 2303 3279 ut
2346 3225 2688 3280 commutet
2736 3236 2875 3279 eam
2928 3221 2994 3278 in
3056 3222 3174 3278 hoc
3237 3221 3405 3293 quod
3438 3220 3575 3277 fuit.

150 3317 395 3375 ieiunio
461 3322 700 3389 septem
743 3318 1014 3383 dierum,
1085 3318 1456 3375 daemonem
1518 3318 1815 3389 ingluviei
1926 3319 1999 3377 At
2038 3320 2144 3377 ille
2175 3319 2262 3376 ait
2310 3337 2322 3376 :
2378 3318 2503 3392 Ego
2547 3320 2723 3389 hanc,
2777 3333 2967 3391 quam
3020 3318 3343 3377 ostenditis
3395 3318 3576 3390 mihi,

152 3418 237 3473 ab
268 3430 343 3473 eo
382 3414 623 3487 expulit
669 3421 731 3472 et
767 3416 979 3473 cibum
1015 3416 1072 3473 ei
1131 3416 1451 3473 constituit
1504 3417 1695 3475 trium
1746 3416 1815 3474 li-
1925 3418 2199 3492 puellam
2232 3417 2415 3475 video
2446 3418 2601 3475 nihil
2648 3417 2712 3474 in
2763 3432 2830 3475 se
2879 3416 3137 3489 pecudis
3188 3417 3523 3473 habentem
3559 3433 3573 3482 ;

153 3516 421 3572 brarum
456 3527 703 3585 panem,
765 3528 953 3587 quem
999 3514 1331 3571 comedere
1362 3514 1640 3585 deberet,
1695 3511 1806 3583 41
1923 3516 2041 3575 hoc
2084 3522 2314 3584 autem,
2344 3516 2513 3587 quod
2543 3515 2773 3583 dicitis,
2836 3529 2959 3573 non
3006 3520 3098 3572 est
3136 3514 3202 3571 in
3249 3513 3386 3571 eius
3431 3528 3574 3571 cor-

150 3613 202 3670 si
256 3617 647 3685 operaretur.
684 3610 770 3669 Ita
801 3617 860 3669 et
901 3612 1066 3669 hunc
1109 3611 1336 3669 virtute
1381 3612 1628 3670 divinae
1678 3614 1811 3685 gra-

147 3709 276 3767 tiae
301 3712 584 3767 sanatum
616 3709 798 3767 matri
834 3708 1127 3767 reddidit.

237 3828 265 3857 ‹‹
315 3807 483 3864 Talia
530 3807 686 3865 Deus
712 3808 1017 3879 stupenda
1064 3806 1364 3865 miracula
1392 3807 1535 3865 fecit
1580 3822 1692 3880 per
1722 3806 1814 3865 di-

149 3905 387 3962 lectum
417 3918 602 3961 suum
635 3904 996 3977 Macarium,
1028 3904 1208 3964 cuius
1250 3904 1632 3962 immortalis
1684 3906 1813 3962 ani-

151 4017 253 4060 ma
300 4016 465 4060 nunc
524 4009 616 4059 est
660 4017 803 4060 cum
852 4002 1107 4075 angelis.
1161 4003 1283 4075 Ego
1327 4008 1608 4060 sanctum
1675 4003 1812 4075 ipse

149 4115 278 4159 non
318 4100 633 4169 conveni;
688 4114 849 4157 anno
899 4100 1093 4169 enim,
1155 4104 1490 4173 antequam
1547 4100 1609 4157 in
1667 4101 1811 4159 soli-

148 4199 437 4257 tudinem
468 4198 891 4271 ingrediebar,
922 4198 1169 4257 obierat
1200 4198 1310 4274 (1).
1352 4219 1375 4251 ι

226 4295 399 4373 $13.
451 4296 631 4354 Hisce
687 4311 781 4367 ea,
832 4311 993 4369 quae
1040 4296 1308 4355 Historia
1359 4297 1650 4355 Lausiaca
1706 4311 1807 4355 co-

142 4395 362 4453 dicum
413 4393 993 4453 Vindobonensium
1048 4394 1123 4452 de
1181 4394 1448 4453 Macario
1507 4395 1810 4468 Aegyptio

140 4493 355 4559 habet,
419 4492 839 4551 continentur.
880 4492 924 4549 E
976 4492 1207 4564 quibus
1258 4492 1498 4565 singula
1559 4493 1610 4550 si
1664 4507 1806 4552 con-

139 4591 387 4662 tuleris,
423 4604 776 4662 cognosces,
831 4595 1066 4648 textum
1121 4590 1369 4649 Meursii
1416 4590 1478 4647 in
1519 4591 1636 4648 hoc
1672 4591 1806 4663 qui-

140 4688 284 4746 dem
316 4687 523 4760 capite
564 4689 754 4745 rebus
798 4688 901 4745 vix
944 4687 1219 4753 diﬂ'erre,
1266 4688 1372 4745 sed
1414 4688 1804 4760 depravatio-

138 4786 327 4843 nibus
361 4789 622 4843 scatere.
676 4786 763 4842 Ad
818 4800 890 4842 ea
943 4790 1173 4857 autem,
1209 4800 1370 4857 quae
1425 4799 1802 4843 commemo~

139 4884 445 4955 ravimus,
510 4882 860 4940 adnotanda
936 4882 1117 4941 nobis
1174 4882 1329 4940 haec
1401 4898 1536 4942 esse
1593 4884 1802 4942 viden-

139 4986 261 5040 tur.

216 5079 506 5137 Primum
536 5076 794 5151 quidem
839 5092 874 5135 e
922 5077 1155 5145 verbis,
1216 5077 1446 5151 quibus
1505 5079 1665 5137 duos
1708 5078 1800 5137 di-

208 5280 290 5351 (i)
318 5282 538 5336 Textus
578 5293 829 5349 graecus
857 5278 1073 5348 legitur
1101 5278 1256 5335 intra
1286 5279 1344 5334 in
1374 5279 1591 5335 harum
1615 5280 1799 5345 Quae-

144 5367 405 5424 stionum
439 5367 784 5439 Appendice
816 5367 1015 5439 priore
1045 5367 1158 5423 sub
1197 5368 1241 5424 Ι.

213 5458 291 5528 (2)
320 5456 405 5513 Cf.
434 5472 619 5528 supra
650 5473 709 5528 p.
743 5459 797 5512 4.

214 5546 288 5617 (3)
321 5546 459 5604 Vita
482 5548 538 5602 S.
574 5545 835 5613 Antonii,
870 5547 927 5602 S.
960 5546 1250 5603 Athamas.
1301 5546 1453 5620 Opp.
1498 5548 1557 5602 T.
1590 5546 1631 5603 Ι.
1663 5548 1722 5603 P.
1757 5547 1803 5604 ll

149 5648 203 5705 p.
235 5634 338 5695 689
368 5651 531 5709 sqq.,
561 5634 760 5696 Rosw.
801 5635 919 5697 VV.
965 5637 1070 5692 PP.
1117 5640 1182 5695 59
1221 5652 1355 5709 sqq.
1385 5653 1401 5706 ;
1434 5635 1578 5695 Hist.
1610 5638 1793 5696 Laus.

1924 3627 2097 3684 pore,
2166 3613 2272 3669 sed
2338 3613 2400 3671 in
2466 3612 2665 3670 oculis
2748 3611 3145 3670 intuentium.
3218 3611 3577 3669 Phantasiae

1920 3710 2090 3768 enim
2148 3710 2527 3768 daemonum
2584 3712 2725 3767 sunt
2779 3709 2953 3781 istae,
3007 3723 3131 3767 non
3186 3709 3414 3766 veritas
3468 3722 3577 3765 re-

1920 3822 2084 3867 rum.
2138 3808 2208 3865 Et
2257 3822 2402 3866 cum
2451 3806 2897 3865 introduxisset
2946 3821 3084 3864 eam
3137 3820 3283 3864 cum
3342 3819 3577 3878 paren—

1918 3906 2087 3964 tibus
2129 3905 2257 3963 suis
2305 3906 2468 3963 intra
2520 3905 2843 3977 cellulam,
2880 3904 3053 3961 ﬂexis
3098 3904 3360 3977 genibus
3393 3917 3575 3961 orare

1921 4003 2250 4062 Dominum
2304 4003 2533 4074 coepit,
2579 4001 2895 4073 simulque
2953 4005 3012 4059 et
3055 4006 3343 4072 parentes
3396 4005 3571 4072 rogat

1919 4115 2131 4159 secum
2180 4100 2441 4158 Domino
2493 4100 2851 4172 supplicare
2899 4116 2913 4165 ;
2961 4103 3020 4156 et
3050 4102 3188 4170 post
3238 4098 3392 4155 haec
3433 4112 3572 4168 per-

1917 4213 2154 4271 ungens
2181 4212 2325 4255 eam
2353 4196 2497 4255 oleo
2552 4197 2615 4254 in
2655 4196 2905 4254 nomine
2931 4195 3198 4261 Domini,
3254 4194 3427 4252 omni
3462 4193 3573 4251 fal-

1919 4296 2073 4354 lacia
2125 4296 2292 4353 visus
2334 4294 2614 4369 expulsa,
2658 4294 2961 4366 virginem
3029 4292 3225 4350 videri
3271 4291 3570 4350 omnibus

1918 4398 1986 4453 ut
2031 4393 2217 4452 etiam
2249 4393 2370 4451 sibi
2396 4391 2727 4450 videbatur
2747 4390 2970 4450 effecit.
3014 4411 3036 4442 ι
3074 4389 3427 4448 Verisimile
3452 4394 3565 4454 est,

1919 4497 2250 4564 utramque
2306 4496 2366 4549 et
2414 4490 2719 4547 Historiae
2776 4489 3105 4547 Lausiacae
3172 4493 3234 4544 et
3284 4486 3431 4544 libri
3478 4502 3571 4544 se-

1917 4590 2104 4648 cundi
2148 4588 2573 4647 narrationem
2626 4602 2701 4644 ex
2754 4586 2976 4645 eodem
3032 4586 3200 4643 fonte
3244 4599 3555 4641 manasse.

1916 4687 2090 4756 Quod
2123 4685 2363 4743 facilius
2393 4684 2695 4755 creditur,
2731 4696 2926 4755 quum
2976 4698 3051 4740 ex
3104 4683 3201 4753 iis,
3259 4696 3420 4754 quae
3469 4696 3569 4738 su-

1915 4799 2030 4859 pra
2087 4783 2501 4842 disseruimus
2535 4780 2640 4859 (5),
2702 4784 2960 4839 constet.
3027 4780 3394 4844 Palladium,
3452 4779 3561 4852 qui

1913 4882 2270 4942 Lausiacam
2316 4880 2589 4953 scripsit,
2624 4884 2729 4938 aut
2779 4879 3013 4936 librum
3058 4877 3404 4935 secundum
3437 4881 3567 4948 aut,

1914 4981 2086 5053 quod
2145 4979 2329 5038 nobis
2399 4978 2796 5051 probabilius
2859 4977 3063 5036 visum
3141 4979 3255 5047 est,
3327 4978 3567 5031 textum

1912 5092 2226 5152 graecum,
2290 5092 2325 5135 e
2377 5090 2503 5150 quo
2552 5076 2714 5136 liber
2765 5074 2872 5133 ille
2942 5073 3140 5145 ﬂuxit,
3198 5069 3571 5131 adhibuisse

1911 5280 2006 5336 ed.
2038 5282 2251 5336 Meurs.
2273 5293 2405 5349 cap.
2437 5281 2506 5333 26
2541 5277 2693 5348 Opp.
2725 5275 2938 5331 Meurs.
2971 5273 3010 5333 1.
3052 5274 3099 5329 Ι.
3142 5288 3201 5344 p.
3232 5272 3358 5326 419.

1982 5368 2059 5440 (4)
2091 5368 2201 5425 VV.
2234 5370 2335 5423 PP.
2368 5368 2564 5422 Rosw.
2598 5364 2704 5420 lib.
2735 5364 2784 5418 II
2814 5379 2945 5435 cap.
2975 5365 3043 5417 28
3073 5376 3133 5433 p.
3191 5361 3321 5425 480,
3360 5362 3420 5427 l;
3458 5358 3571 5440 Ru:

1908 5437 2013 5513 ﬁni
2047 5459 2198 5529 Opp.
2232 5455 2326 5511 ed.
2356 5454 2686 5526 Vallarsip.
2720 5455 2837 5518 194,
2873 5452 3063 5522 Migne
3089 5448 3307 5504 Patrol.
3358 5448 3417 5500 Γ.
3449 5437 3568 5495 ΧΧΙ

1909 5564 1971 5621 p.
2002 5548 2133 5603 451.

1985 5635 2070 5708 (5)
2094 5636 2235 5706 Cap.
2267 5636 2287 5691 Ι
2314 5633 2360 5704 §.
2384 5634 2440 5691 6.
