4092 6256
203 301 273 359 45

1822 296 2055 359 VITAE.

3554 302 3625 357 46

203 439 238 482 a
279 423 479 496 magis
540 422 699 481 facta
756 423 971 482 medio
1044 438 1197 483 aevo
1250 440 1437 499 saepe
1498 427 1852 484 narrantur.
1893 419 1937 475 A
1971 423 2155 481 vertit
2212 420 2321 500 (3).
2380 424 2576 497 Atque
2632 424 2873 483 incolae
2928 427 3140 485 Siwali
3191 426 3361 485 Oasis
3408 427 3625 488 hodie-

199 522 476 593 Faustus,
533 526 599 579 ut
666 536 860 579 unum
934 526 1171 580 tantum
1250 524 1534 597 prodam,
1596 536 1856 581 currum

198 620 380 679 foeno
438 624 767 678 oneratum
816 620 1119 679 devorare
1176 636 1248 679 ac
1309 628 1523 695 postea
1566 634 1857 680 evomere

197 717 469 787 videtur,
556 718 719 785 vina,
806 733 966 790 quae
1044 725 1443 793 compotores
1525 724 1760 792 optant.
1821 733 1857 777 e

194 829 411 873 mensa
451 815 642 883 elicit,
690 815 1027 889 efﬁcitque,
1076 822 1142 875 ut
1184 816 1450 891 quisque
1482 832 1666 876 nares
1692 821 1857 874 cete-

193 928 417 972 rorum
464 928 579 987 pro
612 914 748 972 uvis
794 914 1017 973 habeat
1061 912 1170 991 (1).
1207 917 1440 989 Neque,
1470 921 1683 975 utrum
1715 915 1855 972 dae-

194 1010 404 1068 monis
451 1025 570 1083 ope
631 1026 850 1084 magus
909 1012 1244 1085 Aegyptius
1304 1028 1503 1086 equae
1577 1011 1856 1086 speciem

192 1109 570 1182 suggesserit
623 1108 907 1174 feminae,
971 1127 1006 1166 a
1063 1111 1335 1170 Palladio
1414 1116 1475 1169 et
1534 1111 1696 1169 libro
1763 1123 1856 1168 se-

194 1205 404 1265 cundo
471 1206 812 1265 edocemur
873 1204 979 1284 (2).
1038 1209 1101 1265 ln
1152 1209 1515 1281 apocrypha
1575 1210 1636 1267 S.
1690 1208 1855 1266 Basi-

193 1303 259 1361 lii
311 1303 433 1361 vita
467 1336 538 1345 ——
579 1305 829 1364 saeculo
883 1301 999 1375 45
1059 1320 1198 1365 mea
1241 1307 1500 1379 quidem
1551 1306 1854 1365 sententia

193 1405 415 1459 octavo
445 1402 539 1461 vel
584 1416 751 1462 nono
797 1405 1151 1477 conscripta
1190 1437 1265 1445 —
1308 1405 1388 1463 de
1422 1409 1701 1464 amatore
1730 1410 1851 1461 tra-

189 1498 387 1571 ditur,
454 1499 564 1574 qui
619 1502 919 1560 suadente
985 1517 1165 1575 mago
1235 1502 1560 1562 diabolum
1640 1503 1848 1575 ipsum

187 1596 346 1668 adit,
408 1598 573 1670 apud
632 1613 820 1669 quem
882 1613 992 1671 per
1052 1600 1263 1658 literas
1324 1598 1567 1659 Christo
1621 1614 1849 1658 renun-

190 1693 327 1759 tiat,
367 1695 475 1753 sed
515 1696 751 1769 nuptiis
794 1696 971 1755 factis
1022 1697 1099 1756 ad
1129 1698 1579 1770 poenitentiam
1608 1712 1675 1757 se
1702 1711 1848 1757 con-

189 1933 251 1987 T.
306 1932 330 1985 l
364 1946 423 2003 p.
465 1933 590 2001 155,
633 1932 869 2000 eadem,
903 1938 966 1990 ut
1003 1934 1260 2001 videtur,
1295 1934 1729 1993 historiuncula
1769 1937 1847 1993 ad

189 2035 244 2076 a.
283 2020 417 2075 1013
450 2020 599 2077 haec
643 2022 893 2079 traditur
925 2039 938 2078 :
978 2043 1003 2073 α
1039 2023 1205 2080 Circa
1242 2024 1393 2080 haec
1435 2030 1706 2097 tempora
1753 2042 1846 2081 res

188 2109 469 2166 miranda
497 2111 817 2181 contigisse
848 2112 910 2168 in
941 2113 1286 2184 Burgundia
1323 2113 1559 2182 legitur,
1593 2115 1667 2170 de
1721 2130 1845 2187 qua

194 2197 360 2257 multi
416 2200 713 2271 sapientes
767 2201 1170 2257 diversimode
1228 2203 1568 2273 opinantur.
1647 2203 1846 2261 Mulier

191 2287 491 2358 quaedam
526 2305 693 2360 saga,
722 2291 930 2362 quales
972 2291 1148 2361 vulgo
1187 2297 1342 2348 recte
1389 2292 1694 2349 maleﬁcae
1742 2310 1843 2365 ap-

194 2374 507 2445 pellamus,
534 2377 806 2435 iuvenem
829 2380 1132 2451 quendam
1147 2382 1364 2452 poculo
1385 2388 1697 2439 excantato
1722 2384 1844 2439 dia-

193 2463 403 2520 bolicis
433 2480 553 2521 non
594 2466 846 2522 dubium
888 2469 1250 2525 carminibus
1288 2470 1347 2526 in
1386 2471 1642 2527 bestiam
1684 2488 1844 2529 com-

198 2558 462 2623 mutasse
507 2554 635 2611 visa
673 2561 776 2623 est,
814 2557 893 2612 ita
931 2558 1093 2630 quod
1130 2560 1555 2632 omnibus,qui
1594 2577 1729 2617 eam
1761 2562 1843 2617 vi-

193 2639 419 2713 derant,
454 2659 574 2699 non
603 2645 805 2712 homo,
837 2646 942 2702 sed
973 2647 1175 2703 asinus
1192 2650 1541 2720 apparebat.
1569 2651 1730 2715 Quae
1748 2666 1840 2706 res

178 2745 363 2801 quam
396 2732 471 2787 sit
492 2732 680 2789 facilis
708 2736 1082 2805 permittente
1118 2739 1251 2808 Deo,
1287 2753 1356 2793 ac
1401 2755 1581 2809 sagae
1625 2755 1843 2811 coope-

177 2823 345 2875 rante
393 2821 657 2887 diabolo,
714 2824 833 2878 iam
888 2824 1124 2881 dudum
1179 2828 1472 2883 sententia
1524 2827 1836 2884 doctorum

172 2908 546 2979 exploratum
574 2911 888 2979 habemus,
912 2914 1012 2986 qui
1032 2915 1412 2978 conﬁrmant,
1433 2916 1675 2971 diabolo
1714 2933 1835 2973 non

172 3012 303 3053 esse
330 2998 589 3067 difﬁcile,
626 3001 808 3057 modo
834 3004 1251 3074 cunctipotens
1278 3005 1611 3077 permiserit
1654 3008 1829 3073 Deus,

168 3086 487 3143 hominum
517 3090 793 3162 decipere
812 3107 1045 3147 sensus.
1073 3112 1102 3144 »

238 3175 319 3247 (1)
370 3178 469 3233 Die
517 3180 668 3248 Sage
717 3195 831 3235 von
892 3183 1103 3236 Doctor
1146 3182 1452 3239 Johannes
1509 3186 1685 3239 Faust
1726 3201 1831 3240 un-

165 3266 305 3320 ters.
337 3281 452 3321 von
488 3269 551 3322 H.
589 3270 838 3323 Dﬁnlzer
877 3269 1012 3325 1846
1042 3286 1099 3340 ρ.
1134 3271 1255 3328 177.
1293 3275 1416 3327 203.
1470 3276 1556 3327 70.
1604 3272 1831 3331 Similia

164 3353 445 3425 prodigia
484 3356 545 3410 in
590 3357 817 3428 oppido
875 3358 1213 3415 Crucenaco
1268 3360 1553 3430 magister
1589 3362 1829 3418 Theodo

166 3445 372 3512 Magus
417 3443 569 3500 fecit.
610 3447 685 3500 De
728 3462 850 3518 quo
906 3448 1256 3503 Trithemius
1291 3450 1347 3503 in
1402 3450 1607 3506 chron.
1646 3452 1828 3524 Span-

163 3530 352 3586 heim.
386 3533 462 3589 ad
488 3549 541 3589 a.
576 3534 713 3589 4262
741 3535 835 3590 ed.
870 3538 1136 3592 Francof.
1172 3554 1226 3592 a.
1264 3542 1393 3594 1601
1434 3556 1490 3611 p.
1524 3540 1628 3595 284
1680 3541 1827 3598 haec

164 3626 372 3677 narrat
404 3639 416 3676 :
450 3643 475 3674 α
507 3625 937 3679 Annoioannis
956 3625 1189 3681 abbatis
1205 3627 1741 3685 huiusmonasterii
1763 3633 1822 3698 X,

162 3711 327 3765 venit
367 3711 617 3783 quidam
658 3712 841 3768 homo
893 3729 962 3769 ex
1008 3715 1278 3786 partibus
1326 3716 1705 3773 inferioribus
1749 3719 1828 3774 ad

164 3805 349 3856 terras
379 3800 543 3868 istas,
571 3802 675 3873 qui
714 3803 1045 3858 vocabatur
1086 3805 1365 3875 magister
1403 3806 1664 3871 Theodo,
1706 3823 1829 3865 ma-

162 3903 275 3958 gus
315 3893 374 3944 et
412 3890 828 3962 praestigiator
868 3891 1259 3958 admirabilis,
1282 3896 1384 3965 qui
1424 3895 1615 3951 multa
1654 3900 1710 3951 et
1741 3898 1828 3951 in-

161 3977 468 4033 credibilia
502 3978 638 4033 fecit
672 3981 965 4050 prodigia.
995 3984 1142 4037 Nam
1197 3983 1257 4037 in
1300 3983 1526 4054 oppido
1565 3986 1827 4040 Creutze~

159 4067 339 4122 nacht
380 4082 587 4123 coram
623 4069 790 4123 omni
821 4070 1048 4140 populo
1088 4070 1326 4141 publice
1369 4073 1429 4126 in
1472 4072 1603 4128 foro
1647 4079 1827 4144 caput

159 4153 369 4212 famuli
397 4157 485 4211 sui
519 4159 875 4228 amputavit,
899 4159 1061 4231 quod
1081 4168 1210 4230 post
1234 4162 1499 4232 spatium
1533 4162 1711 4218 unius
1736 4163 1825 4218 di-

158 4246 384 4302 midiae
415 4246 601 4303 horae
627 4249 863 4319 corpori
893 4248 1141 4304 iacentis
1183 4251 1454 4306 restituit.
1485 4253 1631 4309 Cum
1666 4253 1825 4309 cani-

157 4333 274 4390 bus
306 4334 369 4391 in
402 4351 538 4391 aere
562 4337 735 4408 quasi
762 4337 838 4393 ad
868 4338 1209 4394 venandum
1241 4338 1554 4396 ambulare
1592 4341 1826 4399 videba-

1879 1768 1927 1825 B

1870 3078 1912 3135 C

1968 521 2119 578 dum
2164 537 2377 596 magos
2404 523 2526 581 sibi
2570 537 2851 582 amorem
2899 525 3241 583 mulierum
3285 526 3623 585 conciliare

1969 633 2150 692 posse
2179 622 2442 678 credunt
2479 619 2590 696 (4).

2050 713 2167 786 46
2204 719 2351 784 lam,
2390 718 2707 790 quomodo
2737 718 3041 777 Macarius
3082 718 3381 778 feminam
3426 734 3461 777 a
3492 734 3623 778 ma-

1965 816 2022 889 gi
2058 817 2407 889 praestigiis
2442 817 2656 883 solvat,
2706 817 3134 876 animadverte
3171 818 3182 874 l
3220 817 3623 877 Orationibus

1966 914 2042 971 ad
2092 916 2280 972 Deum
2324 914 2685 986 praemissis
2728 914 3043 972 infelicem
3085 931 3248 987 aqua
3296 916 3623 975 benedicta

1965 1028 1999 1070 a
2062 1027 2311 1070 summo
2368 1012 2514 1071 inde
2570 1013 2800 1069 vertice
2855 1014 3083 1085 capitis
3128 1014 3480 1081 madefacit,
3554 1018 3624 1073 ut

1967 1110 2274 1168 Palladius
2357 1115 2588 1177 narrat,
2659 1110 2799 1168 oleo
2868 1116 3080 1168 sancto
3149 1113 3461 1186 perungit,
3534 1115 3621 1170 te-

1963 1212 2161 1267 stante
2204 1209 2369 1266 libro
2400 1208 2696 1267 secundo.
2741 1208 2915 1277 Quod
2956 1209 3212 1281 quidem
3252 1216 3615 1282 utrumque,

1963 1311 2025 1364 et
2051 1306 2263 1365 oleum
2306 1312 2367 1364 et
2383 1322 2543 1379 aqua
2577 1306 2928 1377 benedicta,
2956 1307 3123 1379 apud
3148 1322 3327 1366 senes
3357 1308 3618 1382 Aegypti

1960 1404 2023 1463 in
2073 1420 2188 1462 usu
2238 1405 2353 1462 fuit
2381 1404 2459 1462 ad
2516 1418 2843 1477 magorum
2893 1403 3166 1463 fallacias
3216 1405 3605 1463 evertendas.

1958 1501 2088 1560 Olei
2130 1517 2280 1560 usus
2330 1502 2408 1559 ad
2457 1502 2767 1560 curandos
2817 1501 3125 1571 inﬁrmos,
3173 1517 3371 1575 aquae
3432 1502 3616 1560 bene-

1958 1599 2158 1658 dictae
2214 1601 2292 1658 ad
2354 1614 2682 1673 magorum
2766 1600 3217 1659 incantationes
3283 1600 3611 1658 solvendas

1957 1697 2346 1771 frequentior
2389 1698 2577 1757 fuisse
2627 1699 2896 1757 videtur.
2941 1698 3115 1772 Aqua
3166 1698 3494 1757 benedicta
3551 1702 3613 1759 et

1954 1935 2048 1989 cia
2094 1932 2328 1991 occulta
2380 1937 2518 1990 sunt
2566 1933 2775 2003 multa,
2822 1934 3042 1991 iniusta
3084 1934 3268 1992 nulla.
3298 1938 3414 1991 Nec
3468 1950 3613 1992 sane

1952 2022 2280 2079 daemones
2324 2026 2572 2079 naturas
2611 2028 2833 2090 creant,
2866 2024 2913 2078 si
2953 2023 3175 2096 aliquid
3220 2024 3333 2080 tale
3362 2023 3607 2091 faciunt,

1951 2112 2025 2166 de
2051 2112 2331 2184 qualibus
2360 2111 2529 2168 factis
2557 2112 2673 2167 ista
2700 2112 2939 2168 vertitur
2980 2113 3254 2185 quaestio
3279 2129 3292 2179 ;
3317 2113 3423 2168 sed
3472 2129 3610 2184 spe-

1951 2201 2042 2258 cie
2068 2208 2260 2267 tenus,
2287 2217 2444 2274 quae
2468 2218 2503 2257 a
2526 2217 2665 2257 vero
2685 2204 2803 2257 Deo
2817 2206 2957 2258 sunt
2978 2207 3198 2270 creata,
3214 2205 3605 2273 commutant,

1952 2299 2015 2349 ut
2036 2292 2349 2349 videantur
2365 2306 2493 2346 esse
2513 2291 2676 2362 quod
2694 2305 2817 2346 non
2843 2295 2997 2346 sunt.
3033 2293 3162 2347 Non
3188 2292 3389 2362 itaque
3409 2290 3609 2346 solum

1949 2383 2243 2447 animum,
2277 2379 2382 2435 sed
2407 2395 2517 2434 nec
2548 2394 2768 2449 corpus
2798 2379 3044 2451 quidem
3077 2380 3199 2435 ulla
3229 2380 3456 2436 ratione
3488 2395 3610 2435 cre-

1950 2470 2203 2528 diderim
2219 2470 2585 2525 daemonum
2608 2474 2727 2525 arte
2752 2468 2847 2523 vel
2872 2472 3158 2540 potestate
3182 2468 3242 2523 in
3269 2469 3542 2525 membra
3554 2473 3610 2526 et

1948 2560 2313 2617 lineamenta
2341 2558 2615 2613 bestialia
2650 2557 2932 2613 veraciter
2974 2573 3155 2629 posse
3191 2559 3470 2623 converti,
3502 2557 3608 2612 sed

1948 2649 2391 2721 phantasticum
2424 2646 2705 2715 hominis,
2736 2646 2899 2718 quod
2925 2646 3103 2702 etiam
3126 2646 3445 2716 cogitando
3484 2647 3606 2701 sive

1946 2739 2307 2795 somniando
2323 2752 2429 2810 per
2443 2752 2641 2791 rerum
2668 2735 3130 2792 innumerabilia
3154 2751 3374 2805 genera
3409 2736 3604 2791 varia-

1946 2832 2056 2893 tur,
2092 2831 2315 2881 etcum
2363 2841 2582 2896 corpus
2626 2839 2749 2879 non
2787 2823 2882 2892 sit,
2915 2840 3238 2896 corporum
3281 2830 3483 2881 tamen
3533 2826 3607 2880 si-

1946 2917 2113 2972 miles
2162 2916 2314 2972 mira
2365 2913 2662 2969 celeritate
2723 2913 2949 2969 formas
3002 2914 3181 2985 capit,
3244 2914 3451 2985 sopitis
3505 2920 3606 2969 aut

1942 3006 2242 3078 oppressis
2272 3003 2575 3075 corporeis
2600 3002 2863 3058 hominis
2894 3002 3196 3067 sensibus,
3230 3003 3309 3059 ad
3348 3003 3602 3059 aliorum

1942 3111 2183 3151 sensum
2208 3093 2412 3148 nescio
2443 3108 2565 3164 quo
2582 3090 2869 3146 ineffabili
2891 3092 3072 3146 modo
3090 3091 3288 3159 ﬁgura
3314 3106 3603 3161 corporea

1942 3198 2119 3256 posse
2144 3181 2412 3254 perduci,
2440 3181 2526 3237 ita
2564 3186 2626 3236 ut
2667 3195 2921 3251 corpora
2961 3180 3089 3251 ipsa
3127 3180 3444 3235 hominum
3503 3179 3605 3235 ali-

1942 3272 2076 3329 cubi
2113 3272 2367 3335 iaceant,
2398 3268 2655 3326 viventia
2691 3268 2956 3341 quidem,
2981 3269 3087 3324 sed
3130 3268 3319 3324 multo
3359 3268 3603 3338 gravius

1940 3366 2121 3434 atque
2141 3358 2555 3416 vehementius
2584 3374 2771 3431 quam
2799 3373 3014 3413 somno
3042 3357 3165 3412 suis
3192 3356 3469 3412 sensibus
3500 3357 3603 3413 ob-

1940 3451 2184 3516 seratis;
2216 3448 2664 3521 phantasticum
2688 3452 2888 3503 autem
2919 3446 3068 3501 illud
3104 3445 3283 3501 veluti
3326 3461 3600 3519 corpora-

1939 3540 2139 3596 tumin
2176 3538 2428 3593 alicuius
2468 3535 2951 3604 animalisefﬁgie
2991 3538 3292 3605 appareat
3324 3535 3602 3590 sensibus

1940 3628 2167 3688 alienis,
2210 3626 2461 3698 talisque
2491 3625 2671 3680 etiam
2725 3623 2837 3679 sibi
2892 3624 3076 3679 homo
3112 3638 3245 3679 esse
3303 3622 3593 3689 videatur,

1940 3717 2089 3771 sicut
2113 3715 2241 3771 talis
2264 3714 2375 3770 sibi
2403 3714 2582 3769 videri
2626 3716 2831 3785 posset
2875 3713 2938 3767 in
2966 3712 3214 3776 somnis,
3272 3717 3330 3767 et
3360 3716 3598 3783 portare

1939 3820 2123 3861 onera
2140 3821 2154 3871 ;
2171 3819 2329 3876 quae
2345 3819 2548 3868 onera,
2586 3803 2637 3856 si
2668 3818 2810 3858 vera
2828 3806 3256 3873 suntcorqora,
3279 3804 3595 3873 portantur

1938 3911 1975 3951 a
2003 3893 2421 3957 daemonibus,
2443 3896 2503 3947 ut
2521 3890 2805 3947 illudatur
2836 3890 3203 3955 hominibus,
3221 3891 3438 3962 partim
3451 3905 3595 3947 vera

1938 3999 2189 4039 onerum
2212 3998 2488 4053 corpora,
2509 3981 2728 4052 partim
2754 3981 3160 4036 iumentorum
3176 3979 3330 4035 falsa
3351 3994 3595 4035 cernen-

1939 4072 2116 4128 tibus.
2142 4094 2170 4122 »
2199 4072 2255 4126 S.
2300 4072 2448 4141 Aug.
2485 4068 2635 4141 Opp.
2672 4069 2765 4124 ed.
2808 4070 2997 4139 Migne
3036 4071 3096 4123 T.
3128 4068 3218 4122 VII
3277 4085 3335 4138 p.
3360 4068 3468 4122 574
3497 4083 3591 4139 sq.

2011 4161 2087 4232 (3)
2130 4161 2255 4215 Vita
2309 4162 2366 4215 S.
2410 4159 2623 4223 Basilii,
2684 4156 2971 4228 scriptore
3031 4156 3593 4227 Pseudo-Amphilo-

1937 4251 2092 4315 chio,
2121 4265 2255 4320 cap.
2280 4252 2330 4314 8,
2366 4249 2472 4303 VV.
2517 4249 2615 4301 PP.
2648 4249 2842 4301 Rosw.
2875 4262 2935 4317 p.
2970 4246 3093 4311 156,
3137 4246 3162 4298 1
3203 4259 3341 4317 sqq.
3376 4243 3589 4300 cf.AA.

1939 4340 2035 4396 SS.
2081 4337 2219 4394 Boil.
2251 4336 2404 4393 Junii
2436 4336 2497 4392 T.
2541 4336 2587 4390 ΙΙ
2616 4351 2675 4407 p.
2730 4338 2831 4391 307
2890 4350 3024 4406 sqq.
3066 4334 3188 4389 Hoc
3244 4332 3586 4406 antiquissi-

162 4427 274 4491 tur,
309 4424 650 4481 ascendens
698 4431 871 4497 atque
914 4426 1305 4493 descendens,
1349 4434 1405 4484 et
1448 4429 1718 4486 clamans
1763 4431 1823 4488 in
1859 4435 1906 4490 D
1940 4444 2105 4483 mum
2135 4426 2292 4499 pacti
2322 4442 2461 4482 cum
2512 4424 2759 4482 diabolo
2808 4423 2934 4480 initi
2974 4422 3324 4494 exemplum
3386 4428 3489 4486 est,
3535 4422 3587 4477 si

162 4512 471 4569 altissimis
528 4514 702 4586 quasi
748 4531 782 4571 a
834 4516 1096 4571 remotis.
1153 4519 1466 4573 Armatum
1514 4518 1824 4576 hominem
1936 4514 2647 4585 Pseudo-Amphilochius
2678 4513 2966 4579 fabulam,
2994 4528 3181 4584 quam
3213 4511 3291 4567 ab
3322 4511 3588 4568 Helladio

160 4602 481 4659 devorasse
538 4603 879 4673 putabatur.
929 4608 1147 4661 Currus
1194 4623 1443 4679 quoque
1493 4606 1671 4677 lignis
1718 4624 1824 4665 seu

161 4686 337 4748 foeno
356 4698 640 4747 oneratos
673 4709 811 4748 cum
833 4694 1002 4767 equis
1030 4694 1351 4761 devoravit,
1386 4696 1535 4751 sicut
1562 4697 1824 4753 nescien-

162 4782 243 4835 tes
273 4781 530 4836 modum
563 4782 872 4852 putabant.
913 4782 1042 4839 Alia
1069 4799 1312 4856 quoque
1336 4786 1637 4857 stupenda
1664 4785 1817 4853 fecit,

158 4885 312 4941 quae
339 4869 521 4925 scribi
542 4869 653 4925 hoc
684 4871 743 4925 in
774 4871 905 4927 loco
938 4871 1310 4943 superﬂuum
1343 4874 1507 4929 duxi.
1548 4895 1576 4927 s

226 4959 309 5028 (2)
335 4962 540 5029 Magos
588 4960 709 5014 vim
767 4976 942 5016 suam
995 4962 1070 5016 ad
1126 4961 1403 5032 prodigia
1455 4963 1732 5020 facienda
1785 4980 1821 5021 a

159 5046 460 5104 daemone
489 5053 753 5118 repetere
783 5049 941 5104 credi
972 5049 1139 5105 solet.
1172 5053 1248 5106 De
1283 5052 1567 5123 prodigiis
1596 5059 1816 5118 autem,

158 5152 311 5209 quae
338 5138 662 5195 daemonis
677 5153 789 5209 ope
804 5138 1007 5207 edunt,
1035 5140 1473 5208 S.Augustinus
1496 5141 1619 5196 l.l.:
1653 5143 1819 5198 «Fir-

160 5226 426 5282 missime
465 5231 688 5292 tamen,
718 5246 746 5277 »
781 5227 992 5299 inquit,
1031 5247 1059 5280 α
1094 5229 1459 5284 credendum
1491 5235 1599 5293 est,
1630 5231 1821 5287 omni-

161 5318 466 5385 potentem
500 5316 684 5371 Deum
715 5317 921 5371 omnia
952 5332 1127 5388 posse
1152 5316 1346 5373 facere
1367 5334 1522 5391 quae
1544 5319 1815 5390 voluerit,

163 5403 279 5459 sive
316 5403 706 5469 vindicando,
731 5404 856 5461 sive
901 5406 1297 5476 praestando,
1339 5423 1449 5463 nec
1491 5407 1819 5464 daemones

163 5491 385 5563 aliquid
411 5493 651 5564 operari
682 5493 1015 5549 secundum
1032 5500 1283 5551 naturae
1304 5512 1448 5553 suae
1465 5496 1815 5568 potentiam,

170 5582 304 5653 quia
335 5589 392 5640 et
413 5584 555 5655 ipsa
576 5582 848 5653 angelica
874 5590 1146 5641 creatura
1179 5590 1287 5649 est,
1310 5586 1447 5642 licet
1478 5586 1723 5659 proprio
1746 5586 1817 5643 sit

1934 4606 2129 4662 Basilii
2172 4604 2444 4660 ministro
2480 4619 2542 4658 se
2573 4601 2875 4673 accepisse
2923 4601 3119 4666 refert,
3170 4616 3379 4657 revera
3407 4616 3438 4655 e
3469 4600 3588 4656 vita

1936 4696 1991 4751 S.
2026 4694 2244 4761 Basilii,
2277 4709 2463 4764 quam
2492 4690 2795 4747 Helladius
2836 4690 3088 4761 scripsit,
3123 4694 3430 4746 mutuatus
3473 4695 3583 4744 est.

1932 4783 2297 4839 Foederibus
2330 4780 2638 4851 Theophili
2670 4778 3026 4835 vicedomini
3077 4780 3215 4849 (AA.
3280 4779 3373 4835 SS.
3441 4778 3583 4835 Boil.

1933 4871 2100 4929 Febr.
2140 4873 2197 4926 Τ.
2226 4871 2243 4923 Ι
2287 4887 2343 4942 ρ.
2373 4872 2496 4926 484.
2532 4868 2633 4924 888
2668 4885 2681 4935 ;
2712 4869 2983 4923 Sommer
3006 4867 3080 4922 de
3112 4866 3421 4937 Theophili
3444 4882 3585 4923 cum

1930 4960 2173 5017 diabolo
2200 4959 2435 5015 foedere
2467 4958 2649 5013 Berol.
2687 4956 3130 5021 1844),Militarii
3152 4956 3350 5027 (Mone
3378 4955 3586 5011 Anzei-

1930 5050 2197 5122 ger1834
2228 5066 2287 5120 p.
2342 5052 2445 5104 266
2496 5047 2678 5118 sqq.),
2730 5044 3023 5101 Heliodori
3065 5045 3193 5116 (Vit.
3237 5047 3300 5100 S.
3363 5045 3579 5101 Leonis

1932 5139 2210 5196 Cataniae
2230 5138 2424 5211 Episc.
2457 5137 2571 5192 AA.
2611 5138 2708 5193 SS.
2750 5134 2888 5191 Boll.
2918 5133 3087 5190 Febr.
3120 5136 3179 5189 T.
3208 5133 3281 5188 Ill
3317 5149 3375 5205 p.
3428 5135 3581 5207 224),

1930 5228 2185 5285 aliorum
2211 5243 2351 5283 cum
2380 5224 2623 5282 diabolo
2646 5223 2777 5280 ictis
2810 5239 2927 5278 non
2970 5237 3140 5280 amor
3174 5221 3411 5293 puellae
3441 5223 3545 5277 inii
3565 5254 3582 5266 ο

1931 5317 2201 5383 ciendus,
2238 5316 2344 5373 sed
2368 5316 2648 5376 honores,
2678 5310 2940 5378 divitiae,
2973 5315 3131 5368 artes
3156 5312 3429 5381 magicae
3481 5327 3584 5367 ex-

1929 5411 2233 5478 petuntur.

2003 5495 2082 5568 (4)
2123 5493 2483 5559 V.Minutoli,
2516 5490 2685 5548 Reise
2729 5504 2869 5545 zum
2920 5485 3160 5558 Tempel
3204 5486 3312 5542 des
3352 5486 3583 5557 Jupiter

1930 5587 2186 5641 Ammon
2205 5580 2923 5655 inderlibyschenWﬁste
2940 5577 3062 5635 und
3078 5574 3588 5647 nachOberaegy—

171 5669 302 5729 vitio
334 5672 624 5744 maligna,
653 5672 764 5730 nisi
785 5673 949 5745 quod
978 5674 1073 5731 ille
1090 5675 1442 5753 permiserit,
1475 5676 1643 5734 cuius
1667 5676 1820 5735 iudi-
1910 5682 2097 5751 _pten,
2117 5674 2399 5747 herausg.
2425 5688 2541 5734 von
2564 5667 2979 5737 Dr.Toelken,
3005 5660 3198 5723 Berlin
3226 5663 3365 5719 1824
3386 5663 3588 5734 9-179-
