4092 6256
506 319 573 374 4⁸1
1383 315 1489 371 SS.
1534 304 2019 370 MACARIORUM
2060 301 2389 360 AEGYP’I‘II
2428 308 2515 363 ΕΤ
2553 312 3041 374 ALEXANDHINI
3830 321 3895 379 48

506 448 646 506 oleo
689 451 899 503 sancto
952 444 1252 501 Macarius
1298 443 1751 502 Alexandrinus
1788 433 2156 498 daemonia-
2187 429 2234 481 A
2266 436 2432 509 typis
2479 442 2755 500 nondum
2795 445 3037 518 vulgata
3085 453 3194 516 est,
3252 449 3385 506 fuse
3439 454 3707 509 narrant.
3764 448 3894 509 Cas-

505 558 650 602 cum
684 546 861 601 curat
906 538 1016 618 (1).
1078 542 1249 613 Aqua
1288 541 1394 598 illa
1437 543 1494 599 S.
1551 540 1832 598 Hilarion
1887 537 2157 593 incanta—

505 642 708 700 tiones
777 654 1105 713 magorum
1167 656 1200 698 a
1258 641 1504 698 stabulo
1572 639 1701 697 Itali
1775 635 1995 694 avertit
2042 630 2150 705 (2),

508 738 903 797 Macedonius
952 738 1285 795 mulierem
1331 739 1634 797 daemone
1682 732 1975 808 ingluviei
2006 731 2153 788 libe-

506 843 603 895 rat
686 834 796 911 (3),
885 837 1135 894 insanae
1230 838 1517 895 medetur
1612 834 1725 911 (4),
1816 832 2155 903 Aphraates

509 950 741 1008 equum
812 935 1209 1006 imperatoris
1283 940 1454 992 sanat
1542 931 1652 1009 (5),
1724 932 1991 989 locustas
2060 942 2154 983 ar-

508 1037 606 1091 cet
653 1028 763 1107 (6).
814 1032 987 1104 Aqua
1046 1047 1079 1089 a
1122 1033 1376 1090 senibus
1429 1032 1756 1089 benedicta
1810 1050 1832 1080 ι
1886 1023 2155 1084 salutare

508 1130 917 1203 pharmacum
956 1151 977 1182 ι
1016 1136 1292 1202 vocatur,
1325 1145 1449 1203 quo
1479 1136 1538 1187 et
1586 1128 1792 1187 morbi
1825 1121 2152 1198 depellun-

506 1233 630 1295 tur,
689 1234 746 1285 et
804 1229 1138 1285 daemones
1193 1226 1408 1300 fugere
1452 1232 1756 1299 coguntur
1803 1223 1912 1301 (7).
1971 1223 2155 1281 Exor-

509 1328 738 1385 cismos
790 1330 995 1383 tamen
1042 1342 1073 1382 a
1105 1327 1361 1383 senibus
1425 1326 1501 1382 ad
1558 1325 1926 1382 daemonem
1976 1332 2159 1377 emo-

510 1425 781 1481 vendum
815 1422 1127 1480 adhibitos
1153 1437 1288 1481 esse
1314 1438 1436 1481 non
1461 1423 1690 1495 reperi.

592 1522 785 1579 Porro
837 1536 1108 1588 causam,
1168 1535 1282 1578 cur
1336 1535 1555 1593 magus
1614 1520 1880 1578 feminae
1933 1528 2161 1575 nocere

509 1619 805 1691 potuerit,
864 1620 1163 1677 Macarius
1203 1620 1319 1676 hac
1370 1619 1622 1688 indicat,
1671 1617 1835 1690 quod
1884 1616 2162 1688 quinque

507 1733 579 1775 ea
637 1718 1140 1776 hebdomadibus
1196 1732 1319 1776 non
1378 1718 1708 1776 accesserit
1761 1718 1833 1774 ad
1897 1716 2156 1772 inteme-

2267 534 2441 592 siano
2498 540 2753 609 quidem
2812 557 2946 601 rem
3005 566 3027 596 ‹
3100 546 3572 619 antiquissimus
3637 550 3897 608 anacho-

2265 638 2394 689 reta
2425 652 2453 687 »
2488 641 2727 695 esteros
2760 644 3068 713 exposuit,
3126 649 3191 700 ut
3223 645 3645 714 Nostenderet,
3704 654 3899 719 patres

2266 744 2388 787 non
2447 733 2562 791 nisi
2647 743 2929 796 extrema
2999 746 3059 799 et
3122 742 3465 800 inevitabili
3541 745 3897 802 necessitate

2264 834 2507 887 coactos
2546 834 2715 906 signa
2748 837 2988 895 fecisse.
3044 839 3125 897 Ac
3190 840 3475 899 Nesteros
3521 842 3899 901 haereticum

2263 929 2604 998 appellavit
2632 933 2920 994 Eunomii
2954 944 3320 996 sectatorem
3352 957 3366 1005 ;
3413 938 3574 997 liber
3604 941 3902 999 secundus

2271 1046 2293 1075 ι
2322 1026 2717 1101 Hieracitam,
2755 1034 2921 1103 quod
2978 1049 3171 1105 genus
3222 1036 3552 1094 haereseos
3595 1037 3899 1095 invenitur

2264 1124 2429 1195 apud
2459 1127 2801 1199 Aegyptum
2845 1154 2872 1182 ››
2932 1138 3132 1191 vocat.
3204 1134 3482 1207 Eumque
3531 1136 3899 1193 Hieracitam

2265 1222 2475 1297 fuisse,
2533 1227 2676 1297 quia
2757 1231 3281 1289 resurrectionem
3362 1234 3567 1290 carnis
3645 1233 3901 1305 negavit,

2269 1320 2660 1390 probabilius
2716 1331 2827 1395 est,
2884 1329 3309 1400 Eunomianis,
3374 1336 3589 1402 utpote
3658 1331 3905 1388 Ariano-

2269 1431 2410 1474 rum
2454 1422 2726 1490 asseclis,
2774 1424 2849 1481 de
2876 1425 3150 1484 trinitate
3188 1429 3543 1486 errantibus
3571 1426 3718 1506 (12).
3756 1429 3907 1485 Hae-

2272 1515 2523 1585 reticus,
2559 1527 2691 1578 arte
2720 1522 3043 1582 dialectica
3083 1540 3249 1595 usus,
3304 1525 3729 1584 sinceritatem
3776 1525 3909 1583 ﬁdei

2272 1615 2614 1675 catholicae
2671 1622 3034 1679 subvertere
3083 1625 3427 1682 conabatur
3466 1632 3526 1681 et
3569 1646 3598 1679 α
3635 1638 3909 1697 magnam

2273 1712 2397 1770 iam
2469 1717 2938 1776 multitudinem
3012 1722 3338 1779 hominum
3382 1723 3735 1799 deceperat,
3794 1743 3813 1775 ι
3854 1725 3914 1779 ut

505 1821 639 1873 rata
683 1816 906 1873 Christi
962 1817 1277 1888 mysteria.
1333 1816 1569 1885 Quibus
1623 1815 1832 1874 verbis
1876 1810 2159 1871 euchari-
2199 1781 2239 1834 Β
2276 1810 2617 1883 Cassianus,
2657 1833 2686 1868 «
2716 1831 2828 1888 per
2872 1819 3131 1875 multam
3180 1819 3473 1891 loquendi
3531 1781 3733 1878 artem
3783 1820 3913 1893 plu-

508 1916 690 1973 stiam
725 1911 1011 1986 intelligi,
1056 1916 1151 1971 vix
1188 1915 1506 1986 ambigere
1553 1914 1807 1986 poteris.
1862 1909 2160 1969 Euchari-

506 2012 623 2069 stia
666 2016 874 2069 autem
922 2011 1250 2069 illusiones
1296 2013 1673 2069 daemonum
1714 2010 1913 2068 arceri
1955 2013 2079 2073 aut,
2112 2006 2161 2063 si

508 2108 829 2166 adhibitae
891 2113 1056 2179 sunt,
1128 2109 1396 2173 destrui,
1471 2108 1835 2180 saepissime
1900 2104 2153 2178 legitur.

509 2206 854 2271 Cassianus,
910 2210 975 2261 ut
1027 2220 1221 2262 unum
1265 2222 1299 2263 e
1345 2206 1555 2263 multis
1608 2205 1967 2277 exemplum
2022 2202 2166 2258 affe-

508 2318 743 2372 ramus,
780 2303 1089 2369 iuvenem,
1130 2308 1381 2374 sumpto
1427 2318 1585 2374 pane
1613 2302 1886 2369 caelesti.
1936 2301 2015 2357 ab
2050 2301 2163 2356 im-

510 2401 739 2474 pudica
810 2400 1188 2459 daemonum
1258 2402 1552 2459 illusione
1624 2401 1959 2458 liberatum
2031 2412 2165 2455 esse

508 2500 699 2557 tradit
741 2497 848 2573 (8).
904 2498 1104 2571 Atque
1148 2500 1268 2556 alia
1320 2500 1626 2569 exempla,
1665 2498 1894 2571 quibus
1941 2497 2162 2554 eucha-

505 2597 681 2654 ristia
735 2596 1099 2669 praestigias
1142 2596 1519 2653 daemonum
1574 2596 1806 2654 solutas
1861 2610 1995 2651 esse
2047 2594 2162 2650 do-

512 2707 751 2762 cemur,
801 2692 1006 2749 Delrio
1063 2694 1388 2765 congessit,
1438 2694 1513 2750 ad
1557 2694 1738 2752 cuius
1782 2693 2017 2750 librum
2061 2691 2164 2747 de-

509 2804 800 2863 regamus
852 2788 963 2864 (9).
1015 2791 1075 2848 Si
1134 2805 1284 2849 vero
1317 2791 1534 2848 intima
1567 2806 1710 2849 cum
1759 2786 1868 2858 47
1922 2789 2165 2848 Christo

510 2888 969 2947 consociatione
1026 2894 1084 2945 et
1131 2889 1355 2947 crebro
1404 2890 1482 2945 ad
1538 2890 1673 2947 eius
1720 2887 2020 2961 mysteria
2060 2900 2164 2943 ac-

511 3000 688 3043 cessu
757 2985 1035 3043 fallaciae
1093 2987 1469 3044 daemonum
1536 2986 1879 3057 eliduntur,
1932 2990 2164 3056 quanto

512 3083 710 3156 magis
775 3085 1141 3157 praestigiae
1207 3084 1559 3157 hominum,
1611 3086 1843 3156 quibus
1898 3084 2163 3141 daemon

514 3182 640 3239 vim
668 3182 930 3239 nocendi
959 3184 1337 3255 suppeditat,
1371 3183 1690 3241 diluentur
1720 3183 1732 3239 Ι

595 3280 623 3354 ξ
661 3280 753 3335 14.
803 3280 919 3337 Sed
947 3284 1333 3338 transeamus
1362 3282 1439 3338 ad
1469 3286 1697 3353 cetera,
1738 3294 1899 3352 quae
1927 3280 2004 3337 de
2035 3279 2159 3335 Ma-

515 3378 689 3435 cario
743 3377 1046 3449 Aegyptio
1104 3378 1411 3435 Palladius
1464 3378 1696 3435 retulit.
1746 3380 1826 3436 De
1872 3376 2166 3434 cuniculo

515 3491 550 3532 a
602 3474 868 3532 Macario
925 3479 1081 3538 acto,
1137 3488 1248 3544 per
1304 3490 1514 3547 quem,
1574 3476 1623 3532 si
1673 3475 1778 3548 qui
1826 3476 1880 3531 ei
1920 3472 2165 3530 molesti

516 3576 713 3635 erant,
758 3572 819 3627 in
865 3572 1227 3642 speluncam
1260 3572 1493 3645 abibat,
1533 3573 1697 3645 apud
1729 3574 1932 3631 solum
1969 3570 2170 3629 Palla-

516 3669 693 3727 dium
744 3666 1026 3740 legimus.
1084 3670 1163 3726 De
1208 3677 1455 3727 mortuo
1505 3685 1675 3737 vero,
1743 3685 1930 3742 quem
1999 3686 2170 3729 resu-

516 3767 778 3831 scitavit.
816 3771 882 3823 ut
921 3767 1234 3825 haeretico
1266 3768 1789 3827 resurrectionem
1828 3783 2168 3841 corporum

519 3865 944 3938 persuaderet,
974 3864 1135 3922 liber
1162 3866 1469 3923 secundus
1489 3864 1636 3941 (10),
1673 3867 1996 3924 Cassianus
2014 3864 2165 3943 (11),

516 3977 630 4019 nec
679 3977 803 4021 non
873 3963 1188 4034 appendix
1254 3963 1330 4020 ad
1392 3964 1948 4037 Apophthegmata,
2008 3980 2169 4038 quae

592 4187 666 4253 (1)
687 4181 766 4237 Cf.
794 4181 1255 4253 infraCaputllI.

592 4271 669 4340 (2)
692 4270 821 4325 Vita
862 4272 918 4326 S.
977 4271 1257 4326 Hilarion.
1320 4286 1458 4341 cap.
1500 4271 1586 4336 14,
1650 4271 1769 4328 VV.
1816 4273 1923 4327 PP.
1973 4275 2165 4328 Rosw.

515 4372 576 4429 p.
615 4360 703 4425 79,
740 4358 789 4409 1.

592 4446 668 4517 (3)
698 4448 808 4499 VV.
840 4445 947 4500 PP.
980 4448 1173 4501 Rosw.
1201 4446 1302 4501 lib.
1334 4447 1397 4502 IX
1431 4463 1559 4518 cap.
1590 4449 1654 4503 13
1680 4464 1738 4519 p.
1774 4450 1895 4515 830,
1925 4450 1981 4505 1.

592 4536 667 4607 (4)
696 4534 842 4589 Ibid.

591 4626 670 4697 (5)
713 4624 865 4679 lbid.
901 4639 1033 4696 cap.
1069 4627 1099 4679 8
1130 4626 1329 4695 p.821,
1363 4626 1411 4679 1.

592 4714 667 4782 (6)
693 4713 840 4768 Ibid.
876 4729 932 4784 p.
966 4714 1091 4776 821,
1130 4718 1180 4767 2.

593 4804 666 4871 (7)
696 4802 842 4856 lbid.
878 4818 1010 4873 cap.
1043 4804 1106 4856 21
1139 4818 1194 4873 ρ.
1220 4803 1343 4868 840,
1371 4807 1425 4857 2.

590 4893 667 4963 (8)
701 4892 901 4947 Collat.
935 4894 1067 4948 XXll
1093 4908 1227 4965 cap.
1290 4897 1341 4947 6.
1388 4893 1650 4950 Cassiani
1704 4896 1855 4966 Opp.
1911 4897 2004 4951 ed.
2058 4899 2165 4953 Ga-

520 4996 694 5036 zaeus
728 4998 783 5051 p.
816 4984 934 5045 581,
972 4982 1159 5051 Migne
1189 4997 1249 5053 p.
1291 4986 1443 5037 1225.

592 5070 669 5141 (9)
701 5069 1004 5141 Disquisit.
1067 5072 1284 5141 magic.
1332 5070 1434 5125 lib.
1504 5071 1576 5124 Vl
1626 5088 1759 5143 cap.
1808 5074 1851 5127 Il
1886 5077 2032 5130 Sect.
2096 5076 2166 5130 IIl

521 5160 588 5223 Ο.
614 5163 642 5213 3
668 5158 761 5213 ed.
796 5160 951 5227 Mog.
983 5160 1120 5213 1624
1156 5175 1214 5231 ρ.
1240 5160 1345 5215 985
1374 5175 1505 5231 sqq.

593 5249 708 5318 (10)
738 5250 877 5319 Cap.
913 5252 979 5303 28
1013 5250 1115 5303 VV.
1151 5250 1249 5303 PP.
1278 5252 1477 5305 Rosw.
1525 5265 1588 5321 p.
1625 5250 1748 5315 480,
1778 5255 1830 5306 2.

591 5337 872 5407 (11)Coll.
926 5338 1015 5393 XV
1062 5353 1193 5407 cap.
1246 5342 1299 5393 3.
1358 5339 1619 5394 Cassiani
1676 5341 1832 5412 Opp.
1895 5342 1988 5397 ed.
2030 5344 2162 5398 Gaz.

514 5441 577 5498 p.
604 5427 729 5491 468,
763 5427 951 5495 Migne
977 5444 1035 5499 p.
1065 5428 1187 5483 995.

589 5517 698 5587 (12)
732 5517 1057 5571 Eunomius
1105 5532 1359 5588 corpora
1405 5523 1810 5575 resurrectura
1860 5536 1992 5575 esse
2046 5537 2166 5577 non

515 5605 787 5673 negavit;
805 5620 947 5661 nam
962 5605 1021 5661 in
1036 5606 1173 5662 ﬁdei
1187 5606 1561 5663 confessione
1576 5625 1683 5664 sua
1713 5625 1772 5663 zu
1796 5609 2103 5674 Posthaec,
2134 5629 2165 5664 ›

512 5693 725 5768 inquit,
754 5717 775 5747 ι
794 5695 1093 5755 credimus
1118 5696 1181 5755 in
1197 5712 1357 5765 eam,
1390 5712 1545 5770 quae
1571 5712 1677 5770 per
1698 5698 2069 5758 Salvatorem
2091 5698 2192 5757 fu.

2275 1908 2470 1968 rimos
2495 1912 2782 1982 fratrum,
2850 1916 2958 1987 qui
2993 1916 3355 1975 habitabant
3383 1920 3445 1975 in
3492 1934 3730 1983 eremo.
3783 1931 3918 1976 con-

2277 2010 2640 2081 turbarat,»
2684 2017 2747 2069 ut
2802 2013 2963 2071 liber
3013 2017 3323 2073 secundus
3368 2017 3677 2087 perhibet.
3734 2020 3919 2076 Maca-

2278 2106 2409 2163 rius
2436 2106 2643 2177 igitur.
2680 2126 2710 2166 a
2765 2111 3087 2169 catholicis
3118 2113 3290 2182 viris,
3343 2114 3449 2186 qui
3511 2114 3696 2172 ruina
3725 2119 3918 2171 tantae

2276 2203 2699 2263 subversionis
2746 2209 3106 2279 gravissime
3155 2212 3585 2278 movebantur,
3650 2216 3913 2284 rogatus,

2277 2306 2344 2357 ut
2375 2302 2693 2374 simplices
2738 2300 2856 2372 48
2909 2306 3151 2364 animos
3183 2308 3371 2365 totius
3428 2309 3685 2380 Aegypti
3722 2310 3800 2365 ab
3831 2307 3915 2364 in-

2275 2398 2588 2457 ﬁdelitatis
2619 2403 2938 2473 naufragio
2960 2405 3278 2475 liberaret,
3315 2406 3561 2463 advenit
3592 2404 3745 2483 (13),
3798 2417 3915 2478 quo

2278 2504 2599 2569 praesente
2649 2501 2997 2559 haereticus
3057 2518 3306 2573 pravam
3359 2504 3545 2561 ﬁdem
3594 2519 3772 2562 suam
3824 2502 3916 2559 iti-

2276 2595 2417 2652 dem
2477 2613 2753 2655 asserere
2804 2615 2990 2657 ausus
3083 2607 3172 2658 est
3231 2600 3379 2678 (14).
3464 2602 3619 2659 Tum
3673 2606 3912 2660 sanctus

2270 2712 2310 2767 _«
2374 2695 2777 2752 Aristotelicis
2834 2699 3029 2769 spinis
3090 2722 3110 2751 ι
3171 2700 3511 2772 impeditus
3567 2698 3718 2775 (15),
3773 2712 3918 2771 quo-

2276 2793 2444 2850 niam
2476 2796 2665 2850 verba
2695 2795 3005 2867 simplicia
3036 2798 3280 2855 callidis
3334 2798 3720 2869 argumentis
3771 2794 3913 2855 elidi

2276 2896 2333 2949 et
2364 2891 2551 2947 ﬁdem
2600 2892 2861 2950 fratrum
2918 2894 3259 2966 periclitari
3287 2896 3526 2953 videret
3566 2893 3721 2971 (16),
3757 2893 3915 2952 mul-

2275 2989 2541 3060 tiloquio
2606 2990 2901 3049 haeretici
2979 2993 3320 3065 apostolica
3387 2995 3692 3052 brevitate
3740 2993 3914 3050 ﬁnem

2223 3141 2236 3157 ,
2276 3087 2606 3159 imponens
2654 3085 2781 3164 (17)
2834 3111 2845 3149 :
2904 3090 3085 3160 Quid,
3148 3091 3371 3163 inquit,
3432 3106 3593 3163 opus
3642 3098 3755 3153 est.
3815 3102 3920 3147 nos

2274 3184 2483 3242 verbis
2527 3186 2903 3244 contendere
2970 3188 3044 3245 ad
3117 3189 3586 3246 subversionem
3659 3188 3916 3247 audien-

2275 3283 2429 3340 tium
2465 3282 2494 3342 ’17
2522 3285 2821 3341 Exeamus
2849 3285 2924 3342 ad
2955 3286 3287 3357 sepulchra
3313 3292 3373 3343 et
3402 3300 3632 3344 nomen
3682 3280 3915 3343 Domini

2274 3396 2465 3453 super
2518 3387 2858 3450 mortuum,
2914 3384 3021 3454 qui
3084 3385 3326 3455 primus
3381 3385 3667 3443 inventus
3716 3381 3911 3445 fuerit,

2276 3480 2637 3537 invocemus
2681 3485 2762 3550 et,
2810 3482 2909 3538 cui
2959 3487 3239 3540 nostrum
3288 3483 3668 3541 concesserit
3723 3478 3916 3539 Domi-

2279 3592 2414 3644 nus,
2484 3578 2782 3636 suscitare
2842 3584 3185 3651 mortuum,
3239 3581 3434 3637 sciant
3476 3595 3716 3645 omnes,
3779 3577 3918 3650 quia

2279 3674 2448 3731 illius
2503 3674 2652 3732 ﬁdes
2708 3677 3009 3747 probatur
3053 3693 3084 3733 a
3148 3679 3267 3736 Deo
3337 3675 3488 3753 (18).
3546 3678 3663 3745 Qui
3717 3686 3914 3735 sermo

2279 3773 2594 3839 omnibus,
2630 3774 2736 3845 qui
2792 3776 3069 3840 aderant,
3130 3776 3427 3833 fratribus
3477 3776 3741 3848 placuit.
3801 3773 3915 3828 lam

2279 3884 2426 3928 vero
2456 3872 2728 3929 narratio
2782 3873 3054 3930 Cassiani
3100 3874 3327 3931 diﬁ‘ert.
3387 3874 3569 3931 Libro
3626 3874 3791 3931 enim
3833 3882 3917 3926 se-

2278 3968 2482 4027 cundo
2526 3969 2829 4028 Macarius
2883 3985 3026 4029 cum
3080 3971 3387 4031 Hieracita
3439 3972 3672 4045 statim,
3724 3974 3789 4029 ut
3837 3964 3920 4022 vi-

2279 4181 2411 4239 tura
2442 4187 2547 4247 est,
2582 4184 3078 4240 resurrectionem
3103 4201 3446 4255 corporum,
3467 4186 3686 4243 horum
3712 4185 3919 4241 scilicet

2279 4272 2549 4343 ipsorum
2589 4288 2744 4343 quae
2777 4274 3067 4329 dissoluta
3109 4280 3268 4341 sunt,
3314 4292 3432 4330 una
3487 4292 3628 4331 cum
3668 4272 3916 4348 propriis

2280 4362 2566 4417 membris
2599 4379 2668 4418 ac
2695 4364 2986 4434 partibus,
3020 4363 3182 4418 nullo
3224 4364 3534 4419 deficiente
3557 4373 3661 4420 aut
3708 4366 3919 4420 immu-

2279 4457 2398 4509 tato
2429 4468 2498 4507 ex
2531 4453 2619 4517 iis,
2645 4468 2801 4524 quae
2834 4452 3303 4525 uniuscuiusque
3342 4469 3561 4524 corpus
3604 4467 3917 4525 compone-

2279 4544 2443 4607 bant,
2475 4542 2620 4596 dum
2648 4542 2868 4596 viveret
2900 4562 2950 4593 ››.
2980 4542 3248 4611 Basnage
3291 4542 3445 4596 lectt.
3503 4544 3734 4616 antiqq.
3777 4542 3837 4596 Τ.
3878 4540 3915 4604 Ι,

2284 4635 2401 4687 180.
2438 4633 2514 4686 De
2545 4631 2833 4685 Eunomio
2851 4629 2925 4686 cf.
2960 4630 3177 4700 ibid.p.
3205 4631 3306 4685 172
3340 4647 3474 4702 sqq.
3520 4630 3917 4687 Tillemontius

2280 4721 2607 4794 (Mémoires
2633 4719 2725 4774 ed.
2757 4722 2933 4774 Brux.
2976 4720 3110 4773 1719
3138 4720 3204 4774 Τ.
3243 4719 3310 4772 ΙΙΙ
3364 4722 3419 4773 Ρ.
3455 4720 3523 4773 llI
3549 4737 3606 4790 p.
3641 4720 3765 4788 998)
3803 4731 3918 4772 mo-

2279 4815 2396 4875 net,
2434 4809 2776 4869 Hieracitas,
2804 4808 2905 4879 qui
2937 4813 2991 4862 et
3015 4808 3088 4862 de
3108 4809 3383 4862 Trinitate
3416 4808 3563 4863 falsa
3588 4808 3913 4869 docuerint,

2280 4899 2684 4955 Eunomianos
2716 4898 3001 4968 appellari
3042 4913 3234 4968 posse.
3273 4897 3384 4953 Sed
3409 4898 3501 4951 hic
3528 4897 3601 4952 de
3624 4898 3913 4953 baeretico

2278 4990 2492 5058 agitur,
2559 4987 2661 5057 qui
2740 5002 3058 5057 corporum
3118 4986 3615 5041 resurrectionem
3668 4984 3909 5055 negarit,

2277 5078 2438 5149 quod
2470 5093 2659 5148 quum
2686 5077 2744 5130 in
2779 5075 3181 5130 Eunomianos
3212 5090 3331 5129 non
3366 5076 3560 5140 cadat,
3591 5075 3686 5131 ille
3714 5076 3912 5130 haere—

2278 5168 2428 5222 ticus
2463 5165 2872 5221 Eunomianus
2899 5164 3094 5221 vocari
3136 5180 3380 5236 prorsus
3414 5165 3636 5235 nequit.

2349 5256 2462 5326 (13)
2495 5257 2659 5309 Cass.

2348 5345 2462 5415 (14)
2498 5344 2617 5398 Lib.
2664 5359 2782 5397 sec.

2352 5433 2461 5504 (15)
2491 5435 2655 5487 Cass.

2350 5523 2460 5593 (l6)
2489 5521 2612 5575 Lib.
2636 5537 2754 5575 sec.

2349 5610 2461 5681 (17)
2494 5610 2655 5666 Cass.

2347 5700 2459 5775 (18)
2487 5699 2619 5758 Lib.
2655 5716 2772 5759 sec.
