4092 6256
205 285 276 341 49
1802 290 1821 330 Ἴ

2004 289 2033 344 ἱ.
3548 279 3620 334 50

205 417 408 481 detur,
463 416 536 473 ad
592 416 923 489 sepulchra
972 418 1158 485 venit,
1221 433 1492 489 eumque
1549 418 1856 490 hortatur,
1897 411 2089 473 Atios
2135 417 2392 473 demum
2442 415 2587 472 inde
2643 430 2676 471 a
2733 415 2790 471 S.
2852 412 3115 469 Antonio
3164 411 3454 475 obtinuit,
3509 408 3618 482 qui

205 519 274 570 ut
329 519 644 570 mortuum
713 515 772 570 in
833 516 1086 573 nomine
1145 516 1388 572 Domini
1449 521 1680 573 evocet.
1739 515 1858 572 Sed
1971 515 2292 585 pulverem
2339 514 2580 585 pulveri
2631 511 3016 570 reddendum
3047 525 3181 566 esse
3213 509 3453 565 censuit
3503 505 3617 583 (l).

206 612 515 668 Hieracita
562 633 575 670 :
630 613 737 678 Tu,
789 613 1012 685 inquit,
1062 614 1169 685 qui
1227 613 1630 685 proposuisti,
1683 612 1860 685 prior
1968 613 2294 669 Praeterea
2358 613 2593 668 mumia
2653 612 2772 669 illa.
2845 613 3172 681 postquam
3241 609 3446 663 locuta
3501 610 3615 674 est,

203 723 413 766 evoca.
487 710 788 767 Macarius
869 711 1076 782 igitur,
1158 710 1218 767 in
1294 713 1642 769 orationem
1719 714 1859 768 ante
1969 710 2173 767 denuo
2221 710 2473 776 dormit,
2525 725 2556 765 a
2611 709 2870 766 Domino
2915 704 3336 762 resuscitanda
3383 704 3445 759 in
3502 702 3617 758 ﬁne

205 808 400 864 Deum
447 812 811 879 prostratus,
847 815 1176 880 postquam
1217 810 1594 867 sufﬁcienter
1633 808 1852 873 oravit,
1969 813 2373 879 temporum;
2448 808 2636 864 frater
2693 820 2839 862 vero
2907 804 3052 860 libri
3109 803 3389 866 secundi,
3451 805 3618 857 terra

201 904 459 961 elevatis
512 920 758 963 sursum
831 892 1030 964 oculis
1094 925 1105 962 :
1196 909 1474 975 Domine,
1541 907 1646 978 ait,
1717 905 1859 977 quis
1969 907 2231 971 detecta,
2285 906 2499 976 surgit,
2559 904 2788 976 prodit,
2838 917 2951 960 nec
3007 915 3149 958 eum
3198 902 3258 956 in
3302 899 3616 956 tumulum

200 1006 488 1058 nostrum
542 1007 773 1059 rectam
825 1003 1009 1060 ﬁdem
1053 1009 1276 1072 teneat,
1323 1005 1578 1062 ostende
1621 1005 1857 1060 elevato
1969 1003 2297 1060 revertisse
2369 1002 2652 1073 legimus.
2731 1000 2958 1058 Deinde
3025 999 3190 1070 quod
3271 997 3620 1054 haereticus

197 1098 322 1157 hoc
366 1105 633 1159 mortuo.
670 1099 734 1156 Id
767 1116 908 1158 cum
942 1100 1220 1168 dixisset,
1267 1102 1473 1159 fratris
1503 1102 1852 1171 cuiusdam,
1968 1100 2132 1170 apud
2209 1100 2565 1156 Cassianum
2624 1103 2863 1155 secreto
2919 1096 3175 1166 aufugit,
3242 1095 3402 1152 libro
3469 1107 3616 1150 vero

197 1197 308 1268 qui
364 1211 564 1269 nuper
617 1199 898 1270 sepultus
949 1205 1100 1265 erat,
1161 1215 1387 1257 nomen
1438 1205 1672 1257 evocat.
1724 1199 1855 1266 Quo
1967 1199 2240 1254 secundo
2286 1212 2318 1252 a
2372 1197 2639 1254 Macario
2688 1195 3006 1253 convictus
3059 1189 3326 1264 fugatur,
3364 1190 3618 1248 levioris

193 1295 272 1351 de
352 1297 595 1352 tumulo
671 1298 1107 1368 respondente,
1195 1299 1558 1355 accedentes
1634 1298 1856 1353 fratres
1965 1295 2262 1351 momenti
2287 1294 2633 1351 dill'erentia
2663 1297 2772 1351 est.

191 1392 516 1461 continuo,
571 1408 730 1464 quae
785 1395 1178 1466 superposita
1229 1397 1490 1467 fuerant,
1539 1396 1847 1462 auferunt,
2043 1391 2160 1448 Sed
2211 1391 2674 1448 narrationibus
2732 1391 2878 1447 libri
2935 1386 3187 1446 secundi
3238 1391 3297 1442 et
3343 1384 3615 1443 Cassiani

190 1492 250 1546 et
298 1490 594 1546 eductum
642 1506 674 1546 e
721 1491 1056 1562 sepulchro
1100 1495 1307 1550 vivum
1341 1492 1656 1549 exhibent.
1706 1492 1848 1548 Hie-
1963 1489 2142 1560 longe
2199 1489 2516 1560 copiosior
2562 1494 2653 1546 est
2707 1489 2839 1558 illa,
2887 1502 3046 1559 quae
3084 1487 3146 1542 in
3200 1486 3316 1542 ista
3368 1482 3616 1553 Apoph-

191 1586 389 1645 racita
443 1601 614 1653 vero,
677 1588 785 1644 ubi
839 1589 992 1645 haec
1049 1589 1226 1660 vidit,
1276 1590 1740 1661 obstupefactus
1788 1588 1851 1645 in
1963 1589 2344 1658 thegmatum
2408 1587 2753 1657 appendice
2821 1586 2986 1657 typis
3037 1583 3315 1640 nondum
3372 1581 3615 1651 vulgata

189 1685 402 1755 fugam
436 1685 698 1742 vertitur
741 1692 800 1743 et
844 1703 878 1742 a
919 1686 1216 1744 fratribus
1247 1688 1482 1745 cunctis
1522 1687 1848 1758 insequen-
1883 1753 1916 1758 _
1962 1690 2175 1742 exstat.
2216 1685 2435 1754 Quam,
2467 1684 2581 1741 etsi
2635 1685 2813 1755 longa
2865 1684 2944 1739 sit
2985 1688 3046 1739 et
3095 1679 3496 1750 ampliﬁcata,
3532 1685 3618 1734 ta-

188 1753 361 1838 tibus
411 1787 582 1837 extra
633 1783 933 1839 terminos
982 1789 1183 1840 terrae
1238 1784 1407 1841 illius
1458 1753 1842 1841 exturbatur.
1882 1753 1924 1806 Β
1963 1798 2105 1841 men
2179 1780 2291 1850 50
2352 1798 2546 1854 quum
2601 1753 2905 1853 quaedam
2978 1781 3201 1838 habeat
3267 1778 3614 1834 memoratu

191 1878 374 1950 Apud
419 1879 777 1938 Cassianum
825 1895 972 1938 vero
1028 1897 1127 1938 res
1170 1883 1352 1940 aliter
1403 1898 1468 1939 se
1514 1884 1718 1940 habet.
1759 1883 1845 1939 lbi
1961 1882 2166 1953 digna,
2255 1882 2442 1938 latine
2517 1880 2825 1938 redditam
2913 1878 3215 1948 integram
3301 1886 3616 1946 apponere

191 1977 362 2032 enim
408 1992 531 2033 non
575 1978 780 2034 statim
830 1979 904 2035 ad
937 1980 1271 2050 sepulchra
1327 1981 1695 2050 procedunt,
1741 1980 1846 2036 sed
1960 1979 2239 2050 placuit:

192 2073 562 2139 haereticus.
599 2089 793 2145 quum
827 2076 933 2132 illa
981 2077 1102 2133 sibi
1148 2093 1180 2132 a
1230 2078 1497 2134 Macario
1528 2077 1847 2148 proposita
2043 2096 2073 2130 «
2121 2077 2316 2135 Senex
2343 2076 2598 2132 tradidit
2628 2076 2704 2132 de
2757 2076 2982 2132 abbate
3032 2072 3316 2130 Macario.
3355 2070 3417 2126 ln
3451 2073 3615 2124 terra

194 2177 354 2228 esset
405 2173 723 2230 doctrinae
773 2176 1084 2245 probatio,
1136 2189 1348 2231 coram
1403 2175 1846 2232 circumstante
1956 2174 2283 2232 Arsenoita
2315 2175 2658 2231 monachus
2704 2174 2959 2244 quidam
3001 2171 3274 2230 sedebat,
3316 2166 3422 2238 qui
3456 2165 3611 2222 mul-

193 2268 376 2338 plebe
423 2269 661 2340 pudore
704 2271 1073 2328 constrictus
1125 2272 1409 2328 assentiri
1459 2288 1523 2328 se
1567 2271 1838 2341 simulat,
1955 2276 2051 2329 tos
2100 2286 2293 2329 annos
2334 2271 2520 2328 vitam
2573 2277 2928 2329 sanctorum
2960 2274 3189 2339 egerat.
3239 2266 3374 2334 Cui,
3415 2277 3608 2336 quum

194 2378 384 2435 seque
437 2365 708 2422 crastino
774 2367 873 2423 die
937 2369 1296 2425 adfuturum
1351 2369 1681 2440 promittit.
1740 2370 1843 2423 l’o-
1955 2369 2188 2440 gloriae
2237 2370 2506 2441 cupidus
2550 2377 2734 2437 esset,
2797 2372 3055 2440 propter
3093 2365 3432 2437 superbam
3481 2360 3608 2416 ela-

195 2460 416 2517 stridie
441 2467 649 2517 autem
679 2466 1177 2532 exspectantibus
1205 2467 1519 2536 omnibus,
1557 2466 1664 2537 qui
1696 2479 1846 2535 spe-
1956 2468 2191 2524 tionem
2235 2473 2295 2524 et
2344 2467 2758 2524 temeritatem
2802 2466 3061 2537 spiritus
3107 2462 3402 2535 pythonis
3452 2459 3610 2517 inse-

197 2558 420 2614 ctaculi
452 2559 792 2629 cupiditate
836 2556 953 2628 49
983 2564 1278 2621 commoti
1330 2565 1406 2620 ad
1453 2566 1662 2621 locum
1695 2578 1844 2620 con-
1957 2566 2067 2632 dit,
2100 2566 2206 2637 qui
2251 2565 2526 2636 primum
2560 2580 2593 2620 a
2638 2579 2784 2621 vera
2829 2563 2947 2620 ﬁde
2997 2576 3140 2619 eum
3181 2559 3445 2631 depulit,
3476 2565 3607 2616 tum

194 2655 430 2712 dictum
513 2657 853 2716 studiosius
931 2661 1376 2726 conﬂuxerant,
1451 2662 1614 2717 mala
1689 2677 1849 2719 con-
1959 2663 2033 2720 ad
2075 2663 2424 2719 doctrinam
2456 2676 2698 2726 eorum,
2753 2662 2858 2733 qui
2910 2658 3253 2717 Hieracitae
3285 2661 3603 2722 vocantur,

190 2755 447 2811 scientia
499 2755 876 2814 inﬁdelitatis
925 2773 1072 2814 suae
1116 2760 1450 2817 exterritus
1497 2760 1734 2831 aufugit
1778 2775 1847 2815 ac
1959 2760 2232 2818 adduxit.
2300 2762 2495 2830 Atque
2562 2759 2624 2816 hi
2683 2757 3065 2816 Salvatorem
3120 2756 3455 2812 humanam
3517 2768 3610 2810 as-

189 2854 479 2923 protinus
518 2869 550 2909 e
596 2859 761 2910 terra
815 2857 1069 2927 Aegypti
1119 2858 1410 2914 decessit.
1465 2859 1658 2926 Quem
1711 2859 1846 2929 qui-
1958 2857 2296 2927 sumpsisse
2366 2871 2640 2918 carnem,
2712 2861 3138 2926 nostrumque,
3210 2866 3335 2923 quo
3404 2849 3606 2908 vestiti

188 2949 335 3007 dem
387 2951 710 3018 Macarius,
760 2967 955 3024 usque
1014 2955 1090 3010 ad
1153 2954 1368 3012 horam
1417 2971 1642 3012 nonam
1702 2971 1846 3013 cum
1957 2969 2192 3020 sumus,
2251 2969 2479 3026 corpus
2555 2953 2909 3011 resuscitari
2971 2956 3211 3022 negant.
3268 2950 3409 3006 Tria
3475 2963 3607 3004 esse

186 3047 593 3106 multitudine
645 3052 1076 3121 praestolatus,
1119 3067 1313 3123 quum
1365 3054 1708 3111 declinasse
1751 3055 1842 3110 vi-
1886 3116 1918 3124 η
1959 3052 2268 3124 principia
2331 3052 2522 3109 iidem
2591 3051 2825 3116 dicunt,
2896 3052 3108 3114 Deum,
3166 3048 3490 3104 materiam
3546 3052 3610 3104 et

186 3145 386 3216 deret,
434 3116 753 3219 assumpta
802 3149 984 3220 plebe
1029 3150 1103 3206 ad
1140 3116 1494 3221 -sepulchra
1546 3153 1844 3224 perrexit,
1881 3116 1919 3169 Ο
1957 3116 2214 3215 malum,
2278 3150 2506 3220 quibus
2559 3149 2826 3220 quisque
2903 3151 3319 3211 construatur,
3402 3158 3606 3216 neque

189 3248 251 3299 et
335 3249 654 3302 mortuum
729 3261 762 3301 e
833 3247 1226 3317 temporibus
1303 3249 1694 3305 Pharaonum
1771 3250 1846 3305 ad
1961 3249 2150 3305 Deum
2202 3248 2472 3304 Verbum
2529 3246 2848 3304 hominem
2907 3259 3039 3302 esse
3084 3245 3312 3300 factum
3367 3242 3604 3314 perfec-

188 3342 700 3411 respondendum
787 3343 909 3399 sibi
990 3345 1288 3408 evocavit,
1361 3360 1548 3417 quem
1622 3346 1845 3403 deinde
1957 3351 2214 3418 tumque
2262 3345 2581 3402 hominem
2630 3344 3057 3415 assumpsisse,
3103 3357 3303 3413 neque
3346 3340 3603 3399 omnino

187 3452 340 3495 cum
401 3439 624 3495 ceteris
680 3439 742 3495 in
812 3455 963 3512 pace
1034 3442 1313 3500 dormire
1386 3444 1581 3500 iussit.
1648 3445 1847 3516 Atque
1955 3444 2186 3501 servari
2261 3458 2511 3501 causam
2579 3444 2862 3501 omnium
2924 3455 3136 3499 rerum
3196 3439 3596 3497 effectricem.

185 3535 479 3592 Nesteros
532 3536 701 3593 addit
755 3555 766 3593 :
829 3557 858 3590 ί(
921 3538 1079 3595 Haec
1121 3540 1310 3610 igitur
1356 3541 1490 3598 eius
1541 3538 1840 3618 [Macarii]
1957 3543 2040 3600 lta
2098 3556 2246 3599 vero
2286 3541 2417 3614 ipse
2472 3556 2801 3612 perversus
2844 3541 3083 3597 animas
3126 3537 3370 3596 seduxit
3422 3538 3603 3610 quin-

186 3633 390 3690 virtus
433 3639 489 3690 et
533 3635 749 3706 gratia,
787 3642 1085 3707 quantum
1134 3639 1196 3694 in
1246 3638 1382 3710 ipso
1427 3640 1560 3705 fuit,
1596 3655 1844 3711 semper
1954 3645 2181 3712 gentas.
2245 3641 2416 3708 Quod
2470 3639 2673 3697 effecit
2731 3640 2923 3696 multa
2971 3639 3184 3696 multis
3239 3642 3302 3694 et
3345 3637 3602 3709 quidem

187 3731 449 3788 fortasse
518 3733 815 3797 latuisset,
877 3735 992 3791 nisi
1055 3750 1199 3792 eum
1269 3738 1600 3794 necessitas
1654 3738 1843 3795 totius
1954 3739 2142 3795 variis
2183 3753 2439 3808 prorsus
2479 3738 2681 3796 modis
2727 3737 3061 3808 loquendo,
3115 3735 3436 3793 interitum
3484 3735 3601 3791 sci-

186 3829 551 3899 provinciae
593 3831 1020 3900 periclitantis.
1067 3840 1126 3890 et
1169 3849 1314 3905 erga
1357 3835 1669 3892 Christum
1718 3837 1840 3907 ple-
1953 3835 2118 3903 licet,
2171 3835 2438 3906 inventa,
2495 3835 2839 3906 mortisque
2886 3835 3271 3904 despectum.
3309 3833 3428 3890 Nec
3474 3847 3598 3890 non

187 3941 264 3982 na
326 3927 578 3984 devotio
641 3943 944 4002 amorque
992 3931 1272 3988 sincerus
1329 3931 1490 3990 istud
1548 3948 1841 3992 exercere
1954 3934 2280 3992 daemonia
2338 3933 2597 3991 eiecisse
2659 3933 2973 3989 ferebatur
3037 3932 3381 3989 secundum
3442 3929 3599 3988 illud

185 4025 568 4082 miraculum
601 4027 1024 4098 compulisset.
1059 4029 1232 4097 Quod
1280 4030 1496 4101 utique
1539 4035 1605 4088 ut
1657 4032 1736 4088 ab
1767 4047 1840 4090 eo
1951 4031 2016 4089 in
2045 4032 2424 4103 evangeliis:
2475 4032 2658 4102 Signa
2701 4030 2926 4087 facient
2971 4033 3033 4087 et
3081 4029 3386 4100 prodigia,
3421 4031 3511 4093 ut,
3546 4029 3599 4085 si

185 4121 384 4188 ﬁeret,
422 4137 544 4181 non
595 4126 924 4183 ostentatio
957 4126 1213 4198 gloriae,
1256 4129 1363 4184 sed
1412 4129 1638 4186 raritas
1668 4130 1841 4187 Chri-
1951 4129 2083 4186 ﬁeri
2147 4129 2358 4201 possit,
2418 4129 2607 4186 etiam
2651 4127 2828 4184 electi
2890 4127 3286 4185 seducantur.
3338 4124 3596 4183 Multum

182 4219 259 4276 sti
295 4225 356 4277 et
388 4221 578 4278 totius
609 4222 813 4293 plebis
851 4225 1107 4280 extorsit
1153 4225 1428 4294 utilitas;
1477 4230 1541 4283 ut
1589 4228 1836 4285 beatum
1948 4225 2114 4284 enim
2166 4226 2482 4298 principes
2525 4225 2904 4284 daemonum
2952 4225 3016 4282 in
3061 4225 3179 4282 hoc
3221 4237 3446 4295 genere
3490 4239 3596 4280 va—

177 4331 440 4390 quoque
492 4319 728 4376 Heliam
790 4320 1006 4378 fecisse
1060 4323 1288 4393 Regum
1347 4323 1530 4381 lectio
1586 4326 1839 4382 manife-
1949 4327 2075 4383 lent
2103 4325 2178 4382 ad
2208 4324 2315 4381 illa
2345 4324 2646 4382 nimirum
2678 4324 2812 4397 ipsa
2843 4323 3188 4392 abolenda;
3222 4337 3367 4380 nam
3400 4321 3598 4380 liben-

175 4420 316 4479 stat,
355 4417 467 4488 qui
517 4417 721 4489 ignem
754 4418 830 4474 de
877 4420 1050 4475 caelo
1079 4434 1268 4490 super
1308 4420 1539 4478 hostias
1582 4423 1834 4495 imposi-
1872 4461 1916 4513 Ι)
1947 4427 2040 4479 ter
2097 4423 2492 4480 consentiunt
2541 4424 2601 4478 in
2648 4423 2967 4480 interitum
3017 4421 3390 4478 animarum.
3452 4421 3595 4479 Loci

175 4516 268 4568 tas
297 4526 464 4585 pure
517 4512 753 4570 idcirco
801 4515 1176 4572 descendere
1228 4518 1579 4590 postulavit,
1614 4525 1682 4576 ut
1725 4533 1834 4590 pe-
1883 4512 1889 4513 ί
1947 4520 2134 4591 igitur
2181 4520 2516 4592 episcopus
2545 4535 2686 4576 cum
2731 4520 2902 4578 clero
2940 4535 3054 4577 suo
3084 4519 3289 4576 virum
3323 4519 3427 4576 Dei
3465 4519 3598 4576 Ma—

173 4608 556 4666 riclitantem
611 4610 1304 4684 PseudoprOphetarum
1360 4615 1708 4688 praestigiis
1764 4617 1834 4674 ﬁ-
1945 4618 2185 4675 carium
2237 4619 2525 4674 abbatem
2572 4617 2742 4683 adiit,
2779 4632 2904 4689 quo
2943 4631 3187 4674 summa
3225 4631 3368 4674 cum
3423 4630 3599 4674 reve-

172 4705 318 4763 dem
352 4704 544 4764 totius
577 4708 793 4779 populi
829 4709 1139 4766 liberaret.
1184 4733 1206 4762 ι
1243 4712 1330 4769 En
1370 4713 1515 4769 satis
1546 4728 1832 4784 magnam
1947 4715 2144 4772 rentia
2195 4717 2458 4772 salutato
2503 4730 2513 4770 :
2550 4716 2608 4773 Si
2657 4717 2768 4780 vis,
2822 4716 3046 4787 inquit,
3097 4715 3234 4772 veni
3288 4715 3596 4788 nobisque

169 4802 599 4862 differentiam
653 4805 664 4862 ε
721 4806 903 4864 Libro
951 4809 1117 4864 enim
1169 4810 1442 4867 secundo
1485 4816 1576 4868 est
1625 4812 1834 4870 fratris
1943 4827 2260 4871 succurre.
2296 4813 2445 4870 Nam
2492 4815 2542 4871 si
2579 4820 2634 4870 te
2673 4813 3004 4886 superstite
3051 4813 3430 4870 vicinitatem
3480 4829 3593 4872 no-

171 4901 509 4959 cuiusdam
563 4917 794 4974 corpus
850 4905 1200 4976 humatum,
1275 4909 1442 4979 quod
1513 4915 1826 4980 evocatur,
1943 4916 2134 4968 stram
2180 4925 2303 4968 non
2335 4925 2695 4983 purgamus,
2739 4925 2957 4968 omnes
2999 4910 3089 4967 illi
3140 4911 3588 4978 adhaerebunt,

172 5001 339 5070 apud
411 5000 774 5059 Cassianum
846 5004 1099 5075 antiqua
1154 5005 1390 5061 mumia
1463 5021 1497 5064 e
1550 5012 1832 5079 tempore
1942 5015 2002 5067 et
2033 5008 2325 5066 facillime
2358 5009 2478 5075 ﬁet,
2529 5015 2592 5067 ut
2635 5011 2845 5080 plures
2887 5007 3096 5078 etiam,
3132 5023 3321 5080 quam
3366 5009 3593 5067 hucus-

174 5095 596 5155 Pharaonum.
648 5098 776 5165 Qua
816 5099 981 5157 idem
1025 5101 1350 5158 occasione
1408 5102 1550 5161 data
1596 5105 1834 5177 Aegyp-
1943 5122 2086 5179 que,
2140 5108 2341 5165 errori
2405 5108 2667 5166 subiecti
2726 5107 3119 5164 seducantur.
3173 5107 3285 5164 Cui
3341 5107 3447 5163 ille
3490 5122 3592 5163 re-

170 5193 410 5252 tiorum
460 5209 725 5265 morem,
764 5198 846 5253 ob
893 5198 1010 5255 Nili
1053 5198 1524 5257 inundationem
1567 5216 1834 5274 corpora
1944 5205 2254 5283 spondet:
2301 5206 2454 5263 Ecce
2497 5221 2610 5278 ego
2649 5204 2934 5276 plebeius
2980 5205 3171 5263 homo
3213 5205 3366 5276 quid
3397 5203 3455 5262 ei
3500 5204 3592 5260 fa-

173 5290 621 5351 defunctorum
694 5294 1026 5366 pigmentis
1095 5297 1526 5357 redolentibus
1586 5300 1833 5358 condita
1943 5304 2102 5362 ciam
2133 5302 2163 5361 ‘2
2194 5303 2534 5376 Episcopus
2568 5308 2776 5361 autem
2820 5302 3087 5374 perstitit
3115 5301 3592 5360 venerabundus

177 5390 557 5448 editioribus
586 5391 830 5448 cellulis
860 5394 1263 5466 recondendi,
1291 5397 1550 5455 uberius
1599 5398 1832 5456 descri-
1943 5406 2003 5458 et
2055 5420 2066 5458 :
2127 5401 2233 5472 Ita,
2291 5402 2513 5476 inquit,
2566 5400 2835 5470 conﬁdo,
2882 5400 2932 5457 si
2972 5405 3041 5457 tu
3078 5399 3348 5469 veneris,
3398 5398 3590 5453 Deum

175 5483 282 5543 bit.
325 5488 484 5545 Nam
536 5503 672 5546 mos
720 5503 985 5561 corpora
1028 5493 1329 5551 humandi
1379 5496 1544 5567 apud
1596 5497 1829 5568 Aegyp-
1942 5499 2411 5571 paciﬁcaturum
2476 5497 2812 5558 Ecclesiam
2873 5511 3099 5561 suam;
3165 5509 3350 5567 saepe
3423 5489 3592 5548 enim

245 5651 320 5726 (l)
348 5655 460 5712 Vit.
490 5656 548 5712 S.
577 5656 792 5714 Anton.
828 5671 962 5729 cap.
995 5660 1085 5723 90,
1123 5659 1178 5714 S.
1212 5661 1425 5718 Athan.
1461 5664 1613 5734 Opp.
1647 5662 1684 5716 l.
1714 5663 1758 5720 Ι.
1780 5678 1839 5734 ρ.
1875 5643 2001 5721 68ὀ.
