4092 6256
492 312 556 367 51
1367 307 1472 361 SS.
1513 300 2004 362 MACABIORUM
2043 295 2384 356 AEGYPTII
2426 297 2512 353 ET
2550 299 3036 358 ALEXANDRINI
3861 303 3934 360 52

491 441 646 500 mihi
681 454 1153 514 proposueram,
1189 438 1263 496 ad
1297 444 1355 496 te
1395 437 1728 511 proﬁcisci,
1774 435 1881 492 sed
1917 431 2140 504 prohi-
2173 426 2220 481 Δ
2253 429 2580 488 bilitatem.
2637 433 2774 491 Post
2822 434 2974 492 haec
3027 436 3329 495 Macarius
3376 434 3708 493 haeretico
3762 450 3776 490 :
3828 434 3935 493 .Vi-

491 541 629 598 buit
679 539 906 604 clerus,
969 553 1044 595 ne
1097 537 1431 595 mundanis
1483 533 1846 593 hominibus
1902 529 2139 589 derisui

490 638 729 696 ﬁerem.
782 637 907 693 lam
958 651 1104 694 vero
1163 650 1288 693 non
1343 634 1616 706 amplius
1670 634 1872 689 ferens
1923 625 2142 701 populi

491 735 958 806 corruptionem
1011 741 1072 791 et
1122 733 1309 790 etiam
1371 733 1498 800 Dei,
1550 731 1656 803 qui
1690 731 1773 788 ait
1827 747 1838 784 :
1889 725 2142 798 Sangui-

491 847 635 890 nem
668 833 866 903 ipsius
896 847 1196 904 quaeram
1228 846 1264 889 e
1308 846 1496 888 manu
1532 835 1756 893 vestra,
1791 825 2143 885 accusatio-

493 945 634 988 nem
688 930 914 988 timens
961 937 1018 988 te
1065 931 1213 994 adii,
1273 930 1500 987 missus
1555 943 1591 985 a
1639 928 1780 985 Deo.
1834 926 1987 982 Tum
2033 922 2145 979 ille

490 1030 785 1097 surrexit,
844 1043 1114 1099 eumque
1159 1028 1236 1085 ad
1284 1028 1676 1085 seductorem
1730 1029 1975 1082 secutus
2027 1026 2138 1077 est.

491 1128 685 1195 Quem
729 1127 836 1184 ubi
881 1125 1055 1191 vidit,
1100 1125 1398 1198 episcopo
1443 1143 1454 1180 :
1506 1125 1636 1191 Hic,
1674 1122 1897 1194 inquit,
1946 1119 2144 1191 spiri—

490 1229 623 1282 tum
683 1225 1033 1296 principem
1092 1225 1299 1294 habet,
1356 1237 1627 1294 eumque
1679 1218 1968 1279 eiiciendi
2028 1214 2135 1285 51

491 1336 700 1380 meum
746 1337 905 1393 opus
955 1336 1078 1379 non
1121 1336 1255 1378 esse
1304 1322 1458 1378 scito
1501 1338 1514 1390 ;
1570 1333 1712 1377 nam
1763 1322 1980 1376 contra
2031 1316 2145 1373 hos

489 1419 746 1490 spiritus
804 1419 1081 1476 nondum
1142 1419 1400 1477 omnino
1461 1417 1713 1476 certavi.
1792 1417 1918 1472 Duo
1975 1411 2143 1470 enim

490 1517 736 1588 agmina
811 1518 1190 1574 daemonum
1261 1531 1394 1573 esse
1469 1515 1664 1572 sancti
1695 1515 1890 1578 aiunt,
1950 1525 2144 1568 unum

493 1629 739 1686 eorum,
773 1615 880 1686 qui
934 1614 1228 1672 libidines
1279 1615 1529 1686 corpori
1580 1610 1933 1677 infundunt,
1986 1610 2142 1666 alte-

494 1727 636 1770 rum
687 1727 932 1782 eorum,
989 1713 1097 1785 qui
1156 1713 1512 1785 spirituales
1558 1712 1822 1769 afferunt
1872 1723 2140 1767 errores.

495 1811 669 1880 Quod
722 1811 978 1883 quidem
1037 1810 1300 1868 alterum
1350 1825 1544 1882 genus
1605 1807 1865 1867 difﬁcile
1927 1812 2019 1865 est
2069 1807 2144 1864 ad

495 1909 931 1980 subigendum.
983 1910 1098 1968 Eos
1140 1907 1308 1967 enim
1350 1915 1595 1967 satanas
1642 1907 1922 1965 immittit
1951 1905 2147 1978 magis

489 2011 552 2065 et
611 2007 1047 2065 seductoribus
1104 2013 1163 2063 et
1218 2007 1670 2064 haeresiarchis
1735 2011 1794 2062 et
1859 2003 2148 2062 veneficis

493 2110 555 2162 et
597 2104 649 2160 si
698 2105 804 2175 qui
855 2105 963 2160 alii
1019 2105 1082 2161 id
1126 2105 1370 2175 generis
1411 2109 1574 2162 sunt.
1632 2105 1704 2160 At
1747 2103 2082 2174 episcopus
2129 2118 2142 2156 :

494 2201 652 2270 Quid
709 2215 876 2272 ergo,
941 2201 1162 2273 inquit,
1235 2202 1534 2259 faciemus
1585 2201 1614 2257 ‘?
1669 2200 2014 2272 Respondet
2056 2213 2149 2256 se-

496 2313 614 2355 nex
649 2316 662 2352 :
712 2298 1008 2357 Precibus
1049 2313 1210 2370 opus
1251 2305 1344 2356 est
1376 2317 1390 2364 ;
1426 2313 1569 2356 nam
1597 2313 1807 2356 sermo
1839 2311 1960 2354 non
1993 2311 2146 2368 pro-

494 2396 639 2453 ﬁcit.
696 2396 911 2454 lubent
954 2398 1144 2468 igitur
1193 2398 1534 2470 procedere
1585 2397 2005 2469 seductorem,
2059 2396 2150 2452 is-

496 2508 619 2566 que
667 2495 742 2551 ad
789 2509 898 2552 eos
945 2510 1226 2567 egressus
1272 2501 1381 2553 est.
1417 2496 1610 2565 Quem
1664 2494 1867 2553 statim
1908 2495 2148 2565 episco-

497 2605 616 2663 pus
660 2592 869 2663 lingua
914 2593 1214 2650 adortus:
1259 2593 1400 2660 Cur,
1437 2594 1660 2665 inquit,
1704 2599 1870 2651 tanto
1909 2597 2147 2663 tempo-

500 2689 588 2745 ris
635 2690 836 2760 spatio
881 2691 1208 2748 nobiscum
1258 2705 1380 2749 non
1430 2691 1905 2749 communicasti
1961 2689 1990 2749 ?
2036 2691 2145 2748 Cui

501 2785 607 2843 ille
665 2803 676 2841 :
733 2787 908 2858 Quia,
965 2789 1186 2860 inquit,
1252 2804 1372 2847 non
1439 2795 1606 2847 recte
1671 2789 1930 2847 sentitis.
1992 2789 2147 2846 Tum

500 2890 747 2941 sanctus
800 2886 1100 2945 Macarius
1153 2902 1164 2941 :
1220 2888 1386 2944 Tunc
1446 2888 1654 2960 igitur,
1705 2885 1927 2959 inquit,
1985 2893 2148 2944 recte

499 2982 688 3039 sentis
709 2980 739 3037 ἵ)
770 2984 926 3041 Sane
957 2985 1234 3056 quidem,
1269 2985 1374 3042 ille
1407 2986 1756 3057 resinondet.
1797 2985 2096 3043 Macarius
2131 3002 2144 3040 :

499 3079 656 3147 Quid
718 3096 864 3141 vero
921 3089 1034 3153 est,
1097 3085 1263 3155 quod
1313 3090 1375 3141 tu
1429 3087 1619 3142 sentis
1680 3085 1705 3143 ζ)
1759 3085 1866 3142 ille
1915 3101 1927 3140 :

501 3183 668 3235 recte
698 3180 997 3250 creditur,
1043 3196 1296 3239 carnem
1336 3187 1396 3240 et
1425 3197 1563 3241 ossa
1611 3183 1894 3241 suscitari
1926 3180 1956 3240 εἰ
2005 3182 2152 3239 San-

503 3282 637 3332 ctus
683 3279 1016 3348 respondet
1062 3294 1074 3333 :
1135 3280 1197 3336 Si
1244 3295 1316 3336 ex
1370 3281 1549 3338 nobis
1601 3281 1942 3353 loquimur,
1998 3281 2153 3337 bene

504 3373 806 3443 loqueris.
857 3374 964 3431 Sin
1021 3376 1247 3432 veritas
1295 3376 1356 3432 id
1391 3378 1606 3444 voluit,
1648 3378 1800 3449 quid
1849 3379 2155 3449 obloque-

504 3469 592 3527 ris
642 3468 672 3527 ί)
735 3470 853 3527 Sed
913 3487 988 3528 ne
1038 3475 1234 3531 multa
1292 3477 1484 3532 verba
1538 3476 1892 3546 perdamus,
1953 3477 2154 3533 dicam

506 3566 646 3637 tibi,
708 3568 859 3640 quid
920 3571 1304 3639 sentiamus;
1369 3572 1602 3645 quibus
1659 3573 1708 3631 si
1773 3574 2154 3640 assentieris,

508 3667 666 3723 bene
719 3666 949 3732 facies;
997 3668 1090 3724 sin
1141 3669 1371 3734 minus,
1428 3671 1546 3728 Deo
1598 3685 1925 3743 repugnas,
1981 3671 2160 3729 cuius

505 3763 794 3834 dogmata
850 3765 1118 3835 spernis.
1172 3768 1242 3822 At
1298 3767 1405 3824 ille
1456 3783 1468 3823 :
1526 3769 1668 3840 Ego,
1723 3768 1948 3840 inquit,
1986 3770 2159 3840 prior

507 3859 692 3917 ﬁdem
739 3875 943 3918 meam
992 3877 1322 3935 exponam.
1359 3865 1511 3924 Tum
1546 3865 1890 3924 Macarius:
1947 3867 2156 3934 Prava,

507 3958 613 4023 ait,
657 3958 808 4016 ﬁdes
860 3974 937 4018 ne
981 3959 1360 4033 nominetur,
1405 3963 1510 4020 sed
1562 3963 1846 4021 dicamus
1891 3965 2162 4023 catholi-

506 4071 644 4114 cam
678 4057 985 4116 Ecclesiae
1018 4059 1224 4118 ﬁ:lem.
1262 4061 1331 4118 Et
1361 4062 1566 4119 statim
1609 4063 1811 4120 innuit
1837 4064 2157 4136 episcopo,

509 4159 574 4213 ut
626 4170 763 4214 eam
821 4157 1202 4228 proﬁteatur.
1261 4159 1374 4229 Qui
1433 4159 1875 4219 circumstante
1925 4162 2163 4233 populo

508 4253 729 4325 incipit
778 4250 964 4312 ﬁdem
1018 4257 1100 4312 ita
1148 4272 1462 4329 exponere
1517 4277 1528 4314 :
1588 4261 1786 4318 Credo
1841 4260 1903 4317 in
1966 4274 2160 4318 unum

512 4351 726 4419 Deum,
785 4352 1026 4409 Patrem
1087 4354 1602 4427 omnipotentem,
1655 4363 1717 4414 et
1766 4357 1826 4414 in
1881 4372 2162 4416 coessen—

1991 3083 2148 3141 Num
2181 3119 2222 3176 α

2253 529 2381 595 des,
2434 529 2659 603 inquit,
2719 533 2869 605 quid
2923 534 3111 592 dicat.
3176 534 3230 592 ls
3285 549 3432 592 vero
3491 534 3855 606 respondet
3911 552 3923 590 :

2253 626 2398 684 Mihi
2448 628 2702 699 quidem
2754 645 2788 688 e
2837 632 3045 690 verbis
3089 634 3216 691 noli
3268 633 3454 690 ﬁdem
3493 629 3608 700 52
3667 631 3932 703 afferre,

2251 724 2358 782 sed
2407 739 2621 785 eamus
2665 729 2741 786 ad
2790 731 3173 802 sepulchra;
3222 732 3272 789 si
3317 746 3511 790 unum
3552 745 3637 788 ex
3688 729 3786 788 ibi
3839 729 3934 786 ia-

2251 822 2536 881 centibus
2579 826 2993 894 suscitaveris,
3031 829 3224 887 sciam
3269 843 3378 887 vos
3419 830 3578 886 bene
3629 827 3931 898 sentire;

2252 919 2387 991 ipse
2430 935 2541 993 ego
2589 924 2863 981 animam
2911 925 3043 983 sine
3095 941 3362 998 corpore
3419 926 3714 984 afferam.
3777 927 3932 984 San-

2253 1023 2387 1076 ctus
2431 1035 2578 1079 vero
2628 1023 2930 1081 Macarius
2971 1025 3045 1083 ad
3092 1026 3461 1097 episcopum
3499 1040 3866 1084 conversus
3912 1039 3926 1080 :

2255 1116 2532 1188 Multum,
2581 1119 2804 1190 inquit,
2854 1123 3021 1180 nefas
3051 1138 3219 1189 sane,
3271 1124 3460 1180 Deum
3495 1127 3778 1195 tentare,
3825 1137 3932 1179 ne-

2253 1229 2374 1286 que
2403 1215 2802 1287 dignaturum
2845 1235 2978 1278 esse
3018 1236 3162 1279 eum
3212 1227 3469 1293 propter
3511 1237 3720 1279 unum
3783 1222 3932 1278 dae-

2254 1312 2611 1372 moniacum
2695 1321 2937 1376 tantum
3021 1319 3225 1377 facere
3300 1320 3544 1392 signum
3639 1319 3923 1379 conﬁdo.

2255 1410 2602 1481 Respondet
2647 1415 2983 1487 episcopus
3030 1439 3042 1474 :
3101 1416 3375 1485 Minime,
3425 1423 3631 1488 pater,
3682 1431 3929 1475 verun-

2255 1510 2462 1564 tamen
2515 1515 2771 1581 propter
2825 1516 3015 1570 totam
3066 1514 3468 1574 vicinitatem.
3513 1515 3698 1572 Tunc
3753 1514 3929 1572 abie-

2255 1610 2398 1662 runt
2447 1607 2521 1664 ad
2579 1609 2931 1681 sepulchra.
2982 1612 3202 1685 incipit
3247 1613 3555 1670 Hieracita
3622 1613 3929 1672 invocare

2254 1703 2648 1777 daemonem,
2698 1709 2804 1766 sed
2855 1710 3115 1768 minime
3170 1711 3371 1783 potuit
3423 1710 3712 1768 animam
3774 1724 3926 1769 evo-

2179 1770 2397 1860 Bcare
2453 1770 2703 1862 tenuem
2771 1821 2842 1864 ac
2916 1770 3186 1866 nudam:
3231 1809 3432 1876 Quum
3504 1809 3710 1881 igitur
3766 1808 3926 1867 nihil

2254 1899 2557 1959 eﬁ‘ecisset
2593 1934 2668 1944 —
2697 1904 2817 1976 ipsi
2862 1905 3030 1964 enim
3075 1920 3291 1966 revera
3337 1908 3739 1979 repugnabat
3790 1906 3928 1978 Spi-

2256 1999 2414 2055 ritus
2463 2006 2710 2058 sanctus
2752 2034 2831 2042 —-—
2880 2004 2956 2061 iis
3013 2023 3025 2059 :
3075 2005 3334 2077 Propter
3378 2005 3921 2076 incredulitatem,

2257 2096 2481 2168 inquit,
2529 2103 2793 2157 vestram
2840 2117 2961 2159 non
3009 2117 3267 2175 possum
3313 2103 3592 2160 animam
3626 2117 3919 2162 evocare.

2256 2192 2472 2251 Statim
2523 2195 2824 2256 Macarius
2854 2199 3208 2271 indignatus
3249 2215 3446 2272 genua
3501 2201 3723 2270 ﬂectit,
3765 2200 3922 2258 nihil

2255 2306 2403 2350 vero
2454 2296 2762 2366 promisit,
2811 2303 2872 2356 et
2918 2313 3112 2370 quum
3158 2313 3346 2357 unam
3389 2300 3616 2356 horam
3671 2300 3738 2356 in
3785 2312 3924 2357 ora-

2255 2391 2424 2448 tione
2501 2401 2973 2463 perseverasset,
3059 2397 3120 2454 in
3187 2401 3524 2468 conspectu
3625 2398 3919 2456 omnium

2255 2491 2545 2558 surrexit,
2597 2497 2656 2550 et
2707 2495 3039 2564 sepulchro
3097 2496 3302 2565 palma
3360 2495 3610 2566 pulsato
3672 2527 3752 2535 —-
3806 2495 3920 2552 ba-

2255 2588 2378 2646 culi
2451 2590 2642 2656 enim,
2720 2590 2952 2663 quibus
3025 2593 3312 2650 monachi
3391 2591 3561 2650 illius
3638 2591 3920 2665 regionis

2257 2692 2535 2753 utuntur,
2598 2689 2758 2746 rami
2831 2692 3179 2761 palmarum
3237 2697 3378 2749 sunt
3433 2721 3510 2735 -—
3585 2691 3917 2750 hominem

2255 2786 2507 2843 suscitat
2561 2801 2680 2844 non
2743 2789 2805 2845 in
2876 2794 3039 2846 terra
3087 2789 3425 2859 defossum,
3479 2804 3693 2862 nuper
3753 2801 3916 2846 mor-

2257 2889 2455 2949 tuum,
2490 2885 2596 2942 sed
2647 2901 2718 2941 ex
2766 2886 3037 2958 antiquis
3067 2887 3360 2959 aliquem.
3401 2889 3555 2944 Tum
3607 2887 3919 2946 Hieracita

2258 2986 2521 3039 vocato:
2576 2982 2834 3049 Quaere,
2883 2984 3106 3056 inquit,
3159 2999 3231 3042 ex
3278 2986 3416 3056 hoc,
3452 3000 3608 3042 num
3655 2985 3918 3043 suscite-

2259 3084 2360 3137 tur
2405 3093 2658 3150 corpus.
2709 3080 2823 3148 Qui
2873 3085 3041 3139 tanto
3073 3082 3249 3153 signo
3293 3083 3715 3155 exanimatus,
3751 3086 3918 3170 post:

2261 3191 2450 3249 quam
2482 3177 2748 3237 daemon
2780 3181 2857 3237 ab
2905 3195 2980 3238 eo
3030 3181 3335 3248 discessit,
3373 3182 3450 3238 ad
3500 3182 3700 3253 pedes
3730 3177 3921 3240 sanctl

2264 3277 2628 3348 provolutus
2657 3282 2746 3334 est
2787 3292 2931 3335 cum
2983 3282 3208 3337 cuncto
3241 3280 3496 3351 populo.
3531 3280 3746 3349 Quum
3779 3290 3922 3336 vero

2264 3389 2408 3432 eum
2456 3376 2746 3434 occidere
2801 3381 3196 3449 quaererent,
3253 3377 3566 3435 Macarius
3615 3392 3726 3436 eos
3785 3388 3920 3448 pro-

2268 3471 2495 3541 hibuit,
2542 3481 2725 3545 atque
2757 3473 2819 3530 in
2851 3488 3134 3531 eremum
3178 3488 3322 3532 eum
3368 3460 3653 3533 abduxit.
3711 3471 3922 3533 Susci~

2269 3573 2431 3626 tatus
2479 3576 2710 3641 autem,
2763 3571 3195 3642 interrogatus,
3231 3586 3380 3628 num
3431 3572 3752 3631 Christum
3787 3582 3921 3643 pro-

2270 3666 2569 3733 ﬁteretur,
2603 3668 2835 3726 dixisse
2863 3669 3078 3734 fertur,
3113 3683 3179 3726 se
3221 3685 3297 3726 ne
3324 3670 3640 3728 audivisse
3667 3668 3918 3742 quidem

2271 3765 2347 3823 de
2365 3780 2440 3824 eo
2469 3767 2529 3823 in
2563 3767 2684 3824 vita
2713 3781 2842 3823 sua.
2882 3767 3218 3825 Pharaonis
3248 3768 3413 3824 enim
3447 3769 3610 3839 regis
3643 3775 3919 3838 tempore

2271 3883 2337 3925 se
2373 3866 2607 3923 obiisse
2639 3864 2815 3930 dixit,
2853 3864 3120 3937 ideoque
3146 3869 3288 3922 ante
3328 3865 3666 3924 adventum
3700 3855 3917 3923 Christi

2273 3964 2442 4023 vixit.
2483 3964 2675 4032 Quem
2702 3978 2899 4035 quum
2941 3963 3310 4035 baptizasset
3351 3963 3677 4029 Macarius,
3713 3969 3916 4019 secum

2272 4062 2490 4120 habuit
2539 4068 2665 4120 tres
2715 4076 2932 4129 annos,
2987 4061 3219 4133 quibus
3264 4061 3494 4133 elapsis
3551 4074 3764 4120 veram
3813 4054 3915 4114 ille

2271 4159 2715 4219 dormitionem
2769 4159 3084 4229 dormivit,
3130 4160 3237 4225 ita,
3285 4164 3353 4217 ut
3392 4159 3450 4216 ei
3499 4165 3752 4232 aptetur
3780 4165 3918 4211 ver—

2274 4260 2425 4317 bum
2476 4257 2765 4316 Domini:
2827 4257 3034 4330 Neque
3083 4257 3185 4315 hic
3217 4257 3524 4329 peccavit,
3582 4268 3785 4328 neque
3817 4264 3913 4322 pa-

2273 4361 2478 4415 rentes
2506 4357 2660 4424 eius,
2712 4357 2817 4414 sed
2870 4362 2935 4413 ut
2983 4356 3296 4413 reveletur
3321 4355 3520 4426 gloria
3555 4355 3680 4412 Dei.
3731 4353 3910 4409 inter-

511 4448 656 4506 tiale
739 4449 876 4507 eius
964 4450 1255 4522 Verbum,
1325 4469 1438 4525 per
1522 4456 1688 4527 quod
1774 4471 1921 4514 aeva
1995 4457 2158 4529 fecit,
2196 4455 2510 4528 Drogavit
2565 4459 2772 4512 autem
2829 4454 3162 4526 episcopus
3218 4459 3498 4511 sanctum
3557 4447 3908 4510 Macarium.

509 4547 676 4619 quod
735 4547 798 4605 in
851 4551 1387 4609 consummatione
1440 4557 1798 4625 temporum
1853 4555 1913 4611 in
1968 4555 2161 4613 aboli-

508 4645 741 4702 tionem
803 4648 1037 4716 peccati
1106 4650 1395 4720 apparuit
1460 4651 1522 4708 in
1589 4666 1798 4720 carne,
1859 4668 2048 4725 quam
2129 4669 2162 4710 e

508 4749 718 4800 sancta
751 4744 938 4802 Maria
987 4745 1222 4818 virgine
1271 4756 1650 4820 susceperat,
1706 4751 1873 4823 quod
1905 4751 2165 4810 cruciﬁ-

509 4855 682 4910 xum,
728 4847 1044 4900 mortuum
1098 4850 1159 4902 et
1201 4847 1514 4917 sepultum
1554 4853 1666 4916 est,
1725 4855 1784 4907 et
1824 4851 2163 4908 resurrexit

510 4940 689 4997 tertia
711 4940 836 5011 die,
864 4941 1162 5014 sedetque
1184 4943 1263 5000 ad
1293 4944 1573 5003 dextram
1608 4947 1820 5014 Patris,
1856 4963 1926 5005 ac
1955 4950 2162 5006 denuo

511 5043 840 5096 venturum
871 5044 963 5097 est
994 5039 1053 5096 in
1086 5047 1369 5113 tempore
1420 5043 1650 5114 futuro,
1686 5045 1961 5103 iudicare
1993 5047 2163 5105 vivos

508 5140 568 5194 et
626 5142 962 5206 mortuos;
1019 5143 1078 5195 et
1149 5139 1213 5195 in
1275 5140 1580 5213 Spiritum
1638 5149 1943 5214 sanctum,
2003 5144 2160 5202 Patri

503 5234 768 5306 eiusque
822 5235 1023 5294 Verbo
1065 5239 1536 5297 coessentialem
1570 5257 1582 5306 ;
1633 5241 1824 5299 credo
1858 5243 1918 5299 in
1953 5257 2159 5300 resur-

509 5334 851 5391 rectionem
909 5349 1160 5409 quoque
1220 5338 1466 5395 animae
1516 5345 1576 5397 et
1631 5339 1939 5412 corporis,
2002 5340 2163 5399 sicut

507 5432 840 5504 Apostolus
895 5435 981 5492 ait
1049 5453 1062 5493 :
1134 5436 1490 5494 Seminatur
1564 5453 1793 5510 corpus
1856 5441 2157 5509 naturale,

509 5530 842 5590 suscitatur
891 5547 1122 5606 corpus
1165 5535 1512 5608 spirituale,
1563 5541 1623 5593 et
1653 5550 1871 5594 rursus
1914 5551 1926 5593 :
1969 5537 2162 5608 Opor-

509 5635 592 5694 tet
623 5629 791 5689 enim
833 5632 1247 5706 corruptibile
1290 5634 1408 5693 hoc
1459 5634 1720 5693 induere
1774 5635 2162 5707 incorrupti—

2272 4569 2347 4611 an
2393 4568 2515 4611 non
2559 4553 2756 4624 gloria
2789 4552 2850 4609 in
2891 4565 3000 4609 cor
3033 4551 3167 4609 eius
3209 4551 3578 4621 ascenderit,
3615 4556 3738 4608 tam
3766 4539 3911 4602 mul-

2272 4652 2349 4709 tis
2397 4657 2536 4708 ante
2583 4665 2730 4708 eum
2783 4648 3340 4722 procumbentibus
3390 4649 3474 4706 ob
3531 4653 3768 4705 tantum
3828 4638 3906 4696 si-

2269 4764 2480 4822 gnum.
2517 4750 2626 4807 Cui
2674 4748 3057 4820 respondet:
3112 4747 3301 4805 Cuius
3353 4761 3463 4804 cor
3491 4746 3690 4804 otium
3734 4737 3908 4797 habet

2269 4848 2530 4921 gloriam
2576 4847 2900 4904 hominum
2954 4844 3352 4916 respiciendi,
3410 4843 3459 4901 is
3521 4844 3709 4900 Deum
3762 4848 3907 4892 non-

2271 4947 2420 5004 dum
2459 4943 2766 5016 cognovit.
2823 4945 2875 5000 ls
2926 4943 3122 5013 enim,
3177 4942 3485 5015 quidquid
3518 4940 3684 5003 facit,
3721 4928 3905 4993 homi-

2272 5045 2457 5102 nibus
2503 5041 2665 5100 facit.
2709 5041 2822 5111 Qui
2868 5056 3018 5098 vero
3058 5040 3285 5114 dignus
3315 5046 3406 5096 est
3437 5039 3684 5097 habitus
3714 5032 3903 5089 aﬂlatu

2274 5142 2402 5213 Dei,
2439 5141 2490 5198 is
2534 5141 2596 5199 in
2641 5141 2838 5197 multo
2889 5139 3231 5197 certamine
3276 5143 3577 5197 versatur,
3629 5128 3801 5205 quasi
3846 5124 3902 5178 in

2271 5240 2570 5298 novacula
2642 5243 2854 5307 staret,
2941 5238 3186 5300 timens.
3270 5252 3344 5294 ne
3409 5234 3671 5293 decidat.
3753 5219 3902 5324 Talis

2274 5353 2466 5396 unum
2539 5339 2741 5394 solum
2819 5337 3004 5393 habet
3071 5334 3479 5399 desiderium,
3558 5317 3897 5402 egrediendi

2277 5433 2387 5504 53
2437 5435 2674 5493 scilicet
2721 5449 2755 5491 e
2802 5448 3088 5506 corpore.
3139 5432 3311 5501 Quod
3363 5446 3508 5490 vero
3549 5430 3625 5487 ad
3654 5419 3896 5498 gloriam

2271 5535 2507 5599 attinet,
2562 5534 2714 5590 haec
2755 5531 2811 5588 ei
2862 5547 2938 5589 ne
2991 5533 3055 5588 in
3103 5537 3371 5588 mentem
3416 5530 3668 5602 quidem
3719 5514 3890 5615 venii-

2273 5633 2439 5691 I-lanc
2470 5637 2676 5690 autem
2704 5630 2760 5688 ei
2803 5628 3154 5691 doctrinam
3199 5629 3368 5688 dedit
3405 5643 3417 5683 :
3468 5625 3678 5684 Adduc
3730 5608 3888 5675 mihi,
