4092 6256
230 314 303 372 53
1822 315 1870 372 V

1998 315 2057 371 E.
3581 327 3652 384 54

233 448 457 520 inquit,
508 447 782 521 aliquem
834 450 900 509 in
948 451 1108 509 mari
1154 454 1581 512 ambulantem
1633 454 1694 509 et
1740 460 1886 505 coe-
1916 441 1962 495 Α
1997 459 2114 517 pus
2168 448 2443 521 exponit,
2513 451 2634 510 ﬁde
2689 467 2767 510 ne
2818 466 3012 510 unum
3074 451 3332 524 quidem
3396 454 3646 528 legitur,

236 548 366 604 lum
404 561 618 605 versus
648 548 863 607 oculos
912 549 976 607 in
1025 550 1245 618 solem,
1296 552 1477 611 cuius
1523 548 1719 609 radiis
1755 559 1887 604 sus—

234 646 524 709 tentetur,
577 645 944 719 deﬁgentem
982 665 995 713 ;
1048 648 1150 706 cui
1198 649 1341 721 quis
1379 647 1769 721 praecipiat:
1822 642 1885 701 Si

231 739 466 813 locum,
496 743 559 800 in
595 758 723 816 quo
752 743 1059 812 ambulas,
1094 746 1390 819 adspicis,
1426 748 1488 805 in
1532 759 1705 804 mare
1733 742 1885 801 sub-

228 841 557 912 mergeris,
587 842 741 913 quid
771 842 829 900 ei
860 842 1119 914 accidet,
1156 845 1207 903 si
1240 845 1609 903 inobediens
1638 840 1826 901 fuerit
1854 835 1885 894 ‘2

226 936 341 1007 Ita,
371 938 481 1009 qui
513 938 577 995 in
599 939 863 1011 gloriam
896 941 1000 999 Dei
1029 942 1246 999 oculos
1276 941 1559 1007 intendit,
1594 940 1880 1015 gloriam,

224 1050 392 1107 quae
434 1037 515 1094 ab
569 1037 932 1097 hominibus
989 1041 1299 1113 provenit,
1346 1040 1614 1112 pedibus
1664 1037 1879 1096 calcat.

224 1132 397 1190 Hanc
434 1138 639 1191 autem
682 1135 735 1193 si
788 1136 1065 1208 respicit,
1115 1137 1194 1195 ab
1225 1138 1330 1195 illa
1372 1137 1625 1196 decidit.
1669 1137 1714 1193 A
1760 1149 1885 1207 qua

223 1229 282 1288 si
345 1230 668 1300 deciderit,
734 1234 948 1291 multis
1008 1234 1147 1292 aliis
1216 1235 1541 1294 affectibus
1594 1235 1879 1307 agitatur.

224 1327 447 1386 Cetera
505 1344 653 1389 vero
724 1332 911 1389 huius
985 1333 1200 1397 sancti,
1262 1348 1452 1407 quam
1523 1331 1886 1391 misericors

224 1425 420 1483 fuerit
462 1432 525 1485 et
579 1430 911 1502 fraternus,
958 1435 1021 1487 et
1068 1436 1363 1503 quantam
1416 1431 1709 1489 habuerit
1762 1428 1885 1487 dis-

220 1524 653 1583 cretionemin
678 1527 1000 1599 operibus,
1024 1542 1187 1587 nunc
1202 1529 1460 1601 quidem
1476 1528 1676 1587 silebo
1707 1524 1818 1603 (1).
1850 1545 1880 1583 »

314 1622 478 1680 Haec
516 1623 707 1695 igitur
752 1626 1029 1684 narratio
1076 1641 1111 1683 a
1161 1628 1407 1686 duabus
1448 1627 1602 1694 istis,
1643 1640 1799 1699 quas
1851 1641 1883 1681 e

224 1719 399 1778 libro
443 1722 716 1780 secundo
768 1728 830 1781 et
875 1737 910 1779 e
964 1724 1254 1782 Cassiano
1298 1740 1489 1797 supra
1539 1724 1881 1788 attulimus,

221 1832 304 1875 eo
372 1819 767 1890 potissimum
820 1820 1049 1894 differt,
1110 1824 1280 1895 quod
1343 1794 1778 1880 resuscitatum
1847 1835 1883 1878 a
1918 1794 1960 1847 Β

217 1915 491 1973 Macario
561 1918 943 1989 baptizatum
1004 1934 1140 1978 esse
1204 1926 1265 1979 et
1338 1921 1539 1979 tribus
1590 1920 1768 1977 annis
1819 1919 1881 1975 in

221 2026 440 2071 eremo
496 2016 822 2074 transactis
884 2018 1093 2076 denuo
1145 2019 1378 2077 obiisse
1444 2018 1648 2085 docet,
1710 2016 1878 2089 quod

220 2109 388 2168 liber
429 2114 739 2171 secundus
782 2128 906 2172 non
957 2116 1145 2173 habet
1192 2120 1255 2173 et
1288 2116 1617 2175 Cassianus
1664 2118 1879 2187 aperte

220 2213 417 2279 negat.
469 2210 726 2278 Quando
775 2212 871 2268 vel
921 2227 957 2269 a
1013 2228 1139 2286 quo
1172 2213 1450 2271 narratio
1496 2213 1730 2286 scripta
1773 2213 1873 2283 sit,

219 2319 425 2377 neque
466 2322 540 2365 ex
570 2323 645 2365 ea
692 2309 850 2381 ipsa,
894 2324 1099 2383 neque
1139 2311 1395 2369 aliunde
1424 2312 1571 2369 satis
1613 2316 1871 2369 constat.

228 2401 431 2472 Fides,
515 2419 705 2477 quam
799 2408 1132 2480 episcopus
1204 2409 1481 2481 exponit,
1569 2408 1876 2480 Spiritum

223 2506 505 2558 sanctum
563 2502 725 2561 Patri
770 2509 832 2561 et
888 2504 1044 2563 Filio
1099 2503 1447 2574 ὁμοούσιον
1499 2512 1697 2565 vocat.
1745 2505 1876 2574 Qua

223 2607 376 2653 voce
420 2599 694 2669 synodus
751 2600 1426 2675 Constantinopolitana
1478 2610 1539 2661 et
1590 2602 1876 2675 symbols

212 2691 363 2752 ﬁdei
422 2696 497 2754 de
567 2697 804 2770 Spiritu
857 2705 1069 2759 sancto
1116 2715 1238 2759 non
1291 2706 1551 2759 utuntur
1592 2699 1703 2779 (2).
1757 2702 1874 2759 Sed

200 2789 523 2863 Spiritum
554 2793 714 2853 Patri
746 2802 806 2854 et
853 2797 1011 2855 Filio
1040 2796 1391 2865 ὁμοούσιον
1423 2799 1547 2856 iam
1581 2800 1640 2857 S.
1687 2799 1874 2857 Atha—

201 2888 425 2946 nasius
489 2892 760 2962 appellat
810 2892 923 2967 (3).
979 2889 1094 2963 54
1151 2895 1320 2953 Unde
1364 2896 1710 2953 verisimile
1758 2902 1871 2963 est,

212 2998 356 3042 eam
397 3002 609 3047 vocem
655 2990 719 3048 in
764 2993 1215 3064 Aegyptiorum
1261 2994 1553 3052 formulis
1594 2993 1736 3053 ﬁdei
1772 3008 1878 3052 an-

210 3082 390 3155 tiquo
422 3101 535 3144 usu
586 3094 901 3161 receptam
933 3090 1141 3147 fuisse.
1203 3090 1358 3158 Quia
1401 3106 1548 3149 vero
1579 3106 1613 3150 e
1642 3090 1872 3164 verbis,

207 3182 447 3254 quibus
527 3186 887 3257 symbolum
964 3188 1715 3261 Constantinopolitanum
1797 3190 1877 3248 de

217 3279 457 3352 Spiritu
504 3289 716 3342 sancto
760 3285 1062 3359 loquitur,
1112 3287 1176 3344 in
1229 3287 1358 3360 illa,
1400 3301 1592 3359 quam
1636 3288 1875 3359 episco-

284 3446 365 3517 (t)
398 3448 611 3502 Textus
644 3464 895 3517 graecus
921 3450 1138 3522 legitur
1169 3451 1324 3507 infra
1350 3452 1411 3508 in
1443 3452 1661 3509 harum
1697 3469 1877 3526 quae-

209 3533 479 3590 stionum
509 3537 854 3607 Appendice
888 3539 1085 3609 priore
1119 3540 1234 3595 sub
1262 3543 1322 3595 V.

281 3625 365 3691 (2)
399 3625 758 3694 Symbolum
810 3628 1042 3684 concilii
1097 3630 1745 3703 Constantinopolitani
1800 3635 1874 3689 de

207 3712 437 3782 Spiritu
484 3722 692 3771 sancto
731 3716 879 3772 haec
918 3717 1099 3774 habet
1132 3740 1144 3773 :
1199 3742 1227 3770 ‹‹
1272 3724 1371 3772 Καὶ
1402 3718 1762 3796 [πιστεύομεν]
1804 3723 1873 3786 εἰς

202 3804 262 3853 τὸ
308 3809 518 3873 πνεῦμα
574 3808 632 3855 τὸ
681 3805 850 3876 ἅγιον,
912 3810 970 3859 τὸ
1025 3810 1226 3882 κύριον,
1282 3813 1340 3861 τὸ
1396 3810 1672 3875 ζωοποιόν,
1719 3816 1778 3865 τὸ
1818 3812 1874 3865 ἐκ

202 3898 299 3942 τοῦ
370 3896 568 3966 πατρὸς
633 3896 1057 3969 ἐκπορευόμενον,
1129 3901 1186 3949 τὸ
1258 3901 1352 3950 σὺν
1408 3904 1569 3971 πατρὶ
1626 3906 1717 3953 καὶ
1775 3906 1872 3972 υἱῷ

205 3984 775 4055 συμπροσκυνούμενον
850 3991 939 4038 καὶ
1004 3983 1468 4059 συνδοξαζόμενον,
1524 3991 1581 4040 τὸ
1641 3988 1872 4050 λαλῆσαν

204 4065 302 4121 διὰ
333 4078 440 4122 τῶν
471 4082 770 4143 προφητῶν.
812 4093 840 4126 ν
864 4076 1043 4131 Mansi
1074 4077 1249 4132 Conc.
1282 4078 1475 4147 Ampi.
1510 4077 1657 4135 Coll.
1695 4078 1761 4136 T.
1799 4080 1872 4136 III

200 4173 261 4230 p.
290 4164 425 4215 565.
457 4160 680 4218 Iisdem
710 4162 829 4218 fere
858 4164 1057 4219 verbis
1088 4165 1162 4220 de
1192 4165 1413 4236 Spiritu
1437 4171 1646 4223 sancto
1677 4173 1873 4226 cetera

201 4263 462 4320 quoque
488 4248 629 4305 ﬁdei
662 4252 942 4323 symbola
971 4252 1319 4324 loquuntur.

272 4338 355 4407 (3)
406 4361 427 4388 ε
484 4344 584 4392 Καὶ
616 4339 709 4392 οὐκ
752 4338 969 4405 ἄδηλον,
1025 4344 1106 4395 ὅτι
1145 4344 1239 4395 οὐκ
1292 4346 1406 4397 ἔστι
1435 4353 1534 4395 τῶν
1582 4346 1778 4398 πολλῶν
1811 4353 1869 4400 τὸ

196 4434 431 4500 πνεῦμα,
498 4427 605 4480 ἀλλ’
662 4426 786 4482 οὐδὲ
850 4432 1084 4502 ἄγγελος,
1151 4431 1257 4484 ἀλλ’
1324 4434 1371 4485 ἓν
1425 4436 1504 4490 ὅν,
1562 4435 1753 4507 μᾶλλον
1812 4434 1871 4489 δὲ

196 4523 290 4568 τοῦ
342 4516 508 4587 λογον
568 4516 669 4578 ἑνὸς
717 4523 856 4581 ὄντος
910 4517 1067 4590 ἴδιον,
1124 4526 1212 4575 καὶ
1260 4528 1350 4574 τοῦ
1411 4524 1524 4575 θεοῦ
1576 4522 1682 4586 ἐνὸς
1726 4528 1870 4588 ὄντος
1902 4500 1945 4555 D

193 4602 341 4658 ἴδιον
373 4612 472 4661 καὶ
506 4608 786 4679 ὁμοούσιόν
837 4609 977 4667 ἐστί.
1015 4632 1045 4664 ››
1079 4612 1136 4666 S.
1183 4611 1403 4668 Athan.
1446 4614 1555 4683 Ep.
1598 4613 1673 4669 ad
1706 4616 1869 4671 Sera-

195 4696 365 4765 pion.
403 4711 546 4767 cap.
580 4701 666 4751 27.
700 4700 755 4754 S.
790 4699 1004 4755 Athan.
1036 4699 1185 4771 Opp.
1212 4700 1308 4757 ed.
1338 4703 1534 4756 Petav.
1569 4705 1701 4757 4777
1733 4705 1791 4758 Τ.
1824 4704 1864 4758 Ι.

195 4787 253 4839 Ρ.
289 4786 340 4841 II
371 4803 434 4857 p.
468 4789 599 4842 540.
627 4788 688 4843 S.
718 4788 1082 4845 Athanasius
1118 4789 1399 4861 Spiritum
1431 4795 1704 4846 sanctum
1727 4807 1865 4847 cum

190 4873 370 4930 Patre
402 4880 463 4930 et
493 4875 638 4931 Filio
662 4875 931 4933 eiusdem
954 4878 1325 4934 substantiae
1344 4879 1459 4949 (τῆς
1478 4878 1637 4940 αὐτῆς
1657 4881 1863 4951 οὐσίας)

188 4968 349 5019 esset
382 4964 491 5019 ait.
521 4966 600 5018 De
630 4965 863 5019 Incarn.
896 4971 1106 5022 contra
1134 4967 1333 5021 Arian.
1355 4982 1487 5037 cap.
1523 4972 1573 5022 9.
1601 4970 1677 5022 l9.
1710 4969 1860 5039 Opp.

189 5054 247 5111 S.
279 5053 512 5110 Athan.
538 5052 575 5107 l.
602 5053 649 5108 Ι.
684 5069 745 5123 p.
770 5057 891 5109 70l.
916 5058 1040 5110 708.
1060 5056 1344 5125 Spiritum
1372 5061 1648 5112 sanctum
1678 5060 1770 5108 σύν
1792 5056 1863 5129 τῷ

188 5148 354 5215 πατρὶ
394 5148 490 5195 καὶ
537 5142 609 5211 τῷ
636 5144 732 5212 υἱῷ
772 5152 868 5205 τῆς
916 5150 1037 5215 μιᾶς
1084 5149 1176 5196 καὶ
1220 5154 1315 5205 τῆς·
1356 5145 1515 5205 αὐτῆς
1571 5145 1757 5209 οὐσίας
1808 5166 1862 5199 τι

186 5237 276 5284 καὶ
305 5230 561 5294 ἐξουσίας
592 5246 720 5285 esse
749 5231 922 5287 docet
954 5232 1251 5288 Damasus
1282 5248 1443 5304 papa
1474 5233 1756 5305 (366-384)
1798 5235 1862 5289 in

186 5320 466 5391 epistola,
526 5335 718 5390 quam
767 5321 1004 5392 scripsit
1042 5322 1292 5378 Paulino
1342 5322 1626 5394 episcopo
1657 5324 1863 5379 Antio-

190 5410 406 5467 cheno.
466 5408 664 5467 Mansi
718 5412 895 5466 Conc.
951 5410 1147 5483 Ampi.
1198 5410 1340 5466 Coll.
1398 5414 1456 5467 T.
1512 5412 1579 5465 Ill
1628 5426 1689 5482 p.
1732 5415 1856 5468 488.

193 5499 479 5556 Sanctam
511 5498 833 5555 trinitatem
858 5500 1430 5556 consubstantialem
1454 5501 1752 5572 (ὁμοούσιον
1770 5505 1858 5560 τὴν

196 5588 346 5658 ἁγίαν
392 5585 623 5663 τριάδα)
655 5588 964 5660 praedicat
996 5589 1254 5647 Meletius
1306 5590 1626 5661 episcopus
1657 5590 1856 5646 Antio-

197 5677 447 5737 chenus.
478 5677 635 5735 Ibid.
658 5681 862 5749 p.339.
897 5676 978 5734 Cf.
1009 5678 1067 5735 S.
1093 5678 1387 5750 Epiphan.
1419 5678 1586 5737 haer.
1618 5681 1686 5735 76
1717 5678 1857 5737 etin

1994 542 2329 604 formulam
2385 554 2705 622 totamque
2778 549 2984 620 istam,
3046 550 3146 609 cui
3225 550 3459 609 inserta
3532 557 3646 625 est,

1994 643 2419 703 narrationem
2472 647 2622 705 satis
2669 648 2990 721 antiquam
3038 661 3174 705 esse
3219 648 3399 706 facile
3449 650 3650 707 credi-

1994 740 2181 798 deris.
2271 743 2613 802 Hieracitas
2692 746 3218 803 resurrectionem
3303 760 3647 818 corporum

1994 851 2245 909 negasse
2296 841 2354 898 S.
2409 842 2796 913 Epiphanius
2862 844 3067 914 docet,
3121 843 3230 916 qui
3295 843 3647 902 doctrinam

1992 948 2212 993 eorum
2253 937 2419 1010 large
2466 940 2753 1012 exposuit
2798 938 2909 1015 (4).
2964 942 3175 1013 Neque
3216 956 3368 999 vero
3398 941 3457 999 S.
3506 941 3648 1013 Epi-

1995 1032 2283 1104 phanius,
2341 1050 2543 1109 neque
2591 1036 2654 1095 S.
2717 1038 2987 1097 Hilarius
3038 1035 3151 1115 (5).
3230 1054 3434 1112 neque
3486 1038 3648 1097 alius

1993 1130 2348 1206 quisquam,
2400 1141 2701 1206 quantum
2754 1136 3027 1200 invenio,
3087 1136 3321 1203 retulit,
3378 1136 3650 1195 Hieraci-

1993 1237 2085 1285 tas
2134 1230 2254 1287 tria
2306 1245 2519 1289 rerum
2581 1233 2891 1307 principia
2944 1235 3267 1307 agnovisse
3324 1239 3405 1305 et,
3455 1236 3647 1293 Deum

1991 1325 2265 1385 Verbum
2336 1329 2656 1388 hominem
2730 1332 2960 1389 factum
3040 1346 3194 1399 esse,
3267 1345 3649 1404 causamque

1991 1425 2279 1484 omnium
2337 1441 2549 1486 rerum
2608 1428 2986 1488 eﬂ‘ectricem
3040 1428 3299 1496 servari,
3354 1429 3649 1489 inﬁtiatos

1991 1537 2147 1581 esse.
2212 1525 2385 1584 Unde
2446 1525 2617 1585 hisce
2673 1542 2831 1585 nova
2901 1527 3111 1600 aliqua
3181 1528 3260 1584 de
3320 1526 3648 1585 Hieracitis

1990 1620 2351 1696 edocemur,
2384 1624 2617 1696 quibus
2644 1624 3049 1683 fundamenta
3079 1624 3420 1696 doctrinae,
3453 1637 3644 1697 quam

1993 1718 2467 1793 profitebantur,
2553 1722 2895 1781 dilucidius
2985 1727 3462 1791 cognoscuntur.
3552 1721 3644 1781 Ad

1992 1815 2152 1874 illud
2197 1831 2346 1875 vero
2390 1818 2777 1877 enuntiatum
2828 1820 3103 1892 Macarii,
3150 1834 3217 1878 se
3258 1825 3474 1879 contra
3500 1820 3645 1877 dae-

1992 1927 2210 1991 mones
2275 1915 2595 1988 principes
2660 1916 2818 1973 nihil
2872 1916 3100 1983 valere,
3163 1917 3331 1989 quod
3384 1922 3644 1990 spectat,

1990 2012 2157 2069 idem
2211 2014 2271 2070 S.
2331 2013 2632 2071 Antonius
2678 2027 2930 2086 quoque
2989 2015 3307 2086 professus
3353 2019 3445 2072 est
3493 2018 3645 2072 teste

1989 2109 2262 2167 Palladio
2311 2108 2420 2186 (6).
2476 2112 2785 2170 Mortuum
2834 2112 2910 2169 ad
2961 2112 3467 2184 respondendum
3502 2126 3645 2170 evo-

1985 2212 2194 2265 catum
2238 2222 2371 2265 esse
2413 2208 2677 2281 legimus
2719 2210 2784 2267 in
2823 2210 2988 2267 libro
3019 2209 3329 2268 Samuelis
3360 2206 3463 2285 (7).
3502 2209 3646 2268 Um-

1987 2306 2137 2363 brae
2190 2312 2587 2364 mortuorum
2666 2312 2956 2365 evocatae
3028 2322 3161 2364 esse
3230 2307 3522 2365 dicuntur
3578 2307 3642 2365 in

1986 2403 2239 2462 Homeri
2285 2402 2673 2480 Νεκυίᾳ(8),
2722 2405 2889 2477 apud
2942 2404 3255 2463 Lucanum
3308 2404 3415 2480 (9).
3471 2405 3643 2463 Taci-

1986 2506 2118 2559 tum
2197 2499 2347 2578 (10),
2428 2502 2690 2561 Plinium
2754 2500 2905 2579 (ll),
2971 2502 3410 2561 Philostratum
3479 2500 3636 2578 (12).

1986 2599 2243 2657 Dionem
2305 2600 2583 2659 Cassium
2639 2597 2797 2676 (i3),
2860 2597 2973 2670 55
3030 2600 3187 2659 alios
3252 2597 3401 2677 (l4).
3462 2600 3642 2673 Apud

1984 2712 2142 2770 quos
2183 2699 2446 2755 umbrae
2498 2699 2913 2771 interrogatae
2955 2704 3061 2757 aut
3104 2698 3502 2771 respondent,
3537 2703 3644 2756 aut

1984 2796 2367 2867 respondere
2422 2797 2819 2865 detrectant;
2869 2796 3099 2854 deinde
3146 2797 3225 2854 ad
3270 2796 3504 2855 inferos
3548 2811 3643 2854 re-

1984 2899 2313 2952 vertuntur
2364 2891 2514 2971 (15).
2573 2895 2792 2965 Moses,
2845 2909 2921 2952 ne
2978 2895 3186 2953 Iudaei
3237 2907 3471 2967 magos,
3526 2895 3637 2967 qui

1984 2992 2739 3061 νεκρομαντείαΐθοίιωῑ,
2770 2993 3036 3059 adirent,
3076 2994 3208 3065 lege
3249 2993 3443 3050 vetuit
3483 2990 3632 3068 (l6).

1983 3092 2472 3158 Νεκρομαντεῖα
2516 3089 2947 3162 superstitiosa
2999 3105 3132 3147 esse
3174 3091 3392 3148 Cicero
3439 3094 3642 3148 osten-

1984 3188 2074 3246 dit
2114 3184 2265 3263 (l7).
2315 3187 2731 3247 Tertullianus
2782 3187 2920 3246 illas
2968 3187 3247 3245 manium
3296 3186 3640 3259 apparitio-

1984 3300 2096 3344 nes
2146 3284 2420 3345 fallacias
2473 3286 2852 3345 daemonum
2908 3285 3181 3358 appellat
3243 3283 3397 3361 (18).
3458 3284 3635 3354 Quod

1982 3456 2300 3509 Ancorato.
2335 3452 2580 3521 Spiritus
2634 3452 2785 3508 Patri
2815 3471 2843 3504 «
2878 3449 3411 3507 consubstantialis
3440 3469 3469 3503 ιο
3511 3451 3632 3507 iam

1983 3547 2230 3598 vocatur
2258 3543 2318 3596 in
2346 3542 2583 3613 liturgia
2612 3541 2668 3596 S:
2698 3540 2891 3595 lacobi
2916 3540 3111 3595 fratris
3130 3539 3386 3602 Domini,
3415 3539 3488 3595 cf.
3517 3539 3646 3594 Bin-

1982 3631 2154 3687 terim
2179 3629 2785 3701 Denkwﬁrdigkeiten
2805 3632 2865 3685 T.
2899 3629 2968 3685 IV
3006 3632 3062 3683 P.
3100 3628 3147 3684 ΙΙ
3180 3645 3241 3701 p.
3287 3632 3385 3685 149
3406 3672 3420 3688 .

2055 3728 2132 3800 (4)
2164 3731 2333 3784 Haer.
2365 3732 2452 3784 67.

2053 3828 2131 3896 (5)
2160 3827 2416 3882 Hilarius
2443 3826 2517 3881 de
2551 3826 2793 3882 Hieraca
2827 3824 3087 3896 disputat
3120 3827 3196 3879 De
3218 3824 3373 3879 Trin.
3406 3822 3615 3894 iib.VI,

1990 3918 2068 3972 l2.
2101 3917 2156 3972 S.
2192 3915 2370 3972 Hilar.
2413 3917 2564 3988 Opp.
2597 3931 2720 3971 cur.
2755 3916 2942 3985 Migne
2973 3917 3033 3970 Τ.
3059 3914 3105 3968 II
3132 3930 3193 3985 p.
3241 3917 3338 3969 l65
3381 3928 3516 3983 sqq.

2054 4014 2130 4084 (6)
2162 4013 2299 4069 Hist.
2342 4015 2520 4071 Laus.
2544 4030 2672 4084 cap.
2705 4016 2773 4069 29
2800 4013 2950 4084 Opp.
2976 4014 3182 4068 Meurs.
3208 4010 3246 4066 l.
3275 4011 3318 4065 Ι.
3348 4026 3406 4082 p.
3434 4013 3559 4065 433.

2053 4102 2129 4173 (7)
2162 4105 2321 4158 Sam.
2346 4104 2388 4168 Ι,
2423 4106 2513 4158 28.

2052 4199 2127 4272 (8)
2153 4200 2261 4256 Od.
2294 4201 2380 4264 x1,
2422 4203 2488 4255 23
2521 4215 2655 4271 sqq.

2052 4290 2127 4361 (9)
2170 4290 2369 4345 Phars.
2405 4289 2494 4354 VI,
2528 4292 2632 4344 632
2669 4302 2802 4360 sqq.
2892 4348 2895 4349 ν

2048 4379 2161 4450 (10)
2186 4377 2398 4433 Annal.
2430 4378 2496 4449 Il,
2516 4380 2605 4433 28.

2050 4468 2160 4541 (ll)
2190 4471 2315 4523 Nat.
2360 4468 2501 4523 Hist.
2543 4468 2689 4529 xxx,
2716 4470 2767 4521 6.

2050 4558 2165 4629 (l2)
2205 4557 2320 4612 Vit.
2353 4555 2544 4627 Apoll.
2576 4557 2762 4625 Tyan.
2801 4554 2887 4617 IV,
2928 4556 3012 4610 l6.

2050 4655 2165 4727 (13)
2199 4655 2343 4708 Hist.
2379 4656 2545 4709 Rom.
2581 4652 2819 4715 LXXVII,
2862 4651 2951 4705 l5.

2049 4754 2161 4822 (14)
2191 4754 2323 4807 Hor.
2357 4756 2465 4805 sat.
2497 4751 2537 4813 Ι,
2570 4750 2625 4815 8,
2657 4750 2747 4805 41.
2777 4748 2947 4803 Plura
2977 4745 3253 4818 exempla
3284 4744 3464 4801 habet
3486 4744 3615 4800 Del-

1975 4844 2065 4899 rio
2099 4840 2398 4913 Disquisit.
2420 4832 2651 4911 'magic.
2687 4839 2754 4903 ΙΙ,
2784 4839 2851 4903 Q.
2883 4837 2976 4893 26.

2047 4941 2157 5010 (l5)
2172 4938 2517 5011 Apollonius
2536 4937 2723 5008 (apud
2740 4934 3155 4991 Philostratum
3169 4933 3207 4987 l.
3238 4932 3385 5003 l.)de
3403 4932 3621 4988 umbra.

1973 5028 2230 5090 Achillis,
2264 5040 2449 5098 quam
2473 5030 2757 5081 evocarat
2790 5041 2849 5080 :«
2870 5031 3070 5092 Ταῦτα,
3095 5022 3307 5094 inquit,
3337 5020 3490 5073 εἰπὼν
3512 5061 3525 5075 .
3559 5058 3573 5073 .
3610 5056 3626 5072 .

1974 5115 2170 5175 ἀπῆλθε
2200 5116 2286 5179 ξὺν
2318 5114 2561 5187 ἀστραπῇ
2591 5118 2795 5189 μετρίᾳ,
2836 5115 2925 5165 κὰὶ
2954 5114 3055 5186 ’γάρ
3110 5107 3178 5170 δὴ
3212 5115 3300 5163 καὶ
3340 5109 3612 5180 ἀλεκτρυό-

1971 5225 2049 5268 νες
2098 5202 2202 5265 ἤδη
2238 5202 2383 5278 ᾠδῆς
2444 5207 2691 5263 ἣπτοντο,
2732 5201 2837 5258 Ed.
2898 5200 3112 5260 Olearii
3144 5199 3299 5272 Lips.
3347 5196 3614 5255 17091301.

1971 5311 2032 5368 p.
2060 5297 2193 5353 154.

2043 5392 2156 5464 (16)
2195 5392 2242 5446 V
2271 5393 2411 5447 Mos.
2445 5388 2625 5455 XVIII,
2663 5390 2745 5444 ll.
2776 5387 2847 5443 Ill
2879 5388 3018 5443 Mos.
3058 5385 3186 5451 XIX,
3226 5385 3314 5440 31.

2040 5492 2154 5562 (17)
2194 5488 2538 5560 Tusc.disp.
2571 5486 2616 5553 Ι,
2644 5487 2734 5541 16.

2041 5588 2150 5660 (18)
2183 5586 2308 5643 Lib.
2370 5586 2438 5641 de
2495 5584 2699 5642 anima
2728 5596 2861 5653 cap.
2906 5583 2993 5638 57.
3036 5575 3276 5638 Tertull.
3325 5578 3475 5647 Opp.
3508 5572 3604 5630 ed.

1970 5676 2193 5738 Semler
2239 5678 2301 5734 T.
2341 5674 2420 5731 ιν
2467 5691 2525 5749 p.
2584 5673 2688 5732 284
2718 5685 2877 5742 sqq.,
2933 5670 3128 5744 Migne
3178 5663 3411 5751 Patrol.
3441 5664 3500 5718 T.
3543 5662 3587 5715 ll
