4092 6256
477 310 583 365 55τ
1374 309 1479 365 SS.
1518 306 2007 366 MACARIORUM
2049 303 2383 361 AEGYPTII
2421 306 2511 363 ET
2549 306 3035 367 ALEXANDRINI
3819 299 3883 354 56

480 440 648 497 idem
696 440 822 496 fere
869 443 1193 495 senserunt
1239 439 1297 495 8.
1358 438 1860 510 Chrysostomus,
1908 435 1966 493 S.
2010 429 2205 491 Au-A
2242 438 2766 497 resurrectionem
2852 433 3198 493 Hieracitae
3283 429 3601 503 probaret,
3692 440 3885 498 neque

482 537 786 609 gustinus,
843 532 947 592 alii
999 531 1108 610 (I).
1161 536 1280 593 Nec
1328 536 1537 594 minus
1584 540 1835 608 postero
1878 544 2131 605 quoque

481 648 633 692 aevo
688 632 989 704 imagines
1061 638 1449 691 mortuorum
1504 650 1538 690 a
1587 632 1783 704 magis
1833 630 2130 689 excitatae

482 747 615 790 esse
672 731 979 802 leguntur.
1049 730 1169 797 Sic,
1222 735 1290 789 ut
1336 731 1489 789 haec
1550 735 1787 789 tantum
1846 728 2133 798 exempla

484 828 771 901 prodam,
831 827 1055 885 Basilio
1100 828 1462 900 imperatori
1504 828 1616 885 ﬁlii
1656 828 1879 885 umbra
1920 840 1954 881 a
1984 825 2128 882 San-

484 926 784 982 tabareno
848 925 1153 983 monacho
1202 925 1552 984 ostenditur
1605 924 1743 997 (2);
1811 940 1843 980 a
1911 924 2131 981 Fausto

484 1022 713 1081 Helena
756 1022 1210 1080 formosissima
1251 1024 1482 1082 femina
1522 1023 1913 1081 scholaribus
1960 1034 2132 1077 mon-

485 1126 712 1179 stratur
765 1118 874 1193 (3).
952 1122 1043 1177 Ab
1106 1120 1202 1178 his
1258 1122 1447 1194 igitur
1502 1135 1829 1194 magorum
1873 1117 2134 1176 fallaciis

484 1223 588 1275 aut
619 1217 912 1276 ludibriis
942 1218 1245 1277 miracula
1298 1234 1517 1277 senum
1579 1219 1760 1291 plane
1812 1216 2127 1275 differunt.

484 1316 598 1384 Qui
670 1330 792 1373 non
860 1330 1185 1387 magorum
1264 1317 1458 1375 instar
1528 1317 1828 1388 imagines
1895 1319 2133 1372 tantum

485 1412 770 1477 efferunt,
828 1412 935 1471 sed
982 1413 1208 1472 Christi
1255 1429 1397 1486 ope,
1432 1420 1499 1472 ut
1554 1415 1760 1471 anima
1810 1412 1871 1470 in
1907 1424 2136 1481 corpus

485 1510 719 1579 redeat,
802 1514 1092 1582 totusque
1158 1512 1349 1571 homo
1433 1513 1782 1578 reviviscat,
1840 1509 2129 1569 efﬁciunt.

487 1608 857 1666 Submersos
904 1609 1185 1680 quidem,
1242 1611 1571 1669 suﬂ'ocatos
1614 1616 1676 1668 et
1730 1610 1864 1668 sine
1927 1606 2138 1679 bapti-

486 1719 623 1763 smo
666 1711 947 1764 mortuos
994 1723 1211 1765 senum
1263 1723 1382 1781 ope
1408 1710 1501 1767 vel
1547 1709 1827 1768 oratione
1878 1705 2139 1764 resusci-

484 1807 645 1860 tatos
712 1818 866 1873 esse,
929 1806 1162 1864 centies
1215 1806 1445 1881 legitur
1499 1804 1607 1883 (4).
1665 1806 1709 1864 Ε
1778 1805 2011 1877 quibus
2068 1801 2137 1874 ii,

488 1901 594 1971 qui
682 1903 1150 1973 resuscitantur,
1227 1910 1295 1962 ut
1361 1904 1737 1977 baptismam
1810 1902 2142 1988 accipiant,

485 1999 580 2056 vel
616 1998 789 2058 aliud
845 2001 997 2072 ipsis
1028 2002 1246 2060 aliisve
1293 2003 1444 2060 utile
1474 2018 1632 2074 opus
1681 2006 1997 2074 peragant,
2041 2014 2143 2057 ex-

492 2097 662 2168 pleto
712 2096 832 2156 hoc
885 2113 1145 2157 munere
1195 2100 1399 2157 statim
1454 2088 1658 2158 denuo
1703 2099 1863 2157 mori
1894 2098 2135 2166 solent;

491 2194 683 2251 ceteri
746 2209 931 2266 saepe
990 2192 1103 2263 56
1158 2196 1411 2268 longum
1481 2198 1667 2255 etiam
1743 2202 1990 2268 tempus
2057 2193 2139 2250 vi-

491 2295 641 2348 vunt
725 2288 828 2365 (5).
916 2293 1032 2351 Sed
1106 2300 1385 2353 mortuos
1471 2296 1547 2352 ad
1635 2294 2139 2367 respondendum

490 2394 777 2447 evocatos
818 2405 949 2449 esse
996 2406 1139 2449 raro
1188 2393 1519 2451 invenitur.
1556 2393 1858 2451 Macarius
1905 2392 2139 2463 Aegyp-

492 2487 614 2544 tius
646 2488 805 2545 duos
848 2488 1004 2547 alios
1040 2490 1383 2557 defunctos,
1435 2505 1555 2549 non
1601 2490 1880 2562 quidem,
1935 2496 2002 2547 ut
2045 2503 2139 2545 re-

491 2590 839 2656 surgerent,
886 2587 989 2642 sed
1051 2591 1117 2643 ut
1172 2602 1206 2644 e
1252 2588 1496 2646 tumulo
1555 2587 1677 2646 sibi
1729 2588 1804 2644 ad
1876 2586 2139 2643 interro-

490 2685 627 2750 gata
680 2683 1148 2751 responderent,
1212 2686 1483 2757 coegisse
1538 2684 1648 2761 (6),
1697 2690 1880 2756 atque
1924 2684 2131 2749 etiam,

491 2784 559 2837 ut
587 2778 869 2836 cranium
897 2780 1162 2839 alicuius
1203 2783 1499 2849 defuncti,
1544 2784 1711 2856 quod
1752 2796 1941 2854 super
1974 2786 2138 2839 terra

491 2876 748 2946 invenit,
804 2878 923 2935 sibi
969 2879 1045 2937 de
1090 2881 1305 2952 poenis
1358 2880 1584 2939 inferni
1618 2883 1978 2952 loqueretur
2021 2876 2133 2953 (7),

491 2973 768 3032 effecisse
822 2976 1037 3034 fertur.
1099 2979 1373 3036 Mortuus
1429 2992 1579 3037 vero
1645 2978 1719 3035 ad
1795 2990 2134 3049 corporum

492 3073 1015 3133 resurrectionem
1087 3077 1475 3149 probandam
1540 3076 1936 3135 resuscitatus
2005 3088 2137 3132 esse

2240 533 2488 602 quando
2519 540 2580 593 et
2617 551 2740 608 qua
2776 534 2985 593 oblata
3032 528 3363 589 occasione
3409 526 3471 583 id
3504 527 3735 583 factum
3780 524 3878 589 sit,

2239 631 2430 704 addit,
2473 634 2837 701 credideris,
2890 632 3093 688 varias
3140 629 3217 685 de
3266 628 3385 685 hoc
3438 623 3727 696 prodigio
3770 622 3886 679 iam

2240 728 2365 787 illis
2416 732 2673 790 Palladii
2717 729 3108 803 temporibus
3149 725 3457 784 exstitisse
3505 720 3889 779 narrationes

2240 842 2616 906 magnOpere
2661 830 2820 888 inter
2864 843 2927 885 se
2971 828 3414 897 discrepantes.
3448 820 3617 890 Quae
3668 818 3719 876 si
3773 831 3888 875 non

2241 928 2633 996 exstitissent,
2682 925 2987 985 Palladius
3036 921 3360 981 historiam
3417 916 3689 991 prodigii
3731 914 3887 973 haud

2240 1025 2575 1085 omisisset.

2322 1122 2351 1200 ξ
2404 1124 2500 1181 15.
2556 1124 2635 1181 De
2693 1122 2802 1181 illo
2845 1122 3255 1192 adolescente,
3314 1117 3422 1190 qui
3481 1122 3608 1173 tam
3668 1111 3890 1171 multos

2242 1236 2433 1295 panes
2474 1221 2841 1279 comedebat
2880 1220 3181 1290 cibosque
3227 1229 3512 1274 comesos
3540 1212 3887 1281 evomebat,

2244 1335 2278 1376 a
2360 1320 2624 1377 Macario
2698 1318 2999 1391 Aegyptio
3056 1319 3269 1373 sanato
3335 1313 3508 1371 solus
3588 1307 3890 1369 Palladius

2245 1417 2452 1475 tradit.
2506 1418 2833 1475 Hominem
2865 1410 3199 1485 illustrem,
3233 1412 3340 1485 qui
3373 1426 3407 1469 a
3451 1411 3759 1467 daemone
3799 1407 3888 1462 fu-

2246 1514 2413 1572 rioso
2448 1511 2554 1582 57
2591 1518 2929 1586 occupatus
2962 1513 3193 1586 pariter
3232 1509 3488 1583 propria
3529 1505 3892 1565 comedebat

2247 1617 2663 1681 excrementa,
2727 1611 2966 1670 sanavit
3023 1610 3079 1667 S.
3155 1609 3456 1667 Antonius
3509 1602 3622 1681 (9).
3683 1601 3892 1661 Mulier

2247 1711 2574 1782 quaedam,
2635 1726 2793 1783 quae
2846 1708 3125 1782 quotidie
3176 1707 3429 1778 triginta
3487 1703 3748 1777 gallinas
3796 1711 3893 1756 co-

2251 1809 2540 1866 medebat
2601 1824 2801 1881 neque
2872 1808 2996 1866 cibi
3046 1805 3400 1863 aviditatem
3459 1803 3722 1874 explere
3792 1811 3890 1869 po-

2251 1913 2430 1972 terat,
2487 1912 2694 1965 sanata
2724 1912 2815 1965 est
2863 1922 2897 1964 a
2948 1904 3007 1962 8.
3062 1903 3420 1961 Macedonio
3478 1898 3631 1975 (10).
3674 1896 3893 1955 Adole-

2252 2006 2442 2062 scenti
2498 2005 2596 2062 isti
2650 2005 2942 2062 morbum
2984 2002 3207 2074 ingerit
3260 2001 3527 2058 daemon
3579 1992 3888 2069 ingluviei,

2251 2103 2357 2173 qui
2389 2118 2463 2161 ex
2510 2103 2731 2160 ordine
2778 2107 2871 2160 est
2916 2115 3159 2171 eorum,
3212 2098 3320 2170 qui
3363 2096 3526 2169 ignei
3579 2098 3887 2153 vocantur.

2252 2201 2315 2258 ln
2368 2201 2491 2258 vita
2544 2200 2601 2257 S.
2655 2200 2922 2266 Antonii,
2977 2198 3084 2256 ubi
3141 2197 3217 2254 de
3270 2194 3690 2253 daemonibus
3737 2190 3894 2258 large

2248 2298 2579 2356 disseritur
2612 2296 2758 2373 (11),
2795 2297 2952 2355 ordo
2982 2295 3241 2368 quidem
3278 2293 3609 2363 igneorum
3652 2290 3893 2347 daemo-

2249 2410 2396 2453 num
2442 2410 2564 2452 non
2614 2395 3036 2467 distinguitur.
3097 2394 3174 2449 De
3224 2390 3524 2463 gradibus
3571 2402 3721 2444 vero
3751 2385 3890 2441 dae-

2248 2508 2506 2551 monum
2549 2493 2830 2549 scribens
2860 2489 3240 2548 'I‘rithemius
3288 2507 3299 2545 :
3338 2506 3367 2541 ‹‹
3405 2488 3592 2545 Multa
3641 2484 3829 2551 enim,
3862 2497 3887 2529 »

2247 2590 2469 2663 inquit,
2508 2608 2536 2643 ((
2566 2596 2706 2647 sunt
2734 2604 2960 2662 genera
2990 2588 3390 2651 daemonum,
3422 2590 3482 2642 et
3518 2582 3711 2641 certis
3737 2580 3889 2636 inter

2247 2703 2311 2745 se
2355 2688 2652 2760 gradibus
2694 2687 2944 2751 distant,
2986 2684 3223 2743 ratione
3270 2684 3583 2751 locorum,
3628 2680 3691 2736 in
3741 2686 3894 2748 quae

2246 2785 2533 2843 cadentes
2601 2801 2634 2841 a
2691 2783 3004 2856 principio
3073 2787 3215 2839 sunt
3291 2780 3553 2837 detrusi.
3627 2777 3892 2834 Primum

2246 2883 2503 2955 quidem
2550 2897 2742 2955 genus
2791 2883 3171 2939 daemonum
3218 2877 3579 2951 appellatur
3627 2877 3889 2947 igneum.

2245 2980 2418 3049 Quod
2488 2980 2655 3037 circa
2740 2979 3133 3052 superiorem
3220 2980 3595 3049 pervagatur
3666 2980 3889 3034 aerem,

2244 3093 2359 3136 nec
2412 3091 2685 3149 unquam
2743 3083 2883 3135 ante
2958 3075 3175 3133 iudicii
3240 3074 3411 3132 diem
3466 3072 3543 3129 ad
3605 3068 3895 3128 inferiora

489 3169 551 3227 in
619 3170 741 3229 vita
806 3173 862 3230 S.
942 3174 1188 3233 Patricii
1254 3190 1506 3248 quoque
1574 3176 1755 3247 plane
1825 3171 2135 3231 consimili
2167 3159 2206 3213 Ο
2244 3176 2649 3247 demergitur,
2691 3176 2798 3233 sed
2842 3174 3137 3231 continuo
3184 3172 3302 3229 sub
3348 3169 3714 3242 regionibus
3754 3176 3892 3236 per-

489 3269 676 3326 modo
762 3269 1028 3329 traditur
1111 3270 1219 3345 (8).
1294 3273 1447 3341 Quia
1520 3273 1831 3330 Palladius
1904 3275 2132 3338 narrat,

489 3370 871 3423 constantem
902 3368 965 3425 in
1009 3368 1343 3426 solitudine
1375 3370 1602 3426 famam
1646 3370 1833 3427 fuisse
1864 3370 1941 3425 de
1972 3382 2137 3425 mor—

490 3466 617 3529 tuo,
671 3478 857 3535 quem
900 3467 1201 3525 Macarius
1247 3466 1649 3537 resuscitarit,
1702 3472 1768 3525 ut
1797 3480 2135 3538 corporum

491 3638 667 3708 p.747
696 3655 829 3711 sqq.
849 3640 1005 3696 Sauli
1037 3642 1371 3697 Samuelem
1398 3658 1533 3697 vere
1557 3644 1909 3713 apparuisse
1937 3642 2137 3698 docuit

489 3728 701 3782 Justin.
732 3731 907 3800 Resp.
942 3729 1015 3783 ad
1040 3731 1277 3794 Quaest.
1305 3733 1371 3786 52
1398 3733 1658 3796 Quaestl.
1695 3732 2005 3788 Christian.

562 3818 639 3888 (vl)
680 3818 735 3871 S.
771 3819 1076 3890 Chrysost.
1120 3819 1322 3875 homil.
1369 3823 1437 3875 29
1484 3822 1544 3875 in
1587 3823 1807 3881 Matth.,
1851 3823 1999 3891 Opp.
2039 3820 2132 3875 ed.

493 3906 868 3962 Montfaucon
897 3908 955 3961 T.
977 3908 1068 3961 VII
1102 3924 1158 3977 p.
1197 3908 1301 3964 366
1325 3925 1480 3980 sqq.,
1508 3912 1563 3965 S.
1589 3913 1735 3977 Aug.
1755 3908 1827 3962 de
1856 3909 2137 3963 Civit.Dei

490 3995 595 4050 lib.
643 3996 750 4061 X,9
782 4012 913 4068 sqq.
949 4002 1005 4051 et
1047 3997 1292 4068 passim.
1330 3998 1412 4053 Cf.
1441 4000 1647 4053 Justiu.
1682 3997 1852 4069 Apol.
1887 3997 1926 4051 II
1956 3999 2138 4069 cap.5

491 4101 623 4156 sqq.
678 4085 770 4141 ed.
808 4086 984 4140 Paris.
1047 4086 1186 4139 1638
1221 4103 1275 4156 p.
1348 4092 1413 4142 65
1468 4103 1622 4159 sqq.,
1658 4087 1751 4143 ed.
1789 4089 1918 4143 Otto
1965 4089 2137 4143 lenae

492 4176 629 4230 1842
652 4174 714 4228 Τ.
748 4176 786 4228 l.
817 4191 876 4246 p.
906 4176 1009 4231 295
1034 4192 1166 4248 sqq.
1190 4194 1205 4246 ;
1232 4176 1390 4244 Orig.
1421 4182 1626 4234 contra
1659 4176 1895 4232 Celsum
1917 4177 1959 4240 Ι,
1996 4180 2061 4232 68
2081 4182 2137 4232 et

491 4278 740 4333 pasam.

559 4352 632 4421 (2)
678 4350 923 4405 Michael
981 4351 1194 4423 Glycas
1235 4353 1434 4407 annal.
1497 4354 1640 4407 Pars
1706 4355 1773 4407 IV
1813 4354 1912 4409 ed.
1950 4355 2132 4410 Bonn.

490 4455 550 4511 p.
592 4440 717 4495 550.

2245 3278 2561 3331 manentes
2610 3272 2935 3330 lunaribus
2986 3270 3228 3327 nullum
3288 3269 3519 3326 habent
3574 3279 3718 3324 cum
3781 3261 3893 3318 ho-

2244 3370 2521 3429 minibus
2546 3372 2607 3427 in
2641 3376 2805 3427 terra
2825 3368 3278 3426 commercium
3306 3364 3456 3439 (I2).
3488 3384 3519 3419 »
3550 3366 3745 3434 Quam
3771 3356 3894 3415 Tri-

2244 3468 2463 3526 themii
2543 3466 3029 3539 descriptionem
3102 3466 3429 3537 igneorum
3521 3464 3889 3520 daemonum

2244 3660 2428 3699 rum»
2466 3643 2751 3697 Patricius
2778 3658 2914 3696 cum
2950 3641 3152 3711 regulo
3175 3647 3231 3696 et
3262 3640 3434 3712 plebe
3478 3640 3668 3697 multa
3705 3632 3779 3690 ad
3808 3638 3883 3684 tu-

2246 3732 2478 3786 mulum
2501 3732 2764 3787 accessit.
2796 3732 2983 3795 Quem
3019 3746 3156 3785 cum
3186 3730 3400 3785 baculo
3431 3729 3571 3783 Jesu
3604 3720 3884 3795 signasset

2245 3821 2618 3891 humumque
2655 3822 2778 3874 erui
2796 3819 3054 3885 fecisset,
3087 3818 3245 3873 facta
3272 3816 3541 3873 oratione
3584 3812 3884 3870 hominem

2245 3910 2302 3963 in
2336 3890 2795 3963 admirationem
2818 3908 3092 3963 omnium
3126 3913 3182 3961 et
3208 3906 3727 3961 confirmationem
3758 3890 3886 3952 ﬁdei

2245 3997 2570 4053 catholicae
2602 3998 2993 4052 resuscitavit.
3021 3997 3127 4061 Qui
3161 4011 3386 4066 poenas
3408 3994 3621 4049 inferni
3641 3987 3887 4047 enarrat,

2244 4087 2576 4157 baptizatur
2606 4092 2660 4141 et
2680 4086 3040 4141 eucharistia
3066 4090 3346 4155 percepta
3372 4084 3429 4138 in
3462 4084 3677 4138 eodem
3702 4071 3892 4147 sepul-

2245 4175 2388 4229 chro
2411 4177 2469 4230 in
2500 4176 2745 4230 Domino
2772 4175 3005 4229 dormit.
3056 4177 3255 4244 Neque
3298 4174 3625 4245 quisquam
3666 4177 3887 4225 eorum,

2245 4264 2349 4335 qui
2374 4264 2642 4327 aderant,
2673 4263 2745 4317 de
2778 4262 3209 4318 resurrectione
3235 4267 3608 4317 mortuorum
3640 4251 3888 4324 amplius

2247 4352 2560 4409 dubitavit.
2602 4354 2720 4407 AA.
2768 4354 2863 4409 SS.
2898 4353 3037 4407 Boll.
3074 4354 3236 4407 Mart.
3288 4350 3351 4403 T.
3388 4351 3433 4403 II
3462 4367 3515 4421 p.
3554 4352 3676 4411 557,
3707 4362 3756 4399 e.
3805 4344 3889 4398 At,

2246 4442 2500 4512 inquies,
2525 4442 2833 4513 quomodo
2862 4441 3066 4507 homo,
3100 4439 3202 4511 qui
3224 4454 3452 4510 poenas
3487 4434 3700 4492 inferni
3728 4426 3889 4513 susti:

558 4530 631 4600 (3)
679 4532 739 4584 Η.
797 4531 1046 4585 Dﬁntzer
1096 4529 1192 4585 Die
1239 4532 1389 4599 Sage
1430 4545 1547 4585 von
1588 4532 1799 4586 Doctor
1835 4532 2136 4589 Johannes
2172 4514 2214 4568 Β
2247 4510 2390 4594 nuit,
2424 4510 2729 4601 baptizari,
2778 4510 3194 4583 eucharistiam
3245 4527 3550 4598 percipere
3578 4530 3634 4579 et
3684 4510 3891 4575 salvari

492 4622 669 4674 Faust
701 4636 758 4689 p.
803 4619 1047 4685 I75;cf.
1086 4618 1228 4673 ibid.
1266 4634 1322 4690 p.
1358 4621 1461 4674 159
1492 4635 1622 4691 sqq.
1681 4620 1873 4675 Delrio
1909 4622 2136 4693 Disqui-

490 4707 584 4762 sit.
606 4707 821 4776 magic.
853 4706 887 4759 l.
924 4709 962 4761 Ι.

561 4796 636 4867 (4)
672 4799 732 4850 In
762 4797 959 4852 indice
989 4797 1207 4853 morali
1233 4797 1488 4851 cuiusvis
1517 4797 1633 4853 fere
1676 4799 1815 4853 tomi
1865 4800 1977 4852 AA.
2025 4800 2126 4859 SS.

491 4885 630 4941 Boll.
658 4904 702 4938 s.
738 4902 784 4940 v.
824 4892 1091 4941 mortuus
1126 4886 1380 4955 plurima
1402 4886 1672 4957 exempla
1705 4888 2041 4943 laudantur.

558 4974 635 5043 (5)
668 4975 922 5031 Mortuus
939 4974 1299 5041 monachus,
1332 4991 1367 5028 a
1397 4977 1455 5029 S.
1493 4976 1801 5047 Comgallo
1829 4978 2136 5033 resuscita-

489 5067 605 5129 tus,
634 5063 978 5136 quindecim
1012 5069 1222 5134 postea
1262 5080 1455 5120 annos
1497 5066 1656 5120 vixit.
1708 5068 1820 5120 AA.
1855 5068 1953 5123 SS.
1991 5066 2129 5121 Boll.

487 5153 615 5208 Mai.
657 5154 714 5207 T.
745 5152 787 5205 ιι
815 5169 871 5223 p.
909 5152 1033 5220 581,
1061 5151 1121 5207 d.

560 5242 637 5313 (6)
680 5241 765 5298 Cf.
792 5240 945 5296 infra
971 5240 1179 5313 Capita
1206 5241 1277 5295 IV
1308 5246 1362 5297 et
1405 5244 1489 5297 VI.

559 5331 634 5401 (7)
675 5329 751 5385 Cf.
778 5329 932 5385 infra
960 5332 1149 5401 Caput
1179 5330 1267 5385 VI.

559 5420 633 5491 (8)
662 5418 930 5487 Patricio,
983 5418 1294 5475 Hiberniae
1325 5421 1619 5491 apostolo,
1644 5422 1907 5492 regulus,
1949 5439 2131 5494 quem

2248 4625 2441 4690 potest
2471 4620 2498 4673 εἶ
2530 4620 2745 4674 Eadem
2775 4618 3096 4673 difﬁcultas
3138 4617 3318 4673 etiam
3364 4618 3419 4670 in
3457 4614 3793 4671 narratione
3820 4602 3887 4695 de

2246 4711 2468 4773 cranio,
2502 4708 2668 4780 quod
2715 4707 2965 4763 Macario
2996 4705 3285 4777 Aegyptio
3338 4704 3406 4759 de
3440 4704 3647 4775 poenis
3683 4696 3885 4753 inferni

2244 4798 2526 4869 loquitur,
2562 4798 2834 4851 occurrit.
2884 4798 2959 4850 De
2999 4812 3120 4867 qua
3164 4794 3317 4849 infra
3341 4796 3478 4862 Cap.
3518 4793 3602 4845 VI.
3647 4785 3755 4843 Sed
3789 4782 3884 4834 Pa-

2248 4888 2389 4940 tricii
2434 4887 2775 4957 prodigium
2807 4885 2907 4948 illi,
2950 4885 3107 4955 quod
3142 4884 3199 4937 in
3224 4882 3634 4938 resuscitando
3664 4875 3886 4930 mortuo

2244 4976 2531 5030 Macarius
2571 4974 2775 5037 edidit,
2808 4972 3181 5027 simillimum
3201 4977 3313 5026 est.

2312 5066 2385 5135 (9)
2448 5064 2557 5120 Vit.
2603 5066 2656 5119 S.
2694 5062 2955 5129 Antonii,
3014 5062 3126 5116 VV.
3175 5062 3280 5115 PP.
3321 5063 3516 5116 Rosw.
3549 5072 3681 5126 cap.
3708 5054 3793 5112 36,
3832 5043 3883 5098 S-

2240 5154 2455 5209 Athan.
2488 5156 2639 5223 Opp.
2674 5168 2807 5222 cap.
2844 5155 2911 5206 64
2943 5167 2999 5221 ρ.
3036 5151 3158 5205 674.

2314 5242 2563 5313 (tO)VV.
2599 5240 2705 5295 PP.
2741 5242 2933 5295 Rosw.
2963 5238 3065 5294 lib.
3104 5239 3171 5292 IX
3201 5254 3333 5308 cap.
3375 5239 3438 5292 13
3469 5253 3527 5308 ρ.
3559 5232 3682 5295 830,
3715 5228 3764 5282 1.

2312 5308 2425 5403 (11)
2446 5330 2579 5384 Vita
2610 5332 2667 5385 S.
2691 5328 2948 5394 Antonii,
2977 5330 3031 5383 8.
3066 5327 3278 5382 Athan.
3315 5328 3468 5397 Opp.
3499 5340 3629 5395 cap.
3658 5308 3878 5403 22-13,

2312 5400 2421 5490 (12)
2448 5421 2532 5474 lo.
2585 5417 2885 5473 Trithemii
2919 5418 3036 5472 Lib.
3070 5422 3204 5471 octo
3236 5416 3650 5488 quaestionum
3679 5404 3751 5462 ad
3778 5400 3882 5490 Ma-

485 5486 858 5578 baptizarat:
894 5486 923 5558 «γ
952 5508 1029 5573 Si,
1057 5528 1084 5561 »
1114 5508 1318 5580 inquit,
1352 5486 1382 5559 ιί
1408 5486 1826 5565 avum'me‘um
1857 5486 2133 5565 adi-chus
2239 5486 2621 5565 ximilianum
2671 5511 2984 5562 Caesarem
3039 5522 3099 5579 q.
3137 5507 3220 5561 VI.
3248 5486 3327 5560 Cf.
3365 5503 3554 5559 Delrio
3589 5486 3873 5566 Disquisit-

485 5595 687 5653 multis
707 5597 1102 5655 incineratum
1135 5599 1576 5656 resuscitaveris
1625 5600 1685 5655 in
1740 5600 1952 5655 virtute
1993 5598 2132 5655 Jesu

488 5685 717 5756 Christi,
748 5686 996 5749 ﬁrmiter
1043 5688 1286 5749 credam
1343 5689 1840 5750 resurrectionem
1874 5692 2134 5748 mortuo-

2242 5598 2458 5669 magic.
2490 5596 2595 5652 lib.
2623 5597 2667 5652 II
2692 5597 2757 5662 Ο.
2785 5599 2851 5652 27
2881 5596 3030 5651 Sect.
3060 5600 3111 5651 2.
