4092 6256
266 261 339 316 57
1862 253 2101 312 VITAE.
3607 259 3678 313 53

269 390 542 449 maxima
573 403 647 448 ex
680 393 856 462 parte
895 388 1111 447 falsam
1143 401 1278 445 esse
1321 386 1480 444 bene
1533 384 1745 443 Delrio
1777 384 1919 442 ani-
1950 383 1994 435 A
2029 387 2089 440 te
2116 379 2265 459 (l0).
2300 383 2647 457 Evagrium,
2682 384 2746 443 in
2796 388 3009 445 monte
3056 385 3289 444 Nitriae
3336 402 3531 459 quum
3564 389 3679 445 ha-

268 488 621 553 madvertit,
673 487 781 559 qui
840 491 1047 544 tamen
1121 484 1429 549 concedit,
1503 483 1720 556 igneos
1776 482 1921 541 ideo

265 588 475 646 vocari
507 586 865 649 daemones,
922 584 1069 656 quia
1131 583 1193 640 in
1241 582 1405 640 aeris
1432 581 1687 655 regione
1740 594 1922 652 supe-

266 685 438 743 riore
486 688 775 741 maneant
825 680 933 758 (l).
992 680 1111 739 Sed
1162 679 1472 738 Palladius
1522 678 1916 747 daemonem,

266 782 375 855 qui
408 782 865 840 adolescentem
898 779 1089 837 istum
1143 777 1433 849 agitabat,
1480 776 1731 849 igneum
1779 776 1921 833 ideo

265 885 467 951 vocat,
509 880 657 951 quia
705 878 854 949 cibi,
911 891 1069 950 quos
1122 876 1337 933 infelix
1393 875 1510 932 iste
1566 873 1916 939 evomebat,

263 983 562 1050 tanquam
608 976 746 1048 igne
805 974 1336 1033 consumebantur
1363 986 1602 1045 ;quare
1653 973 1919 1029 daemon

267 1075 379 1133 ille
416 1079 677 1147 propter
707 1078 993 1131 naturam
1025 1085 1226 1142 suam,
1274 1084 1438 1143 quae
1489 1069 1613 1141 igni
1666 1083 1920 1141 compa-

269 1172 396 1230 rari
444 1177 668 1244 potest,
703 1184 906 1241 neque
956 1174 1215 1242 propter
1264 1182 1441 1225 suam
1473 1168 1537 1224 in
1567 1180 1713 1225 aere
1744 1166 1921 1224 habi-

269 1270 567 1327 tationem
626 1268 843 1339 igneus
895 1273 1171 1325 vocatur.
1229 1265 1600 1323 Adolescens
1657 1264 1921 1321 vinculis

266 1367 599 1426 adstrictus
637 1366 712 1423 ad
767 1364 1105 1423 Macarium
1163 1363 1467 1431 ducitur;
1528 1361 1919 1419 daemoniaci

267 1464 461 1535 enim,
522 1479 600 1521 ne
654 1468 940 1529 noceant,
1000 1459 1264 1519 vinculis
1347 1460 1688 1532 constringi
1760 1457 1919 1517 sole-

270 1563 420 1620 bant
450 1558 566 1637 (2).

350 1657 380 1735 ξ
414 1658 509 1716 16.
572 1657 613 1713 Ε
641 1658 851 1716 verbis
881 1656 1155 1729 denique
1202 1653 1490 1722 Palladii,
1522 1654 1754 1727 quibus
1782 1667 1920 1711 nar-

266 1758 575 1815 rationem
626 1756 732 1813 ille
782 1755 861 1813 de
920 1755 1187 1813 Macario
1234 1753 1537 1825 Aegyptio
1578 1752 1918 1820 concludit,

267 1855 519 1927 quando
562 1854 664 1912 hic
714 1853 1017 1911 Macarius
1071 1857 1357 1910 mortuus
1385 1852 1485 1914 sit,
1521 1848 1916 1907 deﬁniamus.

270 1952 577 2010 Palladius
612 1969 623 2007 :
665 1970 694 2006 «
744 1952 887 2023 Ego,
920 1964 955 2009 ››
986 1950 1214 2022 inquit,
1251 1971 1273 2001 ε
1324 1952 1605 2006 sanctum
1636 1949 1771 2019 ipse
1806 1943 1920 2014 58

274 2065 397 2109 non
427 2049 687 2109 conveni
716 2068 731 2121 ;
760 2063 923 2106 anno
969 2049 1163 2114 enim,
1217 2052 1550 2119 antequam
1605 2045 1667 2103 in
1707 2044 1921 2103 solitu-

272 2148 486 2206 dinem
519 2147 938 2220 ingrediebar,
968 2146 1213 2205 obierat
1244 2144 1355 2220 (3).
1397 2164 1419 2195 ι
1461 2145 1637 2215 Ergo,
1670 2142 1920 2215 quando

279 2244 591 2302 Palladius
623 2244 1026 2302 solitudinem
1057 2243 1373 2315 ingressus
1422 2241 1520 2308 sit,
1568 2240 1916 2313 quaeritur.

270 2342 407 2413 Ipse
471 2356 537 2398 se
603 2340 1035 2398 Alexandriam
1094 2340 1335 2398 venisse
1408 2339 1598 2396 refert
1648 2339 1919 2398 secundo

268 2440 597 2495 consulatu
654 2437 983 2495 Theodosii
1043 2437 1238 2509 Magni
1306 2434 1413 2512 (4).
1486 2437 1682 2504 Quem
1735 2438 1922 2509 gessit

270 2535 675 2602 Theodosius,
738 2535 910 2593 fastis
961 2534 1396 2593 consularibus
1453 2535 1734 2600 testibus,
1795 2535 1923 2592 col-

267 2632 403 2703 lega
444 2633 535 2690 Fl.
570 2629 866 2705 Cynegio,
900 2646 1063 2690 anno
1112 2631 1257 2689 Chr.
1311 2633 1425 2689 388
1460 2629 1566 2708 (5).
1616 2632 1923 2690 Palladius

262 2731 343 2788 ab
401 2729 642 2789 lsidoro
702 2730 1071 2788 xenodocho
1143 2729 1433 2788 Dorothei
1473 2731 1662 2799 senis,
1724 2744 1921 2802 prope

268 2828 706 2886 Alexandriam
780 2827 1138 2893 habitantis,
1220 2827 1587 2900 disciplinae
1657 2828 1922 2886 traditus

260 2932 378 2998 est,
432 2940 621 2997 quam
655 2940 779 2983 non
809 2931 972 2984 totos
1002 2931 1129 2983 tres
1161 2939 1357 2983 annos
1404 2925 1719 2993 sustinuit,
1772 2925 1921 2998 quia

258 3023 325 3082 in
398 3024 693 3082 morbum
764 3024 1200 3081 vehementem
1253 3022 1471 3081 incidit
1519 3020 1630 3100 (6).
1692 3023 1920 3082 Tribus
1959 3054 1998 3107 ρ

259 3136 411 3180 vero
457 3121 638 3178 annis
689 3121 754 3178 in
806 3121 1227 3187 monasteriis,
1281 3135 1442 3193 quae
1488 3121 1730 3179 circum
1769 3122 1920 3178 Ale-

261 3219 594 3276 xandriam
631 3223 832 3285 erant,
867 3218 1136 3290 peractis
1189 3218 1252 3276 in
1284 3224 1557 3277 montem
1589 3218 1824 3277 Nitriae
1854 3234 1918 3277 se

260 3314 548 3383 contulit,
582 3315 694 3372 ubi
725 3329 957 3373 annum
992 3315 1303 3387 integrum
1351 3315 1538 3387 degit.
1592 3315 1749 3374 Tum
1806 3317 1917 3375 de-

261 3427 439 3470 mum
504 3413 568 3468 in
629 3409 894 3468 intimam
949 3408 1334 3480 solitudinem,
1387 3428 1513 3486 qua
1564 3414 1757 3472 Cellia
1808 3429 1917 3473 seu

255 3510 532 3569 Cellulae
560 3509 985 3582 signiﬁcantur
1018 3508 1135 3584 (7),
1190 3511 1357 3569 venit
1389 3509 1498 3587 (8).
1536 3512 1716 3584 Ergo,
1766 3527 1914 3570 num

254 3608 424 3666 inter
454 3606 706 3665 Palladii
759 3608 1094 3667 adventum
1126 3608 1191 3665 in
1248 3614 1524 3668 montem
1554 3616 1616 3668 et
1661 3612 1724 3667 in
1773 3610 1919 3669 soli-

254 3705 540 3765 tudinem
597 3706 1105 3779 distinguendum
1157 3706 1263 3780 sit,
1320 3708 1668 3780 quaeritur.
1727 3709 1918 3767 Palla-

254 3805 401 3863 dius
428 3805 506 3861 de
538 3801 924 3862 habitatione
957 3819 1068 3862 sua
1123 3802 1185 3860 in
1235 3810 1417 3862 monte
1471 3821 1659 3879 saepe
1715 3807 1920 3879 loqui-

254 3907 361 3961 tur
418 3901 530 3978 (9).
580 3902 915 3961 Nathanael
975 3917 1187 3961 senem
1219 3905 1455 3963 obiisse
1500 3910 1709 3963 narrat
1739 3906 1920 3977 quin-

252 4000 463 4058 decim
537 4015 729 4058 annos
776 4005 918 4058 ante
978 4015 1164 4059 suum
1240 4002 1575 4060 adventum
1626 4003 1689 4059 in
1744 4016 1920 4061 mon-

330 4201 408 4271 (1)
443 4200 633 4256 Delrio
668 4200 920 4273 Disquis.
955 4202 1171 4271 magic.
1202 4201 1241 4256 l.
1270 4202 1312 4257 Ι.

330 4290 411 4361 (2)
444 4289 872 4345 Daemoniacos
894 4290 1119 4346 catenis
1135 4296 1417 4347 oneratos
1442 4292 1661 4348 adduci
1689 4293 1834 4364 legis
1857 4294 1918 4350 in

2033 482 2283 539 bitasset
2315 482 2659 549 biennium,
2709 483 2892 542 tertio
2946 499 3108 542 anno
3139 486 3491 557 ingressum
3541 500 3678 543 esse

2030 580 2218 637 tradit
2247 580 2645 637 solitudinem
2698 578 2846 657 (11).
2909 582 3079 640 Unde
3130 583 3291 640 inter
3344 582 3675 641 adventum

2031 678 2094 735 in
2142 681 2352 734 monte
2378 682 2439 735 et
2477 678 2809 736 adventum
2858 680 2920 737 in
2973 680 3311 737 solitudine
3369 679 3679 738 Palladius

2030 776 2166 847 ipse
2210 774 2589 847 distinguere
2619 777 2886 834 videtur.
2945 777 3119 846 Quod
3183 778 3513 835 Bollandus
3561 786 3679 835 sta-

2030 873 2147 931 tuit
2171 872 2324 948 (12),
2352 871 2784 932 Tillemontius
2803 874 2865 930 in
2895 875 3190 945 ambiguo
3211 875 3566 947 relinquere
3593 874 3682 931 vi-

2030 970 2212 1028 detur
2231 967 2378 1046 (l3).
2404 970 2486 1027 Ac
2506 971 2873 1028 Bollandum
2892 972 3087 1030 secuti
3110 978 3252 1029 sunt
3273 974 3507 1031 Caveus
3524 972 3676 1048 (14),

2033 1068 2320 1126 Pessinus
2345 1064 2492 1143 (15),
2523 1068 2849 1125 Fabricius
2876 1066 3023 1143 (16),
3055 1066 3169 1136 59
3186 1070 3264 1127 de
3287 1072 3496 1129 Nessel
3525 1070 3677 1147 (17),

2034 1164 2259 1222 Pritius
2296 1166 2446 1240 (18).
2504 1165 2622 1223 Sed
2654 1181 2803 1223 num
2836 1171 3003 1224 recte
3034 1168 3293 1225 omnino
3345 1169 3676 1241 senserint,

2032 1263 2301 1335 ambigo.
2360 1262 2470 1320 Vix
2527 1263 2694 1321 enim
2739 1264 3004 1322 dubium
3035 1278 3171 1323 esse
3226 1266 3495 1333 videtur,
3529 1267 3679 1339 quin

2032 1360 2341 1417 Palladius
2408 1361 2619 1418 dicere
2693 1363 2981 1429 voluerit,
3064 1363 3399 1420 Macarium
3482 1364 3679 1436 Aegy-

2032 1457 2231 1531 ptium
2283 1474 2433 1514 anno
2484 1462 2783 1535 antequam
2834 1456 2951 1533 ipse
3008 1455 3143 1515 illas
3194 1457 3449 1536 regiones
3503 1477 3681 1518 acces-

2031 1553 2165 1612 serit
2207 1554 2461 1613 obiisse.
2498 1559 2695 1628 Atque
2747 1570 2927 1614 mons
2959 1556 3190 1615 Nitriae
3248 1558 3407 1617 Sceti
3453 1559 3679 1617 solitu-

2033 1654 2162 1710 dini
2190 1652 2606 1726 propinquior
2635 1654 2771 1722 fuit,
2808 1669 2995 1726 quam
3058 1655 3331 1714 Cellulae
3357 1654 3486 1732 (19)
3514 1674 3532 1727 ;
3567 1671 3681 1714 ne-

1961 1738 2000 1791 Β
2032 1766 2179 1824 que,
2223 1767 2337 1809 cur
2380 1751 2695 1809 Palladius
2748 1766 2977 1810 annum
3035 1755 3253 1811 mortis
3325 1754 3573 1812 Macarii
3646 1772 3681 1813 a

2033 1855 2315 1921 tempore
2344 1849 2642 1907 adventus
2667 1850 2763 1907 sui
2810 1850 2872 1907 in
2920 1852 3173 1908 Cellulis
3220 1852 3553 1923 deﬁnierit,
3588 1853 3683 1909 in-

2030 1947 2347 2018 telligitur.
2386 1947 2658 2017 Accedit,
2714 1948 2882 2019 quod
2945 1948 3253 2006 Palladius
3309 1951 3469 2007 inter
3498 1962 3679 2007 mon-

2029 2049 2155 2101 tem
2184 2042 2415 2101 Nitriae
2454 2049 2515 2101 et
2560 2041 2827 2101 intimam
2878 2046 3281 2103 solitudinem
3330 2046 3674 2119 distinguit,

2027 2155 2222 2214 quare
2278 2142 2545 2199 adventu
2583 2144 2646 2199 in
2700 2144 3041 2201 solitudine
3089 2145 3423 2202 adventum
3466 2145 3531 2201 in
3579 2145 3681 2201 Ni-

2029 2240 2147 2298 tria
2202 2240 2537 2313 signiﬁcari
2592 2242 2921 2312 probabile
2970 2247 3083 2299 est.
3138 2241 3258 2300 Nec
3332 2241 3675 2300 Palladium

2027 2338 2237 2396 dicere
2297 2338 2587 2409 voluisse,
2663 2341 2998 2396 Macarium
3074 2340 3445 2412 Aegyptium
3514 2354 3677 2398 anno

2028 2440 2359 2507 antequam
2413 2436 2551 2509 ipse
2620 2436 2684 2493 in
2752 2434 3128 2495 solitudinem
3196 2433 3369 2494 Scetis
3440 2438 3681 2496 venerit

2028 2566 2104 2574 —
2132 2548 2275 2591 nam
2310 2534 2613 2592 Palladius
2654 2535 3055 2593 solitudinem
3086 2536 3279 2593 Scetis
3343 2535 3441 2593 bis
3470 2534 3681 2593 invisit

2028 2662 2105 2675 -—
2136 2631 2391 2700 obiisse,
2426 2631 2606 2689 facile
2649 2633 2867 2691 credes
2900 2633 3004 2702 ;id
3034 2634 3203 2690 enim
3238 2632 3499 2690 Palladii
3544 2647 3681 2691 ver-

2029 2730 2126 2787 bis
2151 2744 2272 2788 non
2298 2732 2474 2787 inest.

2108 2829 2306 2896 Quare
2362 2827 2755 2900 probabilior
2786 2829 3093 2887 sententia
3153 2832 3304 2887 haec
3334 2843 3468 2887 esse
3500 2829 3683 2887 vide-

2027 2930 2149 2993 tur,
2226 2927 2559 2983 Macarium
2640 2927 3013 2999 Aegyptium
3094 2941 3258 2984 anno
3336 2934 3671 2999 antequam

2027 3022 2343 3081 Palladius
2371 3023 2435 3081 in
2468 3030 2743 3081 montem
2800 3024 3030 3082 Nitriae
3082 3025 3273 3096 venit,
3329 3026 3371 3083 i.
3405 3039 3460 3081 e.
3516 3037 3677 3083 anno

2029 3122 2146 3178 390
2177 3119 2306 3195 (20)
2340 3134 2553 3178 mense
2578 3120 2893 3187 Januario,
2932 3127 2998 3178 ut
3049 3121 3487 3195 Martyrologia
3545 3125 3681 3177 tra-

2028 3218 2182 3276 dunt
2203 3214 2357 3293 (21),
2392 3223 2709 3276 mortuum
2734 3233 2887 3277 esse.
2946 3219 3117 3277 Unde
3152 3224 3330 3277 natus
3382 3225 3473 3277 est
3520 3233 3681 3277 anno

2028 3316 2171 3374 Chr.
2209 3318 2347 3387 300,
2397 3323 2457 3374 et
2501 3330 2784 3374 eremum
2838 3317 3092 3375 intravit
3142 3331 3303 3375 anno
3356 3319 3501 3376 Chr.
3539 3319 3676 3376 330.

2025 3413 2177 3471 Nam
2204 3412 2267 3469 in
2298 3412 2700 3470 solitudinem
2732 3414 2900 3472 venit
2948 3415 3197 3487 triginta
3246 3429 3440 3472 annos
3470 3420 3671 3482 natus,

2027 3511 2089 3567 in
2120 3525 2243 3582 qua
2264 3511 2577 3583 sexaginta
2606 3526 2799 3570 annos
2831 3526 3028 3585 usque
3056 3513 3133 3571 ad
3188 3517 3455 3571 mortem
3483 3513 3679 3589 [suam

2028 3609 2318 3681 explevit.

2108 3704 2260 3782 $17.
2296 3707 2602 3765 Hactenus
2630 3722 2726 3773 ea,
2790 3722 2949 3780 quae
2990 3709 3066 3765 ad
3124 3709 3375 3767 Palladii
3431 3709 3508 3766 de
3552 3707 3676 3765 Ma-

2026 3804 2198 3861 cario
2242 3805 2545 3879 Aegyptio
2592 3806 3014 3863 narrationem
3067 3813 3243 3864 erant
3297 3806 3672 3865 annotanda.

2025 3901 2249 3968 Restat,
2286 3908 2351 3958 ut
2377 3901 2720 3973 videamus,
2762 3902 3082 3974 quomodo
3115 3917 3208 3974 ea,
3270 3918 3428 3976 quae
3476 3905 3679 3961 adhuc

2027 4014 2063 4056 θ
2130 4000 2454 4057 codicibus
2510 3999 3097 4057 Vindobonensibus
3152 4001 3554 4072 protulimus,
3615 4001 3677 4059 in

2103 4199 2214 4270 (11)
2240 4199 2388 4254 Ibid.
2421 4215 2553 4271 cap.
2584 4198 2654 4253 88
2688 4201 2839 4271 Opp.
2870 4203 3077 4256 Meurs.
3107 4200 3146 4255 l.
3180 4201 3220 4254 Ι.
3249 4216 3311 4272 p.
3346 4202 3465 4256 553.

2102 4290 2217 4360 (12)
2247 4294 2361 4343 AA.
2389 4289 2493 4347 SS.
2532 4291 2665 4345 Jan.
2695 4293 2754 4346 Τ.
2790 4292 2809 4343 Ι
2843 4306 2901 4361 ρ.
2936 4294 3091 4345 1007.

256 4380 388 4435 Vita
411 4379 728 4434 Hilarionis
758 4395 935 4451 capp.
964 4384 1047 4446 12,
1075 4380 1160 4448 13,
1186 4385 1239 4436 et
1254 4380 1583 4436 innumeris
1604 4382 1914 4439 aliislocis.
1950 4406 1994 4459 Ι)
2100 4378 2212 4449 (13)
2245 4382 2373 4434 Not.
2400 4382 2433 4435 7
2463 4380 2537 4434 de
2577 4384 2786 4436 Macar.
2830 4385 2992 4451 Aeg..
3027 4381 3331 4437 Mémoires
3371 4384 3466 4436 ed.
3502 4384 3679 4437 Brux.

329 4468 413 4538 (3)
455 4467 648 4537 Supra
681 4484 740 4538 p.
774 4468 865 4524 41.

328 4556 403 4625 (4)
451 4558 586 4611 Hist.
622 4556 794 4612 Laus.
837 4557 930 4611 ed.
972 4559 1185 4614 Meurs.
1232 4574 1366 4629 cap.
1420 4564 1438 4613 1
1495 4561 1647 4630 Opp.
1694 4562 1909 4620 Meurs.

246 4645 289 4701 l.
329 4645 372 4698 Ι.
411 4661 471 4715 p.
502 4645 625 4700 348.

327 4734 409 4806 (5)
460 4735 546 4787 Ab
590 4733 932 4789 Almeloven
980 4734 1135 4790 Fasti
1171 4738 1336 4789 Hom.
1386 4736 1627 4791 Consul.
1654 4736 1732 4791 ad
1771 4753 1912 4792 ann.

246 4825 393 4880 Chr.
438 4823 541 4877 388
589 4822 684 4877 ed.
739 4826 781 4877 ll
821 4822 1147 4879 Amstelod.
1206 4826 1338 4879 1740
1380 4841 1442 4896 p.
1489 4829 1612 4881 166.
1670 4826 1915 4881 Relandi

241 4913 414 4968 Fasti
454 4911 692 4966 Consul.
741 4910 817 4966 ad
862 4928 1003 4967 ann.
1068 4912 1197 4966 Chr.
1245 4912 1348 4968 388
1397 4912 1547 4968 Trai.
1610 4915 1731 4969 Bat.
1779 4915 1916 4971 1715

242 5018 312 5059 n.
353 5000 481 5055 493.
514 5000 658 5055 Tab.
693 5001 1048 5070 Chronolog.
1080 5007 1236 5056 auct.
1270 5001 1343 5056 de
1367 5004 1668 5057 Graveson
1701 5004 1759 5057 in
1788 5004 1915 5058 eius

240 5091 396 5147 Hist.
428 5090 573 5144 eccl.
614 5090 708 5144 ed.
742 5090 922 5145 Mansi
968 5093 1026 5145 T.
1076 5090 1143 5144 IX
1175 5090 1399 5161 (Venet.
1450 5090 1605 5162 1761)
1638 5108 1693 5163 ρ.
1735 5094 1825 5155 84,
1859 5097 1911 5147 2.

316 5180 399 5252 (6)
442 5179 581 5233 Hist.
634 5180 804 5233 Laus.
853 5179 947 5233 ad.
991 5180 1201 5234 Meurs.
1249 5194 1382 5251 cap.
1428 5182 1461 5232 2
1500 5181 1649 5252 Opp.
1698 5184 1910 5237 Meurs.

238 5269 278 5325 Ι.
314 5269 357 5323 I.
400 5284 458 5338 p.
483 5268 609 5323 349.

312 5356 397 5427 (7)
431 5355 580 5410 Ibid.
609 5370 743 5426 cap.
778 5360 835 5410 21
874 5357 1024 5427 Opp.
1058 5358 1268 5411 Meurs.
1295 5355 1335 5410 l.
1366 5356 1408 5410 Ι.
1440 5372 1499 5428 ρ.
1528 5357 1651 5412 396.

313 5446 391 5517 (8)
423 5444 573 5499 Ibid.
606 5459 741 5515 cap.
770 5448 802 5500 8
846 5447 997 5516 Opp.
1030 5447 1242 5501 Meurs.
1285 5446 1322 5500 l.
1355 5446 1396 5500 Ι.
1427 5462 1485 5517 p.
1515 5446 1639 5512 360,
1667 5451 1788 5503 361.

313 5535 395 5606 (9)
427 5533 581 5590 Ibid.
616 5548 749 5604 cap.
787 5538 977 5588 10.11.
1006 5534 1095 5591 12.
1130 5535 1226 5593 15.

310 5622 432 5695 (10)
462 5621 611 5677 Ibid.
643 5636 784 5694 cap.
821 5624 884 5677 21
923 5623 1075 5694 Opp.
1101 5625 1316 5679 Meurs.
1353 5622 1394 5681 l.
1428 5624 1472 5683 Ι.
1502 5640 1570 5699 p.
1607 5627 1740 5683 385.

2026 4469 2087 4524 T.
2122 4468 2233 4521 v111
2264 4472 2318 4523 μ.
2348 4469 2505 4540 111p.
2546 4473 2698 4525 1423.

2099 4558 2208 4627 (14)
2241 4558 2465 4628 Scriptt.
2507 4558 2717 4615 eccles.
2768 4560 2906 4614 Hist.
2938 4558 3044 4613 litt.
3096 4575 3142 4614 ε.
3172 4574 3229 4613 v.
3262 4559 3561 4615 Macarius
3598 4574 3679 4615 se-

2026 4660 2157 4700 mor
2168 4688 2180 4701 .

2099 4735 2211 4805 (15)
2237 4735 2408 4789 Thes.
2442 4738 2637 4792 Ascet.
2681 4737 2857 4793 Paris.
2893 4737 3029 4791 1684
3058 4737 3280 4806 Proleg.
3314 4742 3341 4805 §
3376 4739 3437 4792 V.

2098 4823 2209 4894 (16)
2237 4824 2387 4879 Bibl.
2423 4824 2628 4881 Graec.
2662 4826 2754 4879 ed.
2785 4825 3007 4880 Harles.
3041 4828 3099 4879 Τ.
3134 4827 3249 4880 Vlll
3281 4844 3338 4897 p.
3374 4829 3498 4881 361.

2098 4912 2208 4983 (17)
2230 4914 2533 4983 Supplem.
2552 4914 2955 4970 Commentar.
2975 4914 3252 4969 Lambec.
3276 4915 3522 4969 Vindob.
3544 4915 3679 4971 1690

2024 5003 2083 5056 Τ.
2113 5003 2158 5055 ll
2197 5002 2256 5055 in
2293 5002 2486 5057 indice
2527 5003 2906 5074 alphabetico
2938 5022 2987 5059 s.
3022 5020 3075 5058 v.
3114 5005 3419 5060 Macarius
3464 5018 3679 5072 cogno-

2023 5093 2181 5145 mine
2208 5091 2486 5160 Magnus.

2096 5181 2208 5251 (I8)
2234 5181 2748 5252 MacariiAegyptii
2762 5182 2978 5253 Opusc.
2995 5188 3049 5237 et
3065 5181 3501 5251 Apophthegm.
3520 5179 3676 5249 Lips.
3794 5206 3795 5209 η

2024 5268 2161 5324 1699
2186 5269 2369 5324 Praef.
2401 5274 2426 5336 ς
2455 5271 2540 5324 IV.

2094 5359 2208 5428 (19)
2238 5355 2320 5412 Cf.
2357 5373 2542 5428 supra
2576 5374 2636 5429 p.
2665 5359 2719 5413 3.

2094 5446 2207 5517 (20)
2238 5448 2315 5500 De
2341 5454 2627 5518 tempore,
2656 5462 2778 5517 quo
2810 5447 3105 5503 Palladius
3135 5445 3196 5497 in
3225 5444 3472 5498 Nitriam
3506 5453 3685 5494 vene-

2020 5534 2099 5591 rit
2129 5536 2205 5591 cf.
2231 5536 2384 5592 infra
2414 5537 2606 5608 Caput
2629 5536 2695 5590 Ill
2726 5541 2751 5602 ς
2778 5539 2865 5589 21.

2093 5625 2206 5696 (21)
2238 5624 2320 5682 Cf.
2348 5625 2504 5684 infra
2533 5625 2726 5697 Caput
2756 5624 2892 5678 VIII.
