4092 6256
483 325 556 379 59
1340 318 1443 374 SS.
1485 318 1975 376 MACARIORUM
2011 317 2344 375 AEGYPTII
2388 317 2473 373 ET
2512 315 3005 374 ALEXANDRINI
3819 315 3884 374 60

483 452 744 525 singulis
773 451 1155 510 editionibus
1207 449 1512 507 Historiae
1564 449 1893 508 Lausiacae
1945 448 2132 506 exhi-
2166 447 2211 500 A
2240 448 2447 507 carius
2488 447 2687 507 dixit:
2737 449 2797 506 Si
2847 463 2992 506 vere
3039 446 3358 505 desideras
3399 460 3475 504 ex
3523 450 3654 504 toto
3703 447 3886 505 corde

488 551 770 609 beantur.

565 648 609 705 E
638 647 867 718 quibus
910 660 1124 716 graeca
1169 645 1416 702 Meursii
1475 645 1668 702 editio
1719 650 1781 702 et
1829 645 2131 716 interpre-

489 747 638 802 tatio
682 744 923 801 Herveti
997 759 1031 799 a
1085 750 1297 800 nostro
1354 742 1644 800 codicum
1699 743 2134 800 Vindobonen-

485 843 647 900 sium
681 847 847 899 textu
875 856 1017 899 raro
1049 846 1232 912 atque
1275 840 1604 897 levissimis
1656 846 1892 898 tantum
1946 842 2132 897 rebus

483 940 800 997 differunt.
854 939 1061 1010 Neque
1107 937 1166 994 in
1227 937 1546 1003 Paradiso,
1624 937 1932 995 Heraclidi
1994 952 2133 1009 per-

481 1051 699 1110 peram
770 1037 1031 1105 tributo,
1093 1036 1215 1092 ulla
1272 1035 1518 1106 gravior
1561 1035 1912 1092 differentia
1966 1035 2128 1092 inve-

484 1135 671 1193 nitur.
724 1135 910 1193 Multo
945 1131 1066 1200 60
1110 1138 1318 1190 autem
1371 1133 1750 1204 locupletior
1799 1133 2025 1190 ceteris
2068 1132 2130 1188 in

485 1234 603 1290 hoc
663 1233 864 1303 capite
923 1237 1011 1288 est
1057 1231 1309 1302 antiqua
1372 1230 1485 1286 ista
1552 1231 1777 1299 versio,
1848 1246 2005 1302 quae
2068 1230 2130 1286 in

481 1329 790 1388 Rosweidi
826 1327 1172 1401 appendice
1201 1332 1414 1384 exstat.
1453 1325 1621 1394 Quae
1683 1329 1960 1400 primum
1994 1331 2132 1398 post

486 1427 662 1484 illam
695 1428 771 1484 de
821 1427 1048 1484 femina
1098 1425 1159 1482 in
1232 1439 1458 1497 equam
1509 1430 1744 1483 mutata
1807 1425 2130 1482 historiam

485 1525 644 1583 hanc
673 1526 749 1582 de
781 1523 986 1596 puella
1014 1524 1226 1581 addit:

569 1623 704 1682 Alia
762 1637 1012 1694 quoque
1067 1621 1272 1693 puella
1329 1621 1404 1677 ad
1460 1636 1603 1678 eum
1667 1621 1928 1678 deducta
2014 1623 2126 1691 est,

483 1721 665 1779 cuius
727 1722 1038 1779 obscoena
1091 1719 1373 1790 corporis
1432 1719 1515 1775 ita
1571 1735 1641 1776 ex
1713 1719 1882 1776 omni
1957 1723 2130 1790 parte

483 1823 1018 1890 computruerant,
1079 1823 1146 1874 ut
1203 1814 1591 1888 consumptis
1635 1818 1928 1874 carnibus
1978 1817 2128 1874 inte-
2163 1798 2201 1851 Β

484 1917 654 1976 riora
709 1931 958 1988 quoque
1002 1922 1061 1972 ct
1113 1915 1468 1973 secretioria
1523 1921 1776 1972 naturae
1825 1915 2132 1971 nudaren-

485 2020 607 2081 tur,
642 2029 713 2072 ac
767 2015 1075 2070 vermium
1110 2014 1253 2070 inde
1281 2013 1578 2069 ebulliret
1611 2012 1941 2069 innumera
1972 2011 2133 2067 mul-

485 2112 711 2177 titudo,
747 2112 828 2167 ita
861 2117 925 2168 ut
957 2125 1076 2168 non
1125 2111 1446 2166 accederet
1493 2109 1823 2181 quisquam
1877 2109 1953 2166 ad
1994 2122 2132 2165 eam

487 2223 636 2281 prae
679 2208 936 2266 foetoris
984 2208 1267 2265 horrore.
1327 2207 1487 2263 Haec
1533 2221 1677 2264 cum
1725 2206 1906 2263 allata
1939 2221 1972 2263 a
2021 2220 2131 2277 pa—

487 2305 768 2365 rentibus
837 2315 895 2361 et
957 2304 1231 2375 proiecta
1288 2304 1504 2362 fuisset
1558 2310 1697 2361 ante
1754 2304 1920 2362 fores
1972 2304 2127 2375 eius,

486 2403 792 2462 miserans
852 2401 1110 2474 virginis
1185 2403 1502 2459 cruciatus
1558 2419 1568 2457 :
1631 2403 1844 2473 Aequo
1920 2401 2130 2458 animo

485 2509 638 2573 esto,
691 2501 912 2572 inquit,
951 2500 1076 2556 ﬁlia
1107 2516 1124 2568 ;
1181 2500 1333 2556 haec
1364 2499 1478 2556 tibi
1509 2501 1587 2556 ad
1619 2501 1881 2557 salutem
1918 2500 2131 2557 Domi—

485 2615 625 2670 nus,
670 2613 793 2656 non
843 2599 918 2654 ad
976 2598 1294 2655 interitum
1349 2599 1539 2655 dedit.
1579 2597 1748 2655 Unde
1797 2598 2130 2668 providen-

485 2698 636 2755 dum
679 2701 771 2753 est
800 2696 1016 2766 magis,
1050 2698 1118 2751 ut
1147 2695 1372 2752 sanitas
1421 2701 1520 2752 tua
1554 2695 1793 2752 nullum
1849 2695 1964 2752 tibi
2013 2710 2132 2766 pe-

486 2794 756 2852 riculum
799 2795 1039 2849 inferat.
1096 2794 1163 2848 Et
1205 2807 1347 2849 cum
1401 2793 1668 2850 stetisset
1716 2792 1777 2850 in
1822 2793 2128 2850 orationi-

489 2893 606 2948 bus
639 2905 748 2962 per
800 2895 1036 2961 septem
1089 2890 1419 2947 continuos
1466 2889 1622 2954 dies,
1674 2898 1734 2948 et
1781 2887 1990 2948 oleum
2025 2891 2130 2948 be-

486 2988 780 3047 nedicens
809 2987 871 3044 in
920 2986 1170 3045 nomine
1226 2987 1466 3044 Domini
1519 2993 1891 3059 perungeret
1935 3002 2129 3045 mem-

485 3088 598 3146 bra
629 3088 783 3151 eius,
832 3087 915 3143 ita
945 3100 1081 3142 eam
1137 3099 1350 3142 sanam
1398 3085 1691 3155 reddidit,
1744 3089 1808 3143 ut
1841 3091 1900 3143 et
1955 3100 2129 3158 repa-

483 3192 612 3244 rata
651 3191 907 3244 naturae
961 3185 1224 3256 qualitas
1255 3189 1316 3240 et
1368 3183 1640 3255 perfecta
1688 3183 2017 3241 muliebris
2064 3183 2127 3241 in

483 3299 556 3343 ea
611 3284 851 3355 species
907 3288 1259 3352 appareret,
1313 3288 1596 3353 essetque
1654 3282 1710 3338 ei
1781 3283 1859 3340 de
1917 3290 2128 3341 ceteao

485 3381 646 3438 inter
712 3381 996 3438 homines
1064 3379 1451 3436 conversatio
1515 3381 1752 3450 absque
1831 3380 2130 3450 pristinae

484 3477 863 3536 inﬁrmitatis
893 3476 1218 3533 obstaculo
1247 3474 1357 3548 (l).
1397 3497 1425 3526 »

564 3576 727 3632 Haec
778 3573 1051 3630 narratio
1107 3574 1294 3629 etiam
1351 3572 1514 3630 libro
1576 3573 1848 3631 secundo
1904 3572 2128 3630 iisdem

481 3673 691 3732 verbis
715 3672 960 3742 legitur,
998 3683 1198 3740 neque
1231 3683 1380 3727 vero
1408 3685 1542 3727 eam
1567 3671 1749 3727 alibri
1786 3671 1990 3742 reperi
2014 3670 2123 3746 (2).

479 3774 647 3841 Quae
694 3768 946 3839 antiqua
1002 3767 1206 3824 versio
1249 3767 1326 3824 de
1381 3768 1848 3826 resuscitatione
1895 3770 2126 3826 mortui

480 3873 691 3937 habet,
720 3883 860 3925 cum
892 3865 1247 3924 narratione
1288 3865 1432 3922 libri
1477 3867 1729 3924 secundi
1775 3867 2008 3938 pariter
2051 3870 2126 3926 ad

483 3969 742 4026 verbum
789 3965 1186 4024 conveniunt.
1243 3963 1306 4020 In
1361 3964 1480 4020 ﬁne
1524 3970 1729 4022 autem
1781 3966 2005 4038 capitis
2052 3968 2127 4025 de

483 4066 748 4127 Macario
781 4065 1102 4138 Aegyptio,
1150 4067 1477 4136 postquam
1527 4063 1760 4122 dictum
1817 4070 1930 4136 est,
1982 4081 2126 4123 eum

483 4182 642 4224 anno
701 4171 1032 4237 antequam
1095 4163 1402 4220 Palladius
1460 4162 1862 4220 solitudinem
1928 4164 2128 4221 intra-

483 4265 660 4330 verit,
695 4265 947 4329 obiisse,
985 4262 1236 4332 antiqua
1282 4260 1395 4319 ista
1444 4262 1648 4318 versio
1675 4263 1919 4333 longam
1970 4261 2128 4318 hanc

481 4362 806 4420 historiam
867 4361 1059 4422 addit,
1121 4372 1309 4430 quam
1361 4358 1443 4414 ita
1501 4358 1933 4416 adumbratam
1989 4373 2127 4416 nus-

483 4463 651 4535 piam
682 4460 933 4516 invenio
964 4475 976 4513 :

568 4583 586 4611 ε
626 4559 905 4629 Quodam
964 4561 1246 4627 tempore
1299 4567 1442 4611 cum
1494 4553 1570 4610 ad
1629 4554 1879 4611 beatum
1937 4555 2126 4612 Maca-

479 4659 643 4716 rium
695 4655 949 4727 quidam
1000 4654 1284 4718 venisset,
1339 4651 1698 4708 desiderans
1758 4652 1822 4708 in
1900 4667 2127 4725 propo-

476 4757 596 4814 sito
664 4753 1110 4811 monachorum
1179 4750 1414 4807 servire
1468 4747 1733 4814 Christo,
1793 4754 1850 4807 et
1905 4751 2127 4821 depre-

476 4858 725 4914 caretur
764 4855 1044 4908 sanctum
1095 4863 1329 4917 senem,
1377 4854 1442 4905 ut
1488 4846 1820 4904 instrueret
1865 4864 2009 4906 eum
2056 4865 2126 4907 ac

477 4953 750 5014 doceret,
787 4955 845 5005 et
896 4963 969 5003 ex
1010 4948 1174 5004 fonte
1227 4946 1547 5003 doctrinae
1595 4945 1908 5018 salutaris,
1966 4962 2125 5018 quae

475 5051 542 5110 in
573 5064 646 5107 eo
677 5063 788 5120 per
827 5044 1096 5118 Spiritus
1127 5040 1241 5110 61
1290 5043 1481 5100 sancti
1535 5043 1798 5115 gratiam
1851 5045 2126 5102 abunda-

480 5151 608 5221 bat,
671 5145 1067 5204 conﬁrmaret
1115 5147 1195 5202 et.
1265 5141 1534 5212 qualiter
1596 5147 1802 5212 posset
1876 5142 2124 5200 iuvante

478 5247 743 5310 Domino
792 5243 1048 5302 insidias
1101 5245 1285 5313 atque
1336 5239 1836 5312 impugnationes
1868 5241 2122 5313 maligni

474 5344 760 5412 evadere,
810 5343 1268 5416 praemoneret,
1312 5338 1693 5409 respondens
1739 5339 1958 5397 beatus
2009 5339 2126 5396 Ma-

545 5609 621 5680 (1)
651 5608 760 5662 VV.
795 5605 898 5660 PP.
927 5605 1124 5658 Rosw.
1155 5616 1212 5674 p.
1242 5602 1363 5670 989,
1393 5600 1448 5654 2.

543 5697 621 5778 (2)
655 5695 953 5767 Virginem
989 5690 1165 5748 simili
1206 5689 1422 5748 morbo
1461 5687 1837 5747 laborantem
1887 5691 2126 5748 sanavit

2244 547 2603 605 renuntiare
2656 547 2803 604 huic
2847 545 3116 611 saeculo,
3178 544 3392 616 ﬁliole,
3443 551 3503 602 et
3547 545 3887 603 adhaerere

2246 646 2505 702 Domino
2572 645 2897 704 Salvatori.
2987 644 3148 700 sicut
3216 642 3366 699 dicit
3452 642 3758 713 Propheta
3828 643 3886 699 in

2245 744 2523 814 psalmo:
2559 742 2853 800 Adhaesit
2901 742 3108 798 anima
3140 754 3276 798 mea
3321 746 3459 812 post
3499 745 3578 810 te,
3639 755 3740 796 me
3783 754 3886 798 au-

2243 846 2367 898 tem
2431 840 2704 914 suscepit
2754 841 2970 898 dextra
3023 846 3124 897 tua
3181 871 3256 878 —
3312 844 3524 910 parata
3578 839 3750 895 enim
3804 842 3889 895 est

2243 939 2455 996 dextra
2515 939 2781 1010 Domini,
2839 938 3263 1009 confugientes
3321 936 3398 994 ad
3450 951 3514 994 se
3568 936 3888 1007 suscipere

2242 1069 2316 1077 —
2346 1042 2596 1108 oportet
2623 1042 2678 1094 te
2707 1037 3062 1094 renuntiare
3108 1036 3252 1093 huic
3284 1035 3517 1092 mundo
3565 1038 3630 1092 et
3677 1048 3892 1092 omnes

2241 1141 2413 1192 actus
2437 1135 2573 1190 eius
2615 1134 2907 1199 abiicere,
2963 1134 3120 1192 sicut
3157 1132 3310 1190 dicit
3355 1133 3690 1204 Apostolus
3737 1131 3888 1189 scri-

2244 1233 2396 1290 bens
2442 1233 2518 1290 ad
2567 1232 3004 1290 Colossenses:
3056 1230 3278 1289 Mortui
3331 1231 3497 1287 enim
3551 1230 3701 1288 estis
3747 1229 3888 1287 huic

2242 1331 2498 1399 mundo,
2559 1335 2620 1386 et
2677 1331 2798 1386 vita
2872 1335 3071 1386 vestra
3147 1329 3510 1387 abscondita
3573 1335 3669 1386 est
3743 1340 3883 1385 cum

2241 1429 2486 1486 Christo
2516 1428 2576 1484 in
2612 1429 2752 1484 Deo.
2789 1429 2942 1485 Cum
2992 1428 3160 1484 enim
3215 1426 3496 1484 Christus
3527 1425 3889 1499 apparuerit

2243 1525 2366 1582 vita
2400 1530 2619 1588 vestra,
2669 1529 2813 1581 tunc
2864 1529 2924 1580 et
2972 1537 3079 1582 vos
3126 1523 3514 1596 apparebitis
3560 1539 3705 1580 cum
3755 1522 3886 1593 ipso

2243 1623 2305 1680 in
2357 1623 2573 1695 gloria.
2627 1623 2786 1679 Haec
2843 1621 3102 1678 audiens
3149 1621 3363 1692 junior
3411 1621 3569 1678 dixit
3623 1637 3636 1677 :
3695 1620 3885 1677 Crede

2244 1721 2419 1790 mihi,
2457 1721 2813 1778 beatissime
2859 1725 3054 1792 pater,
3091 1719 3237 1790 quia
3267 1723 3326 1775 et
3360 1726 3634 1776 mentem
3688 1731 3885 1776 meam

2242 1819 2502 1877 alienavi
2546 1820 2624 1875 ab
2679 1819 2795 1876 hoc
2851 1818 3085 1875 mundo
3143 1822 3204 1876 et
3243 1817 3320 1874 ab
3367 1817 3690 1886 omnibus,
3733 1828 3888 1888 quae

2241 1918 2304 1974 in
2336 1932 2410 1974 eo
2441 1922 2604 1984 sunt,
2640 1921 2705 1972 ut
2758 1916 2882 1972 iam
2911 1921 3205 1987 tanquam
3241 1921 3525 1972 mortuus
3555 1916 3775 1987 degam
3829 1913 3888 1969 in

2242 2013 2433 2073 huius
2478 2014 2781 2084 temporis
2829 2013 2971 2070 vita.
3025 2014 3291 2085 Cognovi
3341 2013 3532 2079 enim,
3592 2012 3886 2084 quoniam

2243 2111 2609 2183 temporalia
2666 2118 2724 2168 et
2779 2111 3136 2169 transitoria
3201 2117 3387 2185 atque
3452 2109 3886 2184 corruptibilis

2241 2215 2383 2267 sunt
2407 2209 2640 2274 omnia.
2678 2224 2836 2280 quae
2892 2209 2952 2266 in
2985 2210 3100 2268 hoc
3151 2209 3386 2266 mundo
3418 2209 3714 2267 videntur
3761 2221 3887 2266 esse

2242 2309 2431 2365 bona.
2487 2307 2656 2364 Tunc
2707 2307 2860 2365 dicit
2890 2308 2946 2364 ei
2998 2307 3255 2364 senior:
3293 2306 3453 2364 Audi
3509 2321 3636 2377 me,
3669 2305 3783 2376 ﬁli,
3833 2309 3888 2362 et

2240 2406 2394 2462 vade
2446 2405 2520 2461 ad
2573 2404 2904 2476 sepulchra
2931 2411 3349 2477 mortuorum,
3405 2409 3464 2461 et
3496 2402 3888 2476 quampluri-

2240 2504 2359 2560 mis
2406 2502 2677 2567 iniuriis,
2740 2503 2952 2559 multis
3022 2503 3322 2560 conviciis
3388 2517 3458 2560 ac
3516 2500 3882 2563 maledictis.

2239 2602 2424 2659 etiam
2459 2604 2518 2656 et
2581 2600 2898 2670 lapidibus
2927 2614 3034 2657 eos
3080 2600 3409 2668 detestare,
3460 2606 3525 2658 ut
3570 2597 3884 2672 provocati

2238 2699 2564 2756 irritentur
2591 2697 2886 2755 adversus
2917 2702 2994 2755 te.
3029 2699 3137 2755 His
3167 2698 3394 2755 auditis
3432 2697 3645 2757 iunior
3687 2697 3883 2756 statim

2239 2797 2516 2868 perrexit
2564 2795 2636 2852 ad
2691 2800 3093 2852 monumenta
3137 2802 3556 2854 mortuorum.
3611 2798 3883 2867 Cumque

2237 2893 2580 2952 secundum
2640 2899 3044 2964 praeceptum
3109 2893 3272 2950 beati
3332 2895 3601 2951 senioris
3678 2891 3882 2950 multis

2237 3006 2365 3057 eos,
2403 2996 2469 3047 ut
2502 2990 2776 3061 putabat,
2820 2990 3068 3047 iniuriis
3116 2990 3439 3063 aﬁ‘ecisset,
3493 3005 3784 3050 reversus
3811 2986 3882 3045 ad

2237 3094 2518 3147 sanctum
2549 3088 2881 3145 Macarium
2933 3089 3090 3146 dixit
3135 3091 3191 3146 ei
3241 3091 3410 3162 quod
3456 3091 3733 3148 fecerat:
3785 3087 3882 3144 in-

2240 3186 2702 3257 terrogavitque
2751 3201 2894 3244 eum
2950 3187 3179 3250 senior.
3241 3187 3292 3244 si
3331 3187 3484 3243 nihil
3518 3189 3579 3245 ei
3630 3199 3882 3258 respon-

2238 3285 2470 3343 dissent
2505 3283 2597 3341 illi
2645 3284 2871 3341 mortui
2903 3283 2930 3342 ‘2
2961 3285 3029 3340 Et
3062 3286 3442 3355 respondens
3479 3286 3640 3344 dixit
3670 3303 3682 3342 :
3723 3280 3883 3342 Nihil

2239 3383 2485 3454 penitus
2513 3381 2825 3453 dixerunt,
2857 3382 3140 3439 domine.
3183 3385 3413 3440 lterum
3461 3390 3671 3442 autem
3705 3395 3882 3454 prae—

2237 3482 2402 3552 cepit
2426 3481 2483 3536 ei
2515 3480 2729 3537 dicens
2765 3498 2775 3534 :
2836 3479 3020 3550 Perge
3061 3481 3332 3538 crastino
3375 3482 3501 3554 die,
3564 3489 3628 3540 et
3675 3477 3883 3538 multis

2240 3577 2590 3650 praeconiis
2642 3579 2924 3635 collauda
2965 3584 3023 3635 et
3049 3579 3352 3650 gloriﬁcat
3400 3595 3528 3638 eos.
3565 3581 3734 3639 Abiit
3772 3579 3881 3635 ite-

2238 3689 2377 3733 rum
2411 3674 2601 3732 frater
2629 3675 2704 3730 ad
2737 3675 3068 3746 sepulchra
3116 3683 3534 3750 mortuorum,
3576 3684 3638 3736 et
3685 3672 3880 3746 coepit

2239 3773 2494 3830 laudare
2546 3772 3035 3845 honoriﬁcisque
3093 3776 3491 3834 sermonibus
3534 3775 3878 3848 gloriﬁcare

2236 3885 2344 3929 eos
2374 3871 2632 3928 dicens:
2679 3871 2795 3928 Vos
2853 3873 3055 3943 magni
3107 3874 3274 3939 estis,
3328 3879 3388 3930 et
3431 3876 3654 3948 sancti,
3707 3878 3764 3930 et
3806 3867 3879 3927 si-

2238 3970 2417 4026 miles
2460 3969 2818 4040 apostolicis
2849 3970 3028 4039 viris,
3055 3976 3117 4026 et
3147 3971 3380 4028 iustitia
3412 3987 3634 4044 magna
3679 3973 3740 4029 in
3786 3981 3880 4025 vo-

2239 4069 2334 4124 bis
2363 4073 2470 4125 est.
2524 4065 2590 4124 Et
2634 4067 2788 4124 alias
2827 4069 3326 4141 quamplurimas
3357 4070 3574 4128 laudes
3628 4083 3768 4128 cum
3807 4062 3877 4122 ad

2236 4180 2344 4223 eos
2369 4166 2643 4231 dixisset,
2691 4181 2978 4223 reversus
3007 4168 3084 4223 ad
3136 4166 3359 4225 cellam
3391 4169 3547 4225 dixit
3596 4163 3824 4226 seniori
3861 4176 3872 4215 :

2237 4264 2388 4321 Ecce
2459 4264 2800 4320 secundum
2873 4273 3275 4337 praeceptum
3346 4271 3546 4331 tuum,
3634 4261 3877 4323 domine

2237 4366 2430 4434 pater,
2487 4361 2732 4418 laudavi
2779 4367 2838 4417 et
2895 4362 3231 4433 gloriﬁcavi
3291 4363 3431 4421 illos
3482 4369 3781 4425 mortuos,
3824 4359 3879 4413 et

2238 4459 2392 4515 nihil
2462 4458 2614 4515 mihi
2693 4460 2940 4530 penitus
2993 4459 3312 4518 dixerunt.
3382 4463 3552 4520 Tunc
3624 4459 3779 4519 dixit
3823 4451 3875 4509 ei

2237 4562 2481 4613 sanctus
2537 4557 2836 4613 Macarius
2895 4573 2907 4612 :
2968 4558 3327 4628 Considera,
3387 4559 3494 4624 ﬁli,
3561 4557 3875 4632 quoniam.

2235 4654 2393 4711 sicut
2424 4653 2675 4725 injuriis
2726 4659 2786 4710 et
2837 4657 3238 4713 contumeliis
3294 4658 3688 4733 exprobrasti
3743 4653 3877 4709 illos

2237 4757 2540 4822 mortuos,
2568 4748 2684 4818 62
2720 4757 2779 4809 et
2809 4752 2961 4809 nihil
2992 4753 3103 4809 tibi
3142 4755 3329 4812 locuti
3361 4762 3524 4826 sunt,
3556 4755 3638 4811 ita
3657 4765 3796 4823 ergo
3822 4749 3878 4802 et

2235 4853 2326 4920 tu,
2373 4849 2422 4905 si
2473 4849 2562 4905 vis
2610 4850 2813 4907 salvus
2867 4865 2999 4907 esse
3057 4856 3116 4907 et
3174 4851 3234 4908 in
3292 4858 3503 4910 sancto
3564 4845 3874 4924 proposito

2236 4946 2483 5018 placere
2514 4944 2815 5005 Salvatori
2850 4953 3082 5021 nostro,
3129 4949 3374 5006 imitare
3422 4952 3627 5022 ipsum
3684 4939 3876 5004 Domi-

2235 5057 2384 5100 num
2415 5044 2920 5117 Salvatoremque
2979 5051 3288 5114 nostrum,
3355 5047 3516 5104 sicut
3544 5047 3696 5105 dicit
3739 5044 3872 5099 bea-

2233 5146 2331 5198 tus
2360 5142 2622 5199 Joannes
2650 5144 2975 5214 apostolus
3017 5149 3077 5200 et
3106 5145 3481 5216 evangelista
3518 5163 3528 5201 :
3564 5143 3675 5214 Qui
3708 5135 3868 5197 dicit.

2234 5253 2297 5296 se
2346 5239 2407 5295 in
2465 5239 2708 5297 Christo
2766 5256 3043 5305 manere,
3097 5243 3301 5308 debet,
3351 5237 3868 5314 quemadmodum

2235 5332 2340 5393 ille
2369 5338 2730 5403 ambulavit,
2787 5343 2846 5394 et
2889 5339 3022 5410 ipse
3070 5340 3430 5398 ambulare.
3487 5341 3657 5400 Unde
3700 5339 3760 5393 et
3810 5329 3866 5385 in

2236 5603 2293 5658 S.
2319 5601 2632 5657 Antonius.
2666 5601 2776 5658 Vit.
2809 5605 2865 5662 S.
2892 5604 3125 5660 Antonii
3147 5619 3279 5677 cap.
3312 5609 3397 5676 58,
3418 5609 3475 5662 S.
3493 5606 3704 5662 Athan.
3726 5598 3862 5667 OPP-

2235 5707 2295 5764 p.
2319 5694 2424 5749 670
2453 5707 2588 5766 sqq.
