4092 6256
223 281 288 338 61
1809 274 2045 334 νΙΤΛΕ.
3565 287 3637 344 62

225 411 552 484 Evangelio
598 410 853 483 quidem
905 409 1192 482 legimus,
1234 407 1529 480 quoniam
1563 405 1681 479 ipsi
1723 419 1866 478 per-
1899 403 1947 457 Δ
1979 405 2142 477 gelio
2191 407 2267 464 de
2315 407 2391 466 iis
2443 410 2550 482 qui
2612 411 2826 469 laudes
2884 411 3215 470 hominum
3271 421 3634 486 quaerunt:

225 510 506 568 ﬁdissimi
566 513 812 566 nostrae
874 507 1017 564 ﬁdei
1076 505 1306 564 aemuli
1375 504 1591 562 Judaei
1646 502 1874 561 multas

224 608 506 673 iniurias,
557 606 885 678 instigante
913 605 1170 663 humani
1220 603 1464 676 generis
1518 602 1693 660 hoste
1745 601 1874 659 dia-

223 705 395 778 bolo,
438 705 503 762 in
555 704 884 761 Dominum
945 708 1228 760 nostrum
1287 701 1497 758 Jesum
1557 699 1873 758 Christum

220 803 604 861 Salvatorem
659 801 949 859 dixerunt
1001 815 1013 855 :
1073 799 1532 858 Samaritanum
1599 811 1754 868 esse,
1815 800 1877 853 et

219 900 622 960 daemonium
675 899 1028 966 habentem,
1079 904 1135 954 et
1191 897 1253 954 in
1309 895 1658 953 Beelzebub
1705 895 1877 966 prin-

221 999 361 1071 cipe
401 997 876 1055 daemoniorum
921 995 1273 1052 eiicientem
1318 993 1648 1051 daemonia
1683 1013 1696 1062 ;
1733 1005 1875 1048 nam

223 1103 284 1154 et
335 1096 727 1153 seductorem
773 1108 917 1151 eum
963 1093 1094 1150 ausi
1137 1099 1280 1150 sunt
1315 1091 1564 1148 dicere:
1620 1097 1680 1148 et
1720 1089 1874 1146 haec

223 1193 436 1252 omnia
502 1191 808 1264 patienter
875 1191 1007 1264 ipse
1080 1191 1222 1262 pius
1295 1188 1592 1247 Dominus
1667 1192 1877 1244 noster

218 1292 396 1349 Jesus
438 1290 717 1348 Christus
762 1289 943 1361 caeli,
997 1293 1201 1345 terrae
1249 1292 1309 1345 et
1338 1287 1554 1354 maris,
1589 1285 1873 1343 omnium

221 1403 476 1461 quoque
531 1400 775 1458 eorum,
836 1401 996 1457 quae
1040 1386 1103 1442 in
1161 1385 1251 1443 eis
1294 1389 1454 1450 sunt,
1493 1389 1736 1441 creator
1778 1397 1878 1438 su-

219 1485 460 1553 stinuit,
523 1492 591 1543 ut
643 1484 825 1542 nobis
883 1484 1214 1555 patientiae
1265 1497 1432 1547 suae,
1493 1481 1762 1537 lenitatis
1818 1485 1878 1535 et

217 1584 597 1643 humilitatis
655 1582 986 1655 praeberet
1036 1581 1418 1653 exemplum.
1477 1580 1625 1636 Nam
1671 1579 1720 1635 si
1769 1592 1878 1636 vo-

1983 507 2177 562 Amen
2225 506 2368 565 dico
2417 508 2614 578 vobis,
2651 509 2794 580 quia
2849 517 3223 583 receperunt
3274 514 3632 570 mercedem

1979 617 2178 660 suam.
2212 604 2280 661 Et
2302 605 2420 662 alia
2449 606 2643 663 multa
2673 615 2838 679 sunt,
2872 623 3033 679 quae
3071 608 3148 666 de
3179 611 3448 668 cavenda
3480 625 3634 667 vana

1982 699 2177 772 gloria
2229 708 2474 760 sanctae
2507 705 2868 776 Scripturae
2923 707 3264 764 admonere
3332 723 3454 765 non
3509 723 3638 765 ces-

1983 804 2137 855 sant.
2174 800 2331 856 Cave
2379 814 2550 873 ergo,
2606 816 2645 859 o
2696 802 2806 874 ﬁli,
2840 808 2901 860 et
2949 819 3149 875 neque
3202 805 3276 862 ad
3337 805 3639 876 irrogatas

1984 895 2246 953 iniurias
2274 898 2630 955 exardescat
2679 901 2741 955 in
2795 899 3119 958 iracundia
3180 903 3427 960 animus
3469 908 3629 963 tuus.

1983 997 2043 1048 et
2073 993 2121 1048 si
2151 993 2474 1051 incitatum
2505 994 2692 1053 fuerit
2722 1011 2831 1054 cor
2862 1003 3064 1068 tuum,
3100 996 3232 1070 ipse
3286 1003 3494 1057 tamen
3541 999 3637 1056 di-

1983 1091 2194 1148 stricte
2225 1091 2287 1147 in
2330 1092 2557 1150 timore
2604 1093 2844 1151 Domini
2899 1095 3144 1153 refrena
3178 1098 3257 1153 ab
3313 1097 3637 1156 iracundia

1983 1188 2263 1245 animum
2292 1194 2493 1260 tuum,
2527 1195 2594 1247 ut
2622 1192 2819 1262 possis
2848 1192 3137 1249 virtutem
3159 1193 3536 1252 humilitatis
3567 1209 3637 1252 ac

1986 1285 2317 1357 patientiae
2347 1287 2663 1345 custodire
2699 1305 2712 1357 ;
2748 1293 2806 1345 et
2834 1295 2979 1347 tunc
3010 1291 3313 1348 veraciter
3334 1292 3633 1361 ostendis,

1985 1384 2151 1455 quod
2179 1384 2519 1455 promisisti
2551 1385 2786 1454 dicens,
2822 1387 2970 1458 quia
3021 1395 3318 1459 tanquam
3350 1394 3638 1447 mortuus

1985 1479 2170 1553 degas
2199 1481 2261 1537 in
2313 1481 2431 1540 hoc
2459 1483 2717 1551 mundo,
2747 1484 2797 1539 si
2851 1483 3010 1540 nihil
3060 1485 3490 1544 turbulentum
3543 1500 3638 1543 re-

1983 1579 2296 1650 spondeas
2325 1579 2401 1636 iis
2431 1579 2539 1651 qui
2570 1579 2685 1637 tibi
2717 1580 2979 1639 iniurias
3005 1582 3302 1654 irrogant,
3337 1584 3495 1642 sicut
3521 1595 3634 1641 nec

213 1683 437 1742 luisset
487 1683 828 1754 potentiam
869 1695 1018 1737 suae
1068 1679 1408 1736 maiestatis
1451 1678 1780 1736 ostendere
1816 1681 1878 1734 et
1909 1719 1952 1779 B
1986 1676 2079 1733 illi
2113 1678 2189 1733 de
2219 1678 2640 1734 monumentis
2671 1679 2926 1745 mortui,
2984 1679 3046 1737 in
3079 1695 3236 1751 quos
3289 1682 3517 1739 multas
3546 1682 3637 1738 in-

213 1781 482 1852 injurias
525 1778 865 1846 vindicare,
898 1791 1151 1836 omnem
1201 1777 1409 1834 subito
1463 1775 1767 1832 mundum
1811 1773 1874 1830 in

207 1879 401 1936 chaos
449 1877 811 1942 deduceret,
865 1881 924 1934 et
967 1890 1082 1933 nec
1132 1889 1325 1948 genus
1376 1873 1726 1944 hominum,
1762 1886 1876 1929 nec

207 1977 346 2048 ipse
397 1976 613 2032 saltem
666 1978 998 2047 appareret
1058 1973 1356 2042 mundus,
1423 1972 1528 2028 sed
1598 1970 1660 2027 in
1733 1982 1876 2026 mo-

208 2078 423 2132 mento
495 2072 704 2131 omnia
763 2071 1113 2130 interirent.
1179 2070 1619 2128 Verumtamen
1676 2067 1877 2125 noluit

207 2172 362 2228 haec
405 2171 608 2228 facere
657 2168 1101 2226 inenarrabilis
1150 2167 1381 2225 Christi
1437 2166 1678 2223 Domini
1745 2165 1876 2238 pie-

208 2271 303 2324 tas
369 2267 684 2334 bonitatis,
739 2266 844 2340 qui
902 2281 1024 2323 non
1077 2266 1154 2323 ad
1203 2264 1614 2337 puniendum,
1661 2264 1768 2322 sed
1800 2264 1876 2320 ad

211 2364 584 2421 salvandum
637 2369 889 2420 venerat
945 2363 1272 2420 mundum.
1336 2363 1480 2420 Ideo
1535 2362 1703 2418 enim
1765 2376 1876 2433 pa~

213 2461 444 2518 tienter
495 2460 704 2518 omnia
756 2460 1065 2524 sustinuit,
1113 2465 1174 2517 et
1214 2458 1396 2517 nobis
1443 2458 1731 2530 exempla
1764 2472 1876 2530 pa-

218 2558 473 2615 tientiae
522 2563 582 2616 et
635 2557 1003 2615 humilitatis
1045 2557 1419 2616 ostenderet.
1463 2557 1637 2615 Unde
1679 2562 1738 2613 et
1782 2569 1874 2612 se-

215 2655 551 2728 quentibus
607 2670 672 2712 se
726 2653 1054 2728 discipulis
1100 2655 1259 2712 dixit
1312 2673 1325 2712 :
1385 2654 1605 2712 Discite
1658 2669 1693 2711 a
1747 2667 1868 2720 me,

209 2754 360 2826 quia
405 2751 572 2811 mitis
615 2767 751 2811 sum
798 2757 860 2811 et
906 2753 1166 2810 humilis
1208 2754 1422 2820 corde,
1457 2757 1517 2809 et
1548 2750 1874 2809 invenietis

211 2854 499 2924 requiem
531 2851 862 2908 animabus
892 2851 1131 2908 vestris.
1169 2851 1284 2908 Sed
1318 2856 1378 2908 et
1407 2864 1627 2908 omnes
1657 2865 1690 2906 a
1733 2863 1870 2906 sae-

206 2951 357 3008 culo
432 2949 659 3017 sancti,
721 2955 848 3007 tam
925 2946 1273 3021 prophetae
1330 2962 1522 3020 quam
1576 2946 1866 3019 apostoli,

1981 1775 2182 1846 jurias
2211 1779 2270 1831 et
2304 1774 2584 1832 convicia
2633 1775 2869 1847 dixisti,
2902 1781 2960 1833 et
3014 1778 3170 1837 nihil
3229 1780 3341 1836 tibi
3391 1780 3636 1851 penitus

1986 1871 2464 1944 responderunt.
2549 1873 2817 1944 Ideoque
2890 1881 3160 1946 oportet,
3241 1882 3310 1933 ut
3391 1876 3635 1934 fortiter

1986 1969 2412 2028 custodiamus
2470 1971 2760 2028 virtutem
2823 1971 3195 2030 humilitatis
3270 1988 3340 2031 ac
3402 1975 3638 2045 patien-

1986 2068 2130 2132 tiae.
2163 2075 2467 2139 quatenus
2520 2068 2832 2140 possimus
2890 2069 2966 2126 ad
3010 2070 3297 2128 caelestia
3354 2071 3636 2143 praemia

1987 2172 2047 2224 et
2076 2165 2152 2222 ad
2205 2173 2491 2223 aeternae
2536 2165 2695 2223 vitae
2752 2166 3015 2238 gloriam
3063 2169 3415 2239 pervenire.
3474 2169 3636 2227 sicut

1985 2263 2135 2321 dicit
2165 2264 2228 2320 in
2261 2264 2633 2335 Apocalypsi
2686 2264 3023 2322 Dominus:
3069 2267 3256 2337 Tene,
3315 2267 3484 2339 quod
3535 2267 3640 2324 ha-

1987 2361 2119 2425 bes,
2152 2374 2229 2416 ne
2249 2358 2409 2417 alius
2430 2359 2697 2432 accipiat
2726 2375 3022 2419 coronam
3053 2366 3224 2420 tuam
3259 2362 3372 2439 (ι).
3403 2383 3432 2417 ››

2067 2457 2226 2514 Haec
2286 2458 2466 2529 longa
2520 2457 2596 2514 ad
2644 2459 2898 2516 fratrem
2952 2460 3299 2519 admonitio
3347 2475 3492 2520 cum
3543 2462 3636 2518 in-

1984 2555 2166 2628 genio
2223 2561 2284 2612 et
2335 2554 2545 2613 indole
2601 2555 3005 2614 homiliarum
3054 2559 3302 2616 Macarii
3351 2559 3634 2632 Aegyptii

1981 2658 2108 2710 tam
2153 2651 2398 2724 egregie
2451 2653 2744 2723 concinit,
2789 2659 2856 2712 ut
2899 2669 3038 2712 eam
3069 2671 3102 2712 e
3133 2655 3412 2714 homiliis
3467 2671 3638 2714 com-

1985 2751 2240 2822 pilatam
2268 2757 2327 2808 et
2357 2751 2653 2809 historiae
2686 2750 2779 2809 illi
2828 2753 2906 2810 de
2937 2753 3127 2811 fratre
3161 2755 3333 2812 iussu
3385 2754 3636 2812 Macarii

1982 2847 2313 2919 sepulchra
2369 2848 2636 2906 adeunte
2693 2849 2969 2908 additam
3029 2866 3162 2909 esse
3242 2853 3404 2910 haud
3456 2866 3637 2924 aegre

1981 2946 2346 3004 credideris.
2383 2947 2548 3015 Quae
2599 2947 2882 3018 historia,
2945 2950 3196 3006 omissis
3248 2949 3363 3007 ista
3415 2950 3638 3008 exhor-

205 3048 582 3120 opprobriis
638 3052 698 3104 et
756 3045 1007 3104 iniuriis
1061 3061 1130 3103 ac
1169 3045 1432 3103 diversis
1485 3045 1696 3103 afﬂicti
1747 3050 1871 3101 tor—
1903 3067 1941 3122 ρ
1979 3043 2212 3101 tatione
2264 3049 2325 3100 et
2352 3043 2676 3111 doctrinis,
2736 3045 2798 3101 in
2843 3047 3399 3118 ApOphthegmatis
3442 3051 3640 3104 exstat

205 3145 438 3204 mentis
468 3158 720 3217 semper
759 3143 1159 3202 immobilem
1203 3143 1502 3200 virtutem
1534 3143 1870 3215 patientiae

205 3247 274 3301 et
325 3242 698 3300 humilitatis
756 3246 1114 3310 tenuerunt,
1184 3245 1244 3298 et
1300 3255 1695 3312 nequaquam
1757 3241 1868 3297 hu-

208 3339 418 3398 manis
471 3338 765 3396 laudibus
793 3342 934 3395 sunt
974 3338 1245 3409 decepti.
1291 3339 1668 3410 Respuentes
1699 3351 1867 3394 nam-

206 3451 343 3510 que
390 3436 594 3492 inanis
644 3435 878 3508 gloriae
929 3436 1274 3507 praesentis
1326 3435 1485 3492 vitae
1530 3445 1719 3493 vanos
1759 3449 1871 3492 ru-

205 3549 449 3601 mores,
481 3533 655 3591 illam
686 3533 887 3592 solam
913 3534 1241 3591 caelestem
1273 3537 1715 3605 aeternamque
1745 3533 1872 3605 glo-

201 3634 375 3693 riam
424 3631 895 3704 concupiscunt,
943 3630 1051 3704 qui
1105 3630 1350 3690 Christo
1400 3631 1651 3703 placere
1703 3631 1872 3687 desi-

199 3731 455 3796 derant,
515 3743 676 3802 quae
726 3745 801 3788 ex
860 3730 981 3787 Deo
1035 3734 1128 3787 est
1178 3734 1240 3787 et
1291 3734 1617 3801 permanet
1669 3729 1733 3785 in
1773 3742 1872 3786 ae-

198 3835 520 3894 ternum;
592 3829 771 3886 cuius
838 3825 1138 3885 claritatis
1227 3827 1626 3899 splendorem
1703 3825 1873 3884 nulla

196 3928 486 3985 humana
558 3926 765 3998 lingua
835 3930 1035 3998 potest
1093 3939 1436 3997 exponere.
1508 3925 1670 3982 Haec
1725 3938 1873 3997 ergo

194 4024 503 4096 exempla
548 4023 881 4096 patientiae
927 4028 988 4080 et
1036 4023 1405 4080 humilitatis
1445 4023 1868 4089 considerans,

192 4121 428 4188 ﬁliole,
464 4121 514 4178 si
542 4121 795 4193 quando
830 4121 1140 4194 irrogatae
1169 4121 1282 4178 tibi
1317 4121 1546 4177 fuerint
1577 4120 1869 4186 iniuriae,

192 4221 556 4280 fortissime
620 4219 913 4276 virtutem
978 4218 1311 4292 patientiae
1371 4224 1431 4277 et
1506 4219 1875 4277 humilitatis

191 4318 485 4391 custodi,
518 4317 768 4374 imitans
803 4318 1176 4389 Prophetam
1206 4316 1312 4390 qui
1363 4316 1559 4375 dixit:
1593 4318 1718 4390 Ego
1759 4332 1873 4375 au-

1980 3141 2080 3198 his
2135 3141 2264 3198 fere
2324 3142 2532 3198 verbis
2583 3157 2593 3195 :
2658 3162 2678 3193 ι
2745 3143 2956 3200 Frater
3008 3145 3296 3202 convenit
3343 3146 3633 3202 abbatem

1980 3239 2318 3297 Macarium
2372 3239 2763 3311 Aegyptium,
2821 3241 2920 3298 cui
2957 3258 2969 3297 :
3009 3243 3202 3315 Abba,
3257 3243 3480 3315 inquit,
3531 3242 3636 3300 dic

1981 3337 2137 3394 mihi
2193 3338 2482 3407 verbum,
2538 3339 2858 3409 quomodo
2916 3340 3144 3396 salver.
3228 3340 3326 3398 Ait
3391 3355 3632 3399 senex:

1980 3435 2145 3493 Vade
2171 3435 2234 3492 in
2265 3435 2668 3506 sepulchrum
2697 3442 2757 3493 et
2809 3437 3157 3495 maledictis
3185 3443 3466 3496 mortuos
3515 3440 3637 3496 im-

1981 3538 2141 3606 pete.
2193 3533 2422 3590 Abiens
2465 3533 2654 3605 igitur
2709 3533 2900 3591 frater
2948 3549 3055 3593 eos
3083 3536 3383 3593 conviciis
3411 3541 3472 3593 et
3510 3531 3630 3603 64

1982 3630 2300 3704 lapidibus
2342 3630 2621 3703 appetiit,
2681 3645 3092 3704 reversusque
3122 3634 3509 3691 annuntiavit
3540 3649 3634 3691 se-

1982 3729 2068 3786 ni.
2100 3727 2212 3798 Qui
2266 3729 2344 3784 ab
2375 3742 2450 3786 eo
2503 3728 2792 3800 quaerit:
2851 3729 3097 3787 Nihilne
3148 3731 3261 3787 tibi
3297 3732 3637 3803 responde-

1984 3831 2130 3884 runt
2155 3822 2186 3879 Ὑ
2221 3825 2330 3882 Ille
2361 3841 2374 3882 :
2410 3825 2596 3883 Nihil.
2649 3826 2803 3883 Tum
2847 3841 3034 3884 senex
3064 3843 3077 3883 :
3115 3826 3369 3895 Iterum,
3407 3829 3632 3901 inquit,

1986 3922 2381 3998 proﬁciscere
2424 3937 2582 3988 cras,
2639 3938 2872 3996 eosque
2921 3924 3212 3984 laudibus
3267 3923 3443 3985 effer.
3495 3929 3635 3984 Per-

1983 4036 2130 4094 gens
2200 4021 2408 4093 itaque
2467 4022 2656 4077 frater
2712 4021 3090 4079 collaudavit
3169 4037 3278 4081 eos
3360 4038 3631 4082 vocans:

1987 4117 2287 4190 Apostoli,
2340 4117 2558 4182 sancti,
2593 4116 2769 4174 iusti.
2812 4117 2965 4174 Tum
3008 4118 3160 4175 adiit
3189 4133 3402 4175 senem
3441 4118 3635 4176 dixit-

1984 4230 2148 4290 que:
2212 4213 2498 4272 Laudavi.
2555 4213 2722 4283 Qui:
2773 4213 3038 4282 Nihilne,
3093 4215 3317 4288 inquit,
3371 4216 3484 4274 tibi
3540 4232 3636 4276 re-

1985 4312 2367 4386 sponderunt
2398 4308 2427 4367 ‘2
2454 4311 2666 4370 Frater
2700 4329 2712 4368 :
2763 4312 2948 4370 Nihil.
2998 4313 3166 4371 Tunc
3214 4329 3399 4374 senex
3454 4315 3630 4374 inﬁt:

189 4425 333 4478 tem
372 4421 669 4487 tanquam
697 4416 925 4472 surdus
956 4429 1078 4472 non
1107 4415 1439 4472 audiebam
1472 4411 1589 4482 63
1631 4421 1692 4472 et
1715 4415 1876 4474 sicut
1906 4383 1950 4437 Β
1985 4411 2175 4477 Nosti,
2236 4410 2484 4483 quantis
2537 4424 2645 4468 eos
2698 4411 3093 4468 contumeliis
3149 4411 3452 4483 effeceris,
3520 4429 3633 4471 nec

190 4520 427 4575 mutus
458 4528 579 4570 non
612 4513 900 4584 aperiens
926 4527 996 4571 os
1024 4527 1229 4582 suum,
1265 4519 1325 4570 et
1355 4512 1550 4570 factus
1580 4527 1718 4570 sum
1750 4513 1871 4571 sic-

187 4619 264 4672 ut
324 4614 528 4670 homo
577 4625 701 4668 non
753 4610 1032 4677 audiens,
1087 4615 1144 4666 et
1194 4626 1315 4667 non
1371 4610 1608 4668 habens
1659 4611 1720 4667 in
1763 4625 1874 4668 ore

185 4725 316 4768 suo
354 4706 855 4779 redargutiones.
891 4707 1066 4776 Quod
1119 4716 1288 4765 certe
1341 4707 1418 4764 ad
1470 4721 1873 4765 commonen-

184 4810 357 4868 dum
418 4819 668 4863 sensum
717 4810 998 4863 nostrum
1039 4805 1319 4877 quotidie
1365 4804 1427 4862 in
1460 4805 1674 4876 synaxi
1715 4806 1874 4878 psal-

184 4907 378 4966 litur.
427 4904 584 4961 Cave
613 4902 826 4968 etiam,
861 4917 937 4961 ne
966 4918 1121 4960 vana
1166 4903 1364 4975 gloria
1412 4902 1722 4976 laudeque
1751 4904 1872 4962 ho-

184 5005 457 5064 minum
491 5000 840 5067 delecteris,
883 5005 945 5058 et
986 5001 1209 5070 perdas
1238 5001 1474 5070 omnia,
1507 5016 1667 5073 quae
1699 5003 1871 5060 labo-

187 5102 406 5161 rando
458 5099 526 5156 in
572 5099 750 5156 bonis
802 5098 1104 5170 operibus
1158 5098 1554 5171 acquisieris,
1605 5099 1873 5156 fructus-

185 5216 318 5275 que
367 5195 599 5257 ieiunii
641 5201 700 5253 et
747 5196 1158 5254 abstinentiae
1199 5201 1342 5254 tuae
1389 5196 1870 5269 vigiliarumque

186 5304 251 5357 et
316 5296 693 5357 orationum
749 5295 1104 5352 mercedem
1152 5295 1218 5352 in
1273 5301 1525 5353 aeterna
1578 5296 1697 5352 vita
1746 5309 1870 5353 non

186 5392 617 5467 consequaris
645 5406 681 5449 a
725 5392 1007 5464 Domino,
1050 5393 1201 5465 quia
1229 5393 1363 5466 ipse
1392 5393 1548 5451 dixit
1589 5393 1655 5450 in
1680 5393 1867 5452 Evan-

265 5567 347 5638 (1)
383 5564 504 5618 VV.
539 5562 651 5618 PP.
682 5565 872 5618 Rosw.
906 5578 966 5635 p.
1009 5563 1133 5630 990,
1162 5563 1212 5618 ﬂ.

263 5654 344 5726 (2)
394 5650 653 5708 Coteler.
699 5652 852 5708 Eccl.
895 5653 1098 5709 Graec.
1131 5654 1286 5709 Mon.
1315 5653 1427 5710 T.I
1469 5667 1529 5724 p.
1585 5651 1687 5708 538
1719 5667 1771 5708 s.
1802 5664 1863 5708 v.

1982 4508 2328 4581 quidquam
2384 4507 2841 4578 responderunt
2893 4508 3032 4576 tibi,
3093 4515 3152 4566 et
3194 4510 3444 4580 quantis
3484 4525 3628 4568 eos-

1983 4606 2125 4664 dem
2175 4605 2467 4662 laudibus
2513 4605 2857 4677 ornaveris,
2907 4605 3194 4678 nihilque
3241 4607 3317 4664 ad
3365 4612 3424 4665 te
3483 4623 3632 4681 pro-

1983 4702 2173 4762 locuti
2219 4707 2380 4759 sunt.
2431 4702 2516 4758 lta
2573 4706 2632 4759 et
2684 4706 2774 4772 tu,
2824 4701 2874 4759 si
2923 4703 3147 4760 salvari
3197 4705 3402 4781 cupis,
3459 4721 3633 4764 mor—

1979 4806 2126 4858 tuus
2168 4799 2276 4856 ﬁas
2323 4813 2525 4871 neque
2578 4799 2840 4857 iniurias
2893 4801 3219 4859 hominum
3266 4817 3381 4860 nec
3419 4804 3635 4862 Iaudes

1981 4912 2204 4956 eorum
2269 4897 2499 4969 cogites
2550 4897 2745 4955 instar
2801 4903 3197 4956 mortuorum
3258 4917 3271 4956 :
3324 4902 3414 4958 sic
3461 4903 3630 4959 enim

1981 4995 2216 5068 poteris
2263 4996 2469 5052 salvus
2524 4994 2658 5052 ﬁeri
2724 4992 2830 5071 (2).
2895 5014 2926 5050 »
2987 4997 3257 5054 Eandem
3305 4998 3628 5057 historiam

1981 5093 2270 5165 nuspiam
2296 5093 2447 5150 alibi
2470 5092 2702 5150 inveni.

2063 5192 2330 5263 Antiqua
2398 5195 2606 5248 autem
2654 5189 2858 5249 versio
2919 5191 3145 5249 deinde
3221 5194 3379 5253 hanc
3435 5193 3623 5254 aliam

1960 5282 2152 5349 'addit
2208 5288 2453 5346 Macarii
2507 5288 2786 5362 Aegyptii
2844 5289 3193 5347 doctrinam
3234 5308 3247 5346 :
3285 5311 3314 5346 α
3368 5291 3630 5351 Sanctus

1979 5388 2176 5447 abbas
2219 5385 2520 5444 Macarius
2573 5387 3012 5445 commonebat
3041 5401 3227 5458 saepe
3282 5388 3626 5461 discipulos

1978 5557 2284 5614 Macarius
2321 5555 2654 5627 Aegyptius
2693 5558 2718 5621 ς
2751 5552 2907 5607 XXIII
2930 5571 2947 5623 ;
2978 5553 3037 5609 in
3067 5554 3289 5608 harum
3328 5556 3636 5619 Quaestio.

1980 5663 2127 5704 num
2158 5645 2502 5718 Appendice
2531 5645 2717 5701 altera
2746 5639 2861 5695 sub
2886 5640 2971 5695 III.
