4092 6256
537 267 609 323 63
1416 264 1517 320 SS.
1557 261 2041 320 MACARIORUM
2081 259 2409 348 AEGYPTII
2450 262 2537 318 ET
2575 264 3061 322 ALEXANDBINI
3842 266 3903 321 64

537 416 684 459 suos
726 402 786 455 et
813 396 1071 454 docebat
1126 408 1233 452 eos
1276 394 1533 453 dicens:
1593 396 1959 453 Mementote
2023 405 2181 449 sem-
2212 391 2256 442 Α
2293 406 2401 451 nes
2442 397 2886 469 versionesque
2941 396 3196 466 habent,
3265 394 3397 453 sola
3462 394 3729 454 exhibet.
3798 396 3903 453 Po-

540 514 675 571 per,
740 495 887 567 quia
942 499 1079 550 ante
1131 498 1529 564 conspectum
1588 492 1829 550 Domini
1896 491 2182 561 omnipo-

539 595 724 653 tentis
797 590 1276 661 conversamini,
1339 591 1444 663 qui
1516 589 1818 663 ριόερὶρὶι
1894 589 2178 646 omnium

538 692 865 751 hominum
937 688 1339 759 cogitationes
1422 694 1481 744 et
1545 688 1931 759 singulorum
1992 685 2181 742 corda

537 795 869 847 scrutatur.
927 785 1101 852 Quod
1154 785 1341 841 etiam
1409 790 1469 841 et
1514 792 1761 841 sanctae
1819 781 2179 854 Scripturae

538 892 859 955 testantur,
904 890 964 940 et
1023 884 1354 953 Apostolus
1410 883 1590 939 docet
1646 888 1706 938 et
1753 881 1904 938 dicit
1946 897 1957 934 :
1996 880 2181 936 Vivus

536 990 630 1043 est
674 984 842 1040 enim
890 994 1096 1037 sermo
1152 980 1252 1036 Dei
1284 985 1344 1037 et
1373 980 1585 1037 efticax
1646 984 1700 1034 et
1740 980 1980 1035 acutior
2009 977 2179 1034 omni

537 1082 743 1155 gladio
774 1078 1028 1150 ancipiti
1061 1085 1121 1134 et
1174 1078 1526 1149 pertingens
1558 1092 1753 1148 usque
1806 1077 1881 1133 ad
1937 1076 2181 1132 animae

536 1179 906 1236 divisionem
962 1190 1030 1231 ac
1087 1176 1345 1246 spiritus
1396 1189 1768 1245 compagum
1818 1187 2070 1244 quosue
2122 1177 2183 1228 et

536 1276 980 1339 medullarum,
1023 1272 1325 1329 discretor
1364 1271 1808 1342 cogitationum
1863 1276 1922 1326 et
1974 1270 2184 1327 inten-

538 1374 778 1430 tionum
808 1370 1063 1434 cordis;
1099 1374 1158 1425 et
1206 1383 1326 1426 non
1372 1374 1461 1425 est
1516 1368 1641 1424 ulla
1695 1374 1980 1424 creatura
2028 1367 2183 1423 invi-

536 1469 740 1528 sibilis
768 1469 833 1525 in
876 1471 1211 1538 conspectu
1260 1466 1432 1535 eius;
1494 1465 1705 1523 omnia
1758 1469 1966 1521 autem
2017 1464 2182 1521 nuda

536 1574 597 1626 et
650 1573 864 1639 aperta
914 1571 1053 1622 sunt
1133 1564 1333 1621 oculis
1384 1563 1538 1620 eius.
1616 1563 1881 1635 ideoque
1939 1563 1989 1618 si
2046 1575 2177 1627 nos,

534 1667 778 1732 fratres,
832 1664 1168 1735 pulsaverit
1206 1662 1533 1719 delectatio
1591 1661 1796 1718 carnis
1847 1664 1907 1718 et
1958 1674 2185 1718 concu-

534 1764 835 1839 piscentia
918 1760 1365 1831 fornicationis,
1453 1760 1810 1816 festinemus
1873 1737 2252 1830 repellere3

531 1869 592 1921 et
622 1863 892 1920 abiicere
937 1861 1014 1917 de
1061 1858 1249 1917 corde
1304 1863 1515 1915 nostro
1568 1856 2068 1915 sordidissimam
2122 1861 2182 1913 et

533 1960 869 2034 pessimam
945 1957 1409 2029 cogitationem,
1488 1957 1843 2012 invocantes
1905 1953 2183 2010 intentis-

533 2060 691 2117 sime
754 2053 1135 2113 adiutorium
1192 2052 1435 2109 Domini
1496 2052 1688 2109 nostri
1757 2051 1899 2108 Jesu
1953 2051 2177 2108 Christi

534 2156 602 2213 in
635 2152 1027 2212 orationibus
1057 2166 1127 2207 ac
1158 2149 1429 2221 ieiuniis,
1464 2155 1531 2206 ut
1585 2148 1812 2205 virtute
1869 2148 2178 2218 potentiae

534 2266 683 2311 suae
712 2251 940 2322 eripiat
980 2262 1089 2305 nos
1139 2252 1199 2304 et
1247 2251 1526 2319 protegat
1574 2252 1633 2302 et
1680 2251 1952 2303 conterat
2012 2245 2179 2302 Sata-

533 2364 675 2408 nam
730 2348 847 2406 sub
902 2346 1168 2418 pedibus
1224 2344 1477 2401 nostris.
1560 2344 1811 2414 Oportet
1882 2356 2050 2414 ergo,
2115 2346 2178 2398 ut

533 2448 719 2505 etiam
778 2443 1192 2515 nosmetipsos
1250 2441 1625 2513 poenitendo
1700 2447 1761 2498 et
1822 2455 1856 2496 a
1911 2440 2179 2511 peccatis

533 2544 903 2603 abstinendo
952 2541 1390 2613 corripiamus,
1451 2540 1857 2610 dicamusque
1914 2538 1991 2595 ad
2049 2537 2179 2594 ani-

532 2657 700 2701 mam
759 2646 1034 2699 nostram
1092 2655 1104 2695 :
1164 2636 1467 2706 Quoniam
1535 2637 1862 2695 delectatio
1919 2636 2175 2708 quidem

531 2738 838 2811 corporis,
870 2751 1029 2809 quae
1078 2741 1135 2793 te
1164 2735 1327 2792 male
1375 2735 1663 2801 oblectat,
1724 2734 1801 2791 ad
1857 2734 2175 2791 modicum

531 2844 780 2910 tempus
822 2841 962 2902 est;
1014 2847 1157 2890 nam
1211 2837 1516 2889 tormenta
1572 2837 1631 2888 et
1692 2837 1808 2907 65
1863 2830 2179 2888 cruciatus

532 2935 775 2992 animae
818 2938 879 2990 et
921 2930 1206 3003 corporis
1254 2930 1317 2986 in
1359 2929 1500 3001 igne
1558 2935 1809 2985 aeterno
1861 2929 2177 3000 gehennae

528 3034 594 3092 in
666 3038 998 3105 perpetuas
1050 3033 1414 3101 permanent
1472 3040 1723 3098 poenas.
1782 3025 1940 3083 lllud
1989 3026 2175 3082 etiam

528 3132 932 3189 admonentes
1002 3126 1274 3185 animam
1335 3130 1609 3183 nostram
1682 3123 1963 3180 dicamus
2016 3140 2028 3178 :
2114 3120 2175 3178 Si

528 3228 850 3286 erubescis
902 3225 1188 3283 homines
1231 3223 1469 3279 similes
1522 3221 1608 3278 tui
1667 3226 2044 3294 peccatores,
2099 3233 2175 3275 ne

530 3325 778 3382 videant
808 3328 863 3379 te
905 3327 1284 3393 peccantem,
1347 3333 1539 3389 quare
1585 3332 1705 3374 non
1756 3317 1953 3387 magis
1996 3330 2174 3373 reve-

529 3421 656 3479 reri
684 3428 745 3477 et
773 3421 996 3475 timere
1046 3418 1236 3474 debes
1284 3417 1669 3472 maiestatem
1723 3415 1825 3470 Dei
1883 3413 2176 3485 omnipo-

527 3518 732 3585 tentis,
768 3516 875 3589 qui
924 3515 1206 3573 omnium
1264 3519 1498 3570 secreta
1550 3512 1836 3569 cordium
1897 3509 2177 3568 conside-

532 3621 649 3688 rat,
701 3616 859 3672 sicut
923 3618 983 3669 et
1037 3611 1368 3684 Apostolus
1417 3609 1499 3666 ait
1558 3627 1571 3667 :
1632 3609 1852 3667 Omnia
1904 3608 2071 3665 nuda
2117 3610 2177 3664 et

531 3719 747 3785 aperta
791 3716 934 3769 sunt
962 3708 1160 3766 oculis
1186 3710 1341 3765 eius.
1398 3706 1649 3764 Talibus
1680 3720 1829 3778 ergo
1856 3704 2178 3777 cogitatio-

529 3813 715 3868 nibus
767 3810 817 3866 si
895 3810 1290 3879 increpamus
1365 3805 1800 3876 nosmetipsos,
1880 3805 2176 3861 continuo

529 3910 720 3967 timor
748 3904 987 3965 Domini
1032 3904 1201 3960 venit
1225 3902 1286 3959 in
1317 3903 1507 3960 corde
1538 3908 1771 3968 nostro,
1805 3908 1865 3959 et
1891 3901 1954 3957 in
2007 3914 2178 3957 amo-

516 4021 663 4065 .rem
693 4004 991 4064 castitatis
1033 4000 1436 4059 conﬁrmatur
1464 3999 1671 4057 anima
1702 4006 1931 4066 nostra,
1987 3998 2174 4056 etiam

528 4111 589 4163 et
617 4106 692 4161 ad
749 4103 959 4161 omnia
1016 4105 1347 4172 praecepta
1398 4097 1639 4155 Domini
1690 4097 1970 4154 facienda
2022 4097 2175 4153 inci-

527 4209 757 4273 tamur,
790 4203 1117 4258 adiuvante
1150 4212 1260 4255 nos
1307 4197 1501 4268 gratia
1551 4195 1791 4253 Domini
1844 4195 2036 4253 nostri
2069 4195 2178 4252 Je-

528 4315 599 4358 su
644 4299 894 4365 Christi,
950 4297 1055 4368 qui
1111 4292 1529 4353 servientibus
1573 4293 1693 4350 sibi
1743 4294 1804 4348 in
1857 4291 2176 4349 sanctitate

528 4403 589 4456 et
643 4397 917 4454 castitate
975 4392 1264 4465 promisit
1314 4391 1603 4448 caelestia
1658 4395 1719 4446 et
1774 4395 2023 4447 aeterna
2069 4389 2175 4445 do-

526 4510 677 4555 nare
724 4494 786 4550 in
843 4492 949 4549 illa
993 4490 1261 4563 gloriosa
1320 4488 1512 4546 futuri
1564 4486 1793 4545 saeculi
1835 4486 1981 4558 vita,
2030 4500 2174 4543 cum

528 4592 763 4664 angelis
800 4590 1027 4648 sanctis
1080 4588 1143 4644 in
1190 4585 1478 4660 perpetui
1532 4585 1788 4643 luminis
1836 4583 2175 4655 splendore

527 4704 779 4762 semper
802 4688 1071 4761 gaudere
1102 4684 1215 4761 (t).
1262 4703 1292 4737 »

608 4789 679 4846 Et
732 4788 883 4843 haec
936 4784 1189 4857 quidem
1245 4781 1499 4854 antiqua
1554 4780 1759 4838 versio
1789 4781 1865 4838 de
1909 4780 2175 4837 Macario

526 4886 828 4959 Aegyptio
886 4890 1132 4955 praeter
1187 4895 1281 4947 ea,
1342 4894 1501 4952 quae
1556 4879 1802 4936 codices
1870 4877 2177 4935 Vindobo-

523 5000 745 5045 nenses
802 4989 862 5040 et
916 4987 1156 5039 ceterae
1207 4978 1512 5036 Historiae
1570 4976 1898 5035 Lausiacae
1951 4976 2177 5034 editio-

597 5176 675 5249 (1)
710 5174 821 5229 νυ.
852 5173 958 5226 PP.
986 5174 1175 5226 Rosw.
1211 5186 1267 5241 p.
1300 5170 1425 5233 99l,
1462 5174 1507 5222 l.

599 5268 677 5335 (2)
721 5264 804 5318 Cf.
858 5264 1061 5329 Evagr.
1105 5260 1305 5329 Capita
1350 5258 1630 5328 practica,
1665 5256 1852 5311 initio.
1904 5255 2176 5311 Galland.

524 5355 669 5412 Bibl.
704 5354 805 5407 pp.
839 5354 898 5407 τ.
936 5350 1026 5403 vn
1061 5364 1118 5420 p.
1156 5349 1277 5402 553.

596 5446 669 5515 (3)
692 5442 803 5497 vv.
838 5441 946 5497 PP.
982 5442 1184 5493 Rosw.
1213 5437 1317 5491 lib.
1345 5436 1390 5489 v
1420 5450 1556 5506 cap.
1582 5438 1645 5488 2t
1680 5448 1738 5505 p.
1762 5432 1889 5488 898.

596 5537 673 5603 (4)
707 5536 851 5603 Cap.
888 5533 976 5596 22,
1011 5528 1076 5581 17
1111 5527 1223 5580 VV.
1257 5525 1367 5580 PP.
1407 5526 1603 5578 Bosw.
1632 5538 1692 5593 p.
1731 5522 1885 5576 1001.

590 5623 666 5695 (5)
692 5620 813 5677 Lib.
841 5618 916 5675 Ill
946 5633 1079 5690 cap.
1120 5615 1189 5670 87
1222 5633 1236 5685 ;
1267 5615 1370 5670 lib.
1405 5614 1445 5667 V
1474 5610 1656 5667 libell.
1689 5614 1745 5681 4,
1784 5610 1878 5665 28.
1924 5610 2167 5667 Coteler.

2292 492 2516 549 sterior
2591 495 2961 567 exhortatio,
3042 508 3230 565 quam
3291 492 3630 559 attulimus,
3698 498 3813 551 tota
3880 508 3907 549 e

2292 596 2497 648 mente
2551 593 2795 649 Macarii
2877 591 3181 664 Aegyptii,
3264 606 3421 663 quae
3500 607 3573 649 ex
3656 590 3905 649 homiliis

2290 692 2701 760 cognoscitur,
2758 694 3054 761 concepta
3124 694 3234 746 est.
3322 689 3645 747 Humilitas
3722 694 3907 746 autem

2291 786 2520 852 cordis,
2615 788 2803 845 timor
2890 785 3152 853 Domini,
3244 786 3520 843 studium
3617 784 3906 849 castitatis,

2292 884 2630 955 praecipua
2704 886 2959 943 illorum
3059 884 3512 942 monachorum
3607 887 3913 956 praecepta

2292 980 2544 1038 fuerunt
2594 980 2703 1057 (2).
2764 985 2847 1040 Ac
2897 982 3300 1054 peccantibus
3332 982 3527 1053 magis
3566 983 3914 1039 erubescen-

2292 1077 2441 1134 dum
2517 1094 2652 1137 esse
2736 1085 2993 1152 propter
3079 1080 3269 1137 Deum
3349 1080 3911 1152 omnipraesentem,

2291 1190 2480 1246 quam
2540 1181 2796 1248 propter
2841 1178 3148 1242 homines,
3195 1174 3589 1234 meretricem
3630 1175 3914 1247 quandam

2292 1273 2600 1344 Ephraem
2628 1276 2815 1346 Syrus
2844 1274 3066 1347 insigni
3096 1273 3283 1332 modo
3309 1274 3557 1332 edocuit
3585 1273 3694 1349 (3).

2373 1371 2593 1438 Restat,
2652 1378 2717 1429 ut
2767 1371 3132 1429 sententiam
3184 1371 3454 1440 Macarii,
3509 1386 3666 1444 quae
3716 1368 3915 1428 ultimo

2293 1469 2582 1539 antiquae
2632 1470 2933 1527 versionis
2980 1469 3182 1541 capite
3239 1469 3487 1540 legitur,
3548 1470 3701 1527 hanc
3751 1467 3917 1525 adda-

2296 1578 2433 1621 mus
2466 1582 2478 1621 :
2521 1587 2541 1617 ι
2575 1566 2734 1622 Dixit
2762 1567 2955 1623 abbas
3005 1565 3305 1623 Macarius
3338 1583 3349 1620 :
3388 1566 3448 1623 Si
3479 1566 3750 1638 aliquem
3788 1578 3919 1622 cor-

2292 1662 2566 1733 ripueris
2613 1670 2965 1721 commotus
3012 1662 3086 1719 ad
3138 1664 3550 1728 iracundiam,
3615 1662 3919 1737 propriam

2293 1762 2642 1830 passionem
2692 1762 3023 1833 adimples.
3075 1761 3195 1818 Nec
3233 1761 3426 1828 enim,
3486 1767 3551 1819 ut
3599 1761 3787 1819 alium
3817 1760 3917 1817 sal-

2292 1873 2418 1931 ves,
2462 1859 2730 1930 teipsum
2783 1860 3046 1930 perdere
3104 1859 3314 1916 debes.
3365 1860 3526 1917 Erue
3581 1860 3919 1931 proximum

2291 1961 2467 2013 tuum
2498 1972 2530 2012 a
2580 1956 2844 2028 peccatis
2874 1955 3008 2013 sine
3048 1956 3459 2027 improperio,
3516 1959 3584 2013 in
3641 1960 3920 2029 quantum

2292 2054 2634 2125 praevales,
2678 2053 2824 2125 quia
2873 2054 2947 2110 ad
2995 2070 3059 2110 se
3112 2055 3264 2111 Deus
3326 2060 3755 2114 convertentes
3818 2066 3923 2110 non

2291 2151 2561 2223 proiicit.
2621 2152 2840 2209 Sermo
2887 2156 3094 2208 autem
3146 2152 3419 2209 malitiae
3478 2169 3602 2212 non
3658 2154 3924 2211 demore-

2289 2253 2391 2306 tur
2432 2249 2494 2305 in
2539 2250 2729 2308 corde
2775 2255 2881 2307 tuo
2912 2256 3125 2307 contra
3171 2264 3340 2317 eum,
3404 2256 3470 2309 ut
3524 2251 3726 2324 possis
3772 2250 3925 2306 dice-

2290 2362 2355 2404 re
2389 2362 2399 2402 :
2438 2346 2683 2403 Dimitte
2738 2347 2919 2404 nobis
2971 2348 3180 2404 debita
3239 2355 3470 2418 nostra,
3518 2350 3685 2407 sicut
3733 2353 3791 2405 et
3829 2360 3927 2403 nos

2288 2444 2663 2502 dimittimus
2710 2444 3104 2502 debitoribus
3153 2446 3400 2504 nostris.
3465 2447 3571 2504 Dei
3616 2452 3821 2504 autem
3850 2446 3928 2500 est

2288 2541 2602 2599 dimittere
2650 2548 2711 2599 et
2758 2543 3129 2599 conﬁrmare
3191 2540 3309 2609 66
3382 2544 3755 2615 Detitionem
3827 2554 3927 2598 no-

2288 2646 2479 2696 stram
2539 2637 2647 2713 (4).
2697 2660 2725 2692 ι)
2776 2639 2963 2697 Cuius
3027 2639 3285 2711 quidem
3352 2642 3697 2699 sententiae
3771 2638 3929 2713 prior

2289 2751 2433 2808 pars
2493 2736 2555 2793 in
2604 2736 2994 2794 collectionis
3048 2736 3362 2794 Rosweidi
3420 2737 3590 2796 libro
3644 2737 3826 2796 tertio
3880 2738 3930 2789 et

2289 2834 2505 2907 quinto
2559 2838 2745 2905 atque
2796 2834 2860 2890 in
2915 2833 3473 2906 Apophthegmatis
3532 2851 3568 2892 a
3629 2831 3929 2894 Cotelerio

2288 2931 2474 2989 editis
2527 2931 2749 3002 legitur
2826 2927 2933 3004 (5),
3003 2946 3266 3004 eamque
3336 2933 3589 2991 Macarii
3659 2927 3930 3007 Aegyptii

2288 3029 2652 3086 sententiam
2703 3043 2857 3095 esse,
2911 3044 2945 3087 e
3002 3028 3167 3087 libro
3219 3029 3438 3101 quinto
3499 3029 3587 3107 (6)
3621 3028 3937 3089 collectio-

2291 3126 2386 3183 nis
2419 3133 2610 3198 patet.

2368 3223 2484 3281 Sed
2537 3224 2660 3281 iam
2691 3223 2789 3289 iis,
2843 3238 3003 3296 quae
3057 3223 3293 3295 singula
3340 3224 3656 3285 Historiae
3710 3224 3937 3284 Lausia-

2286 3336 2393 3379 cae
2450 3321 2833 3393 exemplaria
2902 3321 2977 3378 de
3043 3321 3308 3379 Macario
3382 3324 3692 3396 Aegyptio
3771 3334 3937 3396 prae-

2288 3419 2453 3489 bent,
2503 3419 2786 3492 cognitis,
2820 3419 2897 3475 ad
2929 3434 3022 3483 ea,
3049 3434 3209 3490 quae
3242 3420 3318 3476 de
3374 3421 3648 3481 Macario
3684 3422 3939 3481 Alexan—

2287 3517 2471 3574 drino
2514 3531 2548 3573 a
2600 3516 2872 3574 Palladio
2923 3522 3273 3581 narrantur,
3328 3521 3788 3578 transeundum
3820 3523 3925 3573 est.

2900 3614 3139 3672 CAPUT
3218 3612 3316 3672 Ill.

2288 3727 2648 3769 PALLADIUS
2687 3726 2764 3766 DE
2799 3725 3047 3769 SANCTO
3094 3727 3388 3769 MACARIO
3432 3726 3929 3773 ALEXANDRINO.

2369 3812 2397 3884 ᾗ
2446 3811 2534 3865 t8.
2590 3808 2859 3866 Historia
2906 3809 3218 3882 Lausiaca,
3276 3825 3436 3882 quae
3506 3812 3571 3869 in
3629 3812 3944 3871 codicibus

2286 3906 2873 3965 Vindobonensibus
2929 3908 3175 3978 legitur,
3233 3913 3569 3979 postquam
3629 3912 3709 3969 de
3764 3910 3944 3967 Maca—

2287 4006 2382 4064 rio
2432 4004 2731 4077 Aegyptio
2789 4005 2893 4061 illa
2939 4004 3171 4076 retulit,
3232 4005 3314 4062 ita
3370 4009 3582 4082 pergit
3643 4021 3944 4068 narrare:

2293 4121 2315 4153 ι
2346 4102 2636 4158 Sanctum
2685 4116 2831 4158 vero
2865 4100 3199 4157 Macarium
3252 4103 3759 4163 Alexandrinum
3803 4116 3945 4161 con-

2287 4197 2447 4265 veni,
2505 4198 2611 4270 qui
2665 4199 2991 4270 presbyter
3033 4205 3164 4256 erat
3216 4198 3592 4275 Celliorum,
3646 4219 3810 4276 quae
3856 4199 3947 4257 di-

2285 4302 2530 4354 cuntur.
2586 4296 2649 4352 in
2695 4311 2853 4368 quae
2886 4311 3002 4369 ego
3049 4310 3269 4353 novem
3319 4311 3519 4357 annos
3576 4300 3834 4366 secessi,
3876 4309 3945 4354 ex

2285 4394 2515 4466 quibus
2583 4398 2706 4451 tres
2777 4407 3023 4451 mecum
3091 4393 3243 4451 vixit
3317 4393 3423 4452 ille
3497 4399 3812 4457 Macarius
3889 4396 3945 4452 in

2283 4492 2491 4564 quiete
2551 4491 2798 4563 degens.
2876 4493 3071 4563 Atque
3132 4491 3252 4547 alia
3301 4492 3565 4564 quidem
3626 4497 3764 4569 ipse
3822 4492 3943 4552 vidi

2283 4589 2448 4661 apud
2491 4602 2635 4645 eum
2684 4589 2958 4659 optimae
2988 4588 3123 4645 eius
3164 4588 3408 4645 vivendi
3443 4594 3718 4651 rationis
3756 4606 3943 4666 opera

2281 4691 2343 4744 et
2386 4687 2581 4757 signa,
2614 4686 2733 4741 alia
2781 4686 2859 4742 ab
2890 4685 2987 4753 iis,
3021 4686 3127 4757 qui
3176 4701 3299 4743 una
3327 4701 3473 4745 cum
3518 4705 3600 4749 eo
3633 4692 3940 4759 vixerunt,

2282 4784 2498 4855 didici,
2553 4783 2673 4840 alia
2730 4782 2999 4855 denique
3048 4799 3080 4839 a
3133 4784 3586 4856 compluribus
3645 4790 3791 4847 aliis
3848 4802 3949 4845 au~

2284 4882 2410 4939 divi
2483 4881 2850 4939 Exercitatio
2899 4881 3087 4952 igitur
3137 4882 3383 4939 Macarii
3440 4889 3681 4958 magni,
3734 4892 3801 4945 ut
3843 4897 3949 4958 ego

2285 4986 2345 5037 et
2401 4977 2577 5036 multi
2637 4979 2802 5050 apud
2846 4992 2990 5035 eum
3047 4978 3409 5053 didicimus,
3471 4980 3635 5041 haec
3693 4986 3833 5043 fuit.
3894 4981 3950 5040 Si

2286 5169 2435 5223 Eccl.
2473 5170 2676 5224 Graec.
2721 5170 2871 5221 Mon.
2905 5166 2971 5223 T.
3004 5169 3027 5224 Ι
3064 5185 3124 5239 ρ.
3156 5168 3261 5222 586
3303 5188 3348 5223 s.
3396 5186 3449 5225 v.
3482 5172 3811 5231 Macarius
3855 5177 3958 5229 Ae-

2285 5259 2523 5327 gyptius
2557 5257 2741 5321 §XVIl
2768 5273 2781 5321 ;
2817 5258 2874 5310 in
2900 5257 3113 5311 harum
3146 5258 3581 5321 Quaestionum
3612 5263 3959 5336 Appendice

2287 5346 2472 5401 altera
2500 5346 2611 5399 sub
2646 5344 2738 5401 IlI.

2358 5434 2436 5504 (6)
2474 5434 2590 5487 Lib.
2624 5435 2665 5484 V
2704 5432 2884 5487 libell.
2918 5437 2969 5497 4,
3013 5436 3078 5488 28
3105 5435 3287 5505 legis:
3336 5459 3355 5485 ‹
3396 5437 3555 5493 Dixit
3588 5441 3735 5497 item
3786 5444 3962 5497 Maca-

2285 5522 2408 5578 rius
2442 5538 2455 5587 ;
2492 5543 2512 5569 ι
2546 5523 2648 5576 sed
2668 5523 2859 5593 capite
2885 5524 3273 5580 antecedente
3295 5525 3370 5580 de
3395 5544 3423 5577 ‹(
3445 5527 3719 5586 Macario
3741 5529 3965 5587 maiore

2284 5612 2351 5667 in
2381 5609 2579 5667 Scitlu'
2607 5629 2635 5663 »
2663 5615 2962 5668 narratur.
