4092 6256
165 290 230 348 65
1764 284 2005 345 VITAE.
3503 290 3574 350 66

166 420 325 494 quod
414 432 575 492 opus
657 417 1122 477 exercitationis
1177 419 1452 493 aliquem
1524 416 2285 491 unquamApotestatem
2356 420 2421 476 in
2496 420 2794 493 Aegypto,
2869 425 3153 492 tempore
3203 422 3365 479 vitae
3420 437 3573 480 suae

166 517 379 576 fecisse
446 516 750 587 audierat,
806 516 975 574 idem
1033 517 1280 574 efficere
1330 518 1618 575 ardenter
1675 522 1806 575 stu-

166 616 314 674 duit.
373 614 487 672 Hic
524 613 716 687 igitur
768 620 1036 682 sanctus,
1097 630 1294 687 quum
1346 615 1665 687 audiisset,
1699 616 1810 671 Ta-

164 712 555 772 bennesiotas
608 727 722 784 per
792 717 984 771 totam
1043 714 1589 786 quadragesimam
1641 712 1809 770 nulla

160 827 224 869 re
265 810 452 880 vesci,
513 825 674 883 quae
744 810 871 883 igni
947 812 1195 869 admota
1247 816 1427 878 esset,
1480 811 1694 869 statuit
1751 816 1811 867 et

155 910 289 982 ipse
346 907 677 981 septennio
747 908 928 978 nihil,
989 910 1160 982 quod
1216 924 1329 982 per
1365 911 1571 981 ignem
1617 914 1812 966 trans-

155 1007 348 1077 iisset,
410 1006 766 1074 comedere,
826 1012 885 1065 et
932 1013 1173 1080 septem
1211 1008 1390 1065 annis
1445 1007 1601 1065 nihil
1641 1005 1809 1063 aliud

155 1105 446 1179 gustavit,
471 1104 591 1163 nisi
622 1104 817 1163 cruda
860 1104 1053 1171 olera,
1089 1112 1150 1162 et
1206 1105 1256 1163 si
1315 1121 1473 1178 quae
1513 1106 1673 1162 forte
1721 1104 1811 1160 in-

157 1205 427 1261 venisset
482 1202 795 1276 legumina
846 1203 1219 1261 humectata.
1304 1204 1383 1261 De
1426 1203 1549 1261 alio
1602 1202 1813 1259 audie-

152 1307 269 1368 rat,
323 1300 437 1373 qui
486 1299 715 1358 libram
772 1300 951 1372 panis
988 1300 1386 1373 comederet;
1446 1315 1642 1373 quare
1687 1300 1811 1357 fre-

152 1400 260 1472 git,
293 1412 462 1471 quae
518 1398 760 1470 habuit,
803 1397 1145 1455 buccellata
1175 1403 1235 1455 et
1270 1398 1331 1455 in
1382 1399 1661 1471 lagenam
1699 1397 1813 1454 im-

152 1496 349 1566 misit,
437 1498 714 1554 statuens
790 1500 1027 1553 tantum
1109 1497 1464 1566 comedere,
1511 1501 1812 1568 quantum

154 1609 384 1654 manus
452 1593 654 1667 ipsius
711 1607 959 1651 sursum
1009 1594 1269 1652 tulisset.
1327 1594 1538 1665 Magna
1606 1599 1814 1651 autem

1916 532 1991 574 ex
2050 517 2367 589 quadratis
2459 518 2775 590 lapidibus
2853 523 3335 578 construxerunt
3417 521 3573 578 illud

1916 629 2098 687 opus,
2144 616 2207 673 in
2252 630 2377 688 quo
2426 622 2900 676 monumentum
2951 618 3249 688 fecerunt,
3300 622 3360 676 et
3400 617 3574 675 mul—

1918 718 2053 770 tum
2123 712 2257 771 auri
2308 714 2754 785 deposuerunt,
2821 715 3025 773 omnis
3082 730 3334 788 quoque
3394 730 3576 789 gene-

1921 811 2006 868 ris
2031 811 2289 870 arbores
2330 813 2710 886 plantarunt,
2743 818 2803 871 et
2842 818 3102 886 puteum
3154 829 3352 888 aquae
3373 815 3575 872 maxi-

1921 922 2095 966 mum
2164 909 2474 976 foderunt,
2546 914 2870 981 sperantes
2962 911 3219 984 quidem
3298 911 3451 984 fore,
3508 916 3575 969 ut

1922 1011 2060 1079 post
2140 1021 2323 1064 suum
2400 1007 2545 1065 hinc
2622 1008 2773 1066 illuc
2828 1008 3169 1067 discessum
3221 1010 3575 1067 fruerentur

1922 1103 2166 1162 deliciis
2219 1105 2279 1161 in
2335 1106 2454 1162 hoc
2504 1105 2815 1177 paradiso.
2868 1106 3096 1164 Servus
3125 1107 3314 1179 igitur
3345 1107 3570 1165 Christi

1922 1202 2225 1260 Macarius
2276 1216 2470 1275 quum
2526 1203 2714 1275 viam,
2762 1219 2923 1277 quae
2981 1205 3057 1262 ad
3112 1204 3277 1262 hunc
3320 1206 3573 1263 hortum

1922 1300 2113 1368 ducit,
2161 1300 2497 1372 ignoraret,
2558 1302 2687 1359 sola
2763 1302 3123 1374 conjectura
3181 1310 3431 1360 secutus
3483 1307 3574 1359 est

1922 1403 2108 1468 astra,
2152 1399 2311 1455 sicut
2362 1403 2607 1465 nautae,
2667 1398 2773 1471 qui
2854 1400 3052 1457 maria
3110 1400 3562 1458 transmittunt.

1922 1494 2024 1553 Sic
2098 1500 2286 1553 totam
2362 1496 2632 1567 pervasit
2695 1495 3119 1555 solitudinem.
3184 1498 3571 1556 Fasciculum

1924 1608 2073 1652 vero
2126 1594 2505 1653 arundinum
2563 1593 2786 1664 tenuit,
2838 1609 2911 1652 ex
2983 1595 3214 1667 quibus
3264 1610 3452 1653 unam
3512 1595 3575 1652 in

148 1694 312 1752 haec
381 1705 637 1764 quoque
720 1690 834 1749 fuit
902 1690 1304 1749 continentia.
1380 1692 1530 1749 Nam
1606 1692 1817 1750 festive

150 1789 341 1850 nobis
386 1789 687 1847 narrabat
742 1805 755 1844 :
811 1788 994 1846 Plura
1042 1789 1298 1861 quidem
1348 1791 1541 1847 frusta
1597 1804 1818 1862 appre-

145 1888 539 1956 hendebam,
570 1885 677 1944 sed
731 1885 953 1944 efferre
1011 1901 1134 1944 non
1173 1893 1453 1959 poteram
1504 1888 1586 1945 ob
1633 1901 1819 1960 angu-

148 1986 344 2045 stiam
432 1984 778 2043 foraminis.
864 1983 1239 2042 Publicanus
1321 1984 1513 2056 enim,
1592 1985 1814 2057 inquit,

148 2084 317 2142 mihi
379 2097 507 2140 non
539 2082 938 2153 permittebat
986 2082 1248 2140 omnino
1293 2088 1407 2158 67
1459 2098 1581 2140 non
1632 2084 1815 2140 vesci.

149 2181 254 2240 Sic
306 2181 503 2253 igitur
553 2185 680 2238 tres
728 2194 923 2237 annos
956 2180 1218 2253 peregit,
1267 2186 1534 2251 quatuor
1563 2181 1820 2253 quidem

146 2279 253 2336 vel
338 2279 625 2351 quinque
692 2276 910 2335 uncias
981 2278 1316 2336 comedens
1376 2283 1436 2336 et
1504 2278 1822 2336 modicum

152 2390 367 2449 aquae
444 2375 686 2433 bibens.
776 2374 904 2432 Olei
1000 2381 1206 2433 autem
1295 2376 1633 2434 sextarium
1695 2381 1823 2434 toto

151 2488 329 2531 anno
382 2472 453 2529 in
494 2472 861 2529 alimentum
931 2475 1364 2532 consumebat.
1450 2473 1669 2532 Statuit
1715 2475 1823 2531 ali-

151 2569 430 2643 quando
460 2584 757 2641 superare
788 2584 1100 2637 somnum,
1161 2576 1228 2628 ut
1256 2571 1391 2644 ipse
1440 2572 1622 2630 nobis
1679 2585 1824 2629 nar-

146 2668 364 2725 ravit:
457 2667 622 2725 Totis
686 2666 899 2740 viginti
969 2666 1194 2726 diebus
1257 2675 1317 2726 et
1377 2669 1665 2728 noctibus
1707 2669 1826 2727 sub

141 2771 398 2825 tectum
482 2779 604 2823 non
656 2779 794 2823 sum
841 2765 1174 2839 ingressus,
1226 2767 1498 2826 interdiu
1566 2768 1824 2840 quidem

139 2869 333 2923 aestu
368 2863 631 2937 urebar,
686 2869 873 2922 noctu
919 2878 1068 2922 vero
1116 2865 1274 2922 febri
1315 2865 1615 2938 rigebam.
1651 2866 1827 2935 Quod
1937 2873 2187 2926 autem:
2246 2864 2384 2927 Ubi.
2439 2865 2666 2936 inquit,
2721 2864 2796 2921 ad
2861 2864 3112 2921 hortum
3172 2864 3434 2936 propius
3489 2878 3588 2921 ac-

139 2963 271 3022 nisi
327 2965 572 3020 tectum
620 2961 806 3020 citius
837 2977 1037 3020 essem
1090 2963 1425 3035 ingressus,
1477 2964 1822 3037 inquiebat,
1937 2962 2116 3030 cessi,
2177 2978 2251 3021 ex
2308 2976 2383 3020 eo
2431 2961 2661 3034 egressi
2741 2966 2883 3019 sunt
2928 2962 3213 3034 mihique
3291 2975 3588 3019 occurre-

134 3068 202 3121 et
234 3074 484 3120 somno
528 3075 677 3118 usus
724 3074 950 3127 essem,
1009 3062 1344 3119 cerebrum
1398 3062 1481 3119 ita
1536 3062 1690 3119 mihi
1735 3078 1826 3119 es-
1861 3098 1902 3156 α
1940 3069 2085 3120 runt
2128 3060 2514 3133 septuaginta
2564 3060 2693 3117 fere
2758 3059 3094 3117 daemones
3149 3058 3338 3116 variis
3368 3058 3588 3115 formis

131 3165 236 3220 set
263 3158 652 3225 arefactum,
687 3164 775 3227 ut,
830 3158 984 3230 quin
1029 3159 1092 3215 in
1138 3160 1398 3217 ecstasin
1447 3174 1685 3231 agerer,
1724 3176 1828 3232 pa-
1939 3159 2227 3232 praediti,
2276 3158 2383 3215 alii
2427 3157 2682 3229 quidem
2727 3156 3085 3222 clamantes,
3149 3156 3255 3213 alii
3310 3170 3458 3213 vero
3488 3170 3589 3212 ex-

129 3272 293 3317 rum
354 3257 629 3313 abesset.
677 3255 750 3313 Et
804 3260 1130 3328 quantum,
1186 3256 1411 3329 inquit,
1446 3257 1510 3314 in
1542 3271 1641 3314 me
1691 3258 1827 3331 fuit,
1938 3258 2235 3323 silientes,
2267 3256 2370 3314 alii
2420 3269 2565 3313 cum
2621 3269 2851 3329 magno
2895 3254 3151 3312 fremitu
3202 3253 3265 3310 in
3316 3267 3417 3311 me
3438 3253 3587 3310 den-

128 3355 265 3415 vici
364 3367 694 3423 somnum,
767 3357 1069 3425 quantum
1151 3368 1311 3427 opus
1380 3359 1496 3422 est,
1571 3353 1829 3413 nat’urae
1937 3356 2106 3415 tibus
2144 3355 2495 3413 stridentes.
2531 3352 2731 3410 Ceteri
2789 3356 3087 3425 tanquam
3144 3351 3315 3410 corvi
3368 3350 3590 3410 volan-

132 3452 547 3512 concedens.
1937 3460 2030 3513 tes
2082 3453 2392 3512 audebant
2437 3450 2634 3509 vultui
2698 3464 2840 3509 meo
2888 3450 3186 3508 insultare
3240 3449 3521 3507 dicentes
3570 3463 3583 3505 :

228 3572 255 3603 ι
292 3549 521 3620 Quum
559 3547 661 3605 hic
713 3553 961 3607 sanctus
1014 3563 1197 3608 mane
1251 3550 1313 3608 in
1353 3549 1512 3608 cella
1558 3552 1822 3619 sederet,
1937 3552 2094 3621 Quid
2121 3552 2233 3624 vis,
2295 3550 2541 3620 Macari,
2586 3549 2841 3606 tentatio
2870 3548 3323 3605 monachorum
3360 3545 3389 3602 ?
3430 3544 3588 3615 Quid

122 3652 197 3709 in
263 3647 450 3722 pede
507 3660 652 3705 eum
695 3648 873 3705 culex
928 3648 1209 3721 pupugit,
1273 3663 1485 3721 quem,
1529 3650 1828 3722 sanguine
1938 3651 2012 3708 ad
2054 3664 2166 3707 nos
2204 3647 2513 3707 accessisti
2544 3645 2575 3705 εἴ
2609 3646 2694 3703 An
2751 3660 2862 3703 nos
2914 3654 3165 3717 quoque
3204 3648 3417 3702 contra
3474 3644 3585 3704 ali-

121 3751 542 3813 saturatum,
620 3744 837 3803 dolore
910 3750 1116 3805 tactus
1158 3761 1345 3804 manu
1399 3747 1584 3805 elisit.
1646 3748 1827 3807 Dein-
1938 3763 2096 3821 quos
2150 3746 2601 3805 monachorum
2668 3741 3006 3800 machinati
3063 3757 3280 3800 sumus
3320 3740 3351 3801 ‘2
3420 3741 3586 3811 Quae

120 3861 292 3919 ceps
357 3856 529 3901 vero
571 3856 637 3900 se
714 3843 1142 3916 reprehendit,
1195 3845 1302 3916 qui
1355 3859 1419 3903 se
1464 3846 1599 3918 ipse
1664 3847 1830 3905 ultus
1936 3852 2147 3904 nostra
2203 3850 2366 3910 sunt,
2426 3844 2617 3900 habes
2650 3841 2780 3899 illic
2824 3855 2969 3899 cum
3000 3840 3086 3898 tui
3119 3840 3454 3905 similibus,
3491 3853 3589 3897 so-

122 3948 332 4011 esset,
408 3954 614 4012 seque
708 3941 1169 4014 condemnavit,
1215 3947 1280 4000 ut
1327 3944 1573 4002 sederet
1627 3945 1830 4002 nudus
1938 3944 2269 4003 litudinem
2340 3942 2501 4011 dico,
2550 3954 2584 3998 e
2643 3953 2764 4010 qua
2834 3944 3123 4010 cognatos
3188 3945 3432 3996 nostros
3496 3938 3588 3994 fu-

121 4059 243 4102 sex
325 4053 603 4098 menses
686 4038 750 4096 in
825 4039 1050 4112 palude
1127 4040 1341 4111 Scetis,
1404 4056 1565 4114 quae
1618 4047 1711 4101 est
1765 4043 1830 4100 in
1936 4041 2209 4117 gavistis.
2277 4040 2506 4096 Tecum
2576 4036 2733 4093 nihil
2800 4049 3133 4093 commune
3217 4034 3582 4091 habemus:

121 4146 313 4200 vasta
382 4136 766 4196 solitudine.
812 4137 928 4196 Ubi
986 4137 1219 4196 culices
1244 4145 1500 4210 possunt
1524 4139 1618 4197 vel
1650 4155 1829 4212 apro-
1940 4140 2090 4213 quid
2124 4143 2333 4196 nostra
2362 4138 2499 4193 loca
2546 4131 2951 4205 ingrederis?
3002 4132 3390 4190 Anachoreta
3436 4144 3590 4189 con-

122 4253 285 4299 rum
369 4234 589 4311 pelles
639 4235 942 4307 sauciare,
977 4250 1173 4309 quum
1215 4236 1337 4294 sint
1388 4252 1585 4311 aeque
1624 4238 1829 4311 magni
1940 4247 2143 4302 tentus
2177 4242 2307 4294 esto
2360 4232 2719 4291 solitudine.
2779 4229 2893 4299 Qui
2947 4229 3113 4287 hunc
3167 4229 3375 4288 locum
3424 4228 3590 4287 aedi-

122 4343 199 4399 ut
235 4348 527 4409 vespae.
572 4333 665 4391 Ab
709 4332 789 4390 iis
838 4333 1028 4407 igitur
1059 4340 1223 4393 totus
1264 4334 1347 4392 ita
1377 4336 1687 4394 sauciatus
1716 4343 1826 4407 est,
1942 4341 2224 4405 ﬁcarunt,
2258 4347 2403 4390 eum
2457 4330 2636 4388 nobis
2687 4328 3105 4401 adsignarunt.
3178 4327 3306 4385 Non
3356 4326 3592 4399 poteris

117 4440 300 4495 utet
330 4429 565 4492 aculei
624 4429 689 4487 in
730 4436 859 4489 toto
904 4446 1170 4504 corpore
1201 4431 1400 4506 ipsius
1448 4434 1829 4506 viderentur,
1867 4453 1909 4507 ι)
1942 4437 2044 4496 hic
2119 4446 2391 4491 manere.
2468 4427 2623 4497 Quid
2715 4425 2965 4499 quaeris
3051 4424 3292 4497 ingredi
3354 4425 3586 4497 locum,

114 4550 199 4595 ac
254 4527 587 4593 nonnulli
666 4529 1014 4599 crederent,
1098 4530 1507 4602 elephantiasi
1556 4547 1701 4591 eum
1750 4534 1835 4589 la—
1943 4547 2134 4608 quem
2177 4543 2362 4588 nemo
2413 4526 2763 4591 hominum,
2807 4524 2915 4596 qui
2959 4522 3267 4595 vixerunt,
3322 4537 3395 4580 ex
3465 4536 3591 4595 quo

115 4634 406 4693 borare.
469 4626 823 4685 Reversum
868 4640 1017 4685 vero
1075 4626 1139 4685 in
1198 4629 1489 4687 cellulam
1530 4644 1707 4688 suam
1760 4645 1835 4688 ex
1946 4640 2229 4704 tempore
2322 4627 2567 4695 fratres,
2643 4622 2752 4695 qui
2819 4635 2965 4679 eum
3061 4621 3500 4691 condiderunt,
3556 4636 3592 4679 a

111 4733 265 4794 sola
300 4742 483 4789 voce
508 4729 940 4797 cognoverunt
965 4724 1302 4784 Macarium
1334 4741 1489 4785 esse.
1946 4730 2129 4790 nobis
2199 4727 2303 4786 hic
2362 4722 2587 4797 sepulti
2663 4725 2825 4787 sunt,
2887 4724 2979 4777 est
3030 4718 3389 4791 ingressus?
3444 4719 3591 4778 San-

203 4847 247 4888 ς
300 4823 554 4899 Cupiit
603 4821 969 4895 aliquando,
1021 4828 1090 4881 ut
1142 4824 1325 4883 nobis
1364 4824 1499 4898 ipse
1537 4826 1835 4899 narravit,
1947 4834 2080 4889 ctus
2140 4846 2152 4885 :
2204 4827 2428 4895 Quum,
2476 4820 2699 4886 aiebat,
2744 4818 3012 4876 multum
3064 4817 3323 4890 insuper
3369 4818 3593 4876 turba-

110 4925 396 5005 ingredi
495 4925 1007 4988 monumentum.
1080 4923 1247 4994 quod
1323 4921 1553 4982 dicitur
1610 4922 1838 4979 κηποτά-
1948 4932 2087 4986 rent
2144 4924 2758 4989 lamentarenturque
2827 4916 3184 4986 daemones,
3239 4915 3368 4973 dixi
3431 4931 3445 4971 :
3498 4914 3593 4973 In-

114 5044 242 5098 φιον
290 5027 566 5086 Jannes
609 5021 670 5075 et
711 5017 996 5077 Jambres
1035 5034 1386 5092 magorum,
1439 5022 1546 5094 qui
1589 5022 1839 5082 fuerunt
1946 5024 2196 5099 grediar
2279 5023 2541 5086 tantum,
2626 5014 2875 5079 videbo,
2952 5016 3012 5069 et
3071 5012 3217 5070 hinc
3276 5013 3588 5071 recedam.

111 5131 448 5200 tempore
505 5115 875 5185 Pharaonis,
938 5117 1189 5176 videndi
1254 5134 1462 5191 causa,
1534 5127 1638 5177 aut
1698 5121 1838 5180 dae-
1950 5124 2288 5180 Daemones
2374 5136 2386 5173 :
2471 5114 2619 5181 Hoc,
2695 5110 3006 5183 inquiunt,
3078 5109 3259 5168 nobis
3303 5110 3597 5181 promitte

115 5237 391 5294 mones,
453 5215 584 5290 qui
629 5213 722 5272 ibi
766 5219 933 5285 sunt,
985 5216 1417 5276 conveniendi.
1468 5217 1840 5277 Dicebantur
1947 5220 2011 5279 in
2069 5212 2446 5277 conscientia
2495 5215 2619 5269 tua.
2677 5208 2748 5266 Et
2805 5221 3001 5278 quum
3055 5205 3348 5264 dixissem
3408 5228 3419 5263 :
3474 5208 3599 5265 Hoc

116 5321 303 5381 enim
358 5311 582 5377 multi
630 5310 805 5384 iique
849 5311 1086 5370 feroces
1128 5312 1216 5370 ibi
1263 5314 1343 5372 ab
1386 5312 1509 5372 illis
1552 5315 1837 5373 collocati
1951 5314 2196 5382 faciam,
2254 5310 2580 5369 confestim
2654 5310 3059 5363 evanuerunt.
3121 5304 3433 5374 Ingressus
3492 5303 3605 5375 igi—

118 5435 264 5479 esse
330 5418 717 5477 daemones
769 5423 884 5482 per
937 5410 1367 5469 excellentiam
1417 5413 1691 5486 magicae
1746 5430 1841 5472 ar-
1952 5421 2076 5484 tur,
2123 5411 2350 5476 aiebat,
2432 5406 2558 5464 vidi
2630 5401 2863 5461 omnia.
2937 5401 3051 5460 Ubi
3127 5400 3337 5458 inveni
3382 5400 3606 5458 cadum

120 5519 228 5587 tis,
281 5530 431 5591 qua
484 5507 744 5585 primas
786 5522 1037 5581 quoque
1094 5508 1204 5568 illo
1284 5514 1569 5585 tempore
1638 5518 1844 5584 partes
1956 5524 2240 5579 aeneum,
2301 5511 2514 5564 catena
2569 5500 2773 5560 ferrea
2829 5499 3210 5568 pednentem
3261 5510 3337 5553 ex
3391 5500 3603 5569 puteo,

123 5617 308 5691 apud
390 5612 811 5672 Pharaonem
877 5606 1253 5666 habuerunt.
1335 5608 1448 5679 Qui
1531 5609 1617 5668 ita
1681 5609 1843 5669 nacti
1956 5610 2067 5669 sed
2140 5611 2426 5681 tempore
2477 5599 2947 5668 consumptum,
3006 5599 3067 5653 et
3123 5591 3369 5648 fructus
3408 5592 3614 5650 malo—

1926 1706 2306 1764 unoquoque
2354 1694 2474 1765 63
2531 1692 2789 1749 milliari
2828 1697 3120 1764 tanquam
3170 1693 3413 1765 signum
3462 1707 3576 1765 po-

1928 1790 2072 1861 suit,
2149 1790 2327 1847 cuius
2386 1804 2506 1861 ope
2610 1795 2941 1848 remearet.
3031 1790 3260 1848 Novem
3354 1791 3579 1849 diebus

1931 1902 2128 1962 prope
2180 1887 2361 1945 illum
2435 1888 2684 1946 hortum
2733 1888 2919 1953 venit,
2979 1892 3039 1945 et
3086 1893 3265 1946 nocte
3322 1902 3578 1961 oppres-

1930 2001 2034 2043 sus
2081 1999 2303 2057 parum
2353 1985 2677 2043 dormivit.
2751 1984 3084 2057 improbus
3122 2001 3270 2044 vero
3313 1986 3577 2044 daemon

1932 2084 2268 2141 arundines
2307 2082 2445 2140 illas
2494 2083 2785 2141 collectas
2836 2083 2911 2141 ad
2961 2091 3148 2156 caput
3182 2084 3318 2143 eius
3347 2084 3575 2156 posuit,

1933 2182 2192 2238 fortasse
2282 2180 2384 2237 Dei
2466 2183 2778 2253 permissu
2852 2180 2928 2237 ad
3002 2181 3306 2239 maiorem
3385 2179 3580 2239 sancti

1933 2271 2465 2345 eXercitationem,
2523 2293 2600 2335 ne
2668 2279 2728 2335 in
2828 2279 3245 2337 arundinibus
3316 2279 3585 2338 ducibus

1934 2392 2108 2449 spem
2139 2391 2313 2434 suam
2372 2376 2651 2442 haberet,
2687 2376 2794 2433 sed
2835 2377 3031 2448 magis
3082 2377 3145 2434 in
3203 2377 3396 2450 gratia
3455 2377 3580 2444 Dei,

1934 2475 2044 2548 qui
2104 2489 2215 2547 per
2252 2474 2609 2532 columnam
2654 2474 2814 2546 ignis
2863 2478 2925 2530 et
2969 2475 3152 2532 nubis
3180 2474 3588 2547 quadraginta

1935 2588 2129 2631 annos
2191 2572 2254 2629 in
2314 2572 2430 2629 ista
2483 2571 2818 2630 solitudine
2868 2573 3169 2643 populum
3228 2573 3413 2630 Israel
3460 2585 3583 2629 non

1935 2670 2332 2731 obedientem
2365 2675 2423 2726 et
2478 2674 2923 2741 repugnantem
2987 2668 3264 2727 deduxit.
3318 2670 3586 2743 Surgens

1937 2769 2125 2841 igitur
2208 2765 2546 2824 arundines
2628 2765 2947 2837 colligatas
3024 2766 3281 2824 invenit.
3329 2766 3586 2824 Sanctus

1847 1754 1887 1807 B

453 5779 723 5834 PATROL.
763 5770 869 5831 Gn.
910 5774 1162 5832 XXXIV.

3299 5747 3342 5795 3
