4092 6256
514 294 582 348 67
1390 289 1495 346 SS.
1554 280 2384 365 MACABIORUMAEGYPTI
2428 283 2507 341 ET
2548 282 3042 340 ALEXANDRINI
3829 280 3900 339 68

489 436 635 480 rum
666 420 996 490 siccarum,
1038 432 1197 492 quae
1246 419 1617 478 intrinsecus
1661 433 1891 477 vacuae
1929 420 2124 476 erant.
2163 414 2209 467 Α
2240 414 2429 472 misit.
2480 414 2645 483 Quae
2678 414 2955 487 propriis
3008 413 3276 487 pedibus
3314 426 3616 486 regressa,
3672 413 3900 486 capio-

488 518 745 577 Sanctus
819 516 1008 589 igitur
1084 531 1279 588 quum
1360 518 1590 590 absque
1663 516 2131 591 perturbatione

489 615 662 673 illinc
718 614 1090 681 recessisset,
1170 629 1281 686 per
1343 615 1556 688 viginti
1615 616 1749 673 dies
1806 612 2126 671 remeavit.

488 712 886 784 Consumptis
960 726 1105 768 vero
1174 712 1431 769 cibariis
1502 712 1901 770 solitudinem
1957 725 2133 784 pera-

489 824 671 883 grans
719 822 915 882 paene
965 808 1120 866 nihil
1177 811 1436 868 omnino
1474 810 1758 882 gustavit,
1812 810 1982 882 quod
2034 823 2135 865 res

489 920 739 980 quoque
771 906 1057 978 probavit
1090 922 1103 976 ;
1138 912 1321 979 atque
1380 913 1605 966 tentata
1662 913 1753 965 est
1808 906 2134 964 tolerantia

489 1004 642 1063 eius.
704 1003 905 1072 Quum
966 1019 1109 1062 vero
1181 1004 1305 1061 iam
1379 1020 1601 1075 parum
1662 1007 1925 1077 abesset,
1980 1004 2135 1076 quin

488 1102 929 1172 collaberetur,
984 1103 1039 1158 ei
1120 1102 1246 1159 visa
1294 1108 1385 1160 est
1443 1118 1635 1161 unum
1686 1104 1813 1160 fere
1866 1101 2134 1159 stadium

486 1199 720 1257 distans
752 1199 960 1271 puella
999 1200 1306 1271 quaedam
1338 1196 1457 1266 69
1489 1201 1725 1258 munda
1781 1201 1945 1257 linea
1970 1204 2135 1255 veste

484 1297 720 1366 induta,
777 1311 936 1369 quae
988 1310 1213 1353 urnam
1281 1300 1530 1355 tenebat
1577 1313 1737 1371 aqua
1793 1297 2134 1355 stillantum

485 1401 669 1466 atque
726 1408 871 1451 eum
945 1397 1341 1467 provocabat.
1404 1397 1551 1453 Tres
1610 1396 1796 1467 igitur
1856 1394 1987 1451 dies
2043 1394 2135 1450 in-

481 1505 726 1564 gressus
755 1506 891 1547 eam
962 1492 1130 1558 vidit,
1184 1507 1386 1564 neque
1442 1494 1687 1565 assequi
1749 1493 2136 1565 potuit;3pe

482 1594 689 1647 autem
774 1589 1031 1647 bibendi
1129 1588 1487 1662 languorem
1580 1590 1893 1648 sustinuit.
1998 1590 2134 1647 Post

480 1700 668 1758 quam
727 1689 1017 1759 apparuit
1068 1688 1405 1746 multitudo
1472 1689 1855 1747 bubalorum
1885 1705 1899 1755 ;
1954 1701 2132 1760 repe-

482 1784 729 1842 riuntur
780 1785 948 1841 enim
1006 1784 1065 1841 in
1126 1785 1253 1843 illis
1307 1786 1688 1859 regionibus.
1752 1787 1794 1843 E
1874 1785 2125 1858 quibus,

481 1881 706 1948 aiebat,
764 1897 887 1940 una
943 1882 1206 1941 vitulum
1260 1884 1495 1941 habens
1525 1886 1681 1942 mihi
1738 1899 1812 1943 ex
1870 1885 2131 1941 adverso

480 1980 664 2038 stetit.
722 1981 913 2038 Cuius
969 1986 1217 2039 uterum
1271 1996 1466 2053 quum
1520 1982 1674 2040 lacte
1718 1983 1910 2040 ﬂuere
1965 1982 2131 2038 vide-

480 2092 636 2143 rem,
673 2078 925 2148 accessi,
986 2084 1045 2134 et
1094 2094 1290 2150 usque
1330 2080 1406 2135 ad
1464 2080 1811 2137 satietatem
1864 2080 2133 2137 nutritus

480 2188 642 2232 sum.
700 2175 786 2231 Ac
838 2174 1050 2231 divino
1102 2175 1298 2231 iussui
1352 2190 1577 2246 parens
1628 2190 1729 2232 me
1777 2180 1983 2234 secuta
2040 2182 2133 2234 est

479 2285 679 2344 usque
732 2270 807 2328 ad
866 2272 1106 2339 cellam,
1141 2277 1330 2329 etme
1381 2275 1636 2345 quidem
1691 2274 1967 2341 nutrivit,
2028 2287 2131 2331 ne-

478 2384 600 2442 que
630 2383 778 2428 vero
809 2368 1071 2427 vitulum
1103 2385 1285 2429 suum
1316 2371 1588 2429 admisit.

562 2523 589 2555 α
682 2503 913 2560 Rursus
986 2501 1138 2560 alias
1195 2504 1297 2561 hic
1349 2504 1581 2563 virtute
1639 2504 1961 2577 praeditus
2009 2506 2122 2573 vir,

478 2614 674 2673 quum
752 2614 951 2675 prope
1028 2600 1174 2658 folia
1204 2607 1263 2659 et
1337 2609 1647 2660 sarmenta
1714 2610 1969 2675 puteum
2027 2605 2129 2663 fo-

478 2698 651 2755 deret
683 2698 745 2754 in
776 2698 1227 2755 recreationem
1264 2701 1741 2773 monachorum,
1784 2703 1863 2760 ab
1913 2704 2127 2775 aspide

480 2809 727 2853 morsus
773 2800 883 2853 est.
935 2794 1107 2863 Quod
1166 2796 1397 2855 animal
1452 2799 1630 2855 letale
1671 2814 1976 2858 venenum
2022 2802 2122 2859 ha~

480 2894 610 2950 bet.
673 2893 1140 2967 Apprehensam
1199 2894 1389 2966 igitur
1436 2911 1469 2952 a
1519 2896 1801 2955 faucibus
1843 2898 2124 2970 aspidem

478 2995 724 3049 sanctus
801 2990 1107 3048 ambabus
1185 2992 1475 3051 manibus
1557 2994 1907 3067 discerpsit,
1986 3003 2046 3054 et
2109 3013 2121 3051 :

2239 526 2370 569 sam
2399 513 2626 570 sanctis
2652 513 3039 571 oblationem
3060 512 3252 570 misit.

2326 683 2356 717 (ι
2406 663 2518 721 Hic
2619 678 2882 736 magnus
2971 662 3274 721 Macarius
3328 676 3523 735 quum
3578 662 3899 733 audiisset,

2244 762 2738 820 Tabennesiotas
2798 762 3191 834 praeclarum
3238 761 3472 819 habere
3503 759 3661 818 vitae
3724 760 3899 818 insti-

2245 865 2470 927 tutum,
2558 865 2790 916 mutata
2860 866 3028 918 veste
3080 866 3140 918 et
3194 860 3526 932 adsumpto
3578 859 3897 916 mundano

2247 958 2521 1029 operarii
2554 958 2795 1024 habitu,
2831 960 3033 1029 spatio
3090 958 3453 1033 quindecim
3499 958 3618 1031 70
3648 956 3897 1014 dierum

2247 1054 2309 1112 in
2395 1057 2795 1121 Thebaidem,
2905 1071 3018 1128 per
3087 1056 3489 1113 solitudinem
3559 1055 3893 1127 profectus.

2247 1154 2549 1225 pervenit.
2596 1154 2711 1213 Ubi
2776 1169 2969 1226 quum
3024 1154 3087 1211 in
3146 1153 3596 1211 monasterium
3656 1152 3899 1208 Taben—

2247 1253 2627 1309 nesiotarum
2686 1252 2972 1317 venisset,
3036 1250 3440 1309 Pachomium
3513 1264 3733 1307 eorum
3802 1264 3900 1306 ar-

2244 1349 2726 1406 chimandritam
2811 1348 3134 1421 quaesivit,
3243 1348 3449 1405 virum
3537 1347 3899 1419 probatissi-

2247 1462 2445 1517 mum,
2508 1447 2613 1519 qui
2672 1448 2935 1518 gratiam
3021 1447 3387 1519 prophetiae
3434 1446 3722 1503 habebat.
3782 1444 3897 1502 Cui

2244 1550 2462 1601 tamen
2518 1545 2848 1602 Macarium
2937 1559 3229 1617 magnum
3278 1558 3412 1602 esse
3475 1542 3899 1601 abscondeba-

2244 1649 2365 1699 tur.
2417 1642 2571 1699 Eum
2612 1642 2801 1713 igitur
2848 1657 2991 1700 cum
3064 1641 3367 1699 Macarius
3438 1640 3828 1699 convenisset
3882 1658 3897 1695 :

2176 1765 2212 1817 Β
2243 1740 2363 1799 Oro
2394 1744 2475 1807 te,
2506 1741 2728 1812 inquit,
2786 1740 3061 1809 domine,
3114 1740 3362 1811 suscipe
3414 1754 3516 1796 me
3565 1738 3625 1795 in
3680 1751 3898 1797 mona-

2242 1838 2500 1896 sterium
2534 1845 2735 1897 tuum.
2784 1844 2847 1895 ut
2891 1838 3235 1895 monachus
3289 1837 3453 1895 tiam.
3508 1836 3617 1894 Cui
3668 1836 3900 1893 Pacho-

2242 1937 2449 1995 mius:
2494 1941 2699 1994 Aetate
2742 1942 2867 1993 tam
2926 1941 3256 2007 provectus
3312 1936 3419 2008 qui
3500 1933 3795 2005 deinceps
3841 1940 3902 1993 te

2242 2049 2532 2091 exercere
2582 2034 2817 2106 poteris
2843 2031 2874 2091 ‘2
2925 2034 3165 2090 Fratres
3196 2047 3231 2088 a
3280 2032 3598 2090 iuventute
3639 2046 3702 2088 se
3722 2046 3905 2089 exer-

2241 2138 2399 2195 cent,
2454 2138 2513 2189 et
2561 2131 2626 2189 in
2684 2131 3008 2189 laboribus
3068 2131 3492 2195 adoleverunt,
3552 2143 3754 2201 neque
3814 2130 3902 2187 fe-

2243 2235 2385 2287 runt
2413 2230 2712 2287 laborem.
2775 2230 2861 2286 Tu
2917 2243 3066 2287 vero
3120 2229 3233 2285 hac
3286 2234 3488 2285 aetate
3539 2242 3663 2284 non
3722 2233 3903 2299 potes

2240 2328 2545 2386 sustinere
2610 2327 2980 2385 tentationes
3059 2325 3543 2384 exercitationis.
3618 2325 3906 2383 Oﬂ‘ende-

2242 2428 2348 2498 ris,
2380 2426 2581 2483 exibis
2607 2431 2667 2482 et
2725 2424 3061 2482 maledices
3093 2423 3301 2482 nobis.
3347 2424 3556 2496 Neque
3589 2438 3733 2480 eum
3764 2438 3901 2481 sus-

2236 2524 2420 2596 cepit.
2484 2521 2595 2581 Ille
2647 2528 2854 2581 autem
2904 2522 3173 2594 perstitit
3223 2537 3294 2579 ac
3347 2520 3593 2579 ieiunus
3650 2534 3903 2578 reman-

2236 2623 2315 2679 sit
2397 2626 2633 2693 septem
2709 2621 2863 2678 dies.
2948 2618 3179 2677 Deinde
3246 2619 3551 2676 Macarius
3608 2633 3893 2691 magnus.

2239 2721 2350 2787 Me,
2400 2719 2622 2791 inquit,
2676 2719 2947 2791 suscipe,
3003 2718 3185 2783 abba,
3243 2724 3302 2775 et
3330 2717 3447 2774 nisi
3506 2715 3895 2783 ieiunavero,

2236 2817 2546 2886 sicutilli,
2602 2823 2663 2875 et
2716 2822 3010 2889 operatus
3054 2814 3255 2882 fuero,
3320 2830 3477 2887 quae
3526 2820 3896 2886 operantur.

2237 2921 2368 2973 tum
2423 2916 2570 2973 iube
2601 2930 2701 2971 me
2732 2914 2875 2972 eiici
2935 2930 2967 2971 e
3026 2913 3429 2971 monasterio.
3469 2914 3719 2984 Magnus
3768 2913 3899 2985 igi-
4042 2934 4043 3021 ι

478 3084 703 3156 Quum:
733 3089 956 3162 inqu“,
1004 3093 1062 3146 ιθ
1110 3104 1233 3149 ηοη
1280 3092 1522 3150 miserit
1574 3093 1866 3152 Dominus
1923 3110 2120 3161 Πῖθυδ»
2163 3116 2203 3171 C
2236 3112 2595 3185 suscipiant.
2654 3110 3001 3168 Conventus
3052 3114 3259 3168 autem
3314 3108 3485 3167 illius
3530 3109 3898 3165 monasterii

475 3188 794 3259 quomodo
823 3202 971 3245 ausa
996 3202 1062 3244 es
1090 3188 1166 3245 ad
1210 3203 1310 3245 me
1336 3190 1631 3248 accedere
1656 3191 1684 3247 ‘2

558 3356 586 3386 «
634 3334 745 3392 Hic
803 3336 1103 3393 Macarius
1160 3352 1418 3411 magnus
1471 3340 1753 3399 diversas
1800 3344 1990 3401 cellas
2060 3346 2123 3402 in

475 3432 813 3490 solitudine
844 3432 1085 3499 habuit,
1137 3434 1198 3491 in
1246 3435 1477 3507 quibus
1507 3438 1851 3496 certamina
1880 3440 2125 3498 virtutis

474 3529 712 3602 peregit
758 3544 769 3585 :
834 3543 1021 3586 unam
1078 3531 1335 3602 quidem
1382 3532 1444 3588 in
1493 3532 1686 3603 Scete,
1734 3552 1894 3608 quae
1954 3538 2123 3611 regio

473 3632 561 3684 est
605 3627 668 3685 in
707 3627 1007 3684 interiore
1061 3636 1225 3686 vasta
1256 3630 1615 3700 solitudine,
1682 3649 1869 3691 unam
1918 3637 1979 3693 in
2021 3636 2123 3694 Li-

475 3726 597 3796 bya
644 3725 705 3781 in
786 3724 1013 3794 Celliis,
1081 3741 1243 3799 quae
1305 3728 1618 3799 dicuntur,
1697 3738 1755 3788 et
1802 3734 1988 3790 aliam
2061 3736 2123 3793 in

472 3827 682 3879 monte
732 3820 981 3879 Nitriae.
1036 3824 1120 3880 Ex
1168 3823 1399 3896 quibus
1447 3827 1604 3885 aliae
1649 3830 1905 3900 quidem
1964 3834 2124 3891 ostio

472 3918 784 3987 carebant,
849 3919 911 3976 in
961 3920 1192 3992 quibus
1249 3923 1550 3982 Macarius
1604 3926 1927 3986 dicebatur
1971 3935 2120 3987 tem-

475 4028 631 4091 pore
701 4017 1213 4090 quadragesimae
1287 4021 1503 4080 sedere
1556 4023 1621 4080 in
1675 4027 1971 4085 tenebris.
2027 4030 2123 4087 Al-

476 4120 611 4173 tera
638 4121 847 4173 autem
877 4117 1031 4173 cella
1079 4117 1276 4177 multo
1338 4121 1655 4193 angustior
1698 4128 1830 4181 erat
1872 4126 2118 4198 ceteris,

475 4212 542 4271 in
590 4228 713 4285 qua
769 4229 883 4272 nec
943 4215 1165 4291 pedem
1227 4220 1560 4278 extendere
1614 4227 1876 4293 poterat.
1920 4225 2122 4283 Tertia

470 4324 618 4367 vero
666 4312 937 4383 amplior
984 4320 1136 4384 erat,
1199 4314 1261 4372 in
1314 4332 1438 4389 qua
1493 4319 1685 4375 etiam
1743 4336 1847 4379 eos
1903 4336 2124 4381 conve-

469 4407 701 4477 niebat,
732 4410 841 4481 qui
872 4410 947 4467 ad
999 4409 1208 4483 ipsum
1241 4415 1640 4475 ventitabant.

548 4577 579 4612 α
614 4558 723 4617 Hic
760 4560 858 4617 vir
913 4567 1160 4619 sanctus
1212 4568 1445 4620 tantam
1505 4567 1971 4626 multitudinem
2030 4586 2121 4629 sa-

462 4656 629 4714 navit
684 4672 928 4722 eorum,
990 4660 1096 4731 qui
1148 4676 1181 4717 a
1235 4662 1650 4721 daemonibus
1715 4668 2116 4735 vexabantur,

457 4760 524 4812 ut
592 4768 699 4813 eos
768 4758 1155 4815 numerando
1227 4759 1389 4817 haud
1454 4761 1631 4819 facile
1696 4778 2116 4834 percenseres.

457 4852 659 4921 Quum
715 4868 827 4911 nos
884 4855 1262 4926 adessemus,
1299 4857 1375 4913 ad
1412 4860 1574 4916 hunc
1635 4868 1916 4918 sanctum
1947 4864 2122 4935 virgo

456 4951 897 5009 Thessalonica
979 4953 1267 5017 oriunda,
1356 4955 1589 5013 nobilis
1669 4973 1893 5029 genere
1944 4961 2120 5019 etin

458 5048 575 5107 hac
648 5050 769 5107 vita
841 5049 1036 5117 dives,
1132 5056 1460 5123 apportata
1539 5058 1651 5124 est,
1703 5070 1862 5127 quae
1911 5060 2124 5118 multis

461 5146 638 5205 annis
698 5149 970 5221 paralysi
1021 5150 1369 5207 laborabat.
1434 5153 1631 5224 Atque
1687 5155 1761 5210 ad
1819 5170 1964 5213 eum
2018 5159 2123 5215 ad-

461 5245 645 5303 ducta
700 5260 900 5318 prope
957 5248 1180 5304 cellam
1231 5248 1425 5306 sancti
1494 5250 1775 5321 proiecta
1835 5262 1924 5312 est
2008 5257 2121 5325 Qui

460 5343 897 5402 misericordia
949 5350 1304 5403 commotus
1355 5360 1551 5418 quum
1604 5362 1821 5419 preces
1858 5349 2123 5413 fundens

455 5448 518 5501 et
580 5442 721 5500 oleo
814 5448 1027 5501 sancto
1098 5457 1235 5500 eam
1303 5445 1585 5516 proiiriis
1650 5446 1780 5505 suis
1834 5453 2121 5511 manibus

460 5554 695 5613 ungens
771 5540 985 5612 viginti
1045 5540 1271 5599 diebus
1331 5556 1523 5614 super
1580 5558 1719 5601 eam
1768 5549 1986 5609 sedulo
2050 5567 2121 5611 ac

460 5638 729 5697 multum
782 5643 1040 5705 orasset,
1103 5653 1317 5697 sanam
1371 5640 1435 5699 in
1486 5640 1799 5704 civitatem
1850 5647 1986 5707 eius
2028 5650 2117 5708 di-

2236 3211 2472 3263 constat
2542 3205 2712 3262 mille
2792 3203 3263 3275 quadringentis
3314 3203 3467 3259 viris
3523 3202 3585 3259 in
3641 3200 3901 3260 hodier-

2235 3319 2383 3362 num
2442 3318 2639 3375 usque
2721 3302 2913 3359 diem.
2988 3301 3115 3358 Hoc
3182 3300 3372 3371 igitur
3436 3299 3897 3356 monasterium

2236 3400 2537 3459 Macarius
2578 3414 2836 3471 magnus
2882 3399 3154 3455 intravit.
3246 3398 3421 3455 Brevi
3480 3402 3687 3454 autem
3738 3402 3899 3454 tem-

2237 3514 2388 3573 pore
2448 3504 2583 3570 post
2635 3504 2765 3555 erat
2838 3494 3335 3568 quadragesima.
3419 3495 3503 3552 Ac
3579 3494 3892 3553 Macarius

2237 3611 2514 3668 magnus,
2601 3609 2795 3667 quum
2877 3595 3131 3652 vidisset
3202 3607 3717 3665 unumquemque
3792 3592 3892 3649 di-

2235 3709 2411 3751 versa
2442 3695 2788 3765 suscepisse
2845 3691 3091 3750 vivendi
3138 3691 3441 3760 instituta,
3503 3691 3695 3748 alium
3751 3691 3897 3763 qui-

2235 3792 2377 3850 dem
2459 3804 2737 3862 vespere,
2820 3791 3012 3847 alium
3088 3795 3222 3861 post
3282 3789 3459 3855 duos,
3508 3789 3701 3846 alium
3750 3796 3899 3860 post

2234 3890 2513 3963 quinque
2572 3889 2704 3945 dies
2772 3889 3125 3953 comedere,
3201 3886 3395 3944 alium
3464 3888 3654 3943 etiam
3723 3891 3899 3944 stare

2236 4003 2347 4060 per
2414 3993 2603 4045 totam
2682 3994 2949 4053 noctem,
3013 3984 3288 4042 interdiu
3342 3989 3550 4042 autem
3605 3983 3683 4040 ad
3728 3997 3901 4055 opus

2234 4087 2451 4145 sedere
2530 4103 2544 4144 :
2620 4084 2772 4156 ipse,
2842 4098 3039 4156 quum
3083 4097 3293 4140 ramos
3358 4082 3482 4140 sibi
3531 4080 3898 4154 palmarum

2233 4184 2462 4243 multos
2539 4182 2988 4249 madefecisset,
3050 4181 3114 4239 in
3209 4180 3435 4253 angulo
3512 4194 3639 4239 uno
3695 4180 3895 4248 stetit,

2234 4298 2455 4353 neque,
2505 4282 2702 4339 donec
2760 4278 3239 4352 quadragesima
3300 4278 3557 4349 impleta
3633 4282 3795 4335 esset
3834 4283 3901 4335 et

2236 4380 2459 4453 pascha
2513 4378 2881 4445 advenisset,
2942 4392 3163 4450 panem
3212 4391 3414 4449 neque
3464 4389 3691 4449 aquam
3752 4376 3904 4433 teti-

2238 3020 2338 3070 tur
2420 3010 2789 3071 Pachomius
2862 3011 3160 3069 fratribus
3234 3011 3570 3082 persuadet
3625 3013 3691 3066 ut
3748 3024 3897 3067 eum
4040 3028 4043 3115 Α

2156 4468 2341 4552 Dgit,
2400 4489 2606 4550 neque
2672 4491 2831 4548 genu
2919 4475 3108 4541 ﬂexit,
3168 4489 3371 4547 neque
3452 4474 3638 4545 sedit,
3686 4487 3905 4546 neque

2232 4576 2544 4641 accubuit,
2588 4590 2789 4646 neque
2833 4573 3091 4632 omnino
3143 4573 3311 4630 aliud
3370 4572 3713 4644 quidquam
3776 4586 3902 4643 gu-

2232 4674 2432 4743 stavit,
2471 4673 2583 4729 nisi
2634 4673 2827 4730 cruda
2871 4673 3162 4729 crambes
3220 4670 3390 4738 folia,
3425 4684 3587 4742 quae
3618 4670 3902 4741 sumpsit

2232 4772 2333 4829 die
2390 4772 2725 4840 domincia,
2789 4777 2853 4829 ut
2922 4772 3241 4829 videretur
3294 4769 3629 4827 comedere
3685 4783 3907 4841 neque

2233 4869 2295 4926 in
2327 4871 2605 4943 aliquam
2628 4870 2704 4927 de
2730 4885 2793 4927 se
2824 4870 3189 4942 opinionem
3218 4867 3539 4926 incideret.
3580 4868 3806 4938 Atque,
3846 4866 3905 4923 si

2232 4969 2482 5041 quando
2550 4973 2807 5040 propter
2886 4966 3317 5025 necessitatem
3384 4980 3560 5022 suam
3609 4964 3908 5036 egredie-

2235 5067 2439 5137 batur,
2499 5066 2684 5123 citius
2726 5064 3082 5137 regrediens
3135 5064 3302 5120 stetit
3343 5062 3421 5120 ad
3476 5076 3636 5134 opus
3666 5076 3911 5120 manus

2232 5179 2400 5231 suae,
2458 5179 2659 5236 neque
2712 5178 2783 5221 os
2832 5163 3099 5235 aperuit,
3185 5175 3298 5218 nec
3377 5175 3575 5233 pauca
3644 5159 3912 5218 locutus

2231 5277 2344 5320 nec
2424 5261 2638 5327 multa,
2718 5262 2827 5319 sed
2879 5261 3047 5318 stetit
3089 5260 3302 5318 silens.
3367 5259 3579 5331 Neque
3632 5273 3909 5331 prorsus

2232 5361 2399 5418 aliud
2433 5360 2799 5432 quidquam,
2834 5359 2952 5417 nisi
3008 5357 3358 5416 orationem
3389 5356 3513 5429 egit
3568 5356 3632 5414 in
3670 5357 3902 5423 corde,

2231 5464 2290 5515 et
2338 5473 2545 5515 ramos
2594 5458 2875 5515 tractavit
2927 5472 3085 5529 quos
3132 5457 3401 5513 habebat
3449 5455 3514 5512 in
3574 5455 3904 5513 manibus.

2234 5555 2393 5613 Haec
2451 5562 2659 5613 autem
2711 5570 2930 5613 omnes
2977 5554 3423 5612 exercitatores
3471 5551 3643 5610 illius
3674 5566 3910 5611 mona-

2233 5653 2407 5713 sterii
2493 5667 2689 5726 quum
2769 5653 3087 5720 vidissent,
3148 5651 3630 5710 insurrexerunt
3674 5650 3917 5709 adver-
