4092 6256
190 220 256 276 69
1778 216 1827 268 V

1950 216 2011 271 E.
3527 225 3596 279 70

188 366 291 409 sus
322 349 698 423 praefectum
730 364 914 408 suum
946 354 1131 424 atque
1166 370 1182 409 .·
1217 348 1328 418 71
1368 350 1711 421 Undenam,
1754 348 1839 406 in-
1871 342 1917 395 A
1953 358 2090 402 sum
2121 358 2192 402 os
2225 346 2422 403 totum
2462 350 2794 418 appareret
2834 347 2896 405 in
2917 348 3165 408 vertice.
3214 351 3423 424 Neque
3458 368 3603 413 eum

190 449 429 522 quiunt,
494 447 677 506 nobis
729 449 1041 508 adduxisti
1101 450 1267 509 hunc
1319 448 1637 508 hominem
1708 452 1840 505 tan-

189 561 374 619 quam
432 546 565 605 sine
624 560 810 605 carne
858 547 1183 620 degentem
1235 549 1310 606 ad
1366 552 1641 605 nostram
1691 560 1837 605 con-

185 643 644 701 demnationem
674 643 705 701 εἰ
740 644 857 702 Aut
908 660 1053 703 eum
1111 645 1258 703 hinc
1312 644 1493 713 eiice,
1527 650 1634 701 aut
1680 643 1838 700 bene

181 740 360 815 scito,
412 756 522 799 nos
566 755 786 800 omnes
842 742 987 800 hinc
1034 743 1217 802 hodie
1259 760 1390 802 esse
1443 758 1824 805 recessuros.

180 841 348 908 Quae
396 854 594 913 quum
668 838 1043 901 Pachomius
1118 858 1378 918 magnus
1435 863 1467 905 a
1541 846 1837 904 fratribus

180 937 503 1009 audiisset,
550 937 893 997 sciscitatus
942 944 1036 997 est
1080 941 1155 998 de
1186 956 1280 1000 eo.
1320 944 1388 1002 Et
1438 958 1635 1017 quum
1678 942 1833 1001 didi-

179 1035 367 1093 cisset
397 1035 531 1093 eius
560 1035 722 1093 vitae
762 1036 1064 1106 instituta,
1104 1040 1292 1098 Deum
1325 1042 1545 1112 oravit,
1576 1047 1664 1108 ut,
1695 1040 1836 1113 quis

181 1137 366 1200 esset,
416 1132 535 1191 sibi
583 1133 986 1193 revelaretur.
1042 1137 1398 1197 Revelatum
1430 1146 1521 1197 est
1572 1140 1654 1206 ei,
1714 1137 1832 1195 Ma-

178 1229 425 1289 carium
477 1231 850 1290 monachum
900 1248 1055 1293 esse.
1092 1236 1246 1294 Tum
1278 1237 1571 1295 dominus
1610 1237 1835 1294 Pacbo-

178 1330 349 1386 mius
400 1328 535 1387 eius
606 1343 858 1388 manum
927 1332 1261 1403 prehendit
1334 1350 1607 1407 eumque
1671 1334 1835 1392 foras

174 1425 439 1494 eduxit;
490 1430 675 1498 atque
722 1442 915 1500 quum
968 1430 1031 1487 in
1089 1431 1347 1489 domum
1396 1432 1678 1504 oratorii,
1725 1433 1835 1498 ubi

177 1528 269 1582 est
331 1523 546 1590 altare,
603 1539 747 1582 eum
808 1526 1164 1585 deduxisset
1226 1530 1675 1602 amplexusque
1742 1546 1833 1587 es-

171 1627 310 1681 set:
352 1621 545 1687 Tune,
594 1622 700 1691 ait,
753 1637 819 1680 es
861 1626 1211 1683 venerande
1260 1626 1502 1686 senex?
1551 1628 1720 1685 Tune
1768 1642 1838 1686 es

170 1719 501 1786 Macarius,
559 1719 749 1792 idque
796 1721 1037 1793 celasti,
1087 1739 1201 1782 nec
1248 1724 1401 1782 mihi
1464 1725 1827 1783 manifesta-

169 1819 245 1876 sti
278 1812 312 1873 εἰ
371 1817 457 1876 Ex
506 1818 720 1876 multis
768 1819 946 1877 annis
1008 1821 1178 1894 cupii
1230 1827 1288 1879 te
1346 1823 1579 1895 videre,
1640 1838 1836 1895 quum

170 1915 249 1973 de
294 1918 359 1973 te
404 1914 712 1973 audirem.
765 1916 978 1975 Habeo
1021 1918 1133 1976 tibi
1192 1919 1441 1992 gratias,
1493 1921 1658 1992 quod
1695 1920 1834 1978 sul)-

171 2012 378 2084 egeris
425 2012 586 2071 ﬁlios
644 2027 839 2082 meos,
902 2030 979 2072 ne
1033 2015 1155 2074 alte
1210 2018 1481 2075 sentiant
1537 2017 1614 2075 de
1660 2032 1834 2075 exer-

171 2110 467 2168 citatione
548 2125 679 2169 sua.
765 2113 929 2185 Rogo
1003 2118 1083 2183 te,
1164 2116 1385 2173 recede
1466 2115 1530 2172 in
1627 2116 1830 2174 locum

168 2211 400 2280 tuum;
448 2222 560 2266 nos
603 2209 772 2266 enim
833 2210 982 2267 satis
1041 2211 1376 2270 aediﬁcasti
1415 2229 1430 2284 ;
1484 2217 1669 2285 atque
1721 2226 1834 2270 ora

170 2318 292 2374 pro
349 2305 553 2363 nobis.
612 2305 837 2364 Deinde
886 2308 965 2365 ab
1015 2322 1090 2366 eo
1148 2320 1418 2382 rogatus,
1478 2310 1833 2383 petentibus

172 2416 429 2474 quoque
459 2403 755 2462 omnibus
784 2404 1103 2473 fratribus,
1134 2408 1408 2466 recessit.

260 2523 496 2584 Rursus
520 2525 674 2585 alias
710 2526 812 2585 hic
856 2528 950 2586 vir
988 2529 1356 2602 impatibilis
1400 2531 1581 2591 nobis
1611 2547 1832 2590 narra-

163 2622 297 2681 vit:
335 2622 546 2692 Omne,
583 2624 806 2696 inquit,
832 2626 992 2685 vitae
1021 2628 1423 2687 monachicae
1450 2630 1825 2697 institutum,

159 2720 336 2792 quod
390 2723 782 2794 expetebam,
862 2730 1158 2797 expertus
1213 2727 1287 2784 ad
1351 2727 1520 2785 aliud
1581 2728 1829 2785 tandem

154 2818 495 2891 spirituale
550 2818 934 2880 desiderium
1003 2824 1165 2882 veni.
1246 2824 1441 2883 Statui
1513 2828 1680 2884 enim
1753 2825 1827 2884 ad

154 2916 285 2973 tale
341 2931 606 2990 operum
656 2918 1043 2979 desiderium
1093 2923 1409 2980 accedere.
1477 2923 1677 2995 Volui,
1731 2924 1829 2981 in-

152 3014 323 3087 quit,
377 3016 657 3089 quinque
700 3017 836 3076 dies
878 3019 1079 3077 solam
1122 3025 1395 3079 mentem
1438 3036 1641 3079 meam
1691 3022 1828 3080 red-
1869 3040 1909 3095 ε

154 3111 317 3171 dere
350 3127 385 3170 a
436 3114 556 3173 Deo
588 3114 1001 3183 individuam,
1049 3132 1253 3191 neque
1283 3117 1453 3177 aliud
1483 3119 1829 3191 quidquam

150 3211 427 3270 omnino
475 3212 774 3285 cogitare,
828 3214 936 3272 sed
985 3215 1043 3273 ei
1091 3216 1205 3273 soli
1258 3216 1622 3274 adhaerere.
1656 3217 1831 3286 Quod

150 3323 369 3383 quum
399 3312 565 3382 apud
597 3324 701 3367 me
729 3311 1109 3386 statuissem,
1137 3313 1360 3371 cellam
1396 3328 1600 3371 meam
1647 3320 1829 3387 atque

151 3405 561 3465 extrinsecus
605 3406 818 3464 aulam
875 3409 1094 3477 clausi,
1156 3415 1221 3468 ut
1271 3413 1424 3470 nulli
1479 3412 1828 3470 advenienti

159 3517 552 3576 responsum
580 3505 817 3563 darem.
850 3508 934 3564 Ac
967 3508 1101 3565 steti
1136 3508 1444 3582 incipiens
1472 3525 1506 3568 a
1533 3511 1826 3580 secunda,

150 3601 361 3660 menti
419 3617 594 3661 meae
650 3605 1047 3677 praecipiens
1098 3612 1161 3666 et
1217 3607 1482 3667 dicens:
1544 3608 1696 3666 Vide
1754 3623 1830 3666 ne

151 3701 511 3759 descendas
558 3716 591 3759 e
631 3701 867 3775 coelis;
920 3703 1008 3761 ibi
1063 3705 1314 3776 angelos
1368 3705 1559 3764 habes
1615 3710 1677 3764 et
1728 3721 1829 3763 ar-

149 3796 528 3870 changelos,
578 3813 884 3870 supernas
934 3806 1291 3873 potestates,
1354 3803 1693 3862 Cherubim
1761 3818 1832 3861 ac

150 3894 526 3967 Serapbim,
591 3896 781 3954 Deum
842 3897 1071 3957 horum
1122 3899 1406 3959 omnium
1447 3901 1825 3959 effectorem.

148 3990 293 4050 Illic
334 4005 617 4051 versare.
652 3994 737 4051 Ne
767 3995 883 4053 sub
913 3995 1161 4055 coelum
1205 3997 1544 4057 descendas
1574 4016 1592 4070 ;
1626 4013 1703 4056 ne
1742 3999 1830 4056 in-

144 4091 334 4149 cidas
414 4089 481 4148 in
533 4091 881 4151 mundanas
938 4095 1361 4167 cogitationes.
1423 4095 1543 4163 Sic,
1605 4095 1827 4169 inquit,

143 4203 359 4262 quum
395 4189 649 4247 duobus
689 4189 915 4249 diebus
962 4206 1036 4250 ac
1079 4192 1321 4252 duabus
1364 4195 1652 4253 noctibus
1682 4209 1833 4267 per-

140 4300 577 4357 severassem,
634 4287 719 4346 ita
774 4288 1146 4349 daemonem
1191 4290 1457 4364 irritavi,
1492 4298 1558 4351 ut
1585 4292 1832 4350 ﬂamma

149 4384 323 4458 ignis
385 4383 590 4452 ﬁeret,
659 4384 944 4459 mihique
1001 4388 1236 4460 omnia,
1289 4404 1449 4461 quae
1498 4390 1562 4447 in
1608 4390 1832 4448 cellula
1866 4392 1912 4447 D

142 4486 360 4556 erant,
412 4482 842 4551 combureret,
892 4485 977 4545 ita
1022 4490 1089 4543 ut
1119 4488 1308 4544 etiam
1354 4493 1580 4555 storea,
1618 4488 1679 4544 in
1710 4503 1832 4560 qua

140 4580 432 4651 stabam,
488 4588 1021 4650 concremaretur,
1066 4587 1128 4641 et
1159 4584 1248 4642 sic
1297 4598 1398 4643 me
1432 4599 1683 4658 quoque
1730 4590 1834 4643 to-

138 4684 285 4737 tum
370 4678 562 4736 aduri
642 4679 1088 4739 existimarem.
1168 4683 1553 4741 Postremum
1607 4684 1833 4741 timore

138 4776 419 4835 affectus
463 4775 654 4834 tertio
695 4777 799 4835 die
828 4762 1034 4836 destiti
1081 4780 1160 4837 ab
1190 4780 1310 4839 hoc
1340 4780 1661 4853 proposito
1693 4794 1833 4838 meo

140 4881 369 4949 atque,
417 4887 623 4947 quum
671 4880 943 4934 mentem
991 4891 1195 4935 meam
1242 4877 1515 4951 amplius
1561 4878 1832 4935 indivul-

140 4987 279 5030 sam
341 4977 576 5031 tenere
629 4985 752 5030 non
801 4987 1076 5046 possem,
1131 4975 1420 5034 descendi
1456 4976 1516 5033 in
1552 4980 1833 5035 contem-

140 5070 518 5147 plationem
568 5069 755 5127 huius
800 5071 1040 5143 mundi,
1094 5070 1209 5140 72
1258 5088 1333 5132 ne
1363 5074 1428 5132 id
1456 5073 1610 5131 mihi
1641 5088 1835 5146 repu-

142 5172 399 5228 taretur
456 5168 531 5225 in
580 5168 973 5240 superbiam.

230 5311 262 5350 «
312 5290 663 5363 Quondam
708 5307 905 5365 quum
960 5294 1038 5352 ad
1086 5294 1252 5353 hunc
1303 5299 1583 5353 sanctum
1634 5293 1834 5351 venis-

147 5405 308 5462 sem,
369 5394 564 5451 extra
612 5390 839 5449 cellam
893 5391 1030 5449 eius
1083 5391 1387 5450 iacentem
1448 5392 1654 5449 inveni
1714 5389 1834 5448 vici

152 5489 501 5549 cuiusdam
575 5488 1042 5561 presbyterum,
1096 5490 1277 5548 cuius
1327 5496 1515 5564 caput
1567 5489 1652 5548 ita
1703 5492 1836 5547 erat

154 5598 422 5647 exesum
476 5586 712 5645 morbo
757 5585 867 5659 qui
915 5601 1142 5646 cancer
1192 5586 1445 5656 dicitur,
1504 5592 1570 5645 ut
1626 5591 1687 5645 et
1739 5586 1834 5658 ip-

1952 444 2027 500 ad
2078 445 2173 502 col
2215 444 2501 520 loquium
2547 446 2931 505 admittebat.
2983 447 3210 520 Rogavi
3252 449 3443 523 igitur
3482 469 3552 511 ac
3586 472 3599 512 :

1953 542 2197 612 Precor,
2234 543 2512 614 inquam,
2554 546 2853 601 miserere
2887 546 3076 603 huius
3108 547 3353 619 miseri,
3379 554 3440 607 et
3477 552 3606 609 sal—

1949 644 2074 697 tem
2124 654 2493 712 responsum
2543 641 2600 699 ei
2651 641 2750 699 da.
2785 642 3122 715 Respondit
3169 646 3323 704 mihi
3377 664 3388 703 :
3435 648 3603 706 indi-

1947 754 2103 811 gnus
2149 744 2261 809 est,
2310 740 2417 811 qui
2462 745 2734 797 sanetur.
2790 742 2951 799 Haec
2993 743 3159 801 enim
3206 744 3262 802 ei
3321 745 3603 805 immissa

1948 842 2037 893 est
2076 835 2428 909 disciplina.
2468 837 2573 895 Sin
2608 853 2752 895 eum
2795 838 2891 895 vis
2933 841 3161 911 sanari,
3194 843 3384 901 suade
3419 844 3499 915 ei,
3535 849 3603 903 ut

1946 934 2241 1007 deinceps
2298 935 2601 992 abstineat
2656 951 2689 992 a
2748 937 3073 996 sacriﬁcio.
3118 937 3242 1012 Ego
3285 941 3471 1014 :Cur,
3510 942 3601 1000 in-

1945 1046 2155 1104 quam,
2187 1034 2450 1091 obsecro
2478 1030 2509 1091 ‘2
2546 1034 2896 1106 Respondet
2931 1053 2943 1092 :
2979 1035 3310 1095 Fornicans
3351 1054 3598 1098 sacrum

1948 1129 2185 1202 peregit
2258 1130 2705 1203 ministerium,
2788 1132 2953 1190 unde
3034 1134 3158 1190 iam
3240 1136 3595 1209 castigatur.

1944 1227 2171 1297 Quodsi
2211 1233 2379 1286 metu
2421 1228 2676 1286 desistat
2714 1230 2794 1286 ab
2837 1230 2937 1303 iis,
2972 1245 3133 1303 quae
3178 1247 3289 1305 per
3325 1240 3600 1293 contem-

1946 1329 2121 1397 ptum
2165 1312 2350 1382 a‘usus
2388 1331 2477 1383 est
2512 1326 2737 1394 facere,
2775 1325 2939 1386 Deus
2982 1343 3126 1386 eum
3164 1332 3425 1389 sanabit.
3472 1332 3599 1391 Hoc

1945 1423 2025 1489 ei,
2051 1422 2156 1495 qui
2201 1423 2605 1496 aﬁligebatur,
2640 1424 2786 1482 dixi.
2827 1426 2939 1495 Qui
2986 1426 3393 1487 iureiurando
3431 1429 3596 1502 apud

1947 1523 2138 1579 Deum
2186 1520 2500 1593 pollicitus
2540 1527 2651 1591 est,
2704 1538 2767 1580 se
2810 1538 2931 1581 non
2977 1525 3248 1597 amplius
3299 1526 3598 1585 sacerdo-

1947 1619 2024 1677 tis
2059 1633 2320 1677 munera
2364 1634 2497 1677 esse
2539 1620 2883 1679 obiturum.
2939 1623 3092 1680 Tum
3133 1638 3277 1681 eum
3325 1627 3598 1698 suscepit

1946 1717 2130 1789 eique
2173 1716 2535 1789 :Credisne,
2577 1718 2799 1790 inquit,
2846 1734 2978 1777 esse
3021 1721 3237 1795 Deum,
3265 1737 3452 1794 quem
3496 1723 3599 1780 ni-

1947 1814 2032 1872 hil
2079 1815 2227 1873 latet
2263 1813 2294 1872 ‘l
2335 1814 2443 1873 llle
2490 1817 2823 1886 respondet
2880 1836 2891 1872 :
2952 1818 3238 1889 Maxime,
3296 1834 3452 1895 rogo
3510 1825 3592 1879 te.

1948 1912 2177 1970 Deinde
2226 1911 2451 1981 :Num,
2498 1912 2724 1985 inquit,
2776 1913 3030 1986 potuisti
3074 1915 3339 1974 illudere
3390 1919 3511 1977 Deo
3569 1916 3597 1973 ?

1945 2010 2341 2081 Respondet:
2380 2009 2507 2067 Non
2561 2011 2763 2083 potui,
2812 2011 2899 2069 mi
2942 2012 3214 2071 domine.
3265 2015 3515 2087 Magnus
3578 2033 3591 2071 :

1945 2108 2003 2167 Si
2055 2107 2357 2180 agnoscis,
2410 2107 2633 2180 inquit,
2675 2115 2996 2180 peccatum
3056 2115 3230 2168 tuum
3283 2128 3353 2170 ac
3397 2110 3595 2171 discl—

1945 2206 2181 2280 plinam
2241 2205 2368 2274 Dei,
2410 2220 2531 2278 qua
2566 2206 2717 2264 haec
2772 2207 3042 2278 subiisti,
3087 2212 3147 2266 te
3195 2209 3469 2283 corrigas
3530 2211 3594 2269 in

1946 2309 2286 2388 posterum.
2332 2302 2445 2373 Qui
2504 2305 2821 2363 confessus
2869 2312 2960 2363 est
3013 2312 3361 2378 peccatum,
3408 2314 3467 2366 et
3518 2308 3595 2365 ﬁ-

1942 2402 2086 2460 dem
2126 2402 2321 2473 dedit,
2372 2416 2438 2460 se
2486 2416 2610 2460 non
2657 2402 2929 2475 amplius
2984 2418 3116 2462 esse
3161 2411 3587 2477 peccaturum,

1943 2515 2145 2573 neque
2198 2500 2379 2558 altari
2431 2499 2950 2569 ministraturum,
3009 2503 3118 2560 sed
3167 2503 3306 2561 laici
3357 2510 3590 2563 sortem

1942 2597 2400 2670 amplexurum.
2444 2598 2670 2656 Deinde
2718 2605 2963 2657 sanctus
3007 2601 3061 2657 ei
3112 2615 3331 2659 manus
3384 2602 3592 2675 impo-

1942 2696 2086 2754 suit.
2126 2696 2238 2765 Qui
2284 2697 2498 2768 paucis
2550 2696 2773 2754 diebus
2815 2703 3063 2755 sanatus
3093 2704 3208 2771 est,
3248 2700 3593 2773 capillique

1942 2794 2162 2866 capitis
2188 2795 2243 2852 ei
2285 2799 2631 2863 creverunt,
2667 2800 2727 2852 et
2764 2795 2825 2851 in
2858 2794 3114 2853 domum
3152 2812 3327 2854 suam
3378 2812 3592 2856 rever-

1941 2908 2045 2950 sus
2096 2892 2466 2965 gloriﬁcavit
2517 2893 2730 2963 Deum,
2787 2908 2858 2951 ac
2904 2895 3130 2967 gratias
3182 2895 3303 2968 egit
3349 2902 3584 2955 sancto.

2025 3038 2052 3067 (ι
2086 3018 2313 3075 Rursus
2358 3016 2483 3073 vidi
2524 3016 2601 3073 ad
2643 3031 2785 3073 eum
2821 3017 3053 3076 adduci
3082 3032 3347 3090 puerum
3388 3034 3422 3075 a
3454 3020 3592 3092 spi-

1941 3114 2064 3172 ritu
2128 3114 2399 3186 maligno
2459 3121 2769 3172 vexatum.
2846 3114 2954 3172 Cui
3018 3119 3264 3174 sanctus
3332 3130 3588 3174 manum

1940 3214 2222 3271 dextram
2264 3213 2327 3270 in
2359 3217 2542 3285 caput
2588 3213 2888 3285 imposuit
2930 3220 2990 3271 et
3038 3214 3353 3272 sinistram
3384 3230 3589 3291 supra

1940 3325 2072 3382 cor,
2114 3325 2185 3367 ac
2224 3310 2462 3369 tamdiu
2508 3310 2728 3378 oravit,
2761 3310 2958 3369 donec
2981 3311 3224 3371 fecisset
3253 3327 3396 3370 eum
3443 3327 3590 3386 pen-

1939 3409 2088 3466 dere
2125 3407 2185 3465 in
2218 3422 2381 3466 aere.
2420 3407 2576 3466 Puer
2610 3408 2819 3481 igitur,
2853 3408 3011 3466 sicut
3048 3414 3186 3468 uter
3227 3408 3495 3483 inﬂatus,
3528 3412 3590 3468 in

1940 3519 2205 3577 corpore
2251 3505 2683 3577 maximopere
2724 3506 3042 3577 intumuit,
3105 3507 3353 3580 deinde,
3396 3522 3590 3580 quum

1939 3603 2147 3661 subito
2195 3605 2618 3673 exclamasset,
2673 3618 2786 3675 per
2840 3618 3058 3662 omnes
3105 3620 3320 3663 sensus
3363 3621 3590 3678 aquam

1940 3700 2150 3758 emisit
2184 3718 2196 3769 ;
2228 3714 2386 3772 quae
2415 3714 2611 3772 quum
2644 3699 2948 3767 desiisset,
2983 3701 3046 3757 in
3072 3716 3235 3769 eam,
3268 3717 3391 3774 qua
3413 3702 3592 3760 initio

1940 3797 2161 3871 fuerat,
2196 3812 2554 3855 mensuram
2600 3796 2806 3855 rediit.
2870 3798 3151 3870 Eumque
3204 3814 3398 3871 quum
3452 3801 3593 3858 oleo

1941 3902 2152 3954 sancto
2204 3896 2481 3954 unxisset
2537 3900 2596 3952 et
2634 3910 2795 3967 aqua
2838 3896 3164 3954 benedicta
3196 3896 3590 3968 perfudisset,

1942 3995 2103 4066 patri
2145 3993 2439 4060 reddidit,
2471 4007 2542 4050 ac
2584 3993 2794 4063 vetuit,
2828 4007 2904 4050 ne
2935 4007 3190 4050 carnem
3232 4008 3344 4051 nec
3378 3993 3593 4050 vinum

1941 4090 2267 4164 attingeret
2322 4089 2730 4163 quadraginta
2787 4088 3031 4147 diebus.
3090 4090 3288 4148 Puero
3339 4090 3594 4163 quidem

1941 4189 2027 4247 ita
2054 4193 2268 4246 sanato
2287 4201 2394 4246 eos
2423 4187 2684 4245 dimisit.

2024 4332 2054 4368 «
2094 4314 2268 4372 Hunc
2302 4311 2637 4371 Macarium
2691 4326 2986 4386 magnum
3039 4311 3358 4385 quondam
3416 4327 3598 4371 vexa-

1943 4416 2088 4470 runt
2138 4410 2541 4484 cogitationes
2588 4425 2779 4468 vanae
2839 4410 3099 4483 gloriae,
3157 4426 3319 4483 quae
3370 4425 3512 4468 eum
3563 4425 3599 4469 e

1943 4509 2100 4567 cella
2155 4509 2387 4566 eiicere
2439 4513 2771 4576 tentarunt,
2810 4504 2925 4575 73
2960 4512 3019 4565 et
3050 4512 3485 4580 suggesserunt
3514 4506 3594 4573 ei,

1943 4613 2011 4665 ut
2057 4606 2539 4678 dispensationis
2581 4606 2779 4677 gratia
2827 4605 3084 4664 Romam
3137 4609 3444 4677 pergeret,
3477 4604 3603 4662 ius-

1942 4712 2194 4777 tamque
2234 4718 2483 4761 causam
2529 4703 2871 4775 allegarunt
2923 4704 3306 4761 sanationem
3353 4717 3595 4769 eorum,

1942 4803 2051 4877 qui
2105 4801 2194 4859 ibi
2248 4806 2412 4867 sunt,
2461 4801 2878 4860 inﬁrmorum.
2938 4800 3125 4858 Valde
3177 4800 3344 4858 enim
3401 4800 3466 4858 in
3526 4815 3601 4858 eo

1944 4901 2241 4958 adversus
2311 4898 2571 4971 spiritus
2633 4899 3013 4972 operabatur
3070 4900 3266 4971 gratia
3334 4897 3597 4955 Domini.

1943 4997 2146 5070 Longo
2178 4998 2385 5054 autem
2424 5001 2705 5069 tempore
2761 4997 2840 5055 ab
2895 4996 2975 5053 iis
3024 5000 3345 5062 tentatum,
3407 5009 3601 5068 quum

1945 5109 2067 5153 non
2130 5093 2490 5161 obediisset,
2555 5098 2624 5151 ut
2674 5094 3099 5166 egrederetur,
3161 5093 3368 5152 acrius
3420 5092 3604 5165 agita-

1945 5197 2109 5252 runt.
2142 5191 2491 5249 Prostratus
2528 5190 2718 5263 igitur
2758 5197 3011 5249 sanctus
3050 5191 3112 5248 in
3157 5190 3374 5248 limine
3411 5190 3605 5249 cellae

1945 5303 2093 5348 suae
2160 5288 2352 5361 pedes
2420 5288 2586 5346 foras
2643 5288 2873 5356 emisit,
2935 5287 3353 5346 daemonibus
3414 5301 3605 5344 vanae

1945 5388 2186 5462 gloriae
2220 5403 2236 5444 :
2266 5387 2541 5461 Traliite,
2600 5387 2824 5459 inquit,
2859 5400 2959 5443 me
2988 5392 3049 5443 et
3092 5384 3325 5457 vellite,
3358 5385 3607 5441 daemo—

1946 5501 2077 5559 nes,
2137 5484 2187 5541 si
2231 5485 2505 5555 potestis.
2554 5484 2681 5557 Ego
2724 5484 2893 5540 enim
2933 5482 3091 5541 meis
3138 5480 3405 5552 pedibus
3456 5480 3610 5537 alias

1947 5598 2071 5642 non
2126 5580 2336 5640 ablbo.
2398 5582 2504 5641 Sin
2559 5579 2820 5655 potestis
2865 5579 3053 5637 talem
3112 5589 3213 5633 me
3252 5576 3608 5647 deportare,
