4092 6256
513 305 577 363 71
1373 298 1475 355 SS.
1523 292 2002 354 MACARIORUM
2044 286 2381 350 AEGYPTII
2424 293 2509 349 ET
2551 292 3051 353 ALEXANDRINI
3848 294 3914 351 72

510 450 636 509 quo
689 432 898 492 dicitis
932 429 1311 504 perveniam.
1348 428 1546 500 Atque
1598 424 1823 484 iuravit
1866 422 1943 482 iis
1977 442 1989 481 :
2033 423 2153 495 Sic,
2190 419 2237 474 Α
2271 422 2497 481 Christi
2536 438 2648 496 ego
2679 424 3024 492 observavi,
3074 423 3279 484 Marco
3319 424 3713 484 execritatori
3764 441 3913 483 nun-

510 532 736 605 inquit,
797 530 1014 589 iacebo
1074 541 1271 599 usque
1319 526 1390 583 ad
1458 537 1804 596 vesperam.
1876 521 2001 578 Nisi
2062 535 2161 577 me

510 628 852 696 moveritis,
881 626 1059 685 vobis
1099 640 1221 684 non
1256 624 1570 683 obediam.
1605 622 1806 691 Quum
1846 634 1993 678 vero
2035 619 2161 676 im-

509 731 716 785 motus
759 724 1103 790 mansisset,
1151 736 1292 781 sero
1348 721 1591 793 vesperi
1647 719 1895 777 tandem
1954 730 2158 775 surre-

510 825 621 882 xit.
682 824 796 882 Sed
857 828 1032 881 nocte
1080 821 1443 879 adventante
1502 832 1719 876 rursus
1773 831 1915 874 eum
1980 815 2161 873 vehe-

510 922 782 980 mentius
836 920 1022 979 etiam
1089 918 1369 976 insectati
1434 920 1596 974 sunt.
1650 915 1849 984 Quare
1914 918 2160 971 sanctus

511 1016 798 1085 surrexit,
854 1016 1250 1086 duorumque
1290 1013 1419 1070 fere
1467 1009 1827 1069 modiorum
1885 1014 2159 1081 sportam

510 1130 696 1174 arena
741 1113 1046 1186 implevit,
1104 1127 1226 1184 qua
1282 1109 1565 1168 humeris
1624 1107 1916 1180 imposita
1967 1111 2160 1163 totam

510 1213 914 1272 solitudinem
973 1209 1263 1283 pervasit.
1310 1206 1419 1265 Cui
1462 1206 1739 1265 occurrit
1780 1204 2160 1262 Theosebius

511 1312 830 1370 Cosmetor
884 1309 1325 1376 Antiochenus,
1377 1312 1475 1363 et:
1523 1304 1702 1373 Quid,
1749 1302 1969 1376 inquit,
2018 1315 2158 1373 por-

510 1414 622 1476 tas,
657 1409 818 1465 abba
846 1405 875 1465 ‘2
899 1405 1058 1465 Cede
1088 1404 1243 1462 mihi
1289 1418 1470 1475 onus,
1505 1417 1656 1460 neve
1696 1401 1829 1472 ipse
1869 1399 2109 1457 vexeris
2143 1396 2155 1453 l

509 1506 623 1564 llle
668 1511 875 1563 autem
910 1522 920 1560 :
956 1504 1143 1575 Vexo,
1176 1501 1403 1574 inquit,
1444 1514 1613 1570 eum,
1646 1498 1753 1570 qui
1811 1512 1912 1554 me
1960 1502 2155 1553 vexat.

510 1604 647 1675 Ipse
676 1603 845 1660 enim
867 1616 1062 1674 quum
1089 1600 1354 1658 lascivus
1380 1598 1479 1667 sit,
1514 1597 1671 1655 mihi
1708 1595 2161 1669 peregrinatio-

508 1716 617 1760 nes
643 1701 933 1773 suggerit.
971 1699 1070 1757 Sic
1102 1713 1247 1756 vero
1292 1711 1487 1770 quum
1518 1711 1582 1753 se
1609 1695 1875 1752 multum
1906 1706 2161 1765 permo-

509 1801 717 1871 visset,
750 1799 813 1855 in
843 1797 1064 1856 cellam
1096 1795 1349 1854 intravit
1377 1794 1646 1853 contrito
1672 1806 1937 1863 corpore
1978 1788 2090 1866 (l).
2132 1811 2153 1842 ι

588 1892 616 1973 §
652 1899 739 1955 19.
776 1896 937 1954 Haec
980 1897 1302 1966 hucusque
1346 1892 1615 1951 Historia
1658 1890 1967 1954 Lausiaca,
2002 1903 2161 1960 quae

509 1997 571 2055 in
617 1995 940 2053 codicibus
982 1992 1570 2050 Vindobonensibus
1626 1988 1873 2060 legitur,
1906 1988 2023 2044 sub
2072 1988 2162 2043 in-

509 2092 647 2151 dice
710 2110 723 2147 :
788 2092 866 2148 De
921 2091 1187 2147 Macario
1251 2088 1688 2146 Alexandrino.
1747 2084 2037 2156 Sequitur
2098 2084 2161 2141 in

510 2188 725 2249 codice
777 2188 1256 2246 membranaceo
1312 2186 1428 2242 sub
1486 2184 1689 2241 indice
1736 2202 1748 2239 :
1797 2200 1827 2237 α
1874 2183 1950 2239 De
2010 2182 2163 2239 Mar-

510 2303 584 2346 co
619 2310 645 2339 »
681 2284 793 2363 (2),
826 2287 886 2343 in
928 2284 1145 2343 codice
1184 2285 1511 2341 chartaceo
1561 2282 1677 2339 sub
1721 2280 1927 2338 indice
1963 2296 1973 2333 :
2014 2298 2042 2332 «
2084 2280 2162 2336 De

510 2386 714 2443 Marco
753 2384 1162 2442 exercitatore
1225 2404 1251 2432 η
1282 2376 1371 2456 (3)
1427 2384 1613 2449 caput
1664 2379 2005 2451 quoddam,
2058 2392 2162 2434 cu-

508 2484 607 2542 ius
656 2483 927 2539 maxima
970 2493 1113 2552 pars
1154 2479 1218 2535 in
1261 2476 1445 2535 editis
1487 2477 1790 2534 Historiae
1839 2475 2162 2533 Lausiacae

508 2580 975 2650 exemplaribus
1034 2577 1112 2634 de
1192 2575 1456 2633 Macario
1533 2574 1950 2631 Alexandrino
2017 2573 2157 2645 agit.

508 2678 718 2750 Neque
757 2678 890 2749 ipse
928 2675 1123 2733 codex
1174 2673 1690 2730 membranaceus
1728 2672 1847 2729 sibi
1900 2675 2154 2733 constat,

507 2776 615 2849 qui
655 2788 888 2841 senem,
951 2773 1028 2830 de
1075 2786 1199 2844 quo
1248 2776 1563 2841 narratur,
1619 2767 1807 2828 modo
1865 2770 2159 2840 Marcum,

508 2873 697 2931 modo
767 2871 1105 2929 Macarium
1178 2869 1429 2927 indicat.
1509 2868 1881 2926 Chartaceus
1954 2873 2159 2924 autem

507 2985 755 3043 semper
801 2970 1056 3043 quidem
1123 2967 1395 3025 Marcum
1451 2966 1751 3031 nominat,
1813 2979 2003 3036 quem
2069 2971 2159 3023 ta—

506 3082 651 3127 men
681 3083 863 3140 saepe
892 3066 916 3115 ὁ
947 3065 1267 3136 μακάριος
1326 3062 1567 3133 μάρκος
1597 3061 1685 3137 (Ii)
1717 3058 1836 3130 74
1863 3062 2154 3135 appellat.

504 3168 670 3237 Quae
700 3181 894 3239 quum
926 3167 1009 3223 ita
1036 3164 1179 3231 sint,
1211 3164 1299 3220 fas
1325 3163 1467 3233 erit,
1519 3163 1637 3219 hoc
1668 3175 1917 3233 quoque
1976 3166 2160 3232 caput

503 3265 673 3337 quod
736 3266 798 3321 in
866 3263 1193 3321 codicibus
1260 3260 1844 3318 Vindobonensibus
1901 3277 1915 3317 :
1988 3277 2017 3312 α
2080 3258 2159 3314 De

506 3371 711 3427 Marco
761 3392 783 3421 ι
831 3368 1218 3432 inscribitur,
1267 3380 1581 3437 apponere
1607 3364 1712 3438 "et,
1767 3378 1915 3422 num
1965 3364 2027 3420 in
2084 3378 2159 3422 eo

505 3467 582 3525 de
616 3468 843 3539 Marco,
873 3480 951 3522 an
1004 3465 1083 3522 de
1130 3463 1395 3521 Macario
1453 3470 1764 3530 narretur,
1824 3461 2152 3533 dispicere.

503 3564 677 3633 Quod
727 3564 984 3636 quidem
1028 3564 1111 3619 ita
1157 3561 1634 3633 praestabimus,
1664 3564 1732 3618 ut
1768 3565 2002 3618 textum
2058 3572 2159 3615 co-

500 3662 658 3720 dicis
718 3660 1181 3719 membranacei
1256 3659 1443 3716 latine
1507 3658 1821 3716 redditum
1889 3672 2159 3729 appona-

500 3774 663 3832 mus,
692 3760 1000 3817 variantes
1041 3763 1250 3815 autem
1296 3757 1568 3814 nominis
1606 3755 1771 3813 senis
1816 3754 1984 3813 illius
2029 3755 2159 3812 lec-

500 3857 724 3925 tiones,
783 3871 942 3930 quae
1016 3856 1080 3913 in
1140 3855 1355 3913 codice
1425 3855 1753 3912 chartaceo
1822 3853 2155 3923 habentur,

499 3956 618 4013 sub
665 3961 834 4013 textu
886 3959 1275 4011 annotemus.
1314 3953 1399 4009 lta
1446 3952 1616 4009 enim
1665 3950 1901 4009 codicis
1959 3965 2154 4008 mem-

502 4053 792 4115 branacei
856 4052 1123 4111 Historia
1197 4049 1482 4108 Lausiaca
1548 4063 1803 4107 narrare
1865 4049 2061 4121 pergit
2139 4065 2151 4105 :

506 4171 537 4211 «
594 4157 673 4213 De
716 4152 939 4211 eodem
992 4156 1203 4208 sancto
1260 4150 1463 4207 Marco
1515 4161 1738 4220 magno
1790 4147 2155 4205 exercitato-

507 4269 577 4314 re
606 4251 697 4329 (5)
731 4251 833 4308 hic
869 4248 1263 4307 admirabilis
1292 4247 1594 4304 Macarlus
1633 4246 1751 4303 hoc
1790 4244 2159 4302 incredibile

510 4350 692 4410 nobis
738 4346 1011 4405 narravit
1056 4361 1069 4401 :
1109 4345 1311 4414 Quum
1363 4357 1562 4413 sacro,
1612 4342 1835 4414 inquit,
1897 4356 2157 4399 munere

508 4449 824 4521 fungerer,
871 4450 1155 4516 tempore
1208 4440 1667 4499 distributionis
1711 4440 2156 4512 mysteriorum
2190 4475 2233 4529 Β

577 4695 652 4767 (1)
691 4695 905 4750 Textus
936 4705 1185 4761 graecus
1211 4687 1426 4756 legitur
1446 4687 1600 4742 infra
1622 4687 1681 4742 in
1700 4687 1915 4743 harum
1938 4688 2154 4753 Quaes-

504 4786 735 4842 tionum
768 4778 1111 4852 Appendice
1138 4776 1336 4848 priore
1365 4775 1477 4831 sub
1516 4776 1583 4829 II.

576 4874 657 4946 (2)
698 4874 949 4927 Graece:
982 4865 1355 4940 ΗερὶΜὰρκου.
1382 4864 1463 4919 Cf.
1490 4866 1707 4920 harum
1727 4865 2151 4930 Quaestionum

499 4961 905 5036 Appendicem
938 4956 1197 5028 priorem
1230 4954 1341 5007 sub
1369 4953 1413 5007 ll
1447 4970 1496 5008 c.
1528 4958 1690 5008 nota.

574 5050 653 5123 (3)
694 5050 915 5105 Graece
941 5049 1063 5117 Περὶ
1089 5050 1181 5096 τοῦ
1212 5044 1424 5115 Μάρκου
1458 5050 1547 5095 τοῦ
1579 5045 1841 5100 άσκὴτου,
1883 5042 1964 5098 Cf.
2000 5043 2152 5098 infra

502 5138 916 5215 Appendicem
957 5134 995 5189 l.
1029 5134 1065 5187 l.

572 5229 650 5301 (4)
694 5228 880 5283 Litera
927 5224 1123 5294 prima
1168 5221 1428 5278 nominis
1476 5222 1701 5293 proprii
1741 5221 1801 5276 in
1842 5221 2150 5277 codicibus

499 5314 802 5374 Vindobb.
838 5310 1175 5366 minuscula
1206 5325 1337 5364 esse
1370 5309 1539 5373 solet,
1576 5309 1733 5362 unde
1766 5324 1985 5363 nomen
2018 5324 2151 5379 pro-

496 5407 693 5480 prium
723 5402 994 5475 Μακάριος
1033 5400 1109 5455 ab
1148 5398 1440 5454 adiectivo
1472 5399 1727 5471 μάκαριος
1768 5396 1826 5451 in
1860 5398 1928 5452 iis
1969 5398 2147 5466 scrip-

499 5502 632 5551 tura
670 5508 793 5547 non
818 5488 1028 5545 diﬁert.

569 5584 649 5655 (5)
715 5585 839 5653 Περὶ
898 5586 987 5632 τοῦ
1048 5575 1201 5649 ἁγίου
1268 5578 1451 5629 τούτου
1512 5578 1715 5649 μάρκου
1767 5582 1859 5626 τοῦ
1920 5574 2145 5646 μεγάλου

493 5670 792 5733 ἀσκήτου...
834 5669 977 5732 Cod.
1024 5668 1286 5725 chartae.
1332 5663 1549 5721 rectius
1595 5680 1608 5718 :
1662 5666 1787 5735 Περὶ
1825 5666 2028 5737 μάρκου
2054 5674 2144 5719 τοῦ

2271 536 2458 595 quam
2506 536 2605 579 me
2648 522 2893 579 dedisse
2942 522 3352 593 oblationem,
3404 524 3512 581 sed
3563 524 3811 596 angelus
3858 523 3913 580 ei

2270 619 2455 677 dabat
2503 619 2579 676 de
2628 620 2830 677 altari.
2890 620 3013 693 Ego
3070 635 3215 679 vero
3267 622 3470 679 solum
3523 621 3915 694 splendorem

2271 730 2491 774 manus
2533 716 2658 774 vidi
2704 719 2861 790 eius,
2903 718 3009 790 qui
3054 719 3110 776 ei
3142 718 3522 777 oblationem
3570 720 3773 777 dabat.
3808 720 3915 777 Hic

2269 828 2417 872 vero
2470 815 2709 873 Marcus
2761 830 2957 887 quum
3012 817 3221 874 iunior
3271 822 3433 875 esset
3486 815 3597 893 (6),
3647 822 3815 875 vetus
3864 824 3919 874 et

2270 927 2502 970 novum
2569 919 3004 972 testamentum
3063 915 3429 974 memoriter
3480 916 3725 986 didicit,
3775 916 3924 973 fuit—

2270 1024 2392 1082 que
2423 1010 2746 1083 insigniter
2791 1012 2961 1069 mitis
3014 1018 3200 1086 atque
3230 1018 3456 1079 castus,
3487 1013 3536 1070 si
3570 1014 3712 1086 quis
3741 1011 3914 1071 alius.

2356 1127 2384 1158 «
2425 1108 2705 1177 Quodam
2753 1109 2855 1166 die
2904 1124 3100 1182 quum
3157 1111 3357 1168 otium
3408 1110 3563 1169 mihi
3612 1116 3793 1180 esset,
3842 1112 3918 1169 ad

2271 1220 2417 1262 eum
2468 1206 2529 1262 in
2570 1212 2847 1264 extrema
2876 1208 3012 1265 eius
3062 1214 3377 1267 senectute
3412 1209 3689 1280 perrexi.
3730 1209 3918 1279 Quem

2271 1318 2464 1376 quum
2513 1319 2648 1375 ego.
2702 1310 2917 1377 utpote
2954 1306 3063 1377 qui
3114 1307 3290 1364 rudis
3337 1321 3562 1374 essem,
3597 1321 3784 1379 supra
3812 1308 3921 1366 ho-

2272 1400 2505 1458 minem
2558 1416 2691 1459 esse
2742 1402 3189 1466 existimarem,
3242 1408 3308 1461 ut
3338 1405 3526 1462 etiam
3577 1404 3713 1469 fuit,
3763 1405 3920 1464 ostio

2271 1499 2464 1556 cellae
2528 1499 2726 1571 ipsius
2781 1500 2994 1558 adsedi
3056 1507 3136 1572 et,
3198 1501 3351 1573 quid
3411 1503 3778 1574 loqueretur.
3826 1503 3921 1560 vel

2272 1602 2501 1670 ageret,
2557 1597 2926 1655 auscultavi.
3015 1598 3194 1657 Solus
3259 1600 3449 1671 igitur
3505 1600 3672 1659 intus
3728 1616 3920 1673 quum

2271 1696 2396 1753 iam
2440 1701 2687 1753 centum
2765 1695 2893 1753 fere
2976 1711 3171 1754 annos
3244 1697 3506 1756 haberet
3584 1698 3924 1771 dentesque

2214 1794 2233 1841 )
2272 1794 2596 1861 amisisset,
2649 1808 2860 1851 secum
2886 1800 2947 1851 et
2992 1808 3137 1852 cum
3169 1796 3423 1854 diabolo
3466 1796 3758 1870 pugnavit
3804 1813 3916 1856 ac:

2270 1891 2428 1961 Quid
2458 1891 2730 1957 tandem,
2784 1891 3009 1963 inquit,
3046 1895 3158 1960 vis,
3212 1895 3372 1951 male
3430 1909 3614 1952 senex
3645 1892 3677 1953 εἲ
3722 1895 3805 1953 En
3834 1896 3919 1953 vi~

2271 2003 2419 2045 num
2453 1988 2667 2045 bibisti
2699 1994 2759 2045 et
2788 1988 2997 2047 oleum
3030 1990 3303 2062 tetigisti.
3340 1991 3497 2060 Quid
3530 1992 3621 2049 vis
3652 1993 3924 2064 amplius

2270 2085 2386 2143 tibi
2440 2086 2687 2156 faciam,
2729 2100 2920 2144 vorax
2966 2087 3029 2143 in
3074 2088 3319 2155 canitie,
3365 2090 3642 2148 serviens
3678 2091 3925 2149 ventri?

2272 2183 2356 2239 lta
2402 2197 2468 2241 se
2512 2184 2646 2255 ipse
2683 2186 3079 2243 contumeliis
3119 2186 3457 2258 castigavit.
3513 2187 3767 2248 Diabolo
3803 2205 3927 2248 au-

2273 2288 2443 2341 tem:
2503 2280 2766 2353 Recede,
2827 2282 3051 2355 inquit,
3111 2300 3144 2340 a
3203 2297 3325 2349 me,
3373 2284 3643 2344 diabole.
3691 2288 3925 2346 Conse-

2272 2378 2459 2438 nuisti
2510 2394 2756 2437 mecum
2806 2381 2868 2437 in
2906 2380 3176 2452 pigritia.
3234 2380 3661 2442 Infirmitatem
3690 2399 3925 2458 corpo-

2272 2478 2360 2535 ris
2417 2477 2570 2535 mihi
2630 2477 2928 2535 inﬂixisti.
2969 2478 3193 2537 Vinum
3244 2489 3301 2537 et
3339 2480 3548 2539 oleum
3587 2496 3686 2540 me
3712 2485 3929 2555 perci-

2273 2589 2423 2648 pere
2469 2575 2691 2633 fecisti.
2751 2576 3183 2648 Voluptarium
3234 2592 3333 2635 me
3378 2580 3729 2639 reddidisti.
3762 2581 3926 2650 Quid

2272 2673 2384 2730 tibi
2430 2672 2685 2744 insuper
2723 2670 2973 2731 debeo?
3004 2674 3169 2733 Nihil
3202 2674 3444 2734 invenis
3485 2677 3551 2735 in
3580 2691 3701 2745 me,
3752 2680 3925 2751 quod

2271 2770 2561 2845 deripere
2592 2770 2764 2828 velis.
2817 2772 3049 2829 Recede
3091 2786 3240 2844 ergo
3283 2789 3317 2831 a
3347 2788 3470 2840 me,
3528 2775 3783 2834 inimice
3815 2777 3928 2836 bo-

2272 2868 2535 2925 minum.
2609 2870 2694 2926 Ac
2745 2870 2933 2927 veluti
2989 2868 3148 2928 latro
3193 2867 3309 2938 75
3344 2873 3465 2931 sibi
3521 2874 3702 2947 ipse:
3764 2880 3929 2948 Age-

2272 2964 2447 3035 dum,
2493 2964 2717 3037 inquit,
2768 2972 3050 3039 nugator,
3094 2969 3158 3025 in
3196 2970 3425 3027 canitie
3465 2975 3712 3029 vorator
3756 2978 3819 3031 et
3860 2973 3925 3030 in

2272 3061 2628 3121 heluatione
2669 3079 2855 3122 senex
2891 3063 2903 3120 l
2938 3065 3244 3134 Quamdiu
3276 3068 3464 3125 etiam
3510 3073 3718 3127 tecum
3753 3085 3869 3129 ero
3896 3068 3928 3128 ?

2354 3178 2384 3213 ί(
2429 3160 2807 3232 Paphnutius
2835 3177 3087 3236 quoque
3132 3164 3357 3223 Christi
3392 3180 3610 3225 servus
3637 3172 3699 3226 et
3729 3182 3930 3240 prae-

2269 3258 2420 3316 clari
2458 3259 2642 3317 huius
2678 3260 2793 3317 viri
2821 3261 3167 3333 discipulus
3200 3263 3352 3321 haec
3382 3265 3563 3323 nobis
3593 3269 3877 3326 narravit
3912 3284 3925 3324 :

2268 3357 2569 3426 Quodam,
2631 3358 2857 3430 inquit,
2916 3361 3041 3432 die,
3098 3376 3295 3434 quum
3373 3360 3678 3423 Macraius
3747 3366 3928 3426 domi

2268 3455 2333 3512 in
2389 3455 2530 3513 aula
2584 3456 2829 3514 sederet
2885 3455 2976 3533 (7)
3030 3466 3090 3517 et
3118 3475 3401 3519 animum
3450 3462 3572 3521 Deo
3614 3463 3929 3524 intentum

2268 3552 2550 3623 haberet,
2601 3556 2839 3626 hyaena
2889 3558 3165 3614 catulum
3213 3573 3469 3617 caecum
3518 3574 3705 3618 suum
3750 3568 3933 3622 attu-

2269 3650 2359 3717 lit,
2413 3657 2471 3707 et
2515 3651 2674 3708 ostio
2723 3653 2902 3710 aulae
2943 3654 3143 3727 capite
3193 3657 3439 3728 puisato
3490 3658 3763 3731 ingressa
3804 3667 3929 3735 est,

2268 3748 2383 3807 illo
2429 3748 2615 3806 etiam
2664 3750 2952 3810 sedente.
2989 3752 3178 3811 Cuius
3207 3760 3346 3812 ante
3379 3756 3566 3827 pedes
3601 3770 3745 3814 eum
3782 3773 3933 3831 pro-

2268 3856 2433 3912 iecit.
2490 3855 2750 3914 Sanctus
2792 3857 2983 3930 igitur
3034 3860 3338 3919 Macarius
3392 3877 3589 3935 quum
3641 3865 3930 3926 catulum

2268 3953 2607 4026 accepisset
2637 3952 2725 4030 (8)
2758 3955 3019 4029 eiusque
3065 3957 3129 4014 in
3177 3960 3395 4018 oculos
3433 3961 3721 4033 spuisset,
3773 3976 3933 4022 ora-

2268 4051 2374 4118 vit,
2432 4057 2491 4109 et
2539 4053 2746 4110 statim
2802 4055 3045 4113 catulus
3096 4056 3277 4116 vidit.
3336 4057 3531 4127 Quem
3583 4074 3780 4132 quum
3841 4063 3932 4121 la-

2269 4153 2509 4215 ctasset,
2554 4151 2791 4223 hyaena
2822 4153 2997 4211 abiit.
3050 4154 3154 4211 Die
3205 4161 3412 4214 autem
3452 4160 3739 4231 sequenti
3795 4162 3934 4234 pel-

2270 4248 2393 4304 lem
2460 4263 2716 4321 magnae
2780 4252 2915 4308 ovis
2977 4257 3193 4311 sancto
3261 4255 3464 4315 Marco
3530 4256 3738 4316 attulit
3807 4256 3928 4336 (9),

2267 4359 2456 4416 quam
2533 4347 2789 4419 quidem
2864 4349 3091 4421 pellem
3153 4351 3205 4409 is
3289 4360 3502 4413 sancto
3584 4354 3936 4418 Athanasio

2267 4443 2564 4517 episcopo
2612 4446 2913 4519 reliquit;
2961 4450 3141 4507 beata
3191 4455 3401 4510 autem
3449 4452 3708 4511 Melania
3758 4455 3934 4514 mihi

2263 4692 2353 4762 μὲν
2385 4688 2645 4748 ἆσκήτου.
2668 4734 2681 4749 .
2702 4736 2716 4749 .

2335 4780 2410 4852 (6)
2477 4777 2638 4841 Οὗτος
2698 4778 2756 4833 δὲ
2792 4782 3039 4857 ὁμάρκος
3068 4787 3310 4856 νεώτερος
3340 4787 3434 4840 ὤν.
3456 4827 3469 4841 .
3493 4828 3505 4841 .
3550 4786 3698 4843 Cod,
3738 4786 3922 4845 chap.

2262 4874 2423 4925 tac.:
2481 4870 2645 4933 Οὗτος
2704 4867 2763 4923 δὲ
2800 4872 2825 4922 ὁ
2881 4875 3140 4944 μακάριος
3193 4875 3391 4947 μάρκον
3451 4880 3694 4947 νεώτερος
3740 4879 3926 4935 ὧν...

2266 4958 2368 5013 Ubi
2428 4961 2623 5031 μάρκον
2678 4960 2942 5031 positum
2993 4976 3123 5016 esse
3177 4977 3286 5033 pro
3325 4964 3544 5038 μάρκος,
3588 4980 3788 5037 neque
3811 4983 3937 5037 pro

2260 5050 2485 5121 μάρκου,
2522 5054 2582 5102 ut
2628 5050 2927 5121 quispiam
2963 5048 3215 5106 fortasse
3264 5051 3598 5121 crediderit,
3625 5069 3656 5109 e
3698 5054 3937 5110 codicis

2262 5138 2555 5207 scriptura
2587 5138 2947 5207 intelligitur.

2333 5227 2408 5295 (7)
2622 5227 2967 5299 καθεζομένου
3042 5235 3134 5280 τοῦ
3189 5233 3450 5303 μακαρίου
3506 5233 3676 5288 οἴκου.
3754 5233 3927 5289 Cod.

2259 5311 2451 5368 chart.
2521 5330 2533 5367 :
2585 5357 2633 5370 ..
2700 5315 3044 5375 καθεζομένου
3092 5322 3183 5368 τοῦ
3212 5321 3472 5391 μακαρίου
3518 5323 3608 5372 καὶ
3653 5317 3935 5374 ἀθανάτου

2258 5421 2481 5475 μαρκου.

2332 5491 2409 5561 (8)
2465 5498 2655 5544 Τοῦτον
2701 5496 2787 5544 τὸν
2836 5496 3061 5565 σκύμνον
3104 5491 3270 5546 λαϐὼν
3317 5497 3342 5546 ὁ
3399 5493 3551 5567 ἅγιος
3599 5497 3925 5573 Μακάριος.

2260 5580 2403 5636 Cod.
2445 5580 2612 5636 Chart
2641 5603 2652 5635 :
2685 5588 2750 5638 T.
2791 5601 2842 5639 τ.
2886 5602 2976 5639 σκ.
3015 5583 3069 5641 λ.
3110 5583 3307 5655 ὁᾶγιος
3333 5586 3547 5658 μάρκος.

2334 5669 2412 5742 (9)
2440 5671 2657 5743 "HW/xz
2681 5680 2750 5744 τῷ
2776 5669 2904 5745 ἁγίῳ
2929 5675 3113 5746 μάρκῳ
3145 5680 3391 5746 uterque
3416 5674 3631 5733 codex.
