4092 6256
176 320 243 376 73
1773 322 1806 377 V

1932 322 2005 378 E.
3525 317 3597 373 74

175 448 351 516 dixit,
384 463 447 507 se
475 464 509 505 a
540 452 753 507 sancto
785 447 1119 508 Athanasio
1162 451 1338 510 illam
1381 451 1636 526 pellem,
1664 466 1824 525 quae
1856 452 1902 504 A
1930 460 2044 508 'cus
2069 450 2320 524 pellem,
2370 453 2448 510 ab
2477 452 2716 524 hyaena
2765 451 2888 510 sibi
2945 450 3242 516 oblatam,
3280 450 3397 507 hoc
3452 462 3594 521 pro-

172 561 399 605 munus
468 547 747 618 hyaenae
810 548 1273 621 appellabatur,
1331 550 1671 623 accepisse.
1756 548 1821 606 Id

168 650 373 703 autem
448 644 750 703 Dominus
812 644 975 714 fecit,
1040 651 1107 705 ut
1175 646 1529 719 gloriosum
1592 647 1823 706 redde~

166 747 261 800 ret
317 756 566 800 servum
625 756 835 810 suum,
898 743 1058 803 sicut
1104 744 1294 803 etiam
1353 745 1417 803 in
1470 746 1602 804 Elia
1648 750 1709 803 et
1759 745 1821 803 in

170 839 419 898 Daniele
444 840 608 898 fecit.

251 956 282 992 ‹‹
316 936 653 997 Dicebatur
706 940 807 998 hic
854 944 1118 1004 sanctus,
1156 954 1234 998 ex
1290 955 1415 1013 quo
1476 942 1824 1015 baptizatus

159 1040 345 1104 esset,
386 1037 560 1094 humi
602 1052 726 1095 non
770 1038 1017 1110 spuisse
1062 1053 1174 1110 per
1222 1039 1537 1113 sexaginta
1582 1055 1805 1098 annos.

165 1136 378 1193 Annos
454 1133 624 1193 enim
716 1136 1124 1209 quadraginta
1205 1141 1385 1196 natus
1469 1138 1821 1210 baptizatus

162 1235 259 1291 est
290 1229 393 1304 (l).
423 1232 667 1292 Statura
711 1239 918 1292 autem
976 1234 1083 1294 illa
1132 1240 1327 1292 aetate
1380 1236 1526 1294 satis
1577 1236 1821 1295 minuta

162 1346 232 1389 ac
277 1344 413 1388 rara
452 1330 565 1389 fuit
600 1349 614 1401 ;
650 1331 813 1405 pilos
859 1332 923 1390 in
952 1334 1086 1392 solo
1141 1333 1317 1391 labro
1348 1334 1587 1401 habuit,
1636 1340 1821 1407 atque

162 1428 221 1486 in
273 1442 571 1501 suprema
614 1435 791 1502 parte
838 1432 1031 1489 menti
1089 1431 1308 1490 habuit
1359 1447 1608 1504 paucos.
1668 1433 1819 1491 Nam

162 1530 427 1600 propter
483 1527 716 1585 nimios
752 1528 1215 1586 exercitationis
1288 1529 1534 1589 labores
1583 1545 1661 1588 ne
1708 1531 1817 1603 pili

158 1623 426 1698 quidem
452 1624 644 1682 menti
672 1624 808 1682 eius
836 1625 1000 1682 enati
1032 1631 1194 1683 sunt.

235 1738 269 1775 «
323 1722 496 1779 Hunc
536 1726 818 1781 sanctum
850 1721 958 1779 die
1007 1723 1281 1795 quodam
1324 1726 1582 1783 conveni
1637 1726 1815 1785 valde

1934 550 2075 622 logo
2146 555 2321 617 teste,
2379 550 2436 609 S.
2511 551 2780 610 Macario
2851 549 3131 623 reliquit,
3188 564 3220 605 a
3273 561 3400 620 quo
3453 560 3591 604 eam

1932 648 1991 706 S.
2030 648 2292 706 Melania
2316 649 2556 720 accepit
2586 647 2701 724 (9).

2014 747 2168 818 Ergo
2224 748 2283 803 in
2314 747 2553 813 codice,
2601 762 2634 803 e
2675 761 2800 818 quo
2849 747 3147 819 prologus
3189 742 3575 816 compilaba-

1932 850 2055 913 tur,
2088 858 2187 901 res
2208 843 2353 901 illae
2384 858 2505 901 non
2539 844 2748 902 minus
2772 844 2849 902 de
2903 846 3106 903 Marco
3140 845 3422 899 narratae
3452 853 3587 898 esse

1932 941 2244 999 videntur.

2010 1040 2169 1109 Quid
2208 1044 2437 1107 autem,
2506 1039 2555 1098 si
2612 1041 2675 1097 in
2732 1039 3057 1097 codicibus
3093 1035 3587 1096 Vindobonensi-

1932 1138 2049 1195 bus
2076 1138 2141 1195 in
2166 1137 2275 1196 illo
2317 1138 2520 1208 capite
2566 1144 2841 1196 erratum
2874 1136 3004 1195 sit?
3057 1136 3238 1205 Quid,
3292 1135 3344 1192 si
3397 1134 3584 1192 index

1932 1234 2079 1292 ille:
2115 1255 2143 1285 «
2181 1235 2259 1291 De
2292 1235 2493 1293 Marco
2546 1255 2576 1290 »
2634 1234 2904 1309 margini
2964 1232 3316 1305 adscriptus
3365 1245 3582 1303 reapse

1931 1333 2005 1390 ad
2034 1333 2231 1389 solam
2278 1333 2698 1405 prodigiosam
2752 1332 2999 1390 Macarii
3044 1329 3451 1389 Alexandrini
3505 1328 3583 1385 de

1930 1430 2155 1498 Marco,
2186 1430 2286 1488 cui
2317 1431 2698 1488 oblationem
2746 1429 3005 1503 angelus
3053 1427 3320 1496 dederit,
3357 1439 3586 1483 narra-

1930 1529 2163 1586 tionem
2210 1528 2499 1600 pertinet,
2534 1544 2601 1585 ac
2632 1528 2877 1586 librarii
2907 1528 3043 1599 ipso
3074 1527 3190 1584 hoc
3232 1525 3463 1591 indice,
3516 1528 3583 1580 ut

1929 1630 2034 1682 aut
2101 1639 2330 1683 nomen
2383 1624 2637 1694 μακάριος
2698 1626 2760 1683 in
2818 1624 3014 1694 μάρκος
3087 1628 3418 1689 mutarent,
3478 1624 3582 1679 aut

1927 1722 2062 1780 voci
2093 1721 2353 1792 μακάριος
2382 1723 2640 1782 alteram
2699 1722 2898 1792 μάρκος
2945 1722 3266 1787 adderent,
3320 1718 3572 1777 adducti

150 1819 379 1877 anxius
426 1819 637 1877 animo
688 1825 749 1877 et
790 1838 803 1877 :
856 1818 1052 1887 Abba,
1113 1821 1393 1893 inquam,
1454 1823 1651 1882 Marce
1700 1822 1811 1901 (2),
1853 1802 1893 1857 Β
1927 1818 2111 1877 suntt

148 1916 308 1990 quid
384 1916 656 1984 faciam;
722 1932 864 1974 nam
919 1918 1195 1991 afﬂigunt
1252 1933 1352 1977 me
1411 1921 1815 1992 cogitationes

149 2013 613 2071 insusurrantes
659 2013 816 2072 mihi
855 2030 867 2071 :
918 2015 1081 2073 Nihil
1131 2016 1320 2085 facis,-
1372 2019 1593 2077 recede
1641 2018 1807 2079 hinc.

151 2111 597 2170 Sanctissimus
651 2112 891 2171 Marcus
944 2112 1101 2170 mihi
1156 2114 1643 2189 respondit(3):
1707 2118 1811 2175 Dic

152 2214 241 2276 tu,
276 2208 501 2282 inquit,
520 2211 1001 2284 cogitationibus
1025 2211 1146 2270 tuis
1172 2229 1184 2267 :
1212 2213 1471 2285 Propter
1496 2213 1808 2272 Christum

154 2306 426 2378 parietes
476 2314 594 2384 76
644 2308 950 2367 custodio.
1005 2310 1166 2367 Haec
1209 2310 1468 2383 quidem
1510 2327 1541 2368 e
1597 2312 1810 2371 multis

156 2404 524 2476 magnisque
554 2406 746 2478 signis
775 2420 845 2463 ac
868 2408 1316 2467 certaminibus
1346 2410 1561 2482 inclyti
1588 2416 1647 2468 et
1681 2411 1808 2468 vir-

156 2504 292 2557 tute
316 2502 517 2559 ornati
551 2501 736 2559 Marci
765 2500 850 2577 (4)
884 2502 1172 2562 indicavi.
1198 2527 1227 2558 »

240 2594 393 2655 Cum
434 2599 683 2658 duobus
738 2601 1063 2659 codicibus
1102 2602 1688 2664 Vindobonensibus
1730 2607 1808 2664 de

153 2695 274 2753 hoc
325 2696 462 2755 loco
509 2699 980 2770 componendus
1009 2705 1101 2757 est
1144 2701 1367 2760 tertius
1398 2702 1654 2776 quidam
1694 2719 1810 2762 co—

146 2792 271 2851 dex
292 2793 723 2888 bibliothecae
773 2796 1108 2856 Caesareae
1153 2798 1650 2860 Vindobonensis
1694 2799 1803 2879 (5),

145 2890 211 2948 in
278 2906 404 2963 quo
479 2892 794 2965 capitibus
866 2895 1144 2954 asseticis
1211 2897 1539 2957 cuiusdam
1622 2901 1807 2959 Marci

146 2987 470 3062 inscriptis
502 3007 514 3046 :
550 2994 652 3039 Τοῦ
693 2986 846 3061 ἁββᾶ
890 2991 1095 3062 μάρκου
1141 2997 1255 3065 περὶ
1310 3000 1400 3044 τοῦ
1456 3003 1807 3066 πνευματικοῦ

141 3086 309 3154 νόμον
344 3084 430 3165 (6)
485 3091 781 3163 prologus
853 3092 1275 3164 praemittitur
1347 3091 1432 3171 (7)
1505 3110 1539 3153 e
1605 3084 1808 3170 capite

2006 1915 2117 1985 '77
2167 1918 2342 1987 Quod
2371 1918 2628 1992 quidem
2686 1931 2831 1976 cum
2890 1931 3003 1989 per
3051 1932 3118 1974 se
3174 1930 3295 1973 non
3349 1915 3578 1973 abhor-

1925 2021 2058 2075 reat
2104 2032 2138 2074 a
2191 2015 2760 2083 verisimilitudine,
2814 2019 2984 2073 textu
3046 2014 3392 2071 editionum
3443 2027 3576 2070 ver-

1922 2116 2295 2186 sionumque
2362 2113 2669 2172 Historiae
2759 2111 3096 2170 Lausiacae
3166 2108 3572 2183 comprobari

1920 2214 2185 2271 videtur.
2224 2213 2287 2270 ln
2317 2216 2490 2270 textu
2539 2212 2706 2270 enim
2754 2210 3031 2277 Meursii,
3085 2208 3375 2267 Cotelerii
3420 2206 3572 2284 (10),

1924 2310 2432 2375 Fronto-Ducaei.
2528 2315 2715 2383 atque
2784 2310 2847 2367 in
2933 2309 3220 2368 versione
3300 2307 3570 2378 Herveti,

1920 2408 2185 2466 narratis
2243 2407 2342 2477 iis,
2401 2407 2633 2479 quibus
2682 2407 2744 2463 in
2779 2406 3107 2464 codicibus
3142 2404 3576 2462 Vindobonen-

1919 2507 2096 2565 sibus
2139 2507 2401 2564 historia
2434 2504 2681 2564 Macarii
2740 2502 3139 2563 Alexandrini
3173 2502 3409 2572 ﬁnitur,
3441 2500 3577 2573 pri-

1920 2620 2092 2663 mum
2125 2604 2402 2662 narratio
2434 2603 2762 2676 Paphnutii
2806 2602 2883 2661 de
2914 2602 3119 2660 catulo
3168 2616 3239 2658 ac
3283 2599 3451 2671 pelle
3494 2598 3575 2656 ab

1919 2703 2161 2776 hyaena
2240 2698 2505 2760 Macario
2596 2699 3015 2759 Alexandrino
3099 2697 3349 2767 oblatis,
3440 2702 3571 2754 tum

1919 2806 2145 2872 cetera,
2194 2814 2352 2876 quae
2381 2800 2443 2857 in
2474 2798 2798 2857 codicibus
2849 2813 3046 2870 usque
3106 2796 3181 2854 ad
3234 2795 3421 2853 ﬁnem
3470 2809 3571 2853 ca-

1922 2900 2066 2973 pitis
2146 2897 2475 2964 habentur,
2559 2896 3042 2969 subiunguntur.
3123 2893 3354 2951 Deinde
3434 2897 3575 2965 post

1920 2996 2111 3055 verba
2165 3013 2177 3051 :
2239 3015 2269 3050 (ι
2328 2996 2486 3054 Haec
2544 2995 2802 3067 quidem
2854 3008 2890 3052 e
2940 2993 3156 3051 multis
3207 2997 3266 3049 et
3329 2991 3569 3063 magnis

1920 3095 2110 3168 signis
2139 3110 2209 3153 ac
2261 3093 2712 3152 certaminibus
2759 3091 2976 3165 inclyti
3022 3105 3091 3147 ac
3138 3090 3366 3148 virtute
3396 3102 3575 3161 prae-

135 3184 456 3244 Historiae
512 3186 863 3255 Lausiacae,
915 3190 1085 3261 quod
1153 3191 1501 3250 attulimus.
1555 3195 1810 3267 compi-
1850 3159 1889 3213 Ο
1922 3193 2033 3251 diti
2088 3188 2350 3251 Macarii
2404 3190 2743 3263 signiﬁcavi
2778 3208 2809 3243 λ)
2860 3188 3141 3246 eiusdem
3194 3186 3442 3245 Macarii
3493 3186 3572 3244 de

138 3282 334 3340 latus.
393 3283 509 3353 Qui
562 3284 784 3357 incipit
838 3284 1282 3347 verbis:05ro<
1338 3287 1362 3337 ὁ
1417 3285 1670 3348 ἀθάνατος
1721 3295 1810 3342 καὶ

141 3378 408 3449 μακάριος
482 3381 682 3452 μάρκος
742 3385 980 3452 νεώτερος
1045 3382 1110 3431 ὧν
1190 3383 1415 3435 παλαιὰν
1480 3390 1570 3437 καὶ
1632 3391 1810 3445 καίνην

934 3481 1088 3540 Tum
1115 3484 1398 3561 sequitur

139 3590 236 3623 του
287 3573 383 3643 ἔφη
435 3575 460 3624 ὁ
509 3576 602 3645 μὲν
657 3576 911 3647 μακάριος
942 3577 967 3627 ὁ
1025 3574 1411 3652 Ἀλεξάνδρινος
1457 3580 1808 3655 πρεσβύτερος

136 3673 232 3735 ὧν,
269 3671 355 3721 ὅτι
393 3673 577 3745 μάρκῳ
628 3680 700 3723 τῶ
743 3672 950 3747 ἀσκητῇ
997 3672 1246 3729 οὐδέποτε
1291 3674 1464 3730 ἔδωκα
1504 3679 1605 3751 ἐγὼ
1646 3689 1809 3756 προσ··

143 3762 409 3833 φοράν...ο
465 3764 593 3834 Qua
642 3768 997 3825 narratione
1076 3769 1153 3827 de
1228 3772 1568 3839 oblatione,
1615 3788 1802 3847 quam

142 3861 361 3920 Marco
419 3863 552 3921 seni
616 3865 869 3937 angelus
929 3866 1195 3937 dederit,
1268 3866 1465 3940 ﬁnita,
1541 3872 1802 3930 alteram

132 3958 295 4031 legis
345 3960 422 4017 de
471 3961 678 4019 catulo
721 3977 791 4020 ac
845 3964 1009 4036 pelle
1066 3964 1364 4037 hyaenae,
1419 3984 1539 4040 que
1581 3969 1802 4041 incipit

131 4057 399 4115 verbis;
449 4054 624 4115 Οὕτως
679 4057 895 4128 ὀμέγας
948 4063 1038 4109 καὶ
1092 4058 1340 4120 ἀθάνατος
1376 4063 1575 4133 μάρκος
1615 4080 1626 4091 ’
1676 4070 1799 4117 ποτε

128 4152 490 4225 καθεζομένου
567 4151 614 4204 ἐν
684 4162 746 4226 τῇ
808 4155 934 4227 αὐλῇ
996 4164 1085 4218 τῆς
1137 4158 1318 4221 κε’λλης
1371 4161 1531 4213 αὐτοῦ
1590 4168 1795 4236 καὶτῷ

130 4252 231 4322 θεῷ
282 4250 732 4325 προσομιλοῦντος
803 4254 959 4306 ὕαιναι
1014 4257 1101 4307 τὸν
1168 4256 1354 4318 ἑαυτῆς
1426 4262 1651 4332 σκύμνον
1708 4282 1795 4314 τυ-

139 3477 359 3544 γραφὴν
409 3472 865 3533 ἀπεστὴθισεν....
934 3481 1088 3540 Tum
1115 3484 1398 3558 sequitur
1462 3498 1473 3537 :
1523 3490 1642 3558 Περὶ
1694 3488 1811 3537 τού·

126 4348 251 4421 φλόν
305 4353 435 4401 ὄντα
481 4352 665 4421 ἤνεγκε
729 4355 818 4403 καὶ
868 4352 1042 4426 ῥίπτει
1102 4355 1257 4406 αὐτὸν
1324 4356 1393 4418 εἰς
1462 4363 1577 4420 τοὺς
1626 4359 1793 4425 πόδας

123 4454 219 4499 τοῦ
271 4447 459 4518 ἁγίου,
494 4447 547 4499 ὃν
590 4453 679 4500 καὶ
714 4447 1051 4521 ἐθεράπευσεν
1083 4454 1108 4504 ὁ
1148 4453 1296 4524 ἅγιος
1340 4468 1353 4482 ⁸
1392 4463 1454 4528 τῇ
1492 4457 1605 4520 ἑξῆς
1627 4461 1794 4534 ἡμέρᾳ

122 4542 326 4598 κώδιον
379 4544 651 4620 προϐάτου
702 4548 928 4618 μεγάλου
982 4550 1115 4621 ἁγίῳ
1170 4556 1369 4623 ἤνεγκε,
1425 4556 1546 4627 ὅπερ
1580 4558 1605 4607 ὁ
1650 4558 1793 4629 ἅγιος

1923 3293 2145 3362 Marco,
2218 3290 2319 3348 cui
2375 3288 2761 3347 oblationem
2811 3286 3066 3359 angelus
3108 3284 3373 3355 dederit,
3427 3299 3567 3342 nar-

1921 3390 2079 3447 ratio
2141 3388 2365 3461 legitur
2415 3405 2432 3457 ;
2489 3401 2560 3444 ac
2610 3391 2743 3443 tum
2797 3385 3051 3442 demum
3106 3385 3225 3442 sub
3291 3383 3499 3440 indice
3547 3397 3560 3438 :

1928 3509 1951 3542 ‹
2008 3490 2087 3546 De
2142 3488 2347 3545 Marco
2406 3507 2428 3538 ι
2487 3486 2653 3543 hunc
2703 3498 2915 3541 senem
2962 3497 3168 3541 sacras
3220 3480 3565 3552 scripturas

1919 3586 2271 3648 edidicisse,
2306 3585 2574 3656 probum
2627 3589 2687 3640 et
2717 3588 2955 3641 castum
3010 3580 3196 3638 fuisse
3244 3584 3304 3637 et
3333 3583 3562 3645 cetera,

1916 3699 2077 3758 quae
2102 3684 2180 3742 de
2211 3682 2394 3741 Marci
2442 3696 2655 3739 secum
2686 3685 2745 3737 et
2790 3694 2933 3737 cum
2978 3677 3230 3737 diabolo
3278 3676 3567 3735 certami-

1914 3783 2101 3841 nibus
2129 3780 2473 3846 attulimus,
2528 3792 2725 3850 usque
2777 3778 2853 3834 ad
2898 3776 3085 3833 verba
3124 3793 3137 3831 :
3194 3796 3216 3827 ι
3253 3773 3563 3844 Quamdiu

1913 3881 2098 3939 etiam
2130 3885 2333 3937 tecum
2365 3892 2475 3935 ero
2510 3902 2535 3925 »
2572 3879 2939 3949 sequuntur.

1992 3979 2146 4050 Ergo
2201 3977 2262 4034 in
2321 3975 2705 4034 editionibus
2757 3972 3000 4045 graecis
3047 3970 3356 4029 Historiae
3408 3970 3560 4027 Lau-

1908 4077 2108 4134 siacae
2191 4080 2251 4133 et
2316 4074 2378 4131 in
2434 4073 2718 4131 versione
2775 4070 3019 4129 Ilerveti
3072 4070 3344 4126 maxima
3412 4081 3555 4139 pars

1905 4174 2149 4245 capitis,
2182 4172 2351 4245 quod
2382 4171 2445 4228 in
2477 4168 2849 4228 codicibus:
2905 4188 2927 4220 ‹
2975 4169 3055 4225 De
3109 4165 3315 4223 Marco
3370 4187 3397 4217 υ
3453 4165 3553 4221 in-

1904 4272 2209 4345 scriptum
2235 4276 2345 4343 est,
2394 4270 2469 4326 ad
2526 4266 2864 4325 Macarium
2906 4263 3395 4323 Alexandrinum
3449 4276 3547 4320 re-

1904 4370 2150 4438 fertur;
2209 4367 2451 4440 reliqua
2497 4381 2666 4431 vero,
2717 4378 2877 4438 quae
2948 4363 3025 4422 de
3082 4362 3285 4421 Marco
3338 4364 3550 4434 agunt,

1903 4483 2064 4527 novo
2088 4466 2288 4539 capite
2316 4463 2956 4537 comprehenduntur.

1989 4566 2179 4623 Aliter
2230 4577 2378 4621 vero
2424 4578 2488 4620 se
2539 4562 2725 4619 habet
2782 4560 2845 4616 in
2903 4556 3200 4616 Paradiso
3255 4559 3438 4628 atque
3487 4555 3550 4613 in

122 4646 328 4718 μάρκος
386 4642 728 4696 xui-adﬂant:
776 4653 847 4716 τῷ
896 4646 1028 4718 ἁγίῳ
1060 4654 1321 4721 μακαρίῳ.
1350 4655 1477 4724 Qua
1535 4658 1791 4730 quidem

1932 4664 2188 4721 'ersione
2278 4660 2585 4719 Historiae
2684 4657 3013 4716 Lausiacae
3115 4655 3389 4727 antiqua.
3487 4652 3554 4710 In

122 4745 501 4805 narratione
524 4744 820 4820 prologus
871 4748 985 4807 iste
1039 4751 1410 4811 terminatur
1457 4751 1569 4831 (8).
1643 4758 1795 4816 Mar-

183 4981 263 5053 (ί)
299 4985 850 5050 Τεσσαροικονταετὴς
886 4985 990 5056 γὰρ
1046 4983 1335 5046 ἐϐαπίσθη.
1371 4990 1519 5048 Cod,
1583 4984 1753 5051 ctiam

129 5072 191 5126 T.
241 5092 304 5143 γ.
351 5069 659 5127 ἐϐαπτίσθη
690 5071 715 5122 ὁ
744 5076 970 5143 γνήσιος
1018 5081 1109 5126 τοῦ
1156 5083 1389 5149 Χριστοῦ
1440 5076 1627 5142 δοῦλος
1664 5086 1795 5159 μάρ-

121 5179 224 5221 κος.

184 5250 262 5321 (2)
311 5246 491 5304 Ἀϐϐᾶ
519 5249 700 5317 Μάρκε
725 5254 973 5323 uterque
996 5254 1203 5309 codex.

194 5338 275 5410 (3)
314 5340 701 5412 Ἀποκρίνεται
748 5358 838 5411 μοι
880 5341 905 5390 ὁ
962 5339 1253 5413 ἁγιώτατος
1307 5347 1507 5419 μάρκος
1549 5351 1795 5419 uterque

133 5428 347 5484 codex.

196 5515 273 5586 (3)
436 5523 535 5571 τοῦ
573 5512 824 5590 ἀοιδίμου
864 5524 954 5573 καὶ
983 5519 1219 5596 ἐναρέτου
1244 5524 1516 5596 μάρκου...
1545 5531 1795 5597 uterque

132 5604 340 5662 codex.

202 5694 285 5766 (δ)
323 5696 480 5754 Cod.
542 5711 658 5752 ms.
698 5696 878 5755 theol.
921 5712 1119 5769 graec.
1170 5702 1268 5758 Nr.
1318 5703 1444 5767 274,
1499 5702 1643 5759 olim
1690 5701 1794 5757 238

1906 4760 2137 4834 quibus
2167 4756 2559 4817 narrationes
2606 4753 2831 4827 capitis
2876 4753 3048 4810 illius
3096 4751 3317 4809 eodem
3370 4763 3554 4822 pror-

1907 4990 2331 5149 chaigtﬁxcusa
2365 5078 2503 5130 sunt
2542 5074 2602 5128 in
2648 5072 2843 5142 Magn.
2884 5068 3029 5125 Bibl.
3062 5067 3180 5123 νγ.
3224 5066 3329 5121 PP.
3361 5063 3551 5120 Paris.

1904 5171 1963 5225 T.
1998 5169 2058 5223 XI
2088 5182 2154 5239 p.
2200 5164 2321 5219 888.

1975 5257 2054 5328 (7)
2106 5258 2168 5310 ln
2199 5252 2423 5309 codicis
2461 5250 2560 5306 fol.
2591 5252 2719 5317 247,
2740 5251 2799 5304 2.

1975 5347 2049 5416 (8)
2093 5343 2176 5400 Cf.
2225 5344 2436 5398 harum
2478 5336 2907 5405 Quaestionum
2950 5332 3359 5405 Appendicem
3407 5328 3563 5400 prio-

1904 5451 2029 5490 rem
2063 5433 2179 5488 sub
2213 5434 2297 5487 IV.

1976 5523 2053 5594 (9)
2092 5520 2180 5578 Cf.
2222 5535 2406 5591 supra
2434 5534 2494 5589 p.
2540 5517 2608 5572 16
2641 5518 2763 5569 not.
2794 5516 2847 5567 2.

1976 5590 2089 5683 (t0)
2131 5590 2374 5667 Coteler.
2410 5606 2559 5663 Eccl.
2593 5602 2800 5658 Graec.
2836 5601 2987 5654 Mon.
3012 5598 3073 5652 T.
3109 5590 3179 5645 ιιι
3209 5591 3419 5661 p.162.
