4092 6256
525 372 595 427 ’75
1393 365 1491 422 SS.
1534 361 2020 420 MACARIOHUM
2059 360 2388 418 AEGYPTII
2430 363 2516 419 ET
2551 363 3058 421 ALEXANDRINI
3846 362 3901 415 '76

522 516 626 559 sus
717 498 941 557 ordine
1021 502 1366 569 sequuntur
1435 500 1622 567 atque
1695 492 1758 550 in
1846 491 2175 551 codicibus
2208 493 2252 543 Α
2286 498 2653 565 sequuntur,
2709 494 2785 551 ad
2834 494 3169 551 Macarium
3214 490 3698 549 Alexandrinum
3746 503 3904 562 spec—

522 595 1130 656 Vindobonensibus.
1180 594 1387 666 Neque
1461 607 1609 650 vero
1666 590 1994 648 Paradisus
2049 587 2173 650 sibi
2286 597 2465 650 teut:
2520 607 2688 663 eum,
2747 608 2822 650 ex
2874 606 2999 665 quo
3054 590 3404 662 baptizatus
3465 589 3564 655 sit,
3626 587 3905 658 sexaginta

525 700 783 765 constat,
844 694 949 766 qui
1002 694 1243 764 pariter
1297 697 1481 764 atque
1534 690 1728 748 codex
1774 690 2177 746 membrana-
2288 704 2481 748 annos
2531 705 2651 748 non
2701 690 2877 748 humi
2931 689 3193 762 spuisse,
3266 701 3461 745 annos
3533 685 3908 760 quadraginta

528 808 676 851 ceus
730 791 1218 849 Vindobonensis
1280 804 1507 847 nomen
1562 788 1727 845 senis
1780 787 1967 845 modo
2023 786 2180 843 Mar-

2290 795 2503 845 natum
2547 790 2927 861 baptizatum
2975 803 3131 856 esse,
3184 792 3417 844 statura
3450 784 3625 843 brevi
3669 784 3840 841 fuisse
3863 786 3910 839 et

529 906 695 956 cum,
772 890 958 947 modo
1030 889 1366 946 Macarium
1437 887 1693 945 iudicat.
1770 886 1920 943 Nam
1983 897 2178 956 quum
2289 891 2515 953 cetera,
2563 902 2723 959 quae
2764 900 2961 959 usque
3009 885 3085 942 ad
3129 884 3314 942 ﬁnem
3366 883 3588 954 capitis
3628 883 3907 954 leguntur.

532 989 804 1061 primum
864 987 942 1045 de
992 983 1191 1043 Marco
1236 990 1565 1049 narrasset,
1637 988 1849 1056 postea
1910 980 2175 1039 scribit:

534 1106 564 1141 α
599 1086 688 1144 Ad
742 1087 906 1144 hunc
940 1084 1256 1157 [Marcum]
1317 1098 1461 1142 cum
1512 1083 1820 1140 venissem
1876 1081 2182 1138 dicerem-

533 1200 685 1258 que:
727 1185 899 1241 Abba
925 1179 1177 1240 Macari.
1230 1227 1243 1240 .
1298 1226 1310 1237 .
1364 1226 1374 1237 .
1429 1186 1642 1246 n,tum
1668 1180 1728 1237 in
1763 1179 1881 1236 ﬁne
1911 1178 2176 1249 capitis:

541 1298 563 1331 ι
599 1279 760 1335 Haec
805 1292 1001 1349 pauca
1048 1277 1124 1334 de
1179 1275 1393 1333 multis
1451 1290 1524 1332 ex
1580 1274 1758 1331 factis
1814 1273 2007 1330 sancti
2055 1267 2185 1330 Ma-

534 1373 682 1431 carii
727 1374 820 1431 vel
851 1374 1032 1431 dictis
1056 1372 1424 1446 signiﬁcavi.
1470 1392 1499 1427 »
1535 1373 1757 1431 Contra
1791 1371 1854 1428 in
1905 1369 2187 1428 versione

539 1472 842 1530 Historiae
894 1471 1221 1529 Lausiacae
1274 1470 1529 1542 antiqua
1586 1474 1787 1528 totum
1863 1472 2050 1539 caput
2111 1466 2187 1523 ad

537 1567 872 1627 Macarium
925 1569 1214 1638 refertur,
1269 1568 1377 1641 qui
1429 1568 1699 1625 Palladio
1758 1572 1896 1624 ante
1966 1565 2189 1623 cellam

538 1669 675 1727 eius
713 1668 964 1726 sedente
1002 1672 1061 1723 et
1100 1666 1484 1724 auscultante
1532 1680 1743 1723 secum
1790 1672 1849 1722 et
1879 1679 2022 1722 cum
2064 1664 2191 1723 dia-

542 1767 689 1825 bolo
720 1766 834 1823 ista
876 1764 1308 1823 confabulatus
1348 1764 1450 1834 sit,
1496 1768 1557 1821 et
1584 1763 1684 1821 cui
1728 1765 1911 1840 plane
1955 1764 2188 1828 omnia,

540 1879 699 1936 quae
754 1864 956 1935 capite
1004 1863 1113 1920 illo
1160 1862 1489 1926 habentur,
1545 1862 1930 1919 conveniant.
1984 1862 2194 1933 Neque

540 1965 603 2022 in
654 1977 725 2020 ea
773 1961 957 2019 Marci
1003 1960 1235 2019 mentio
1278 1958 1365 2026 ﬁt,
1413 1959 1530 2017 nisi
1559 1965 1644 2025 ut,
1689 1974 1848 2030 quae
1892 1959 2196 2017 Macarius

540 2063 619 2120 de
658 2074 734 2118 eo
778 2059 1084 2130 retulerit,
1130 2063 1505 2129 narrentur;
1539 2058 1768 2129 quibus
1816 2058 2192 2129 adiungitur,

542 2160 839 2225 Marcum,
901 2170 1094 2227 quum
1164 2155 1406 2212 iuvenis
1486 2158 1665 2220 esset,
1738 2170 1787 2210 s.
1856 2155 2199 2227 scripturas

543 2253 897 2319 edidicisse,
941 2257 1000 2310 et
1043 2253 1367 2324 insigniter
1410 2255 1800 2309 mansuetum
1854 2257 1915 2309 et
1961 2259 2197 2311 castum

547 2353 768 2411 fuisse.

626 2446 746 2517 '78
811 2448 967 2518 Quid
1051 2447 1240 2520 igitur
1285 2445 1315 2505 ἢ
1365 2448 1520 2505 Num
1596 2454 1958 2515 statuemus,
2040 2449 2197 2507 facta

545 2548 729 2607 Marci
806 2545 1117 2603 mentione
1184 2545 1476 2603 librarios
1546 2546 1833 2603 inductos
1888 2562 2046 2616 esse,
2105 2552 2194 2617 ut,

547 2661 705 2717 quae
738 2643 1003 2702 Macario
1032 2642 1430 2712 conveniunt,
1469 2645 1674 2702 Marco
1700 2644 2057 2713 tribuerint,
2095 2660 2192 2715 an,

546 2743 711 2816 quod
756 2742 819 2799 in
860 2741 957 2809 iis,
999 2756 1158 2813 quae
1199 2742 1591 2812 antecedunt,
1625 2743 1701 2799 de
1753 2742 2017 2801 Macario
2062 2758 2200 2800 nar—

545 2845 748 2897 ratum
796 2844 907 2907 est,
967 2838 1231 2896 Macario
1273 2838 1592 2909 tribuisse,
1621 2855 1780 2912 quae
1823 2841 1901 2899 ad
1929 2842 2198 2899 Marcum

547 2941 825 3011 spectant
858 2936 889 2995 ἢ

626 3036 785 3093 Haec
842 3034 1123 3108 quaestio
1169 3034 1377 3108 primo
1429 3035 1684 3108 quidem
1732 3036 2025 3109 adspectu
2058 3037 2203 3094 satis

546 3134 841 3209 perplexa
900 3148 1032 3191 esse
1090 3133 1338 3192 videtur
1388 3152 1402 3201 ;
1464 3135 1594 3199 sed,
1670 3136 1720 3192 si
1774 3141 2058 3194 accurate
2113 3135 2204 3192 di-

545 3232 969 3301 stinxerimus,
1026 3230 1203 3288 facile
1252 3232 1545 3289 solvetur.
1594 3232 1793 3291 Ruﬁni
1836 3234 2002 3290 enim
2050 3235 2203 3292 Con'

547 3330 892 3388 tinuatione
969 3329 1278 3386 Historiae
1372 3329 1839 3389 Ecclesiasticae
1924 3331 2201 3402 Eusebii,

552 3442 711 3500 quae
756 3425 953 3483 multo
1001 3430 1141 3482 ante
1190 3426 1523 3484 Historiam
1568 3428 1923 3485 Lausiacam
1971 3429 2202 3500 scripta

552 3529 664 3589 est,
717 3524 1077 3589 edocemur,
1134 3523 1339 3581 catulo
1398 3524 1677 3595 hyaenae
1725 3525 1941 3584 oculos
1994 3541 2025 3581 a
2085 3527 2202 3583 Ma-

553 3622 723 3681 cario
754 3621 1173 3679 Alexandrino
1213 3620 1528 3680 restitutos
1581 3637 1734 3680 esse.
1790 3623 1936 3681 Nam
1995 3624 2145 3697 legis
2184 3643 2197 3682 :

565 3742 591 3774 «
634 3721 801 3778 ldem
850 3719 983 3791 ipse
1029 3719 1329 3777 Macarius
1371 3721 1619 3777 leaenae
1674 3721 2033 3792 speluncam
2096 3722 2201 3779 ha-

557 3818 693 3877 buit
741 3817 1003 3875 cellulae
1055 3813 1250 3894 [suae]
1300 3818 1589 3875 vicinam.
1650 3818 1718 3876 Et
1774 3820 2043 3891 quadam
2105 3821 2203 3877 die

555 3915 793 3975 catulos
839 3929 983 3973 suos
1025 3929 1243 3973 caecos
1290 3916 1367 3973 ad
1417 3930 1559 3973 eum
1591 3916 1797 3975 bellua
1826 3918 2116 3990 producit
2146 3922 2206 3974 et

558 4019 697 4073 ante
741 4013 931 4086 pedes
959 4012 1095 4071 eius
1124 4013 1320 4085 ponit.
1374 4015 1447 4071 At
1479 4014 1586 4072 ille
1613 4030 1808 4087 quum
1855 4015 2206 4072 intellexis-

556 4118 669 4180 set,
723 4126 839 4185 pro
895 4112 1187 4171 caecitate
1244 4113 1572 4171 oculorum
1634 4114 1896 4171 bestiam
1963 4112 2206 4185 suppli-

558 4226 723 4279 care,
760 4211 995 4284 rogavit
1046 4210 1398 4280 Dominum,
1434 4217 1499 4269 ut
1529 4214 1618 4270 eis
1658 4213 1949 4270 redderet
1978 4212 2204 4269 visum.

2292 984 2443 1041 Nam
2498 986 2654 1042 ordo
2707 984 2894 1042 totius
2945 983 3133 1042 huius
3183 982 3486 1041 orationis
3535 981 3813 1053 postulat,
3861 982 3914 1035 ut

2294 1083 2444 1139 haec
2523 1081 2599 1139 de
2674 1086 2894 1141 eodem
2966 1095 3111 1139 sene
3194 1080 3642 1152 intelligantur,
3719 1092 3750 1134 a
3812 1089 3913 1147 quo

2294 1180 2457 1238 oculi
2507 1180 2713 1238 catulo
2753 1181 3028 1252 hyaenae
3074 1177 3344 1236 restituti
3373 1181 3540 1236 sunt.
3582 1175 3689 1233 Illa
3719 1187 3854 1232 vero
3876 1173 3915 1229 si

2294 1278 2372 1335 de
2429 1278 2695 1336 Macario
2751 1277 3147 1350 intelligenda
3218 1281 3378 1343 sunt,
3436 1288 3651 1332 senem
3702 1285 3916 1346 quoque

2296 1381 2545 1433 centum
2609 1389 2939 1446 annorum,
2992 1374 3100 1447 qui
3171 1389 3236 1431 se
3299 1379 3359 1432 et
3429 1371 3752 1430 diabolum
3815 1375 3916 1426 tam

2300 1474 2523 1530 acerbe
2573 1473 2939 1544 increpavit,
2990 1471 3327 1530 Macarium
3369 1471 3566 1529 fuisse
3615 1469 3787 1527 facile
3827 1472 3921 1523 sta-

2299 1575 2455 1627 tues.
2516 1571 2663 1628 Nam
2716 1571 3124 1643 quadraginta
3177 1570 3343 1631 anni,
3415 1581 3578 1640 quos
3656 1563 3919 1625 Macarius

2302 1674 2440 1725 ante
2493 1669 2870 1739 baptismum
2920 1668 3095 1737 vixit,
3144 1672 3201 1725 et
3240 1665 3581 1739 sexaginta,
3621 1678 3771 1737 quos
3798 1659 3919 1717 vixit

2305 1772 2560 1838 accepto
2618 1767 2959 1839 baptismo,
3037 1767 3087 1824 si
3160 1769 3631 1837 computantur,
3705 1764 3919 1820 centum

2306 1878 2499 1921 annos
2524 1864 2817 1922 efﬁciunt.

2386 1959 2504 2029 79
2540 1963 2748 2034 Itaque
2792 1960 2854 2019 in
2888 1962 3018 2019 sola
3066 1960 3323 2032 antiqua
3376 1960 3667 2018 versione
3721 1959 3919 2014 rectam

2310 2060 2572 2117 inveniri
2629 2060 2953 2117 nominum
3000 2060 3376 2131 scripturam
3419 2057 3740 2129 intelligis,
3772 2066 3920 2111 cunc-

2308 2162 2515 2229 taque,
2569 2172 2728 2230 quae
2778 2158 2982 2229 capite
3030 2157 3138 2215 illo
3189 2156 3481 2214 codicum
3527 2152 3921 2212 Vindobonen-

2309 2255 2521 2313 sium:
2579 2274 2606 2309 α
2666 2256 2745 2314 De
2788 2256 2990 2312 Marco
3041 2273 3069 2309 »
3122 2254 3423 2327 inscripto
3482 2254 3803 2319 habentur,
3862 2244 3919 2303 ad

2312 2353 2646 2411 Macarium
2755 2352 3246 2410 Alexandrinum
3355 2357 3662 2423 spectare,
3755 2354 3921 2416 neque

2308 2452 2565 2510 omnino
2619 2452 2891 2508 Marcum
2949 2450 3012 2507 in
3064 2451 3267 2522 capite
3316 2448 3653 2515 nominari,
3712 2443 3820 2503 nisi
3872 2445 3922 2497 ut

2309 2550 2397 2620 id,
2443 2550 2610 2622 quod
2643 2549 2719 2606 de
2750 2563 2825 2606 eo
2871 2549 3173 2605 Macarius
3203 2548 3456 2614 dixerit,
3495 2548 3800 2607 narretur,
3843 2534 3921 2597 cui

2309 2648 2564 2720 quidem
2619 2646 2962 2704 narrationi
3020 2645 3353 2712 Palladius,
3404 2645 3704 2713 Marcum,
3761 2649 3923 2712 quum

2310 2745 2551 2803 iuvenis
2589 2748 2768 2811 esset,
2812 2759 2860 2800 s.
2900 2745 3242 2817 scripturas
3271 2742 3630 2814 edidicisse,
3671 2755 3739 2798 ac
3778 2748 3924 2795 sanc-

2310 2844 2482 2901 titate
2514 2848 2573 2899 et
2602 2843 2877 2900 castitate
2904 2841 3207 2913 insignem
3240 2840 3451 2912 fuisse,
3486 2836 3810 2899 addiderit.

2393 2942 2514 2999 Nec
2553 2955 2701 3012 non,
2756 2946 2822 2999 ut
2869 2940 3024 2998 illud
3073 2944 3259 3011 caput
3312 2939 3396 2996 ita
3448 2939 3923 3011 interpretemur,

2316 3040 2505 3096 etiam
2557 3053 2749 3096 nexus
2807 3038 3179 3096 narrationis
3237 3035 3490 3094 Palladii
3549 3038 3627 3095 de
3682 3024 3926 3093 Macariis

2316 3138 2577 3195 suadere
2635 3137 2901 3194 videtur.
2954 3136 3105 3193 Nam
3151 3134 3515 3205 Palladium,
3564 3134 3695 3208 qui,
3740 3137 3917 3202 quam-

2317 3236 2425 3293 diu
2471 3235 2774 3294 Macarius
2808 3234 3144 3305 Aegyptius
3176 3234 3425 3298 vixerit,
3470 3232 3793 3295 memorat,
3846 3235 3922 3296 pﬁ'

2316 3336 2487 3403 riter,
2535 3339 2686 3407 quot
2733 3347 2926 3391 annos
2972 3332 3273 3389 Macarius
3327 3329 3776 3389 Alexandrinus
3818 3317 3926 3380 atti-

2312 3432 2492 3504 gerit,
2564 3431 2869 3488 indicasse
2940 3433 3425 3487 consentaneum
3499 3432 3611 3485 est.
3688 3415 3923 3482 Accedit.

2313 3530 2481 3602 quod
2526 3528 2799 3586 narratio
2830 3526 3084 3585 Palladii
3115 3527 3192 3583 de
3224 3526 3490 3583 Macario
3526 3516 3926 3583 Alexandrino.

2313 3628 2363 3685 si
2415 3628 2566 3685 illud
2623 3631 2810 3698 caput
2856 3625 2933 3683 ad
2986 3626 3260 3683 Marcum
3302 3624 3598 3691 refertur,
3649 3623 3800 3680 iusto
3836 3613 3930 3670 ﬁne

2317 3739 2570 3797 prorsus
2611 3728 2779 3781 caret
2814 3741 2825 3783 :
2861 3727 3099 3788 contra,
3148 3723 3197 3779 si
3248 3721 3325 3778 ad
3381 3721 3719 3779 Macarium
3766 3708 3929 3786 perti-

2315 3828 2437 3890 net,
2490 3823 2710 3880 ambae
2758 3822 2833 3878 «le
2897 3819 3178 3878 Macariis
3240 3818 3501 3877 Palladii
3586 3812 3931 3877 narrationes

2317 3921 2636 3993 praeclare
2668 3920 2933 3978 invicem
2960 3918 3080 3977 sibi
3115 3917 3517 3990 respondent.

2396 4018 2671 4075 Tertium
2720 4018 2990 4089 denique
3041 4020 3102 4073 et
3160 4016 3592 4073 ﬁrmissimum
3644 4014 3933 4084 argumen-

2318 4123 2450 4175 tum
2508 4116 2846 4187 repetimus
2904 4130 2937 4171 a
2993 4114 3358 4180 Sozomeno,
3433 4115 3543 4186 qui
3601 4120 3823 4173 senem,
3872 4098 3931 4154 d8

2320 4237 2445 4297 quo
2533 4221 2650 4279 isto
2723 4221 2925 4294 capite
3022 4226 3334 4291 narratur,
3419 4219 3754 4279 Macarium
3824 4215 3933 4265 esse

559 4311 691 4378 QUO
767 4314 1018 4380 recepto
1095 4314 1357 4366 matrem
1428 4314 1756 4382 sequentes
1816 4310 2078 4367 redeunt
2134 4308 2210 4365 ad
2322 4326 2534 4392 aperte
2587 4319 2765 4377 docet
2838 4318 3219 4376 Sozomenus
3263 4318 3480 4375 enim:
3524 4338 3544 4371 ι
3606 4316 3768 4374 Alter
3815 4303 3933 4380 [Με-

559 4406 942 4478 Speluncam.
1012 4407 1079 4463 Et
1134 4406 1316 4480 paulo
1370 4412 1508 4478 post
1578 4408 1712 4479 ipsa
1782 4422 1926 4464 cum
1993 4406 2212 4465 catulis
2322 4418 2526 4477 carius
2575 4411 3049 4492 Alexandrinus]
3110 4428 3258 4473 vero
3304 4434 3359 4484 »,
3414 4416 3640 4489 inquit,
3698 4431 3721 4463 ι
3763 4401 3934 4464 serius

560 4505 691 4564 suis
746 4505 1103 4576 regrediens
1148 4505 1343 4578 pelles
1390 4505 1602 4563 ovium
1643 4505 1872 4563 lanatas
1915 4504 2214 4577 plurimas
2249 4547 2289 4601 Β
2324 4516 2577 4589 quidem
2635 4516 2962 4587 presbyter
3028 4514 3223 4571 factus
3296 4521 3406 4570 est,
3483 4513 3604 4572 Sed
3675 4501 3935 4568 omnibus

562 4605 727 4662 νθίιη
803 4618 1030 4661 munus
1099 4618 1215 4675 ρτο
1286 4608 1573 4675 suscepta
1632 4603 1826 4675 gratia
1878 4603 1953 4660 ad
2002 4616 2213 4659 senem
2249 4594 2284 4601 v
2326 4616 2453 4672 fere
2508 4614 2793 4671 arctioris
2845 4612 3217 4684 disciplinae
3271 4608 3813 4669 exercitationibus
3862 4594 3936 4652 esl

562 4701 762 4758 defert
811 4714 1025 4759 morsu
1078 4701 1207 4758 oris
1251 4708 1514 4771 evectas,
1578 4705 1639 4758 et
1685 4706 1824 4757 ante
1874 4700 2037 4758 fores
2080 4700 2216 4757 eius
2326 4710 2712 4784 perfunctus,
2769 4726 3033 4784 quarum
3088 4710 3242 4768 alias
3295 4710 3429 4783 ipse
3489 4696 3930 4780 excogitaverat.

562 4798 862 4870 depositis
932 4798 1210 4856 abscedit
1284 4796 1394 4874 (l).
1459 4817 1489 4852 »
1550 4798 1815 4855 Dubium
1878 4813 2023 4855 sane
2081 4812 2215 4854 esse
2324 4809 2625 4882 quasdam
2674 4810 2752 4865 ab
2805 4807 2944 4865 aliis
2998 4812 3281 4879 δοδθριδε
3339 4812 3508 4865 ramo
3553 4801 3754 4864 studio
3784 4802 3935 4853 exco-

561 4896 663 4954 vix
709 4899 933 4970 potest,
976 4896 1131 4969 quin
1174 4896 1437 4954 eandem
1481 4897 1640 4953 hanc
1690 4896 2075 4954 sanationem
2106 4909 2217 4952 ca—
2328 4909 2548 4971 luerat,
2608 4911 2674 4964 ut
2721 4922 2789 4962 ex
2844 4903 3028 4961 nimia
3078 4902 3225 4962 cutis
3279 4902 3557 4962 ariditate
3607 4896 3717 4978 pili
3768 4884 3937 4950 barbae

562 4995 839 5052 tulorum
915 4994 1164 5051 leaenae
1238 5008 1428 5065 supra
1503 4992 1813 5051 Palladius
1889 4992 2211 5065 signiﬁcet.
2325 5009 2379 5063 εί
2445 5021 2557 5062 non
2622 5002 2995 5061 succreverint
3074 5002 3183 5080 (2),
3248 5022 3277 5057 υ
3360 5003 3476 5062 Ubi
3556 4994 3935 5060 Sozomenum

561 5091 738 5162 Quod
768 5091 819 5149 si
850 5095 1110 5159 constat,
1161 5091 1437 5150 dubitari
1471 5090 1743 5163 amplius
1776 5091 2013 5163 nequit,
2065 5091 2215 5163 quin
2328 5104 2664 5163 Historiam
2715 5102 3068 5160 Lausiacam
3115 5117 3150 5160 θ
3196 5102 3398 5175 capite
3448 5101 3567 5159 isto
3597 5089 3937 5165 compilasse

561 5195 770 5249 cetera
822 5204 1096 5262 quoque,
1150 5205 1310 5263 quae
1359 5189 1561 5261 capite
1603 5189 1721 5247 isto
1773 5186 2026 5246 Palladii
2076 5201 2219 5246 nar-
2331 5202 2727 5261 manifestum
2801 5204 2911 5258 est,
2980 5200 3206 5269 Quodsi
3263 5205 3471 5258 autem
3529 5213 3621 5267 ea,
3681 5199 3830 5265 quae
3875 5176 3937 5234 de

564 5287 873 5346 rationem
931 5288 1010 5345 de
1058 5288 1265 5347 οδῐυιο
1317 5288 1595 5361 hyaenae
1648 5288 1723 5345 ad
1784 5286 1971 5345 ﬁnem
2023 5301 2219 5359 usque
2331 5301 2527 5358 barba
2578 5299 2743 5357 senis
2794 5299 2858 5356 in
2909 5298 3110 5371 capite
3165 5298 3491 5356 Lausiacae
3540 5293 3832 5368 leguntur.
3874 5270 3936 5331 ad

639 5572 714 5642 (1)
754 5572 884 5626 Ruf.
919 5570 1056 5626 Hist.
1102 5569 1252 5626 Eccl.
1294 5569 1397 5625 lib.
1432 5586 1467 5624 ιι
1497 5586 1630 5640 cap.
1666 5572 1698 5625 4
1728 5568 1828 5624 ed.
1872 5566 2043 5623 Basil.
2081 5569 2119 5622 Ι.
2155 5583 2213 5637 p.

566 5661 692 5726 243,
718 5659 906 5716 Ruﬁni
940 5662 1089 5733 Opp.
1124 5660 1216 5716 ed.
1253 5659 1497 5715 Vallarsi
1520 5674 1579 5730 p.
1612 5661 1738 5724 272,
1771 5657 1964 5727 Migue
1998 5654 2215 5713 Patrol.

564 5753 622 5808 T.
653 5751 765 5810 xxx
796 5766 860 5825 p.
904 5750 1027 5809 512.

2399 5564 2477 5635 (Ι)
2520 5566 2751 5620 Sozom.
2782 5564 2923 5619 Hist.
2949 5561 3101 5619 Eccl.
3126 5561 3229 5617 lib.
3260 5561 3482 5633 lllcap.
3504 5560 3571 5615 14
3591 5539 3937 5613 ed.Valesius

2327 5669 2389 5726 p.
2422 5653 2545 5708 516.
