4092 6256
172 278 239 333 ’17

1754 271 1981 328 VITAE.
3508 271 3573 325 78

176 404 506 466 Macarium
548 407 853 476 spectant,
888 402 1051 475 quis,
1093 402 1246 475 quin
1286 407 1491 461 cetera
1539 415 1811 474 quoque,
1852 397 1897 452 A
1930 402 2134 461 solum
2184 409 2310 463 tres
2359 406 2635 480 integros
2663 419 2878 471 annos,
2911 403 3021 461 sed
3064 402 3252 460 etiam
3283 405 3409 458 tres
3451 400 3583 457 fere

173 519 327 577 quae
376 502 488 563 illo
539 502 742 575 capite
796 502 1216 571 continentur,
1272 501 1334 558 in
1392 500 1661 559 eundem
1711 515 1822 557 ca-

171 602 332 667 dant,
364 600 639 671 amplius
666 597 1032 657 dubitabit?

250 698 462 769 Itaque
502 696 904 768 perspicuum
949 699 1067 765 est,
1120 694 1186 753 in
1217 695 1545 753 codicibus
1593 694 1825 752 Vindo-

170 795 557 854 bonensibus
610 807 722 867 pro
770 793 1035 862 Μακάριος
1089 794 1242 852 falso
1313 793 1618 865 scriptum
1690 807 1824 849 esse

170 892 401 962 Μάρκος.
459 891 616 961 Quid
674 891 930 964 quidem
979 906 1161 949 error
1211 906 1353 949 cum
1399 907 1474 948 ex
1513 890 1827 947 adﬁnitate

172 992 513 1049 verborum
546 996 677 1047 tum
709 1004 784 1048 ex
829 989 1076 1047 indice:
1135 1008 1165 1042 α
1221 989 1300 1046 De
1334 990 1538 1047 Marco
1567 1008 1593 1041 ι)
1649 994 1828 1045 natus

172 1092 284 1154 est,
318 1101 510 1161 quem
553 1101 698 1145 cum
736 1086 1033 1145 librarius
1062 1091 1167 1145 aut
1200 1086 1413 1154 lector,
1445 1086 1599 1144 facta
1642 1083 1826 1143 Marci

174 1185 493 1245 mentione
549 1187 802 1258 longum
854 1190 1039 1257 caput
1105 1182 1171 1241 de
1234 1180 1520 1243 Macariis
1586 1183 1829 1240 ﬁnitum

174 1298 306 1343 esse
360 1288 554 1348 ratus,
609 1283 675 1341 in
732 1283 1012 1356 margine
1063 1283 1514 1355 adscripsisset,
1571 1293 1833 1352 corrup-

72 1448 87 1463 ἥ
174 1382 296 1440 tela
325 1382 729 1453 postmodum
759 1380 825 1437 in
850 1385 1083 1439 textum
1112 1381 1405 1438 facillime
1434 1381 1708 1452 irrepsit.

258 1477 379 1547 80
434 1480 633 1548 Quam
709 1478 967 1550 quidem
1037 1479 1483 1551 corruptelam,
1545 1477 1712 1551 quod
1772 1478 1834 1533 in

181 1577 671 1635 membranaceo
740 1575 957 1634 codice
1044 1576 1232 1634 modo
1303 1574 1570 1646 Μακάριος
1648 1575 1839 1633 modo

180 1674 399 1746 Μάρκος
458 1674 706 1746 legitur,
765 1675 1087 1745 antiquam
1145 1689 1302 1745 esse,
1356 1674 1463 1732 sed
1515 1673 1839 1746 paullatim

181 1779 427 1831 tantum
483 1772 816 1843 genuinam
870 1785 1087 1829 vocem
1146 1791 1158 1830 :
1210 1770 1479 1841 Μακάριος
1525 1777 1694 1829 textu
1742 1785 1844 1827 ex-

186 1872 445 1943 pulisse,
494 1874 561 1926 ut
590 1874 680 1926 est
728 1868 793 1925 in
831 1869 1048 1926 codice
1079 1869 1430 1940 chartaceo,
1473 1867 1841 1927 credideris.

189 1965 560 2027 Auctoritati
626 1971 834 2024 autem
909 1966 1201 2024 codicum
1275 1965 1845 2024 Vindobonensium

189 2066 520 2123 Lausiacae
565 2063 674 2122 illo
717 2077 934 2121 errore
965 2064 1067 2121 vix
1106 2064 1453 2137 quidquam
1485 2065 1844 2135 derogatur,

183 2176 460 2235 quorum
521 2162 717 2220 virtus
785 2163 849 2218 in
926 2175 1002 2220 eo
1070 2163 1470 2234 potissimum
1541 2160 1847 2224 cernitur,“

185 2262 360 2333 quod
406 2276 504 2319 res
551 2260 715 2318 iusto
767 2260 988 2318 ordine
1037 2260 1307 2332 integras
1347 2266 1620 2325 narrant,
1677 2260 1847 2331 quod

184 2358 251 2415 in
304 2357 691 2415 editionibus
729 2356 967 2429 graecis
1014 2360 1074 2413 et
1128 2357 1190 2413 in
1241 2358 1486 2415 Herveti
1535 2356 1843 2420 versione,

188 2460 259 2513 ut
288 2455 675 2526 saepissime,
712 2454 795 2511 ita
824 2452 926 2511 hic
958 2469 1232 2526 quoque,
1270 2455 1683 2514 desideratur.

270 2553 388 2611 Sed
427 2551 596 2619 haec,
632 2567 791 2625 quae
836 2551 1141 2609 Palladius
1171 2553 1248 2610 de
1290 2553 1556 2610 Macario
1590 2552 1851 2610 Alexan-

181 2651 374 2709 drino
452 2650 681 2716 retulit,
744 2665 908 2708 nunc
969 2650 1225 2722 quidem
1288 2651 1606 2708 hactenus.
1686 2650 1849 2707 Reli-

180 2763 384 2821 quum
450 2755 564 2821 est,
623 2753 689 2806 ut
746 2749 823 2806 ad
881 2763 955 2806 ea
1016 2748 1382 2806 illustranda
1449 2763 1646 2821 pauca
1717 2763 1847 2806 mo-

182 2861 473 2904 neamus.

264 2942 295 3020 ξ
350 2942 451 3001 20.
508 2944 590 3003 Ac
637 2944 920 3018 primum
971 2944 1229 3017 quidem
1276 2958 1374 3017 eo,
1407 2945 1576 3016 quod
1645 2945 1849 3002 Palla-

180 3038 331 3099 dius
402 3048 636 3114 narrat,
690 3057 755 3099 se
813 3056 1037 3100 novem
1094 3056 1290 3099 annos
1348 3042 1410 3099 in
1470 3041 1681 3100 Celliis
1738 3057 1849 3100 seu
1888 3082 1927 3139 (π

184 3138 449 3197 Cellulis
512 3139 760 3211 vixisse,
815 3139 1146 3197 difﬁcultas
1218 3140 1525 3211 quaedam
1585 3141 1851 3197 chrono-

178 3238 386 3308 Iogica
448 3238 742 3294 nascitur.
806 3236 1112 3293 Palladius
1156 3237 1350 3301 enim,
1406 3237 1515 3309 qui
1569 3253 1635 3294 se
1690 3252 1852 3295 anno

174 3337 294 3393 388
350 3335 806 3393 Alexandriam
857 3332 1099 3390 venisse
1148 3334 1283 3405 ipse
1337 3339 1619 3403 testatur,
1662 3336 1850 3393 etiam

184 3432 405 3498 tradit,
467 3447 555 3501 se,
614 3435 944 3503 antequam
1002 3430 1066 3487 in
1124 3430 1390 3489 Cellulas
1443 3433 1665 3496 abiret.
1729 3439 1854 3491 tres

187 3544 398 3590 annos
481 3529 718 3588 circum
793 3527 1228 3585 Alexandriam
1303 3526 1412 3605 (l),
1490 3535 1549 3588 et
1622 3547 1852 3590 annum

188 3630 512 3701 integrum
542 3628 606 3685 in
640 3632 844 3685 monte
877 3626 1109 3685 Nitriae
1141 3624 1228 3703 (2)
1264 3628 1592 3687 habitasse.
1627 3631 1851 3703 Quare,

186 3727 240 3786 si
303 3724 457 3785 anni
515 3730 983 3797 computantur,
1042 3730 1182 3783 ante
1237 3742 1472 3784 annum
1536 3728 1643 3785 401
1712 3726 1855 3785 Cel-

189 3825 357 3884 lulas
403 3839 529 3881 non
594 3822 922 3896 reliquisse
972 3822 1240 3881 videtur.
1298 3825 1516 3882 Fateor
1570 3826 1854 3901 quidem,

190 3922 392 3981 verba
452 3936 464 3975 :
515 3915 629 3969 Ἐπὶ
662 3918 747 3974 ἔτη
784 3921 925 3990 τρία,
976 3920 1206 3991 quibus
1256 3920 1658 3981 habitationis
1708 3939 1859 3983 suae

191 4021 449 4079 circum
523 4018 960 4077 Alexandriam
1026 4023 1274 4089 tempus
1338 4019 1662 4093 signiﬁcat,
1742 4036 1860 4081 non

182 4250 191 4259 -
266 4227 348 4292 (I)
381 4223 527 4278 Hist.
554 4222 724 4275 Laus.
760 4220 855 4275 ed.
886 4221 1096 4275 Meurs.
1130 4236 1256 4293 cap.
1287 4223 1317 4276 8
1341 4221 1491 4293 Opp.
1522 4224 1728 4279 Meurs.
1753 4222 1789 4278 I.
1821 4225 1863 4279 I.

194 4330 259 4386 p.
302 4314 441 4369 360.

268 4403 350 4473 (2)
384 4398 537 4456 Ibid.
572 4413 635 4470 p.
678 4402 800 4454 361.

1931 514 2126 559 annos
2156 502 2434 562 indicare
2466 520 2645 577 posse
2694 502 2801 579 (3).
2839 500 3094 561 Etiamsi
3127 513 3276 557 vero
3306 499 3426 556 hoc
3458 502 3585 555 sta-

1932 603 2205 670 tuamus,
2237 606 2404 661 certe
2435 609 2639 660 tamen
2682 606 2819 659 ante
2854 612 3085 658 annum
3130 598 3245 656 11.00
3279 594 3591 654 Palladius

1934 712 2009 755 ex
2036 697 2287 757 Cellulis
2312 715 2435 758 non
2466 701 2749 759 decessit.

2016 797 2214 868 Atque
2297 813 2440 855 cum
2526 799 2641 855 hac
2722 802 3083 868 temporum
3166 789 3590 863 descriptione

1935 894 2174 965 optime
2217 896 2590 954 conveniunt
2640 895 2893 953 Palladii
2947 892 3158 959 verba,
3204 892 3411 962 ipsum
3461 893 3590 946 tre-

1936 992 2140 1049 decim
2218 1008 2412 1051 annos
2495 994 2873 1051 monachum
2960 992 3168 1061 fuisse,
3254 992 3589 1059 antequam

1938 1090 2273 1162 episcopus
2324 1090 2498 1150 ﬁeret
2548 1090 2655 1167 (4).
2715 1092 2759 1149 Ε
2812 1089 3065 1149 Cellulis
3107 1087 3277 1146 enim
3328 1083 3590 1142 afﬂictae

1940 1188 2316 1246 valetudinis
2382 1205 2587 1258 causa,
2653 1195 2720 1248 ut
2785 1189 2919 1261 ipse
3005 1192 3238 1255 narrat,
3321 1183 3589 1241 Alexan-

1940 1286 2167 1353 driam,
2231 1286 2453 1345 deinde
2512 1288 2900 1345 medicorum
2973 1283 3234 1343 consilio
3302 1280 3590 1339 Hieroso-

1945 1384 2110 1455 lyma
2139 1383 2337 1456 petiit,
2377 1386 2545 1442 unde
2573 1399 2767 1457 quum
2802 1383 2865 1440 in
2915 1380 3269 1453 Bithyniam
3296 1377 3583 1442 venisset,

1945 1482 2278 1554 episcopus
2322 1483 2647 1540 ordinatus
2699 1486 2789 1539 est
2837 1480 2946 1558 (5).
3004 1480 3396 1551 Quapropter
3441 1487 3588 1532 eum

1948 1594 2110 1637 anno
2195 1584 2327 1652 post
2413 1581 2745 1638 adventum
2827 1594 3011 1637 suum
3095 1576 3278 1633 tertio
3348 1572 3594 1632 decimo

1956 1678 2300 1750 Aegyptum
2349 1678 2698 1749 reliquisse,
2751 1681 2811 1734 et
2859 1691 3020 1733 anno
3069 1673 3178 1732 401
3237 1671 3606 1745 episcopum

1954 1773 2065 1842 81
2130 1776 2357 1833 factum
2414 1790 2547 1833 esse
2582 1780 3067 1833 consentaneum
3120 1772 3387 1829 videtur.
3432 1769 3611 1825 Prae-

1956 1879 2125 1930 terea
2173 1887 2334 1931 anno
2380 1871 2500 1930 400
2550 1873 2898 1931 Palladium
2949 1870 3357 1929 Alexandriae
3397 1866 3608 1932 fuisse,

1957 1970 2035 2027 iis
2079 1984 2354 2042 quoque,
2403 1985 2563 2043 quae
2608 1970 2686 2028 de
2731 1974 2932 2027 morte
2978 1966 3217 2040 Evagrii
3269 1964 3402 2037 ipse
3444 1968 3615 2021 retu‘

1957 2066 2051 2138 lit,
2081 2068 2409 2139 probabile
2438 2068 2503 2125 ﬁt
2528 2066 2646 2143 (6).

2036 2165 2154 2223 Sed
2203 2166 2542 2238 quominus
2600 2166 2660 2222 id
2715 2169 3079 2230 statuamus,
3143 2158 3472 2235 prohiberi
3528 2156 3615 2215 vi-

1958 2264 2183 2321 demur
2237 2262 2374 2321 Ioco
2439 2263 2671 2335 dialogi
2726 2264 2802 2320 de
2862 2263 2921 2321 S.
2984 2257 3409 2332 Chrysostomi
3463 2256 3611 2326 vita,

1959 2376 2169 2434 quem,
2222 2361 2481 2419 testibus
2536 2360 2802 2432 Georgio
2862 2358 3280 2417 Alexandrino
3337 2359 3398 2413 et
3458 2354 3615 2411 Pho-

1958 2461 2046 2519 tio
2102 2459 2214 2535 (7),
2278 2459 2587 2517 Palladius
2656 2460 2988 2531 episcopus
3048 2456 3315 2527 scripsit.
3378 2452 3441 2510 In
3495 2451 3614 2509 hoc

1959 2558 2126 2616 enim
2197 2557 2443 2629 dialogo
2507 2557 2754 2629 legitur,
2809 2557 3048 2629 synodo
3101 2550 3614 2621 Constantinopo-

1960 2656 2185 2714 litanae
2236 2654 2572 2713 indictione
2616 2654 2716 2712 XII
2773 2654 3022 2712 habitae
3064 2650 3419 2709 interfuisse
3473 2642 3623 2703 Pal.

1960 2751 2181 2811 [adium
2228 2755 2545 2829 episcopum
2595 2748 2952 2827 Helenopolis
2998 2748 3109 2827 (8),
3140 2762 3300 2821 quae
3329 2750 3422 2803 est
3464 2745 3617 2803 urbs

1961 2852 2305 2925 Bithyniae.
2370 2849 2496 2908 Viri
2559 2850 2749 2921 igitur
2802 2849 2991 2916 docti,
3054 2844 3371 2918 imprimis
3429 2843 3614 2899 Baro-

1959 2951 2102 3009 nius
2136 2946 2222 3027 (9)
2255 2954 2314 3007 et
2360 2949 2796 3006 Tillemontius
2841 2944 3001 3022 (IO),
3046 2960 3170 3004 non
3225 2942 3612 3010 dubitarunt,

1961 3050 2127 3107 hunc
2194 3046 2594 3118 Helenopolis
2649 3046 3018 3117 episcopum
3089 3042 3361 3100 eundem
3415 3039 3617 3095 facere

1962 3162 2107 3205 cum
2172 3146 2477 3216 scriptore
2546 3144 2847 3201 Historiae
2912 3139 3258 3199 Lausiacae.
3311 3135 3617 3207 Quoniam

1963 3259 2111 3303 vero
2152 3243 2410 3301 indictio
2437 3242 2566 3301 XIII
2598 3240 2676 3298 ab
2724 3241 2851 3297 VIII
2888 3239 3139 3298 Calend.
3169 3234 3453 3295 Octobris
3477 3232 3518 3291 i.
3555 3248 3612 3291 e.

1964 3342 2138 3401 XXIV
2170 3340 2557 3412 Septembris
2588 3337 2717 3415 (11)
2738 3338 2880 3395 anni
2910 3335 3027 3395 399
3051 3335 3284 3407 incepit
3313 3330 3463 3410 (I2),
3492 3330 3616 3389 Til-

1965 3439 2321 3505 lemontius,
2381 3436 2911 3501 Montefalconius,
2966 3433 3247 3492 Neander
3303 3430 3613 3503 synodum

1965 3552 2179 3595 mense
2250 3537 2407 3594 Maio
2459 3535 2602 3591 anni
2676 3531 2794 3590 400
2847 3532 3126 3590 habitam
3199 3544 3333 3588 esse
3390 3532 3614 3587 statue-

1965 3641 2109 3694 runt
2142 3631 2268 3711 (I3)
2341 3634 2621 3705 Scriptor
2675 3646 2820 3689 vero
2865 3631 3025 3688 vitae
3069 3631 3128 3688 S.
3163 3626 3608 3701 Chrysostomi,

1966 3749 2126 3807 quae
2158 3733 2220 3789 in
2254 3730 2371 3789 AA.
2420 3728 2520 3789 SS.
2572 3729 2725 3787 Boll.
2776 3729 3111 3798 invenitur,
3154 3740 3366 3785 mense
3400 3722 3617 3782 Martio

1969 3835 2072 3889 aut
2133 3829 2329 3901 Aprili
2375 3828 2518 3887 anni
2569 3826 2686 3885 399
2735 3842 2874 3884 eam
2916 3826 3103 3884 fuisse
3148 3826 3485 3882 arbitratus
3528 3826 3620 3880 est

1969 3931 2051 3987 ob
2097 3925 2515 3991 difﬁcultates,
2565 3940 2725 3997 quae
2781 3924 3091 3995 synodum
3135 3936 3297 3981 anno
3347 3919 3466 3979 400
3518 3920 3624 3977 ba-

1972 4028 2167 4085 bitam
2193 4039 2326 4083 esse
2347 4038 2471 4081 non
2496 4023 2830 4081 admittunt
2858 4018 3007 4097 (14).

1978 4241 2089 4282 con
2125 4226 2184 4280 Τ.
2228 4223 2335 4278 XIII
2381 4237 2437 4293 p.
2482 4220 2550 4274 50
2597 4236 2710 4293 sq.,
2763 4218 3033 4276 Galland.
3068 4216 3210 4274 Bibl.
3263 4217 3372 4272 PP.
3413 4218 3473 4272 T.
3509 4218 3623 4272 VIII

1980 4332 2039 4387 p.
2074 4316 2197 4369 298.
2231 4311 2361 4367 300.

1904 4426 1963 4485 Π
2053 4404 2129 4475 (9)
2161 4406 2367 4457 Baron.
2420 4399 2633 4455 Annal.
2699 4414 2753 4454 a.
2809 4397 2932 4452 388.
2965 4396 3097 4453 400.
3160 4396 3285 4452 403.
3330 4395 3454 4451 404.
3488 4394 3618 4450 405.

268 4492 347 4563 (3)
410 4486 695 4544 Matthiae
752 4486 922 4542 Ausi.
981 4486 1211 4543 Griech.
1272 4490 1640 4545 Grammatik
1701 4491 1795 4546 ed.
1828 4492 1875 4545 II
1983 4493 2102 4547 406.

189 4583 251 4637 Τ.
299 4580 347 4634 ll
401 4580 537 4634 586.

269 4670 353 4742 (4)
382 4668 536 4723 Hist.
576 4665 748 4720 Laus.
777 4664 878 4720 ed.
927 4667 1143 4722 Meurs.
1185 4665 1423 4736 prolog.
1464 4668 1619 4739 Opp.
1649 4668 1865 4726 Meurs.

196 4759 240 4814 I.
284 4758 328 4813 I.
366 4772 431 4827 p.
465 4754 599 4811 340.

271 4847 355 4918 (5)
382 4843 547 4899 Ibid.
589 4857 729 4912 cap.
764 4845 833 4896 44
860 4843 1017 4913 Opp.
1058 4844 1269 4899 Meurs.
1310 4842 1351 4898 I.
1388 4844 1434 4900 Ι.
1475 4859 1534 4915 p.
1567 4844 1695 4899 472.

273 4936 355 5006 (6)
390 4931 557 4988 Ibid.
592 4946 730 5000 cap.
773 4934 840 4986 88
871 4930 1020 5003 Opp.
1047 4932 1257 4986 Meurs.
1288 4932 1329 4986 I.
1380 4932 1426 4987 Ι.
1466 4948 1529 5004 p.
1574 4937 1676 4989 550
1707 4950 1875 5005 sqq.;

198 5025 531 5081 Tillemont
579 5020 886 5076 Mémoires
951 5023 1015 5076 T.
1094 5023 1135 5075 X
1193 5036 1250 5093 p.
1307 5023 1409 5077 368
1463 5038 1631 5093 sqq.,
1681 5028 1879 5094 p.796

203 5118 341 5170 Not.
379 5118 440 5167 7.

277 5204 357 5274 ('7)
390 5202 617 5270 Georg.
652 5196 1084 5252 Alexandrinus
1110 5197 1171 5252 in
1206 5199 1328 5254 Vita
1362 5202 1422 5254 S.
1479 5199 1567 5254 .Io.
1602 5199 1883 5271 Chrysos-

205 5290 379 5348 tomi.
429 5289 677 5343 Photius
709 5286 769 5341 in
798 5286 946 5342 Bibl.
975 5301 1048 5341 ex
1086 5302 1210 5341 rec.
1236 5286 1480 5343 Bekker.
1516 5289 1702 5343 Berol.
1750 5292 1883 5344 1824

210 5396 269 5449 p.
303 5383 398 5447 78,
430 5378 494 5432 b.
526 5373 612 5430 Cf.
646 5376 701 5430 S.
734 5373 824 5429 Jo.
855 5375 1153 5445 Chrysost.
1199 5377 1349 5447 Opp.
1382 5377 1474 5431 ed.
1510 5376 1883 5433 Montfaucon

210 5468 271 5522 T.
306 5466 433 5524 Xlll
460 5463 656 5521 Praef.
686 5480 745 5534 p.
782 5480 839 5517 χι
869 5480 958 5535 sq.

282 5558 362 5629 (8)
421 5553 657 5610 Pallad.
717 5552 860 5608 Dial.
915 5553 989 5608 de
1047 5554 1166 5609 vita
1214 5555 1272 5609 S.
1329 5555 1419 5611 Jo.
1476 5556 1884 5626 Chrysostomi

218 5660 352 5717 cap.
383 5644 479 5701 13.
523 5641 612 5697 14.
649 5643 704 5698 S.
732 5641 819 5698 Jo.
873 5642 1179 5714 Chrysost.
1240 5642 1397 5715 Opp.
1448 5643 1545 5700 ed.
1588 5643 1883 5699 Montfau-

2055 4582 2168 4651 (10)
2189 4580 2499 4635 Tillemont
2529 4576 2835 4632 Mémoires
2865 4577 2924 4630 Τ.
2962 4577 3024 4629 XI
3056 4591 3110 4645 p.
3142 4573 3248 4629 500
3282 4589 3415 4644 sqq.

2058 4669 2169 4740 (11)
2214 4668 2401 4722 Ideler
2439 4666 2646 4721 Lehrb.
2699 4664 2758 4720 d.
2816 4664 3209 4732 Chronologie
3258 4662 3449 4716 Berlin
3492 4660 3629 4716 1831

1985 4775 2046 4831 p.
2070 4758 2171 4811 412
2205 4774 2217 4822 ;
2246 4756 2332 4810 Du
2364 4757 2560 4824 Cange
2592 4754 2850 4810 Glossar.
2886 4770 2941 4809 s.
2991 4769 3048 4806 ν.
3083 4752 3347 4808 indictio.

2060 4846 2164 4915 (1‘2)
2208 4848 2321 4900 AA.
2359 4844 2453 4901 SS.
2487 4843 2631 4899 Boll.
2666 4845 2824 4915 Sept.
2879 4845 2939 4898 T.
2979 4843 3048 4896 IV
3078 4858 3139 4914 p.
3171 4842 3299 4906 545,
3357 4841 3420 4896 b.
3475 4839 3642 4896 Tille-

1991 4940 2157 4991 mont
2188 4934 2493 4989 Memoires
2520 4934 2581 4986 T.
2626 4932 2697 4986 XI
2725 4948 2783 5003 p.
2818 4932 2940 4986 I58.
2977 4932 3099 4985 582.

2063 5024 2174 5095 (13)
2206 5023 2520 5077 Tillemont
2547 5022 2586 5077 I.
2620 5022 2660 5075 Ι.
2696 5038 2753 5092 p.
2777 5022 2873 5076 581
2891 5037 3023 5093 sqq.
3060 5024 3193 5075 Not.
3232 5021 3320 5073 59.
3355 5017 3648 5074 Montfau-

1992 5128 2103 5167 con
2137 5114 2195 5166 in
2236 5112 2363 5166 Vitu
2397 5114 2458 5167 S.
2506 5112 2594 5165 Jo.
2630 5109 3060 5181 Chrysostomi,
3112 5111 3168 5163 S.
3203 5109 3290 5163 Jo.
3340 5108 3646 5177 Chrysost.

1992 5200 2142 5272 Opp.
2169 5199 2659 5255 ed.Montfaucon
2689 5200 2748 5254 T.
2791 5198 2904 5254 XIII
2934 5214 2990 5268 p.
3026 5196 3127 5250 137
3168 5212 3300 5267 sqq.
3351 5194 3644 5260 Neander,

1996 5290 2106 5343 Der
2133 5289 2190 5344 h.
2224 5290 2356 5345 Joh.
2386 5289 2849 5360 Chrysostomus
2882 5303 2939 5340 u.
2970 5286 3065 5340 die
3097 5285 3306 5339 Kirche
3338 5284 3399 5338 in
3431 5281 3651 5336 dessen

1993 5378 2259 5434 Zeitalter
2292 5377 2482 5432 Berlin
2515 5376 2801 5431 1822111
2841 5391 2899 5445 p.
2934 5376 3003 5429 77
3029 5389 3161 5443 sqq.

2064 5467 2172 5536 (14)
2200 5470 2314 5521 AA.
2349 5468 2447 5523 SS.
2507 5465 2650 5522 Boll.
2698 5466 2856 5533 Sept.
2912 5465 2970 5516 T.
3026 5462 3097 5514 IV
3132 5474 3190 5529 p.
3224 5458 3329 5511 543
3384 5468 3524 5527 sqq.
3565 5452 3650 5507 Cf.

1996 5554 2149 5610 Cave
2175 5561 2230 5610 et
2253 5556 2468 5611 Oudin.
2495 5572 2544 5611 s.
2577 5570 2634 5607 v.
2659 5552 3137 5618 Chrysostomus.
3167 5543 3493 5600 Bollandus
3516 5537 3659 5589 Jan.

1994 5646 2058 5700 T.
2087 5646 2109 5699 Ι
2138 5661 2198 5717 p.
2233 5645 2372 5701 1007
2400 5643 2704 5715 synodum
2737 5627 3466 5698 Constantinopolitanam
3494 5630 3665 5671 anno
