4092 6256
472 320 539 377 79
1341 320 1442 376 SS.
1486 318 1970 375 MACARIORUM
2012 317 2344 375 AEGYPTII
2389 318 2474 373 ET
2512 316 3006 374 ALEXANDBINI
3805 318 3880 373 80

537 446 652 517 82
728 451 924 521 Atque
995 450 1313 517 Baronius,
1373 448 1828 512 Tillemontius,
1882 446 2095 514 ceteri,
2137 448 2511 520 Aepiscopo
2567 448 2712 506 inde
2756 463 2791 505 a
2843 451 3147 522 tempore,
3200 459 3326 519 quo
3380 446 3440 503 8.
3502 446 3880 518 Chrysosto-

459 554 527 607 ut
594 547 937 605 Palladium
1010 547 1335 605 Lausiacae
1391 548 1763 618 scriptorem
1838 546 2107 603 eundem
2217 560 2355 603 mus
2406 547 2467 603 in
2500 546 2756 603 exilium
2816 544 3044 601 missus
3087 550 3203 614 est,
3249 544 3293 601 i.
3330 559 3385 601 e.
3441 544 3521 601 ab
3561 559 3722 602 anno
3755 545 3878 603 404

458 646 732 702 facerent
776 659 920 701 cum
951 644 1058 702 illo
1118 645 1513 717 Helenopolis
1555 646 1876 717 episcopo,
1932 659 2108 714 prae-
2217 644 2514 701 accidisse
2544 643 2826 715 dialogus
2857 641 3069 712 tradit,
3114 641 3177 698 in
3225 642 3552 699 Lausiacae
3597 643 3884 714 scripto-

457 742 643 814 cipue
718 742 869 799 locis
947 743 1322 815 quibusdam
1406 743 1712 801 Historiae
1783 742 2109 801 Lausiacae
2219 757 2352 799 rem
2410 743 2647 813 optime
2707 742 2951 798 cadere.
3012 738 3121 798 Ille
3186 740 3354 798 enim
3414 746 3673 813 propter
3722 756 3885 799 cau-

460 840 694 897 inducti
749 846 910 907 sunt,
964 856 1122 913 quos
1192 841 1494 913 genuinos
1567 855 1703 898 esse
1770 840 1870 897 vix
1940 845 2111 897 certo
2219 854 2352 897 sam
2436 842 2494 897 S.
2586 838 3010 911 Chrysostomi
3094 838 3330 896 Roman
3416 838 3615 911 petiit,
3712 838 3886 897 unde

466 941 724 996 constat.
776 940 819 996 E
885 953 1159 1010 quorum
1188 953 1451 997 numero
1482 944 1572 996 est
1605 939 1780 997 locus
1812 937 2109 1003 Paradisi,
2223 938 2416 995 redux
2487 937 2678 995 factus
2747 936 2811 993 in
2877 936 3100 993 urbem
3168 935 3434 1007 Syenem
3518 936 3581 993 in
3671 937 3891 1009 Aegy-

467 1049 617 1107 quo,
674 1040 1001 1108 postquam
1068 1037 1399 1108 prophetia
1478 1037 1730 1095 Joannis
1804 1036 1866 1093 in
1934 1034 2112 1105 Lyco,
2226 1040 2333 1108 pto
2391 1048 2587 1107 prope
2646 1034 2995 1106 Blemmyes
3049 1033 3232 1091 sitam
3291 1034 3352 1091 in
3412 1034 3674 1092 exilium
3726 1034 3895 1092 abiit

469 1132 835 1192 Pallladium
880 1134 1247 1207 episcopum
1304 1133 1460 1201 fore,
1508 1140 1755 1191 narrata
1804 1137 1914 1201 est,
1968 1133 2119 1189 haec
2228 1132 2581 1204 multosque
2612 1131 2721 1189 diu
2766 1145 3096 1204 perpessus
3144 1136 3236 1188 est
3265 1132 3513 1190 labores
3554 1129 3714 1208 (l0).
3772 1132 3896 1189 At—

471 1232 760 1303 leguntur
810 1247 823 1285 :
891 1250 923 1285 «
978 1232 1044 1288 In
1090 1246 1216 1304 quo
1271 1228 1682 1308 [episcopatu]
1736 1229 2122 1301 tempestatis
2230 1245 2352 1303 que
2404 1229 2712 1287 Palladius
2762 1229 3085 1287 Lausiacae
3125 1229 3394 1301 scriptor
3444 1244 3512 1287 se
3560 1230 3789 1289 Romae
3826 1235 3899 1287 et

479 1329 672 1396 illius,
728 1342 888 1400 quae
934 1330 1052 1386 sub
1105 1335 1318 1387 sancto
1366 1330 1598 1387 Joanne
1649 1333 1959 1386 commota
2008 1331 2119 1392 est,
2232 1328 2470 1399 Syenae
2504 1328 2692 1385 fuisse
2739 1326 2873 1398 ipse
2917 1332 3175 1384 testatur
3219 1325 3316 1403 (11
3326 1326 3373 1399 ).
3410 1327 3682 1398 Accedit,
3716 1328 3894 1400 quod

476 1425 729 1484 interfui
761 1426 997 1483 malis»
1030 1424 1140 1502 (1).
1167 1428 1338 1485 Idem
1368 1429 1633 1485 habetur
1658 1427 1914 1499 quidem
1938 1425 2127 1482 etiam
2237 1426 2560 1483 Lausiacae
2590 1424 2881 1496 scriptori
2926 1425 3190 1482 Joannes
3242 1425 3305 1482 in
3352 1426 3508 1497 Lyco
3552 1425 3893 1497 praedixit,

482 1526 546 1582 in
610 1537 835 1595 graeco
906 1524 1151 1583 Meursii
1223 1531 1392 1583 textu
1443 1523 1582 1601 (2);
1657 1526 1765 1583 sed
1834 1525 2131 1581 Hervetus
2239 1524 2468 1595 ipsum,
2504 1522 2553 1580 si
2601 1526 2934 1595 episcopus
2980 1523 3173 1581 factus
3201 1528 3381 1593 esset,
3435 1524 3662 1581 multos
3706 1523 3899 1582 labo—

487 1623 640 1680 haec
680 1623 962 1695 profert:
1019 1645 1039 1675 ‹
1080 1624 1305 1696 Dignus
1336 1623 1585 1681 habitus
1614 1638 1751 1680 sum
1781 1621 2135 1681 ordinatio—
2242 1635 2343 1679 res
2413 1620 2918 1693 calamitatesque
2998 1636 3443 1694 perpessurum
3518 1636 3651 1679 esse
3721 1619 3891 1695 (i2).

487 1735 585 1791 ne,
618 1735 780 1793 quae
820 1735 988 1778 meas
1020 1722 1180 1779 vires
1222 1725 1497 1793 superat,
1545 1719 1607 1777 in
1647 1738 1771 1777 eum
1814 1736 2007 1777 casum
2035 1721 2135 1774 z’n-—

483 1814 696 1884 cidens,

484 1921 579 1973 rat
608 1912 716 1991 (3).
756 1936 785 1971 »
820 1916 987 1985 Quae
1016 1918 1272 1989 quidem
1307 1917 1511 1989 lectio,
1542 1932 1739 1990 quum
1772 1923 1901 1976 toto
1931 1916 2135 1987 capite

483 2015 560 2072 de
601 2016 833 2073 Joanne
872 2016 937 2072 in
983 2015 1138 2086 Lyco
1178 2021 1485 2081 narretur,
1525 2014 1916 2086 probabilior
1954 2013 2135 2070 vide-

484 2118 606 2170 tur.
663 2109 1011 2187 (Quomodo
1061 2113 1307 2169 codices
1354 2112 1869 2170 Vindobonenses
1930 2111 2136 2168 locum

483 2209 837 2274 exhibeant,
878 2223 998 2266 non
1036 2208 1438 2285 examinavi,)
1468 2208 1702 2266 Rursus
1737 2214 1797 2265 et
1840 2207 2138 2266 Baronius

483 2311 543 2362 et
596 2306 1030 2364 Tillemontius
1061 2306 1308 2364 tradunt
1348 2304 1460 2381 (4),
1519 2306 1893 2378 scriptorem
1940 2305 2138 2362 Histo-

486 2403 617 2462 riae
669 2404 994 2462 Lausiacae
1048 2405 1276 2462 Romae
1332 2405 1416 2461 ob
1464 2419 1715 2462 causam
1768 2403 1826 2461 8.
1887 2401 2139 2460 Joannis

487 2497 962 2578 [Chrysostomi]
990 2506 1336 2559 morantem
1364 2516 1398 2559 a
1432 2502 1685 2559 Piniano
1720 2500 2019 2559 Melaniae
2047 2498 2139 2556 iu-

487 2600 685 2656 nioris
730 2599 953 2656 marito
983 2604 1310 2670 exceptum
1356 2613 1511 2657 esse.
1548 2600 1724 2667 Quod
1771 2598 2029 2670 quidem
2077 2596 2138 2653 in

471 2696 765 2774 “editione
810 2697 1061 2755 Meursii
1094 2694 1181 2771 (ε)
1225 2702 1284 2754 et
1330 2697 1393 2755 in
1438 2697 1727 2755 Paradiso
1759 2695 1846 2769 (6)
1888 2696 2135 2767 legitur,

488 2794 597 2852 sed
653 2795 826 2851 deest
886 2794 947 2850 in
1018 2793 1342 2852 codicibus
1402 2793 1982 2852 Vindobonensibus
2051 2790 2138 2867 (7)

489 2898 551 2950 et
601 2891 665 2949 in
710 2891 963 2964 antiqua
1013 2893 1324 2950 versione.
1382 2891 1654 2963 Denique
1711 2891 2142 2949 Tillemontius

489 2989 824 3048 Historiam
896 2990 1250 3048 Lausiacam
1322 2991 1384 3048 in
1455 2989 1782 3048 codicibus
1868 2984 2141 3046 Palladio

488 3084 853 3164 Helenopolis
924 3086 1171 3165 episcopo
1254 3088 1448 3146 tribui
1524 3087 1705 3145 docet
1774 3085 1883 3163 (8),
1972 3086 2140 3158 quod

489 3201 611 3245 non
678 3186 936 3245 omnino
1001 3200 1220 3243 verum
1266 3190 1403 3254 est;
1474 3199 1617 3242 nam
1669 3184 1919 3242 codices
1989 3185 2144 3241 Vin-

487 3285 881 3343 dobonenses
980 3298 1120 3341 eam
1222 3278 1491 3339 Palladio
1573 3279 1823 3358 episcopo
1924 3282 2143 3340 inscri-

493 3382 647 3439 bunt
668 3379 778 3457 (9).

576 3563 692 3634 83
755 3567 974 3625 Fateor
1026 3580 1122 3635 ea,
1186 3578 1347 3637 quae
1404 3564 1677 3623 Palladio
1744 3565 2146 3638 Helenopolis

494 3820 592 3875 401
628 3818 898 3874 habitam
931 3832 1059 3873 esse
1076 3817 1503 3889 putavit,quod
1518 3819 1765 3890 quidem
1791 3836 1985 3892 neque
2008 3837 2144 3876 cum

507 3909 701 3963 verbis
738 3908 960 3976 dialogi
992 3906 1051 3977 (l.
1088 3907 1174 3977 1.),
1211 3923 1333 3978 quo
1362 3915 1483 3961 tum
1537 3909 1855 3963 tumultum
1908 3915 2149 3981 propter

499 3997 749 4053 Gainam
778 3996 1108 4052 barbarum
1140 3995 1320 4051 fuisse
1349 3997 1617 4062 traditur,
1647 4012 1842 4069 neque
1865 4015 2003 4055 cum
2030 4005 2148 4055 tota

498 4087 630 4160 ejus
653 4086 936 4157 temporis
955 4086 1346 4153 chronologia
1372 4087 1676 4143 convenit.

574 4181 646 4244 (1)
674 4176 885 4232 Parad.
917 4191 1049 4246 cap.
1085 4175 1173 4243 22,
1226 4173 1338 4229 VV.
1388 4174 1494 4229 PP.
1530 4178 1722 4232 Rosw.
1779 4194 1837 4249 p.
1883 4178 2007 4234 966.
2044 4178 2136 4237 Cf.

499 4265 737 4320 Baronii
765 4264 981 4321 Annal.
1016 4280 1071 4320 a.
1102 4264 1206 4320 388
1237 4280 1249 4328 ;
1281 4263 1595 4320 Tillemont
1642 4266 1950 4322 Mémoires
1989 4270 2047 4322 T.
2086 4269 2147 4323 XI

500 4370 564 4426 p.
606 4354 729 4409 516.

573 4442 649 4513 (2)
677 4442 822 4497 Hist.
851 4442 1029 4497 Laus.
1070 4441 1165 4496 ed.
1200 4442 1414 4498 Meurs.
1452 4458 1585 4514 cap.
1626 4444 1694 4498 44
1737 4446 1886 4516 Opp.
1934 4449 2148 4507 Meurs.

502 4532 541 4588 l.
565 4535 601 4586 Ι.
638 4546 696 4603 p.
730 4530 860 4588 472.

574 4620 647 4693 (3)
692 4621 841 4676 Ibid.
869 4636 927 4692 p.
961 4620 1085 4686 471,
1120 4619 1235 4675 VV.
1304 4622 1400 4676 PP.
1440 4624 1629 4678 Rosw.
1662 4623 1763 4679 lib.
1827 4624 1941 4679 VIII
1984 4642 2035 4680 c.
2078 4626 2145 4680 43

501 4726 560 4782 ρ.
602 4709 731 4777 740,
754 4711 807 4765 2.

572 4800 649 4872 (4)
682 4801 894 4856 Baron.
932 4798 1148 4856 Annal.
1203 4816 1257 4856 a.
1310 4800 1454 4867 388;
1497 4801 1807 4859 Tillemont
1842 4805 2147 4861 Mémoires

470 4891 561 4959 _'r.
599 4888 745 4961 x1p.
778 4890 903 4945 545.

434 5002 441 5005 -
575 4979 649 5049 (5)
672 4978 821 5034 Hist.
865 4980 1031 5034 Laus.
1065 4977 1160 5033 ed.
1195 4980 1401 5034 Meurs.
1437 4994 1563 5050 cap.
1600 4980 1705 5035 123
1734 4982 1885 5052 Opp.
1931 4984 2141 5039 Meurs.

497 5069 537 5126 Ι.
566 5073 678 5140 Lp.
707 5067 833 5127 604.

570 5158 648 5230 (6)
677 5160 817 5230 Cap.
842 5159 931 5223 49,
961 5156 1082 5211 VV.
1116 5157 1222 5212 PP.
1254 5160 1451 5213 Bosw.
1485 5174 1542 5229 p.
1576 5160 1701 5226 980,
1736 5162 1786 5214 1.

566 5248 639 5317 (7)
664 5245 748 5302 Cf.
782 5245 1051 5302 Palladii
1093 5247 1419 5302 Historiam
1478 5249 1832 5304 Lausiacam
1870 5249 1951 5305 ad
1989 5248 2146 5303 codi-

494 5338 575 5393 cis
605 5335 1059 5391 Vindobonensis
1070 5337 1244 5404 ﬁdem
1258 5353 1293 5393 a
1307 5338 1471 5393 nobis
1487 5338 1741 5394 breviter
1752 5338 2116 5394 delinealam
2127 5379 2140 5403 ,

492 5426 795 5483 infrahuic
809 5431 1045 5481 nostrae
1059 5426 1303 5482 editioni
1319 5426 1603 5483 Historiae
1636 5428 1957 5483 Lauciacae
1978 5442 2142 5498 prae-

497 5517 777 5589 positam.

567 5606 643 5677 (8)
670 5605 978 5661 Tillemont
1004 5605 1312 5661 Mémoires
1342 5605 1381 5662 l.
1407 5609 1451 5661 l.
1494 5620 1553 5676 p.
1589 5605 1712 5661 500.

577 5695 653 5767 (9)
673 5694 1095 5770 Ἀντίγραφον
1122 5695 1473 5757 ἐπιστολῆς
1510 5697 1876 5767 γραφείσης
1906 5696 2137 5765 Λαύᾳῳ

2248 1718 2518 1791 Denique
2568 1718 2746 1785 illud,
2795 1719 2962 1789 quod
3014 1718 3322 1777 Palladius
3374 1718 3704 1777 Lausiacae
3750 1719 3909 1777 scri-

796 1834 956 1894 quem
1049 1815 1291 1875 Joannes
1384 1816 1472 1897 [in
1574 1815 1753 1895 Lyco]
1834 1813 2135 1894 praedixe-
2168 1806 2205 1859 Β
2249 1824 2387 1889 ptor
2453 1822 2686 1885 narrat,
2743 1832 2830 1884 se,
2906 1823 3238 1890 postquam
3302 1817 3636 1889 episcopus
3706 1817 3913 1876 factus

2246 1930 2358 1989 per
2406 1915 2697 1973 undecim
2730 1929 2973 1973 menses
3018 1915 3080 1971 in
3128 1916 3284 1973 cella
3332 1914 3660 1973 tenebrosa
3709 1914 3913 1972 latue-

2246 2015 2349 2085 rit,
2410 2013 2806 2072 recordatum
2868 2028 3005 2070 esse
3058 2013 3232 2071 verbi
3295 2013 3459 2071 beati
3513 2011 3769 2071 Joannis
3838 2013 3911 2070 in

2247 2112 2405 2184 Lyco
2435 2110 2591 2185 (13),
2640 2111 2877 2183 optime
2929 2111 3006 2167 de
3046 2111 3218 2169 exilii
3265 2114 3577 2183 tempore,
3612 2124 3737 2182 quo
3765 2109 3909 2167 Pal-

2234 2208 2472 2280 ladius,
2529 2208 2923 2280 Helenopolis
2989 2208 3345 2281 episcopus,
3421 2207 3485 2265 in
3557 2208 3907 2280 Aegyptum

2247 2307 2550 2365 abductus
2578 2311 2691 2372 est,
2722 2306 2844 2364 dici
2877 2310 3098 2377 potest.

2332 2498 2402 2554 At
2455 2494 2599 2561 alia,
2655 2510 2815 2567 quae
2858 2495 2935 2552 de
2991 2494 3263 2553 Palladio
3314 2493 3715 2566 Helenopolis
3769 2494 3912 2563 epi-

2249 2609 2438 2666 scopo
2493 2595 2555 2652 in
2617 2594 2861 2665 dialogo
2920 2592 3228 2666 leguntur,
3287 2607 3431 2650 eum
3498 2592 3739 2651 scilicet
3796 2607 3909 2664 sy-

2250 2693 2414 2752 nodo
2468 2693 2566 2749 isti
2625 2690 3341 2765 Constantinopolitanae
3394 2690 3779 2760 interfuisse,
3841 2690 3909 2749 in

2251 2791 2580 2850 Lausiacae
2648 2791 3022 2862 scriptorem
3088 2789 3314 2847 cadere
3372 2795 3711 2861 nequeunt.
3773 2788 3910 2847 Pri—

2252 2903 2424 2945 mum
2468 2890 2638 2945 enim
2681 2888 3020 2960 descriptio
3072 2894 3452 2961 temporum,
3510 2901 3633 2963 qua
3689 2886 3793 2944 hic
3841 2888 3910 2945 in

2251 2985 2518 3044 Historia
2552 2986 2839 3045 Lausiaca
2879 2988 3013 3058 ipse
3060 2987 3275 3053 utitur,
3320 2990 3533 3058 aperte
3573 2990 3899 3057 repugnat.

2253 3083 2482 3141 Deinde
2559 3084 2867 3142 Palladius
2936 3084 3263 3142 Lausiacae
3328 3082 3621 3154 scriptor,
3704 3096 3906 3154 quum

2253 3178 2623 3239 Alexandria
2672 3180 3194 3253 proﬁcisceretur,
3253 3179 3579 3251 hydropisi
3648 3178 3908 3237 labora-

2252 3280 2356 3337 bat
2408 3276 2557 3355 (14),
2616 3279 2699 3337 ita
2747 3284 2815 3336 ut
2866 3292 3011 3336 eum
3060 3279 3161 3336 vix
3209 3278 3528 3345 reducem,
3571 3282 3907 3350 postquam

2252 3390 2467 3435 recens
2535 3377 2867 3450 episcopus
2936 3376 3259 3434 ordinatus
3313 3381 3425 3442 est,
3489 3374 3566 3433 ad
3648 3388 3906 3432 causam

2256 3474 2502 3532 Antonii
2581 3474 2808 3547 Ephesi
2896 3474 3173 3546 episcopi
3267 3472 3761 3545 disceptandam,
3839 3472 3908 3529 id

2253 3570 2423 3644 quod
2464 3571 2744 3644 dialogus
2794 3571 3005 3641 tradit,
3052 3586 3087 3629 a
3138 3571 3376 3644 synodo
3423 3572 3691 3629 electum
3742 3584 3907 3638 esse,

2254 3824 2673 3891 πραιποσίτῳ
2725 3820 2897 3892 παρὰ
2956 3814 3342 3870 Παλλαδίου
3393 3814 3762 3869 ἐπισκόπου
3808 3836 3913 3869 πεο

2256 3914 2318 3983 ρὶ
2369 3909 2534 3981 βίου
2585 3905 2913 3983 διαφόρων
2972 3906 3363 3964 ἀσκητικῶν
3416 3909 3512 3957 καὶ
3569 3906 3767 3957 ὁσίων
3799 3925 3914 3958 πα-

2257 4019 2283 4049 τ
2296 4008 2437 4071 ρῶν.
2483 3998 2561 4053 Cf.
2597 3997 2862 4054 Palladii
2904 3997 3228 4052 Historiam
3266 3996 3613 4050 Lausiacam
3646 3994 3727 4049 ad
3754 3994 3911 4050 codi-

2256 4091 2338 4145 cis
2391 4088 2847 4143 Vindobonensis
2876 4087 3051 4154 ﬁdem
3082 4100 3117 4142 a
3147 4085 3315 4142 nobis
3358 4084 3612 4141 breviter
3646 4082 3913 4140 delinea-

2257 4182 2373 4233 iam
2408 4176 2562 4231 infra
2590 4176 2628 4230 l.
2662 4179 2699 4230 l.

2324 4266 2433 4338 (10)
2470 4265 2690 4321 Pallad.
2726 4263 2869 4319 Dial.
2912 4263 2985 4319 de
3018 4263 3134 4319 vita
3166 4264 3221 4319 S.
3257 4263 3346 4318 Jo.
3398 4261 3699 4334 Chrysost.
3755 4276 3809 4315 c.
3847 4262 3911 4317 3.

2255 4357 2307 4411 4.
2332 4356 2426 4411 20.
2465 4358 2526 4412 8.
2566 4356 2654 4409 Jo.
2684 4354 2987 4425 Chrysost.
3017 4354 3166 4424 Opp.
3197 4352 3296 4408 ed.
3345 4350 3658 4408 Montfauc.
3702 4351 3762 4406 T.
3793 4351 3914 4406 XIII

2259 4463 2313 4517 p.
2358 4446 2418 4499 11
2447 4460 2615 4516 sqq.,
2651 4444 2713 4495 -ιτ
2744 4459 2902 4514 sqq.,
2928 4442 3204 4497 Galland.
3244 4441 3393 4495 Bibl.
3428 4441 3526 4496 PP.
3566 4441 3627 4495 T.
3673 4439 3793 4493 VIII
3828 4455 3897 4511 p.

2179 4503 2223 4557 θ
2256 4503 2359 4590 ξδ’]
2385 4503 2687 4606 sqq-.2320.
2732 4503 2860 4589 32-1..

2327 4624 2437 4695 (11)
2483 4622 2622 4678 Hist.
2702 4621 2882 4677 Laus.
2962 4618 3195 4691 Prolog.
3257 4620 3407 4690 Opp.
3462 4618 3675 4673 Meurs.
3748 4615 3788 4672 l.
3850 4617 3904 4676 Ι.

2258 4730 2315 4784 p.
2349 4713 2474 4768 339.

2326 4804 2440 4871 (l2)
2481 4801 2630 4857 Ibid.
2664 4815 2800 4870 cap.
2826 4799 2895 4855 44
2924 4814 2980 4870 ρ.
3015 4798 3140 4854 471.

2328 4892 2441 4963 (13)
2483 4889 2633 4946 Ibid.
2666 4888 2767 4943 1.1.

2327 4981 2442 5053 (14)
2481 4978 2782 5034 Palladius
2817 4976 3002 5032 tribus
3031 4976 3203 5032 annis
3234 4982 3560 5047 postquam
3603 4972 3909 5029 Joannem

2256 5072 2315 5126 in
2346 5072 2501 5141 Lyco
2532 5068 2750 5131 invisit,
2787 5068 2820 5121 i.
2885 5082 2937 5120 e.
2969 5070 3219 5121 exeunte
3252 5080 3411 5120 anno
3444 5064 3549 5119 397
3591 5061 3687 5134 (cf.
3726 5078 3918 5135 supra

2254 5179 2320 5232 p.
2354 5161 2467 5226 2-1),
2503 5158 2706 5227 splene
2738 5164 2794 5211 et
2823 5156 3134 5211 stomacho
3179 5155 3451 5210 laborare
3519 5153 3737 5221 coepit.
3799 5143 3917 5217 Qui

2256 5250 2505 5305 morbus
2547 5246 2761 5301 deinde
2785 5246 2842 5301 in
2864 5244 3215 5315 hydropisin
3245 5245 3432 5305 vertit,
3464 5241 3621 5296 unde
3652 5258 3686 5295 a
3722 5241 3916 5295 fratri-

2254 5338 2365 5393 bus
2387 5334 2808 5390 Alexandriam
2840 5334 3059 5387 missus
3089 5331 3460 5387 medicorum
3486 5328 3734 5385 consilio
3749 5329 3911 5384 aeris

2255 5425 2577 5481 subtilioris
2618 5423 2810 5493 gratia
2850 5426 3104 5477 exeunte
3166 5437 3326 5477 anno
3370 5420 3496 5485 400,
3545 5423 3607 5474 ut
3656 5417 3908 5489 patebit,

2254 5522 2357 5571 aut
2390 5516 2626 5568 ineunte
2660 5513 2755 5567 401
2796 5510 3203 5583 Hierosolyma
3236 5516 3291 5566 et
3326 5510 3385 5565 in
3420 5508 3754 5579 Bithyniam
3803 5521 3910 5562 ve-

2254 5604 2359 5659 nit.
2384 5602 2523 5658 Hist.
2549 5602 2729 5659 Laus.
2772 5602 2813 5657 l.
2844 5601 2885 5654 Ι.
