4092 6256
219 242 282 300 81
1816 248 1846 305 Ι

1966 250 2051 307 1E.
2640 274 2643 281 τ
3556 250 3625 305 82

212 379 317 432 aut
356 374 617 435 instante
657 381 887 435 aestate
930 381 1055 436 tam
1088 377 1337 451 longum
1373 380 1496 440 iter
1540 378 1856 452 Ephesum
1892 375 1938 430 A
1970 379 2049 438 tis
2123 379 2363 449 nititur,
2438 381 2795 439 coniectura
2865 378 3104 453 optime
3176 378 3334 437 solvi
3420 379 3619 441 vides.

210 472 555 545 suscepisse
604 471 719 546 (1),
763 490 987 548 parum
1016 478 1359 536 verisimile
1402 477 1481 535 sit
1529 474 1649 547 84.
1700 477 1858 538 Difﬁ-

208 570 465 627 cultates
512 576 721 629 autem
764 574 1137 645 expediendi
1178 577 1329 637 haec
1364 587 1553 640 restat
1598 582 1718 641 via.
1753 582 1857 639 So-

206 673 409 725 crates
468 668 659 727 refert
709 668 822 746 (2),
875 673 1218 733 Palladium
1253 679 1626 753 episcOpum
1683 681 1859 738 Hele-

206 765 422 837 nopoli
474 766 795 828 Asounam
838 773 1209 832 translatum
1254 791 1408 834 esse.
1468 778 1652 850 Quid,
1712 779 1762 835 si
1796 778 1859 835 id

202 862 282 921 ad
382 864 723 924 Palladium
815 867 1182 942 episcopum
1265 874 1494 949 dialogi
1602 878 1863 949 scripto-

204 975 341 1019 rem
436 963 763 1034 pertineat,
855 981 925 1024 ac
1016 970 1232 1041 paullo
1330 979 1469 1045 post
1549 976 1860 1048 synodum

205 1058 583 1129 Ephesinam
633 1077 793 1121 anno
836 1065 943 1123 401
1000 1066 1275 1127 habitam
1326 1071 1554 1131 factum
1586 1073 1687 1140 sit,
1722 1073 1860 1131 Pal-

206 1150 416 1214 ladius
461 1173 606 1217 vero
660 1160 985 1221 Lausiacae
1038 1166 1308 1239 scriptor
1359 1169 1476 1228 hoc
1530 1172 1667 1244 ipso
1692 1186 1853 1230 anno

204 1253 267 1311 in
303 1254 438 1313 eius
462 1256 669 1315 locum
701 1258 779 1316 sit
808 1260 1141 1322 suffectus?

282 1353 486 1425 Atque
534 1369 668 1413 rem
718 1357 800 1414 ita
844 1374 909 1415 se
961 1360 1191 1419 habere
1239 1363 1526 1439 dialogus
1557 1366 1662 1425 ille
1693 1383 1857 1442 quo-

201 1450 546 1509 dammodo
615 1455 909 1514 ostendit.
977 1458 1123 1517 Cuis
1178 1461 1445 1534 scriptor
1516 1465 1733 1525 Photio
1798 1472 1859 1526 et

202 1545 481 1620 Georgio
553 1551 972 1615 Alexandrino
1051 1558 1309 1618 testibus
1383 1566 1474 1620 est
1544 1559 1859 1623 Palladius

197 1642 493 1722 episcopus
562 1646 673 1722 (3),
748 1651 812 1708 in
882 1654 1209 1714 codicibus
1276 1653 1583 1717 Palladius
1652 1661 1859 1737 episco-

2050 474 2166 547 85
2226 480 2803 551 Quomodocunque
2856 493 3003 536 vero
3057 492 3157 535 res
3187 492 3251 535 se
3303 477 3511 549 habet,
3544 492 3622 536 ex

1969 576 2069 649 iis,
2124 592 2283 650 quae
2360 577 2835 650 disputavimus,
2915 577 3033 634 hoc
3104 575 3319 648 liquet,
3392 575 3620 633 iustam

1968 689 2218 733 causam
2292 690 2413 733 non
2457 690 2614 742 esse,
2674 690 2788 733 cur
2843 689 2988 733 cum
3037 672 3434 731 Tillemontio
3496 669 3621 749 (10)

1969 773 2393 845 chronologia,
2452 787 2611 845 quae
2644 772 2709 830 in
2753 773 3013 831 historia
3045 772 3335 829 Lausiaca
3367 770 3616 844 legitur,

1970 870 2187 928 relicta
2253 875 2613 943 statuamus,
2695 871 3046 928 Palladium
3120 868 3408 927 [.ausiaca
3473 868 3621 926 scri-

1972 971 2215 1040 ptorem
2245 982 2406 1025 anno
2464 970 2577 1025 399
2636 968 3009 1025 Alexandria
3058 968 3406 1040 profectum
3457 980 3617 1036 esse,

1972 1067 2224 1124 ineunte
2266 1080 2428 1125 anno
2477 1068 2590 1124 400
2636 1066 3004 1138 episcopum
3045 1080 3177 1123 esse
3226 1065 3618 1136 ordinatum,

1970 1168 2031 1221 et
2080 1162 2147 1222 in
2175 1164 2435 1223 Nitriam
2492 1179 2654 1222 anno
2703 1166 2817 1223 390
2881 1163 3145 1221 venisse.
3205 1163 3401 1221 lmmo
3465 1162 3619 1220 haec

1970 1264 2175 1335 potius
2222 1264 2487 1321 tenenda
2538 1267 2629 1321 est
2672 1262 3097 1334 chronologia,
3129 1260 3473 1318 Palladium
3520 1275 3620 1317 se-

1968 1362 2172 1419 cundo
2233 1361 2563 1419 Theodosii
2616 1360 2812 1433 Magni
2862 1360 3211 1425 consulatu,
3274 1358 3383 1430 qui
3440 1356 3620 1415 ince-

1972 1460 2114 1533 pita
2167 1459 2452 1517 Calendis
2493 1458 2804 1517 Ianuariis
2831 1457 2973 1515 anni
3007 1458 3121 1517 388
3166 1454 3320 1533 (11),
3351 1455 3621 1514 Alexan-

1967 1558 2171 1615 driam
2220 1557 2558 1630 appulisse,
2615 1571 2775 1615 anno
2807 1558 2917 1614 391
2963 1556 3024 1613 in
3056 1556 3337 1626 Nitriam,
3372 1569 3446 1612 ac
3474 1554 3621 1612 sub-

1968 1660 2263 1727 sequente
2329 1655 2392 1711 in
2463 1655 2732 1713 Cellulas
2826 1654 3089 1721 venisse,
3166 1666 3455 1724 annoque
3500 1651 3609 1710 401

192 1760 305 1819 pus
390 1740 918 1822 Helmwpoh'tanus,
982 1749 1051 1808 ab
1105 1751 1247 1811 aliis
1319 1754 1501 1816 etiam
1570 1758 1859 1838 episcopus
1893 1743 1935 1796 Β
1969 1753 2337 1825 episcopum
2396 1753 2455 1809 in
2505 1752 2812 1826 Bythynia
2836 1752 3197 1810 ordinatum
3230 1766 3390 1821 esse,
3451 1750 3616 1808 unde

196 1838 546 1918 Asponensis
613 1841 800 1903 dictus
865 1846 976 1923 (4).
1048 1850 1103 1909 Is
1153 1852 1344 1925 igitur
1398 1856 1457 1913 in
1505 1857 1752 1932 dialogo
1795 1875 1859 1917 se

198 1940 454 1998 Romam
542 1942 819 2013 primum
889 1948 1132 2007 venisse
1214 1948 1305 2025 (5)
1379 1954 1464 2011 ait
1538 1956 1858 2028 aliquanto

200 2042 340 2108 post
388 2039 732 2100 Palladium
793 2043 1384 2118 Helenopolitanum
1458 2052 1853 2127 episcOpum,

203 2148 388 2207 quem
443 2137 562 2193 sub
619 2139 973 2200 Innocentio
1023 2143 1182 2216 Papa
1241 2147 1329 2205 ibi
1386 2149 1574 2208 fuisse
1604 2152 1688 2208 ob
1712 2167 1855 2210 cau-

199 2246 332 2290 sam
403 2234 463 2292 S.
540 2233 966 2308 Chrysostomi
1010 2238 1125 2317 (6),
1155 2248 1216 2302 et
1249 2259 1325 2304 eo
1370 2250 1676 2321 tempore,
1730 2265 1855 2321 quo

200 2329 484 2403 dialogus
549 2332 915 2404 instituitur,
986 2340 1151 2409 apud
1212 2342 1563 2417 Blemmyas
1616 2346 1677 2404 in
1737 2348 1851 2406 Ae-

201 2433 392 2498 gypto
445 2428 710 2488 detineri
762 2430 855 2508 (7)
884 2435 1122 2494 scribit.
1177 2441 1369 2500 Porro
1416 2444 1691 2515 scriptor
1720 2446 1853 2504 dia-

205 2523 327 2596 logi
381 2526 773 2588 aTheodoro
829 2531 1118 2606 diacono,
1175 2552 1450 2610 quocum
1512 2542 1691 2601 illum
1723 2559 1850 2602 ser-

199 2635 451 2682 monem
498 2628 835 2695 conseruit,
897 2646 1082 2704 saepe
1142 2650 1255 2706 per
1310 2653 1499 2698 canos
1550 2656 1715 2708 suos,
1783 2648 1851 2702 ut

194 2734 414 2780 verum
472 2723 658 2790 dicat,
712 2741 901 2786 senex
952 2731 1319 2793 obsecratur
1369 2734 1481 2813 (8),
1515 2740 1683 2812 quod
1716 2742 1850 2799 sine

191 2817 390 2879 dubio
438 2822 501 2880 in
532 2822 874 2884 Palladium
907 2828 1238 2890 Lausiacae
1290 2836 1686 2908 scriptorem,
1739 2841 1849 2912 qui

193 2919 327 2973 tum
371 2918 471 2976 vix
527 2936 722 2980 annos
768 2924 1181 2999 quadraginta
1222 2936 1401 2990 natus
1430 2940 1586 3007 erat,
1627 2938 1850 2996 cadere

192 3029 319 3073 non
377 3023 599 3089 potest.
656 3021 829 3080 Unde
882 3024 1045 3083 inter
1101 3027 1257 3086 duos
1327 3030 1497 3091 illius
1548 3037 1851 3108 temporis

1969 1852 2157 1909 etiam
2207 1851 2539 1909 Historiam
2599 1849 2977 1921 Lausiacam,
3006 1857 3073 1908 ut
3098 1845 3437 1925 supra(12)
3488 1848 3615 1906 iam

1970 1949 2322 2021 docuimus,
2372 1963 2533 2006 anno
2605 1950 2713 2006 421
2765 1948 3061 2020 scriptam
3132 1962 3266 2005 esse
3332 1962 3366 2004 e
3409 1946 3619 2003 verbis

1970 2045 2227 2106 Palladii
2259 2047 2608 2106 conficitur.

2046 2238 2202 2315 §21.
2279 2238 2452 2308 Quod
2511 2239 2561 2297 si
2628 2242 2721 2295 est
2788 2237 3206 2309 exploratum,
3275 2231 3611 2291 Macarium

1967 2337 2454 2395 Alexandrinum
2534 2336 2753 2394 saltem
2823 2348 3020 2407 usque
3077 2333 3154 2390 ad
3207 2345 3441 2389 annum
3493 2330 3609 2388 395

1962 2435 2363 2506 superstitem
2412 2434 2599 2492 fuisse
2672 2436 2952 2505 apparet.
3011 2431 3162 2488 Nam
3233 2434 3361 2487 tres
3421 2441 3616 2485 annos

1961 2547 2105 2590 cum
2164 2533 2436 2591 Palladio
2508 2533 2571 2590 in
2645 2531 2904 2590 Cellulis
2954 2528 3112 2587 vixit
3170 2528 3231 2583 in
3301 2526 3479 2603 quiete
3525 2522 3616 2581 de-

1954 2647 2086 2706 gens
2156 2630 2307 2706 (13).
2385 2631 2583 2703 Atque
2652 2629 2803 2702 quin
2873 2634 2996 2686 tres
3038 2626 3225 2699 primi
3259 2624 3427 2695 anni,
3458 2637 3617 2696 quos

1962 2729 2271 2787 Palladius
2315 2728 2377 2786 in
2430 2727 2685 2787 Cellulis
2714 2726 3114 2799 transigebat,
3150 2723 3603 2799 signiﬁcentur,

1963 2841 2084 2884 non
2111 2827 2288 2884 facile
2319 2826 2636 2884 dubitatis.
2701 2826 2821 2883 Nec
2852 2830 2909 2882 te
2962 2821 3600 2895 Hierosolymitanum

1963 2925 2101 2993 iter,
2156 2925 2325 3001 quod
2383 2924 2686 2982 Palladius
2740 2923 2909 2981 circa
2975 2935 3208 2979 annum
3258 2918 3376 2976 394
3428 2917 3615 2975 insti-

1962 3022 2077 3080 tuit
2126 3021 2277 3099 (14),
2330 3022 2668 3095 quominus
2724 3026 2850 3079 tres
2903 3019 3144 3092 primos
3174 3031 3370 3076 annos
3425 3014 3614 3073 fuisse

193 3112 500 3174 Palladios
567 3117 978 3193 Helenopolis
1046 3125 1381 3199 episcopos
1455 3102 1846 3206 distinguen-

1966 3120 2154 3185 dicas,
2208 3120 2529 3192 impediet.
2607 3118 2915 3176 Palladius
2962 3116 3153 3178 enim.
3210 3114 3319 3188 qui
3378 3126 3604 3171 novem

188 3210 344 3269 dum
382 3229 516 3271 esse
561 3217 892 3287 probabile
933 3227 1024 3279 est
1079 3220 1186 3299 (9).
1250 3225 1425 3295 Quod
1477 3230 1527 3287 si
1578 3238 1841 3301 constat,

188 3307 626 3371 dtmcultatem
714 3314 845 3381 iila,
938 3332 1100 3390 quae
1188 3325 1553 3386 testimonio
1631 3329 1847 3389 Socra-

261 3472 344 3545 (1)
399 3478 626 3535 Pallad.
673 3481 819 3537 Dial.
879 3498 1012 3554 cap.
1064 3486 1151 3543 13.
1191 3491 1271 3541 14.
1305 3490 1361 3545 S.
1391 3490 1684 3563 Chrysost.
1722 3493 1761 3549 Ι.
1795 3498 1839 3550 Ι.

185 3578 247 3633 p.
279 3563 351 3621 49
374 3584 534 3642 sqq.,
555 3572 823 3629 Galland.
845 3573 993 3630 Bibl.
1023 3575 1187 3631 PP.l.
1224 3579 1261 3631 Ι.
1298 3594 1353 3650 ρ.
1383 3578 1507 3634 298.
1554 3585 1678 3638 299.
1721 3583 1847 3640 300.

258 3655 378 3804 (2ἐ1
405 3660 564 3717 Socr.
632 3664 779 3721 Hist.
836 3664 987 3720 Eccl.
1058 3666 1160 3722 lib.
1231 3667 1322 3723 VII
1390 3685 1517 3740 cap.
1583 3675 1651 3727 36
1678 3673 1773 3728 ed.
1802 3673 1844 3728 Ι.

277 3752 307 3804 3
396 3790 408 3802 .

184 3758 245 3815 p.
277 3752 408 3804 381.

257 3837 339 3908 (3)
368 3838 449 3894 C1.
480 3855 664 3912 supra
692 3857 751 3913 p.
777 3842 865 3897 81.

257 3925 339 3997 (4)
370 3928 613 3983 Emeric.
650 3932 830 4000 Bigot.
863 3930 938 3986 de
984 3931 1252 3988 Palladio
1282 3934 1570 4006 episcopo
1599 3935 1846 3991 Heleno-

179 4013 452 4084 politano
472 4017 661 4073 Praef.
686 4019 742 4074 in
768 4019 909 4075 Bibl.
930 4020 1207 4076 Galland.
1228 4021 1269 4076 Ι.
1290 4022 1329 4077 Ι.
1353 4022 1584 4092 Proleg.
1607 4039 1667 4095 p.
1691 4026 1843 4080 XXV.

252 4103 333 4175 (5)
366 4108 509 4177 Cap.
541 4109 589 4173 1,
624 4109 682 4164 S.
715 4109 1010 4180 Chrysost.
1057 4111 1211 4182 Opp.
1238 4110 1279 4166 Ι.
1314 4111 1357 4166 Ι.
1392 4128 1453 4183 p.
1484 4116 1536 4178 3,
1572 4113 1841 4170 Galland.

179 4192 324 4249 1311.1.
357 4195 461 4249 PP.
498 4196 536 4251 1.
572 4199 614 4252 1.
642 4213 703 4269 p.
738 4198 871 4255 261.

248 4283 326 4355 (6)
363 4286 510 4356 Cap.
551 4291 602 4351 3,
647 4288 710 4343 S.
763 4288 1070 4360 Chrysost.
1109 4289 1264 4362 Opp.
1304 4290 1347 4345 Ι.
1391 4294 1435 4347 l.
1483 4307 1548 4363 p.
1590 4293 1675 4360 11,
1709 4292 1843 4349 Gal-

170 4370 345 4430 land.
384 4375 543 4431 Bibl.
579 4376 687 4433 PP.
727 4376 771 4431 1.
814 4383 860 4433 1.
896 4393 959 4450 p.
997 4379 1125 4435 267.

1963 3232 2176 3284 annos,
2233 3232 2592 3290 quanquam
2649 3214 3017 3288 saepissime
3048 3212 3283 3271 interea
3326 3210 3611 3284 peregri-

1962 3322 2141 3375 natus
2186 3312 2300 3384 86
2354 3323 2466 3382 est,
2524 3311 2583 3369 in
2635 3313 2890 3373 Cellulis
2920 3312 3288 3385 transegisse
3339 3326 3405 3367 se
3472 3323 3612 3367 nar-

1960 3503 2016 3555 et
2040 3501 2284 3570 propter
2311 3493 2624 3549 ecclesiam
2648 3489 2951 3547 aerumnis
2979 3488 3131 3545 afﬁci
3162 3488 3288 3552 ipse
3319 3488 3381 3541 S.
3425 3486 3613 3558 Chry-

1961 3582 2544 3642 sostomustraditin
2562 3597 2662 3651 ep.
2704 3579 2860 3636 1481.
2897 3584 2940 3635 l.
2978 3594 3039 3648 p.
3077 3579 3204 3634 686.
3245 3576 3451 3631 Eidem
3490 3575 3613 3631 Pal-

1960 3676 2121 3733 ladio
2167 3677 2229 3731 S.
2283 3674 2740 3745 Chrysostomus
2799 3668 2994 3739 (annis
3036 3667 3342 3737 404-407)
3397 3666 3613 3737 episto-

1958 3767 2077 3822 lam
2097 3764 2351 3835 scripsit,
2382 3762 2441 3816 in
2459 3762 2633 3833 cujus
2655 3759 2769 3813 ﬁne
2797 3757 2959 3828 petit,
2984 3761 3043 3811 ut
3081 3756 3280 3828 ipsum
3310 3754 3611 3810 Palladius

1958 3856 2030 3911 de
2070 3852 2401 3908 valetudine
2446 3866 2555 3905 sua
2580 3848 2891 3904 certiorem
2944 3845 3144 3901 faciat.
3187 3848 3295 3913 Ep.
3330 3843 3505 3899 1131.
3555 3847 3597 3899 l.

1958 3961 2021 4016 p.
2048 3946 2174 3999 656.
2202 3944 2365 4007 Quae
2381 3940 2624 4013 quidem
2648 3939 2705 3991 in
2726 3939 3136 4007 aegrotantem
3157 3935 3437 3989 Historiae
3455 3934 3613 3988 Lau-

1956 4032 2151 4086 siacae
2202 4029 2548 4100 scriptorem
2580 4026 2805 4097 optime
2844 4024 3091 4078 cadunt.
3142 4021 3419 4085 Plurima,
3448 4034 3610 4090 quae

1955 4121 2062 4177 viri
2079 4120 2238 4174 docti
2254 4120 2327 4172 de
2358 4116 2620 4171 Palladio
2640 4114 3041 4183 disputarunt,
3058 4110 3205 4179 legis
3225 4110 3375 4180 Opp.
3393 4112 3578 4164 Meurs
3596 4148 3609 4162 .

1952 4212 2018 4266 Τ.
2058 4210 2178 4264 VIII
2205 4224 2270 4279 p.
2306 4208 2408 4262 650
2447 4221 2580 4276 sqq.
2613 4203 2703 4259 Cf.
2739 4201 2991 4257 Emeric.
3028 4200 3221 4268 Bigot.
3261 4197 3306 4253 1.
3360 4202 3405 4255 Ι.

2027 4298 2140 4369 (10)
2213 4297 2515 4354 I‘illemont
2582 4293 2891 4349 Mémoires
2942 4292 3009 4347 T.
3080 4288 3143 4343 XI
3189 4289 3263 4344 de
3338 4285 3607 4344 Palladio

1954 4403 2011 4459 p.
2046 4387 2325 4443 300—533
2358 4392 2415 4441 et
2443 4384 2697 4457 passim.

238 4463 318 4533 (7)
340 4464 490 4534 Cap.
518 4464 604 4523 20.
626 4465 691 4523 S.
717 4465 1022 4537 Chrysost.
1052 4469 1209 4539 Opp.
1237 4468 1279 4524 l.
1302 4468 1349 4525 Ι.
1374 4485 1437 4540 p.
1460 4470 1837 4537 77,Galland,
1875 4461 1918 4515 D
2021 4477 2134 4548 (11)
2165 4480 2328 4533 Teste
2373 4473 2728 4530 Cassiodoro
2771 4470 2909 4526 inde
2940 4470 3017 4525 ab
3068 4484 3126 4525 a.
3160 4484 3216 4522 u.
3250 4467 3342 4521 601
3388 4479 3610 4520 consu-

179 4550 329 4607 Bibl.
371 4552 486 4607 PP.
524 4553 655 4609 1.1.
698 4571 760 4625 p.
796 4555 927 4611 32o.

240 4638 320 4710 (8)
366 4642 518 4713 Cap.
566 4646 617 4707 4,
667 4643 729 4700 S.
783 4643 1088 4716 Chrysost.
1150 4646 1303 4717 Opp.
1329 4645 1368 4702 Ι.
1415 4646 1456 4701 Ι.
1491 4663 1550 4719 ρ.
1588 4652 1670 4713 16,
1705 4649 1839 4707 Gal-

165 4726 337 4787 land.
377 4730 531 4786 Bibl.
589 4731 694 4786 PP.
738 4731 782 4789 l.
838 4736 882 4791 l.
948 4749 1008 4805 p.
1036 4738 1164 4790 270.
1203 4736 1328 4802 271,
1377 4739 1684 4807 etpassim
1734 4755 1839 4810 per

165 4817 513 4889 dialogum.

233 4906 312 4979 (9)
365 4908 432 4964 Id
471 4907 793 4977 Gregorius
847 4910 1281 4968 Alexandrinus
1322 4918 1378 4969 et
1417 4914 1662 4971 Photius
1706 4933 1835 4973 sen-

164 4994 313 5051 sisse
361 4996 665 5061 videntur,
698 5000 802 5072 qui
834 5002 1185 5072 scriptorem
1216 5002 1439 5072 dialogi
1488 5005 1834 5076 simpliciter

167 5083 525 5143 Palladium
540 5086 882 5157 episcopum
900 5090 1125 5145 dicunt.
1145 5097 1220 5146 Ac
1235 5091 1478 5147 Photius
1494 5093 1717 5149 Palladi
1730 5112 1830 5151 um

164 5174 526 5247 episcopum
558 5175 1115 5247 Helenopolitauum
1156 5186 1332 5235 antea
1364 5181 1538 5251 (Bibl.
1577 5198 1647 5238 ex
1696 5200 1818 5241 rec.

166 5258 414 5319 Bekkeri
435 5280 503 5335 p.
532 5268 615 5329 18,
644 5264 683 5320 b
705 5265 1075 5323 laudaverat.
1110 5268 1438 5326 Palladium
1476 5273 1827 5343 episcopum

167 5361 300 5407 cum
350 5354 549 5409 tribus
604 5353 733 5408 aliis
763 5357 1055 5427 episcOpis
1105 5359 1166 5414 S.
1203 5358 1622 5429 Chrysostomo
1657 5362 1828 5429 pulso

174 5439 416 5498 Romam
449 5443 683 5498 venisse
707 5444 1093 5500 Innocentius
1128 5447 1291 5516 Papa
1312 5448 1468 5504 clero
1500 5452 1827 5507 Constanti-

174 5533 557 5601 nopolitanae
584 5534 867 5591 ecclesiae
898 5536 1158 5608 scripsit.
1207 5539 1270 5595 S.
1315 5538 1621 5610 Chrysost.
1663 5542 1818 5613 Opp.

176 5616 270 5675 ed.
306 5622 686 5679 Montt'aucon
715 5625 781 5681 T.
810 5624 882 5679 III
907 5640 973 5696 p.
1015 5628 1144 5682 524.
1186 5627 1454 5684 Eundem
1484 5634 1724 5701 propter
1766 5644 1830 5685 se

1950 4566 2102 4621 latus
2130 4564 2455 4621 aCalendis
2485 4562 2781 4618 Januariis
2822 4560 3058 4629 incepit.
3085 4556 3352 4613 Cassiod.
3386 4554 3606 4611 Chron.

1950 4653 2099 4725 Opp.
2132 4654 2393 4709 Cassiod.
2425 4651 2516 4706 ed.
2548 4652 2686 4706 1656
2714 4665 2767 4720 p.
2803 4650 2924 4704 681.
2955 4648 3049 4703 ed.
3079 4645 3267 4702 Gareti
3292 4659 3350 4715 p.
3393 4658 3452 4714 p.
3477 4642 3606 4711 384,

1952 4744 2138 4812 Migne
2207 4740 2417 4797 Patrol.
2464 4742 2523 4796 T.
2551 4740 2696 4795 LXIX
2734 4755 2796 4810 p.
2834 4737 2985 4792 1223.
3021 4734 3109 4791 Cf.
3182 4732 3365 4788 Ideler
3390 4732 3605 4787 Lehrb.

1946 4832 2006 4887 d.
2049 4830 2441 4899 Chronologie
2468 4846 2532 4898 p.
2568 4827 2698 4885 328.
2739 4828 2823 4883 Ei.
2868 4824 3206 4881 Handbuch
3235 4822 3342 4877 der
3374 4820 3605 4876 mathe-

1946 4920 2275 4976 matischen
2305 4936 2367 4975 u.
2406 4917 2787 4974 technischen
2814 4914 3207 4981 Chronologie
3246 4909 3437 4964 Berlin
3467 4906 3601 4963 1825

1942 5012 2007 5065 Τ.
2046 5007 2092 5063 ΙΙ
2121 5025 2186 5080 p.
2226 5012 2350 5064 149.
2389 5007 2465 5062 De
2496 5022 2657 5062 anno
2689 5005 2792 5063 388
2831 5004 2909 5061 cf.
2952 5018 3136 5074 supra
3163 5017 3227 5072 p.
3266 5001 3332 5052 58
3370 5002 3496 5052 not.
3532 4996 3591 5051 3.

2013 5099 2123 5170 (1‘2)
2182 5098 2243 5154 P.
2308 5097 2400 5151 24.
2464 5095 2704 5151 Plurimi
2748 5110 2882 5149 eam
2929 5091 3106 5153 falso,
3148 5095 3207 5144 ut
3255 5090 3373 5142 iam
3421 5087 3602 5156 patet,

1939 5201 2101 5241 anno
2148 5186 2252 5240 420
2301 5185 2532 5242 aut/119
2585 5184 2872 5254 scriptam
2921 5196 3055 5235 esse
3084 5179 3449 5239 statuerunt;
3495 5186 3604 5225 an-

1939 5291 2077 5330 num
2096 5276 2192 5330 421
2223 5274 2729 5330 indicaruntCave
2754 5270 3039 5326 etOudin.
3067 5285 3120 5323 s.
3157 5282 3217 5321 v.
3260 5261 3598 5320 Palladius,

1940 5367 1998 5419 et
2016 5364 2293 5434 Rettberg
2326 5363 2384 5418 in
2414 5362 2596 5418 libro:
2630 5361 2780 5431 Allg.
2832 5356 3164 5428 Encyklop.
3219 5367 3281 5405 v.
3335 5346 3516 5404 Ersch
3541 5360 3603 5395 ιι.

1942 5451 2166 5508 Gruber
2199 5470 2226 5506 s
2258 5468 2319 5509 v.
2355 5453 2700 5508 Palladius.

2013 5540 2125 5612 (13)
2159 5541 2239 5596 Cf.
2274 5557 2458 5613 supra
2488 5557 2547 5613 p.
2580 5544 2670 5596 66.

2018 5628 2133 5702 (14)
2160 5629 2242 5686 Cf.
2277 5645 2461 5702 supra
2484 5647 2541 5702 p.
2570 5631 2665 5685 21.
2709 5627 2804 5679 22.
