4092 6256
507 322 576 381 83
1381 319 1480 377 SS.
1522 319 2005 377 MACARIORUM
2044 320 2375 378 AEGYPTII
2419 321 2504 377 ET
2545 320 3038 378 ALEXANDBINI
3844 317 3904 370 84

509 459 620 518 rat,
672 452 860 511 etiam
911 455 1038 510 tres
1086 464 1153 509 se
1182 465 1376 509 annos
1420 465 1563 509 cum
1614 450 1880 509 Macario
1924 450 2149 508 vixisse
2184 449 2229 502 A
2260 451 2340 509 de
2390 456 2447 509 te
2479 452 2829 511 audirem»
2881 450 2993 527 (7).
3058 451 3260 520 Quare
3314 453 3457 522 post
3516 460 3751 506 annum
3806 446 3910 505 395

508 550 717 609 dicere
774 550 996 622 potuit,
1042 549 1155 607 etsi
1202 550 1310 607 illo
1359 554 1639 622 tempore
1671 551 1861 608 breve
1913 548 2030 605 iter
2063 549 2150 605 in-

509 648 800 705 stituerit.
865 647 1200 705 Macarium
1252 645 1313 703 in
1354 645 1534 724 quiete
1590 644 1795 703 sedisse
1846 647 1949 704 vix
1979 643 2152 703 aliud

510 745 855 817 quidquam
908 745 1231 817 signiﬁcat,
1287 746 1402 802 nisi
1455 760 1598 803 eum
1646 758 1907 802 munere
1952 757 2154 801 sacer-

512 843 664 900 dotii
715 844 776 900 in
809 858 991 901 usum
1024 843 1285 901 fratrum
1314 848 1570 915 propter
1612 848 1991 900 senectutem
2020 848 2151 899 tum

512 956 636 999 non
691 941 964 1013 amplius
1020 942 1300 999 functum
1358 956 1492 999 esse
1551 938 1660 1017 (1).
1722 939 2155 998 Tillemontius

513 1052 547 1095 e
603 1039 810 1096 verbis
862 1039 1118 1096 Palladii
1176 1039 1502 1105 conclusit,
1556 1039 1759 1096 tribus
1804 1037 1929 1094 illis
1981 1036 2156 1093 anuis

510 1134 738 1208 elapsis
794 1135 1130 1193 Macarium
1182 1136 1415 1194 obiisse
1472 1136 1581 1212 (2),
1618 1136 1780 1193 unde
1802 1148 1973 1192 mors
2022 1135 2158 1191 eius

514 1234 579 1291 in
646 1248 877 1293 annum
943 1234 1058 1292 395
1115 1234 1385 1301 caderet,
1461 1238 1520 1292 et
1588 1234 1847 1307 quidem
1900 1238 2159 1291 testante

516 1332 952 1404 Martyrologio
1000 1332 1061 1388 in
1120 1332 1192 1389 1V
1217 1338 1359 1389 ante
1394 1333 1544 1390 Non.
1592 1332 1934 1395 Januarias,
1971 1328 2149 1387 Grae-

514 1429 605 1487 cis
660 1430 927 1487 Menaeis
981 1431 1243 1487 testibus
1274 1430 1335 1487 in
1389 1430 1513 1489 XIV
1554 1435 1694 1488 ante
1751 1429 1999 1487 Calend.
2058 1427 2160 1484 Fe-

518 1526 803 1585 bruarias
824 1524 931 1598 (3).
993 1527 1111 1585 Sed
1146 1543 1293 1586 num
1350 1543 1383 1585 e
1416 1529 1623 1585 verbis
1680 1527 1933 1586 Palladii
2004 1523 2161 1582 illud

518 1629 683 1683 recte
735 1624 940 1697 colligi
996 1625 1210 1697 possit,
1275 1626 1338 1684 in
1393 1626 1655 1684 dubium
1716 1627 1853 1684 iure
1883 1629 2153 1683 vocatur.

519 1722 854 1780 Macarium
922 1724 1090 1781 enim
1161 1730 1297 1796 post
1366 1725 1508 1784 illos
1573 1730 1698 1783 tres
1722 1738 1915 1782 annos
1952 1722 2159 1780 statim

2264 549 2646 621 baptizatum
2678 564 2811 607 csse
2840 564 2987 607 eum
3014 562 3195 620 aegre
3221 545 3595 605 credideris.

2344 647 2663 705 Fabricius
2736 646 2846 722 (8),
2936 649 3168 704 Caveus
3234 643 3346 721 (9),
3407 644 3698 703 Oudinus
3773 639 3908 716 (10),

2263 744 2341 802 de
2396 745 2601 803 Nessel
2659 744 2812 821 (11),
2852 744 3468 818 Pritius(l2)nescio
3523 739 3762 813 quibus
3791 738 3911 796 fulti

2266 842 2613 901 rationibus
2663 844 2936 909 tradunt,
3020 843 3355 901 Macarium
3435 837 3912 898 Alexandrinum

2265 955 2428 997 anno
2484 944 2598 999 404
2652 958 2685 998 e
2740 943 2862 1000 vita
2910 942 3272 999 decessisse.
3335 939 3457 999 Sed
3518 939 3624 995 vix
3662 935 3912 994 dubium

2264 1043 2377 1104 est,
2434 1039 2585 1111 quin
2642 1040 2706 1097 in
2761 1054 2907 1097 eum
2959 1054 3245 1098 errorem
3305 1038 3450 1097 ideo
3486 1035 3729 1094 inducti
3779 1032 3910 1098 sint,

2267 1137 2435 1208 quod
2491 1138 2553 1195 in
2612 1143 2781 1196 textu
2810 1153 3033 1210 graeco
3067 1137 3313 1195 Meursii
3346 1135 3505 1211 (I3),
3538 1136 3601 1192 in
3650 1132 3920 1190 versione

2270 1234 2514 1293 Herveti
2587 1236 2716 1310 (11)
2792 1243 2977 1309 atque
3026 1237 3087 1293 in
3139 1235 3430 1293 Paradiso
3488 1232 3622 1307 (15)
3687 1229 3913 1301 legitur.

2272 1332 2606 1391 Macarium
2640 1333 3124 1391 Alexandrinum
3168 1332 3436 1391 Macario
3472 1329 3783 1403 Aegyptio
3830 1326 3918 1383 iu-

2274 1430 2515 1488 niorem
2547 1431 2757 1490 fuisse.
2793 1431 2859 1489 Id
2913 1447 3061 1491 vero
3090 1432 3140 1488 si
3172 1433 3407 1498 fuisset,
3443 1444 3597 1487 eum
3640 1432 3779 1499 post
3817 1438 3921 1481 an-

2272 1542 2421 1585 num
2479 1530 2593 1586 300
2671 1534 2909 1596 natum,
2985 1534 3122 1602 post
3179 1544 3412 1586 annum
3476 1529 3598 1585 340
3662 1523 3916 1595 baptiza-

2272 1632 2404 1683 tum
2476 1641 2629 1695 esse,
2695 1634 2755 1685 et
2827 1634 2967 1685 ante
3032 1642 3262 1685 annum
3320 1628 3434 1685 348
3494 1630 3731 1683 tantam
3794 1619 3915 1676 vir-

2273 1724 2417 1781 tutis
2470 1726 2697 1782 famam
2750 1723 2949 1783 multis
3004 1722 3206 1783 abhinc
3257 1722 3425 1781 annis
3481 1723 3785 1781 habuisse
3815 1731 3909 1773 ne-

517 1820 790 1878 animam
834 1821 1069 1879 efﬂasse
1121 1822 1429 1881 Palladius
1477 1838 1597 1881 non
1655 1823 1830 1891 dicit,
1879 1821 1988 1879 sed
2042 1820 2160 1877 hoc
2192 1805 2231 1858 Β
2268 1835 2439 1879 cesse
2483 1830 2665 1893 esset,
2726 1824 2891 1895 quod
2926 1838 2959 1879 a
2992 1821 3547 1881 verisimilitudine
3602 1821 3784 1893 plane
3825 1814 3917 1871 ab-

517 1918 1115 1977 soluszacarium
1184 1921 1553 1993 Aegyptium
1622 1936 1784 1979 anno
1852 1925 1993 1977 ante
2042 1916 2161 1975 ad—

516 2020 770 2073 ventum
820 2015 1016 2087 ipsius
1070 2018 1134 2075 in
1165 2018 1565 2076 solitudinem
1622 2024 1943 2077 mortuum
1984 2031 2158 2087 esse;

514 2128 660 2171 cum
714 2114 975 2171 Macario
1006 2120 1211 2171 autem
1293 2116 1729 2189 Alexandrino,
1785 2115 2163 2174 Cellularum

521 2210 913 2282 presbytero,
959 2226 1025 2269 se
1076 2218 1201 2269 tres
1246 2227 1438 2272 annos
1470 2215 1714 2271 vixisse.
1748 2216 1929 2285 Quid,
1964 2216 2015 2272 si
2048 2216 2166 2272 Ma-

523 2307 731 2365 carius
789 2308 1267 2377 Alexandrinus,
1300 2312 1407 2382 qui
1466 2311 1736 2370 Palladio
1780 2318 1931 2371 teste
1982 2311 2072 2387 (4)
2104 2313 2164 2369 in

522 2406 717 2464 Nitria
774 2412 836 2463 et
908 2407 969 2463 in
1024 2406 1319 2465 interiore
1373 2415 1537 2467 vasta
1585 2412 1926 2470 solitudine
1979 2412 2169 2468 cellas

2273 1922 2504 1978 horret.
2570 1921 2726 1979 Illud
2804 1935 2973 1991 vero,
3036 1922 3371 1979 Macarium
3434 1916 3913 1977 Alexandrinum

2276 2019 2575 2089 Aegyptio
2628 2019 2942 2076 iuniorem
3001 2019 3212 2088 fuisse,
3249 2033 3452 2091 neque
3510 2018 3573 2075 in
3609 2013 3915 2075 codicibus

2277 2114 2878 2183 Vindobonensibus,
2952 2131 3151 2188 neque
3200 2117 3263 2173 in
3328 2116 3590 2188 antiqua
3646 2111 3912 2169 versione

2279 2210 2565 2270 habetur.
2644 2212 3076 2271 Tillemontius
3142 2214 3481 2272 Macarium
3560 2205 3913 2270 Alexandri-

2279 2325 2426 2368 num
2453 2314 2647 2368 aetate
2706 2312 2894 2369 fuisse
2925 2312 3236 2369 minorem
3272 2312 3413 2369 ideo
3449 2309 3715 2383 putavit,
3768 2301 3916 2378 quod

2278 2408 2613 2480 scriptores
2662 2424 2807 2466 eum
2860 2423 3110 2481 semper
3165 2415 3302 2482 post
3356 2408 3700 2466 Macarium
3750 2406 3921 2473 Aegy-

525 2504 765 2568 habuit,
826 2509 959 2574 post
1018 2505 1154 2563 illos
1216 2511 1342 2563 tres
1372 2522 1566 2565 annos
1610 2509 1671 2566 in
1704 2508 1888 2566 aliam
1942 2510 2167 2567 cellam
2282 2508 2479 2578 ptium
2527 2507 3159 2565 commemoraverint
3224 2506 3357 2583 (16)
3425 2509 3598 2565 Rem.
3646 2507 3922 2563 Sozome-

527 2600 922 2669 abiit?Quid
972 2602 1021 2658 si
1075 2605 1429 2675 congressui
1484 2606 1750 2664 fratrum
1798 2607 2056 2665 omnino
2106 2620 2171 2664 se
2282 2620 2398 2663 nus
2444 2607 2734 2676 explicat.
2797 2606 2926 2676 qui,
2993 2611 3321 2679 postquam
3378 2605 3456 2661 de
3512 2603 3779 2663 Macario
3819 2598 3923 2655 Ae—

532 2695 884 2756 subduxit?
916 2700 1154 2767 Fateor,
1216 2702 1592 2761 Tillemontii
1642 2706 2009 2762 sententiam
2062 2719 2174 2761 ve-
2282 2702 2498 2775 gyptio
2546 2702 2916 2774 disputavit:
2987 2724 3009 2755 ι
3068 2704 3449 2773 Macarius»,
3486 2703 3718 2776 inquit,
3755 2694 3924 2754 «Ale-

537 2797 867 2855 risimilem
916 2798 1171 2870 quidem
1222 2814 1379 2867 esse,
1432 2802 1539 2861 sed
1596 2810 1831 2861 certam
1887 2818 2027 2861 eam
2071 2819 2176 2861 ne-
2287 2800 2629 2858 xandrinus
2720 2800 2923 2859 serius
3002 2802 3258 2874 quidem
3352 2803 3686 2874 presbyter
3755 2796 3926 2853 factus

537 2910 851 2969 quaquam
882 2896 1169 2957 dixerim.
2287 2904 2419 2957 est»
2476 2896 2624 2973 (17).
2694 2900 2889 2972 Atque
2941 2900 3128 2958 etiam
3189 2900 3537 2958 verisimile
3597 2903 3712 2967 est,
3747 2895 3917 2952 Maca-

618 2994 744 3061 Sin,
779 2994 1153 3054 Tillemontii
1177 2997 1540 3070 opinionem
1571 3002 1788 3069 secuti,
1824 3001 2174 3068 statuimus,
2290 2998 2456 3055 rium
2496 2993 2615 3064 88
2676 2998 3162 3056 Alexandrinum
3232 3004 3368 3071 post
3424 2998 3766 3057 Macarium
3820 2991 3916 3048 Ae-

540 3093 873 3151 Macarium
909 3094 1391 3154 Alexandrinum
1452 3112 1665 3157 mense
1706 3099 1999 3157 Januario
2032 3099 2176 3157 anni
2218 3156 2252 3167 ,_
2290 3095 2573 3167 gyptium
2634 3097 3007 3155 monachum
3064 3098 3291 3155 factum
3363 3111 3523 3155 esse.
3608 3089 3925 3153 Macarium

538 3190 653 3249 395
710 3191 833 3249 vita
880 3191 1239 3263 decessisse,
1290 3195 1559 3253 eundem
1611 3203 1750 3255 ante
1788 3212 2025 3255 annum
2065 3196 2179 3253 295
2214 3190 2253 3213 υ
2293 3207 2439 3251 vero
2507 3194 2996 3251 Alexandrinum
3067 3194 3366 3267 Aegyptio
3439 3200 3588 3253 natu
3640 3191 3926 3249 minorem

540 3291 776 3354 natum,
811 3294 872 3345 et
901 3294 1039 3347 ante
1062 3304 1292 3347 annum
1324 3294 1438 3350 335
1469 3293 1847 3365 baptizatum
1869 3309 2025 3358 esse,
2066 3300 2182 3350 sta-
2293 3292 2501 3359 fuisse,
2564 3292 2690 3349 iam
2732 3293 2896 3364 apud
2958 3290 3325 3350 Makrizium
3384 3292 3538 3365 legis
3619 3286 3767 3365 (l8).
3800 3284 3926 3345 Nec,

541 3390 789 3443 tuamus
814 3400 1063 3443 necesse
1087 3395 1177 3443 est
1227 3389 1375 3445 Nam
1409 3390 1677 3450 Palladio
1704 3398 1956 3451 auctore
1992 3406 2184 3449 annos
2294 3390 2458 3447 unde
2516 3404 2697 3448 error
2755 3391 2813 3448 in
2847 3390 2955 3447 illa
3010 3390 3313 3449 Historiae
3368 3390 3697 3448 Lausiacae
3746 3393 3929 3441 exem-

542 3481 948 3555 quadraginta
978 3489 1154 3541 natus
1204 3486 1582 3557 baptismum
1609 3490 1901 3561 suscepit.
1954 3503 2027 3547 ex
2061 3504 2185 3561 quo

540 3580 759 3637 saltem
813 3580 1125 3651 sexaginta
1182 3597 1373 3640 annos
1431 3585 1581 3643 vixit
1631 3585 1742 3661 (5).
1794 3586 2042 3645 Macarii
2080 3586 2186 3645 illo

545 3677 619 3733 ad
668 3677 1146 3735 Tabennesiotas
1198 3680 1417 3737 itinere
1470 3684 1829 3749 edocemur,
1866 3699 2013 3742 eum
2050 3690 2188 3741 ante

544 3789 775 3832 annum
826 3774 963 3843 348,
1019 3792 1142 3847 quo
1200 3778 1564 3837 Pachomius
1604 3782 1771 3838 diem
1821 3798 2189 3855 supremum

545 3870 839 3947 obiit(6),
900 3869 1013 3939 8'7
1073 3888 1294 3944 magna
1342 3878 1501 3934 vitae
1548 3880 1951 3938 monachicae
2008 3882 2191 3939 laude

547 3968 866 4037 floruisse;
925 3972 1156 4029 etenim
1223 3973 1589 4033 Pachomius
1667 3978 1765 4035 ei:
1851 3975 2187 4045 «Multis»,

548 4067 772 4140 inquit,
814 4066 1065 4127 «abhinc
1114 4073 1283 4128 annis
1336 4072 1507 4145 cupii
1586 4081 1644 4133 te
1698 4076 1930 4147 videre,
1993 4092 2191 4150 quum

620 4288 701 4359 (1)
735 4290 917 4345 Simili
951 4292 1128 4347 modo
1154 4292 1447 4362 prraem
1480 4298 1582 4347 τὸν
1623 4298 1874 4367 ἣσυχον
1915 4295 2009 4350 ἀεὶ
2058 4297 2195 4360 ἐξα-

554 4386 803 4437 σκῆσαι
875 4378 1018 4449 βίον
1090 4381 1321 4436 dicitur.
1395 4383 1533 4438 Hist.
1604 4385 1774 4440 Laus.
1832 4386 1929 4443 ed.
1984 4390 2192 4443 Meurs.

553 4482 687 4538 cap.
726 4468 816 4521 101
851 4469 998 4539 Opp.
1034 4472 1236 4525 Meurs.
1262 4470 1297 4525 I.
1330 4471 1370 4528 I.
1405 4488 1455 4542 p.
1493 4474 1616 4527 572.

2297 3487 2497 3558 plaria
2562 3488 2912 3559 irrepserit,
2983 3495 3155 3546 certo
3213 3489 3466 3545 dixeris.
3537 3487 3689 3557 Quia
3743 3486 3927 3540 autem

2297 3590 2713 3642 Sozomenum
2757 3600 2852 3652 ea,
2886 3601 3046 3658 quae
3088 3586 3163 3643 de
3198 3586 3480 3644 Macariis
3512 3586 3719 3653 habet,
3752 3595 3784 3637 e
3813 3574 3929 3635 Pal-

2303 3683 2449 3740 ladii
2510 3683 2779 3741 Historia
2834 3685 3124 3743 Lausiaca
3175 3685 3553 3756 compilasse
3626 3676 3929 3739 manifesto

2303 3787 2489 3853 patet,
2515 3782 3027 3849 additamentum,
3080 3785 3412 3841 Macarium
3468 3776 3929 3840 Alexandrinum

2302 3880 2502 3937 serius
2534 3882 2969 3953 presbyterum
3000 3897 3131 3939 esse
3163 3882 3414 3947 factum,
3451 3883 3580 3941 iam
3626 3862 3929 3935 Sozomeni

2302 3981 2587 4052 tempore
2643 3980 2705 4036 in
2763 3979 3049 4037 Lausiaca
3107 3981 3413 4039 exstitisse
3461 3976 3790 4053 probabile
3830 3967 3928 4026 est.

2385 4076 2542 4153 §22.
2592 4079 2710 4137 Sed
2760 4080 2837 4137 ad
2886 4080 3271 4138 narrationes
3325 4080 3492 4152 ipsas
3552 4080 3630 4137 de
3688 4062 3931 4133 Macario

2377 4298 2489 4369 (Η)
2522 4297 2826 4369 Supplem.
2858 4300 3187 4354 Comment.
3224 4298 3497 4352 Lambec.
3535 4290 3782 4383 Vindob.
3819 4281 3933 4383 lti90

2304 4388 2362 4441 T.
2399 4388 2440 4441 II
2472 4386 2530 4441 in
2573 4387 2764 4442 indice
2805 4387 3181 4456 alphabetico
3208 4404 3253 4439 ε.
3300 4403 3353 4441 ν.
3388 4385 3694 4442 Macarius
3730 4381 3931 4449 junior-

2226 4520 2272 4573 ι)
2377 4476 2489 4547 (¹2)
2530 4478 2585 4531 S-
2619 4477 2849 4573 Macarii
2879 4477 3147 4548 Aegyptii
3181 4478 3395 4547 Opusc.
3431 4480 3486 4529 et
3517 4468 3934 4548 Apophthegm.

627 4556 702 4627 (2)
769 4556 1081 4611 Tillemont
1146 4560 1455 4616 Mémoires
1488 4563 1581 4617 ed.
1651 4564 1948 4620 Bruxelles
1986 4568 2044 4621 T.
2084 4565 2196 4621 VIII
2231 4556 2270 4573 ν
2310 4566 2461 4636 Lips.
2500 4565 2627 4621 1699
2662 4564 2843 4619 Praef.
2876 4572 2899 4633 ἓ
2931 4565 3042 4619 VII.

553 4647 617 4701 P.
650 4644 721 4700 III
748 4660 806 4716 p.
852 4645 1008 4701 1078.

626 4736 706 4804 (3)
730 4734 810 4789 Cf.
845 4734 998 4789 infra
1028 4735 1219 4806 Caput
1247 4738 1380 4792 VIII.

627 4824 703 4895 (4)
737 4823 925 4895 Supra
940 4840 1013 4905 .p.
1042 4824 1130 4879 69.

625 4914 706 4984 (5)
747 4914 845 4969 CH
874 4915 1108 4988 supra§
1140 4919 1201 4972 19
1233 4933 1289 4987 p.
1320 4922 1386 4972 75
1413 4934 1545 4990 sqq.

628 5003 705 5075 (6)
772 5007 885 5059 AA.
956 5004 1050 5061 SS.
1119 5005 1255 5061 Boll.
1296 5008 1402 5063 Mai
1467 5010 1527 5063 T.
1599 5008 1663 5062 III
1705 5013 1899 5080 p.290
1926 5012 2195 5083 sqq.,cf.

558 5092 869 5150 Tillemont
923 5094 1227 5151 Mémoires
1286 5096 1379 5152 ed.
1441 5097 1616 5152 Brux.
1671 5100 1730 5153 Τ.
1786 5098 1879 5153 VII
1939 5101 1994 5155 P.
2042 5101 2204 5173 IIIp.

557 5183 717 5239 1233.

631 5272 708 5343 (7)
750 5272 829 5327 Cf.
874 5290 1057 5345 supra
1097 5291 1153 5345 p.
1198 5276 1284 5329 71.

629 5360 707 5433 (8)
750 5363 897 5419 Bibl.
946 5363 1151 5419 Graec.
1195 5364 1287 5419 ed.
1334 5364 1582 5420 Harless.
1625 5367 1683 5421 T.
1731 5365 1849 5421 VIII
1880 5367 2206 5438 Hamburg.

557 5452 811 5518 1802,40,
836 5468 893 5523 p.
914 5454 1016 5509 365
1038 5470 1085 5509 s.
1111 5469 1165 5507 v.
1194 5454 1493 5509 Macarius
1522 5455 2207 5513 iuniorAlexandrinus.

632 5544 709 5611 (9)
736 5542 966 5613 Scriptt.
988 5543 1197 5598 eccles.
1226 5543 1363 5598 Hist.
1383 5543 1483 5599 litt.
1510 5561 1555 5597 s.
1577 5560 1629 5597 v.
1660 5545 2208 5615 Macariusjunior.

2382 4656 2491 4725 (13)
2523 4658 2663 4724 Cap.
2692 4658 2759 4709 20
2791 4656 2942 4724 Opp.
2977 4657 3181 4709 Meurs.
3216 4654 3252 4707 I.
3289 4653 3325 4707 I.
3360 4670 3415 4725 p.
3452 4657 3576 4709 389.

2385 4723 2495 4814 (14)
2538 4723 2707 4808 Ibid.,
2755 4748 2810 4798 et
2844 4723 2970 4797 vv.
3015 4745 3114 4799 PP.
3164 4723 3374 4798 nosw.‘
3406 4742 3509 4797 lib.
3555 4740 3668 4795 VIII
3714 4746 3837 4802 cap.
3887 4723 3936 4774 l9

2314 4850 2371 4906 p.
2403 4837 2527 4902 719,
2559 4837 2609 4886 2.

2387 4923 2498 4993 (15)
2529 4924 2632 4976 VV.
2665 4921 2762 4976 PP.
2800 4924 2990 4976 Rosw.
3025 4936 3159 4990 cap.
3190 4924 3219 4975 6
3253 4936 3308 4991 p.
3340 4924 3462 4983 930,
3504 4924 3548 4974 1.

2387 4985 2498 5083 (16)
2562 5030 2590 5063 ‹‹
2651 5010 2810 5067 Celui
2853 4985 3266 5065 d’AlexanlIrie‘
3314 5026 3345 5064 a
3374 5012 3465 5064 été
3510 4985 3939 5083 apparetmuent

2316 5080 2650 5173 posterieur
2682 5104 2709 5155 ὲ
2756 5100 2904 5153 celui
2946 5099 3227 5169 d‘Egypte
3269 5100 3431 5154 aussi
3471 5097 3604 5153 bien
3650 5100 3794 5164 pour
3821 5080 3939 5136 l’en'

2318 5194 2437 5247 trée
2497 5191 2650 5246 dans
2704 5190 2763 5245 la
2831 5189 3085 5245 solitude
3142 5205 3259 5260 que
3314 5205 3465 5260 pour
3526 5187 3582 5242 la
3631 5176 3938 5258 naissanctf.

2318 5280 2636 5352 puisqu’on
2668 5279 2719 5333 le
2763 5286 2879 5333 met
2912 5279 3179 5349 toujours
3212 5282 3383 5349 api-es
3414 5277 3639 5332 l’autre.
3672 5291 3698 5320 ι
3733 5264 3940 5322 Μρωοι·

2320 5384 2411 5423 res
2434 5370 2492 5423 T.
2529 5368 2638 5421 VIII
2669 5368 2731 5423 P.
2762 5368 2829 5421 III
2854 5385 2890 5437 p
2928 5370 3079 5423 1043.

2393 5457 2508 5526 (17)
2537 5456 2675 5511 Hist.
2711 5458 2861 5510 Eccl.
2892 5455 2993 5509 Iib.
3028 5457 3093 5509 III
3124 5471 3255 5525 cap.
3296 5458 3358 5510 14
3384 5454 3477 5509 ed.
3511 5455 3551 5509 Ι.
3586 5446 3787 5522 p.516.

2396 5513 2506 5616 (18)
2537 5546 2759 5600 Macrizi
2787 5544 3129 5599 Geschichte
3168 5513 3274 5599 d'er
3303 5545 3523 5615 Copten
3564 5513 3614 5595 ν’,
3647 5528 3800 5591 Ferd,
3832 5513 3941 5571 Wﬁ-

632 5631 745 5702 (10)
784 5631 1118 5689 Comment.
1160 5632 1235 5689 de
1276 5634 1508 5705 Scriptt.
1547 5631 1757 5688 eccles.
1792 5650 1838 5688 s.
1872 5649 1926 5686 v.
1956 5634 2212 5691 Macarii
2325 5634 2577 5691 stenfeld
2603 5634 2861 5705 GOIting.
2902 5637 3034 5690 1845
3066 5649 3123 5705 p.
3160 5637 3276 5689 110.
3326 5639 3442 5688 111.

562 5727 677 5780 (res
706 5721 1003 5780 monachi.
