4092 6256
226 324 301 382 85
1831 306 2060 363 vms.
3576 313 3647 369 se

230 448 649 512 Alexandrino
700 463 733 505 e
784 445 1053 505 Historia
1109 443 1400 503 Lausiaca
1454 440 1728 515 prolatas
1776 452 1877 494 ve-
1910 434 1955 486 Α
1986 442 2237 513 sederit,
2296 448 2358 507 in
2402 452 2645 510 Herveti
2689 456 2749 509 et
2781 448 2842 507 in
2892 448 3148 520 antiqua
3196 444 3482 504 versione
3514 461 3639 505 non

228 550 495 607 niamus.
547 548 821 616 Quarum
865 544 1035 601 nulla
1065 542 1231 615 apud
1262 541 1457 598 alium
1501 539 1876 610 scriptorem

224 646 543 705 invenitur
592 647 837 716 praeter
895 644 1093 700 solam
1145 640 1221 697 de
1276 651 1608 711 magorum
1656 648 1877 693 monu-

221 749 437 802 mento
494 758 527 799 a
587 742 851 799 Macario
910 737 1329 797 Alexandrino
1388 736 1543 801 viso,
1596 748 1757 806 quae
1814 731 1876 787 in

219 842 393 899 libro
450 841 723 899 secundo
782 836 871 915 (1)
938 839 1067 895 fere
1125 836 1242 894 hoc
1298 834 1486 892 modo
1558 833 1869 891 habetur:

219 940 562 997 Macarium
608 950 757 1010 prae
808 935 1034 994 ceteris
1081 935 1337 992 senibus
1366 936 1712 989 amatorem
1744 941 1878 985 ere-

218 1037 313 1095 mi
364 1037 572 1103 fuisse,
616 1041 675 1093 et
718 1036 1029 1092 inaccessa
1085 1035 1540 1106 perscrutatum
1589 1042 1722 1086 esse
1774 1026 1877 1083 de-

217 1141 407 1193 serta.
458 1133 809 1207 Aliquando
858 1146 1003 1190 eum
1056 1130 1363 1188 invenisse
1413 1128 1621 1186 locum
1672 1126 1737 1183 in
1783 1138 1880 1181 re-

218 1232 590 1291 motissimis
612 1231 809 1290 eremi
844 1231 1126 1302 partibus
1156 1228 1429 1301 positum
1457 1223 1879 1295 omnibusque

218 1331 409 1389 bonis
439 1329 772 1403 repletum.
805 1328 920 1388 Ubi
964 1329 1121 1386 duos
1152 1327 1461 1384 habitasse
1495 1325 1736 1387 fratres,
1768 1320 1877 1393 qui

217 1434 483 1502 propter
548 1427 1013 1485 multitudinem
1066 1426 1444 1483 daemonum
1502 1421 1590 1479 ibi
1641 1419 1877 1493 degen-

210 1527 404 1592 tium,
444 1541 519 1582 ne
551 1525 708 1583 alios
737 1539 813 1582 eo
840 1523 1177 1582 monachos
1206 1522 1561 1587 deduceret,
1596 1531 1743 1576 eum
1776 1514 1880 1572 ad-

213 1624 604 1682 monuerint.
650 1622 981 1694 Regressus
1026 1625 1232 1677 autem
1276 1633 1472 1691 quum
1512 1613 1881 1690 opportuni-

215 1722 415 1777 ta’tem
452 1719 572 1778 loci
615 1720 912 1778 fratribus
957 1717 1311 1784 indicasset,
1362 1718 1705 1774 multorum
1745 1712 1879 1770 ani-

215 1832 363 1876 mos
430 1818 844 1875 inﬂammatos
891 1832 1048 1883 esse,
1119 1817 1228 1874 sed
1293 1821 1535 1873 ceteros
1604 1814 1873 1871 dixisse:

222 1937 247 1971 ι
300 1916 495 1974 Locus
543 1916 656 1974 iste
702 1917 753 1973 si
804 1930 967 1982 vere,
1019 1921 1085 1971 ut
1133 1914 1416 1980 iactatur,
1470 1928 1504 1972 a
1554 1912 1768 1970 Jamne
1822 1916 1882 1969 et

219 2015 500 2073 Mambre
542 2014 822 2072 consitus
864 2019 975 2079 est,
1024 2028 1148 2070 non
1193 2011 1362 2070 aliud
1395 2012 1471 2069 de
1502 2026 1577 2068 eo
1620 2010 1879 2068 creden-

219 2111 377 2169 dum
408 2117 521 2182 est,
561 2113 679 2169 nisi
731 2111 899 2184 quod
930 2109 1165 2169 diaboli
1214 2124 1404 2182 opere
1448 2108 1524 2165 ad
1555 2107 1876 2179 deceptio-

223 2223 371 2266 nem
404 2214 675 2267 nostram
726 2215 1130 2281 praeparatus
1169 2208 1267 2265 sit.
1302 2207 1363 2266 Si
1395 2206 1562 2264 enim
1604 2220 1772 2267 vere.
1812 2209 1878 2262 ut

222 2307 584 2379 perhibent,
638 2307 974 2365 deliciosus
1031 2312 1123 2365 est
1184 2311 1245 2364 et
1302 2306 1649 2371 abundans,
1722 2302 1875 2375 quid

224 2405 625 2475 sperabimus
682 2405 744 2462 in
787 2405 997 2463 futuro
1044 2405 1315 2471 saeculo,
1373 2405 1423 2461 si
1475 2403 1577 2461 hic
1632 2402 1876 2461 deliciis

227 2498 551 2559 fruimur?
582 2524 604 2554 ι
654 2502 890 2571 Quibus
926 2504 1134 2561 verbis
1164 2504 1412 2561 tandem
1446 2504 1750 2560 ferventes
1780 2502 1874 2559 iu-

223 2613 453 2658 venum
511 2603 753 2659 animos
813 2614 1135 2674 repressos
1181 2617 1337 2660 esse.
1397 2601 1551 2659 Rem
1607 2600 1879 2672 scriptor

220 2696 374 2755 libri
433 2699 688 2756 secundi
747 2699 909 2757 fama
957 2705 1321 2772 acceperat;
1372 2715 1517 2757 nam
1572 2699 1871 2772 scripsit:

222 2815 245 2846 ι
285 2790 561 2853 Ferebant
588 2811 733 2855 eum
764 2803 1108 2855 amatorem
1157 2798 1344 2855 fuisse
1379 2844 1389 2855 .
1434 2839 1445 2851 .
1489 2841 1501 2853 .
1544 2842 1555 2853 .
1593 2816 1666 2870 ς»
1696 2803 1826 2854 tum
1860 2814 1873 2856 :

224 2914 246 2945 ι
286 2893 406 2953 Ubi
456 2895 645 2953 etiam
692 2895 853 2953 duos
897 2894 1117 2953 fratres
1160 2895 1466 2954 invenisse
1505 2891 1875 2972 ferebatur.»

219 2991 509 3051 Fortasse
545 2992 730 3050 etiam
770 2994 931 3051 fama
957 2993 1033 3050 de
1063 2994 1310 3051 duobus
1341 2994 1685 3061 monachis,
1720 3007 1880 3066 quos

1986 541 2205 602 culicis
2258 548 2459 617 elisio,
2521 552 2629 608 sed
2681 548 2942 622 spiritus
2984 543 3437 617 fornicationis,
3475 544 3641 602 indi-

1986 644 2181 698 catur.
2248 644 2309 703 ln
2368 648 2598 719 quibus
2648 648 2797 705 haec
2854 645 3050 719 legis:
3104 663 3131 697 α
3180 644 3246 700 Εἰ
3298 641 3636 713 aliquando

1988 741 2337 800 molestiam
2400 745 2688 803 exhibuit
2757 745 3015 816 spiritus
3065 739 3518 810 fornicationis,
3581 742 3642 795 et

1987 840 2133 895 tunc
2178 842 2613 900 condemnavit
2661 843 2934 914 seipsum
2985 841 3202 899 sedere
3253 838 3489 895 nudum
3532 851 3639 893 sex

1988 948 2232 994 menses
2281 938 2342 995 in
2388 941 2617 1011 palude
2666 940 2900 998 Scetis.
2940 986 2949 997 .
2992 983 3003 995 .
3044 958 3072 993 »
3109 935 3217 1012 (3).
3267 936 3461 1005 Quam
3493 950 3638 992 cau-

1986 1046 2115 1090 sam
2164 1035 2379 1093 falsam
2432 1051 2567 1096 esse
2605 1039 2894 1097 existimo
2925 1041 2985 1094 et
3017 1036 3159 1093 inde
3193 1035 3420 1100 ﬁctam,
3464 1032 3633 1105 quod

1988 1130 2126 1187 talis
2181 1146 2378 1203 poena
2420 1134 2536 1193 soli
2585 1136 2801 1194 ultioni
2856 1134 3077 1193 culicis
3131 1130 3459 1205 pungentis
3516 1143 3640 1187 non

1986 1241 2259 1299 congrua
2306 1230 2436 1288 visa
2483 1232 2581 1289 sit.
2637 1232 2850 1290 Versio
2898 1231 3140 1290 Herveti
3194 1227 3459 1285 Macario
3489 1242 3641 1299 qua-

1989 1336 2130 1385 tuor
2173 1329 2396 1386 tribuit
2435 1330 2693 1388 cellulas
2741 1333 2803 1390 in
2841 1332 3038 1398 Scete,
3092 1327 3304 1398 Libya,
3341 1326 3553 1385 Celliis
3582 1330 3642 1382 et

1988 1433 2199 1485 monte
2250 1428 2478 1486 Nitriae
2517 1429 2685 1487 sitas.
2720 1429 2836 1487 Sed
2872 1427 3062 1487 Cellia
3093 1427 3169 1483 ad
3204 1425 3458 1497 Libyam
3495 1438 3639 1496 per-

1989 1525 2330 1593 tinuerunt,
2427 1542 2631 1600 neque
2712 1527 2961 1585 codices
3045 1538 3247 1596 neque
3332 1522 3639 1579 editiones

1988 1630 2353 1696 ceteraeque
2402 1627 2717 1683 versiones
2751 1626 2893 1698 plus
2936 1624 3139 1681 tribus
3186 1620 3434 1679 Macarii
3466 1619 3640 1677 cellis

1992 1728 2236 1778 norunt.
2280 1722 2544 1795 Antiqua
2591 1722 2797 1781 versio
2841 1737 2965 1779 non
3010 1722 3217 1788 habet,
3272 1717 3629 1787 Macarium,

1991 1833 2184 1890 quum
2236 1820 2716 1891 cogitationibus
2763 1834 2952 1877 vanae
3002 1817 3239 1891 gloriae
3284 1820 3633 1884 vexaretur,

1991 1930 2177 1973 arena
2236 1917 2515 1975 humeris
2568 1918 2860 1990 imposita
2912 1929 3198 1974 eremum
3268 1914 3636 1985 pervasisse,

1989 2014 2143 2072 sed:
2188 2034 2210 2065 ι
2264 2014 2363 2073 Sic
2418 2029 2655 2087 ergo,»
2705 2014 2929 2086 inquit,
2991 2033 3012 2064 ι
3075 2014 3263 2070 iacuit
3317 2026 3515 2083 usque
3560 2010 3637 2068 ad

1988 2125 2352 2184 vesperam;
2387 2112 2786 2184 postmodum
2829 2111 3100 2169 surrexit
3148 2110 3225 2167 ad
3269 2112 3638 2166 consuetum

1985 2224 2144 2282 opus
2202 2210 2444 2267 Domini
2483 2230 2502 2261 ι
2567 2208 2676 2285 (4).
2734 2210 3007 2281 Denique
3066 2208 3127 2265 in
3162 2207 3409 2266 Herveti
3463 2210 3525 2264 et
3571 2206 3634 2263 in

1987 2307 2239 2380 antiqua
2318 2307 2624 2373 versione,
2706 2312 3036 2379 postquam
3121 2311 3439 2363 narratum
3520 2308 3634 2368 est,

1986 2406 2320 2463 daemones
2372 2420 2406 2462 e
2456 2412 2859 2464 monumento
2918 2427 2935 2456 ι
2968 2405 3159 2462 Janne
3190 2409 3249 2460 et
3294 2402 3570 2459 Mambre
3602 2421 3624 2452 ι

1987 2518 2310 2575 magorum
2341 2518 2621 2575 egressos
2651 2519 2683 2561 a
2718 2504 2981 2562 Macario
3013 2501 3252 2574 fugatos
3293 2514 3448 2564 esse,
3483 2499 3635 2556 haec

1986 2603 2348 2661 adduntur:
2406 2622 2429 2655 ι
2480 2601 2865 2675 lngrediente
2921 2610 3129 2659 autem
3186 2615 3261 2658 eo
3318 2592 3631 2675 {Macario]

1989 2702 2048 2759 in
2080 2702 2438 2774 paradisum
2466 2700 2522 2758 ei
2554 2701 2827 2759 occurrit
2856 2700 3144 2757 diabolus
3170 2699 3288 2770 90
3315 2711 3457 2755 cum
3490 2695 3644 2753 stri—

1988 2805 2085 2857 cta
2118 2800 2523 2872 rhomphaea,
2560 2800 2615 2856 ei
2652 2796 2969 2856 minitans.
3010 2798 3097 2855 Ad
3128 2810 3318 2869 quem
3349 2795 3507 2852 hanc
3538 2808 3644 2852 vo-

1989 2912 2127 2955 cem
2178 2898 2503 2973 respondit
2548 2903 2795 2955 sanctus
2844 2896 3195 2954 Macarius:
3245 2894 3332 2952 Tu
3371 2892 3543 2950 venis
3568 2891 3645 2950 ad

1991 3010 2091 3053 me
2172 2996 2232 3052 in
2310 2995 2520 3053 stricta
2583 2995 2990 3067 rhomphaea,
3040 2998 3100 3050 et
3147 3007 3260 3065 ego
3316 2996 3532 3049 contra
3585 2994 3643 3046 te

218 3088 531 3149 Macarius
589 3094 926 3165 Aegyptius
991 3092 1054 3150 in
1105 3092 1545 3150 remotissimis
1595 3091 1879 3150 solitudi-
1920 3125 1960 3180 C
1991 3093 2307 3165 ingrediar
2359 3094 2422 3150 in
2469 3092 2721 3151 nomine
2774 3092 3014 3150 Domini
3055 3090 3346 3155 Sabaoth,
3402 3088 3464 3145 in
3509 3087 3642 3145 acie

219 3187 317 3245 nis
368 3189 652 3260 partibus
681 3190 880 3247 nudos
917 3186 1035 3257 89
1067 3190 1301 3248 invenit
1332 3187 1443 3267 (2),
1500 3190 1562 3247 in
1604 3190 1879 3248 indolem

216 3286 375 3343 libri
405 3286 663 3344 secundi
697 3288 1068 3344 narrationis
1111 3290 1237 3346 vim
1270 3289 1544 3360 aliquam
1577 3287 1872 3345 exercuit.

304 3383 400 3440 Ad
468 3382 759 3441 ordinem
835 3384 1084 3456 deinde,
1156 3400 1282 3457 quo
1354 3385 1738 3443 narrationes
1816 3386 1878 3443 in

213 3481 414 3539 editis
444 3480 907 3553 exemplaribus
937 3497 1002 3540 se
1040 3483 1381 3555 excipiunt,
1426 3482 1591 3556 quod
1633 3484 1871 3551 attinet,

208 3579 554 3638 Paradisus
593 3584 653 3635 et
686 3580 886 3638 versio
929 3581 1183 3655 antiqua
1228 3595 1326 3639 res
1364 3583 1583 3640 eodem
1627 3580 1871 3651 ordine,

216 3691 345 3751 quo
413 3677 660 3735 codices
713 3678 1243 3745 Vindobonenses,
1319 3686 1620 3749 narrant;
1680 3682 1873 3739 altera

220 3774 284 3831 in
340 3774 455 3833 hoc
507 3776 641 3834 solo
690 3776 1025 3849 discrepat,
1083 3778 1253 3851 quod
1303 3778 1481 3848 illud,
1538 3779 1873 3837 Macarium

219 3872 341 3930 sibi
406 3874 828 3945 proposuisse,
896 3879 960 3932 ut
1012 3876 1290 3948 quinque
1342 3876 1568 3934 diebus
1624 3876 1687 3934 in
1741 3877 1875 3935 solo

218 3969 344 4027 Deo
399 3975 670 4028 mentem
713 3971 1027 4044 deﬁgeret,
1075 3973 1306 4031 omisit.
1359 3974 1546 4047 Magis
1590 3979 1799 4031 autem
1839 3990 1875 4032 a

218 4066 544 4125 codicibus
587 4068 880 4127 differunt
926 4083 1181 4142 graecae
1227 4072 1536 4128 editiones
1582 4076 1642 4129 et
1681 4072 1875 4129 inter-

224 4165 490 4237 pretatio
548 4166 816 4225 Herveti.
888 4167 951 4224 in
1005 4168 1237 4240 quibus
1287 4170 1367 4226 ab
1418 4169 1599 4227 initio
1651 4170 1874 4242 capitis

218 4268 489 4335 quatuor
534 4265 945 4331 narrationes,
981 4280 1142 4338 quae
1173 4267 1235 4323 in
1265 4266 1593 4325 codicibus
1622 4268 1865 4335 desunt,

218 4360 643 4432 inveniuntur,
686 4371 873 4435 atque
919 4364 1223 4421 cellarum
1255 4365 1501 4423 Macarii
1544 4380 1871 4424 enumera-

1994 3190 2101 3248 Dei
2135 3191 2315 3249 Israel
2347 3189 2459 3269 (5).
2499 3211 2527 3245 ι)

2070 3290 2138 3348 Et
2188 3291 2338 3347 haec
2382 3291 2637 3363 quidem
2687 3293 2849 3355 sunt,
2897 3287 3129 3360 quibus
3159 3285 3466 3343 editiones
3494 3297 3641 3341 ver-

1988 3386 2320 3461 sionesque
2403 3388 2709 3446 Historiae
2795 3387 3120 3444 Lausiacae
3206 3400 3240 3441 a
3319 3381 3642 3441 codicibus

1988 3485 2300 3544 differunt.
2360 3487 2485 3545 Hoc
2532 3487 2736 3544 solum
2788 3484 3048 3546 accedit,
3102 3482 3271 3555 quod
3317 3481 3378 3539 in
3419 3479 3641 3538 editio-

1987 3585 2171 3643 nibus
2212 3585 2451 3656 graecis
2497 3590 2557 3643 et
2605 3584 2666 3641 in
2709 3584 2991 3641 versione
3053 3581 3296 3639 Herveti
3346 3579 3636 3645 traditur,

1987 3683 2322 3741 Macarium
2357 3683 2841 3741 Alexandrinum
2891 3677 3129 3737 bellaria
3178 3674 3493 3735 vendidisse
3522 3673 3634 3752 (6).

1988 3780 2102 3839 Ubi
2160 3781 2224 3839 in
2279 3781 2569 3839 Paradiso
2626 3781 2934 3837 habetur:
2973 3796 3003 3832 «
3036 3773 3365 3853 Negotiator
3411 3778 3556 3847 erat,
3604 3793 3634 3829 »

1984 3878 2183 3951 glossa
2237 3879 2299 3936 in
2360 3879 2637 3952 margine
2700 3877 3065 3949 adscripta:
3122 3894 3152 3929 «
3213 3875 3324 3932 Ms.
3390 3872 3562 3930 addit
3618 3888 3631 3928 :

1983 3981 2084 4054 qui
2121 3993 2289 4054 poma
2343 3973 2428 4033 vel
2472 3974 2755 4053 legumina
2810 3990 3084 4051 nucesque
3140 3968 3398 4029 vendebat
3445 3989 3475 4024 »
3520 3968 3630 4045 (7).

1983 4075 2147 4144 Quae
2220 4075 2461 4146 glossae
2536 4075 2724 4131 verba
2799 4073 2987 4130 etiam
3064 4070 3127 4127 in
3189 4069 3424 4126 codicis
3496 4081 3635 4139 per-

1984 4173 2228 4245 vetusti,
2284 4187 2470 4244 quem
2526 4173 2753 4229 Romae
2822 4171 2886 4228 in
2940 4167 3319 4227 bibliotheca
3384 4179 3632 4223 monas-

1983 4271 2123 4329 tcrii
2182 4270 2647 4329 Yerusalemme
2718 4271 2780 4327 in
2849 4269 3038 4326 Croce
3096 4264 3221 4323 adii
3283 4262 3395 4341 (8),
3462 4267 3632 4321 textu

1981 4370 2287 4443 leguntur.
2380 4370 2646 4441 Antiqua
2722 4366 2994 4439 denique
3074 4364 3278 4423 versio
3358 4363 3632 4422 Roswei-

216 4457 302 4517 tio
356 4459 738 4533 virginisque
783 4458 1225 4519 Thessalonica
1281 4462 1585 4521 oriundae
1632 4464 1870 4523 sanatio
1905 4476 1951 4531 D
1979 4469 2201 4527 dianae
2242 4467 2629 4527 collectionis
2668 4466 2857 4535 idem,
2906 4465 3076 4537 quod
3124 4477 3385 4536 graecus
3431 4466 3633 4519 textus

219 4562 355 4627 post
407 4555 736 4616 historiam
795 4559 1065 4617 infelicis
1113 4560 1475 4627 sacerdotis,
1527 4560 1635 4633 qui
1678 4561 1870 4619 forni-

219 4667 361 4712 cans
390 4670 568 4714 sacra
598 4656 865 4723 obierat,
897 4659 1207 4729 leguntur.

299 4752 387 4809 Ad
452 4768 553 4811 res
604 4754 874 4827 denique
932 4755 1101 4827 quod
1166 4758 1426 4828 spectat,
1484 4771 1693 4828 causa,
1756 4772 1870 4817 cur

217 4847 519 4909 Macarius
569 4866 674 4910 sex
734 4866 974 4910 menses
1030 4852 1233 4912 nudus
1285 4852 1347 4910 in
1394 4852 1623 4925 palude
1675 4855 1870 4915 Scetis

286 5163 362 5233 (1)
403 5165 551 5235 Cap.
583 5165 672 5228 29,
705 5163 815 5216 VV.
849 5163 958 5220 PP.
997 5165 1193 5218 Rosw.
1229 5180 1289 5235 p.
1322 5164 1446 5229 480,
1486 5168 1520 5218 2
1553 5180 1685 5236 sqq.

283 5250 360 5323 (2)
402 5253 517 5308 \‘V.
554 5252 656 5307 PP.
707 5255 892 5307 Rosw.
931 5252 1032 5307 lib.
1073 5251 1139 5306 VI
1172 5252 1352 5308 libell.
1388 5261 1439 5318 :3,
1485 5256 1518 5308 4
1562 5269 1575 5319 ;
1627 5254 1869 5325 Apoph-

215 5337 431 5410 thegm.
451 5360 503 5397 s.
524 5357 584 5398 v.
604 5341 911 5398 Macarius
923 5343 1042 5411 Aeg
1052 5343 1289 5411 yptiusg
1317 5343 1361 5398 Il
1391 5358 1405 5407 ;
1436 5342 1681 5408 Coteler,
1706 5344 1862 5402 Eccl.

219 5424 412 5485 Graec.
448 5434 605 5488 Mon.
635 5429 699 5485 T.
735 5433 752 5485 l
793 5446 854 5501 p.
885 5434 987 5486 526
1037 5446 1173 5503 sqq.
1218 5430 1306 5487 Cf.
1342 5431 1496 5487 infra
1541 5433 1731 5503 Caput
1767 5432 1859 5489 VI.

284 5514 357 5588 (3)
400 5521 509 5576 VV.
543 5520 649 5574 PP.
686 5520 882 5574 Rosw.
917 5522 1124 5591 p.722,
1164 5524 1209 5585 t,
1241 5520 1367 5584 992,
1408 5525 1459 5577 l.

286 5604 362 5676 (4)
402 5612 547 5682 Cap.
598 5612 676 5674 l0,
704 5607 825 5664 VV.
868 5608 968 5664 PP.
1006 5612 1200 5666 Rosw.
1232 5626 1289 5680 p.
1324 5610 1448 5674 993,
1474 5612 1528 5665 2.

288 5694 357 5766 (5)
398 5697 631 5757 Herveti
698 5698 890 5756 versio
943 5714 1078 5771 cap.
1148 5699 1237 5765 20,
1302 5698 1419 5753 VV.
1496 5699 1595 5754 PP.
1663 5700 1858 5756 Rosw.

1978 4572 2039 4624 et
2096 4566 2342 4625 Herveti
2412 4566 2637 4631 versio,
2702 4564 2935 4637 profert
2990 4582 3003 4620 :
3071 4580 3100 4616 ‹‹
3165 4557 3453 4619 Grutaria
3504 4574 3633 4615 ven-

1977 4662 2112 4722 dens
2164 4662 2274 4740 (9).
2305 4682 2334 4720 ι
2363 4662 2479 4722 Sed
2546 4677 2749 4735 neque
2796 4661 3121 4721 codicibus
3185 4657 3630 4717 Vindobonen-

1980 4764 2155 4822 sibus
2210 4777 2411 4836 neque
2486 4761 2709 4819 ceteris
2786 4759 3057 4831 antiquis
3132 4756 3431 4823 fontibus,
3472 4769 3631 4828 quos

1981 4860 2504 4928 examinabimus,
2533 4859 2840 4918 eiusmodi
2871 4857 3217 4931 quidquam
3248 4855 3624 4915 continetur.

1980 5179 2038 5235 p.
2080 5164 2203 5229 722,
2249 5168 2299 5219 2.
2339 5162 2592 5234 Antiqua
2617 5162 2809 5216 versio
2836 5175 2973 5231 cap.
3017 5163 3103 5225 10,
3132 5159 3277 5214 ibid.
3314 5176 3372 5231 p.
3413 5159 3538 5221 992,
3570 5157 3625 5211 1.

2048 5254 2126 5322 (6)
2165 5258 2575 5326 Τραγήματα
2623 5251 3013 5323 πιπράσκων
3072 5248 3224 5305 Hist.
3282 5249 3463 5302 Laus.
3528 5244 3624 5297 ed.

1980 5344 2183 5398 Meurs.
2218 5358 2350 5413 cap.
2398 5345 2468 5396 ‘20
2508 5342 2662 5411 Opp.
2706 5339 2919 5393 Meurs.
2968 5355 3027 5409 p.
3064 5337 3184 5393 389.
3240 5335 3442 5391 Versio
3490 5331 3629 5383 Her-

1976 5432 2089 5485 veti
2119 5431 2262 5486 ibid.
2297 5447 2361 5502 p.
2397 5430 2500 5485 390
2532 5433 2588 5485 et
2629 5430 2734 5483 VV.
2761 5427 2859 5481 PP.
2896 5429 3086 5483 Rosw.
3121 5440 3179 5494 p.
3213 5426 3339 5489 719,
3365 5426 3423 5476 2.

2045 5520 2124 5591 (7)
2166 5521 2307 5591 Cap.
2341 5520 2394 5579 6.
2436 5519 2559 5576 VV.
2594 5518 2691 5572 PP.
2723 5518 2916 5571 Rosw.
2950 5532 3013 5586 p.
3057 5516 3186 5575 950,
3230 5513 3281 5564 1.

2043 5609 2117 5680 (8)
2161 5608 2243 5665 Cf.
2275 5624 2457 5680 supra
2482 5624 2540 5680 p.
2580 5606 2663 5661 l3.

1976 5716 1981 5723 '
2042 5699 2118 5770 (9)
2161 5700 2301 5771 Cap.
2336 5704 2387 5755 9.
2420 5697 2531 5754 VV.
2558 5697 2658 5751 PP.
2695 5695 2893 5746 Rosw.
2924 5708 2991 5764 p.
3031 5686 3158 5744 989,
3181 5683 3235 5732 2.
