4092 6256
477 318 541 372 87
1353 314 1451 371 FS.
1497 315 1980 372 MACARIOBUM
2025 315 2356 372 AEGYPTII
2394 315 2480 369 ET
2521 314 3016 370 ALEXANDRINI
3807 319 3864 372 88

471 444 599 502 Hoc
627 443 837 513 etiam,
863 444 1033 515 quod
1064 444 1125 500 in
1157 446 1396 516 graecis
1430 445 1832 514 editionibus,
1869 447 2116 506 Herveti
2154 445 2197 498 A
2227 445 2424 520 olera,
2475 458 2637 516 quae
2679 447 2900 516 sponte
2949 449 3286 502 nascuntur
3332 444 3394 501 in
3447 448 3636 514 terra,
3681 458 3863 516 neque

475 543 760 600 versione
813 547 871 599 et
928 543 989 598 in
1069 542 1353 600 Paradiso
1423 544 1712 615 habetur,
1780 546 2115 603 Macarium

477 639 963 698 Alexandrinum
1004 639 1334 697 virtutibus
1365 644 1522 698 vitae
1555 643 1956 700 monachicae
2002 645 2117 701 Ma-

471 737 642 795 cario
667 738 940 809 Aegypto
957 738 1385 795 antecelluisse
1408 735 1525 812 (l),
1549 739 1610 796 in
1638 741 1960 798 codicibus
1982 742 2116 798 Vin~

471 835 935 893 dobonensibus
964 841 1021 892 et
1057 833 1405 893 inversione
1434 837 1687 910 antiqua
1719 853 1839 896 non
1868 839 2109 911 legitur.

554 930 715 1007 §23.
776 933 858 989 Ad
909 933 1181 1005 singulas
1233 937 1442 991 autem
1499 936 1904 1004 narrationes,
1961 952 2117 1009 quas

472 1030 547 1087 de
607 1030 870 1088 Macario
933 1030 1351 1089 Alexandrino
1407 1047 1441 1089 e
1499 1032 1787 1091 Lausiaca
1852 1033 2115 1092 Palladii

471 1128 866 1201 protulimus,
917 1128 1316 1186 illustrandas
1365 1131 1518 1188 haec
1565 1131 2115 1190 animadvertenda

469 1232 632 1284 sunt.

551 1324 759 1381 Primo
813 1324 1185 1381 abstinentia
1232 1325 1479 1384 Macarii
1535 1327 1933 1385 Alexandrini
1990 1343 2116 1385 ma-

467 1435 740 1493 gnopere
809 1422 1224 1493 praedicatur.
1281 1424 1394 1492 Qui
1465 1440 1646 1482 usum
1705 1427 2118 1485 Tabennesio-

466 1523 670 1575 tarum
741 1534 851 1590 per
896 1525 1086 1576 totam
1134 1521 1669 1593 quadragesimam
1717 1524 1909 1581 coctis
1959 1525 2118 1582 cibis

468 1631 531 1672 se
577 1616 1018 1674 abstinentium
1087 1623 1355 1686 secutus.
1411 1626 1646 1691 septem
1696 1622 1873 1679 annis
1935 1623 2112 1691 nihil,

466 1714 635 1786 quod
689 1713 812 1785 igni
871 1715 1192 1772 admotum
1240 1722 1418 1784 esset,
1473 1719 1766 1785 comedit,
1830 1719 1936 1776 sed
1985 1721 2117 1777 sola

2231 557 2476 615 panem,
2546 557 2657 599 nec
2710 541 3020 613 legumen,
3073 557 3276 614 neque
3335 557 3408 598 ex
3447 542 3746 599 fructibus
3785 557 3865 598 ar-

2230 640 2452 697 borum
2506 640 2875 711 quidquam,
2949 655 3146 712 neque
3194 640 3451 697 omnino
3505 654 3599 706 ea,
3657 640 3867 713 quibus

2227 737 2351 809 igni
2400 737 2668 795 admotis
2727 738 3012 795 homines
3065 744 3422 808 vescuntur,
3472 739 3739 795 comedit
3771 742 3861 812 (9:.

2225 833 2528 905 Serapion
2582 833 2902 891 Sindonita
2963 841 3207 906 praeter
3264 849 3487 906 panem
3545 839 3606 892 et
3657 850 3863 908 aquam

2227 931 2382 988 nihil
2428 933 2695 1002 sumpsit
2738 929 2887 1008 (IO).
2933 933 3252 1004 Evagrius,
3295 948 3369 990 ex
3416 947 3542 1005 quo
3583 933 3645 990 in
3676 933 3869 991 solitu-

2226 1028 2434 1086 dinem
2468 1027 2582 1096 92
2625 1030 2811 1099 venit,
2849 1045 3048 1102 neque
3081 1030 3383 1088 lactucam
3426 1030 3646 1101 tetigit,
3686 1045 3868 1102 neque

2227 1126 2539 1183 minutum
2611 1127 2769 1192 olus,
2863 1141 2976 1184 nec
3051 1127 3248 1184 viride
3322 1129 3692 1201 quidquam,
3768 1143 3865 1185 nec

2229 1225 2518 1289 fructum,
2552 1239 2663 1281 nec
2695 1239 2906 1294 uvam,
2941 1240 3052 1282 nec
3093 1225 3429 1298 lavacrum,
3465 1241 3578 1284 nec
3606 1240 3861 1292 carnem,

2227 1335 2339 1379 nec
2395 1337 2645 1393 panem,
2699 1337 2811 1380 nec
2867 1323 3103 1391 vinum,
3139 1338 3341 1395 neque
3398 1325 3656 1381 omnino
3706 1323 3869 1395 quid-

2226 1434 2413 1492 quam
2445 1435 2520 1478 ex
2560 1420 2656 1486 iis,
2714 1436 2875 1492 quae
2929 1435 3039 1492 per
3087 1424 3288 1493 ignem
3333 1426 3679 1489 transeunt,
3713 1435 3870 1494 prae-

2227 1523 2321 1575 ter
2362 1518 2669 1589 quaedam
2709 1519 2883 1576 olera
2921 1520 3114 1577 cruda
3171 1526 3228 1575 et
3292 1521 3614 1577 modicum
3665 1532 3863 1592 aquae.

2226 1615 2659 1674 Sextodecimo
2741 1623 2949 1674 autem
3036 1617 3397 1675 huiusmodi
3477 1622 3639 1675 vitae
3723 1630 3865 1673 anno

2226 1729 2420 1786 quum
2471 1719 2726 1786 propter
2779 1715 3065 1787 corporis
3112 1715 3547 1787 stomachique
3602 1714 3863 1772 imbecil-

464 1811 656 1870 cruda
686 1811 857 1872 olera
887 1810 998 1880 91
1037 1820 1095 1870 et
1127 1815 1460 1887 legumina,
1497 1816 1544 1872 si
1574 1832 1734 1888 quae
1759 1818 1918 1874 forte
1949 1819 2114 1875 inve-
2153 1800 2190 1853 Β
2229 1812 2461 1869 litatem
2506 1827 2731 1884 panem
2778 1814 3032 1886 quidem
3086 1813 3405 1885 tetigisset,
3460 1821 3634 1871 cocta
3682 1820 3864 1870 tamen

465 1911 674 1981 nisset,
709 1910 1059 1968 humectata
1089 1914 1371 1984 gustavit.
1410 1913 1491 1971 Ac
1519 1930 1715 1987 quum
1748 1915 2110 1988 audivisset,

465 2009 716 2066 fratrem
794 2009 1102 2080 quendam
1193 2011 1419 2068 libram
1503 2013 1676 2083 panis
1755 2013 2108 2081 comedere,

465 2107 850 2177 buccellatis,
898 2122 1058 2178 quae
1098 2109 1337 2180 habuit,
1389 2110 1450 2164 in
1498 2109 1772 2181 lagenam
1819 2111 2115 2169 immissis

465 2204 860 2261 solummodo
927 2209 1187 2274 tantum,
1261 2211 1560 2277 quantum
1641 2222 1828 2264 manu
1893 2208 2115 2267 efferre

465 2306 726 2375 poterat,
824 2302 1116 2369 comedit,
1203 2303 1529 2376 tribusque
1613 2304 1789 2362 annis
1846 2312 2114 2376 quatuor

468 2405 706 2459 tantum
755 2400 843 2456 vel
901 2401 1179 2472 quinque
1230 2402 1558 2459 unciarum
1609 2403 1766 2460 cibis
1798 2419 1944 2462 usus
1996 2410 2107 2462 est.

463 2498 591 2558 Olei
635 2503 841 2555 autem
873 2499 1214 2556 sextarium
1252 2514 1414 2557 anno
1447 2500 1506 2556 in
1540 2500 1907 2559 alimentum
1955 2518 2113 2561 con-

465 2599 750 2668 sumpsit.
787 2595 914 2652 lam
965 2597 1039 2652 ad
1090 2597 1314 2654 libram
1365 2598 1695 2656 duodecim
1739 2600 1958 2657 unciae
2011 2617 2111 2658 re-

465 2695 653 2752 deunt
686 2691 793 2769 (2).
848 2695 930 2751 Ac
960 2695 1154 2751 Ξέστης
1184 2711 1292 2753 seu
1328 2698 1666 2754 sextarium
1717 2699 2113 2758 olei.duode-

463 2791 676 2863 viginti
731 2793 857 2849 fere
906 2793 1119 2850 uncias
1161 2795 1378 2851 habuit
1425 2793 1534 2870 (3).
1589 2795 1757 2854 Unde
1802 2797 2115 2854 abstinen-

468 2890 618 2947 tiam
694 2890 938 2947 Macarii
1013 2891 1348 2949 maximam
1427 2893 1615 2950 fuisse
1690 2902 1948 2966 apparet
1997 2894 2108 2971 (4).

464 2986 585 3045 Nec
631 2988 829 3046 solum
866 2987 1006 3045 oleo
1035 3003 1212 3047 senes
1243 2989 1304 3047 in
1349 2989 1739 3062 alimentum,
1771 2993 1876 3050 sed
1923 2994 2111 3051 etiam

463 3083 540 3141 ad
599 3087 956 3158 unguendas
1020 3091 1078 3144 et
1135 3088 1476 3145 moliondas
1529 3089 1607 3146 ab
1650 3104 1840 3160 opere
1895 3106 2112 3148 manus

465 3182 556 3240 uti
610 3183 892 3241 solebant
943 3181 1029 3259 (5)
1069 3203 1082 3250 ;
1131 3200 1164 3242 a
1213 3201 1337 3258 quo
1390 3201 1501 3243 usu
1551 3187 1672 3244 iam
1705 3189 1762 3245 S.
1815 3189 2112 3247 Antonius

464 3295 532 3339 se
584 3281 881 3339 abstinuit
937 3279 1046 3354 (6).
1109 3283 1190 3340 Ac
1241 3284 1431 3341 coctis
1495 3284 1652 3342 cibis
1706 3286 1880 3344 multi
1933 3301 2112 3344 senes

464 3377 560 3435 usi
611 3392 733 3435 non
779 3393 912 3434 esse
965 3378 1278 3436 dicuntur.
1336 3381 1419 3436 Ex
1468 3383 1696 3453 quibus
1747 3385 2111 3440 Ammonius

463 3474 609 3532 inde
641 3489 672 3532 a
706 3475 1022 3532 iuventute
1053 3491 1248 3547 usque
1296 3478 1372 3534 ad
1405 3485 1672 3536 mortem
1702 3482 1852 3537 solis
1901 3481 2112 3539 crudis

461 3572 622 3630 cibis
670 3572 1056 3641 vescebatur,
1119 3589 1230 3632 nec
1277 3591 1576 3647 unquam,
1637 3579 1805 3649 quod
1838 3578 1962 3649 igni
1994 3579 2113 3637 ad—

464 3674 704 3727 motum
791 3675 973 3739 esset,
1045 3673 1316 3729 comedit
1391 3679 1633 3745 praeter
1722 3690 1944 3746 panem
2002 3677 2108 3747 (7).

465 3768 703 3839 Moyses
766 3768 958 3824 abbas
1012 3782 1087 3825 ex
1162 3769 1398 3828 latrone
1480 3773 1820 3830 monachus
1893 3774 2106 3844 factus,

464 3878 658 3936 quum
715 3866 1060 3937 plurimum
1122 3875 1487 3939 operaretur
1545 3876 1605 3928 et
1664 3872 2112 3944 quinquaginta

463 3961 776 4020 orationes
849 3965 1131 4036 quotidie
1215 3972 1555 4038 perageret,
1635 3969 1790 4025 nihil
1868 3975 2112 4041 praeter

461 4060 698 4118 siccum
801 4062 1132 4120 duodecim
1219 4065 1543 4122 unciarum
1631 4081 1854 4139 panem
1944 4082 2111 4124 sum-

467 4157 587 4231 psit
646 4155 748 4236 (8).
815 4160 1036 4232 Apollo
1112 4162 1304 4219 abbas
1378 4178 1500 4221 non
1585 4165 1856 4236 amplius
1921 4179 2110 4237 quam

535 4448 617 4517 (1)
664 4447 799 4502 Hist.
863 4446 1036 4502 Laus.
1093 4449 1184 4505 ed.
1221 4452 1431 4506 Meurs.
1476 4450 1511 4504 Ι.
1566 4455 1602 4505 Ι.
1658 4452 1853 4507 Versio
1886 4453 2112 4507 Herveti

460 4536 497 4590 l.
532 4539 575 4591 Ι.
621 4537 874 4591 Paradis.
909 4537 944 4591 Ι.
979 4539 1016 4593 l.

535 4626 614 4693 (ἓ)
646 4625 876 4682 Boeckb
907 4627 1208 4698 Metrolog.
1241 4629 1772 4698 Untersuchungen
1799 4629 1944 4683 Berl.
1977 4629 2110 4685 I838

464 4729 524 4786 p.
566 4715 665 4769 160
696 4732 827 4786 sqq.

538 4803 615 4874 (3)
647 4804 797 4859 Ibid.
826 4821 883 4876 p.
907 4811 965 4860 l7
988 4822 1119 4878 sqq.
1146 4806 1232 4861 Cf.
1255 4807 1453 4878 Steph.
1479 4807 1652 4863 Thes.
1679 4825 1724 4862 s.
1744 4821 1840 4861 vv.
1866 4809 2108 4869 Ξέστης

469 4893 832 4964 θῑΟὐγκία.

531 4984 608 5055 (4)
653 4984 939 5052 Evagrius
973 4985 1426 5056 quatuordeciin
1471 4987 1644 5040 annis
1680 4985 1893 5041 libram
1935 4986 2110 5056 panis

460 5074 727 5146 quotidie
755 5074 1021 5129 actribus
1037 5076 1331 5131 mensibus
1349 5077 1673 5130 sextarium
1699 5075 1811 5130 olei
1829 5090 2108 5130 consum-

461 5163 596 5236 psit.
631 5163 773 5218 Hist.
808 5163 980 5219 Laus.
1026 5164 1119 5218 ed.
1171 5167 1380 5220 Meurs.
1414 5180 1546 5235 cap.
1585 5165 1655 5221 88
1708 5166 1856 5235 Opp.
1901 5167 2105 5219 Meurs.

465 5253 502 5308 Ι.
533 5256 571 5307 l.
603 5254 804 5323 p.353.
833 5253 1156 5308 Dorotheus
1185 5270 1364 5309 senex
1388 5254 1656 5326 quotidie
1677 5269 1782 5309 sex
1798 5253 2109 5309 unciarum

461 5358 684 5414 panem
727 5343 985 5397 comedit
1030 5359 1099 5398 ac
1144 5343 1449 5399 modicum
1502 5358 1695 5414 aquae
1746 5343 1910 5397 bibit.
1958 5342 2105 5396 Ibid.

464 5448 594 5504 cap.
647 5431 677 5485 2
718 5449 776 5503 p.
824 5435 942 5487 349.
998 5432 1201 5487 Abbas
1251 5431 1425 5497 Elias,
1483 5447 1660 5487 senex
1705 5447 1892 5502 quum
1927 5438 2106 5498 esset,

459 5524 639 5577 trium
663 5521 977 5576 unciarum
1006 5537 1224 5592 panem
1239 5528 1291 5577 et
1317 5527 1430 5577 tres
1446 5521 1608 5576 oleas
1629 5520 1891 5592 quotidie
1915 5537 2110 5576 come-

457 5611 560 5666 dit.
597 5610 744 5664 lbid.
779 5627 836 5682 p.
872 5611 994 5667 493.

532 5699 610 5772 (5)
647 5701 870 5773 Regula
908 5702 962 5758 S.
1015 5699 1318 5758 Pachomii
1361 5715 1492 5772 cap.
1539 5700 1693 5765 XCII,
1729 5697 1911 5755 Holst.
1965 5697 2108 5754 Cod.

2225 1910 2398 1967 olera
2457 1910 2535 1966 ad
2588 1916 2855 1967 mortem
2937 1926 3134 1983 usque
3204 1925 3324 1968 non
3393 1913 3664 1984 gustavit
3733 1907 3861 1983 (11).

2229 2008 2624 2065 Philoromus
2712 2009 2985 2081 denique
3065 2011 3391 2080 presbyter
3462 2011 3656 2068 coctis
3726 2007 3866 2067 cibis

2225 2104 2647 2177 duodeviginti
2702 2106 2880 2163 annis
2937 2121 3003 2164 se
3047 2106 3343 2165 abstinuit
3404 2105 3560 2184 (12).

2307 2203 2607 2260 Macarius
2705 2204 3180 2272 Alexandrinus,
3279 2210 3342 2262 ut
3422 2205 3689 2272 omnino,
3759 2217 3864 2260 non

2228 2299 2388 2356 vesci
2436 2302 2635 2372 cupiit
2677 2303 2844 2374 quod
2908 2299 3110 2359 ta'mcn
3165 2303 3438 2360 humana
3491 2311 3708 2360 natura
3757 2315 3862 2358 non

2224 2397 2609 2463 admittebat,
2661 2400 2742 2456 ita
2784 2400 2970 2456 etiam
3021 2401 3080 2456 in
3114 2415 3335 2459 somno
3392 2401 3700 2459 vincendo
3730 2396 3862 2471 quid

2225 2501 2430 2567 posset
2476 2496 2750 2568 experiri
2794 2498 3026 2563 statuit,
3085 2499 3352 2570 totisque
3399 2500 3614 2570 viginti
3659 2497 3861 2554 diebus

2222 2594 2338 2651 sub
2385 2595 2560 2651 coelo
2594 2595 2819 2667 degens
2864 2595 3017 2652 nihil
3059 2597 3316 2653 omnino
3363 2596 3665 2655 dormivit
3712 2613 3722 2664 ;
3770 2591 3862 2651 sed

2224 2697 2610 2763 postremum
2656 2698 2912 2750 naturae
2959 2708 3102 2750 eum
3153 2695 3378 2751 cedere
3426 2710 3678 2753 necesse
3740 2692 3856 2749 fuit.

2225 2790 2474 2846 Noctem
2547 2805 2694 2848 vero
2781 2792 3145 2863 saepissime
3219 2792 3622 2864 pervigilasse
3701 2786 3860 2849 multi

2222 2901 2400 2944 senes
2452 2886 2755 2946 feruntur.
2823 2889 2903 2946 Ex
2973 2889 3204 2960 quibus
3273 2890 3640 2956 Dorotheus,
3712 2883 3858 2958 apud

2221 2998 2410 3056 quem
2509 2985 2817 3043 Palladius
2915 2987 3239 3044 Lausiacae
3324 2988 3602 3060 scriptor
3687 2996 3860 3058 prope

2223 3082 2659 3140 Alexandriam
2740 3085 2917 3148 vixit,
3001 3100 3033 3140 a
3121 3087 3439 3142 iuventute
3531 3099 3720 3158 usque
3798 3078 3862 3136 ad

2180 3175 2601 3238 isenectutem
2685 3197 3003 3253 nunquam
3074 3189 3294 3253 sponte
3375 3183 3696 3249 dormivit,
3767 3175 3858 3235 sed

2222 3292 2343 3335 non
2398 3279 2513 3337 nisi
2573 3281 2734 3337 inter
2800 3281 3187 3351 operandum
3249 3281 3341 3337 vel
3421 3279 3861 3339 comedendum

2220 3378 2434 3434 oculos
2486 3392 2707 3435 somno
2765 3393 2985 3450 parum
3045 3379 3414 3436 connivebat
3469 3379 3620 3455 (I3).
3688 3378 3859 3434 Porro

2223 3475 2517 3532 Arsenius
2571 3491 2757 3533 unam
2807 3477 3009 3533 somni
3065 3477 3282 3534 horam
3329 3483 3586 3536 strenuo
3641 3469 3861 3532 exerci-

2223 3573 2404 3630 tatori
2483 3573 2767 3630 sufﬁcere
2851 3575 3194 3647 perhibuit,
3271 3580 3457 3647 atque
3542 3576 3671 3648 ipse
3750 3571 3858 3626 tota

2222 3674 2400 3728 nocte
2463 3671 2821 3743 pervigilata
2890 3686 3071 3729 mane
3142 3687 3362 3743 parum
3438 3675 3659 3731 sedens
3724 3668 3858 3725 dor-

2223 3767 2398 3824 mivit
2452 3766 2604 3840 (Ili).
2667 3769 2720 3825 S.
2804 3769 3104 3827 Antonius
3155 3769 3427 3840 denique
3487 3776 3676 3827 totam
3725 3777 3857 3838 per—

2222 3881 2408 3935 saepe
2449 3871 2691 3924 noctem
2724 3867 3075 3925 insomnem
3108 3868 3285 3924 duxit
3315 3864 3466 3942 (15).
3510 3870 3857 3937 Quanquam

2222 3977 2433 4020 senem
2530 3964 2803 4035 aliquem
2892 3979 3112 4021 somno
3199 3965 3309 4030 sic,
3394 3971 3459 4022 ut
3542 3959 3856 4022 Macarium

2226 4061 2735 4131 Alexandrinum,
2791 4062 3168 4118 abstinuisse
3225 4076 3346 4119 non
3403 4062 3632 4120 inveni.

2301 4159 2578 4216 Tertium
2632 4158 2903 4231 denique
2958 4173 3244 4216 summae
3302 4160 3551 4217 Macarii
3605 4158 3854 4216 Alexan—

2224 4452 2585 4520 Regularum
2620 4452 2712 4506 ed.
2749 4454 2897 4519 Aug.
2941 4449 3220 4505 Vindelic.
3273 4451 3406 4505 I759
3449 4453 3507 4504 T.
3551 4451 3568 4502 Ι
3603 4464 3658 4520 p.
3692 4445 3774 4504 3l,
3811 4444 3849 4492 1ο

2297 4544 2378 4611 (6)
2419 4542 2542 4595 Vita
2591 4542 2646 4596 S.
2682 4540 2916 4595 Antonii
2947 4556 3079 4610 cap.
3114 4545 3167 4607 7,
3217 4541 3270 4595 S.
3306 4540 3520 4594 Athan.
3559 4539 3704 4608 Opp.
3735 4532 3791 4585 T.
3839 4525 3854 4578 Ι

2226 4633 2288 4686 Ρ.
2313 4632 2356 4685 11
2382 4646 2440 4700 ρ.
2484 4630 2609 4685 638.

2297 4719 2371 4790 (7)
2419 4720 2555 4773 Hist.
2592 4719 2762 4774 Laus.
2795 4718 2888 4772 ed.
2945 4720 3152 4774 Meurs.
3198 4733 3332 4789 cap.
3387 4721 3446 4771 14
3478 4719 3624 4788 Opp.
3663 4713 3855 4768 Meurs.

2226 4807 2265 4862 l.
2309 4813 2349 4863 l.
2386 4809 2601 4878 p.377.

2295 4897 2373 4968 (8)
2415 4897 2561 4951 Ibid.
2591 4912 2722 4966 cap.
2756 4896 2823 4950 23
2857 4912 2913 4966 p.
2940 4894 3061 4950 416.

2299 4987 2379 5056 (9)
2421 4985 2567 5040 ibid.
2599 5001 2730 5057 cap.
2769 4989 2832 5041 53
2867 5000 2923 5055 p.
2960 4984 3084 5038 496.

2299 5075 2408 5145 (10)
2434 5074 2587 5130 Ibid.
2629 5090 2760 5146 cap.
2807 5076 2874 5129 84
2900 5089 2957 5143 p.
2994 5075 3115 5128 542.

2299 5165 2412 5233 (11)
2455 5164 2598 5219 Ibid.
2639 5180 2773 5235 cap.
2802 5163 2868 5217 88
2897 5181 2953 5232 p.
2985 5162 3111 5218 553.

2223 5315 2226 5317 _
2297 5253 2409 5324 (l2)
2453 5253 2601 5308 Ibid.
2635 5268 2766 5323 cap.
2807 5255 2898 5306 H3
2933 5269 2987 5322 p.
3033 5251 3157 5306 584.

2299 5343 2410 5413 (13)
2455 5341 2601 5396 Ibid.
2631 5356 2763 5411 cap.
2792 5345 2823 5394 2
2855 5357 2913 5411 p.
2952 5341 3076 5395 352.

2297 5431 2410 5501 (14)
2453 5433 2562 5484 VV.
2595 5432 2695 5484 PP.
2728 5432 2918 5484 Rosw.
2955 5429 3056 5484 lib.
3090 5427 3332 5483 Vlibell.
3365 5431 3419 5492 4,
3452 5427 3503 5480 2.
3539 5430 3589 5481 3.

2228 5501 2236 5508 ’
2297 5493 2409 5589 (l5)
2441 5518 2568 5572 Vita
2600 5519 2655 5573 s.
2697 5518 2935 5572 Antonii
2967 5533 3100 5589 cap.
3143 5523 3196 5581 7,
3231 5519 3286 5573 s.
3319 5516 3534 5571 Athan.
3570 5511 3713 5580 Opp.
3745 5493 3848 5553 T.I

2226 5611 2284 5663 Ρ.
2315 5608 2359 5662 ιι
2392 5623 2453 5678 ρ.
2485 5606 2609 5661 638.
