4092 6256
208 273 278 331 89
1799 266 1843 325 ν

1970 264 2029 325 Ε.
3541 276 3613 332 90

186 403 350 463 drini
386 401 849 461 exercitationis
883 406 1321 474 argumentum
1359 401 1478 459 hoc
1520 403 1635 469 est,
1662 396 1832 471 quod
1862 392 1908 445 Α
1949 396 2196 455 veritati
2252 398 2538 457 resistant
2586 396 2698 476 (6).
2756 400 2923 469 Quae
2981 401 3247 473 apostoli
3309 404 3497 462 verba
3532 403 3611 461 ad

184 506 436 576 propter
480 501 679 559 solam
717 500 1025 559 ultionem
1071 500 1290 558 culicis
1347 497 1676 570 pungentis
1728 511 1833 553 sex

181 612 421 656 menses
490 598 695 656 nudus
759 598 823 655 in
879 597 1106 671 palude
1162 596 1356 656 Scetis
1422 596 1599 653 sedit.
1661 593 1835 653 Unde

176 709 367 768 quum
428 700 789 763 reverteret,
825 710 859 752 a
905 694 1221 753 culicibus
1260 698 1392 753 toto
1439 706 1706 764 corpore
1751 690 1834 747 ita

178 792 535 849 vulneratus
583 791 720 856 fuit,
779 796 846 849 ut
884 806 960 850 ex
1009 792 1140 849 sola
1178 805 1330 849 voce
1370 793 1830 863 agnosceretur,

173 893 231 947 et
299 888 710 962 elephantiasi
767 887 1057 948 laborare
1126 888 1468 946 videretur.
1534 887 1615 944 ita
1686 897 1835 942 vero

176 985 361 1044 etiam
436 986 753 1060 Evagrius,
823 987 930 1059 qui
1012 1002 1047 1043 a
1114 987 1338 1059 spiritu
1410 982 1835 1057 blasphemiae

176 1081 290 1153 93
377 1084 696 1156 quondam
773 1091 1025 1142 vexatus
1117 1083 1341 1141 diebus
1428 1080 1835 1156 quadraginta

176 1187 407 1240 tectum
494 1196 617 1241 non
712 1182 1024 1254 ingressus
1117 1185 1274 1251 erat,
1356 1186 1484 1239 toto
1568 1190 1836 1250 corpore

176 1278 406 1337 muscis
462 1280 761 1337 scatuisse
818 1279 1091 1337 traditur
1148 1274 1259 1355 (l).
1318 1277 1618 1350 Idemque
1689 1275 1836 1332 Eva-

175 1377 363 1450 grius,
475 1392 508 1434 a
603 1377 907 1436 daemone
996 1376 1426 1435 fornicationis
1517 1373 1836 1448 quondam

176 1481 452 1541 vexatus,
497 1473 727 1532 hiemis
781 1479 1069 1546 tempore
1114 1478 1238 1531 tota
1290 1479 1468 1531 nocte
1527 1471 1588 1528 in
1649 1475 1838 1543 puteo

176 1574 342 1630 stetit
414 1568 526 1648 (2).
592 1572 709 1630 Sed
783 1585 1178 1643 nequaquam
1245 1570 1554 1629 Palladius
1607 1569 1690 1626 ita
1748 1568 1836 1625 in-

175 1668 553 1741 telligendus
590 1676 704 1734 est,
742 1675 807 1726 ut
839 1668 1087 1733 dixerit,
1122 1669 1459 1727 Macarium
1503 1682 1609 1725 sex
1660 1679 1840 1722 men-

177 1740 353 1824 sibus
407 1766 472 1823 in
524 1766 770 1838 paludis
813 1781 976 1838 aqua
1021 1766 1296 1824 sedisse:
1333 1766 1464 1833 sed,
1512 1770 1575 1822 ut
1622 1767 1843 1835 Sponte
1877 1740 1918 1795 Β

177 1864 403 1933 elucet,
461 1864 627 1935 apud
690 1863 948 1935 paludes
1014 1863 1109 1919 vel
1173 1862 1238 1921 in
1288 1864 1427 1935 ripa
1487 1862 1871 1935 paludium.’

177 1962 339 2030 Quas
395 1961 680 2034 regiones
732 1961 1047 2019 culicibus
1092 1961 1359 2033 aliisque
1412 1960 1662 2018 insectis
1734 1959 1843 2017 ho-

179 2058 443 2117 diedum
513 2059 836 2117 abundare
912 2060 1193 2117 Minutoli
1258 2059 1492 2116 indicat
1565 2055 1670 2134 (3).
1754 2055 1844 2113 Li-

184 2157 435 2215 brarius
506 2162 737 2226 autem,
792 2157 901 2229 qui
972 2156 1310 2214 Macarium
1378 2156 1440 2213 in
1510 2153 1845 2228 paludibus

189 2263 450 2328 propter
531 2255 829 2328 spiritum
914 2254 1345 2313 fornicationis
1428 2254 1661 2313 sedisse
1736 2250 1842 2308 tin-

1949 493 2182 553 librum
2230 497 2666 569 apocryphum
2725 517 2746 551 ι
2799 498 3047 556 Jamnes
3092 504 3151 555 et
3208 500 3517 559 Mambres
3576 519 3606 555 υ

1946 591 2318 665 inscriptum
2392 595 2729 666 respicere,
2795 595 3073 669 Origines
3133 598 3456 669 perhibuit
3493 596 3605 675 (7).

1946 690 2116 749 Unde
2181 697 2366 763 patet,
2425 693 2846 759 traditionem.
2905 709 3028 767 qua
3085 696 3308 753 Jannes
3361 700 3422 753 et
3491 691 3609 764 94

1948 789 2254 847 Mambres
2309 791 2472 863 magi
2543 791 2691 849 Mosi
2751 793 3147 853 adversantes
3202 796 3609 868 vocabantur,

1946 887 2096 943 satis
2148 888 2468 960 antiquam
2528 889 2740 947 fuisse.
2798 892 2997 963 Atque
3058 893 3280 951 eodem
3353 894 3608 952 nomine

1948 985 2109 1056 magi
2163 983 2265 1042 isti
2305 1000 2339 1041 a
2396 985 2782 1058 Targumista
2834 988 3162 1063 Jonathan,
3197 1006 3309 1049 nec
3368 1006 3490 1050 non
3547 990 3613 1049 in

1949 1081 2207 1139 Talmud
2256 1083 2633 1157 Babylonico
2664 1080 2753 1161 (8)
2793 1086 3210 1157 appellantur.
3244 1089 3363 1147 Nec
3404 1089 3610 1148 solum

1947 1180 2111 1250 apud
2174 1179 2467 1251 Judaeos,
2543 1182 2651 1239 sed
2716 1183 2906 1240 etiam
2963 1185 3131 1256 apud
3198 1186 3488 1261 Graecos,
3549 1194 3609 1246 et

1948 1276 2114 1348 apud
2169 1277 2478 1336 Romanos
2521 1278 2747 1337 Jannes
2790 1287 2849 1339 et
2900 1281 3207 1341 Mambres
3248 1284 3432 1343 laude
3480 1300 3608 1343 ma-

1948 1374 2119 1445 gicae
2157 1375 2307 1433 artis
2339 1375 2706 1434 ﬂoruerunt.
2742 1378 2891 1435 Nam
2929 1378 3153 1437 Jannes
3195 1386 3255 1437 et
3301 1382 3607 1441 Mambres

1949 1485 2164 1543 magos
2247 1473 2486 1531 artibus
2570 1475 2829 1547 maigcis
2903 1477 3292 1547 excelluisse,
3380 1487 3441 1537 et
3524 1482 3605 1538 ab

1953 1568 2400 1641 Aegyptiorum
2445 1572 2679 1644 populo
2735 1570 2980 1631 Musaeo
3036 1572 3242 1649 (Mosi)
3281 1575 3606 1647 oppositos

1950 1680 2103 1727 esse.
2164 1666 2506 1726 Numenius
2572 1669 3028 1743 Pythagoraeus
3087 1672 3145 1728 in
3237 1672 3606 1747 fragmento,

1952 1763 2117 1835 quod
2187 1767 2281 1821 est
2353 1766 2519 1837 apud
2578 1764 2914 1825 Eusebium
3009 1767 3119 1843 (9),
3180 1770 3452 1843 scripsit.
3532 1776 3615 1830 Ac

1956 1860 2190 1917 Plinius
2223 1857 2355 1936 (10)
2395 1910 2402 1919 .
2450 1882 2479 1913 ‹‹
2526 1864 2647 1934 Est,
2690 1885 2711 1915 ι
2751 1864 2975 1937 inquit,
3014 1886 3041 1917 «
3083 1872 3143 1923 et
3181 1867 3306 1924 alia
3353 1869 3615 1941 Magices

1954 1957 2141 2015 factio
2183 1972 2217 2014 a
2258 1961 2420 2017 Mose
2457 1965 2518 2018 et
2554 1961 2769 2020 Jamne
2803 1968 2863 2019 et
2900 1963 3117 2035 Jotape
3163 1964 3412 2023 Judaeis
3457 1981 3616 2036 pen-

1955 2055 2127 2112 dens.
2182 2076 2203 2106 »
2259 2057 2756 2131 Abulpharagius
2805 2060 2869 2118 in
2932 2061 3173 2134 Dynast.
3232 2063 3273 2119 Ι.
3334 2066 3616 2123 Artemo-

1955 2153 2129 2209 nium
2200 2155 2514 2225 quendam
2598 2158 2827 2224 laudat,
2908 2158 3016 2230 qui
3104 2158 3313 2218 Mosen
3395 2160 3613 2220 decem

1955 2264 2148 2309 annos
2177 2257 2387 2309 natum
2432 2268 2465 2311 a
2509 2253 2636 2312 tilia
2680 2254 3022 2314 Pharaonis
3060 2256 3280 2316 Jannes
3319 2264 3381 2316 et
3420 2259 3611 2317 Mam-

184 2351 273 2409 xit
321 2349 432 2427 (4),
470 2353 819 2410 Palladium
854 2353 1007 2411 falso
1056 2353 1176 2411 isto
1228 2352 1418 2411 modo
1464 2351 1844 2410 intellexisse
1956 2349 2101 2406 bres
2156 2349 2543 2421 sapientibus
2592 2351 3041 2412 instituendum
3094 2356 3389 2414 traditum
3438 2372 3616 2416 essue

188 2450 455 2509 videtur.
498 2450 795 2522 Idemque
837 2451 1139 2509 Macarius
1191 2451 1651 2509 Alexandrinus
1695 2449 1847 2506 alias
1956 2445 2243 2503 docuerit
2306 2444 2459 2524 (11).
2520 2449 2720 2522 Atque
2779 2450 2840 2507 in
2901 2458 3107 2509 vetere
3170 2453 3477 2511 Midrasch
3538 2456 3614 2513 ad

190 2548 275 2605 ob
319 2548 504 2605 aliam
548 2564 799 2607 causam
839 2550 901 2606 in
951 2548 1144 2607 Scetis
1193 2550 1452 2623 paludes
1494 2553 1843 2623 secessisse,
1957 2541 2150 2600 Exod.
2200 2543 2319 2612 XV,
2376 2547 2443 2604 10
2512 2568 2530 2599 ι
2584 2549 2849 2606 Joannes
2904 2554 2965 2606 et
3017 2550 3279 2608 Mamres
3329 2569 3358 2605 »
3406 2566 3618 2625 magos

190 2644 359 2703 unde
403 2646 708 2705 culicibus
743 2647 1128 2719 perforatum
1172 2648 1473 2705 Macarius
1513 2648 1851 2721 Aegyptius
1959 2639 2320 2700 submersos
2356 2657 2489 2701 6556
2529 2644 2591 2702 in
2626 2645 2785 2703 mari
2831 2647 3026 2705 PUDI‘O
3085 2654 3398 2720 Μηδίαν,
3456 2664 3617 2722 QUO-

188 2742 267 2800 ad
321 2739 546 2802 fratres
608 2745 951 2816 reduxerit,
1011 2744 1075 2802 in
1142 2745 1698 2818 Apophthegmatis
1760 2745 1848 2825 (5)
1959 2752 2105 2796 cum
2175 2746 2389 2798 catena
2466 2743 2717 2802 arabica
2790 2757 2905 2800 ms.
2990 2744 3052 2803 in
3141 2746 3620 2806 Pentateucbum

194 2840 450 2913 legitur.
1961 2836 2270 2899 convenit.
2314 2838 2378 2895 in
2426 2854 2548 2912 qua
2604 2840 2754 2898 haec
2812 2841 3155 2901 habentur:
3203 2863 3233 2895 «
3291 2843 3452 2901 Haec
3505 2858 3623 2903 no-

270 2938 391 2997 Sed
460 2940 585 2998 iam
676 2941 755 2999 de
851 2940 962 2999 illo
1043 2941 1417 3013 cepotaphio
1480 2941 1703 3001 James
1796 2949 1853 3003 et
1962 2932 2131 2990 mina
2165 2948 2514 3009 magorum,
2560 2937 2669 3010 qui
2727 2942 3028 2997 steterunt
3074 2945 3287 2998 contra
3360 2942 3613 3000 Mosen:

188 3035 498 3095 Mambres
563 3052 915 3111 magorum,
976 3038 1145 3111 quod
1214 3054 1247 3096 a
1325 3054 1389 3097 se
1460 3040 1662 3097 visum
1719 3055 1853 3101 esse
1896 3094 1933 3111 η
1967 3030 2283 3099 Deiannes,
2356 3034 2679 3093 Jambaras
2744 3040 2805 3093 et
2889 3036 3177 3094 Sarudas.
3244 3038 3398 3095 Deus
3471 3052 3620 3096 vero

188 3133 494 3192 Macarius
530 3136 663 3209 ipse
704 3135 979 3194 Palladio
1037 3136 1272 3202 retulit,
1323 3136 1733 3208 disputemus.
1769 3139 1854 3197 Eo

186 3231 363 3289 enim
394 3235 644 3291 nomine
702 3248 734 3290 a
774 3234 1023 3291 Judaeis
1079 3232 1241 3306 magi
1300 3234 1686 3302 dicebantur,
1722 3236 1852 3308 qui-

189 3328 462 3387 buscum
502 3333 698 3389 Moses
737 3336 799 3388 et
840 3333 1041 3389 Aaron
1093 3346 1308 3389 coram
1356 3332 1673 3391 Pharaone
1713 3348 1855 3405 pro-

188 3424 379 3496 digiis
465 3432 925 3485 concertarunt.
1011 3427 1094 3485 Ex
1166 3444 1288 3501 qua
1364 3428 1720 3501 traditione,
1788 3436 1855 3489 ut

177 3528 352 3581 recte
441 3524 619 3583 docet
705 3525 1154 3595 Theodoretus,
1247 3526 1466 3584 Paulus
1534 3529 1854 3599 apostolus

174 3621 453 3679 nomina
493 3622 599 3680 illa
643 3622 705 3680 in
756 3623 1021 3696 epistola
1066 3624 1141 3682 ad
1176 3623 1571 3683 Timotheum
1608 3626 1854 3683 desum-

182 3717 335 3790 psit,
421 3733 643 3778 omnes
703 3720 1057 3793 increpans,
1126 3722 1258 3794 qui,
1319 3722 1853 3794 quemadmodum

181 3817 415 3875 Jannes
468 3824 527 3875 et
584 3819 895 3877 Mambres
957 3817 1106 3877 Mosi
1176 3819 1541 3891 restiterint,
1593 3820 1678 3877 ita
1734 3820 1853 3893 ipsi

272 4046 351 4116 (1)
397 4045 537 4101 Hist.
561 4045 735 4101 Laus.
765 4046 857 4102 ed.
892 4048 1106 4104 Meurs.
1146 4063 1277 4120 cap.
1330 4048 1400 4102 88
1448 4048 1607 4120 Opp.
1642 4048 1855 4106 Meurs.

189 4133 231 4191 l.
265 4134 310 4189 Ι.
354 4150 415 4207 p.
453 4138 575 4191 553.

261 4225 338 4297 (2)
381 4225 526 4281 Ibid.
556 4225 591 4279 ι.
621 4226 660 4279 ι.

263 4314 341 4385 (3)
383 4315 554 4370 Reise
597 4330 733 4369 zum
784 4313 1025 4384 Tempel
1074 4312 1178 4368 des
1219 4315 1448 4384 Jupiter
1496 4320 1758 4370 Ammon
1798 4316 1857 4370 in

189 4402 299 4459 der
330 4402 652 4473 libyscben
672 4404 871 4458 Wﬁste
896 4402 1128 4459 u.nach
1158 4403 1613 4476 Oberaegypten
1644 4419 1703 4476 p.
1731 4407 1857 4460 '205.

259 4490 342 4564 (4)
379 4491 468 4548 Cf.
507 4507 693 4563 supra
724 4506 783 4563 p.
810 4492 900 4546 89.

259 4581 341 4653 (5)
402 4582 461 4638 S.
531 4596 587 4636 v.
633 4580 939 4637 Macarius
975 4582 1309 4652 Aegyptius
1361 4580 1390 4653 θ
1446 4581 1552 4637 XXI
1605 4580 1852 4640 Coteler.

189 4672 345 4727 Eccl.
378 4670 591 4727 Graec.
623 4670 779 4727 Mon.
812 4671 871 4727 T.
905 4671 926 4725 ι
954 4685 1013 4742 p.
1071 4672 1178 4727 537
1211 4686 1346 4743 sqq.
1413 4669 1497 4725 Cf.
1549 4670 1702 4728 infra
1755 4670 1859 4728 Ca-

186 4764 297 4831 put
328 4760 456 4818 VII.

257 4848 340 4920 (6)
379 4849 425 4904 II
466 4847 725 4904 Timoth.
770 4851 824 4913 3,
866 4850 916 4903 8.
950 4846 1041 4902 Ad
1091 4864 1276 4920 quem
1331 4847 1596 4920 Apostoli
1654 4847 1855 4905 locum

184 4938 603 4996 Theodoretus
618 4936 766 4993 haec
788 4937 1051 5008 scripsit:
1080 4938 1166 4989 Τὰ
1199 4939 1422 5008 μέντοι
1451 4939 1561 4988 τού
1581 4956 1697 4989 των
1730 4936 1856 4989 61-6-

185 5048 362 5100 ματα
416 5026 536 5080 οὐκ
587 5024 650 5076 ἐκ
706 5033 822 5087 τῆς
881 5027 1058 5086 θείας
1108 5033 1344 5100 ’γραφῆς
1409 5026 1785 5098 μεμάθηκεν
1829 5027 1855 5078 ὀ

189 5119 359 5179 θεῖος
401 5112 802 5179 ἀπόστολος,
852 5113 975 5166 ἀλλ’
1007 5133 1062 5167 εκ
1091 5123 1163 5174 τῆ
1189 5134 1209 5175 ς
1247 5113 1542 5187 ἀγράφου
1573 5124 1694 5167 τῶν
1724 5117 1856 5169 Ἰου-

190 5203 400 5259 δαίων
452 5200 944 5265 διδασκαλίας.
996 5203 1101 5260 Ed.
1141 5204 1425 5259 Noesselt.
1462 5202 1638 5260 Halae
1696 5205 1852 5270 1771,

190 5296 267 5362 8°,
301 5299 363 5352 Τ.
392 5295 468 5350 lii
504 5309 567 5366 p.
604 5294 727 5348 689.

258 5385 337 5458 (7)
371 5389 435 5441 In
469 5381 675 5439 Matth.
708 5381 939 5438 Comm.
990 5380 1182 5437 Series
1226 5381 1406 5453 §ll7.
1453 5382 1612 5452 Orig.
1687 5383 1844 5454 Opp.

191 5473 289 5531 ed.
315 5475 390 5530 de
419 5473 480 5529 la
528 5474 650 5527 Rue
688 5472 873 5526 Paris.
914 5472 1133 5526 174οτΤ.
1167 5470 1237 5524 lll
1268 5486 1332 5542 p.
1382 5471 1509 5539 916,
1535 5471 1599 5530 2.

263 5564 340 5635 (8)
364 5566 564 5620 Tract.
598 5559 956 5616 Menachoth
977 5575 1116 5632 cap.
1151 5559 1237 5614 IX.

262 5652 336 5725 (9)
366 5654 586 5724 Praep.
632 5664 848 5720 evang.
876 5649 966 5714 IX,
999 5652 1053 5716 8,
1108 5649 1200 5705 ed.
1246 5648 1567 5706 Heinichen
1627 5648 1855 5722 Lipsiae

1964 3141 2071 3185 eos
2137 3130 2411 3199 perdidit
2471 3132 2536 3190 in
2597 3131 2757 3189 mari
2842 3132 3035 3191 rubro
3121 3130 3269 3208 (12).
3332 3154 3356 3186 ι
3448 3134 3620 3193 Unde

1964 3224 2358 3286 Hammundo
2412 3225 2546 3304 (13)
2608 3229 2811 3286 visum
2862 3234 2974 3301 est,
3026 3231 3192 3302 apud
3274 3230 3616 3289 Palladium

1964 3341 2081 3402 pro
2131 3325 2452 3394 κηποτάφιον
2508 3328 2839 3400 legendum
2904 3341 3039 3385 esse
3099 3326 3393 3397 κενοτάφιον
3452 3329 3495 3387 ἱ,
3559 3344 3615 3389 θ,

1962 3428 2371 3502 sepulchrum
2448 3440 2734 3484 vacuum.
2808 3425 2921 3484 Cui
2986 3426 3238 3485 Palladii
3317 3426 3612 3496 narratio,

1965 3523 2300 3585 daemones
2369 3523 2621 3593 dixisse,
2677 3525 2756 3581 ab
2831 3523 2984 3596 ipsis
3058 3538 3271 3598 magos
3345 3525 3435 3583 ibi
3519 3540 3619 3584 se-

1965 3625 2174 3696 pultos
2223 3636 2377 3691 esse,
2428 3626 2732 3695 repugnat
2788 3619 2931 3697 (14).
2994 3622 3412 3695 Sepulchrum
3466 3638 3617 3682 vero

1964 3722 2029 3779 in
2114 3723 2298 3781 horto
2367 3721 2704 3779 arboribus
2771 3721 3031 3787 consito,
3091 3722 3308 3793 quales
3391 3722 3615 3779 etiam-

1966 3816 2082 3889 95
2166 3835 2330 3879 nunc
2404 3819 2815 3892 pulcherrimi
2883 3819 2946 3876 in
3015 3818 3274 3878 Oasibus
3340 3820 3617 3892 plantan-

1969 4047 2126 4112 1842,
2156 4047 2239 4112 4ο,
2271 4048 2330 4102 T.
2372 4045 2420 4099 ιι
2463 4062 2521 4115 p.
2557 4047 2644 4100 12.

2041 4136 2151 4207 (10)
2184 4138 2309 4191 Nat.
2344 4136 2484 4188 Hist.
2518 4135 2666 4199 XXX,
2702 4138 2755 4201 2,
2783 4133 2883 4189 ed.
2923 4134 2996 4187 de
3019 4133 3411 4204 Grandsagne
3430 4134 3612 4190 Paris.

1971 4225 2107 4280 1829
2135 4224 2196 4278 T.
2233 4223 2353 4277 VIII
2380 4239 2438 4293 p.
2471 4224 2597 4277 288.
2622 4221 2705 4277 Cf.
2740 4228 2914 4277 notas
2947 4222 3027 4277 ibi
3056 4222 3134 4277 ad
3166 4222 3203 4278 l.
3243 4223 3286 4279 Ι.
3328 4222 3613 4280 adiectas.

2040 4314 2155 4385 (tl)
2190 4311 2571 4369 Bar-Hebraei
2598 4310 2814 4367 Chron.
2860 4311 3016 4382 Dyn.
3055 4311 3150 4366 ed.
3196 4312 3406 4368 Kirsch
3456 4312 3612 4386 Lips.

1893 4436 1937 4490 D
1972 4404 2116 4457 1788
2158 4420 2216 4474 p.
2251 4402 2345 4458 14.

2038 4491 2151 4563 (12)
2180 4494 2357 4548 Henr.
2399 4490 2757 4546 Hammond.
2790 4488 2930 4545 adll
2958 4489 3209 4546 Timoth.
3241 4494 3294 4559 3,
3327 4491 3384 4545 8.

2039 4580 2156 4653 (13)
2183 4579 2333 4634 Ibid.

2038 4668 2149 4741 (14)
2178 4670 2482 4737 Magorum
2536 4668 2783 4724 nomina
2833 4667 2997 4740 apud
3054 4667 3249 4723 varios
3294 4667 3615 4740 scriptores

1963 4759 2126 4813 varie
2155 4757 2447 4829 leguntur.
2483 4757 2545 4810 ln
2573 4758 2635 4810 N.
2669 4758 2728 4811 Τ.
2750 4755 3027 4825 leguntur
3068 4754 3103 4808 Ἰ
3124 4764 3273 4815 αννῆ
3296 4775 3318 4817 ς
3345 4762 3402 4813 et
3437 4755 3614 4829 Ἰαμ-

1966 4845 2149 4921 βρῆς,
2183 4853 2362 4918 atque
2386 4845 2447 4900 in
2471 4844 2611 4899 solis
2641 4844 2883 4900 duobus
2930 4845 3109 4900 codd.
3151 4844 3365 4915 legitur
3417 4853 3617 4919 Μαμ-

1967 4934 2150 5010 βρῆς.
2180 4935 2245 4989 In
2271 4933 2538 5003 Vulgata,
2587 4933 2905 5003 Evangelio
2964 4933 3273 4989 Nicodemi
3333 4940 3389 4989 et
3446 4934 3611 5005 apud

1965 5025 2167 5081 Patres
2197 5023 2451 5079 habetur
2507 5022 2678 5078 lectio
2727 5024 3025 5079 Mambres
3088 5028 3269 5094 atque
3310 5024 3612 5080 interdum

1963 5116 2227 5171 Jamnes.
2276 5112 2339 5167 In
2365 5111 2630 5166 Peschito
2655 5118 2946 5167 vocantur
2978 5111 3185 5166 :Jom's
3217 5113 3612 5178 etJambaris,

1965 5204 2025 5259 in
2052 5200 2327 5269 'l‘almud,
2362 5200 2707 5270 Targumim
2740 5206 2795 5255 et
2822 5200 2990 5255 libris
3023 5200 3262 5256 rabbin.
3299 5217 3312 5255 :
3357 5201 3528 5258 Jam's
3561 5207 3617 5258 et

1962 5291 2244 5357 Jambris,
2303 5291 2569 5368 Jamnes,
2639 5288 2874 5353 Janm's,
2942 5290 3194 5354 Jannos,
3259 5291 3461 5355 Jonas,
3521 5292 3617 5345 Jo—

1965 5383 2182 5452 chane,
2213 5380 2458 5444 Jac/me,
2485 5378 2756 5434 Jochana
2784 5386 2839 5434 et
2867 5378 3117 5441 Mamre,
3144 5378 3435 5444 Jambros,
3463 5378 3619 5433 Jam-

1969 5471 2117 5536 bros,
2149 5470 2443 5526 Jambres.
2473 5467 2555 5522 Cf.
2588 5465 2841 5523 Coteler.
2878 5468 3073 5520 Patres
3106 5466 3430 5534 Apostolic.
3465 5466 3616 5520 Con-

1966 5560 2148 5615 atitut.
2172 5560 2378 5631 Apost.
2413 5556 2558 5621 VIII,
2596 5560 2621 5611 1
2650 5555 2745 5611 ed.
2779 5558 2954 5608 Antv.
3015 5553 3154 5606 1700
3196 5553 3256 5604 Τ.
3316 5554 3338 5606 Ι
3387 5571 3447 5625 p.
3490 5556 3613 5609 388.

1970 5646 2120 5719 Allg.
2151 5648 2472 5720 Encyclop.
2504 5660 2568 5701 ν.
2596 5642 2803 5716 |Ersch
2829 5656 2891 5695 u.
2952 5638 3184 5695 Gruber
3208 5654 3258 5690 ε.
3293 5654 3349 5694 v.
3382 5641 3622 5711 Jannes.
