4092 6256
503 247 566 303 91
1359 238 1461 295 SS.
1507 235 1993 295 MACARIORUM
2042 230 2375 290 AEGYPTII
2414 233 2501 290 ET
2540 235 3027 294 ALEXANDRINI
3818 240 3874 297 92

501 379 604 434 tur
650 371 762 449 (1),
820 372 1091 447 positum
1143 383 1415 442 saxoque
1467 367 1793 440 quadrato,
1862 378 1988 438 quo
2035 364 2153 421 ho-
2189 363 2225 412 Α
2266 367 2434 421 ctum
2469 379 2613 424 cum
2668 366 3085 427 daemonibus
3143 367 3305 439 iniit,
3330 368 3435 427 sed
3496 368 3701 431 illa.ut
3749 370 3873 428 dae-

500 472 758 532 diedum
819 470 1116 543 Aegyptia
1182 472 1585 525 monumenta
1649 469 1960 523 exstructa
2011 477 2153 520 con-
2263 476 2480 521 mones
2528 465 2912 536 recederent,
2969 470 3190 538 sponte
3248 466 3557 539 promisit.
3619 467 3876 526 Diabolus

500 571 855 643 spiciuntur
899 565 1009 644 (2),
1057 566 1446 625 aediﬁcatum
1505 564 1640 622 fuit.
1683 563 1805 622 Nec
1863 574 1985 619 non
2041 575 2152 632 pu-
2263 560 2397 630 iste,
2437 562 2543 633 qui
2585 562 2849 620 Macario
2889 570 3368 622 monumentum
3410 566 3653 623 intranti
3692 566 3875 625 stricto

499 674 621 735 teo,
659 667 764 741 qui
821 667 950 725 fere
1004 666 1064 723 in
1112 665 1287 723 nullo
1344 663 1450 721 tali
1504 661 1758 734 Aegypti
1816 658 2150 732 sepulchro
2259 659 2465 728 gladio
2518 660 2771 718 obviam
2831 660 3072 718 venisse
3127 662 3189 718 in
3242 663 3504 729 duabus,
3546 668 3612 721 ut
3662 663 3876 721 monui-

500 765 891 825 desideratur
930 762 1040 839 (3),
1073 767 1365 821 ornatum
1401 760 1535 828 fuit,
1572 759 1968 829 multumque
2008 756 2147 814 auri
2259 770 2419 822 mus,
2462 757 2787 815 Lausiacae
2837 758 3229 817 versionibus
3268 760 3420 817 falso
3450 761 3726 828 traditur,
3756 761 3873 818 dae-

499 864 562 922 in
604 866 1012 921 monumento
1057 859 1407 933 depositum
1448 873 1582 915 esse
1623 858 1783 914 fama
1830 855 1989 913 tulit.
2029 856 2148 926 Ap-

497 960 942 1038 propinquanti
1024 973 1177 1016 vero
1245 956 1509 1015 Macario
1573 952 1957 1025 septuaginta
2020 952 2147 1009 fere

494 1062 829 1118 daemones
912 1073 945 1115 e
1022 1060 1427 1113 monumento
1512 1050 1743 1124 egressi
1829 1048 2148 1121 variisque

494 1158 718 1216 formis
790 1155 1053 1228 praediti
1133 1155 1563 1215 occurrerunt,
1620 1147 1724 1206 alii
1784 1148 2139 1212 clamantes,

494 1256 598 1314 alii
630 1254 1006 1319 exsilientes,
1042 1250 1148 1309 alii
1193 1264 1416 1321 magno
1452 1246 1698 1304 fremitu
1734 1245 1795 1302 in
1821 1259 1965 1303 eum
1989 1245 2140 1301 den-

491 1352 659 1411 tibus
705 1351 1085 1416 stridentes;
1121 1348 1309 1405 ceteri
1358 1351 1653 1417 tanquam
1697 1343 1869 1401 corvi
1922 1342 2140 1400 volan-

489 1456 579 1509 tes
631 1450 767 1508 eius
815 1448 1011 1507 vultui
1086 1445 1477 1503 insultarunt.
1549 1440 1872 1500 Consimili
1931 1445 2137 1496 autem

489 1548 680 1608 modo
755 1546 815 1605 S.
891 1544 1158 1603 Antonio
1221 1543 1281 1599 in
1349 1540 1683 1612 sepulchro
1749 1538 2133 1611 pernoctanti

488 1648 824 1705 daemones
894 1644 956 1702 in
1028 1643 1228 1700 forma
1294 1640 1569 1702 leonum,
1628 1650 1941 1702 ursorum,
2009 1636 2135 1693 leo-

486 1745 854 1818 pardorum,
939 1748 1285 1804 taurorum,
1371 1742 1758 1808 serpentum.
1843 1734 2130 1805 aspidum

482 1842 884 1914 scorpionum
923 1841 1105 1897 adtue
1146 1839 1440 1910 luporum
1495 1837 1923 1906 apparuerunt
1976 1830 2125 1888 den-

478 1941 770 2012 tibusque
806 1940 868 1996 in
906 1951 1049 1995 eum
1098 1936 1437 1994 striderunt
1466 1930 1576 2008 (In).
1625 1931 1968 2000 Eidemque
2012 1927 2131 1984 An-

480 2039 653 2097 tonio
701 2038 765 2094 in
817 2034 1069 2094 castello
1143 2032 1418 2105 quodam
1470 2029 1713 2101 degenti
1795 2028 2130 2083 daemones

481 2135 830 2194 clamarunt
874 2151 885 2189 :
941 2154 969 2183 α
1009 2131 1053 2187 Ε
1107 2130 1333 2187 nostris
1372 2127 1592 2184 recede
1633 2124 1888 2183 sedibus
1923 2126 1934 2180 !
1970 2122 2127 2192 Quid

2258 868 2403 913 mon
2449 855 2742 927 princeps
2782 870 2917 914 esse
2948 856 3215 926 videtur,
3248 857 3359 930 qui
3399 862 3653 916 testante
3690 856 3743 917 8.
3778 858 3876 915 An-

2255 952 2452 1019 tonio.
2484 953 2708 1010 ceteris
2741 953 3155 1013 daemonibus
3186 955 3517 1027 superatis,
3573 955 3701 1029 ipse
3732 974 3759 1008 (ε
3784 955 3870 1013 ad-

2256 1051 2422 1108 venit
2501 1051 2793 1109 horribili
2853 1047 3077 1122 forma,
3112 1057 3180 1110 ut
3232 1059 3538 1112 terrorem
3622 1054 3870 1121 incutiat,

2253 1149 2572 1221 multaque
2626 1149 2881 1217 iactitat,
2936 1151 3044 1208 sed
3098 1152 3419 1223 mentitur,
3475 1168 3588 1212 nec
3641 1153 3872 1211 extime-

2251 1246 2515 1304 scendus
2540 1251 2650 1317 est,
2686 1248 2835 1320 quia
2866 1262 2978 1320 per
3009 1249 3232 1307 Christi
3270 1251 3530 1323 gratiam
3571 1265 3719 1308 vana
3754 1254 3874 1308 sunt

2249 1345 2537 1401 omnium
2568 1346 2946 1403 daemonum
2979 1346 3308 1405 molimina
3342 1369 3371 1404 »
3406 1347 3552 1425 (11).
3583 1350 3695 1409 Res
3718 1361 3867 1413 vero,

2248 1456 2403 1513 quas
2459 1443 2759 1501 Macarius
2820 1451 3298 1503 monumentum
3346 1447 3683 1521 ingresssus
3728 1447 3868 1504 inve-

2247 1539 2361 1610 nit,
2419 1539 2643 1598 cadum
2701 1556 2978 1606 aeneum
3018 1549 3233 1602 catena
3302 1545 3507 1604 ferrea
3567 1560 3642 1604 ex
3708 1550 3869 1617 puteo

2245 1638 2639 1709 pendentem,
2674 1640 2962 1712 malaque
3004 1641 3377 1700 intrinsecus
3418 1659 3639 1711 vacua,
3682 1658 3717 1701 a
3758 1642 3868 1700 Pal-

2250 1734 2416 1801 ladio
2448 1732 2567 1806 ῥόαι
2605 1743 2841 1807 vocata,
2876 1738 3121 1811 aliaque
3159 1740 3469 1799 eiusmodi
3522 1742 3583 1800 in
3637 1739 3866 1815 Aegypti

2241 1834 2591 1907 sepulchris
2659 1835 2999 1893 hodiedum
3057 1836 3352 1910 inveniri,
3403 1854 3526 1897 non
3581 1844 3668 1897 est
3722 1837 3864 1911 quod

2242 1932 2529 2004 pluribus
2558 1932 2784 1990 dicam.
2822 1936 2907 1992 Ac
2929 1934 3097 1993 fraus
3129 1934 3231 1992 illa
3263 1936 3525 2008 diaboli,
3561 1938 3666 2011 qui
3702 1950 3866 1995 arun-

2241 2030 2416 2087 dines
2470 2030 2626 2102 signi
2686 2045 2869 2089 causa
2933 2031 2994 2089 in
3070 2033 3166 2090 via
3239 2034 3475 2106 positas
3535 2035 3863 2109 collegerat,

2240 2128 2537 2201 virgoque
2602 2128 2833 2186 munda
2909 2134 3071 2187 veste
3140 2131 3380 2201 induta,
3438 2148 3601 2207 quae
3668 2146 3865 2192 urnam

480 2232 593 2291 tibi
634 2245 777 2290 cum
823 2243 1037 2287 eremo
1073 2225 1102 2285 εἰ
1148 2228 1397 2285 Nostras
1447 2236 1765 2295 nunquam
1818 2221 1981 2277 feres
2024 2221 2127 2277 in-
2238 2240 2399 2297 aqua
2460 2225 2791 2283 stillantem
2846 2227 2909 2284 in
2967 2228 3167 2299 capite
3220 2236 3465 2302 gestans
3507 2232 3734 2291 fessum
3788 2244 3865 2288 se-

479 2327 673 2407 sidias
713 2350 734 2381 ι
798 2325 906 2403 (5).
946 2326 1167 2383 [isdem
1209 2325 1336 2381 fere
1380 2320 1590 2377 verbis
1637 2320 1973 2377 daemones
2024 2317 2124 2375 isti
2237 2338 2379 2380 nem
2428 2328 2553 2381 tres
2603 2323 2736 2382 dics
2798 2328 3198 2397 provocabat,
3241 2342 3391 2400 grex
3448 2328 3717 2403 denique
3769 2329 3863 2386 bu-

476 2426 811 2487 Macarium
857 2423 1344 2483 Alexandrinum
1396 2422 1795 2491 exceperunt.
1845 2417 2120 2486 Quorum
2235 2421 2546 2488 balorum,
2582 2421 2689 2494 qui
2729 2422 2828 2480 siti
2869 2437 3243 2497 oppressum
3279 2427 3561 2495 nutrivit,
3595 2428 3862 2486 virtutem

476 2526 731 2597 quidem
779 2538 905 2587 eos,
950 2521 1056 2594 qui
1099 2520 1408 2583 volabant,
1443 2531 1585 2575 cum
1625 2514 1850 2585 corvis,
1891 2515 2123 2587 quibus
2230 2524 2290 2577 et
2340 2519 2749 2578 constantiam
2799 2521 3046 2578 Macarii
3109 2523 3484 2598 divinaeque
3539 2527 3766 2599 gratiae
3812 2524 3858 2581 ci

474 2623 583 2680 illa
638 2635 889 2679 eremus
945 2616 1285 2676 hodiedum
1343 2614 1615 2673 abundat
1658 2610 1769 2688 (6),
1820 2613 2117 2670 Macarius
2230 2616 2585 2690 impertitae
2659 2618 3151 2689 magnitudinem
3226 2623 3582 2683 ostendunt,
3664 2622 3857 2682 Bubali

472 2723 814 2791 comparat.
884 2720 1083 2788 AIQUe
1167 2727 1498 2771 corvorum
1569 2710 1809 2783 species
1869 2709 2119 2767 daemo-
2227 2722 2434 2772 autem
2480 2716 2722 2772 circum
2769 2716 2999 2775 Nitriae
3048 2719 3307 2790 paludes
3356 2720 3703 2781 hodiedum
3742 2735 3857 2779 crc-

472 2820 658 2876 nibus
697 2816 863 2874 haud
919 2830 1062 2873 raro
1116 2810 1435 2871 tribunlur
1476 2809 1585 2885 (7)-
1617 2808 1956 2880 Scpulchra
2002 2809 2117 2866 de-
2227 2813 2487 2871 berrimi
2531 2820 2673 2870 sunt
2707 2810 2862 2889 (12).
2898 2814 3186 2875 Narratio
3229 2832 3376 2876 vero
3421 2818 3572 2878 libri
3621 2815 3859 2878 secundi

472 2917 662 2989 nique
692 2917 1219 2985 monumentaque
1258 2907 1375 2978 96
1403 2910 1595 2967 eremi
1638 2923 1672 2965 a
1705 2907 2116 2967 daemonibus
2225 2911 2302 2969 de
2344 2911 2565 2969 eodem
2624 2918 3029 2971 monumento
3083 2930 3118 2971 a
3177 2916 3440 2975 Macario
3496 2920 3631 2977 viso
3687 2919 3852 2981 fama,

472 3013 804 3072 inhabitari
858 3024 1205 3083 eorumque
1258 3009 1321 3066 in
1372 3010 1669 3080 potestate
1721 3004 1961 3075 haberi,
2021 3005 2109 3063 Si-
2146 3051 2185 3106 Ο
2223 3013 2289 3066 ut
2347 3006 2697 3078 docuimus,
2750 3010 2927 3069 valde
2977 3010 3311 3084 depravata
3358 3014 3617 3074 Palladii
3669 3028 3860 3074 narra-

468 3114 609 3171 wah
650 3110 823 3170 Oasis
860 3110 1103 3169 incolae
1142 3109 1499 3166 etiamnunc
1555 3104 1819 3163 credunt
1860 3102 1969 3179 (8).
2010 3104 2112 3161 Mi-

468 3226 609 3269 rum
667 3214 780 3276 est,
816 3208 984 3281 quod
1038 3206 1337 3265 Macarius
1393 3200 1825 3271 daemonibus,
1860 3202 2113 3276 cognito

468 3313 875 3365 monumento
902 3320 967 3362 se
1008 3317 1401 3361 recessurum
1436 3316 1591 3370 esse,
1624 3299 1743 3358 ﬁde
1790 3300 1933 3357 data
1971 3312 2114 3370 pro-

469 3405 658 3463 misit.
710 3406 862 3463 Nam
901 3403 1236 3460 daemones
1281 3400 1537 3458 omnino
1591 3414 1711 3456 non
1770 3397 2114 3455 audiendos

468 3518 606 3562 esse
635 3503 693 3561 S.
728 3501 1028 3559 Antonius
1058 3498 1267 3556 docuit
1293 3496 1402 3574 (9).
1438 3499 1499 3553 In
1541 3496 1793 3567 antiqua
1829 3494 2114 3553 versione

468 3600 771 3659 Macarius
795 3600 947 3657 haec
983 3602 1217 3655 tantum
1258 3596 1446 3652 verba
1483 3611 1494 3650 :
1535 3597 1844 3664 «Oportet
1878 3606 1979 3649 me
2019 3592 2112 3649 in-

464 3699 637 3773 gredi
670 3704 730 3755 et
758 3696 972 3755 videre
998 3714 1025 3749 )
1062 3691 1475 3765 respondisse,
1497 3692 1957 3762 daemonesque
1989 3704 2111 3747 non

464 3810 688 3855 curans
739 3795 1020 3859 intrasse,
1066 3792 1432 3864 perhibetur
1482 3788 1628 3865 (10).
1679 3788 1853 3857 Quod
1905 3793 2111 3846 tamen

463 3896 657 3954 textui
715 3891 1403 3957 codicum,editionum
1458 3894 1935 3959 ceterarumque
1977 3899 2113 3942 ver-

462 3994 710 4053 sionum
773 3994 1099 4065 repugnat.
1161 3988 1372 4061 Neque
1434 3986 1735 4044 Macarius
1801 3998 1941 4042 vere
2006 3998 2113 4056 pa-

462 4287 526 4342 In
555 4285 760 4341 codice
789 4282 1253 4338 membranaceo
1281 4280 1433 4334 Vind
1470 4278 1569 4334 ob.
1601 4276 1763 4345 magi
1797 4272 1997 4329 vocari
2029 4273 2108 4327 vi-

463 4373 995 4430 denturz’lawﬁ;
1035 4372 1143 4419 καὶ
1190 4365 1531 4438 Ἰαμβρῆς,
1574 4366 1630 4418 in
1686 4363 1891 4417 codice
1940 4361 2108 4416 char-

461 4470 595 4520 taco
627 4464 919 4518 vocantur
950 4459 1165 4515 Ἰαννῆ
1199 4452 1646 4526 καὶῚαμβρῆ.
1681 4454 1756 4506 De
1780 4450 1890 4504 illis
1915 4450 2106 4518 magis

459 4570 613 4626 quae
643 4552 751 4605 viri
783 4549 939 4604 docti
971 4548 1372 4617 disputarunt,
1414 4542 1649 4610 collegit
1712 4539 2014 4593 Fabricius
2046 4539 2101 4591 in

456 4643 612 4699 libro
648 4663 658 4693 :
691 4639 830 4694 Cod.
868 4634 1283 4705 Pseudoepigr.
1318 4631 1385 4685 V.
1427 4634 1485 4685 T.
1525 4628 1732 4684 Hamb.
1767 4628 1899 4681 1722
1928 4627 2103 4698 p.813

459 4746 592 4803 sqq.
629 4732 705 4784 De
754 4726 965 4782 iisdem
1001 4724 1239 4793 scripsit
1294 4718 1583 4789 Zenlgraf.
1630 4735 1640 4771 :
1672 4720 1828 4787 Disp.
1862 4716 1999 4770 hist.
2030 4715 2101 4771 de

456 4822 665 4875 Jamne
693 4822 747 4872 et
766 4814 1004 4871 Jambre
1030 4811 1427 4867 celeberrimis
1450 4807 1874 4879 Aegyptiorum
1909 4805 2101 4871 magis

457 4906 692 4965 Witteb.
730 4905 887 4971 1669,
915 4904 992 4957 4ο.
1015 4903 1063 4956 J.
1091 4904 1152 4956 G.
1174 4896 1507 4954 Michaelis:
1545 4896 1699 4949 Uiss.
1734 4893 1807 4948 de
1836 4894 2025 4947 Junne
2048 4897 2101 4947 et

452 4996 695 5054 Jambre
710 4995 959 5050 famosis
980 4988 1404 5061 Aegyptiorum
1430 4984 1620 5050 magis
1645 4982 1822 5038 Halae
1839 4984 1994 5045 1747,
2020 4984 2099 5037 4ο.

525 5082 882 5157 (1)Μὶοιιίο]ἱ
925 5081 1089 5135 Reise
1112 5093 1243 5132 zum
1272 5072 1510 5143 Tempel
1553 5072 1659 5127 des
1690 5070 1914 5142 Jupiter
1967 5074 2098 5124 Am-

454 5191 597 5231 mon
630 5174 687 5228 in
712 5173 816 5227 der
837 5168 1141 5242 lihyschen
1169 5167 1365 5219 Wfiste
1395 5179 1449 5215 u.
1468 5161 1623 5215 nach
1644 5159 2095 5229 Oberaegypten

451 5281 509 5337 p.
539 5266 659 5320 173.
692 5261 776 5318 Cf.
803 5260 968 5329 Sulp.
998 5259 1130 5314 Sev.
1163 5252 1306 5309 Dial.
1340 5251 1355 5305 1
1389 5266 1524 5320 cap.
1547 5252 1613 5307 13
1648 5247 1917 5303 Galland.
1951 5246 2090 5301 Bibl.

456 5357 555 5410 PP.
585 5355 647 5408 T.
684 5350 799 5406 VIII
834 5365 890 5421 p.
919 5349 1041 5410 406,
1085 5349 1137 5411 2,
1170 5343 1361 5411 Migne
1396 5337 1605 5395 Patrol.
1638 5339 1696 5392 T.
1754 5339 1836 5393 XX
1878 5352 1934 5407 p.
1975 5339 2089 5391 i92.

520 5446 598 5513 (2)
628 5436 948 5496 Minutolil.
983 5436 1023 5490 l.
1060 5451 1115 5505 p.
1149 5434 1236 5488 61.

519 5533 595 5602 (3)
630 5529 776 5585 Ibid.
808 5544 864 5600 p.
906 5528 994 5581 44.
1019 5528 1105 5580 θι.

517 5621 597 5697 (4)
632 5619 737 5679 Viti
769 5619 827 5676 S.
856 5613 1095 5673 Antonii
1138 5627 1272 5684 cap.
1308 5613 1361 5681 9,
1399 5609 1454 5665 S.
1478 5605 1693 5662 Athan.
1734 5604 1886 5676 Opp.
1927 5604 1986 5659 Τ.
2040 5602 2083 5659 Ι.

2221 3106 2373 3164 tioni
2431 3106 2859 3179 posthabenda
2907 3113 3019 3165 est.
3068 3112 3265 3182 Atque
3320 3112 3515 3171 istum
3558 3126 3861 3186 magorum

2221 3203 2474 3260 hortum
2531 3204 2821 3262 manibus
2870 3202 2981 3272 97
3050 3206 3500 3279 Aegyptiorum
3561 3212 3860 3283 iussuque.

2221 3306 2288 3358 ut
2335 3300 2600 3370 videtur,
2637 3300 2975 3360 Pharaonis
3030 3303 3401 3363 adornatum
3429 3307 3647 3378 fuisse,
3681 3325 3714 3367 a
3753 3306 3863 3365 Pal-

2220 3396 2388 3455 ladio
2442 3398 2607 3455 haud
2638 3399 2905 3457 obscure
2945 3400 3299 3476 indicatur;
3332 3420 3529 3477 quare
3567 3409 3645 3466 ab
3688 3404 3864 3465 hortis

2223 3495 2500 3566 magicis,
2531 3496 2639 3568 qui
2672 3496 2835 3554 haud
2861 3512 3004 3557 raro
3028 3497 3337 3571 leguntur,
3369 3503 3476 3561 ille
3506 3506 3865 3577 distinguen-

2221 3592 2337 3651 dus
2364 3607 2498 3650 esse
2533 3593 2781 3651 videtur
2826 3593 2969 3671 (13).
3006 3596 3123 3655 Sed
3166 3598 3242 3657 ad
3282 3606 3490 3658 cetera
3531 3604 3860 3662 veniamus.

2302 3690 2606 3747 Macarius
2663 3692 2968 3764 aspidem,
3029 3710 3063 3752 a
3111 3711 3235 3768 qua
3282 3698 3347 3755 in
3399 3706 3593 3771 puteo
3642 3702 3717 3759 ad
3770 3713 3863 3757 re-

2218 3788 2523 3845 creandos
2565 3789 2784 3849 fratres
2838 3792 3134 3851 fodiendo
3189 3797 3626 3868 mordebatur,
3656 3798 3791 3858 inde
3836 3810 3865 3854 a

2220 3885 2504 3942 faucibus
2551 3901 2810 3958 prorsus
2872 3888 3223 3962 discerpsit.
3288 3893 3469 3967 Isque
3527 3912 3664 3957 mos
3715 3893 3863 3969 apud

2222 3984 2596 4042 Mamelucos
2625 3985 2965 4044 hodiedum
3009 3988 3300 4061 obtinuit,
3336 3992 3445 4064 qui
3487 4010 3525 4052 a
3555 3992 3866 4069 scorpione

2220 4275 2276 4327 P.
2312 4273 2356 4327 Il
2386 4289 2444 4345 p.
2478 4274 2583 4330 640
2611 4290 2748 4348 sqq.

2235 4436 2241 4443 _
2289 4362 2365 4433 (5)
2399 4363 2551 4420 Ibid.
2595 4381 2729 4435 cap.
2773 4369 2835 4421 l3
2867 4381 2924 4437 p.
2961 4368 3083 4421 642.

2287 4453 2366 4521 (6)
2400 4453 2664 4508 Minutoli
2699 4453 2812 4510 1.1.
2856 4470 2914 4526 p.
2945 4456 3066 4510 186.

2288 4541 2363 4611 (7)
2396 4541 2474 4595 Cf.
2507 4542 2563 4597 S.
2596 4543 2829 4597 Hieron.
2863 4544 3230 4600 Commentt.
3264 4548 3321 4601 in
3371 4548 3472 4604 lib.
3506 4553 3621 4608 Job
3673 4554 3728 4608 in
3761 4551 3867 4606 ﬁne

2213 4644 2347 4699 cap.
2383 4633 2468 4685 38.
2499 4629 2726 4685 Grimm
2760 4631 3048 4687 Deutsche
3073 4635 3434 4708 Mythologie
3465 4641 3575 4698 Ed.
3606 4643 3728 4713 llp.
3750 4640 3864 4697 949.

2287 4719 2361 4779 (8)
2393 4718 2658 4773 Minutoli
2686 4719 2724 4773 l.
2760 4721 2804 4776 I.
2848 4738 2907 4792 p.
2940 4723 3027 4777 82.

2285 4807 2359 4877 (9)
2393 4807 2518 4861 Vita
2547 4808 2600 4862 S.
2636 4809 2875 4864 Antonii
2916 4828 3051 4884 cap.
3086 4816 3171 4868 24.
3230 4818 3318 4871 25.
3368 4818 3422 4873 S.
3464 4818 3681 4875 Athan.
3724 4819 3864 4890 Opp.

2208 4893 2247 4949 1.
2284 4894 2325 4946 Ι.
2364 4910 2419 4965 p.
2460 4899 2562 4950 650
2588 4912 2721 4968 sqq.

2281 4982 2398 5053 ('10)
2442 4983 2552 5041 VV.
2596 4987 2697 5042 PP.
2726 4989 2925 5042 Rosw.
2961 5004 3019 5059 p.
3047 4994 3171 5054 992,
3208 4995 3253 5047 1.

2281 5071 2546 5141 (tl)Vita
2578 5073 2637 5128 S.
2668 5075 2906 5130 Antonii
2939 5093 3072 5148 cap.
3106 5079 3538 5155 241.1.p.650.

2278 5160 2679 5230 (12)Minutoli
2734 5162 2855 5219 1.1.
2909 5182 2969 5236 p.
3022 5166 3146 5223 206.
3209 5169 3293 5224 Cf.
3356 5173 3499 5229 Hist.
3544 5174 3716 5229 Laus.
3773 5170 3858 5227 ed.

2208 5251 2420 5305 Meurs.
2455 5265 2589 5319 cap.
2621 5251 2708 5305 51.

2277 5339 2389 5407 (13)
2428 5343 2531 5391 Eos
2560 5354 2679 5393 non
2706 5347 2980 5397 accurate
3004 5344 3370 5416 distinguere
3402 5350 3637 5406 videtur
3657 5350 3861 5405 Duent-

2202 5426 2411 5569 zer‘ig2
2434 5426 2585 5481 libro
2620 5439 2633 5480 :
2674 5428 2775 5484 Die
2810 5432 2957 5502 Sage
2990 5449 3128 5489 von.
3184 5438 3279 5491 Dr.
3329 5438 3628 5494 Johannes
3672 5441 3856 5495 Faust.

2202 5530 2262 5569 ι).
2425 5555 2437 5568 .

2202 5530 2262 5586 p.
2313 5530 2437 5569 132.
