4092 6256
182 278 249 335 93
1806 278 1821 311 ‘

1940 278 2038 335 ΑΕ.
3525 275 3596 333 94

182 408 422 481 puncti,
503 412 571 466 ut
637 406 883 466 vulneri
969 407 1359 474 medeantur,
1434 409 1834 481 scorpionem
1868 403 1915 458 A
1946 409 2135 467 fuisse
2167 405 2283 484 (7).
2326 410 2673 484 Iisaemque
2718 409 2846 468 fere
2899 408 3127 475 verbis,
3189 406 3419 481 quibus
3471 405 3594 464 Ma-

178 506 388 579 ipsum
460 519 649 578 super
736 519 953 563 recens
1033 507 1648 565 vulnusconterunt
1724 504 1829 582 (1).

176 603 632 676 Scorpionibus
681 609 889 661 autem
943 583 1342 662 eremus'illa
1391 605 1665 663 abundat
1718 602 1827 681 (2).

258 702 301 759 E
346 701 547 760 tribus
603 701 798 771 cellis,
846 716 1002 774 quas
1050 703 1113 758 in
1160 702 1459 760 interiore
1508 712 1674 760 vasta
1725 717 1836 761 so-

170 798 458 867 litudine,
494 799 556 857 in
607 799 816 857 Celliis
862 805 923 857 et
981 802 1043 857 in
1088 805 1300 858 monte
1347 800 1579 858 Nitriae
1632 802 1831 858 Maca-

167 897 302 954 rius
363 897 812 955 Alexandrinus
881 897 1125 969 habuit,
1177 913 1320 969 una,
1395 898 1458 956 in
1539 912 1663 970 qua
1722 912 1833 970 per

163 995 711 1067 quadragesimam
741 996 803 1051 in
831 995 1108 1053 tenebris
1163 994 1439 1067 sedebat,
1512 996 1673 1055 ostio
1727 1010 1832 1053 ca-

166 1092 325 1150 ruit.
368 1093 570 1151 Cellae
593 1093 760 1151 enim
817 1093 1347 1152 monasteriorum
1395 1094 1566 1152 illius
1624 1095 1829 1166 regio-

164 1191 266 1247 nis
299 1190 581 1248 fenestris
636 1191 825 1249 hodie
884 1206 1136 1264 quoque
1176 1199 1409 1261 carent,
1476 1192 1560 1249 ita
1600 1198 1666 1249 ut
1723 1192 1828 1248 lux

163 1294 406 1346 tantum
442 1303 552 1360 per
604 1290 837 1347 ostium
902 1290 1090 1347 intret
1140 1286 1247 1364 (3).
1306 1290 1581 1362 Eamque
1634 1290 1828 1347 Maca-

161 1386 240 1444 rii
277 1388 566 1445 cellulam
599 1386 663 1444 in
718 1387 1017 1447 interiore
1058 1393 1228 1445 vasta
1277 1388 1613 1446 solitudine
1643 1389 1825 1445 sitam

159 1484 357 1542 fuisse
401 1484 748 1542 verisimile
774 1490 885 1542 est.
952 1486 1155 1543 Altera
1222 1492 1429 1544 autem
1482 1486 1545 1543 in
1589 1485 1819 1553 Celliis,

158 1589 225 1641 ut
291 1582 561 1655 videtur,
612 1582 728 1639 sita
782 1583 1217 1654 angustissima
1260 1584 1398 1657 fuit,
1457 1584 1519 1642 in
1564 1600 1688 1656 qua
1721 1583 1825 1642 ille

158 1695 235 1738 ne
291 1681 517 1751 pedem
557 1680 815 1753 quidem
873 1681 1206 1739 extendere
1279 1687 1545 1753 poterat.
1610 1683 1826 1754 Cujus-

162 1778 545 1836 modicellis
590 1777 697 1835 alii
743 1792 995 1850 quoque
1042 1793 1221 1837 senes
1280 1780 1373 1837 usi
1428 1794 1560 1837 esse
1612 1781 1825 1838 dicun-

158 1883 264 1934 tur
298 1873 410 1951 (4).
483 1878 546 1933 In
589 1876 771 1933 tertia
829 1876 1100 1947 denique
1156 1878 1335 1943 cella,
1402 1878 1649 1936 duabus
1702 1878 1827 1936 illis

158 1974 493 2047 ampliore,
557 1974 862 2032 Macarius
912 1974 1316 2032 adventantes
1345 1977 1611 2049 excepit,
1655 1978 1824 2049 quod

163 2073 227 2130 in
258 2072 484 2130 cellam
522 2072 753 2130 Nitriae
785 2072 1037 2139 montis,
1080 2087 1271 2144 quem
1308 2070 1566 2144 plurimi
1596 2080 1655 2131 et
1685 2089 1821 2131 mo-

162 2167 347 2228 nachi
379 2176 438 2228 et
473 2169 787 2243 peregrini
837 2169 1038 2228 visere
1073 2171 1382 2242 solebant,
1440 2173 1678 2243 optime
1723 2187 1821 2229 ca-

163 2268 281 2326 dit.
320 2270 469 2340 Erga
511 2282 690 2339 quos,
737 2267 788 2325 si
841 2268 918 2325 ad
972 2269 1180 2339 ipsum
1237 2268 1638 2342 accedebant,
1701 2271 1822 2328 Ma-

164 2366 404 2423 carium
479 2365 964 2423 Alexandrinum
1055 2364 1421 2425 hilariorem
1518 2368 1819 2441 Aegyptio

166 2464 432 2521 Macario
483 2462 694 2528 fuisse,
732 2469 918 2535 atque
991 2464 1342 2522 urbanitate
1389 2466 1661 2537 quadam
1719 2466 1819 2524 iu-

165 2559 375 2617 niores
429 2560 507 2616 ad
564 2559 963 2632 disciplinam
1026 2562 1459 2620 monachicam
1504 2563 1814 2628 allexisse,

162 2658 447 2716 Socrates
477 2658 688 2715 nescio
712 2657 876 2715 unde
905 2660 1143 2731 accepit
1189 2656 1295 2735 (5).

237 2757 319 2813 De
370 2757 605 2826 virgine
647 2756 1079 2815 Thessalonica
1128 2758 1418 2826 oriunda,
1470 2773 1660 2831 quam
1694 2759 1820 2816 Ma-

151 2854 361 2912 carius
421 2853 877 2912 Alexandrinus
930 2854 1071 2912 oleo
1123 2862 1337 2913 sancto
1393 2857 1569 2914 unxit
1616 2856 1819 2930 preci-

153 2954 395 3024 busque
445 2953 659 3024 viginti
708 2952 958 3010 dierum
1007 2954 1265 3015 sanavit.
1330 2968 1451 3012 non
1506 2961 1598 3011 est
1643 2955 1813 3026 quod

150 3051 571 3123 disputemus.
610 3050 810 3118 Quare
861 3050 938 3106 ad
998 3052 1450 3109 monasterium
1502 3052 1816 3110 Pachomii

148 3163 184 3204 a
213 3152 340 3223 98
369 3148 635 3206 Macario
688 3145 959 3206 invisum
1005 3153 1413 3206 transeamus.
1449 3149 1623 3217 Quod
1667 3164 1817 3222 per-

148 3260 381 3319 magno
446 3260 710 3304 numero
776 3247 1232 3304 monachorum
1304 3247 1624 3305 afﬂuxisse
1674 3263 1820 3307 con-

150 3348 391 3401 stanter
437 3344 707 3402 traditur
756 3341 880 3419 (6).
947 3343 1286 3401 Macarium
1341 3345 1600 3417 quidem
1655 3351 1822 3403 veste

155 3441 436 3511 operarii
514 3440 801 3498 indutum
885 3439 1255 3499 Pachomius
1311 3448 1549 3514 septem
1601 3444 1824 3501 diebus

159 3537 493 3595 admittere
532 3538 758 3596 noluit.
846 3538 959 3597 Ubi
1038 3538 1518 3607 animadvertas,
1595 3538 1822 3600 Pacho-

162 3634 272 3691 mii
345 3634 575 3707 regula,
635 3640 699 3692 ut
750 3636 998 3693 saeculo
1049 3638 1529 3696 renunciaturus
1583 3653 1825 3710 paucos

166 3732 303 3790 dies
359 3739 496 3790 ante
554 3733 803 3791 ianuam
883 3736 1244 3791 monasterii
1314 3743 1669 3794 remaneret
1726 3737 1823 3794 di-

165 3844 481 3903 gnumque
549 3845 614 3889 se
697 3846 831 3889 esse
909 3832 1285 3899 ostenderet,
1363 3834 1822 3907 praescriptum

236 4048 315 4117 (1)
344 4046 603 4103 Minutoli
634 4047 672 4102 l.
700 4047 741 4101 Ι.
770 4065 827 4120 ρ.
854 4048 943 4103 77.

236 4136 316 4207 (2)
346 4136 492 4191 Ibid.
523 4151 581 4207 p.
610 4136 736 4191 204.

228 4226 309 4294 (3)
341 4225 733 4280 Tischendorl
765 4230 821 4280 et
874 4225 1215 4281 Wilkinson
1274 4226 1312 4281 l.
1342 4227 1380 4281 Ι.
1432 4244 1615 4297 supra
1664 4245 1721 4301 p.
1766 4234 1817 4285 2.

228 4314 307 4385 (4)
364 4314 619 4369 Passim.
676 4315 1008 4370 Marcianus
1054 4316 1112 4369 in
1160 4315 1308 4372 cella
1360 4332 1481 4373 non
1530 4317 1821 4389 ampliore

1944 508 2185 566 carium
2246 508 2633 574 Pachomius,
2693 507 3031 580 aliquando
3094 507 3422 564 Palaemon
3481 506 3591 563 Pa-

1942 606 2265 664 chomium
2336 604 2447 683 (8),
2520 607 2585 665 8.
2649 606 2950 664 Antonius
3020 603 3275 662 Paulum
3351 600 3594 673 simpli—

1943 718 2080 761 cem
2112 706 2200 779 (9)
2259 704 2640 776 repulerant.
2705 701 3080 761 Pachomius
3126 704 3188 760 in
3237 701 3345 758 illa
3374 712 3594 758 narra-

1943 802 2110 860 tione
2184 804 2477 876 spiritum
2563 802 2929 875 prophetiae
2984 801 3275 859 habuisse
3333 797 3588 866 dicitur,

1942 901 2107 972 quod
2138 907 2199 959 et
2237 902 2299 959 in
2328 901 2450 958 vita
2475 901 2610 958 eius
2638 899 3106 972 quodammodo
3136 898 3403 957 traditur
3434 895 3584 974 (10).

1944 1000 2027 1056 Ac
2058 999 2345 1057 monachi
2380 999 2741 1057 monasterii
2780 998 2949 1056 illius
2998 1011 3208 1055 ramos
3238 998 3589 1069 palmarum

1942 1102 2221 1163 tractant,
2252 1097 2420 1169 quod
2453 1098 2516 1154 in
2569 1096 2966 1154 monasteriis
3003 1096 3062 1153 S.
3129 1095 3377 1152 Antonii
3436 1094 3591 1154 alio-

1940 1210 2207 1267 rumque
2237 1209 2455 1253 senum
2482 1194 2615 1252 ﬁeri
2661 1194 2901 1252 solebat
2941 1190 3091 1268 (ll).
3131 1193 3327 1265 Atque
3358 1193 3419 1250 in
3447 1193 3590 1250 Ter-

1939 1293 2155 1363 raneh,
2197 1307 2357 1365 quae
2411 1296 2505 1350 est
2561 1293 2712 1350 urbs
2763 1306 2958 1363 prope
3001 1290 3256 1348 Nitriam
3316 1290 3453 1356 sita,
3514 1305 3589 1348 ex

1937 1391 2144 1461 iunco,
2179 1391 2285 1463 Qui
2334 1392 2394 1447 in
2445 1390 2581 1461 ejus
2625 1389 2961 1461 paludibus
3000 1387 3426 1446 creberrimus
3470 1391 3583 1452 est,

1935 1491 2170 1561 tapetes
2194 1487 2611 1546 venustissimi
2643 1487 2845 1543 adhuc
2870 1488 3161 1543 texuntur
3194 1482 3342 1559 (l2).

2016 1587 2409 1658 Propositum
2451 1584 2724 1655 Macarii,
2779 1583 3057 1656 quinque
3135 1583 3360 1641 diebus
3440 1596 3585 1640 cum

1936 1683 2074 1741 solo
2103 1684 2223 1741 Deo
2252 1682 2657 1740 conversandi
2708 1687 3026 1753 totamque
3067 1685 3340 1738 mentem
3389 1680 3451 1736 in
3510 1694 3586 1738 eo

1937 1782 2072 1839 solo
2131 1780 2457 1853 deﬁgendi,
2530 1780 2713 1837 tertio
2779 1778 2881 1836 die
2951 1779 3240 1844 daemon,
3300 1780 3363 1835 in
3411 1778 3581 1836 llam-

1937 1893 2104 1937 mam
2144 1879 2305 1951 ignis
2346 1892 2484 1935 com
2504 1892 2698 1943 ersus,
2777 1876 3027 1933 irritum
3080 1875 3242 1934 fecit.
3301 1875 3415 1944 Qui
3454 1882 3588 1935 sto-

1937 1991 2131 2042 ream,
2166 1976 2230 2033 in
2261 1991 2382 2048 qua
2412 1990 2597 2032 senex
2624 1975 2843 2041 stabat,
2888 1973 3253 2041 combussit,
3313 1987 3587 2046 eumque

1935 2075 2142 2147 ipsum
2191 2073 2457 2131 adurere
2515 2072 2684 2129 visus
2755 2076 2867 2129 est.
2932 2071 3100 2131 Unde
3148 2071 3315 2128 hunc
3379 2071 3584 2142 ignem

1934 2187 2056 2231 non
2090 2173 2457 2243 phantasma
2487 2169 2813 2228 daemonis
2844 2168 3059 2241 fuisse,
3107 2168 3214 2226 sed
3248 2169 3373 2226 vim
3416 2183 3587 2226 com-

1934 2271 2196 2330 burendi
2260 2269 2551 2327 habuisse
2605 2267 2970 2326 credideris.
3034 2268 3372 2325 Daemones
3411 2280 3580 2335 vero,

1931 2369 2038 2442 qui
2072 2368 2272 2426 varias
2317 2366 2575 2425 omnino
2631 2366 2900 2423 induunt
2954 2365 3190 2422 formas
3230 2361 3382 2439 (l3),
3426 2365 3587 2436 ignis

1930 2466 2139 2538 specie
2182 2465 2548 2537 apparuisse
2600 2468 2785 2536 atque
2836 2462 3199 2520 incendium
3258 2461 3580 2528 excitasse,

1930 2564 2080 2622 alibi
2114 2563 2279 2621 haud
2314 2562 2491 2620 facile
2532 2562 2715 2634 leges.

2010 2666 2130 2739 99
2181 2660 2480 2719 Sacerdos
2528 2660 2657 2725 ille,
2693 2658 2801 2731 qui
2850 2657 3162 2715 fornicans
3219 2671 3392 2715 sacra
3445 2670 3585 2728 per-

1930 2767 2160 2832 egerat,
2192 2774 2315 2816 non
2361 2758 2476 2815 nisi
2537 2757 2677 2815 data
2726 2756 2869 2825 fide,
2932 2769 3191 2813 munera
3245 2754 3586 2813 sacerdotis

1930 2874 1995 2917 se
2026 2872 2146 2916 non
2200 2857 2474 2929 amplius
2522 2855 2846 2913 obiturum
2876 2868 3033 2920 esse,
3087 2868 3122 2910 a
3172 2853 3436 2911 Macario
3491 2867 3587 2910 sa-

1929 2961 2129 3014 natur.
2186 2955 2419 3013 Veteris
2469 2954 2635 3011 enim
2692 2952 2992 3010 ecclesiae
3048 2949 3382 3023 disciplina
3440 2950 3579 3021 fuit,

1929 3060 1996 3113 ut
2067 3052 2376 3118 sacerdos,
2456 3050 2565 3122 qui
2622 3049 2828 3107 carnis
2879 3052 3202 3120 peccatum
3255 3053 3360 3105 aut
3412 3047 3580 3106 aliud

1929 3166 2112 3226 grave
2136 3150 2376 3209 crimen
2427 3148 2852 3216 commiserat,
2889 3162 2923 3203 a
2976 3146 3329 3204 ministerio
3370 3144 3585 3203 altaris

1932 3249 2378 3323 prohiberetur
2448 3252 2507 3303 et
2571 3245 2647 3303 ad
2731 3244 3033 3302 laicorum
3070 3243 3582 3302 communionem

1933 3347 2338 3419 redigeretur.
2401 3344 2591 3403 Cuius
2639 3342 2932 3415 exempla
3001 3345 3146 3400 sunt
3211 3341 3273 3399 in
3332 3341 3586 3400 Decreto

1932 3444 2203 3504 Gratiani
2236 3440 2363 3519 (14)
2391 3447 2450 3499 et
2503 3443 2564 3499 in
2600 3440 2777 3499 libris
2833 3439 3384 3512 poenitentialibus
3429 3438 3583 3513 (15).

1934 3544 2236 3601 Macarius
2287 3540 2625 3607 infelicem,
2695 3538 2796 3597 cui
2858 3538 3316 3596 lunestissimus
3365 3536 3581 3595 cancri

1932 3642 2194 3699 morbus
2222 3640 2305 3698 ob
2336 3638 2497 3696 istud
2562 3644 2884 3710 peccatum
2922 3642 3057 3694 erat
3098 3636 3391 3702 inﬂictus,
3434 3648 3587 3693 num

1931 3739 2144 3797 credat
2172 3739 2363 3795 Deum
2389 3751 2545 3801 esse,
2602 3750 2793 3807 quem
2846 3735 3001 3792 nihil
3056 3735 3237 3792 lateat
3274 3747 3389 3792 nec
3420 3734 3591 3805 quis-

1932 3851 2119 3910 quam
2155 3833 2419 3894 illudere
2448 3833 2663 3906 possit,
2726 3847 3000 3904 numque
3051 3836 3379 3905 cognoscat
3432 3845 3587 3904 pec-

1933 4055 2209 4111 absentes
2237 4052 2452 4107 vidisse
2477 4052 2537 4106 in
2559 4051 2684 4107 eius
2707 4051 2825 4105 vita
2842 4064 3017 4120 capp.
3041 4052 3074 4103 4
3099 4053 3152 4105 et
3184 4052 3215 4104 6
3246 4048 3283 4104 Ι.
3308 4048 3355 4104 l.
3378 4064 3438 4121 p.
3461 4049 3584 4117 308,

1933 4146 1984 4199 1.
2027 4144 2149 4207 314,
2188 4146 2221 4197 2
2259 4141 2491 4209 legitur.

2003 4232 2119 4304 (11)
2143 4231 2280 4286 Hist.
2300 4229 2478 4284 Laus.
2506 4228 2599 4284 ed.
2616 4230 2825 4285 Meurs.
2844 4244 2975 4298 cap.
2996 4230 3083 4284 40.
3099 4228 3187 4283 29.
3207 4230 3322 4282 2ac
3336 4227 3587 4298 passim.

2003 4320 2117 4393 (l2)
2152 4316 2407 4376 Minutoli
2439 4317 2477 4373 l.
2509 4319 2547 4373 I.
2582 4333 2641 4389 p.
2686 4317 2800 4372 l89.
2832 4322 2957 4374 202.

154 4418 408 4506 corpore
453 4419 592 4506 suo“
610 4419 673 4457 se
706 4404 1016 4458 inclusisse
1060 4404 1273 4475 legitur
1312 4406 1425 4461 VV.
1472 4406 1575 4460 PP.
1625 4409 1818 4463 Rosw.
1854 4452 1899 4506 Β
2004 4410 2116 4480 (13)
2152 4408 2355 4479 Specie
2389 4406 2525 4479 galli
2556 4406 2863 4478 gallinacei
2897 4404 3165 4462 adhibita
3187 4403 3463 4461 diabolus
3491 4405 3589 4462 Pa-

149 4490 256 4547 lib.
294 4492 363 4547 IX
395 4508 532 4562 cap.
561 4492 613 4547 3.

225 4583 297 4650 (5)
341 4582 507 4636 Socr.
558 4580 701 4637 Hist.
750 4581 901 4636 Eccl.
953 4582 1023 4636 IV
1063 4599 1189 4654 cap.
1240 4587 1306 4638 23
1353 4583 1453 4639 ed.
1516 4584 1706 4639 Vales.
1759 4602 1816 4657 p.

157 4673 281 4724 234.

195 4673 281 4725 34.

219 4759 298 4831 (6)
336 4759 484 4815 Hist.
513 4760 690 4816 Laus.
727 4758 822 4816 ed.
876 4763 1081 4816 Meurs.
1130 4776 1262 4832 cap.
1297 4762 1365 4815 39
1393 4762 1452 4817 in
1497 4761 1633 4829 fine,
1666 4764 1816 4834 Opp.

145 4849 359 4903 Meurs.
392 4849 436 4905 l.
480 4848 522 4903 Ι.
568 4865 625 4919 p.
664 4849 788 4903 456.
834 4849 961 4904 Vita
1002 4851 1057 4905 8.
1101 4849 1405 4905 Pachomii
1438 4866 1569 4921 cap.
1607 4856 1656 4916 5,
1690 4855 1809 4909 AA.

149 4938 244 4993 SS.
300 4937 445 4993 Boll.
484 4937 613 4991 Mai.
665 4938 724 4991 T.
774 4937 843 4990 III
884 4954 942 5008 p.
977 4938 1101 4993 310.
1150 4940 1206 4993 8.
1258 4939 1488 4994 Hieron.
1536 4940 1727 4995 Praef.
1758 4940 1817 4995 in

145 5025 414 5098 regulam
462 5026 522 5079 S.
562 5025 872 5081 Pachomii
918 5027 1175 5083 Ilolsten.
1238 5027 1378 5082 Cod.
1434 5028 1637 5097 Regul.
1685 5032 1744 5085 T.
1796 5031 1817 5084 Ι

195 5155 207 5167 .
240 5117 329 5171 25.

195 5155 207 5167 .
240 5120 271 5168 2
317 5158 329 5171 .

152 5120 308 5275 ρῌῗ
345 5204 578 5275 Regula
627 5205 684 5258 S.
736 5203 1040 5259 Pachomii
1084 5220 1217 5276 cap.
1269 5204 1338 5260 49
1399 5205 1702 5261 Hosten.l.
1756 5209 1804 5264 I.

148 5306 185 5360 ρ
213 5297 441 5453 (3)8Vita
477 5384 534 5437 S.
573 5380 873 5435 Pachomii
905 5397 1040 5452 cap.
1070 5383 1120 5448 1,
1158 5382 1197 5437 l.
1227 5383 1267 5436 Ι.
1302 5399 1356 5453 p.
1387 5387 1510 5450 297,
1543 5384 1595 5437 1.

151 5554 168 5610 ι
216 5473 294 5541 (9)
329 5473 477 5527 Hist.
520 5471 697 5525 Laus.
744 5470 839 5524 ed.
870 5472 1074 5526 Meurs.
1118 5488 1244 5543 cap.
1281 5477 1347 5528 29
1398 5474 1550 5543 Opp.
1584 5474 1800 5528 Meurs.

176 5558 252 5613 .l.
287 5577 344 5618 ι).
380 5565 510 5618 429.

220 5577 252 5613 ι.
332 5577 449 5616 ,42
497 5602 510 5616 .

220 5577 328 5719 (lg)
369 5577 771 5708 Pazhomium
809 5663 903 5705 res
933 5647 1197 5706 occultas
1234 5649 1588 5720 cognovisse
1631 5654 1810 5723 atque

1930 4498 2237 4553 chomium
2261 4502 2485 4551 tentare
2511 4501 2781 4550 conatur.
2802 4496 2931 4550 Vita
2955 4497 3009 4551 8.
3039 4493 3341 4550 Pachomii
3369 4510 3497 4565 cap.
3532 4499 3587 4549 2.

1929 4588 1989 4641 In
2025 4586 2218 4641 forma
2249 4584 2487 4655 vaporis
2516 4584 2822 4639 diabolum
2860 4600 3148 4654 apparere
3190 4583 3365 4637 tradit
3394 4583 3586 4639 Delrio

1930 4675 2186 4745 Disquis.
2223 4674 2437 4742 magic.
2471 4672 2573 4727 lib.
2610 4674 2650 4726 II
2684 4674 2748 4737 Ο.
2776 4675 2844 4727 28
2878 4675 2931 4729 8.
2968 4676 2999 4727 2
3033 4689 3089 4742 p.
3131 4675 3255 4728 302.
3286 4672 3381 4725 ed.
3408 4671 3449 4723 Ι.

1999 4763 2112 4835 (14)
2145 4764 2287 4818 Can.
2316 4768 2346 4817 9
2378 4761 2516 4815 Disl.
2556 4763 2591 4815 L
2620 4777 2632 4815 :
2670 4781 2693 4811 ‹‹
2731 4762 2833 4827 Qui
2883 4762 3062 4830 igitur
3093 4766 3222 4832 post
3266 4766 3583 4832 acceptum

1929 4867 2169 4906 sacrum
2201 4850 2469 4905 ordinem
2501 4849 2704 4919 lapsus
2727 4850 2787 4902 in
2817 4856 3130 4919 peccatum
3160 4848 3354 4904 carnis
3388 4848 3582 4914 fuerit,

1928 4956 2095 4995 sacro
2122 4940 2329 4994 ordine
2361 4939 2439 4993 ita
2487 4944 2702 4999 careat,
2738 4942 2799 4992 ut
2829 4939 2905 4992 ad
2937 4936 3141 4991 altaris
3186 4938 3583 4993 ministerium

1930 5030 2169 5084 ulterius
2216 5044 2333 5082 non
2364 5027 2632 5082 accedat.
2673 5049 2699 5075 »
2732 5029 2879 5082 Tum
2912 5025 3056 5080 ibid.
3087 5042 3225 5082 can.
3270 5028 3334 5079 10
3362 5042 3375 5081 :
3411 5048 3439 5077 ‹‹
3482 5026 3583 5081 Sin

1927 5125 2125 5173 autem
2139 5133 2277 5171 eum
2295 5116 2629 5171 fraternitas
2644 5115 2932 5170 tuatalem
2953 5114 3381 5186 poenitentiam
3406 5129 3583 5184 agere

1924 5206 2291 5275 cognoverit,
2322 5210 2381 5259 ut
2406 5204 2456 5259 ei
2484 5205 2633 5258 iuste
2662 5202 2739 5257 ad
2774 5202 3179 5272 recipiendam
3214 5202 3365 5257 inter
3395 5202 3580 5258 laicos

1923 5293 2416 5350 communionem
2441 5300 2496 5347 et
2518 5296 2656 5347 ante
2675 5291 2900 5346 exitum
2926 5290 3144 5347 debeat
3163 5289 3452 5357 misereri,
3472 5292 3582 5346 hoc

1922 5385 1982 5439 in
2017 5391 2150 5437 tuae
2173 5380 2553 5437 fraternitatis
2577 5378 2862 5452 ponimus
2895 5381 3207 5449 potestate.
3246 5397 3273 5426 »
3305 5378 3393 5435 cf,
3433 5378 3582 5433 ibid,

1922 5487 2060 5529 can.
2091 5471 2146 5529 8.
2198 5473 2290 5528 11.
2329 5471 2417 5525 12.

1990 5562 2108 5632 (15)
2147 5561 2275 5615 Lib.
2335 5560 2558 5615 Poenit.
2596 5554 2889 5612 Theodori
2932 5555 3210 5609 Cantuar.
3260 5553 3418 5607 XVIII
3457 5554 3484 5617 ς
3532 5553 3584 5607 1.

1924 5650 2026 5704 Die
2039 5648 2238 5707 latein.
2253 5640 2870 5705 Poenitentialbﬁcher
2891 5642 2997 5696 der
3008 5634 3455 5704 Anselsachsen
3471 5652 3593 5699 von
