4092 6256
485 317 556 377 95
1364 302 1471 361 SS.
1514 294 1993 357 MACARIORUM
2031 289 2366 351 AEGYPTII
2407 291 2493 346 ET
2532 286 3027 348 ALEXANDRINI
3841 288 3905 345 96

481 452 689 509 catum
728 454 935 509 suum,
980 436 1335 507 interrogat.
1390 432 1555 501 Quae
1585 441 1783 501 quum
1816 424 2133 483 annuisset
2160 420 2205 474 A
2240 421 2343 488 rit,
2400 420 2681 478 invenire
2724 435 2853 478 non
2905 419 3101 492 potui.
3163 418 3275 477 Cui
3334 417 3709 484 Macarium,
3762 416 3907 489 quid

479 553 542 607 et
568 547 815 620 peccata
846 536 1165 596 confessus
1194 537 1374 599 esset,
1432 527 1655 587 morbo
1683 526 1987 583 liberatus
2012 526 2127 579 est.

488 643 791 717 Equidem
851 636 951 694 his
1012 630 1260 689 Macarii
1317 624 1906 697 interrogationibus
1954 620 2129 678 ordi-

2240 523 2537 591 portaret,
2599 518 3013 589 interroganti
3056 530 3456 589 responsum.
3490 516 3724 573 datum
3782 520 3904 572 est:

2244 634 2275 671 «
2321 615 2485 674 Vexo
2513 630 2682 685 eum,
2733 616 2841 687 qui
2896 630 2996 673 me
3066 620 3243 673 vexat
3293 633 3347 668 ».
3411 612 3765 673 Consimile
3814 626 3910 669 re-

488 710 630 802 ne-m
693 738 770 796 ad
823 732 1090 792 dandam
1139 727 1582 801 poenitentiam
1638 726 1773 779 tum
1830 719 2129 778 usitatum
2240 728 2541 786 sponsum
2608 712 2922 771 Palladius
2966 713 3045 770 ab
3094 711 3355 778 Isidoro,
3415 726 3617 784 quem
3650 710 3908 767 interro-

484 834 791 899 contineri
817 827 1194 890 crediderim
1230 845 1242 894 ;
1274 838 1415 882 nam
1440 822 1503 879 in
1523 820 1686 878 libro
1701 814 2128 891 poenitentiali
2240 816 2507 884 gaverat,
2560 826 2673 870 cur
2718 816 2917 869 aetate
2956 811 3296 868 admodum
3326 814 3669 883 provectus
3693 821 3911 879 corpu-

482 938 682 998 Bedae
716 926 1059 1007 presbyteri
1109 922 1203 1000 (1)
1251 920 1540 980 sacerdos
1590 916 1905 975 consimili
1940 912 2129 972 modo
2243 910 2485 967 sculum
2507 914 2877 974 contereret,
2912 909 3029 966 hoc
3056 908 3333 980 accepit:
3400 928 3421 959 (
3487 906 3556 964 Id
3609 920 3716 963 me
3759 903 3911 963 occi-

486 1034 904 1110 poenitentem
958 1026 1257 1098 primum,
1351 1033 1501 1077 num
1534 1016 1597 1073 in
1648 1016 1839 1072 Deum
1895 1011 2126 1075 credat,

487 1133 757 1205 denique
788 1139 938 1185 num
969 1127 1219 1195 peccata
1252 1117 1370 1188 ipsi
1399 1112 1640 1173 demitti
1670 1112 1836 1178 velit,
1870 1109 2134 1205 interro-

484 1245 628 1306 gare
654 1200 926 1287 iubetur.
989 1220 1122 1277 Alio
1179 1214 1387 1274 cancri
1429 1213 1674 1276 morbo,
1707 1208 1815 1281 qui
1846 1200 2135 1275 φαγέδαινα

489 1326 950 1389 nominabatur,
1001 1316 1349 1388 Stephanus
1401 1311 1583 1382 Libys
1636 1321 1861 1380 genere
1912 1316 2135 1376 aegro-

490 1433 651 1487 tasse
679 1421 904 1493 legitur
932 1416 1039 1492 (2).

571 1526 650 1581 De
677 1522 896 1579 iuvene
927 1514 1035 1572 illo
1075 1526 1109 1567 a
1139 1510 1443 1567 daemone
1476 1508 1715 1569 vexato,
1771 1513 1962 1573 quem
2022 1498 2139 1555 Ma-

490 1622 697 1683 carius
726 1614 1016 1674 manibus
1059 1610 1121 1666 in
1176 1611 1362 1677 caput
1391 1609 1451 1660 et
1480 1616 1589 1660 cor
1647 1600 1782 1672 ejus
1831 1596 2142 1668 impositis

489 1717 746 1787 sanavit,
792 1727 913 1771 non
940 1704 1227 1778 estquod
1281 1703 1680 1760 disseramus.
1746 1695 1972 1752 Mirum
2034 1708 2141 1750 au-

2244 1007 2355 1073 dit,
2389 1020 2502 1079 ego
2532 1008 2745 1078 ipsum
2774 1006 3057 1064 occidam
3088 1004 3175 1082 (6)
3199 1024 3253 1065 ».

2326 1105 2415 1176 Et,
2479 1104 2631 1166 haec
2706 1105 2966 1177 quidem
3044 1109 3221 1161 erant
3278 1102 3638 1161 adnotanda
3694 1101 3772 1158 ad
3822 1115 3908 1169 ea,

2247 1217 2407 1275 quae
2429 1203 2492 1260 in
2540 1202 2868 1260 codicibus
2897 1200 3485 1261 Vindobonensibus
3548 1222 3578 1251 ‹‹
3646 1200 3732 1257 De
3792 1199 3900 1256 Ma-

2249 1301 2421 1358 cario
2460 1299 2879 1358 Alexandrino
2912 1318 2942 1354 »
2978 1300 3277 1372 inscripta
3328 1300 3653 1371 leguntur.
3690 1298 3784 1354 Ad
3817 1311 3905 1353 ce-

2251 1404 2404 1467 tera,
2440 1413 2600 1471 quae
2655 1399 2772 1455 sub
2826 1398 2978 1455 falso
3013 1397 3220 1454 indice
3267 1413 3283 1453 :
3325 1418 3348 1450 ‹
3384 1398 3465 1455 De
3498 1397 3716 1455 Marco
3775 1417 3803 1447 »
3840 1409 3905 1451 ex

2251 1496 2476 1554 iisdem
2551 1496 2876 1553 codicibus
2951 1496 3328 1568 protulimus
3383 1501 3445 1552 et
3512 1495 3596 1552 ad
3649 1492 3907 1552 eundem

2254 1594 2590 1652 Macarium
2630 1594 3115 1652 Alexandrinum
3160 1597 3442 1665 spectare
3493 1592 3906 1658 ostendimus,

2253 1693 2404 1750 haec
2433 1693 2988 1750 animadvertenda
3020 1695 3191 1750 sunt.

489 1760 614 1879 ialm
646 1762 932 1886 id,’quod
976 1760 1279 1878 sequitur,
1332 1798 1611 1870 cuipiam
1665 1794 1971 1859 videatur,
2023 1805 2135 1849 cur
2178 1760 2221 1815 Β
2334 1790 2611 1848 Primum
2667 1790 2939 1847 similem
3010 1789 3272 1861 gratiam
3322 1788 3758 1861 perspiciendi
3814 1800 3908 1843 cu-

486 1914 756 1977 Macario
835 1903 1252 1966 Alexandrino
1302 1899 1367 1955 in
1430 1900 1704 1953 mentem
1761 1890 1978 1949 venire
2033 1904 2136 1963 po-

491 2014 703 2084 tuerit,
754 2008 928 2067 adire
980 2002 1238 2062 Romam
1302 1992 1595 2061 οἰκονομίας
1672 1989 1889 2062 gratia,
1955 1991 2021 2044 ut
2080 1988 2142 2044 in

490 2117 661 2173 textu
719 2118 941 2180 graeco
990 2100 1234 2172 legitur.
1282 2093 1460 2151 Sede
1506 2089 1567 2148 S.
1631 2089 2015 2159 Hieronymo
2045 2085 2143 2141 di-

490 2213 747 2274 scimus,
795 2218 870 2262 eo
914 2207 1220 2271 tempore,
1273 2206 1400 2264 quo
1468 2194 1631 2247 totus
1698 2186 1915 2244 Oriens
1972 2183 2144 2255 100

497 2304 820 2369 monachis
879 2298 1187 2359 afﬂuebat,
1242 2290 1474 2348 Romae
1533 2292 1718 2357 atque
1776 2280 2035 2341 omnino
2082 2277 2145 2334 in

492 2405 822 2468 Occidente
893 2392 1325 2454 monachicam
1398 2385 1591 2442 vitam
1659 2381 1722 2438 in
1777 2378 1998 2452 primis
2047 2375 2145 2432 in-

494 2500 823 2565 cunabulis
853 2493 1137 2554 iacuisse.
1190 2487 1356 2556 Quae
1410 2482 1553 2540 inde
1598 2481 1676 2538 ab
1710 2472 2147 2536 Alexandrinis

498 2597 904 2679 presbyteris,
954 2604 1113 2665 papa
1166 2582 1495 2643 Athanasio
1547 2593 1618 2637 ac
1665 2574 2146 2679 posteanPetro

490 2670 627 2760 eius
678 2670 1060 2756 successore,
1110 2684 1219 2757 qui
1267 2682 1495 2738 Romae
1540 2676 1858 2734 exulantes
1909 2673 1969 2731 S.
2033 2670 2148 2727 An-

497 2796 652 2858 tonii
722 2792 912 2850 vitam
968 2784 1387 2855 divulgarunt,
1448 2774 1651 2847 prima
1708 2773 1771 2829 in
1822 2769 2148 2829 Occidente

500 2895 679 2955 initia
709 2889 893 2962 cepit.
931 2884 1080 2943 Nam
1116 2882 1339 2938 Romae
1396 2887 1581 2931 nemo
1631 2876 1889 2943 prOpter
1922 2866 2012 2925 rei
2046 2879 2149 2922 no-

499 2996 752 3052 vitatem
782 2980 1267 3060 ignominiosum
1316 2972 1412 3030 vel
1454 2975 1636 3041 turpe
1690 2980 1918 3026 nomen
1962 2963 2149 3022 adsu-

502 3102 764 3151 mereeo
796 3096 991 3156 usque
1029 3090 1215 3136 ausus
1255 3076 1387 3129 erat
1446 3066 1551 3145 (3).
1616 3066 1777 3124 Haec
1819 3077 2016 3137 quum
2068 3060 2150 3117 ita
2193 3112 2232 3167 Ο

498 3205 565 3249 se
622 3185 909 3251 habeant,
983 3176 1240 3236 ubinam
1289 3167 1591 3228 Macarius
1632 3163 1991 3223 uberiorem
2046 3160 2154 3217 lio—

502 3288 705 3347 mines
758 3276 1017 3341 sanandi
1082 3278 1142 3329 et
1192 3272 1314 3328 Deo
1390 3261 1837 3323 reconciliandi
1888 3270 2155 3317 messem

505 3382 784 3444 invenire
838 3373 1059 3448 potuit,
1112 3381 1300 3440 quam
1351 3364 1599 3426 Romae.
1672 3359 1839 3417 unde
1880 3354 2151 3421 Ruﬁnus,

506 3484 563 3541 S.
602 3480 1039 3546 Hieronymus,
1093 3463 1376 3530 Melania,
1412 3456 1716 3523 Marcella,
1763 3454 1968 3520 Paula,
2021 3450 2151 3515 alii,

505 3586 573 3640 ut
604 3588 822 3635 senum
866 3570 1056 3627 vitam
1109 3562 1557 3633 cognoscerent
1613 3559 1673 3611 et
1728 3552 2152 3618 imitarentur,

502 3679 568 3737 in
605 3676 947 3746 Aegyptum
977 3654 1402 3721 ventitabant“?
1460 3652 1658 3711 Verba
1712 3655 2001 3723 οἰκονομίας
2023 3661 2159 3723 θναο

510 3774 595 3835 tia
621 3745 746 3830 non
774 3768 850 3826 ad
880 3756 1410 3834 dispensationem
1458 3763 1673 3809 rerum
1727 3745 2149 3810 terrestrium,

512 3887 640 3948 quo
669 3880 852 3927 sensu
881 3876 998 3920 vox
1048 3858 1154 3915 illa
1179 3860 1269 3912 est
1313 3853 1374 3909 in
1399 3846 1685 3948 Palladii
1703 3845 1904 3948 capite
1936 3840 2162 3948 deSe:

512 3938 801 4042 rapione,
850 3973 995 4019 sene
1047 3950 1319 4025 regionis
1374 3945 1725 4008 Arsenoitis
1770 3940 1883 4017 (4),
1932 3940 2038 3998 sed
2084 3938 2160 3995 ad

513 4037 1039 4141 dispensationem
1099 4052 1424 4113 virtutum,
1468 4058 1623 4141 quas
1671 4056 1704 4098 a
1757 4039 2006 4141 Christo
2045 4037 2164 4093 Ma.

513 4136 722 4228 car-ius
759 4158 1103 4230 acceperat,
1156 4144 1498 4206 retulerim.
1558 4140 1727 4199 Sicut
1778 4151 1927 4196 vero
1961 4136 2164 4193 Maca-

515 4266 648 4325 rius
686 4272 873 4319 arena
936 4246 1216 4311 humeris
1268 4240 1560 4315 imposita
1607 4234 2011 4310 cogitationes
2063 4246 2166 4289 xe-

518 4356 824 4421 nodoxiae
871 4344 1275 4422 impugnavit,
1332 4341 1418 4397 ita
1469 4333 1855 4394 Palaemonis
1909 4331 2159 4388 hortatu

520 4453 888 4518 Pachomius
917 4457 1169 4505 arenam
1229 4435 1532 4511 portando
1563 4434 1843 4503 abegisse
1871 4440 2165 4485 somnum
2203 4467 2242 4519 Β

520 4556 748 4631 legitur
786 4548 895 4628 (5).
931 4544 1078 4615 Quis
1129 4538 1237 4598 ille
1269 4530 1648 4594 Tlieosebius
1692 4530 2005 4587 cosmetor
2029 4523 2168 4583 fue-

524 4801 627 4856 Dr.
664 4795 751 4850 Fr.
778 4789 1155 4845 Kunstmann
1186 4775 1369 4835 Mainz
1411 4770 1546 4827 1844
1577 4785 1636 4839 p.
1670 4768 1758 4823 56.
1795 4765 1960 4856 Beda
1978 4764 2051 4820 de
2078 4778 2174 4856 re-

528 4852 743 4945 mediis
783 4880 1189 4952 peccatorum,
1222 4864 1366 4920 ibid.
1418 4877 1476 4933 p.
1516 4862 1634 4914 135.
1689 4855 1913 4913 Similia
1951 4855 2009 4909 in
2041 4852 2171 4908 aliis

520 4975 687 5035 libris
716 4957 1236 5043 poeuitentialibus
1262 4953 1557 5021 leguntur.

598 5066 677 5137 (ι)
707 5058 851 5117 ibid.
881 5070 939 5126 p.
974 5050 1097 5105 146.

592 5123 669 5225 (9)
700 5150 836 5206 Hist.
873 5123 1047 5199 Laus.
1080 5135 1174 5191 ed.
1216 5134 1419 5187 Meurs.
1465 5141 1601 5198 cap.
1652 5124 1715 5178 21
1747 5123 1900 5194 Opp.
1952 5123 2158 5178 Meurs.

522 5247 583 5303 b.
612 5243 650 5299 l.
680 5256 739 5311 p.
770 5236 895 5293 440.

598 5308 766 5404 (3)-8.
793 5324 1033 5380 Hieron.
1082 5328 1176 5383 ep.
1211 5308 1327 5404 197.

594 5387 670 5493 (4)
702 5417 844 5473 Hist.
879 5413 1053 5465 Laus.
1087 5403 1179 5457 ed.
1235 5400 1442 5454 Meurs.
1492 5408 1624 5463 cap.
1658 5395 1724 5446 77
1757 5389 1907 5459 Opp.
1950 5387 2169 5442 Meurs.

524 5509 821 5673 piéﬂiita
870 5590 927 5645 S.
962 5577 1262 5640 Pachomii
1301 5589 1436 5645 cap.
1474 5577 1522 5639 l,
1568 5570 1681 5623 AA.
1712 5568 1810 5623 SS.
1860 5566 2000 5621 Boil.
2036 5563 2169 5623 Mai.

523 5689 588 5746 T.
621 5686 690 5744 Ill
722 5700 780 5757 p.
811 5677 934 5735 297.

2252 1887 2444 1946 iusvis
2481 1887 2767 1945 monachi
2794 1887 2870 1945 ad
2899 1895 3282 1945 sacramenta
3327 1886 3690 1944 accedentis
3741 1898 3901 1942 men-

2254 1992 2379 2043 tem
2409 1985 2701 2058 Eulogius
2734 1986 3062 2057 presbyter
3116 1984 3463 2056 possedisse
3518 1983 3697 2053 101
3763 1981 3898 2052 legi—

2254 2090 2354 2141 tur
2382 2082 2489 2153 (7i.
2517 2082 2783 2141 Ammon
2814 2098 3087 2156 quoque,
3118 2096 3314 2156 quum
3366 2082 3760 2140 sacriﬁcium
3825 2078 3904 2137 of-

2254 2177 2463 2239 ferret,
2504 2179 2968 2253 viditangelum
3013 2186 3278 2238 stantem
3323 2179 3387 2237 in
3412 2181 3638 2238 dextra
3668 2176 3891 2241 altaris,

2256 2276 2600 2350 fratresque
2654 2279 2728 2336 ad
2783 2293 3027 2336 sacram
3068 2280 3587 2337 communionem
3621 2276 3903 2336 acceden—

2254 2382 2345 2433 tes
2376 2375 2441 2433 in
2510 2375 2675 2435 libro
2722 2382 3038 2436 notantem
3087 2374 3208 2451 (8).
3282 2376 3458 2434 Alius
3501 2377 3701 2434 etiam
3735 2386 3904 2431 senex

2256 2472 2622 2532 sacriﬁcanti
2674 2475 2794 2532 sibi
2840 2490 2873 2531 a
2920 2474 3138 2533 dextra
3181 2479 3239 2533 et
3284 2490 3320 2531 a
3365 2474 3628 2532 sinistra
3672 2469 3907 2544 angelos

2256 2572 2565 2629 adstantes
2637 2572 2862 2629 vidisse
2915 2578 3204 2630 narratur
3250 2571 3361 2647 (9).
3432 2573 3522 2630 Ac
3582 2569 3903 2630 Macarium

2256 2670 2620 2741 dignitatem
2674 2670 2770 2726 vel
2811 2669 3246 2742 indignitatem
3276 2683 3525 2738 eorum,
3564 2669 3677 2742 qui
3710 2666 3787 2724 ad
3832 2663 3907 2720 al-

2257 2772 2388 2825 tare
2427 2766 2827 2839 accedebant,
2881 2769 3245 2839 cognovisse
3298 2766 3567 2839 legimus
3610 2768 3775 2825 libro
3832 2775 3913 2818 se-

2258 2864 2465 2923 cundo
2510 2862 2660 2939 (10).
2716 2865 2888 2933 Quod
2922 2864 3089 2923 idem
3146 2865 3223 2923 de
3282 2866 3485 2923 Marco
3542 2878 3695 2922 sene
3744 2861 3911 2919 Sozo-

2261 2975 2480 3019 menus
2501 2959 2633 3039 (11)
2662 2962 2895 3034 retulit,
2932 2962 3276 3020 Palladium
3312 2969 3590 3019 secutus.

2345 3059 2478 3117 lstis
2527 3066 2736 3117 autem
2806 3061 3016 3118 verbis
3070 3056 3375 3127 πολιοφοεγε,
3428 3055 3578 3130 laps,
3641 3056 3907 3126 φασγόγηρε,

2263 3158 2495 3231 quibus
2548 3157 2872 3227 Macarius,
2926 3172 3125 3229 quum
3168 3159 3230 3215 in
3270 3162 3550 3215 extrema
3607 3153 3907 3214 senectute

2264 3256 2330 3314 in
2370 3255 2524 3313 cella
2570 3256 2833 3322 sederet,
2900 3271 2966 3314 se
3006 3256 3141 3328 ipse
3173 3256 3509 3327 increpuit,
3562 3254 3626 3313 S.
3664 3246 3911 3311 Antonio

2266 3359 2329 3411 et
2380 3354 2568 3413 Paulo
2621 3353 2897 3426 simplici
2950 3354 3321 3412 daemonem
3379 3354 3702 3426 quendam
3742 3345 3911 3407 male-

2268 3451 2499 3510 dixisse
2548 3452 2698 3525 legis
2743 3450 2891 3528 (12).
2958 3452 3169 3525 Neque
3217 3451 3566 3523 incongrue
3637 3449 3716 3507 iis
3766 3443 3912 3502 dicta

2267 3550 2740 3623 contumeliosa,
2836 3550 3069 3622 quibus
3156 3563 3400 3608 summa
3478 3538 3912 3608 incontinentis

2268 3647 2675 3720 signiﬁcetur,
2719 3660 2960 3707 cernas.

2350 3747 2431 3803 De
2459 3745 2664 3803 caecis
2718 3746 2993 3816 hyaenae
3025 3746 3118 3803 vel
3151 3746 3403 3803 leaenae
3444 3744 3674 3803 catulis
3723 3755 3758 3797 a
3786 3744 3913 3794 sene

2269 3843 2466 3901 eremi
2515 3842 2743 3900 sanatis
2781 3843 2970 3900 etiam
3013 3841 3316 3914 Sulpitius
3385 3842 3654 3899 Severus
3728 3830 3912 3893 tradi-

2272 3942 2360 4000 dit
2413 3939 2562 4015 (i3),
2627 3940 2735 4012 qui
2784 3954 2996 3998 senem
3049 3940 3266 3998 oculos
3326 3952 3554 3997 eorum
3610 3933 3911 3995 restituen-

2270 4044 2397 4097 tem
2482 4051 2605 4095 non
2707 4036 3070 4103 nominavit,
3153 4041 3421 4094 attamen
3520 4051 3648 4093 eum
3724 4020 3911 4087 duobus

2272 4132 2505 4194 Nitriae
2580 4132 2873 4193 monachis
2933 4131 3070 4191 olim
3163 4137 3224 4190 in
3297 4131 3638 4191 monasterii
3709 4135 3910 4186 conver-

2272 4239 2492 4291 satione
2544 4250 2745 4291 carum
2823 4236 2879 4289 et
2954 4229 3315 4308 familiarem
3370 4228 3573 4308 fuisse,
3620 4232 3669 4287 et
3717 4215 3907 4281 duode-

2273 4329 2383 4388 cim
2426 4348 2603 4391 annos
2660 4328 2725 4387 in
2772 4336 3022 4387 extremo
3074 4325 3177 4385 illo
3219 4326 3431 4386 deserto
3479 4322 3733 4385 Blembis
3789 4329 3903 4374 σῦκ’

2274 4432 2431 4505 tigno
2459 4426 2853 4487 anachoretam
2914 4424 3199 4486 habitasse
3248 4428 3352 4485 ait.
3410 4426 3523 4485 Ubi
3581 4437 3695 4499 pro
3727 4412 3899 4475 Blem-

2279 4525 2359 4585 bis
2430 4528 2493 4585 in
2544 4526 2912 4587 collectione
2966 4524 3279 4585 Rosweidi
3325 4525 3505 4597 falso,
3557 4528 3626 4582 ut
3673 4513 3903 4589 opinor.

2355 4764 2427 4837 (6)
2457 4764 2597 4819 Hist.
2648 4763 2822 4818 Laus.
2866 4761 2960 4819 ed.
3010 4762 3223 4819 Meurs.
3276 4776 3411 4833 cap.
3448 4765 3481 4816 2
3535 4762 3679 4831 Opp.
3717 4752 3905 4807 Meurs.

2280 4853 2318 4909 1.
2347 4853 2393 4910 Ι.
2432 4869 2489 4924 ρ.
2521 4852 2644 4908 349.

2352 4942 2430 5014 (7)
2456 4940 2602 4996 Ibid.
2637 4956 2768 5012 cap.
2802 4939 2870 4995 76
2902 4940 3112 5012 p.537.

2351 5032 2431 5101 (8)
2462 5029 2610 5084 ibid.
2640 5044 2774 5100 cap.
2811 5029 2880 5084 73
2911 5045 2968 5100 p.
2992 5029 3120 5083 536.

2350 5122 2427 5189 (9)
2458 5120 2562 5172 VV.
2588 5118 2692 5172 PP.
2725 5120 2917 5173 Rosw.
2950 5117 3054 5172 lib.
3085 5117 3130 5173 X
3160 5132 3300 5188 cap.
3342 5117 3443 5172 199
3476 5133 3535 5188 p.
3562 5113 3682 5173 927,
3718 5105 3767 5160 2.

2354 5208 2463 5280 (10)
2492 5208 2572 5263 Cf.
2603 5206 2757 5262 infra
2781 5205 2971 5278 Caput
3004 5207 3096 5263 lV.

2352 5271 2463 5368 (H)
2499 5298 2728 5353 Sozom.
2764 5271 2902 5351 Hisi.
2937 5295 3153 5352 Eccles.
3188 5295 3292 5351 lib.
3318 5297 3383 5350 Vl
3417 5310 3553 5365 cap.
3592 5293 3657 5347 29
3689 5281 3775 5340 ed.
3807 5271 3901 5326 Va‘

2279 5386 2386 5443 les.
2416 5403 2472 5455 p.
2506 5384 2627 5441 681.

2351 5474 2465 5545 (42)
2496 5474 2642 5530 Hist.
2684 5474 2860 5529 Laus.
2884 5473 2976 5529 ed.
3008 5475 3218 5530 Meurs.
3252 5490 3382 5544 cap.
3413 5472 3481 5527 29
3504 5488 3562 5544 p.
3588 5469 3709 5523 436.

2355 5539 2469 5635 (13)
2500 5561 2646 5617 Dial.
2680 5564 2701 5617 I
2731 5578 2864 5634 cap.
2898 5563 2964 5618 i5
3007 5563 3277 5619 Galland.
3313 5539 3461 5618 sibi.
3494 5539 3590 5617 ῥρ.
3626 5553 3685 5609 T.
3714 5539 3818 5602 VIII
3843 5547 3893 5606 P-

2282 5656 2408 5718 407,
2443 5654 2495 5719 1,
2536 5651 2726 5723 Migna
2756 5652 2968 5710 Patrol.
3000 5654 3061 5710 Τ.
3091 5653 3185 5710 XX
3216 5667 3282 5725 p.
3322 5652 3447 5709 193.
