4092 6256
142 301 209 356 97
1738 289 1964 343 VITAE.
3485 295 3559 349 es

144 424 438 499 Memphis
481 419 567 499 (1)
600 427 690 479 est
726 438 739 491 ;
776 436 917 477 nam
963 420 1280 477 desertum
1329 416 1601 490 Memphi
1631 431 1789 475 con-
1823 420 1864 470 Α
1897 415 2300 473 desideraret.
2350 418 2747 475 Postmodum
2802 419 2866 475 in
2924 418 3042 476 hoc
3102 419 3239 477 loco
3295 433 3418 478 non
3462 428 3557 480 est

140 526 372 597 tignum
404 523 504 579 vix
537 529 887 578 extremum
934 516 1272 575 vocaveris.
1330 516 1413 573 Ac
1441 515 1785 585 desertum,
1897 513 2065 571 visus
2095 513 2214 580 leo,
2248 515 2352 572 sed
2386 530 2574 587 quam
2620 516 2892 588 plurima
2942 517 3168 574 damna
3198 517 3412 575 intulit
3442 518 3554 577 ho-

140 622 199 680 in
229 636 349 694 quo
382 620 754 677 anachoreta
777 616 1042 674 vivebat.
1071 631 1104 672 a
1138 613 1330 671 Nitria
1356 614 1531 684 longe
1557 613 1788 670 distare
1898 610 2175 668 minibus
2204 617 2263 669 et
2292 612 2589 670 iumentis
2613 612 2721 689 (7).
2760 634 2788 666 »

134 734 272 777 cum
325 717 631 789 Sulpitius
674 713 938 772 Severus
994 713 1128 784 ipse
1179 716 1410 778 narrat,
1457 716 1589 767 tum
1641 709 1788 767 inde
1978 708 2170 766 Porro
2222 724 2497 780 causam,
2552 725 2666 767 cur
2695 712 3019 777 Macarius,
3076 727 3152 769 ex
3194 726 3321 785 quo
3354 712 3554 785 bapti-

133 821 318 889 patet,
346 815 517 888 quod
547 812 635 870 illi
664 812 897 870 Nitriae
928 810 1216 868 monachi
1245 810 1512 880 septimo
1533 809 1785 865 demum
1900 808 2073 863 zatus
2142 812 2232 863 est
2302 813 2612 878 tempore,
2671 809 3061 881 septuaginta
3128 810 3306 867 annis
3372 809 3549 868 humi

132 928 341 972 mense
388 913 453 970 id
506 912 872 968 invenerunt
904 906 1013 984 (2),
1064 907 1352 964 Blembos
1400 920 1547 963 vero
1579 906 1789 976 Sulpi-
1900 917 2023 961 non
2073 904 2335 975 spuerit,
2382 905 2571 962 aliam
2606 906 2723 963 nisi
2760 914 2826 965 ut
2874 908 3319 966 continentiam
3350 912 3555 966 osten-

129 1013 252 1071 tius
302 1012 569 1069 Severus
618 1009 969 1077 Blemmyes
1034 1020 1253 1063 vocare
1308 1003 1578 1075 videtur,
1626 1002 1790 1060 Stra-
1899 1002 2095 1069 deret,
2149 1016 2266 1059 non
2332 1002 2602 1061 invenio.
2668 1003 2785 1062 Sed
2842 1004 2952 1076 pili
3014 1004 3248 1064 barbae
3315 1007 3399 1064 ob
3454 1005 3555 1063 ni-

130 1108 292 1167 bone
344 1113 606 1165 testante
663 1103 753 1179 (3)
809 1103 1187 1175 Aethiopum
1241 1100 1547 1167 subditos,
1617 1098 1787 1169 102
1904 1098 2092 1155 miam
2148 1100 2654 1159 exercitationem
2714 1101 2904 1159 etiam
2972 1101 3191 1161 Joanni
3263 1103 3327 1160 in
3397 1103 3555 1176 Lyco

130 1204 456 1279 Aegyptiis
504 1204 821 1261 ﬁnitimos.
879 1201 1117 1259 Etenim
1168 1197 1474 1270 Sulpitius
1530 1198 1793 1255 Severus
1902 1210 2024 1253 non
2079 1196 2240 1254 enati
2292 1212 2425 1255 esse
2475 1200 2766 1270 leguntur
2824 1196 2930 1274 (8).
2986 1199 3213 1258 Ultima
3285 1200 3557 1274 denique

133 1303 344 1378 paullo
421 1308 576 1375 post,
650 1301 1106 1358 adolescentem
1177 1296 1516 1369 quendam,
1597 1304 1791 1365 quum
1904 1294 2015 1350 ista
2088 1295 2365 1352 narratio
2422 1295 2500 1352 de
2560 1296 3066 1368 cogitationibus,
3136 1312 3296 1369 quae
3365 1298 3559 1355 Palla-

129 1403 194 1460 in
253 1404 534 1474 Aegypto
616 1398 906 1456 tribunus
975 1401 1157 1465 esset,
1239 1390 1624 1471 frequentibus
1691 1385 1794 1445 ad-
1904 1390 2079 1448 dium
2110 1391 2285 1448 abire
2328 1392 2645 1459 iusserint,
2679 1394 2846 1465 quod
2892 1394 3048 1452 nihil
3075 1398 3286 1466 ageret
3316 1394 3379 1453 in
3412 1393 3556 1452 soli-

128 1516 356 1557 versum
444 1493 698 1554 Blembos
769 1490 1216 1569 expeditionibus
1281 1492 1590 1564 quaedam
1660 1503 1794 1547 ere—
1906 1488 2141 1554 tudine,
2211 1488 2381 1547 varie
2468 1490 2712 1548 exculta
2796 1490 2949 1549 alibi
3026 1505 3279 1564 quoque
3342 1504 3561 1551 occur-

128 1599 215 1656 mi
278 1598 417 1655 loca
474 1593 805 1665 contigisse
857 1590 966 1667 (at),
1030 1596 1259 1648 narrat.
1320 1589 1486 1657 Quae
1542 1586 1795 1660 expedi-
1906 1586 1989 1642 rit
2013 1583 2119 1661 (9).

126 1696 336 1755 tiones
369 1693 523 1765 quin
563 1695 777 1750 contra
832 1690 1181 1760 Blemmyes
1229 1688 1546 1754 nomades,
1580 1685 1796 1742 ﬁnium
1990 1680 2018 1757 ξ
2064 1684 2159 1740 24.
2218 1683 2284 1739 Ει
2315 1683 2467 1741 haec
2506 1684 2762 1755 quidem
2814 1685 2889 1742 ad
2920 1692 3107 1757 caput
3162 1686 3419 1744 Palladii
3486 1687 3564 1745 de

130 1791 405 1867 Aegypti
440 1789 705 1857 accolas,
741 1789 936 1845 factae
961 1788 1104 1849 sint,
1139 1786 1240 1842 vix
1272 1784 1538 1843 dubium
1568 1789 1662 1841 est
1682 1780 1795 1858 (5).
1838 1769 1877 1821 Β
1912 1780 2179 1838 Macario
2276 1782 2692 1840 Alexandrino
2775 1782 3215 1841 illustrandum
3303 1783 3566 1842 dicenda

130 1891 252 1949 Sed
300 1888 645 1948 Macarium
689 1884 1180 1943 Alexandrinum
1230 1882 1566 1939 duodecim
1610 1893 1805 1937 annos
1911 1884 2108 1937 erant.
2166 1879 2392 1950 Restat,
2441 1884 2507 1936 ut
2562 1884 2833 1951 quatuor
2886 1881 3294 1954 narrationes,
3336 1881 3567 1954 quibus

134 1989 197 2045 in
257 1989 379 2045 ista
455 1986 844 2055 Blemmyum
918 1995 1133 2038 eremo
1196 1980 1639 2037 anachoretam
1707 1976 1807 2032 vi—
1913 1982 2151 2033 textum
2211 1990 2246 2032 a
2300 1976 2566 2035 Meursio
2619 1977 2857 2035 editum
2922 1978 3292 2050 Hervetique
3335 1978 3564 2037 versio-

132 2087 325 2157 xisse,
362 2084 427 2142 id
473 2082 638 2154 quod
671 2080 822 2137 alibi
868 2093 992 2137 non
1032 2078 1322 2143 traditur,
1376 2076 1510 2135 solo
1541 2073 1807 2147 Sulpitio
1918 2089 2057 2132 nem
2107 2074 2169 2131 in
2216 2075 2325 2132 illo
2366 2075 2569 2147 capite
2614 2076 2939 2133 codicibus
2984 2076 3569 2135 Vindobonensibus

136 2187 295 2241 teste
353 2195 478 2239 non
525 2178 952 2249 crediderim;
1008 2177 1061 2233 is
1089 2175 1256 2234 enim
1314 2188 1447 2232 rem
1501 2173 1661 2229 fama
1712 2185 1809 2227 ac-
1916 2171 2265 2243 ceterisque
2314 2172 2707 2231 versionibus
2755 2173 3234 2246 locupletiorem
3285 2189 3420 2232 esse
3461 2174 3570 2232 do-

136 2280 337 2351 cepit,
388 2291 575 2351 quam
622 2276 893 2333 Palladio
927 2272 1350 2346 Paphnutius,
1403 2269 1647 2328 Macarii
1706 2268 1809 2326 di-
1918 2269 2186 2340 cuimus,
2244 2270 2692 2327 examinemus.
2764 2271 2931 2339 Quae
3008 2271 3265 2342 quidem
3346 2271 3572 2344 capitis

138 2377 460 2449 scipulus,
507 2374 741 2437 retulit,
794 2372 902 2445 qui
936 2372 1295 2440 Macarium,
1346 2384 1541 2442 quum
1588 2366 1811 2425 catulis
1921 2364 2101 2424 initio
2134 2372 2270 2437 post
2323 2366 2576 2424 Palladii
2607 2367 2817 2433 verba,
2875 2368 3121 2425 Macarii
3171 2368 3574 2427 Alexandrini

138 2474 370 2531 oculos
429 2471 806 2537 restitueret,
877 2465 1029 2524 domi
1086 2466 1148 2524 in
1198 2464 1338 2525 aula
1384 2462 1555 2522 cellae
1635 2460 1812 2539 ipsius
1929 2460 2099 2531 103
2142 2465 2262 2521 alia
2288 2479 2354 2521 se
2397 2464 2606 2536 ipsum
2638 2465 2865 2523 vidisse
2894 2479 3086 2537 opera
3113 2471 3174 2523 et
3221 2466 3416 2538 signa,
3451 2466 3573 2524 alia

142 2568 395 2629 sedisse
428 2568 601 2626 dixit.
652 2564 1110 2625 Familiaritatis
1148 2571 1355 2623 autem
1395 2578 1613 2622 senum
1668 2575 1813 2619 cum
1924 2578 1989 2619 se
2032 2565 2113 2620 ab
2156 2562 2256 2633 iis,
2304 2562 2412 2635 qui
2458 2577 2581 2620 una
2619 2577 2762 2621 cum
2808 2577 2884 2621 eo
2928 2563 3216 2637 vixerint,
3250 2564 3572 2638 didicisse,

139 2668 303 2727 feris
349 2666 625 2739 plurima
656 2664 943 2736 exempla
994 2663 1396 2721 inveniuntur
1443 2656 1551 2737 (6).
1590 2658 1816 2718 Ludol-
1924 2661 2009 2718 ita
2035 2659 2369 2733 leguntur:

137 2766 245 2824 fus
293 2779 553 2837 quoque
603 2777 798 2835 quum
832 2776 989 2819 saec.
1024 2760 1147 2818 XIV
1202 2758 1606 2818 Palaestinam
1661 2755 1817 2813 invi-
2011 2780 2040 2810 «
2076 2757 2133 2815 Is
2175 2773 2370 2830 quum
2401 2760 2567 2831 apud
2601 2764 2844 2831 patrem
2892 2760 3228 2818 Antonium
3280 2774 3577 2834 magnum

135 2868 339 2934 seret,
390 2862 468 2919 de
516 2861 700 2919 terris
740 2860 993 2918 Jordani
1046 2858 1475 2916 adiacentibus
1507 2858 1657 2913 haec
1686 2857 1813 2910 tra-
1926 2858 2159 2915 electos
2244 2857 2558 2929 quondam
2634 2857 2880 2929 palmae
2946 2871 3179 2930 ramos,
3244 2872 3405 2930 quos
3474 2856 3583 2917 ille

136 2961 354 3019 didit:
428 2978 457 3013 «
490 2961 688 3031 Supra
730 2959 963 3015 ﬂuxum
1016 2955 1305 3014 Jordanis
1356 2960 1497 3012 sunt
1545 2951 1819 3021 plurima
1929 2956 2248 3023 tractabat,
2318 2955 2592 3021 vidisset,
2652 2969 2846 3013 unum
2917 2955 2996 3012 ab
3047 2969 3123 3013 eo
3188 2954 3583 3028 manipulum

135 3060 542 3117 Graecorum
602 3064 662 3113 et
721 3054 1277 3113 Schismaticorum
1336 3050 1707 3109 monasteria
1761 3050 1822 3105 et
1859 3084 1898 3139 ε
1930 3065 2253 3110 ramorum
2284 3052 2481 3124 petiit.
2535 3052 2645 3109 Cui
2694 3053 2996 3111 Antonius
3040 3068 3053 3108 :
3100 3053 3418 3122 Scriptum
3468 3058 3580 3124 est,

132 3142 523 3214 eremitoria
571 3153 862 3226 gratiosa.
914 3152 1092 3209 Juxta
1141 3151 1411 3208 eundem
1444 3148 1679 3205 ﬂuxum
1730 3145 1822 3202 in-
1932 3151 2157 3224 inquit,
2227 3149 2358 3207 Non
2439 3149 2846 3221 concupisces
2928 3164 3030 3207 res
3106 3150 3379 3221 proximi
3465 3150 3579 3208 tui.

130 3251 580 3312 numerabilis
677 3255 1018 3308 cernuntur
1113 3247 1413 3305 animalia
1514 3242 1823 3301 silvestria
1932 3250 2105 3319 Quod
2154 3248 2357 3305 solum
2414 3262 2609 3321 quum
2651 3247 2929 3315 dixisset,
2982 3248 3141 3305 rami
3194 3262 3414 3306 omnes
3456 3252 3587 3306 sta-

119 3363 329 3422 Parva
383 3352 463 3405 et
511 3361 731 3417 ιηδςηει
778 3346 948 3402 omni
1003 3359 1259 3416 νθδρθνθ
1305 3359 1369 3400 se
1426 3338 1819 3413 adaquamia:
1934 3350 2046 3407 tim
2091 3353 2385 3418 tanquam
2433 3346 2559 3418 igni
2611 3346 2927 3404 torrefacti
2977 3350 3139 3404 sunt.
3186 3346 3254 3403 1d
3310 3347 3418 3405 ubi
3472 3347 3591 3404 An-

124 3443 526 3519 specialiler
593 3444 823 3509 leones,
878 3441 1115 3513 vulpes,
1175 3439 1473 3513 capreoli.
1534 3437 1700 3496 cervi
1767 3440 1828 3493 ει
1936 3446 2143 3505 tonius
2198 3445 2373 3511 vidit,
2435 3444 2724 3511 Macario,
2798 3444 2973 3511 Ecce,
3035 3443 3259 3517 inquit,
3329 3444 3592 3517 spiritus

125 3546 429 3618 lepores,
483 3540 653 3612 capri
699 3541 1013 3597 silvestres
1065 3544 1126 3595 et
1178 3536 1539 3596 huiusmodi
1586 3536 1826 3592 anima-
1937 3543 2253 3617 requievit
2288 3556 2477 3614 super
2507 3547 2586 3611 te,
2635 3541 2887 3614 erisque
2917 3541 3074 3600 mihi
3105 3542 3400 3614 deinceps
3447 3543 3593 3600 hae-

125 3644 246 3710 lia,
285 3653 473 3712 quae
525 3638 693 3695 iuxta
738 3636 1023 3695 homines
1076 3636 1369 3693 incedunt
1415 3638 1481 3692 ut
1533 3631 1829 3691 animalia
1941 3656 2041 3700 res
2064 3641 2365 3699 virtutum
2398 3653 2707 3698 meai-um,

136 3735 532 3799 domestica.
594 3737 656 3793 ln
716 3734 937 3793 eodem
1002 3735 1137 3791 loco
1208 3732 1603 3805 temporibus
1674 3728 1831 3787 meis
2022 3757 2053 3793 ((
2090 3738 2369 3797 Eundem
2416 3750 2686 3809 corpore
2714 3737 2894 3795 value
2940 3737 3341 3809 defatigatum
3383 3736 3446 3795 in
3497 3750 3594 3794 so.

133 3846 328 3898 trans
384 3836 597 3907 ripam
649 3832 937 3891 Jordanis
978 3834 1075 3890 leo
1114 3831 1375 3889 adsidue
1403 3844 1535 3887 esse
1565 3826 1826 3893 solebat,
1943 3836 2207 3895 litudine
2236 3834 2524 3893 diabolus
2554 3834 2815 3906 invenit,
2863 3835 3047 3908 eique
3080 3853 3093 3892 ε
3143 3836 3315 3897 Ecce,
3366 3834 3593 3908 inquit,

135 3943 202 3995 et
236 3932 555 3993 homines
605 3936 991 3988 transeuntes
1035 3930 1275 4002 aspexit
1302 3932 1364 3985 et
1400 3926 1599 3985 cauda
1650 3925 1834 3983 blan-
1941 3935 2203 4008 gratiam
2260 3932 2507 3990 Antonii
2581 3932 2923 4004 accepisti;
2980 3947 3093 3991 cur
3163 3932 3413 3990 tandem
3471 3946 3594 3989 non

134 4035 338 4093 diens
392 4042 579 4089 more
622 4029 795 4085 canis
842 4034 902 4085 θῐ
944 4041 1065 4086 non
1110 4026 1286 4099 fuit“,
1322 4040 1434 4083 nec
1480 4025 1558 4081 de
1587 4023 1690 4080 die
1720 4022 1836 4079 ali-
1946 4032 2140 4091 uteris
2186 4030 2504 4102 dignitate,
2558 4037 2741 4101 atque
2787 4045 2823 4087 a
2879 4030 3001 4088 Deo
3053 4028 3268 4087 cibum
3325 4033 3387 4086 et
3431 4028 3596 4086 vires

137 4133 258 4192 cui
330 4127 585 4200 aliquid
659 4126 873 4183 damni
942 4125 1172 4183 intulit.
1243 4123 1514 4180 Tandem
1580 4119 1838 4193 quidam
1948 4131 2023 4188 ad
2082 4130 2203 4186 iter
2262 4126 2741 4198 ingrediendum
2800 4127 2959 4199 petis
3012 4125 3041 4185 τε
3088 4126 3199 4184 Hic
3241 4130 3450 4183 autem
3502 4138 3597 4183 re.

142 4225 542 4303 sagittarius
585 4230 815 4290 noster,
851 4222 1065 4280 volens
1112 4236 1258 4278 eum
1306 4225 1543 4277 terrere
1590 4222 1650 4277 et
1699 4215 1843 4275 irri-
1948 4227 2201 4301 spondit
2252 4245 2265 4283 ;
2322 4224 2527 4282 Virtus
2587 4238 2726 4282 mea
2775 4228 2835 4281 ei
2889 4225 3024 4282 laus
3081 4237 3221 4282 mea
3280 4222 3600 4281 Dominus,

143 4336 322 4395 tare,
381 4322 679 4395 sagittam
731 4320 959 4378 emisit.
1032 4319 1149 4377 L60
1216 4333 1281 4375 se
1341 4332 1464 4375 non
1532 4316 1837 4381 movebat.
1953 4326 2038 4384 Tu
2108 4327 2315 4382 autem
2385 4336 2461 4379 ne
2527 4321 2858 4380 tentaveris
2923 4336 3174 4380 servum
3224 4322 3323 4380 Dei
3373 4322 3386 4380 l
3441 4322 3609 4381 Fecit

147 4427 269 4485 sed
328 4424 417 4482 ad
480 4419 766 4491 sagittam
822 4418 1144 4490 adorabat,
1198 4422 1259 4475 et
1312 4429 1456 4473 cum
1505 4414 1610 4471 ille
1642 4414 1848 4472 denuo
1956 4437 2104 4495 ergo
2132 4421 2447 4495 diabolus,
2480 4423 2549 4478 ut
2589 4420 2648 4477 ei
2702 4420 3069 4492 phantasma
3111 4425 3466 4493 appareret,
3517 4434 3618 4477 ca-

149 4522 479 4597 sagittam
539 4516 872 4581 emitteret,
922 4514 1020 4573 leo
1083 4528 1150 4571 se
1204 4513 1440 4571 directe
1490 4516 1708 4569 contra
1760 4524 1852 4567 sa-
1964 4522 2163 4578 melus
2213 4532 2406 4577 ouem
2461 4516 2745 4575 baiulans
2790 4520 2851 4573 ei
2904 4530 3122 4574 errans
3172 4531 3286 4589 ρθι-
3333 4515 3622 4574 solitum-

150 4623 399 4697 gittam
457 4614 682 4681 erexit,
716 4612 891 4686 φιλεῖ
920 4626 1029 4671 (πθ
1059 4616 1119 4670 et
1148 4611 1416 4684 Pedibus
1444 4622 1583 4666 eam
1630 4620 1857 4681 capere
1967 4632 2130 4684 nem,
2168 4616 2403 4674 habens
2432 4614 2645 4672 omnia
2676 4613 2753 4671 ad
2794 4629 2980 4672 usum
3022 4614 3403 4673 necessaria.
3457 4613 3627 4683 Quae

237 4774 320 4843 (1)
376 4766 515 4824 VV.
548 4762 650 4817 PP.
685 4764 879 4818 Rosw.
910 4760 1011 4816 lib.
1054 4760 1123 4813 IV
1152 4775 1286 4831 cap.
1311 4764 1342 4815 8
1366 4775 1427 4831 p.
1463 4762 1587 4826 540,
1615 4757 1667 4811 2.
1974 4782 2157 4824 mano
2188 4764 2617 4833 praebuerunt.
2649 4785 2677 4817 »
2705 4764 2786 4819 Cf.
2812 4766 3048 4837 Vopisc.
3080 4766 3384 4823 Aurelian.
3418 4764 3510 4820 33.
3540 4766 3631 4821 11.

240 4860 327 4929 (2)
379 4853 545 4912 Dial.
578 4853 617 4915 Ι,
642 4851 746 4905 1.1.
2049 4860 2125 4925 (6)
2164 4852 2950 4925 NonnullalegisinSulpitii
2973 4854 3167 4910 Severi
3194 4855 3343 4911 Dial.
3378 4855 3419 4909 Ι.
3453 4869 3634 4925 capp.

244 4951 331 5022 (3)
381 4939 746 5011 Geograph.
778 4938 882 4995 lib.
914 4940 1052 4993 XVII
1080 4938 1267 4993 initiO-
1984 4945 2069 5001 13.
2099 4945 2187 4999 14.
2220 4942 2352 4998 Alia
2386 4941 2577 4997 multa
2614 4942 2676 4997 in
2708 4940 2825 4999 VV.
2860 4942 2963 4997 PP.
2997 4949 3347 5000 occurrunt.

248 5041 337 5110 (4)
386 5030 556 5088 Dial.
600 5028 621 5082 Ι
656 5044 791 5099 cap.
833 5028 898 5081 '22
931 5027 1199 5083 Galland.
1257 5024 1402 5081 Bibl.
1436 5027 1543 5081 PP.
1589 5024 1628 5079 l.
1672 5024 1715 5077 l.
1747 5022 1864 5087 408,

2058 5039 2134 5101 (7)
2172 5031 2406 5087 Ludolﬁ
2438 5031 2682 5085 rectoris
2710 5031 2999 5087 ecclesiae
3040 5031 3402 5103 parochialis
3434 5032 3496 5086 in
3535 5032 3640 5088 Su-

170 5131 229 5198 2,
264 5128 493 5195 Migne
539 5119 579 5172 l.
612 5118 658 5173 1-
702 5133 761 5186 βο
790 5117 914 5171 197·
1989 5121 2163 5178 ehem
2194 5122 2278 5176 De
2305 5119 2517 5175 itinere
2560 5126 2803 5175 sanctae
2848 5122 3047 5175 terrae
3087 5119 3260 5175 liber.
3290 5120 3456 5177 Nach
3492 5119 3656 5175 alten

254 5219 342 5288 (ὅ)
380 5208 633 5268 Plinius
666 5206 819 5276 (Nat.
850 5206 994 5261 Hist.
1023 5206 1085 5270 V,
1105 5205 1162 5275 8)
1189 5203 1529 5273 Blemmyas
1554 5205 1791 5272 gentem
1822 5200 1870 5255 in

2043 5207 2450 5265 andschrifteu
2509 5207 2823 5275 berichtigt
2864 5206 3360 5277 herausgegeben
3416 5222 3534 5263 von
3585 5208 3654 5262 DI'

177 5301 570 5366 confinibus
594 5294 846 5366 Aegypti
877 5293 1251 5350 habitantem
1274 5291 1567 5364 perhibet,
1605 5309 1633 5342 «
1661 5289 1885 5362 quibus
2000 5300 2062 5354 F.
2094 5296 2306 5369 Deyks.
2339 5297 2557 5365 Stuttg.
2598 5297 2730 5351 1851
2768 5310 2827 5367 p.
2855 5294 2924 5350 89
2959 5311 3057 5367 sq.

180 5395 551 5455 traduntur
583 5385 781 5456 capita
831 5382 1061 5448 abesse,
1095 5397 1196 5438 ore
1227 5387 1283 5437 et
1311 5379 1502 5436 oculis
1549 5378 1775 5451 pectori

2072 5386 2148 5459 (8)
2187 5386 2326 5442 Hist.
2349 5385 2526 5443 Laus.
2558 5385 2653 5441 ed.
2680 5387 2898 5441 Meurs.
2931 5400 3063 5454 cap.
3091 5386 3160 5438 41
3187 5382 3345 5453 Opp.
3378 5385 3594 5441 Meurs.
3619 5381 3663 5438 l.

185 5487 356 5542 ﬁxis.
391 5502 427 5535 »
465 5471 850 5546 Vopiscusin
867 5469 1599 5541 Probol7:«Blemmyas,
1626 5488 1648 5518 ν
1675 5466 1893 5538 inquit,
2009 5478 2049 5532 ι,
2084 5492 2144 5549 ρ,
2178 5476 2307 5531 473,

196 5596 225 5629 α
253 5575 463 5632 etiam
489 5561 754 5632 subegit,
773 5577 1033 5633 quorum
1060 5560 1330 5631 captivos
1351 5560 1604 5613 Romam
1622 5553 1900 5611 transmi-
1994 5558 1999 5565 ’
2083 5564 2158 5637 (9)
2193 5566 2301 5620 VV.
2352 5564 2457 5619 PP.
2487 5566 2683 5620 Bosw.
2725 5560 2828 5615 lib.
2866 5559 2936 5613 Ill
2967 5573 3151 5629 capp.
3192 5557 3327 5614 106.
3359 5563 3484 5618 107.
3525 5558 3631 5613 108
3662 5570 3679 5619 ;

198 5665 302 5719 sit.
341 5657 473 5727 Qui
518 5650 864 5711 mirabilem
886 5649 978 5704 sui
1003 5648 1202 5704 visum
1220 5651 1496 5720 stupente
1534 5644 1761 5719 populo
1790 5646 1903 5699 Ro-
1996 5654 2097 5741 ib,
2138 5655 2180 5711 γ
2204 5651 2387 5711 iibeu,
2412 5652 2471 5719 7,
2507 5653 2597 5709 35,

538 5769 783 5823 PATBOL.
823 5764 927 5820 Gn.
966 5762 1216 5820 XXXIV.
3387 5745 3429 5798 4
