4092 6256
551 293 622 350 99
1432 295 1534 352 SS.
1571 294 2057 354 MACARIORUM
2097 297 2428 357 AEGYPTII
2467 299 2554 354 ET
2591 298 3077 356 ALEXANDRINI

3813 295 3891 350 100

533 423 790 500 quidem
821 437 1021 497 prope
1061 425 1421 494 Macarium,
1469 441 1657 498 quem
1697 427 1958 495 viderat,
2013 429 2187 486 adse-
2221 431 2262 484 A
2297 445 2371 487 ex
2402 431 2560 488 urbe
2622 430 2994 489 Alexandria
3037 429 3367 501 oriundus,
3425 427 3773 502 appellatur.
3828 426 3891 482 Ac

534 527 647 583 dit.
709 525 842 596 Ipse
903 524 1267 594 phantasma
1313 540 1468 592 esse,
1523 531 1588 583 ut
1638 531 1792 599 erat,
1839 528 2189 599 suspicatus

537 621 812 680 substitit
857 622 932 678 ad
965 623 1294 690 orandum,
1325 628 1510 696 atque
1558 625 1871 696 extemplo
1911 626 2190 684 camelus

539 726 709 780 terra
729 721 1022 792 absorpta
1047 727 1159 779 est.

622 838 653 872 «
705 819 874 876 Idem
922 818 1224 876 Macarius
1251 815 1516 876 πολιτικός
1557 821 1872 892 quondam
1915 821 2083 878 venit
2113 821 2186 878 ad

542 916 876 977 Maearium
943 931 1259 989 magnum.
1321 918 1521 975 Ambo
1583 933 1779 990 quum
1833 919 2037 976 Nilum
2099 934 2191 976 es-

539 1021 674 1076 sent
717 1015 1165 1082 transmissuri,
1221 1017 1448 1080 evenit,
1499 1021 1564 1073 ut
1624 1017 1968 1074 maximum
2041 1031 2192 1089 pon-

539 1119 748 1173 tonem
800 1113 1298 1185 ingrederentur,
1353 1112 1414 1170 in
1472 1128 1662 1185 quem
1713 1116 2022 1173 intrarunt
2083 1115 2192 1172 tri-

539 1213 691 1273 buni
739 1225 883 1270 cum
929 1225 1153 1283 magno
1202 1211 1383 1282 fastu,
1433 1212 1540 1284 qui
1574 1213 1835 1270 rhedam
1881 1214 2191 1272 habebant

538 1317 732 1371 totam
789 1323 1067 1383 aeneam,
1110 1313 1172 1367 et
1225 1324 1419 1381 equos
1475 1310 1666 1368 frenis
1709 1312 1918 1370 aureis
1966 1313 2187 1370 instru-

540 1415 693 1475 ctos,
729 1423 800 1466 ac
854 1407 1089 1464 milites
1130 1408 1434 1479 quosdam
1485 1409 1781 1466 satellites
1837 1424 2190 1482 puerosque

540 1506 870 1579 torquibus
920 1510 978 1563 et
1032 1505 1238 1562 aureis
1273 1506 1445 1563 zonis
1475 1511 1745 1564 ornatos.
1783 1507 2040 1566 Tribuni
2074 1509 2189 1583 igi-

537 1611 641 1664 tur
689 1604 1025 1662 monachos
1076 1603 1413 1675 conspicati
1472 1605 1786 1662 veteribus
1836 1607 2056 1678 pannis
2098 1606 2190 1663 in-

539 1705 740 1770 dutos,
798 1702 905 1774 qui
965 1704 1026 1758 in
1067 1701 1290 1773 angulo
1349 1703 1668 1776 sedebant,
1722 1703 2186 1776 simplicitatem

536 1899 722 1958 bunis
775 1915 788 1955 :
848 1897 1038 1963 Beati,
1089 1898 1313 1969 inquit,
1375 1913 1483 1956 vos
1544 1900 1712 1965 estis,
1773 1901 1881 1972 qui
1953 1902 2186 1959 mundo

533 1995 836 2055 illusistis.
889 1995 998 2052 Cui
1054 1996 1353 2052 Macarius
1407 1993 1672 2055 πολιτικός
1724 1999 2047 2070 respondit
2095 1999 2185 2056 di-

532 2111 678 2153 cens
738 2109 752 2150 :
811 2094 929 2151 Nos
987 2093 1244 2164 quidem
1299 2095 1534 2152 mundo
1594 2096 1930 2164 illusimus,
2009 2099 2184 2155 vobis

533 2199 739 2250 autem
814 2190 1014 2247 illusit
1079 2191 1370 2248 mundus.
1433 2192 1596 2250 Scito
1649 2199 1854 2251 tamen
1904 2210 2026 2253 non
2077 2200 2182 2253 tua

530 2294 773 2362 sponte,
805 2288 912 2345 sed
958 2288 1321 2359 prophetice
1353 2293 1413 2346 te
1464 2291 1582 2347 hoc
1620 2291 1852 2363 diyisse
1876 2309 1892 2362 ;
1950 2295 2178 2351 etenim

530 2390 717 2446 ambo
771 2384 1036 2455 Μακάριοι
1083 2401 1403 2444 vocamur.
1469 2389 1598 2457 Quo
1659 2404 1948 2449 sermone
1999 2407 2180 2450 com—

529 2490 798 2559 punctus
855 2485 1166 2550 tribunus,
1229 2484 1605 2558 simulatque
1660 2488 1916 2548 domum
1987 2491 2171 2557 venit,

527 2585 730 2641 exutis
753 2582 1028 2640 vestibus
1055 2582 1245 2638 vitam
1286 2584 1714 2642 monachicam
1760 2587 1988 2659 delegit
2017 2590 2177 2646 mul-

527 2686 747 2752 tasque
768 2679 913 2736 fecit
936 2679 1383 2751 eleemosynas.

605 2796 639 2830 ‹‹
698 2777 862 2838 Alias
910 2775 1189 2842 missam,
1247 2793 1367 2849 qua
1420 2779 1583 2836 vesci
1639 2780 1942 2852 cupierat,
1987 2798 2172 2841 uvam

525 2880 862 2947 recentem,
917 2875 1364 2932 continentiam
1435 2878 1766 2935 ostendens
1822 2895 2022 2947 suam,
2094 2883 2169 2940 ad

523 2975 776 3032 fratrem
809 2973 1120 3046 quendam
1171 2980 1614 3046 aegrotantem,
1650 2977 1756 3048 qui
1795 2974 1966 3046 104
2005 2980 2167 3037 idem

520 3089 669 3132 uvas
720 3071 1136 3139 desiderabat,
1183 3072 1374 3130 misit.
1414 3074 1610 3147 Atque
1639 3075 1742 3132 hic
1773 3091 1952 3134 uvam
2003 3093 2167 3136 sum-

2299 527 2457 584 duae
2489 526 2635 584 illae
2668 527 2912 599 priores
2961 526 3350 584 narrationes
3395 526 3542 583 alibi
3592 538 3705 581 non
3754 535 3894 592 repe-

2299 624 2594 696 riuntur;
2647 624 2926 696 reliquae
2969 638 3118 683 vero
3167 624 3286 690 bis,
3334 624 3524 681 altera
3573 620 3801 694 quidem
3838 619 3894 673 de

2299 721 2568 779 tribunis
2612 721 2776 780 libro
2819 721 3093 779 secundo
3140 718 3228 796 (2)
3275 726 3337 780 et
3385 725 3550 779 sexto
3599 717 3700 794 (3),
3742 715 3896 772 altera

2301 819 2377 875 de
2421 832 2538 874 uva
2577 818 2743 875 libro
2774 818 3048 876 secundo
3077 815 3172 893 (4)
3208 823 3269 875 et
3319 819 3502 876 tertio
3541 813 3632 891 (5)
3675 809 3896 870 Boswei-

2299 915 2520 972 dianae
2569 915 2956 973 collectionis
3021 916 3102 973 ita
3136 917 3443 987 leguntur,
3491 918 3555 973 ut
3601 926 3673 970 ex
3715 908 3896 966 eodem

2300 1027 2520 1084 graeco
2579 1013 2745 1070 fonte
2802 1028 2905 1070 eas
2957 1027 3244 1071 manasse
3303 1012 3627 1085 probabile
3679 1008 3766 1065 sit.
3812 1005 3896 1061 No-
3997 1009 3999 1085 (

2301 1125 2443 1168 men
2498 1108 2725 1167 urbicus
2777 1109 2862 1186 (6)
2926 1112 3188 1169 Macario
3261 1126 3382 1170 non
3435 1110 3680 1184 quidem
3731 1106 3786 1162 in
3844 1101 3894 1157 li-
3993 1113 3999 1186 γ

2301 1207 2418 1266 bro
2457 1209 2751 1275 secundo,
2785 1209 2893 1266 sed
2939 1209 3002 1265 in
3053 1209 3217 1267 libro
3273 1213 3447 1268 sexto
3496 1207 3749 1266 inditum
3787 1207 3858 1257 est
3883 1216 3894 1265 ;

2303 1306 2364 1364 in
2419 1306 2689 1364 Historia
2751 1307 3040 1364 Lausiaca
3096 1313 3330 1377 autem,
3393 1312 3459 1366 ut
3514 1319 3652 1363 mox
3704 1296 3899 1358 videbi-

2300 1418 2460 1470 mus,
2497 1417 2724 1461 nomen
2773 1399 3032 1460 πολιτικός
3063 1405 3256 1462 semel
3296 1405 3353 1462 ei
3398 1403 3709 1462 tribuitur.
3740 1398 3898 1466 Quare
3998 1395 3999 1464 ἢ

2299 1502 2678 1575 posteriores
2742 1503 2901 1559 duae
2964 1503 3351 1561 narrationes
3412 1502 3560 1575 quin
3624 1500 3696 1557 ad
3749 1495 3900 1552 Maca-

2299 1600 2464 1657 rium
2514 1600 3005 1659 Alexandrinum
3046 1607 3344 1673 spectent,
3378 1601 3479 1659 vix
3510 1598 3757 1658 dubium
3799 1603 3899 1648 esse

3997 245 3999 346 1

2299 1702 2521 1770 potest,
2574 1698 2764 1771 idque
2807 1700 3033 1764 solum,
3083 1715 3205 1757 non
3249 1700 3408 1757 duae
3451 1700 3689 1772 priores
3727 1695 3794 1751 de
3818 1701 3896 1746 eo-
3998 1767 3999 1772 η

536 1815 754 1860 eorum
799 1799 1041 1856 beatam
1077 1799 1555 1870 praedicarunt;
1617 1817 1900 1874 unusque
1951 1817 2026 1860 ex
2079 1803 2187 1859 tri-
2222 1792 2265 1846 Β
2298 1797 2439 1853 dem
2499 1797 2789 1863 referant,
2851 1799 3199 1869 quaeritur.
3261 1796 3438 1864 Quod
3497 1797 3637 1855 inde
3691 1789 3897 1866 pendet,

2297 1908 2446 1952 num
2499 1894 2824 1959 Macarius,
2881 1894 2939 1952 S.
2998 1896 3250 1953 Antonii
3304 1896 3648 1968 discipulus
3686 1890 3900 1957 eiusque
3998 1941 3999 1962 η

2295 1992 2513 2049 haeres
2556 1994 2878 2058 virtutum,
2914 2008 3075 2051 unus
3121 2007 3197 2051 ex
3240 1995 3469 2052 nostris
3512 1989 3777 2051 Macariis
3802 1985 3900 2041 fue-
3998 1981 3999 2052 ξ

2295 2090 2396 2148 rit.
2445 2091 2520 2146 At
2550 2090 2669 2148 hoc
2699 2105 2822 2149 non
2871 2091 3081 2157 fuisse,
3117 2092 3277 2149 intra
3321 2091 3597 2151 dilucide
3642 2079 3900 2162 probabi-
3998 2083 3999 2140 ὲ

2292 2202 2453 2246 mus.
2537 2189 2693 2261 Ergo
2755 2191 2909 2247 duas
2983 2189 3156 2261 prios
3223 2191 3612 2250 narrationes
3673 2185 3744 2243 ad
3817 2191 3900 2236 n0-
3998 2177 3999 2212 έ

2290 2291 2451 2344 stros
2482 2287 2777 2346 Macarios
2801 2301 2924 2345 non
2956 2288 3269 2359 pertinere
3299 2288 3329 2362 (
3334 2288 3387 2363 7)
3421 2294 3639 2361 sponte
3669 2285 3835 2357 patet.

2377 2381 2546 2452 105
2625 2387 2725 2443 25.
2757 2385 2860 2442 His
2893 2385 3103 2458 igitur,
3132 2401 3294 2458 quae
3313 2386 3375 2443 in
3407 2387 3694 2446 codicum
3721 2394 3785 2438 ac
3804 2375 3902 2433 sin-
3998 2461 3999 2464 η

2285 2485 2570 2556 gularum
2629 2485 2935 2542 Historiae
2994 2485 3327 2544 Lausiacae
3402 2487 3742 2545 editionum
3789 2487 3901 2532 ver-
3998 2479 3999 2560 ᾖ

2285 2583 2657 2656 sionumque
2710 2584 2914 2654 capite
2973 2606 2984 2644 :

3053 2586 3130 2641 De
3195 2585 3460 2642 Macario
3522 2574 3901 2643 Alexandrino
3998 2601 3999 2632 :

2285 2680 2596 2753 leguntur,
2626 2681 2688 2737 in
2723 2681 3000 2738 medium
3031 2681 3312 2754 prolatis,
3349 2683 3475 2740 iam
3511 2688 3576 2740 ut
3601 2680 3676 2738 ad
3699 2681 3902 2736 ceteros
3998 2695 3999 2760 ξ

2283 2778 2468 2834 etiam
2544 2779 2867 2836 Lausiacae
2953 2778 3142 2847 locos,
3208 2781 3439 2852 quibus
3526 2775 3899 2839 Macariorum

2283 2877 2516 2934 mentio
2570 2876 2655 2943 ﬁt,
2710 2876 2988 2935 animum
3047 2879 3465 2946 advertamus,
3515 2877 3670 2937 ordo
3712 2874 3902 2942 dispu-

2280 2973 2529 3030 tationis
2562 2976 2878 3046 postulare
2910 2975 3175 3033 videtur.
3229 2975 3467 3044 Quibus
3515 2973 3763 3048 quidem
3801 2975 3899 3023 non

2279 3073 2580 3130 Macarius
2635 3073 2989 3145 Aegyptius,
3044 3075 3148 3131 sed
3211 3073 3519 3134 Macarius
3567 3061 3901 3133 Alexandri-

518 3186 620 3229 ma
667 3185 808 3229 cum
862 3170 1093 3228 laetitia
1146 3177 1462 3242 acceptam
1513 3169 1617 3229 alii
1667 3173 1844 3232 fratri
1898 3177 2165 3234 eundem
2201 3153 2241 3208 δ
2279 3184 2394 3227 nus
2421 3169 2607 3228 aliive
2637 3172 2885 3229 Macarii
2920 3179 3366 3232 memorantur.

518 3269 732 3327 cibum
805 3268 1116 3339 appetenti
1187 3269 1432 3325 obtulit.
1496 3269 1611 3326 Sed
1683 3277 1744 3328 et
1799 3273 1920 3340 hic,
1985 3289 2165 3332 uvam

516 3372 754 3432 nactus,
807 3364 973 3421 idem
1045 3364 1210 3430 fecit,
1271 3366 1382 3422 etsi
1438 3367 1575 3436 ipse
1629 3382 1700 3425 ea
1757 3371 1918 3428 vesci
1992 3373 2167 3430 valde

516 3462 829 3534 cupiebat.
865 3462 1066 3529 Quum
1109 3476 1259 3519 vero
1305 3461 1600 3536 deinceps
1644 3466 1720 3522 ad
1770 3467 1999 3525 multos
2047 3469 2167 3526 fra-

516 3567 643 3619 tres
696 3573 848 3616 uvae
927 3561 1372 3629 pervenissent,
1433 3575 1542 3618 nec
1600 3562 1767 3620 ullus
1822 3579 1925 3622 eas
1980 3567 2165 3624 edere

516 3657 838 3722 voluisset,
895 3657 1171 3727 ultimus,
1221 3657 1330 3728 qui
1370 3664 1715 3729 acceperat,
1767 3675 1872 3719 eas
1919 3664 1992 3720 ad
2041 3665 2162 3721 Ma-

515 3754 756 3813 carium
815 3754 1077 3819 remisit,
1124 3761 1414 3826 tanquam
1469 3771 1759 3829 magnum
1815 3761 1871 3818 ei
1927 3762 2162 3820 donum

516 3852 871 3924 largiturus.
904 3852 1016 3920 Qui
1049 3852 1311 3924 cognitis
1351 3853 1488 3912 uvis
1530 3869 1725 3928 reque
1766 3859 2011 3917 curiose
2062 3860 2166 3917 in—

514 3951 742 4024 quisita
790 3951 1052 4008 miratus
1081 3949 1306 4023 gratias
1356 3952 1476 4010 Deo
1514 3954 1598 4010 ob
1626 3958 1857 4012 tantam
1908 3958 2162 4016 illorum

513 4049 955 4108 continentiam
1010 4049 1153 4121 egit,
1217 4064 1328 4107 nec
1387 4051 1518 4122 ipse
1585 4052 1841 4124 quidem
1901 4069 2006 4112 eas
2061 4071 2161 4114 co-

2361 3269 2443 3326 Ac
2470 3269 2745 3340 primum
2784 3269 3040 3342 quidem
3081 3271 3380 3328 Macarius
3423 3271 3533 3330 ille
3584 3266 3896 3343 presbyter.
3997 3241 3999 3246 i

2279 3366 2746 3439 ptochotrophii
2821 3368 3222 3425 Alexandrini
3303 3369 3654 3440 praefactus
3724 3368 3781 3420 et
3839 3355 3900 3413 ab

2276 3464 2691 3521 adolescentia
2735 3465 3101 3537 lapidarius,
3137 3464 3213 3522 de
3257 3480 3383 3538 quo
3438 3464 3749 3524 Palladius
3788 3467 3900 3514 ηεν-

2277 3567 2370 3618 rat
2401 3559 2510 3637 (8),
2564 3577 2704 3620 cum
2756 3564 2984 3621 nostris
3026 3564 3273 3622 duobus
3320 3566 3609 3624 Macariis
3662 3575 3734 3620 ne
3782 3567 3901 3614 οοῐι·

2277 3658 2590 3717 fundatur.
2652 3660 2772 3717 Nec
2826 3676 2948 3719 non
3002 3662 3108 3718 ille
3161 3661 3372 3720 iunior
3433 3662 3755 3725 Macarius,
3811 3648 3898 3725 qui

2276 3756 2516 3812 iuvenis
2587 3756 2967 3830 undeviginti
3038 3773 3344 3816 annorum
3427 3761 3685 3818 caedem
3755 3754 3900 3811 invo-

2275 3853 2607 3910 lunlariam
2641 3854 2867 3912 fecerat
2899 3854 3005 3931 (9),
3040 3856 3119 3912 ab
3151 3855 3277 3914 illis
3311 3855 3779 3931 distinguendus
3805 3851 3895 3905 est.

2274 3951 2576 4009 Macarius
2620 3952 3076 4011 Alexandrinus
3126 3951 3257 4031 (10)
3287 3960 3496 4013 autem
3544 3950 3900 4013 memoratur

2274 4048 2334 4104 in
2391 4049 2592 4120 capite
2651 4052 2774 4119 Περὶ
2821 4047 3025 4099 Παύλου
3078 4050 3402 4124 inscripto,
3471 4053 3640 4125 quod
3711 4064 3744 4107 e
3807 4055 3900 4101 ϐο·

513 4149 728 4206 medit.
765 4167 787 4200 ι
2270 4145 2517 4203 dicibus
2572 4148 3155 4208 Vindobonensibus
3214 4149 3402 4208 latine
3453 4151 3766 4209 redditum
3812 4152 3902 4212 ερ·

594 4246 798 4312 Vides,
846 4261 921 4302 ex
966 4250 1234 4317 quatuor
1282 4247 1450 4305 hisce
1501 4249 1964 4308 narrationibus
2007 4251 2160 4309 duas
2269 4244 2603 4314 ponimus:

514 4343 759 4416 priores
805 4343 881 4398 ad
927 4343 1258 4400 Macarium
1289 4344 1348 4400 S.
1407 4345 1678 4412 Antonii,
1735 4348 1912 4405 cuius
1960 4349 2159 4421 digni-
2352 4343 2585 4402 «Mons
2632 4350 2723 4403 est
2773 4345 2836 4402 in
2880 4346 3154 4419 Aegypto
3203 4347 3521 4406 abducens
3573 4347 3637 4405 in
3685 4345 3897 4402 vastam

510 4445 700 4498 tatem
753 4439 930 4512 quasi
1002 4440 1416 4498 haereditarie
1475 4449 1819 4515 acceperat,
1877 4445 2158 4517 discipu-
2193 4498 2236 4519 ,ἱ
2267 4439 2460 4498 Scetis
2533 4443 2958 4517 solitudinem,
3024 4444 3132 4516 qui
3192 4443 3460 4503 Pherme
3520 4444 3894 4519 appellatur;

510 4541 640 4597 lum
687 4543 989 4610 spectare,
1023 4545 1259 4596 ceteras
1311 4554 1460 4597 vero
1490 4541 1642 4597 duas
1695 4542 1770 4598 ad
1822 4543 2154 4603 Macarium
2191 4538 2234 4552 ν
2267 4538 2329 4596 in
2394 4555 2518 4612 quo
2578 4542 2692 4599 viri
2737 4541 2867 4600 fere
2920 4543 3238 4616 quingenti
3292 4544 3534 4617 sedent,
3585 4542 3692 4615 qui
3744 4544 3896 4594 exer-

505 4634 793 4709 πολιτικόν,
827 4638 868 4693 ἱ,
903 4653 958 4694 e,
1001 4651 1076 4694 ex
1127 4638 1284 4695 urbe
1331 4638 1696 4710 oriundum,
1747 4655 1872 4713 quo
1901 4644 2155 4702 nomine
2264 4643 2502 4696 centur.
2574 4638 2659 4696 Ex
2730 4640 2959 4711 quibus
3029 4641 3272 4714 Paulus,
3343 4641 3687 4700 monachus
3755 4629 3897 4706 opti-

506 4737 848 4794 Sozomeno
917 4739 1070 4794 teste
1141 4732 1230 4810 (1)
1301 4735 1603 4794 Macarius
1672 4738 2150 4817 Alexandrinus,
2264 4750 2424 4803 mus,
2480 4741 2608 4797 toto
2665 4743 2950 4812 tempore
3013 4754 3127 4798 suo
3184 4740 3343 4798 hanc
3418 4741 3608 4798 vitam
3669 4732 3890 4808 agebat-

2260 4973 2416 5028 Bone
2453 4972 2514 5028 in
2539 4972 2830 5043 Legendis
2854 4973 3081 5046 poetice
3111 4973 3441 5046 descriptis.

2328 5062 2404 5133 (8)
2445 5062 2584 5119 Hist.
2617 5062 2788 5118 Laus.
2824 5063 2916 5118 ed.
2951 5066 3159 5120 Meurs.
3194 5080 3327 5136 cap.
3359 5070 3414 5119 7.

2327 5151 2404 5223 (9)
2441 5151 2591 5206 lbid.
2625 5169 2760 5224 cap.
2796 5152 2888 5210 18.

2325 5241 2433 5313 (10)
2477 5241 2806 5298 Palladium
2829 5243 3379 5299 secutusiuniorem
3396 5243 3562 5299 illum
3581 5236 3884 5299 Macarium

2252 5345 2288 5385 a
2318 5331 2534 5385 nostris
2559 5331 2823 5386 Macariis
2849 5331 3001 5387 bene
3022 5332 3334 5403 distinguit
3365 5334 3729 5388 Sozomenus
3757 5323 3884 5381 Hist-

2250 5417 2405 5472 Eccl.
2426 5417 2528 5472 lib.
2557 5418 2627 5472 IV
2645 5422 2862 5491 cap.29
2885 5421 2978 5476 ed.
3011 5420 3204 5476 Vales.
3236 5438 3298 5493 p.
3341 5421 3462 5477 681.
3496 5422 3884 5477 Sozomenum

2247 5507 2514 5579 sequitur
2534 5508 2897 5580 Nicephorus
2918 5511 3190 5567 Callistus
3212 5511 3362 5569 Eccl.
3378 5512 3516 5567 Hist.
3538 5510 3639 5566 lib.
3655 5507 3718 5565 XI
3747 5515 3875 5572 cap.

2243 5597 2335 5655 35.

572 4977 648 5039 (1)
689 4979 915 5035 Sozom.
944 4977 1084 5033 Hist.
1119 4977 1271 5033 Eccl.
1304 4976 1407 5034 lib.
1446 4979 1516 5035 lli
1554 4994 1686 5052 cap.
1726 4981 1789 5036 14
1829 4980 1924 5038 ed.
1959 4982 2146 5038 Vales.

499 5085 558 5140 p.
596 5069 725 5125 515.

568 5158 645 5230 (2)
683 5157 833 5230 Cap.
872 5158 961 5222 29,
990 5155 1109 5214 VV.
1149 5155 1253 5214 PP.
1284 5158 1483 5215 Rosw.
1532 5175 1598 5232 p.
1635 5159 1761 5226 482,
1795 5161 1846 5214 1.

564 5248 646 5320 (3)
688 5245 889 5303 Libell.
927 5247 1021 5310 ιιι,
1055 5247 1122 5300 15
1147 5248 1361 5319 p.656,
1397 5247 1450 5304 2.

563 5337 645 5410 (4)
688 5339 826 5408 Cap.
865 5336 932 5391 29
963 5352 1021 5407 p.
1056 5336 1177 5399 481,
1217 5340 1266 5393 1.

561 5428 640 5498 (5)
682 5428 824 5496 Cap.
857 5425 925 5480 42
967 5441 1025 5496 p.
1057 5427 1184 5492 507,
1215 5431 1266 5481 2.

562 5517 638 5587 (6)
681 5515 1067 5586 lnNicephori
1098 5515 1558 5588 CallistizEccles.
1591 5515 1861 5576 Hist.lib.
1902 5517 1968 5572 IX
1999 5532 2134 5591 cap.

488 5606 556 5662 14
585 5603 1070 5661 versionelatina
1097 5605 1347 5675 legitur:
1390 5606 1697 5662 Macarius
1740 5607 2023 5662 urbanus.

557 5695 638 5767 (7)
677 5694 843 5752 illam
865 5709 1015 5752 uvae
1035 5695 1344 5751 historiam
1357 5694 1536 5750 nimis
1560 5694 1743 5751 libere
1764 5695 2038 5767 exposuit
2059 5694 2132 5756 Il.
