4092 6256
158 321 260 377 101

1759 313 1996 373 VITAE.

3476 323 3575 384 102

158 450 482 523 Nunquam
539 464 701 522 opus
769 451 990 522 attigit,
1044 466 1157 508 nec
1214 450 1529 523 negotium
1601 461 1807 505 susce~
1842 447 1887 500 A
1919 444 2303 504 editionibus
2358 463 2550 520 supra
2604 447 2693 524 (2)
2744 448 3006 521 egimus,
3066 449 3142 507 ad
3191 451 3394 508 solum
3443 453 3576 510 Ma-

157 548 268 619 pit,
324 562 522 620 neque
579 549 658 605 ab
729 547 940 620 aliquo
994 563 1271 620 unquam
1330 547 1570 616 accepit
1627 545 1808 617 quid—

154 659 364 716 quam,
399 651 647 717 praeter
687 647 853 718 quod
889 646 1025 718 ipso
1071 647 1173 704 die
1215 646 1595 705 comederet.
1644 644 1810 714 Opus

150 748 362 799 autem
433 744 895 802 exercitationis
968 744 1105 801 eius
1157 743 1272 801 fuit
1346 756 1528 801 orare
1589 755 1806 812 perpe-

147 845 279 897 tuo.
336 843 535 913 Atque
588 847 845 899 statutas
896 842 1168 899 habebat
1226 856 1440 913 preces
1477 843 1803 910 trecentas,

146 953 308 1009 quas
339 939 457 997 hoc
503 940 693 997 modo
742 939 1138 998 numeravit:
1194 939 1469 997 calculos
1516 937 1806 995 collectos

145 1038 291 1093 sinu
344 1035 562 1106 tenuit,
621 1052 889 1108 quorum
958 1051 1154 1095 unum
1209 1041 1349 1109 post
1394 1050 1804 1107 unamquam-

144 1149 274 1206 que
317 1134 663 1192 orationem
709 1135 958 1192 abiecit.
997 1135 1102 1192 Vir
1153 1133 1438 1193 utilitatis
1486 1149 1557 1192 ac
1613 1133 1800 1190 collo-

145 1232 283 1306 quii
344 1232 685 1304 spiritualis
738 1235 932 1304 gratia
987 1233 1277 1291 convenit
1339 1237 1618 1290 sanctum
1678 1232 1798 1288 Ma-

142 1329 387 1386 carium
436 1326 720 1395 πολιτικόν,
781 1330 879 1386 cui
940 1346 952 1387 :
1013 1331 1210 1395 Abba,
1267 1330 1490 1402 inquit,
1546 1329 1795 1401 Macari,

1918 543 2157 601 carium
2206 545 2698 604 Alexandrinum
2740 561 2874 604 esse
2921 547 3344 606 referendum.
3380 549 3572 608 Porro

1919 641 2122 713 capite
2188 645 2606 717 subsequente
2680 642 2765 722 (3)
2837 645 3145 703 Historiae
3216 645 3569 721 Lausiacae,

1917 738 2082 810 quod
2140 741 2262 806 Περὶ
2320 737 2568 808 Εὐλογίου
2623 743 2711 789 καὶ
2774 747 2864 788 τοῦ
2932 739 3283 810 λελωϐημένου
3343 744 3432 791 καὶ
3479 749 3570 800 τῆς

1916 835 2134 901 κρίσεως
2195 841 2284 884 τοῦ
2362 833 2511 905 ἁγίου
2576 837 2851 887 Ἀντωνίου
2913 840 3301 910 inscribitur,
3363 842 3570 899 Maca-

1917 934 2048 990 rius
2093 935 2153 992 S.
2209 935 2457 994 Antonii
2498 937 2846 1009 discipulus
2890 939 3247 996 nominatur
3276 955 3311 998 a
3341 937 3567 998 Cronio

1915 1032 2210 1104 quodam,
2245 1033 2352 1104 qui
2405 1035 2676 1092 Palladio
2735 1035 2885 1092 haec
2919 1036 3174 1094 retulit:
3225 1057 3247 1088 «
3310 1038 3410 1095 Est
3453 1053 3565 1096 au-

1915 1132 2038 1186 tem
2113 1125 2317 1206 [mons
2369 1131 2429 1191 S.
2516 1129 2788 1208 Antonii]
2849 1134 3010 1190 inter
3081 1134 3462 1208 Babylonem
3507 1143 3568 1194 et

1913 1226 2272 1285 Heracleam
2319 1228 2474 1285 situs
2519 1230 2584 1286 in
2634 1233 2800 1287 vasta
2848 1229 3207 1303 solitudine,
3240 1248 3399 1304 quae
3448 1233 3566 1291 fert

1912 1324 1986 1380 ad
2028 1321 2192 1390 107
2234 1339 2404 1384 mare
2435 1327 2715 1384 Rubrum
2764 1342 2834 1385 ac
2881 1327 3132 1399 triginta
3177 1329 3306 1386 fere
3336 1331 3563 1389 millia-

138 1427 385 1498 afﬂigor
414 1427 612 1484 valde.
677 1428 788 1495 Qui
829 1427 1039 1485 dicere
1091 1443 1236 1485 eum
1277 1427 1479 1498 coegit
1521 1441 1794 1496 causam,
1911 1422 2005 1478 ria
2032 1421 2218 1479 distat
2245 1437 2279 1478 a
2307 1423 2516 1482 ﬂuvio.
2547 1424 2634 1481 Ad
2666 1424 3116 1482 monasterium
3144 1425 3335 1498 igitur
3364 1443 3560 1500 quum

136 1525 219 1582 ob
277 1538 466 1595 quam
511 1525 885 1581 tristaretur.
942 1526 991 1581 ls
1038 1526 1225 1597 igitur
1274 1545 1285 1583 :
1339 1525 1403 1582 In
1459 1524 1596 1582 vico
1645 1538 1799 1596 quo-
1908 1518 2214 1576 venissem
2262 1534 2461 1593 pr0pe
2509 1521 2767 1579 ﬂuvium
2815 1522 3003 1578 situm
3040 1538 3110 1580 ac
3155 1523 3354 1595 Pispir
3384 1540 3561 1584 voca-

135 1622 311 1688 dam,
380 1621 607 1692 inquit,
679 1623 851 1693 virgo
919 1623 1176 1690 habitat,
1251 1637 1412 1695 quae
1481 1623 1798 1680 tricesimo
1908 1621 2064 1683 tum,
2118 1617 2226 1674 ubi
2275 1618 2568 1690 discipuli
2623 1620 2757 1676 eius
2804 1621 3100 1678 sedebant
3153 1622 3453 1681 Macarius
3500 1630 3562 1682 et

136 1734 306 1777 anno
352 1721 476 1776 iam
532 1726 874 1777 exercetur.
925 1721 1119 1789 Quam
1173 1720 1352 1778 multi
1402 1721 1556 1778 mihi
1590 1734 1801 1776 narra-
1911 1714 2179 1780 Amatas,
2224 1715 2332 1785 (illi
2376 1716 2561 1773 etiam
2611 1722 2893 1774 sanctum
2942 1716 3284 1776 Antonium
3338 1721 3558 1778 defun-

138 1822 291 1875 runt
349 1817 522 1874 nullo
577 1817 702 1874 alio
747 1817 850 1873 die
906 1818 1022 1874 nisi
1077 1818 1338 1876 sabbato
1385 1823 1446 1876 et
1485 1818 1802 1875 dominica
1837 1800 1878 1852 Β
1907 1816 2077 1869 ctum
2126 1813 2530 1884 sepelierunt,
2582 1815 2858 1886 QuinQue
2901 1817 3145 1882 diebus,
3183 1825 3249 1874 ut
3277 1824 3558 1877 sanctum

137 1915 356 1973 cibum
401 1929 671 1980 sumere,
715 1914 822 1973 sed
854 1920 984 1973 toto
1019 1914 1191 1983 106
1236 1923 1521 1988 tempore
1552 1917 1803 1973 trahens
1911 1907 2247 1965 Antonium
2277 1909 2699 1976 convenirem,
2725 1913 3104 1983 exspectavi.
3144 1913 3302 1980 Quid
3334 1915 3408 1971 ad
3442 1916 3560 1974 hoc

141 2013 572 2070 hebdomadas
626 2029 694 2070 ac
757 2020 894 2084 post
953 2015 1233 2086 quinque
1279 2014 1416 2072 dies
1466 2013 1800 2072 comedens

143 2111 458 2168 orationes
511 2110 656 2168 facit
706 2111 1146 2182 septingentas.
1207 2113 1333 2170 Hoc
1385 2126 1582 2183 quum
1641 2111 1802 2168 didi-

143 2209 367 2277 cerim,
424 2209 752 2280 reprobavi
824 2223 922 2266 me
993 2211 1126 2280 ipse
1199 2211 1613 2281 perpendens,
1673 2223 1796 2275 me,

144 2306 464 2363 hominem
511 2306 880 2370 maioribus,
917 2321 1107 2379 quam
1155 2306 1284 2380 illa,
1331 2308 1620 2380 corporis
1655 2307 1800 2365 virio

147 2404 267 2460 bus
332 2403 730 2473 instructum,
791 2404 1003 2474 plures
1071 2403 1364 2463 trecentis
1410 2405 1801 2463 orationibus

146 2500 349 2557 facere
390 2515 510 2558 non
565 2500 862 2572 potuisse.
928 2501 1324 2573 Respondens
1372 2509 1620 2561 sanctus
1684 2505 1801 2561 Ma-

142 2597 352 2655 carius
410 2615 422 2655 :
485 2598 628 2670 Ego,
702 2597 928 2670 inquit,
1004 2601 1456 2672 sexagesimum
1523 2616 1638 2673 ago
1699 2617 1802 2659 an-

140 2710 316 2763 num,
351 2710 425 2754 ex
469 2711 594 2768 quo
647 2702 902 2754 statutas
951 2703 1199 2754 centum
1253 2699 1567 2756 orationes
1615 2700 1798 2772 facio,

137 2807 358 2865 eaque,
430 2809 590 2865 quae
647 2799 788 2851 sunt
844 2795 918 2852 ad
987 2796 1355 2854 alimentum
1428 2798 1796 2866 necessaria,

136 2891 296 2949 meis
342 2891 494 2948 mihi
549 2893 839 2949 manibus
885 2907 1208 2965 comparo,
1245 2909 1315 2952 ac
1347 2895 1644 2952 fratribus
1697 2895 1802 2951 de-

136 2989 333 3045 bitam
367 3004 466 3046 me
493 2990 763 3046 adeundi
806 2991 1052 3062 copiam
1102 2992 1318 3058 reddo,
1367 3007 1477 3049 nec
1523 3007 1621 3048 me
1663 3006 1800 3048 mea

133 3087 580 3144 conscientiam
635 3087 864 3144 indicat
905 3087 1318 3161 negligentem
1366 3104 1519 3146 esse.
1571 3090 1657 3146 Tu
1700 3105 1801 3144 ve-
1833 3116 1872 3170 ρ

132 3198 225 3250 ro,
290 3199 489 3256 quum
550 3191 854 3242 trecentas
916 3186 1229 3244 orationes
1287 3188 1519 3245 faciens
1567 3203 1601 3244 a
1653 3202 1798 3245 con-

128 3282 396 3339 scientia
437 3283 758 3353 iudicaris,
794 3289 897 3339 aut
953 3299 1071 3340 non
1124 3299 1280 3356 pure
1333 3300 1436 3341 eas
1489 3288 1548 3341 te
1594 3283 1796 3343 facere

129 3378 376 3450 prodis,
421 3385 548 3450 aut,
583 3380 870 3450 quamvis
909 3380 1120 3450 plures
1162 3381 1384 3456 facere;
1407 3382 1627 3454 possis,
1670 3396 1794 3442 non

127 3476 343 3533 facere
369 3473 477 3550 (ι).
519 3495 549 3529 »

201 3573 315 3630 Hic
385 3573 691 3630 Macarius
759 3569 1017 3632 πολιτικός
1103 3575 1142 3632 i.
1220 3592 1272 3633 e.
1336 3576 1792 3636 Alexandrinus

123 3670 506 3743 appellatur.
565 3671 736 3739 Quod
790 3685 1159 3744 cognomen,
1212 3675 1556 3732 Sozomeno
1609 3680 1784 3743 teste,

130 3768 421 3830 Macario,
495 3774 559 3825 ut
619 3769 910 3838 vidimus,
997 3771 1414 3829 Alexandrino
1492 3772 1782 3841 inditum,

129 3867 246 3924 hoc
299 3870 536 3925 tantum
585 3866 893 3925 Historiae
960 3868 1281 3927 Lausiacae
1338 3871 1475 3928 loco
1534 3871 1781 3942 legitur.

125 3963 243 4022 Sed
284 3964 362 4020 ad
415 3964 521 4020 illa
555 3964 801 4023 Macarii
845 3966 1033 4022 verba
1077 3967 1535 4025 animadvertas
1577 3968 1787 4026 dicen-

121 4063 221 4129 tis,
265 4062 719 4133 sexagesimum
753 4063 845 4134 agi
881 4078 1135 4133 annum,
1185 4081 1258 4122 ex
1302 4079 1428 4137 quo
1472 4080 1610 4122 eam
1662 4067 1782 4124 sibi

119 4159 281 4216 vitae
324 4158 604 4229 regulam
651 4160 1148 4231 praescripserit.
1185 4162 1357 4219 Unde
1413 4163 1774 4232 Macarium,

118 4258 224 4329 qui
280 4271 478 4314 annos
525 4257 932 4328 quadraginta
987 4263 1163 4315 natus
1219 4259 1597 4332 baptismum
1647 4276 1779 4318 sus-

115 4360 392 4427 ceperat,
453 4369 614 4411 anno
670 4359 830 4411 Vztae
878 4370 1025 4412 suae
1071 4358 1409 4415 centesimo
1454 4359 1516 4415 h.
1570 4374 1631 4416 θ.
1677 4373 1778 4417 eo-

1909 2006 2358 2064 monasterium
2409 2008 2596 2064 modo
2629 2013 2767 2079 post
2808 2009 3049 2076 decem,
3085 2011 3274 2068 modo
3306 2017 3443 2082 post
3473 2014 3562 2071 vi-

1907 2103 2082 2175 ginti,
2117 2103 2431 2161 interdum
2471 2110 2531 2161 et
2574 2111 2715 2176 post
2741 2107 3190 2180 quinquaginta
3222 2109 3358 2167 dies
3385 2125 3562 2171 acce-

1907 2203 2055 2258 dere
2085 2199 2430 2268 dicebatur,
2467 2209 2652 2273 prout
2685 2204 2842 2260 Deus
2870 2219 3014 2262 eum
3054 2212 3260 2277 ageret
3309 2209 3382 2264 ad
3416 2209 3562 2267 sub-

1907 2298 2285 2356 veniendum
2318 2299 2416 2367 iis,
2450 2301 2558 2371 qui
2607 2314 2682 2357 eo
2719 2301 3115 2359 advenerant.
3155 2305 3317 2362 Varii
3352 2311 3559 2364 autem

1910 2397 2131 2455 fratres
2193 2397 2276 2454 ob
2344 2398 2547 2455 varias
2603 2400 2996 2457 necessitates
3047 2416 3564 2479 conveneramus,

1911 2511 1985 2552 ex
2016 2496 2248 2568 quibus
2282 2500 2342 2551 et
2397 2493 2690 2568 Eulogius
2740 2499 3192 2557 Alexandrinus
3225 2501 3362 2569 fuit,
3417 2517 3562 2561 cum

1911 2607 2110 2666 eoque
2159 2593 2319 2650 alius
2366 2593 2667 2651 membris
2719 2610 2998 2654 mancus.
3052 2616 3082 2650 »
3144 2598 3298 2655 Tum
3350 2614 3558 2676 causa,

1909 2704 2024 2748 cur
2079 2690 2374 2762 Eulogius
2430 2693 2782 2750 mutilatum
2843 2693 3164 2751 hominem
3211 2696 3288 2752 ad
3347 2711 3563 2755 mona-

1909 2789 2173 2847 sterium
2219 2807 2247 2840 «
2299 2789 2494 2861 Magni
2550 2811 2575 2840 ι)
2625 2791 2977 2859 adduxerit,
3036 2795 3313 2864 exposita
3372 2796 3561 2854 Palla-

1909 2887 2049 2944 dius
2080 2887 2164 2943 ita
2196 2887 2395 2959 pergit
2429 2903 2441 2941 :
2483 2908 2510 2938 «
2557 2888 2796 2955 Evenit,
2828 2895 2894 2946 ut
2924 2890 3120 2948 altero
3155 2891 3257 2949 die
3302 2907 3563 2967 magnus

1910 2985 2232 3055 Antonius,
2291 2984 2643 3058 chlamyde,
2698 2987 2857 3044 sicut
2924 2986 3190 3046 Cronius
3261 2993 3556 3063 narravit,

1909 3082 2172 3154 pellicea
2225 3084 2490 3140 amictus
2545 3097 2686 3141 sero
2741 3085 2985 3156 vesperi
3045 3086 3306 3145 veniret.
3362 3091 3561 3162 Atque

1907 3180 2218 3251 ingressus
2268 3186 2362 3237 est
2417 3179 2865 3239 monasterium
2913 3197 3117 3240 suum.
3182 3185 3305 3242 Hac
3351 3191 3559 3245 autem

1906 3278 1970 3334 in
2028 3277 2293 3335 Macario
2346 3277 2656 3350 discipulo
2703 3294 2816 3337 suo
2869 3279 2946 3338 de
2989 3281 3088 3352 iis,
3133 3281 3239 3354 qui
3289 3284 3560 3343 advene-

1903 3381 2065 3449 rant,
2150 3375 2593 3448 interrogando
2687 3379 2981 3436 utebatur
3077 3383 3552 3455 consuetudine,

1903 3481 1968 3531 ut
2024 3473 2364 3532 monachos
2433 3479 2682 3534 vocaret
2748 3476 3366 3550 Hierosolymitanos,
3427 3496 3554 3539 sae-

1900 3571 2143 3629 culares
2174 3587 2320 3631 vero
2364 3572 2727 3645 Aegyptios.
2772 3573 3025 3647 Magnus
3055 3575 3245 3648 igitur
3279 3593 3291 3632 :
3326 3577 3553 3638 Macari

1899 3669 2113 3739 frater,
2157 3670 2386 3742 inquit,
2433 3677 2813 3730 veneruntne
2865 3673 2987 3731 huc
3027 3672 3222 3747 aliqui
3274 3677 3494 3734 fratres
3523 3675 3552 3733 ?

1899 3765 2242 3840 Respondit
2286 3785 2298 3823 :
2338 3765 2672 3828 Venerunt.
2726 3769 2838 3827 Ille
2892 3787 2904 3827 :
2954 3772 3183 3828 Suntne
3235 3773 3546 3846 Aegyptii,

1896 3878 1973 3922 an
2034 3866 2582 3938 Hierosolymitani
2630 3867 2659 3928 ?
2718 3868 2916 3942 Eique
2959 3870 3206 3943 signum
3261 3873 3542 3942 dederat,

1894 3967 1963 4020 ut
1986 3978 2114 4031 eos,
2166 3964 2402 4036 quibus
2433 3966 2642 4024 minus
2691 3968 2923 4040 negotii
2981 3975 3164 4038 esset,
3201 3968 3546 4042 Aegyptios

1892 4075 2026 4119 esse
2081 4063 2336 4120 diceret.
2401 4063 2600 4136 Atque
2653 4065 2729 4121 ad
2787 4067 3121 4138 Aegyptios
3174 4068 3339 4138 quod
3397 4082 3542 4139 spe-

1889 4164 2033 4230 ctat,
2082 4159 2348 4218 Macario
2384 4177 2396 4215 :
2452 4161 2634 4232 Para,
2665 4161 2888 4234 inquit,
2944 4164 3196 4230 lentem,
3244 4170 3303 4219 et
3345 4164 3423 4222 da
3462 4167 3541 4224 iis

1887 4258 2242 4316 comedere.
2281 4257 2510 4315 Deinde
2540 4273 2684 4317 cum
2728 4259 2806 4317 iis
2844 4261 3193 4318 orationem
3245 4261 3532 4335 faciebat,

1886 4369 2118 4428 eosque
2173 4356 2545 4414 dimittebat.
2606 4358 2774 4415 Tunc
2845 4358 3145 4416 Macarius
3219 4359 3296 4417 de
3353 4363 3536 4421 nobis

115 4453 256 4510 dem
318 4453 450 4510 fere
503 4457 814 4523 tempore,
875 4467 1000 4526 quo
1060 4469 1180 4511 una
1239 4470 1382 4512 cum
1435 4470 1510 4514 eo
1577 4455 1774 4514 Palla-
1807 4468 1851 4521 1)
1883 4455 1966 4511 ob
2023 4453 2382 4512 mutilatum
2432 4455 2617 4513 illum
2648 4458 3016 4528 respondit:
3066 4458 3234 4516 Mixti
3284 4459 3526 4518 adsunt.

114 4549 255 4607 dius
305 4549 366 4607 in
409 4547 667 4607 Cellulis
710 4551 883 4622 vixit,
917 4551 1070 4608 illud
1105 4552 1290 4610 Paulo
1335 4554 1466 4610 seni
1513 4567 1772 4626 respon-

110 4664 248 4705 sum
299 4648 572 4717 dedisse,
623 4647 1026 4719 perspicuum
1078 4654 1188 4707 est.
1245 4650 1505 4707 Pherme
1563 4656 1770 4708 autem

111 4761 310 4812 mons,
373 4746 483 4818 qui
542 4745 602 4802 in
649 4745 1052 4803 solitudinem
1112 4747 1306 4805 Scetis
1360 4750 1673 4820 vergebat,
1736 4765 1771 4807 a

109 4841 366 4902 Cellulis
417 4843 581 4900 haud
628 4841 892 4900 multum
937 4844 1156 4901 abfuit.
1203 4845 1247 4901 Ε
1300 4845 1532 4917 quibus
1580 4846 1769 4904 etiam

107 4941 310 5000 denuo
379 4940 730 5007 conﬁcitur,
784 4941 949 4999 istud
1003 4947 1210 5014 caput,
1271 4943 1441 5015 quod
1499 4945 1616 5002 sub
1670 4943 1770 5001 in—

109 5039 242 5096 dice
295 5051 310 5090 :
390 5037 482 5096 De
548 5033 748 5096 Marco
812 5037 876 5097 in
941 5039 1267 5100 codicibus
1350 5041 1772 5115 plurimisque

177 5319 251 5391 (1)
288 5320 510 5374 Textus
524 5331 779 5386 graecus
804 5317 1021 5387 legitur
1046 5317 1200 5375 infra
1223 5318 1284 5375 in
1305 5319 1524 5376 harum
1545 5322 1772 5387 Quaes-

114 5405 703 5479 tionumAppendice
726 5406 921 5477 priore
947 5407 1080 5464 sub.
1103 5409 1197 5476 IlI,
1223 5409 1275 5465 1.
1306 5409 1386 5466 Cf.
1415 5410 1556 5466 Hist.
1591 5411 1769 5468 Laus.

117 5494 201 5548 ed.
235 5498 447 5552 Meurs.
485 5511 623 5566 cap.
658 5495 748 5559 23,
779 5498 868 5550 24.

182 5584 256 5656 (2)
291 5586 318 5658 ξ
349 5588 417 5641 19
446 5603 509 5658 ρ.
545 5583 615 5639 78
645 5601 781 5656 sqq.

183 5673 253 5743 (3)
291 5674 371 5731 Cf.
394 5672 681 5732 Palladii
705 5673 1036 5730 Historiam
1053 5674 1410 5734 Ldusiacam
1432 5677 1514 5734 ad
1549 5679 1769 5736 codicis

1882 4551 1987 4608 Sin
2057 4551 2304 4610 dicebat
2372 4570 2386 4611 :
2447 4552 2996 4626 Hierosolymitani
3067 4561 3230 4626 sunt,
3288 4563 3534 4615 sanctus

1881 4662 1995 4720 per
2050 4651 2240 4706 totam
2297 4654 2542 4708 noctem
2606 4651 2881 4724 sedebat,
2937 4653 3013 4710 ad
3068 4667 3323 4726 eosque,
3374 4670 3534 4727 quae

1880 4747 1958 4804 ad
2009 4749 2271 4804 salutem
2324 4748 2658 4819 pertinent,
2717 4749 3110 4822 loquebatur.
3165 4751 3274 4807 Illa
3323 4758 3531 4811 autem

1879 4858 2140 4917 vespera
2169 4846 2420 4917 Magnus
2448 4847 2669 4905 sedens
2699 4861 2916 4906 omnes
2946 4849 3340 4906 arcessivit...
3372 4847 3460 4926 (4)
3500 4870 3530 4904 ι)

1959 4942 2070 5000 Hic
2108 4942 2297 5015 igitur
2341 4945 2642 5002 Macarius
2678 4946 2736 5002 S.
2786 4947 3034 5005 Antonii
3069 4945 3353 5004 minister
3391 4948 3529 5014 fuit,

1881 5043 2068 5114 atque
2113 5041 2178 5098 in
2208 5042 2515 5102 coenobio
2547 5043 2942 5115 Pispiritano,
2995 5044 3165 5118 quod
3205 5051 3296 5104 est
3333 5059 3533 5118 prOpe

1887 5320 2332 5377 Vindobonensis
2357 5321 2535 5390 ﬁdem
2568 5321 2822 5379 breviter
2854 5325 3217 5381 delineatam
3244 5323 3400 5382 infra
3429 5341 3535 5380 no-

1881 5416 2035 5467 strae
2066 5411 2308 5466 editioni
2333 5413 2614 5467 Historice
2639 5413 2968 5468 Lausiacae
2998 5414 3423 5484 praepostiam.

1951 5500 2024 5571 (4)
2063 5502 2271 5555 Textus
2306 5516 2557 5570 graecus
2583 5505 2675 5557 est
2703 5501 2858 5556 infra
2896 5501 2958 5556 in
2983 5501 3198 5554 harum
3230 5501 3539 5562 Quaestio-

1879 5604 2027 5644 num
2057 5590 2402 5661 Appendice
2436 5590 2635 5662 priore
2668 5589 2784 5645 sub
2811 5589 2905 5655 Ill,
2938 5588 2991 5641 2.
