4092 6256
556 339 660 394 103
1413 336 1516 393 SS.
1564 335 2048 393 MACARIORUM
2093 331 2424 389 AEGYPTII
2460 333 2546 388 ET
2583 331 3069 387 ALEXAVDRINI
3821 334 3893 388 104

555 481 727 524 mare
775 465 1080 535 Rubrum,
1119 463 1438 532 habitavit,
1475 466 1755 524 Macariis
1801 465 2100 537 Aegyptio
2145 467 2205 520 et
2235 460 2282 513 Α
2316 461 2470 518 toris
2519 461 2778 534 ﬁguram
2828 461 3163 520 simulavit.
3218 462 3384 521 Unus
3441 466 3631 521 autem
3689 463 3889 520 accito:

556 562 975 621 Alexandrino
1063 563 1123 620 in
1215 564 1442 621 eremis
1518 563 1742 635 Libyae
1813 563 2196 635 degentibus.
2315 559 2539 617 Dilexit
2591 565 2671 628 te,
2719 560 2944 631 inquit,
2974 559 3251 618 Christus
3289 563 3371 619 ob
3403 562 3555 620 vitae
3596 567 3723 619 tuae
3768 561 3895 618 inte-

555 660 751 729 Quem
785 662 1039 733 quidem
1085 661 1123 719 S
1197 660 1440 719 Antonii
1480 662 1837 719 ministrum
1881 676 2002 718 non
2050 661 2200 717 fuis-
2313 658 2600 728 gritatem
2670 658 3145 729 institutumque
3213 665 3388 717 tuum
3442 667 3498 718 et
3564 659 3801 728 advenit,
3848 664 3896 714 ut

555 774 621 816 se
675 759 1007 816 Macarium
1063 759 1457 831 Aegyptium,
1507 775 1582 816 ex
1622 760 1719 824 iis,
1755 774 1913 831 quae
1956 759 2031 814 de
2085 758 2203 815 hoc
2315 758 2371 810 te
2400 755 2643 822 videat;
2678 756 2976 827 egredere
3027 770 3062 813 e
3106 755 3262 814 cella
3308 772 3594 830 eumque,
3639 757 3686 814 si
3725 754 3898 827 procul

557 857 865 914 Palladius
913 856 1142 922 retulit,
1219 859 1366 914 satis
1410 857 1746 929 colligitur.
1822 857 2031 929 Neque
2085 857 2201 913 Ma-
2312 855 2574 909 stantem
2640 854 2895 918 videris,
2965 856 3388 925 procumbens
3459 856 3660 914 adora.
3733 855 3894 924 Egres-

558 955 799 1011 carium
857 954 1341 1012 Alexandrinum
1407 955 1598 1011 fuisse
1651 969 1794 1011 eum
1870 953 2202 1024 probabile
2314 967 2420 1009 sus
2468 951 2662 1025 igitur
2709 966 2742 1008 e
2773 951 2930 1009 cella
2974 953 3339 1010 comitatum
3386 953 3536 1011 vidit
3591 950 3748 1019 109
3787 953 3900 1006 lam-

557 1056 669 1126 est,
702 1053 892 1125 quod,
926 1052 978 1110 si
1011 1053 1245 1121 fuisset,
1289 1049 1461 1118 108
1503 1051 1808 1108 Palladius
1847 1052 1908 1108 in
1948 1051 2148 1122 capite
2184 1067 2195 1106 :
2315 1049 2503 1121 padas
2559 1048 2890 1106 ferentium
2963 1054 3022 1106 et
3074 1051 3275 1122 spatio
3347 1052 3475 1108 fere
3543 1051 3712 1108 stadii
3772 1048 3901 1105 Anti-

560 1168 591 1204 «
639 1152 718 1208 De
769 1150 1036 1208 Macario
1070 1149 1551 1207 Alexandrino»
1602 1150 1900 1221 inscripto
1953 1149 2016 1205 id
2074 1150 2203 1205 lau-
2312 1145 2638 1210 christum,
2701 1162 2889 1218 quem
2942 1149 3362 1219 procumbens
3415 1150 3702 1207 adoravit.
3759 1146 3902 1202 Miser
3988 1151 3992 1160 '

557 1247 707 1305 dare
751 1262 872 1306 non
922 1247 1253 1305 omisisset.
1288 1247 1407 1304 Sed
1451 1248 1509 1305 S.
1559 1247 1803 1305 Antonii
1847 1247 2199 1303 ministrum
2313 1251 2520 1302 autem
2575 1249 2899 1316 tantopere
2953 1247 3247 1303 subactus
3299 1252 3358 1304 et
3423 1248 3707 1318 deceptae
3769 1258 3899 1302 men-

558 1347 751 1403 alium
801 1345 1060 1403 omnino
1103 1345 1272 1402 illius
1320 1345 1622 1417 temporis
1671 1345 2001 1402 Macarium
2045 1344 2205 1401 fuis-
2313 1342 2390 1399 tis
2448 1341 2583 1411 fuit,
2633 1351 2701 1400 ut
2752 1343 2854 1399 die
2897 1343 3312 1414 subsequente
3365 1345 3598 1403 veniret
3649 1344 3706 1400 in
3749 1342 3900 1399 eccle-

559 1459 645 1517 se,
690 1459 765 1500 ex
808 1443 906 1510 iis,
943 1457 1101 1515 quae
1147 1442 1308 1499 infra
1358 1443 1435 1500 de
1483 1457 1557 1499 eo
1601 1443 2003 1513 disseremus,
2037 1443 2202 1500 clare
2313 1440 2468 1496 siam
2501 1445 2562 1496 et
2592 1454 2805 1498 coram
2835 1441 3132 1499 omnibus
3169 1442 3406 1499 diceret
3439 1461 3452 1498 :
3489 1441 3628 1500 Mihi
3661 1453 3902 1500 commu-

557 1541 812 1613 patebit.
2314 1537 2499 1594 nione
2542 1551 2701 1608 opus
2747 1552 2868 1595 non
2917 1544 3058 1608 est;
3100 1538 3414 1596 Christum
3460 1541 3624 1598 enim
3673 1539 3783 1595 vidi
3823 1538 3904 1592 hO-

640 1639 912 1712 Denique
1005 1640 1306 1697 Macarius
1399 1640 1730 1713 presbyter
1821 1644 2204 1697 memoratur
2312 1634 2434 1690 die.
2505 1635 2675 1692 Tunc
2740 1646 2946 1707 patres
3027 1639 3550 1709 comprehensum
3629 1651 3758 1695 eum
3823 1646 3904 1706 per

555 1739 621 1796 in
683 1739 905 1811 capite,
966 1738 1133 1810 quod
1203 1739 1570 1795 inscribitur
1627 1755 1638 1793 :
1711 1739 1832 1807 Περὶ
1895 1734 2195 1795 Οὐάλεντος.
2239 1806 2268 1811 _
2312 1736 2558 1805 tempus
2601 1735 2854 1806 aliquod
2900 1735 3066 1792 ferro
3112 1737 3461 1795 vinxerunt.
3500 1737 3607 1795 Cui
3645 1731 3906 1792 continuis

553 1806 774 1896 Cuius'
808 1806 1047 1910 partem
1120 1853 1152 1893 e
1221 1837 1544 1893 codicibus
1619 1806 2275 1893 VindohonensibusB
2310 1831 2535 1889 deinde
2597 1833 2890 1902 precibus
2939 1848 3052 1903 pro
3109 1848 3184 1891 eo
3243 1835 3416 1892 factis
3476 1840 3534 1892 et
3586 1829 3904 1891 multimoda

550 1935 942 2008 desumptam
996 1950 1066 1991 ac
1111 1934 1298 1991 latine
1346 1934 1653 1991 redditam
1707 1933 2063 1990 adscribere
2116 1934 2198 1991 li-
2308 1929 2706 2001 despectione
2775 1931 3021 2003 vitaque
3088 1934 3438 1990 austeriore
3510 1946 3722 1989 vanam
3793 1927 3906 1998 opi-

551 2039 730 2091 ceat:
771 2052 800 2086 «
852 2033 1070 2090 Valens
1117 2033 1394 2104 quidam,
1429 2046 1651 2103 genere
1697 2031 2095 2097 Palaestinus,
2133 2031 2194 2087 in
2307 2026 2557 2083 nionem
2610 2029 2998 2093 ademerunt,
3051 2031 3134 2086 ita
3186 2035 3252 2086 ut
3308 2037 3654 2089 sanaretur.
3703 2030 3905 2086 Contra-

550 2131 949 2188 solitudinem
1008 2128 1325 2202 profectus
1386 2130 1636 2200 longum
1687 2133 1933 2199 tempus
1987 2129 2192 2186 nobis-
2306 2123 2417 2180 riis
2484 2125 2652 2182 enim
2709 2129 3022 2184 contraria
3078 2128 3459 2186 conveniunt
3535 2127 3904 2186 medicamen-

548 2243 690 2286 cum
739 2227 1058 2284 habitavit.
1095 2227 1207 2294 Qui
1251 2240 1445 2298 quum
1495 2226 1765 2282 maxima
1809 2226 2053 2282 vivendi
2095 2242 2194 2283 se-
2303 2226 2363 2279 ta
2395 2219 2502 2298 (1).
2539 2241 2569 2277 io

548 2325 805 2383 veritate
868 2339 1176 2383 summam
1245 2324 1569 2381 asceticam
1640 2323 1827 2380 vitam
1885 2325 2191 2396 suscepis-
2385 2338 2685 2396 Macarius
2770 2340 2875 2397 ille
2952 2342 3279 2414 presbyter
3362 2344 3675 2401 valentem
3749 2337 3905 2397 com-

545 2430 659 2496 δεῖ,
692 2438 846 2480 vana
900 2422 976 2480 de
1025 2438 1088 2480 Se
1141 2421 1436 2493 Opinione
1494 2436 1563 2478 ac
1620 2421 1913 2492 superbia
1967 2437 2001 2478 θ
2052 2423 2194 2479 dae‘
2303 2437 2480 2509 piens
2526 2444 2586 2494 et
2624 2439 2985 2508 admonens,
3020 2442 3169 2513 quin
3225 2443 3530 2502 Macarius
3583 2437 3907 2501 Alexandri—

545 2537 731 2579 mone
776 2521 994 2578 irrisus
1039 2525 1099 2577 et
1146 2519 1250 2576 tali
1298 2519 1646 2589 perniciosa
1695 2518 1886 2576 animi
1940 2521 2191 2577 calami-
2302 2551 2433 2598 nus,
2515 2539 2839 2608 presbyter
2909 2538 3313 2607 Ceuulawm,
3389 2541 3604 2613 fuerit,
3671 2533 3905 2597 dubitari

546 2623 666 2676 tate
720 2618 894 2675 bPeVi
959 2623 1240 2688 tempore
1295 2616 1591 2687 deceptus
1646 2621 1755 2686 θεῖς
1810 2623 1875 2673 Ut
1941 2618 2190 2689 angelos
2300 2634 2399 2689 vix
2488 2638 2709 2706 potest.
2797 2635 2948 2691 Nam
3043 2636 3357 2695 Valentem
3443 2641 3508 2697 in
3592 2635 3905 2697 solitudine,

543 2730 688 2773 cum
735 2715 874 2787 ipso
928 2715 1403 2785 Conversari,“
1453 2714 1513 2769 ίη
1567 2714 1786 2785 (Ιυονίε
1838 2713 2187 2773 ministerio
2299 2729 2361 2786 in
2446 2746 2567 2802 qua
2639 2732 2946 2790 Palladius
3030 2734 3200 2801 vixit,
3270 2736 3330 2794 h.
3394 2752 3449 2795 e.
3528 2738 3591 2794 in
3673 2730 3904 2794 Cellulis,

541 2813 664 2887 ipsi
741 2813 1041 2870 inservire
1100 2811 1372 2869 iactaret.
1434 2812 1487 2868 Is
1538 2812 1855 2883 quondam
1912 2818 2187 2884 sportam
2300 2828 2482 2901 longo
2573 2834 2856 2901 tempore
2949 2831 3259 2890 habitasse
3353 2836 3641 2907 legimus.
3725 2827 3904 2902 Sequi.

540 2926 868 2984 consuens,
932 2916 998 2968 ut
1067 2911 1203 2967 eius
1270 2910 1421 2967 socii
1493 2915 1844 2974 narrarunt,
1917 2913 2181 2982 vesperi,
2298 2931 2399 2983 ιω»
2452 2927 2724 2985 narratio
2779 2928 2856 2985 de
2916 2929 3180 2998 Ηετουθ,
3237 2933 3345 3003 qui
3402 2951 3431 2986 «
3496 2936 3743 2991 beatum
3792 2928 3910 2986 Eva-

539 3023 732 3083 quum
810 3009 1040 3067 Πιυηειθ
1113 3007 1404 3065 tenebrae
1475 3013 1699 3078 essent,
1781 3023 1980 3074 acum,
2064 3026 2183 3081 qua
2294 3023 2500 3095 grium
2572 3047 2598 3076 ι)
2685 3027 2997 3083 consimili
3082 3031 3463 3087 contumelia
3549 3030 3746 3089 affecit
3820 3023 3904 3098 (2)-

535 3109 894 3178 consuebat,
951 3107 1176 3216 amisit:
1231 3107 1357 3173 Qua
1416 3120 1536 3163 non
1596 3106 1862 3175 inventa,
1916 3105 2178 3168 daemon
2216 3168 2254 3222 Ο
2294 3122 2410 3180 Ubi
2465 3123 2760 3181 Hervetus
2817 3124 2880 3181 in
2935 3127 3215 3198 margine
3285 3129 3644 3203 adscripsit,
3703 3121 3906 3195 Evagrii

534 3208 591 3264 ei
643 3207 995 3279 lampadem
1054 3204 1220 3270 feeit,
1274 3220 1399 3276 ειυει
1442 3218 1622 3261 acum
1673 3205 1930 3275 Peperit;
1976 3207 2060 3262 ita
2115 3213 2179 3263 αι
2216 3204 2253 3222 υ
2292 3219 2428 3277 loco
2472 3221 2533 3277 in
2585 3222 2723 3278 aliis
2774 3222 3098 3280 codicibus
3145 3244 3174 3278 «
3236 3225 3576 3286 Macarium
3629 3226 3909 3300 presbyte-

533 3305 724 3362 miser
776 3305 890 3360 iste
945 3302 1141 3372 magis
1188 3302 1372 3357 etiam
1429 3317 1584 3358 vano
1639 3307 1884 3358 tumore
1935 3303 2177 3360 inflare-
2291 3332 2428 3375 ιιιπη
2465 3338 2493 3372 »
2552 3319 2668 3391 legi
2713 3319 2820 3395 (3),
2879 3320 3044 3388 Quae
3085 3324 3444 3395 corruptela
3497 3317 3906 3398 proculdubio

532 3406 656 3460 tur.
709 3402 810 3458 Dei
857 3405 1061 3457 autem
1095 3399 1482 3470 providentia
1525 3399 1894 3456 fraternitati
1926 3401 2178 3458 calami-
2288 3416 2429 3472 inde
2496 3423 2634 3473 nam
2695 3422 2804 3488 est,
2881 3419 3046 3489 quod
3113 3421 3314 3492 capite
3385 3424 3783 3482 antecedente
3849 3415 3907 3472 de

534 3503 625 3556 tas
663 3500 798 3556 eius
835 3498 1017 3556 citius
1068 3496 1392 3553 manifesta
1442 3497 1599 3553 facta
1642 3503 1750 3552 est.
1807 3497 1956 3553 Nam
2018 3497 2175 3556 acci-
2287 3514 2551 3572 Macario
2584 3517 2972 3587 presbytero,
3007 3517 3071 3573 in
3107 3533 3294 3589 quem
3336 3519 3561 3580 Valens
3600 3513 3908 3593 superbus-

528 3598 640 3670 dit,
683 3603 748 3655 ut
789 3596 1063 3666 hospites
1092 3595 1347 3666 quidam
1381 3593 1679 3651 fratribus
1721 3595 1958 3652 fructus
1987 3598 2174 3654 aesti-
2284 3615 2394 3677 εει,
2470 3618 2785 3668 narratum
2848 3619 2999 3671 erat.
3068 3615 3427 3674 Editionum
3500 3633 3746 3692 quoque
3799 3626 3908 3671 ver-

526 3709 636 3754 vos
692 3693 1001 3752 afferrent.
1063 3693 1338 3760 Quorum
1415 3691 1809 3762 manipulum
1879 3693 2172 3752 dominus
2282 3709 2656 3780 sionumque
2706 3710 2856 3769 locis
2904 3712 3027 3770 mis
3079 3713 3378 3772 nomina;
3430 3691 3737 3775 Macarius
3782 3707 3905 3761 no):-

523 3792 828 3850 Macarius
867 3790 1194 3862 presbyter
1236 3789 1575 3861 unicuique
1617 3789 1679 3845 in
1724 3789 2013 3847 cellulam
2057 3795 2169 3850 mi-
2279 3809 2443 3873 τικός,
2505 3806 2807 3866 Macarius
2857 3810 2916 3868 s_
2977 3811 3222 3868 Αηιοηίί
3290 3812 3670 3887 discipulus,
3731 3814 3906 3871 Maca-
3999 3815 4001 3869 η

523 3893 624 3964 Sit,
675 3894 1034 3962 ρειτηθτίιυθ
1084 3889 1316 3945 misero
1366 3887 1626 3944 Valenti-
1681 3888 1789 3945 Hi0
1833 3903 2001 3960 eum,
2058 3892 2165 3963 (illi
2280 3903 2410 3961 rius
2469 3907 2818 3978 presbyter,
2870 3908 3088 3965 eadem
3160 3910 3619 3982 reperiuntur;
3681 3910 3904 3980 antiqua

520 3990 830 4060 attulerat,
887 3987 1238 4044 verberavit
1293 3991 1352 4043 et
1405 3987 1779 4043 contumelia
1827 3987 2100 4045 afﬁciens
2147 4009 2159 4048 :
2276 4007 2481 4059 autem
2523 4005 2724 4062 νθτείο
2768 4005 3059 4063 historias
3095 4007 3172 4062 de
3214 4008 3401 4066 paulo
3446 4016 3510 4068 et
3552 4011 3631 4069 de
3684 4010 3902 4066 Valente
3999 3998 4001 4013 '

519 4089 645 4158 Dic,
700 4084 924 4159 inquit,
983 4085 1250 4142 Macario
1309 4100 1321 4140 :
1371 4084 1453 4141 Te
1495 4085 1768 4142 deterior
1822 4100 1943 4143 non
1995 4102 2158 4161 sum,
2271 4101 2502 4159 omisit,

513 4188 682 4259 quod
756 4191 818 4243 tu
887 4184 1041 4242 mihi
1114 4197 1374 4242 munera
1427 4183 1653 4240 mittas.
1715 4183 1916 4252 Quum
1972 4185 2161 4258 igitur

512 4289 759 4342 sanctus
813 4282 1115 4339 Macarius
1167 4296 1310 4337 eum
1364 4282 1692 4352 deceptum
1750 4296 1882 4338 esse
1937 4296 2158 4354 cogno-

509 4382 718 4450 visset,
752 4379 906 4436 abiit
957 4379 1031 4434 ad
1079 4393 1220 4434 eum
1271 4378 1744 4445 cohortandum,
1781 4384 1884 4435 et:
1941 4379 2156 4438 Valens

505 4482 719 4552 frater,
762 4478 984 4549 inquit,
1039 4476 1258 4534 illusus
1297 4489 1401 4543 es;
1449 4475 1662 4531 desine
1709 4480 1768 4531 et
1814 4477 2151 4548 deprecare

503 4581 693 4637 Deum
745 4574 757 4632 l
812 4575 923 4644 Qui
986 4573 1478 4631 admonitionem
1529 4573 1664 4630 eius
1712 4587 1835 4631 non
1887 4576 2144 4648 audivit,

2351 4217 2474 4272 lam
2507 4232 2654 4290 ergo
2684 4219 2760 4276 ad
2795 4220 2978 4277 ﬁnem
3013 4235 3223 4279 rerum
3248 4224 3325 4281 de
3360 4225 3633 4285 Macario
3669 4225 3898 4284 Alexan-

2269 4311 2451 4372 drino
2508 4331 2542 4374 e
2608 4317 2773 4375 libro
2829 4318 3085 4376 Palladii
3143 4325 3721 4392 cognoscendarum
3781 4332 3898 4393 per-

2264 4413 2567 4471 venimus.
2604 4416 3012 4474 Transeamus
3054 4418 3242 4489 igitur
3268 4420 3344 4477 ad
3397 4420 3609 4479 Ruﬁni
3641 4421 3893 4480 testimo-

2185 4523 2226 4576 D
2261 4509 2364 4566 nia
2393 4511 2468 4566 de
2496 4512 2775 4569 Macariis
2806 4513 3104 4586 Aegyptio
3134 4521 3195 4572 et
3227 4516 3670 4578 Alexandrino.

3999 4224 4001 4301 Ι

3999 4386 4001 4445 i

4000 4548 4001 4589 ι

4000 4608 4001 4672 i

4000 4675 4001 4745 i

499 4675 604 4734 sed
659 4673 1025 4731 inobediens
1068 4671 1398 4728 oblocutus
1445 4675 1557 4726 est.
1617 4670 1906 4730 Diabolus
1958 4673 2147 4745 igitur
2893 4648 3130 4707 CAPUT
3164 4651 3252 4707 IV-

492 4787 686 4846 quum
763 4775 1156 4842 compertum
1241 4768 1520 4836 haberet,
1600 4767 1935 4826 maximam
2021 4771 2140 4828 sibi
2253 4766 2545 4812 RUFINUS
2602 4770 2683 4812 DE
2743 4769 3010 4814 SANCTIS
3070 4773 3384 4817 MACARIIS
3436 4774 3774 4820 AEGYPTIO
3825 4769 3893 4814 ET

489 4871 673 4928 tidem
747 4882 889 4926 eum
945 4866 1258 4931 habuisse,
1330 4864 1590 4936 ﬁguram
1655 4865 1992 4924 Salvatoris
2050 4868 2139 4925 in-
2828 4870 3316 4915 ALEXANDRINO.

484 4969 643 5038 duit,
705 4971 766 5026 et
822 4972 1006 5024 noctu
1061 4963 1137 5022 ad
1190 4977 1334 5021 eum
1393 4962 1454 5019 in
1515 4962 1943 5035 phantasmate
1993 4980 2135 5023 cum
2326 4961 2482 5040 §26.
2541 4967 2606 5024 in
2659 4968 2822 5027 libro
2867 4971 3141 5028 secundo
3191 4971 3306 5028 VV.
3359 4971 3466 5030 PP.
3516 4968 3895 5033 collectionis

480 5068 656 5127 mille
704 5064 1117 5123 daemonibus
1176 5061 1495 5133 lampadas
1552 5061 1894 5119 ferentibus
1943 5065 2127 5138 venit,
2242 5063 2708 5123 Rosweidianae
2781 5067 2858 5124 de
2929 5069 3210 5126 Macariis
3287 5070 3439 5128 haec
3521 5072 3816 5144 leguntur
3880 5083 3892 5122 :

477 5171 804 5238 rotamque
835 5163 1079 5235 igneam
1109 5158 1399 5226 ostendit,
1434 5158 1497 5216 in
1542 5173 1663 5231 qua
1694 5160 1899 5218 media
1929 5161 2132 5219 Salva-
2245 5181 2273 5213 ι
2306 5161 2650 5222 Narrabant
2697 5169 2902 5224 autem
2935 5166 3114 5224 nobis
3152 5165 3194 5233 1
3215 5165 3325 5234 10
3369 5169 3635 5241 quidam
3669 5185 3743 5228 ex
3788 5181 3892 5241 pa-

541 5445 618 5517 (l)
657 5443 868 5497 Textus
899 5453 1151 5511 graecus
1173 5435 1386 5505 legitur
1412 5434 1638 5489 infrain
1669 5434 1886 5490 harum
1911 5438 2108 5501 Quaes
2236 5448 2379 5488 num
2408 5435 2750 5506 Appendice
2782 5439 2976 5509 priore
3012 5438 3126 5495 sub
3157 5440 3248 5507 lli,
3280 5441 3313 5495 4
3343 5456 3358 5506 ;
3396 5439 3538 5497 Hist.
3582 5443 3754 5497 Laus.
3799 5436 3888 5493 ed.

464 5529 1058 5602 tionumAppendice
1090 5527 1279 5598 priore
1305 5523 1532 5588 subIIl,
1561 5525 1612 5579 3.
1635 5523 1716 5578 Cf.
1752 5525 1902 5582 Hist.
1936 5528 2118 5582 Laus.
2234 5524 2446 5580 Meurs.
2480 5540 2614 5595 cap.
2645 5526 2733 5580 33.

459 5625 554 5682 ed.
588 5623 814 5678 Meurs.
861 5635 996 5691 cap.
1028 5618 1113 5672 32.
2303 5613 2380 5683 (3)
2423 5613 2537 5671 VV.
2572 5617 2674 5674 PP.
2705 5618 2899 5673 Rosw.
2934 5635 2993 5690 p.
3033 5619 3158 5687 734,
3194 5621 3244 5676 1.

529 5715 600 5777 (2)
639 5714 850 5768 Textus
893 5723 1143 5782 graecus
1187 5708 1380 5762 exstat
1444 5704 1503 5759 in
1550 5703 1766 5760 harum
1808 5705 2118 5770 Quaestio-
