4092 6256
185 280 289 336 105
1774 256 1827 312 VL

1948 256 2007 310 E.
3602 261 3626 312 1

184 408 412 473 tribus,
464 405 572 478 qui
647 403 735 461 ibi
843 399 932 476 [in
981 392 1262 471 Cellulis]
1319 396 1516 463 erant,
1571 389 1737 463 quod
1783 387 1846 444 in
1891 388 1935 440 A
1966 389 2068 443 tur
2087 385 2199 464 (2).
2238 412 2263 441 »
2298 389 2654 462 Sequuntur
2682 396 2809 450 tres
2857 392 3248 450 narrationes
3277 393 3353 450 de
3397 392 3608 465 puella

185 504 487 564 Iocisillis
515 503 641 561 duo
665 499 908 559 Macarii
943 495 1119 570 quasi
1151 496 1276 551 duo
1311 490 1469 550 coeli
1516 487 1850 546 luminaria
1963 487 2025 544 in
2048 503 2273 560 equam
2308 495 2559 557 mutata,
2618 493 2693 549 de
2753 491 2957 565 puella
3009 495 3274 556 minore,
3324 492 3503 549 cuius
3532 506 3608 549 ex

184 603 592 667 refulsissent,
669 615 746 657 ex
815 597 1048 670 quibus
1118 607 1277 650 unus
1347 588 1680 660 Aegyptius
1742 600 1849 656 ge-
1962 602 2227 660 corpore
2276 589 2583 646 vermium
2645 590 2972 647 innumera
3037 588 3369 646 multitudo
3422 589 3606 646 ebul-

180 716 331 759 nere
412 707 472 758 et
543 697 891 770 discipulus
959 692 1122 751 beati
1179 688 1428 747 Antonii
1485 686 1621 756 fuit,
1692 684 1852 741 alius
1961 684 2171 758 liebat,
2249 693 2310 744 et
2374 687 2451 744 de
2526 695 2776 747 mortuo
2813 689 3065 746 homine
3114 688 3190 744 ad
3231 686 3606 744 Nieracitam

183 798 668 857 Alexandrinus.
744 794 982 863 Quibus
1036 794 1103 848 ut
1175 785 1479 846 vocabula
1551 781 1843 847 nominis,
1961 783 2343 842 haereticum
2435 787 2849 844 refellendum
2937 785 3299 843 resuscitato
3373 801 3384 841 :
3447 798 3608 857 quae

179 899 262 956 ita
298 898 571 955 virtutes
604 894 795 952 animi
821 896 882 950 et
909 887 1272 948 coelestium
1321 883 1659 957 gratiarum
1708 895 1846 937 ma-
1956 881 2074 938 tria
2098 883 2343 940 Macarii
2377 882 2661 956 Aegyptii
2685 882 3020 960 :jmiracula
3051 885 3174 941 iam
3203 899 3278 940 ex
3325 882 3606 941 Palladio

171 995 541 1068 gniﬁcentia
591 989 1032 1050 concordabat.
1085 985 1354 1056 Uterqne
1408 981 1576 1038 enim
1650 978 1844 1035 Maca-
1953 982 2359 1053 cognovimus
2435 981 2543 1056 (3).
2607 983 2844 1040 Finitur
2898 983 3153 1040 demum
3205 981 3482 1039 narratio
3535 982 3607 1039 li-

169 1095 324 1160 rius,
352 1099 629 1164 uterque
686 1085 1095 1147 abstinentiae
1166 1079 1480 1140 exercitiis
1537 1082 1598 1135 et
1649 1077 1842 1133 virtu-
1955 1081 2051 1136 bri
2107 1081 2363 1137 secundi
2414 1081 2490 1137 de
2545 1081 2810 1137 Macario
2859 1081 3162 1152 Aegyptio
3218 1080 3312 1136 1115
3350 1078 3599 1137 verbis:

171 1191 342 1250 tibus
393 1189 597 1248 animi
641 1186 983 1259 aequaliter
1037 1181 1316 1254 pollens;
1349 1179 1469 1235 hoc
1518 1175 1652 1234 solo
1682 1174 1842 1231 alius
1956 1180 2196 1236 «Multa
2241 1179 2428 1235 etiam
2483 1184 2540 1236 et
2585 1179 2704 1236 alia
2758 1178 3119 1236 ferebantur
3157 1180 3234 1235 de
3282 1192 3378 1242 eo,
3444 1191 3605 1249 quae

169 1287 590 1362 praecellens,
651 1283 820 1358 quod
917 1280 1093 1354 quasi
1159 1275 1606 1336 haereditatem
1701 1285 1839 1343 gra-

169 1389 402 1444 tiarum
472 1389 532 1441 et
617 1382 920 1439 virtutum
994 1376 1158 1436 beati
1245 1372 1492 1431 Antonii
1553 1369 1838 1444 posside-

169 1487 274 1544 bat
304 1483 410 1560 (l).
459 1505 486 1535 ››

252 1582 340 1639 En
370 1579 716 1639 Macarium
779 1572 1147 1648 Aegyptium
1205 1571 1262 1629 S.
1340 1566 1589 1626 Antonii
1629 1563 1834 1637 magni

164 1679 564 1751 discipulum
595 1677 1024 1745 virtutumque
1069 1671 1205 1728 eius
1230 1668 1404 1741 quasi
1447 1665 1780 1723 haeredem
1817 1659 1829 1717 l

1950 1276 2137 1334 nimis
2189 1277 2433 1348 prolixa
2456 1285 2597 1334 sunt
2640 1277 2716 1334 ad
2743 1277 3171 1342 scribendum,
3226 1276 3332 1332 sed
3388 1289 3463 1332 ex
3507 1276 3604 1332 his

1949 1375 2128 1446 pauci
2155 1376 2342 1432 etiam
2368 1381 2574 1433 cetera
2621 1376 2757 1433 eius
2798 1389 2991 1447 opera
3022 1378 3363 1431 noscuntur
3403 1372 3522 1448 (4).
3567 1392 3599 1427 1)

2027 1473 2225 1532 Nemo
2270 1472 2547 1545 profecto
2577 1474 2916 1546 dubitabit,
2966 1473 3118 1545 quin
3165 1471 3266 1529 hic
3298 1472 3602 1530 Macarius

1950 1571 2286 1645 Aegyptius
2349 1571 2514 1628 idem
2586 1573 2683 1637 sit,
2759 1573 2836 1629 de
2915 1587 3042 1644 quo
3126 1587 3314 1644 supra
3385 1573 3598 1634 retulit

1948 1670 2275 1729 Palladius.
2341 1670 2540 1737 Quare
2595 1669 2734 1726 iure
2765 1670 3046 1746 offendit,
3080 1671 3247 1742 quod
3299 1672 3598 1731 Macarius

164 1748 369 1846 QUIN—1
453 1789 584 1832 rem
661 1778 997 1842 δηιθειυδπι
1081 1764 1512 1838 expediamus,
1564 1761 1828 1836 reliqua.
1874 1748 1914 1800 Β
1954 1769 2286 1840 Aegyptius
2313 1767 2476 1824 libro
2505 1769 2780 1826 secundo
2836 1769 2894 1826 S.
2952 1769 3200 1827 Antonii
3250 1771 3598 1842 discipulus

165 1891 331 1949 quae
384 1874 464 1931 de
522 1870 787 1929 Macario
847 1865 1156 1941 Aegyptio
1218 1864 1281 1920 in
1343 1862 1507 1918 libro
1562 1858 1837 1916 secundo

168 1974 664 2044 subiunguntur,
693 1965 1027 2025 audiamus
1057 1981 1071 2020 :

253 2090 285 2125 ‹(
365 2070 521 2127 Hinc
598 2066 868 2136 denique
956 2062 1183 2128 ferunt,
1265 2055 1603 2129 aliquando
1639 2067 1835 2126 quum

169 2170 592 2228 homicidium
647 2166 710 2223 in
764 2164 917 2223 locis
958 2161 1180 2220 vicinis
1239 2155 1458 2216 fuisset
1489 2154 1835 2212 admissum

169 2276 232 2326 et
304 2267 621 2325 innocenti
657 2264 909 2323 cuidam
953 2261 1409 2333 impingeretur
1452 2255 1691 2313 crimen
1723 2253 1834 2310 ad-

169 2365 382 2427 missi.
443 2363 794 2435 confugisse
841 2361 920 2416 ad
975 2359 1113 2417 eius
1144 2355 1437 2414 cellulam
1495 2366 1663 2417 eum,
1724 2351 1832 2423 qui

171 2464 557 2523 calumniam
604 2460 972 2533 patiebatur.
1033 2456 1316 2513 Adfuisse
1355 2453 1543 2510 etiam
1575 2464 1681 2508 eos
1725 2448 1831 2521 qui

173 2562 620 2635 perurgebant,
706 2557 1032 2628 allegantes
1110 2557 1171 2610 et
1233 2553 1525 2611 dicentes,
1585 2547 1832 2621 pericli-

170 2661 291 2718 tari
345 2674 412 2716 se
463 2659 644 2726 ipsos,
681 2655 800 2713 nisi
849 2652 1374 2725 comprehensum
1434 2647 1676 2720 legibus
1700 2652 1828 2703 tra-

167 2759 391 2816 derent
452 2755 863 2815 homicidam.
923 2752 976 2810 ls
1032 2765 1201 2815 vero,
1263 2749 1364 2806 cui
1420 2747 1660 2804 crimen
1714 2744 1829 2801 im-

167 2856 570 2930 pingebatur,
629 2866 773 2910 cum
826 2847 1232 2908 sacramentis
1283 2845 1653 2910 afﬁrmabat,
1684 2857 1831 2900 con—

163 2955 370 3013 scium
425 2967 490 3011 se
545 2965 667 3010 non
723 2964 857 3007 esse
900 2946 1218 3019 sanguinis
1286 2943 1485 3001 illius.
1558 2941 1629 2998 Et
1682 2954 1825 2998 cum

164 3053 274 3111 diu
308 3053 391 3110 ab
449 3057 711 3122 utraque
742 3051 917 3120 parte
964 3050 1282 3102 certamen
1332 3043 1694 3103 haberetur,
1731 3039 1824 3096 in-

162 3149 526 3222 terrogabat
559 3153 809 3205 sanctus
857 3142 1180 3208 Macarius,
1247 3140 1356 3198 ubi
1411 3139 1692 3210 sepultus
1734 3151 1827 3194 es-

161 3256 256 3308 set
305 3247 418 3320 qui
469 3246 793 3304 dicebatur
845 3242 1116 3300 occisus.
1187 3240 1468 3311 Cumque
1517 3237 1826 3306 designas-

163 3351 304 3404 sent
362 3345 594 3411 locum,
641 3356 786 3399 cum
841 3339 1155 3404 omnibus,
1213 3338 1320 3409 qui
1366 3336 1443 3392 ad
1477 3348 1825 3406 perurgen-

170 3444 326 3501 dum
389 3441 711 3498 hominem
788 3441 1104 3501 venerant,
1191 3433 1392 3506 pergit
1469 3433 1546 3490 ad
1623 3433 1826 3503 sepul-

162 3543 420 3604 chrum,
457 3543 640 3609 atque
665 3536 752 3593 ibi
787 3535 920 3592 ﬁxis
943 3533 1226 3605 genibus,
1274 3531 1559 3588 invocato
1619 3529 1823 3588 Chris-

161 3640 239 3697 sti
303 3636 583 3702 nomine,
644 3635 728 3691 ait
789 3632 862 3689 ad
919 3645 1051 3702 eos,
1110 3630 1215 3702 qui
1273 3629 1590 3686 astabant:
1653 3629 1823 3685 Nunc

161 3735 471 3795 Dominus
524 3732 826 3796 ostendet,
889 3730 939 3787 si
983 3743 1127 3786 vere
1187 3743 1332 3785 reus
1389 3733 1479 3783 est
1524 3726 1650 3795 hic,
1715 3726 1823 3798 qui

161 3837 542 3908 perurgetur
595 3846 630 3888 a
697 3829 898 3887 vobis.
971 3826 1042 3883 Et
1088 3826 1324 3883 elevata
1371 3839 1523 3882 voce
1575 3839 1650 3880 ex
1710 3837 1824 3881 no-

160 3933 336 3992 mine
385 3929 613 3988 clamat
673 3925 1066 3984 defunctum.
1153 3924 1435 3994 Cumque
1487 3922 1544 3979 ei
1599 3921 1676 3979 de
1724 3935 1823 3978 se-

159 4029 435 4104 pulchro
504 4031 756 4084 vocatus
818 4022 1266 4095 respondisset,
1360 4021 1444 4078 ait
1489 4021 1565 4077 ad
1622 4034 1818 4076 eum:

158 4130 283 4187 Per
340 4126 530 4183 ﬁdem
585 4124 810 4181 Christi
859 4128 919 4179 te
972 4123 1273 4189 obtestor,
1329 4125 1391 4176 ut
1443 4118 1637 4185 dicas,
1668 4117 1719 4175 si
1745 4118 1822 4174 ab

159 4229 280 4285 hoc
333 4224 616 4290 homine,
669 4221 776 4294 qui
841 4219 1222 4277 calumniam
1279 4218 1533 4289 patitur,
1580 4215 1824 4274 occisus

157 4342 224 4384 es
256 4321 287 4380 εἴ
313 4324 490 4381 Τ11116
530 4321 634 4378 1116
686 4319 764 4376 (16
816 4317 1154 4390 sepulchro
1186 4317 1354 4373 clara
1386 4329 1535 4373 voce
1568 4329 1819 4386 respon-

158 4423 250 4482 dit
311 4421 533 4480 dicens
596 4437 608 4474 :

156 4522 228 4580 Et
309 4533 459 4578 cum
533 4514 946 4586 obstupefacti
1015 4527 1233 4570 omnes
1295 4511 1674 4569 decidissent
1745 4511 1822 4568 ad

157 4625 392 4678 terram
436 4630 512 4673 ac
564 4613 828 4685 pedibus
878 4612 1014 4668 eius
1056 4610 1558 4680 advolverentur,
1602 4621 1824 4680 rogare

154 4718 527 4788 coeperunt,
590 4716 656 4769 ut
707 4710 1118 4780 interrogaret
1180 4720 1346 4773 eum,
1405 4722 1437 4763 a
1508 4719 1633 4778 quo
1663 4711 1824 4763 esset

155 4815 429 4874 occisus.
476 4809 647 4867 Tunc
679 4807 828 4864 ille:
882 4807 1026 4870 Hoc,
1092 4805 1314 4876 inquit,
1366 4818 1488 4861 non
1545 4803 1826 4860 interro-

156 4914 358 4984 gabo;
398 4907 631 4966 sufficit
673 4907 843 4962 enim
892 4905 1067 4967 mihi,
1123 4908 1189 4960 ut
1234 4903 1532 4960 innocens
1594 4898 1825 4958 libere-

153 5015 254 5068 tur
283 5029 296 5076 ;
329 5022 454 5065 non
489 5009 580 5061 est
602 5009 808 5060 autem
842 5016 1075 5072 meum,
1114 4998 1279 5067 111
1319 5005 1386 5057 ut
1438 5013 1582 5057 reus
1605 4999 1827 5071 proda-

231 5219 306 5289 (1)
339 5217 452 5273 νν.
481 5216 584 5269 ΡΡ.
618 5214 804 5268 Rosw.
835 5211 936 5266 lib.
967 5210 1013 5264 ΙΙ
1042 5225 1174 5279 cap.
1211 5208 1280 5263 28
1303 5226 1362 5280 p.
1396 5209 1522 5272 479,
1551 5208 1604 5262 2.
1633 5208 1828 5264 Ruﬁni

167 5307 312 5378 Opp.
337 5306 440 5362 ed.
488 5301 730 5358 Vallarsi
763 5317 821 5371 p.
875 5302 1000 5364 193,
1038 5300 1225 5367 Migne
1261 5297 1469 5353 Patrol.
1507 5298 1567 5351 T.
1603 5297 1720 5353 XXI
1765 5315 1824 5369 p.

168 5399 456 5556 “giqv'v.
503 5479 614 5535 PP.
642 5482 843 5536 Rosw.
883 5477 985 5534 1.1.
1024 5495 1038 5544 ;
1072 5477 1267 5533 Ruﬁni
1300 5478 1451 5548 Opp.
1482 5477 1576 5532 ed.
1613 5476 1831 5533 Vallar-

176 5574 220 5630 si
249 5573 285 5629 l.
305 5575 369 5641 1.,
400 5573 597 5641 Migne
633 5569 670 5622 l.
704 5569 746 5624 1.
782 5584 844 5640 p.
888 5567 1011 5627 450.

244 5664 321 5736 (3)
361 5663 448 5722 cr.
480 5675 672 5732 supra
695 5660 885 5729 Caput
913 5673 952 5714 11
981 5660 1037 5732 §§
1072 5659 1154 5715 12.
1187 5658 1275 5715 13.
1313 5657 1406 5716 14.
1455 5662 1541 5716 11.

1947 1867 2415 1940 gratiarumque
2471 1865 2607 1922 eius
2680 1881 2751 1922 ac
2807 1867 3108 1924 virtutum
3162 1869 3337 1939 quasi
3380 1868 3600 1926 haeres

1947 1968 2224 2029 vocatur,
2299 1961 2476 2019 cuius
2540 1963 2857 2035 dignitatis
2953 1963 3269 2023 Palladius
3361 1966 3597 2024 nullam

1948 2064 2130 2135 plane
2179 2060 2560 2117 mentionem
2618 2061 2788 2118 fecit.
2859 2063 3100 2120 Etenim
3160 2063 3423 2134 legimus
3461 2063 3599 2136 qui-

1946 2161 2089 2218 dem
2123 2159 2184 2218 in
2232 2158 2577 2216 Meursiana
2611 2159 2916 2218 Historiae
2969 2161 3294 2219 Lausiacae
3323 2163 3597 2220 editione

1945 2259 2021 2316 de
2082 2255 2348 2315 Macario
2407 2257 2701 2328 quodam,
2758 2273 2947 2330 quem
2979 2261 3279 2317 virtutum
3338 2273 3596 2318 suarum

1943 2354 2281 2415 haeredem
2343 2355 2474 2412 fore
2523 2357 2581 2413 S.
2637 2356 2938 2414 Antonius
2988 2358 3122 2431 ipse
3170 2359 3592 2431 praedixerit;

1945 2455 2051 2513 sed
2105 2455 2314 2512 locum
2367 2455 2653 2525 spurium
2708 2471 2841 2513 esse
2871 2456 3251 2523 censuimus,
3287 2459 3595 2517 narratio-

1945 2568 2214 2626 nemque
2257 2552 2523 2610 Macario
2565 2553 2983 2612 Alexandrino
3023 2555 3102 2611 ab
3145 2554 3595 2627 interpolatore

1944 2654 2242 2711 tributam
2285 2650 2656 2722 Pispiritano
2715 2653 2932 2723 magis,
2972 2667 3161 2724 quam
3198 2654 3424 2712 nostris
3450 2669 3596 2712 con-

1940 2752 2153 2810 venire
2200 2749 2481 2807 Macariis
2537 2746 2647 2824 (5).
2714 2750 2793 2808 De
2840 2751 3103 2809 Macario
3147 2758 3355 2809 autem
3394 2754 3593 2825 Aegy-

1940 2851 2071 2924 ptio
2102 2849 2259 2907 nihil
2302 2847 2560 2905 omnino
2609 2847 2918 2906 eiusmodi
2967 2855 3382 2909 memoratum
3441 2851 3592 2909 huc-

1937 2963 2133 3020 usque
2161 2946 2530 3004 invenimus.

2017 3047 2164 3104 Rem
2198 3060 2231 3101 a
2283 3045 2538 3102 Socrate
2591 3045 2874 3117 expediri
2915 3045 3081 3103 haud
3124 3051 3360 3104 temere
3390 3047 3592 3105 credi-

1936 3143 2126 3210 deris,
2206 3145 2313 3215 qui
2391 3155 2586 3213 quum
2659 3142 2922 3214 reliqua,
2975 3159 3135 3215 quae
3180 3145 3256 3202 de
3305 3145 3589 3203 Macariis

1936 3243 2148 3314 refert,
2179 3255 2252 3298 ex
2297 3239 2474 3296 libris
2529 3239 2772 3312 Evagrii
2827 3245 3144 3299 mutuatus
3200 3242 3301 3315 sit,
3361 3243 3515 3301 haec
3554 3259 3588 3301 e

1935 3341 2100 3398 libro
2152 3338 2426 3396 secundo
2467 3339 2875 3409 assumpsisse
2932 3340 3177 3398 videtur
3231 3356 3242 3396 :
3303 3359 3332 3394 ((
3393 3342 3586 3401 Porro

1935 3438 2098 3496 inter
2143 3436 2502 3505 monachos,
2537 3435 2645 3507 qui
2674 3450 2748 3492 eo
2782 3441 3065 3509 tempore
3114 3437 3423 3511 vixerunt,
3457 3440 3582 3497 duo

1932 3537 2108 3594 fuere
2174 3534 2546 3591 sanctissimi
2609 3534 2829 3591 eodem
2889 3535 3142 3593 nomine
3189 3538 3576 3609 nuncupati;

1933 3640 2196 3706 uterque
2291 3633 2459 3688 enim
2523 3631 2824 3689 Macarius
2892 3633 3239 3694 dicebatur.
3305 3637 3584 3704 Quorum

1934 3732 2087 3788 alter
2140 3745 2210 3786 ex
2283 3729 2609 3801 superiore
2687 3731 2985 3802 Aegypto,
3041 3732 3198 3791 alter
3272 3748 3347 3791 ex
3422 3736 3581 3792 urbe

1935 3827 2307 3887 Alexandria
2336 3832 2468 3884 erat
2496 3826 2827 3885 oriundus.
2866 3833 2868 3836 ’
2895 3829 3185 3887 Ceterum
3211 3832 3398 3890 ambo
3429 3846 3580 3905 prae

1932 3925 2156 3984 ceteris
2194 3925 2465 3983 illustres
2513 3925 2765 3982 fuerunt
2814 3930 2946 3983 tum
2979 3933 3238 4000 propter
3266 3930 3576 3988 abstinen-

1931 4025 2106 4092 tiam,
2162 4028 2294 4080 tum
2351 4023 2432 4080 ob
2491 4037 2698 4080 mores
2727 4027 2786 4080 et
2842 4026 3407 4097 conversationem,
3439 4032 3574 4084 tum

1931 4124 2015 4181 ob
2068 4121 2390 4184 miracula,
2438 4135 2597 4192 quae
2659 4135 2772 4193 per
2812 4135 3034 4179 eorum
3077 4137 3299 4180 manus
3356 4138 3578 4196 perpe-

1929 4218 2274 4277 trahantur.
2367 4218 2699 4290 Aegyptius
2773 4219 3029 4289 quidem
3105 4221 3407 4278 Macarius
3488 4225 3579 4280 tot

1929 4317 2167 4375 sanavit
2227 4329 2462 4388 aegros,
2542 4319 2634 4374 tot
2707 4316 2994 4374 obsessos
3063 4333 3098 4374 a
3170 4319 3582 4379 daemonibus

671 4432 793 4475 non
845 4431 912 4474 se
966 4429 1100 4473 esse
1156 4415 1234 4471 ab
1279 4428 1353 4472 eo
1399 4413 1815 4470 interfectum.
1856 4453 1901 4506 Β
1932 4415 2245 4486 liberavit,
2286 4418 2454 4487 112
2491 4421 2576 4486 ut,
2607 4428 2767 4487 quae
2805 4429 2918 4487 per
2947 4416 3206 4487 gratiam
3242 4417 3343 4474 Dei
3370 4418 3577 4489 gessit,

1937 4518 2292 4585 separatum
2318 4527 2475 4584 opus
2513 4513 2868 4569 desiderent
2905 4512 3013 4588 (6).
3049 4532 3077 4568 »
3123 4512 3291 4580 Quae
3322 4516 3580 4587 quidem

1936 4611 2205 4670 Socratis
2253 4610 2438 4667 verba
2499 4611 2582 4667 ita
2636 4625 2780 4668 cum
2836 4611 3000 4669 libro
3057 4614 3330 4670 secundo
3377 4613 3584 4672 conci-

1936 4713 2112 4780 nunt,
2145 4713 2212 4765 ut
2253 4709 2555 4780 suspicari
2602 4709 2802 4776 liceat,
2857 4709 3035 4776 illud,
3070 4711 3239 4782 quod
3267 4716 3580 4780 narratur,

1937 4807 2270 4864 Macarium
2327 4807 2696 4879 Aegyptium
2753 4810 2812 4866 S.
2895 4808 3146 4866 Antonii
3203 4809 3584 4884 discipulum

1938 4905 2364 4977 virtutumque
2435 4906 2569 4962 eius
2619 4908 2795 4978 quasi
2855 4907 3190 4965 haeredem
3253 4909 3464 4977 fuisse,
3520 4905 3587 4968 in

1937 5004 2208 5076 genuino
2259 5017 2479 5076 graeco
2537 5004 2683 5061 libri
2733 5005 2989 5063 secundi
3051 5010 3245 5079 textu,
3305 5023 3432 5080 quo
3484 5007 3591 5066 So—

2011 5215 2092 5286 (4)
2125 5216 2231 5267 VV.
2262 5215 2360 5268 PP.
2383 5216 2578 5269 Rosw.
2605 5213 2644 5268 l.
2671 5214 2855 5279 1.480,
2886 5217 2920 5267 2
2942 5231 2955 5280 ;
2981 5214 3230 5270 Vallarsi
3252 5215 3289 5270 l.
3323 5216 3366 5271 Ι.
3391 5216 3592 5287 ρ.196,

1942 5303 2131 5372 Migne
2172 5303 2209 5356 l.
2254 5303 2300 5356 l.
2341 5319 2400 5373 p.
2435 5303 2559 5357 452.

2012 5393 2092 5461 (5)
2127 5391 2210 5446 Cf.
2242 5405 2426 5461 supra
2458 5394 2649 5462 Caput
2677 5390 2748 5444 Ill
2787 5407 2842 5462 p.
2879 5393 2977 5448 l02
3000 5405 3140 5461 sqq.

1927 5519 1938 5533 .
2015 5480 2090 5549 (6)
2123 5482 2288 5535 Socr.
2331 5481 2466 5535 Hist.
2511 5479 2662 5536 Eccl.
2696 5479 2798 5534 lib.
2832 5479 2904 5533 IV
2964 5495 3091 5549 cap.
3146 5482 3213 5532 23
3256 5479 3352 5535 ed.
3405 5478 3595 5536 Vales.

1945 5585 2012 5640 p.
2051 5570 2176 5624 234.
