4092 6256
510 307 618 365 10⁸7

1389 297 1493 352 SS.
1536 292 2026 352 MACARIORUM
2066 278 2405 344 AEGYPTII
2447 285 2533 339 ET
2571 282 3058 338 ALEXANDRINI
3827 279 3914 335 108

509 442 709 494 crates
773 432 1089 495 utebatur,
1151 443 1274 485 non
1344 427 1686 492 inventum,
1768 424 1875 482 sed
1961 419 2157 479 Ruﬁni
2197 413 2371 480 Asit,
2434 418 2494 470 et
2552 418 2688 485 aget
2748 413 3217 485 poenitentiam,
3279 418 3345 469 ut
3399 410 3687 469 salvetur
3731 408 3918 466 anima

511 529 876 603 interpretis
899 528 1157 585 fortasse
1191 529 1615 584 commentum
1651 539 1807 593 esse,
1854 525 1958 579 aut
1987 525 2163 591 post—
2277 512 2413 570 eius
2446 509 2552 587 (6).
2593 529 2622 564 »

517 632 777 690 modum
808 644 840 685 a
887 641 1075 684 manu
1127 621 1591 695 interpolatrioe
1641 637 1773 679 esse
1825 621 2157 678 adiectum.

599 736 884 796 Ruﬁnum
939 732 1191 806 quidem
1244 731 1402 789 inter
1445 731 1603 790 duos
1657 729 1975 796 Macarios,
2010 737 2168 796 quos

516 836 580 893 in
657 831 1128 891 Continuatione
1159 827 1460 886 Historiae
1535 826 1995 884 Ecclesiasticae
2042 822 2169 879 Eu-

524 930 681 990 sebii
712 935 886 988 vocat
915 926 1029 1003 (l),
1090 928 1423 985 Macarium
1477 925 1960 984 Alexandrinum
2007 923 2172 976 retu-

515 1031 670 1088 lisse
719 1044 792 1085 ex
845 1031 1134 1086 contextu
1188 1029 1490 1096 apparet;
1544 1037 1738 1094 quum
1785 1035 1936 1077 vero
1983 1017 2173 1075 lsidoo

529 1143 691 1199 rum,
747 1126 1164 1196 Heraclidem,
1219 1124 1522 1181 Pambum
1594 1121 1761 1180 idem
1835 1117 2178 1190 discipulos

531 1227 588 1284 S.
665 1224 913 1282 Antonii
986 1222 1279 1294 appellet,
1351 1222 1470 1278 hoc
1544 1219 1917 1277 vocabulum
1997 1228 2180 1272 sensu

530 1323 755 1382 latiore
785 1319 1222 1391 accipiendum
1251 1333 1383 1375 esse
1423 1317 1689 1375 videtur.
1737 1315 1950 1387 Neque
1975 1313 2184 1370 minus

537 1422 602 1479 in
632 1419 930 1492 Apologia
987 1413 1337 1493 [Invectiva]
1387 1417 1432 1473 ll
1488 1413 1576 1492 (2)
1633 1413 1888 1472 Ruﬁnus
1940 1411 2187 1469 «Maca-

541 1518 710 1576 rium
740 1515 987 1574 Antonii
1045 1513 1426 1586 discipulum
1470 1533 1499 1569 »
1549 1515 1610 1570 et
1663 1531 1692 1565 «
1741 1513 2009 1569 alterum
2058 1509 2190 1565 Ma-

544 1616 785 1675 carium
859 1634 882 1665 ›
962 1617 1435 1682 commemorat,
1523 1612 1630 1669 ubi
1707 1615 1913 1667 tamen
1980 1613 2192 1666 utrum

546 1712 957 1772 Macariorum
987 1710 1083 1767 vel
1107 1725 1298 1769 unum
1337 1709 1596 1768 omnino
1618 1723 1811 1767 unum
1842 1722 1916 1764 ex
1962 1704 2196 1763 nostris

550 1810 801 1880 dixerit,
914 1824 1037 1867 nou
1115 1808 1502 1882 intelligitur.
1591 1809 1791 1877 Quare
1865 1800 2199 1865 Macarium

553 1906 901 1984 Aegyptium
979 1922 1014 1964 a
1095 1906 1315 1964 Ruﬁno
1396 1906 1454 1964 S.
1516 1905 1765 1964 Antonii
1818 1903 2198 1978 discipulum

554 2007 811 2080 proprie
837 2005 1068 2073 vocari,
1098 2012 1270 2063 certo
1297 2019 1420 2062 non
1446 2008 1710 2063 constat.

640 2116 836 2185 Atque
862 2112 1200 2169 Macarium
1257 2110 1626 2183 Aegyptium
1685 2110 1743 2167 S.
1809 2108 2056 2166 Antonii
2112 2105 2203 2163 di-

559 2211 872 2282 scipulum
904 2209 1092 2266 fuisse
1123 2213 1368 2281 praeter
1395 2208 1626 2267 librum
1673 2207 2014 2264 secundum
2036 2203 2204 2261 solus

561 2307 892 2365 Makrizius
925 2305 1133 2363 habet.
1187 2305 1519 2363 Makrizius
1549 2319 1691 2361 eum
1748 2319 1781 2360 a
1829 2303 1896 2361 S.
1941 2301 2205 2360 Antonio

559 2410 726 2464 veste
778 2405 1229 2463 monachorum
1283 2402 1595 2461 indultum
1671 2409 1730 2459 et
1800 2403 1865 2459 in
1918 2397 2208 2457 Wadi-al-

559 2505 816 2563 Natrum
860 2504 902 2563 i.
959 2517 1013 2561 e.
1049 2502 1112 2559 in
1151 2503 1379 2560 vallem
1438 2501 1669 2558 Nitriae
1696 2496 1962 2576 [deserta
1991 2493 2206 2573 Scetis]

563 2602 823 2659 missum
877 2615 1032 2664 esse,
1089 2614 1163 2657 ex
1227 2597 1562 2656 traditione
1620 2599 1877 2656 fortasse
1921 2594 2208 2654 coenobii

562 2697 894 2757 Macariani
953 2696 1165 2755 retulit
1210 2695 1324 2772 (3).
1362 2697 1470 2755 Cui
1529 2701 1734 2754 tamen
1767 2699 1980 2766 aperte
2029 2695 2212 2753 oblo-

562 2799 840 2870 quuntur
869 2792 1166 2852 historiae
1188 2795 1335 2852 libri
1383 2791 1716 2866 quintiVV.
1752 2793 1858 2850 PP.
1886 2791 2086 2850 Rosw.
2125 2791 2209 2869 (li)

564 2898 625 2951 et
671 2893 1278 2965 Apophthegmatum
1316 2892 1606 2951 Cotelerii
1665 2888 1769 2965 (5),
1813 2890 2043 2962 quibus
2085 2892 2211 2948 Ma-

564 2992 806 3051 carium
879 2993 1176 3064 Aegytum
1251 2996 1469 3063 sponte
1546 2991 1608 3048 in
1667 2990 1891 3048 Scetim
1961 2989 2210 3062 abiisse,

563 3105 766 3163 neque
823 3090 943 3147 nisi
1000 3089 1346 3162 posteriore
1407 3093 1688 3162 tempore
1759 3089 1816 3146 S.
1876 3088 2210 3147 Antonium
2245 3064 2286 3120 δ

565 3189 853 3246 invisisse
878 3189 1166 3246 traditur.

645 3306 1038 3376 Quapropter
1068 3319 1101 3360 e
1127 3305 1336 3361 verbis
1385 3303 1529 3360 libri
1589 3304 1844 3361 secundi
1877 3303 2029 3360 nihil
2055 3303 2211 3360 certi

564 3402 776 3474 colligi
850 3416 1029 3474 posse
1060 3401 1326 3467 videtur,
1362 3401 1480 3458 nisi
1545 3402 1713 3472 quod
1767 3405 1826 3457 et
1878 3416 1951 3457 ex
1991 3402 2215 3459 ceteris

567 3499 842 3558 fontibus
866 3498 1190 3565 efﬁciatur,
1228 3498 1562 3556 Macarium
1605 3499 1921 3556 interdum
1978 3513 2052 3554 ex
2105 3513 2210 3557 ore

568 3597 627 3655 S.
692 3595 1176 3668 Antonii,quem
1228 3596 1475 3662 viserat,
1510 3595 1787 3654 instituta
1828 3595 1984 3652 vitae
2042 3594 2210 3665 113

568 3694 972 3752 monachicae
1003 3695 1356 3767 percepisse
1395 3708 1666 3766 eumque
1699 3693 1882 3751 laude
1911 3692 2212 3750 virtutum

568 3807 765 3866 paene
809 3791 1270 3865 aequiparasse.

651 3908 758 3966 His
809 3907 1106 3980 expositis
1151 3908 1354 3967 solum
1432 3912 1620 3967 restat
1672 3907 1840 3981 quod
1898 3921 2210 3976 moneam,

569 4007 1014 4074 narrationem,
1076 4022 1264 4080 quam
1325 4006 1648 4065 attulimus
1703 4007 1780 4064 de
1837 4012 2084 4065 mortuo
2140 4007 2216 4064 ad

572 4106 964 4181 purgandum
1048 4105 1391 4175 hominem,
1485 4106 1592 4178 qui
1671 4103 1994 4163 homicidii
2067 4104 2215 4161 falso

569 4205 1000 4276 accusabatur,
1076 4220 1110 4261 a
1185 4203 1450 4262 Macario
1521 4203 1886 4262 resuscitato
1954 4203 2083 4259 fere
2141 4201 2217 4259 ad

572 4303 834 4360 verbum
875 4302 938 4359 in
983 4301 1147 4360 libro
1199 4302 1383 4360 tertio
1415 4302 1558 4374 legi,
1597 4301 1706 4359 ubi
1756 4306 1962 4357 tamen
2007 4299 2069 4355 in
2101 4298 2219 4354 ﬁne

2356 677 2535 755 ξπ.
2593 679 2793 748 Quum
2878 679 2953 736 de
3029 678 3294 738 Macario
3375 678 3803 736 Alexandrino
3872 676 3923 733 in

2277 777 2751 836 Continuatione
2809 777 3113 834 Historiae
3165 777 3640 834 Ecclesiasticae
3695 772 3924 832 Eusebii

2281 875 2532 935 Ruﬁnus
2577 875 2710 945 ipse
2773 875 3152 946 exposuerit,
3205 889 3342 931 eam
3406 875 3697 947 primum
3753 886 3927 929 excu-

2282 974 2528 1031 tiamus.
2585 973 2695 1031 Ubi
2742 973 2819 1030 de
2850 973 3016 1029 Lucii
3074 974 3447 1030 Arianorum
3482 971 3771 1043 episcopi
3813 982 3931 1042 per-

2283 1070 2708 1128 secutionibus
2765 1070 2827 1127 in
2887 1071 3179 1128 eremitas
3248 1072 3435 1128 verba
3516 1070 3755 1127 faciens
3791 1070 3931 1139 post-

2287 1184 2476 1241 quam
2533 1168 2782 1239 scripsit

2293 1267 2745 1325 monachorum
2777 1266 2936 1324 vitae
2978 1271 3038 1323 et
3095 1265 3484 1338 antiquitatis
3542 1265 3774 1322 merito
3833 1263 3932 1319 Ma-

2293 1366 2499 1424 carius
2557 1369 2619 1421 et
2699 1363 2972 1422 Isidorus
3041 1366 3328 1437 aliusque

2297 1463 2652 1521 Heraclides
2701 1469 2761 1519 et
2813 1463 2952 1520 Pam
2964 1463 3077 1520 bus

2303 1562 2646 1633 Aegyptum
2677 1566 2736 1617 et
2791 1561 3063 1618 maxime
3090 1561 3150 1618 in
3206 1560 3438 1618 Nitriae
3489 1559 3729 1616 deserti
3777 1553 3935 1629 parti-

2306 1661 2422 1717 bus
2472 1658 2962 1715 habebantur...
3005 1655 3116 1732 (7),
3150 1677 3177 1711 »
3241 1658 3396 1714 hanc
3441 1662 3667 1728 postea
3713 1654 3939 1712 subiun-

2232 1760 2275 1814 B
2305 1758 2390 1830 git
2421 1756 2786 1814 historiam:
2853 1773 2882 1807 «
2926 1755 3079 1812 Ante
3120 1755 3584 1826 aliquantulum
3634 1766 3781 1810 vero
3804 1755 3939 1806 tem-

2307 1856 2478 1927 poris
2549 1868 2770 1911 caecus
2845 1854 3104 1925 quidam
3161 1853 3419 1924 rogabat
3477 1852 3715 1910 deduci
3770 1863 3830 1905 se
3880 1843 3938 1901 ad

2307 1953 2621 2011 cellullam
2671 1951 2938 2023 Macarii,
2987 1967 3145 2023 quae
3176 1957 3309 2008 erat
3339 1951 3402 2008 in
3432 1952 3715 2016 deserto,
3752 1946 3943 2004 itinere

2855 1187 2867 1227 ι
2935 1187 2963 1220 ‹‹
3019 1169 3129 1226 Per
3184 1169 3349 1226 idem
3419 1173 3683 1240 tempus
3752 1172 3933 1238 patres

3403 1363 3720 1421 Macarius
3775 1366 3933 1431 atque

3167 1462 3413 1520 Antonii
3490 1459 3792 1532 discipuli
3845 1467 3934 1529 per

2309 2051 2500 2109 trium
2534 2049 2964 2116 dierum.Quo
3021 2054 3432 2121 posteaquam
3492 2063 3724 2106 caecus
3779 2041 3945 2100 multo

2310 2146 2698 2206 (luctantium
2755 2146 2968 2204 labore
3052 2147 3353 2216 pervenit,
3447 2146 3793 2204 Macarium
3848 2151 3945 2196 non

2313 2245 2549 2317 reperit
2617 2244 2817 2301 domi.
2913 2243 3324 2302 Contristatus
3393 2245 3581 2302 valde
3629 2242 3948 2300 nullatenus

2315 2343 2600 2415 mitigare
2647 2343 3022 2400 moestitiam
3089 2348 3354 2414 poterat,
3417 2343 3710 2400 sanitatis
3756 2333 3948 2395 solatio

2315 2456 2551 2500 carens.
2586 2441 2740 2497 Tum
2792 2455 2940 2498 vero
2987 2439 3232 2498 fervore
3282 2441 3422 2498 ﬁdei
3489 2441 3942 2499 concalescens:

2318 2542 2648 2611 Deprecor,
2698 2538 2900 2609 inquit
2967 2539 3041 2595 ad
3089 2553 3196 2596 eos
3239 2539 3346 2610 qui
3403 2539 3816 2599 deduxerant,
3860 2544 3949 2600 ap-

2319 2638 2542 2708 plicate
2570 2650 2670 2693 me
2703 2636 2778 2692 ad
2811 2635 2981 2693 illam
3016 2642 3254 2708 partem
3289 2636 3573 2706 parietis,
3609 2634 3719 2692 ubi
3750 2630 3948 2690 cubare

2317 2734 2527 2792 senior
2556 2734 2730 2790 solet.
2795 2732 2865 2790 Et
2912 2749 3055 2790 cum
3108 2734 3322 2791 fuisset
3380 2734 3698 2796 admotus,
3759 2735 3946 2801 parum

2320 2832 2432 2889 luti
2487 2830 2671 2902 aridi,
2728 2831 2889 2888 unde
2923 2831 3128 2904 paries
3157 2830 3390 2889 oblitus
3417 2830 3775 2893 videbatur,
3805 2835 3947 2881 assu-

2320 2944 2494 2987 mens
2543 2927 2785 3000 palmae
2826 2943 2973 2986 suae
3022 2928 3449 3000 superposuit.
3517 2930 3712 3000 Rogat
3768 2920 3946 2980 etiam.

2321 3031 2388 3085 ut
2443 3041 2668 3098 aquam
2716 3027 2791 3084 de
2845 3032 3054 3098 puteo,
3118 3042 3192 3083 ex
3262 3041 3389 3099 quo
3438 3027 3664 3084 bibere
3721 3018 3946 3080 solebat.

2324 3127 2666 3185 haurirent.
2713 3125 2845 3193 Quo
2915 3127 3179 3184 humore
3264 3125 3584 3184 resolvens
3672 3116 3948 3195 glebulam

2323 3225 2671 3296 eodemque
2719 3223 2845 3281 luto
2894 3225 3110 3281 oculos
3187 3239 3334 3281 suos
3412 3230 3865 3296 superungens,
3906 3212 3948 3264 ei

2324 3324 2533 3381 lavans
2583 3323 2659 3380 de
2729 3338 2887 3394 aqua
2955 3337 3112 3394 quae
3160 3323 3378 3379 hausta
3428 3322 3664 3386 fuerat,
3729 3312 3948 3386 repente

2325 3421 2560 3492 recepit
2589 3419 2813 3488 visum,
2844 3418 2928 3476 ita
2975 3426 3039 3476 ut
3066 3419 3238 3476 nullo
3270 3419 3557 3491 indigens
3597 3405 3948 3475 adminiculo

2325 3519 2560 3576 rediret
2608 3517 2681 3574 ad
2754 3533 2883 3575 sua.
2957 3517 3074 3575 Sed
3127 3533 3200 3574 ne
3257 3518 3606 3575 secundum
3704 3513 3949 3584 leprosos

2326 3616 2467 3673 illos
2514 3621 2739 3686 ageret,
2823 3630 2983 3686 quos
3029 3632 3061 3670 a
3115 3630 3180 3672 se
3227 3621 3476 3672 curatos
3521 3616 3585 3672 in
3639 3597 3946 3678 Evangeliis

2325 3711 2597 3785 ingratos
2649 3712 2949 3770 Dominus
2996 3717 3184 3779 notat,
3244 3728 3387 3771 cum
3418 3713 3592 3770 omni
3649 3711 3831 3768 domo
3858 3709 3948 3755 sua

2327 3824 2641 3882 regressus
2665 3815 2725 3868 et
2755 3811 2876 3868 Deo
2942 3819 2982 3886 1
3003 3812 3113 3885 14
3162 3813 3389 3883 gratias
3414 3811 3696 3868 referens
3725 3815 3866 3864 rem,
3895 3796 3945 3849 ui

2327 3912 2495 3981 gesta
2532 3908 2749 3975 fuerat,
2808 3908 3101 3966 indicavit
3155 3906 3264 3985 (8).
3335 3930 3363 3961 »
3433 3909 3593 3966 Tum
3649 3896 3942 3964 historiam

2327 4006 2580 4064 tradens
2605 4008 2853 4064 leaenae
2905 4007 3164 4078 eiusque
3219 4021 3555 4064 caecorum
3604 4001 3943 4062 catulorum,

2329 4118 2487 4176 quos
2545 4105 2844 4162 Macarius
2906 4104 3163 4171 sanavit,
3221 4103 3470 4162 Ruﬁnus
3517 4105 3616 4161 his
3663 4084 3945 4157 concludit

2332 4201 2538 4258 verbis
2596 4220 2607 4256 :
2656 4221 2684 4252 «
2742 4202 2966 4258 Verum
3025 4202 3074 4257 si
3130 4202 3523 4274 singulorum
3588 4189 3939 4256 mirabilium

2331 4303 2498 4370 gesta
2535 4301 2825 4370 prosequi
2858 4301 3145 4366 velimus,
3202 4300 3603 4358 excludimur
3660 4313 3692 4354 a
3749 4293 3943 4364 prOPO'

573 4404 711 4471 post
758 4399 948 4456 verba
996 4413 1065 4456 :«
1095 4412 1218 4456 non
1272 4405 1365 4456 est
1392 4403 1600 4455 autem
1658 4412 1894 4462 meum,
1956 4400 2024 4452 ut
2078 4410 2222 4452 reus
2257 4421 2300 4476 Ι)
2331 4396 2446 4454 sita
2476 4396 2795 4464 brevitate,
2830 4398 3104 4455 maxime
3150 4412 3293 4456 cum
3353 4399 3507 4455 haec
3553 4388 3940 4454 narrationem

567 4497 894 4571 prodatur,
941 4517 968 4548 η
1031 4495 1186 4554 haec
1249 4495 1562 4553 adduntur

1635 4511 1647 4550 :
1683 4516 1710 4547 «
1742 4494 1997 4553 forsitan
2053 4494 2220 4552 enim
2332 4494 2574 4566 proprii
2609 4495 2838 4552 habere
2860 4496 3069 4568 operis
3111 4501 3468 4554 mereantur
3493 4493 3604 4572 (9).
3667 4510 3694 4544 ι)
3729 4479 3946 4572 Morbi!S

571 4599 1030 4670 compungetur
1057 4594 1264 4652 adhuc
1289 4607 1406 4666 pro
1453 4592 1690 4650 scelere
1739 4592 1907 4666 quod
1950 4591 2222 4651 commi—
2330 4591 2436 4650 ille
2505 4594 2832 4651 oculorum
2885 4599 2946 4651 et
3002 4595 3265 4652 caecitas
3345 4594 3533 4652 hodie
3597 4594 3837 4663 quoque
3893 4571 3941 4627 ίη

642 4863 933 4935 (l)Buﬁni
984 4862 1122 4917 Hist.
1172 4859 1325 4916 Eccl.
1355 4859 1464 4917 lib.
1505 4859 1553 4914 II
1601 4875 1737 4930 cap.
1788 4860 1819 4913 4
1869 4861 1967 4917 ed.
2029 4861 2206 4921 Basil.

573 4950 709 5008 1544
738 4966 802 5022 p.
829 4950 953 5014 242,
986 4947 1178 5004 Ruﬁni
1212 4949 1361 5019 Opp.
1385 4946 1484 5003 ed.
1510 4945 1760 5002 Vallarsi
1789 4963 1848 5018 p.
1868 4947 1992 5014 271,
2027 4950 2214 5018 Migne

568 5039 788 5098 Patro].
821 5043 886 5096 T.
929 5039 1039 5094 XXI
1076 5055 1140 5110 p.
1186 5037 1319 5094 511.

635 5132 706 5202 (2)
729 5129 922 5185 Ruﬁni
967 5127 1256 5199 Apologia
1315 5124 1664 5199 [Invectiva]
1714 5126 1773 5181 in
1829 5127 1889 5182 S.
1932 5127 2215 5198 Hierony-

563 5235 733 5278 mum
764 5218 873 5276 lib.
904 5219 951 5272 ΙΙ
979 5233 1112 5288 cap.
1147 5221 1228 5284 l2,
1260 5219 1416 5288 Opp.
1450 5215 1550 5272 ed.
1586 5215 1835 5271 Vallarsi
1871 5231 1932 5287 p.
1976 5217 2097 5280 367,
2121 5214 2214 5270 Mi-

564 5326 679 5380 gne
728 5308 950 5365 Patro].
995 5311 1059 5363 Τ.
1097 5307 1290 5377 Xle.
1331 5307 1453 5369 594,
1509 5306 1571 5364 S.
1621 5305 1858 5363 Hieron.
1901 5307 2052 5377 Opp.
2105 5304 2205 5362 ed.

563 5399 783 5456 Bened.
825 5401 889 5457 T.
928 5397 1002 5453 1v
1026 5401 1088 5454 Ρ.
1126 5396 1173 5451 Il
1204 5412 1270 5468 p.
1308 5396 1438 5452 424.

637 5490 715 5561 (3)
755 5487 982 5545 Makrizi
1013 5485 1355 5543 Geschichte
1385 5483 1490 5540 der
1513 5484 1757 5555 Copten,
1781 5483 1881 5539 ed.
1928 5484 1982 5542 l.
2020 5496 2087 5554 ρ.
2113 5485 2211 5543 40.

655 5578 709 5651 4)
736 5578 868 5637 Lib.
905 5579 953 5632 v
980 5577 1167 5635 libell.
1204 5582 1256 5643 τ,
1291 5579 1348 5632 9.

660 5655 1049 5743 mpophth.
1091 5667 1198 5740 de,’
1225 5665 1478 5723 Macario
1528 5662 1816 5736 Aegyptio
1846 5677 1984 5733 cap.
2025 5662 2074 5721 Ι.
2128 5661 2216 5716 IV.

2330 4857 2510 4913 XXVI.
2548 4857 2786 4913 Coteler.
2816 4856 2966 4910 Eccl.
2998 4858 3208 4910 Graec.
3241 4857 3391 4910 Mon.
3423 4854 3486 4909 T.
3522 4852 3540 4906 ῐ
3570 4868 3627 4923 p.
3673 4842 3790 4900 5‘26.
3838 4827 3939 4888 53οο

2329 4947 2430 5002 540
2453 4964 2465 5012 ;
2491 4946 2645 5003 infra
2663 4945 2721 5000 in
2747 4945 2960 5001 harum
2989 4944 3417 5010 Quaestionum
3440 4936 3769 5014 Appendice
3784 4924 3940 4982 altera

2325 5037 2613 5195 su(l:5)l\}\./.
2649 5123 2757 5177 PP.
2793 5125 2991 5177 Hosw.
3035 5121 3142 5177 lib.
3182 5121 3251 5175 Ill
3276 5137 3407 5191 cap.
3439 5123 3502 5175 41
3541 5136 3597 5189 p.
3631 5117 3748 5170 507,
3803 5105 3849 5153 ‘2-

2395 5214 2472 5284 (7)
2506 5213 2589 5270 Cf.
2641 5228 2825 5282 supra
2866 5214 3076 5280 Caput.
3122 5210 3253 5280 I§6
3284 5225 3347 5280 p.
3391 5211 3484 5265 16.
3780 5283 3799 5284 ψ
3881 5272 3885 5278 _

2406 5267 2479 5373 (8')
2511 5267 2879 5356 Ruﬁni|HisL
2925 5267 3361 5354 E‘ccles.lyib.‘ll
3393 5314 3528 5367 cap,
3557 5301 3586 5350 4
3618 5291 3711 5347 οδ,
3774 5267 3927 5373 Basil:

2327 5393 2366 5446 ι.
2400 5365 2472 5462 pf
2494 5393 2597 5444 242
2624 5406 2734 5462 sq.,
2761 5389 2954 5444 Ruﬁni
2979 5391 3128 5459 Opp.
3156 5388 3248 5442 ed.
3275 5365 3527 5443 Vallarsi
3553 5403 3607 5456 p.
3637 5379 3754 5436 271,
3779 5365 3938 5429 Μὶεηθ

2327 5480 2367 5536 l.
2407 5481 2454 5540 Ι.
2491 5495 2558 5540 p.
2599 5480 2726 5536 512.

2437 5521 2454 5540 .
2544 5519 2558 5534 .
2599 5484 2626 5533 5
2713 5522 2726 5536 ,

2400 5480 2658 5638 (159)Fbid.1
2670 5484 2783 5627 2ed.
2824 5568 2992 5623 Basil.
3044 5568 3090 5625 Ι.
3150 5582 3214 5638 p.
3270 5567 3395 5632 243,
3447 5557 3688 5622 Vallarsi
3727 5566 3786 5622 p.
3829 5535 3932 5594 272.

2333 5657 2521 5730 Migne
2544 5657 2647 5730 l.;l.
