4092 6256
496 234 593 290 111

1353 235 1457 291 SS.
1500 230 1985 289 MACARIOHUM
2025 232 2357 291 AEGYPTII
2399 236 2486 293 El‘
2526 236 3014 292 ALEXANDRINI

3808 235 3899 291 “2

494 376 830 420 conversus
884 362 962 420 ad
1015 363 1362 420 orationem
1414 360 1593 434 petiit
1648 375 1683 417 a
1737 360 2018 425 Domino,
2077 366 2143 418 ut
2173 357 2219 409 Α
2251 377 2374 434 que
2419 363 2798 435 conceperit,
2851 377 2925 419 ex
2963 361 3253 419 illusione
3284 361 3671 418 daemonum
3713 360 3891 433 ﬁant;

495 460 618 517 sibi
671 460 1048 531 ostenderet,
1119 462 1170 518 si
1238 460 1356 518 hoc
1425 472 1643 515 verum
1713 464 1894 523 esset,
1974 458 2143 530 quod

494 557 796 630 gloriatus
823 563 915 616 est
941 559 1228 617 daemon.
1281 559 1447 616 Abiit
1491 572 1635 629 ergo
1681 556 1756 613 ad
1793 557 2140 626 collectam,

498 656 608 714 ubi
641 672 675 714 a
711 656 1012 714 fratribus
1054 657 1302 729 vigiliae
1344 657 1764 724 celebrantur,
1812 658 1872 711 et
1915 654 2142 712 iterum

500 755 565 813 in
612 753 893 813 oratione
946 754 1275 812 Dominum
1329 754 1721 826 deprecatur,
1780 758 1844 810 ut
1883 752 2003 810 sibi
2043 768 2141 810 ve-

500 853 745 910 ritatem
796 852 970 909 verbi
1042 851 1229 910 huius
1275 850 1577 910 ostendat.
1642 850 1710 907 Et
1766 864 1931 918 ecce,
1993 850 2145 908 vidit

498 965 614 1024 per
654 954 844 1009 totam
891 950 1219 1007 ecclesiam
1266 950 1445 1022 quasi
1498 948 1790 1019 parvulos
1840 948 2144 1019 quosdam

503 1049 798 1124 puerulos
845 1048 1175 1120 Aethiopes
1221 1053 1414 1105 tetros
1464 1047 1824 1105 discurrere
1880 1055 1998 1105 huc
2047 1053 2144 1105 at-

502 1160 622 1219 que
664 1145 835 1215 illuc,
888 1149 950 1202 et
990 1144 1158 1202 velut
1196 1144 1508 1202 volitando
1547 1143 1799 1201 deferri.
1835 1144 2022 1202 Moris
2050 1148 2144 1201 est

502 1248 711 1302 autem
768 1243 925 1300 inibi
993 1242 1351 1300 sedentibus
1412 1241 1652 1299 cunctis
1712 1242 1792 1299 ab
1834 1256 1961 1301 uno
2016 1241 2143 1299 dici

499 1342 837 1415 psalmum,
881 1340 1107 1398 ceteris
1148 1340 1243 1396 vel
1300 1339 1699 1397 audientibus
1744 1340 1839 1399 vel
1884 1353 2145 1411 respon-

505 1439 817 1496 dentibus.
909 1437 1329 1495 Discurrentes
1404 1450 1552 1509 ergo
1636 1436 1732 1494 illi
1814 1437 2149 1508 Aethiopes

508 1536 757 1610 pueruli
818 1535 1077 1609 singulis
1141 1533 1494 1611 quibusque
1564 1535 1922 1593 sedentibus
1994 1535 2149 1593 allu-

2252 463 2331 518 ab
2389 461 2485 518 his
2535 467 2766 529 autem,
2824 461 2931 532 qui
2986 459 3157 516 omni
3211 456 3495 516 custodia
3554 473 3670 517 cor
3726 472 3899 516 suum

2251 566 2517 626 servant,
2570 560 2709 616 tetri
2763 558 3155 629 repelluntur
3197 556 3555 628 Aethiopes.
3587 557 3712 613 Deo
3742 556 3898 613 enim

2251 659 2579 716 coniuncta
2625 672 2799 714 mens
2846 661 2905 712 et
2949 657 3009 713 in
3057 655 3199 727 ipso
3232 659 3516 725 tempore
3568 653 3898 726 praecipue

2251 755 2551 813 orationis
2599 756 2854 821 intenta,
2908 752 3061 810 nihil
3108 753 3406 823 alienum,
3460 752 3624 809 nihil
3682 766 3900 823 super-

2251 853 2444 911 ﬂuum
2480 853 2700 925 recipit
2746 850 2849 926 (l).
2895 872 2916 903 ι
2955 851 3411 915 Animadverte,
3459 850 3731 907 eandem
3777 863 3894 905 rem

2251 951 2327 1007 ad
2366 950 2627 1007 verbum
2677 950 2741 1006 in
2790 948 3253 1007 Rosweidianae
3297 946 3695 1004 collectionis
3745 945 3896 1003 libro

2251 1047 2435 1105 tertio
2473 1047 2689 1104 haberi
2727 1044 2833 1123 (‘2).
2872 1046 2960 1103 Ad
3009 1045 3353 1107 collectam,
3400 1058 3626 1115 graece
3672 1039 3891 1103 σύναξιν,

2250 1160 2372 1217 qua
2418 1145 2623 1203 omnis
2668 1149 3005 1202 conventus
3043 1143 3117 1199 ad
3172 1142 3436 1214 quodvis
3483 1156 3736 1199 sacrum
3789 1140 3894 1197 mi-

2252 1243 2577 1300 nisterium
2622 1241 2987 1312 intelligitur
3033 1237 3145 1315 (3),
3196 1238 3575 1297 Cellularum
3610 1237 3888 1296 monachi

2252 1342 2385 1399 solo
2431 1341 2531 1397 die
2591 1339 2832 1397 sabbati
2901 1344 2961 1395 et
3034 1336 3349 1395 dominica
3415 1337 3886 1403 conveniebant,

2252 1439 2476 1498 ceteris
2502 1452 2648 1496 vero
2682 1438 2905 1495 diebus
2953 1435 3178 1508 singuli
3211 1436 3275 1492 in
3305 1435 3480 1493 cellis
3526 1436 3661 1493 suis
3690 1449 3890 1492 rema—

2256 1538 2483 1595 nebant
2522 1533 2630 1611 (It).
2680 1535 2796 1593 Sed
2841 1536 3035 1593 altera
3084 1533 3145 1590 in
3206 1530 3371 1590 libro
3422 1533 3705 1590 secundo
3758 1532 3895 1589 haec

507 1634 756 1704 debant,
798 1638 862 1691 et
906 1633 958 1690 si
1004 1633 1103 1691 cui
1149 1634 1395 1692 duobus
1423 1632 1699 1705 digitulis
1736 1633 1953 1691 oculos
1980 1648 2151 1691 com-
2184 1673 2224 1726 Β
2258 1635 2531 1693 narratio
2574 1632 2857 1705 sequitur
2891 1648 2903 1687 :

509 1731 898 1804 pressissent,
944 1732 1150 1789 statim
1199 1730 1581 1789 dormitabat
1612 1748 1626 1797 ;
1661 1730 1712 1787 si
1762 1731 1861 1789 cui
1909 1746 2057 1789 vero
2083 1731 2146 1789 in

508 1845 579 1889 os
622 1827 1071 1887 immersissent
1124 1829 1408 1901 digitum,
1467 1828 1730 1886 oscitare
1775 1842 1917 1886 eum
1966 1830 2145 1887 facie-

508 1930 674 1987 bant.
714 1926 832 1986 Ubi
878 1941 1025 1985 vero
1079 1932 1219 1999 post
1268 1926 1575 1999 psalmum
1618 1925 1694 1984 ad
1744 1927 2049 1985 orandum
2081 1942 2147 1986 se

506 2026 913 2099 proiecissent
954 2026 1197 2090 fratres,
1248 2024 1699 2097 percurrebant
1739 2024 2150 2083 nihilominus

504 2123 803 2196 singulos,
856 2128 917 2181 et
967 2128 1108 2180 ante
1158 2122 1352 2180 alium
1410 2122 1713 2179 iacentem
1762 2121 1825 2178 in
1864 2121 2148 2180 oratione

506 2220 685 2293 quasi
736 2220 1073 2277 mulierum
1111 2220 1317 2291 specie
1362 2220 1745 2288 ferebantur,
1779 2224 1918 2277 ante
1957 2220 2151 2279 alium

507 2318 686 2395 quasi
734 2316 1128 2376 aediﬁcantes
1174 2322 1359 2389 atque
1408 2322 1724 2389 portantes
1767 2316 2030 2390 aliquid,
2082 2332 2153 2375 ac

506 2416 749 2475 diversa
787 2430 1075 2488 quaeque
1118 2419 1363 2487 agentes
1413 2415 1816 2486 apparebant.
1855 2415 1925 2472 Et
1959 2430 2151 2488 quae-

505 2528 753 2587 cunque
809 2514 1146 2572 daemones
1194 2512 1374 2584 quasi
1428 2511 1699 2569 ludendo
1757 2513 2148 2581 formasscnt,

505 2614 663 2671 haec
710 2616 958 2670 orantes
995 2611 1087 2669 illi
1128 2611 1191 2668 in
1231 2610 1439 2668 cordis
1469 2609 1565 2668 sui
1595 2602 1967 2682 cogitatione
2007 2624 2151 2669 ver-

504 2710 725 2769 sabant
757 2730 771 2777 ;
807 2725 840 2767 a
888 2708 1205 2767 nonnullis
1249 2713 1481 2778 tamen,
1515 2708 1623 2765 ubi
1654 2708 1892 2779 aliquid
1926 2708 2154 2767 horum

505 2821 690 2880 agere
738 2804 1110 2879 coepissent,
1178 2805 1355 2878 quasi
1439 2806 1497 2862 vi
1573 2805 1843 2878 quadam
1920 2801 2159 2877 repulsi

506 2904 884 2978 praecipites
931 2902 1386 2961 deiiciebantur
1426 2903 1531 2975 ita,
1573 2906 1639 2961 ut
1682 2916 1795 2960 nec
1821 2906 1983 2960 stare
2014 2904 2159 2975 qui-

2342 1752 2371 1786 a
2419 1732 2599 1790 Aliud
2645 1745 2895 1803 quoque
2954 1730 3155 1786 multo
3212 1727 3569 1786 terribilius
3626 1728 3895 1793 addebat,

2258 1830 2428 1905 quod
2482 1829 2733 1886 vidisset
2790 1843 2864 1886 eo
2918 1832 3221 1899 tempore,
3279 1841 3404 1899 quo
3464 1827 3696 1883 fratres
3745 1839 3896 1881 acce-

2260 1929 2487 1987 debant
2544 1927 2618 1984 ad
2679 1930 3066 1984 sacramenta
3116 1943 3127 1980 :
3185 1925 3292 1983 ubi
3352 1924 3783 1995 porrexissent
3830 1920 3897 1977 ad

2260 2025 2725 2098 suscipiendum
2786 2024 3041 2095 palmas,
3101 2023 3163 2079 in
3212 2022 3667 2081 nonnullorum
3719 2018 3895 2077 mani-

2262 2127 2378 2183 bus
2435 2123 2901 2196 praevenientes
2968 2122 3302 2192 Aethiopes
3353 2121 3666 2179 carbones
3726 2119 3899 2190 depo-

2263 2236 2432 2289 nere,
2492 2234 2719 2292 corpus
2794 2224 3024 2289 autem,
3096 2218 3265 2291 quod
3336 2218 3497 2275 tradi
3575 2212 3898 2275 sacerdotis

2262 2319 2551 2377 manibus
2626 2317 2977 2386 videbatur,
3056 2316 3263 2373 redire
3338 2316 3416 2373 ad
3482 2317 3726 2372 altare:
3777 2310 3899 2369 aliis

2262 2432 2433 2488 vero,
2478 2431 2636 2490 quos
2683 2414 3017 2473 meliorum
3063 2414 3283 2471 merita
3330 2414 3654 2481 iuvabant,
3704 2416 3894 2469 exten-

2262 2515 2554 2574 dentibus
2608 2528 2826 2570 manus
2878 2512 2952 2569 ad
2992 2513 3189 2569 altare
3236 2512 3412 2582 longe
3447 2511 3745 2569 recedere
3774 2507 3898 2592 dae-

2267 2627 2482 2672 mones
2536 2617 2596 2669 et
2647 2625 2790 2668 cum
2846 2610 3074 2682 ingenti
3140 2606 3312 2676 118
3368 2615 3539 2667 metu
3608 2608 3891 2677 refugere.

2269 2711 2569 2785 Angelum
2621 2709 2789 2766 enim
2838 2706 3083 2766 Domini
3141 2707 3429 2765 assistere
3484 2706 3780 2766 cernebat
3819 2700 3901 2757 al-

2264 2808 2407 2875 tari,
2456 2808 2563 2880 qui
2611 2821 2753 2864 cum
2802 2805 3141 2864 sacerdotis
3190 2820 3376 2861 manu
3431 2820 3613 2863 suam
3662 2811 3893 2875 quoque

2252 2886 2521 2964 'manum
2587 2904 2648 2961 in
2715 2907 3249 2961 sacramentorum
3312 2902 3759 2961 distributione
3812 2909 3896 2951 su-

504 3003 647 3062 dem
693 3016 952 3080 prorsus
995 3007 1099 3059 aut
1151 3001 1416 3059 transire
1457 3001 1627 3058 iuxta
1675 3014 1781 3058 eos
1831 3001 2149 3059 auderent.
2190 3015 2228 3070 (ς
2268 3007 2664 3077 perponeret.
2720 3002 2802 3059 Ex
2861 3002 2980 3059 hoc
3037 3001 3158 3057 iam
3219 3000 3566 3071 permansit
3624 2999 3749 3055 eia
3793 2995 3895 3050 Deo

509 3100 665 3158 Aliis
701 3114 849 3157 vero
901 3094 1068 3165 117
1115 3099 1304 3155 etiam
1346 3097 1611 3154 inﬁrmis
1640 3097 1940 3155 fratribus
1966 3112 2155 3170 supra

504 3198 779 3257 cervices
822 3202 883 3255 et
927 3196 1113 3253 dorsa
1143 3195 1463 3261 ludebant,
1509 3195 1657 3267 quia
1698 3209 1819 3253 non
1867 3201 2044 3253 erant
2093 3195 2153 3252 in

505 3295 787 3354 oratione
831 3308 941 3351 sua
973 3292 1215 3350 intenti.
1251 3292 1413 3349 Haec
1441 3306 1582 3348 cum
1617 3293 1872 3350 vidisset
1911 3297 2158 3350 sanctus

507 3392 831 3458 Macarius,
879 3390 1183 3462 ingemuit
1230 3388 1519 3460 graviter,
1568 3394 1628 3446 et
1674 3390 1978 3460 lacrymas
2005 3404 2154 3461 pro-

507 3489 774 3547 fundens
823 3486 900 3544 ad
949 3486 1329 3544 Dominum:
1381 3485 1658 3558 Respice,
1711 3487 1818 3552 ait,
1874 3486 2155 3555 Domine,

507 3592 664 3646 etne
706 3584 914 3655 sileas,
958 3599 1159 3655 neque
1202 3583 1507 3657 mitigeris
1552 3584 1725 3641 Deus.
1762 3584 2058 3655 Exsurge,
2094 3590 2159 3641 ut

505 3684 947 3756 dispergantur
993 3680 1231 3739 inimici
1282 3680 1395 3752 tui,
1444 3687 1503 3739 et
1551 3686 1617 3738 ut
1664 3681 1957 3753 fugianta
2001 3681 2158 3738 facie

505 3785 613 3840 tua
646 3798 663 3854 ;
694 3779 992 3854 quoniam
1036 3779 1243 3837 anima
1287 3783 1497 3838 nostra
1531 3778 1811 3851 repletur
1854 3778 2162 3837 illusioni-

509 3880 650 3937 bus.
701 3878 840 3935 Post
883 3877 1230 3935 orationem
1280 3881 1489 3935 tamen
1544 3875 1992 3933 examinandae
2058 3892 2157 3934 ve-

508 3976 713 4036 ritatis
776 3975 974 4048 gratia
1035 3988 1317 4033 seorsum
1379 3973 1649 4031 evocatis
1700 3972 1960 4046 singulis
2012 3974 2162 4046 qui-

510 4076 755 4149 busque
800 4073 1117 4141 fratribus,
1170 4076 1311 4129 ante
1349 4084 1621 4144 quorum
1663 4070 1880 4128 faciem
1922 4071 2161 4130 viderat

514 4173 852 4232 daemones
898 4172 1147 4230 diverso
1189 4169 1405 4228 habitu
1450 4172 1508 4227 et
1553 4168 1743 4226 variis
1784 4169 2163 4242 imaginibus

515 4270 821 4342 ludentes,
891 4268 1155 4341 requirit
1215 4267 1294 4323 ab
1341 4268 1452 4335 eis,
1501 4266 1553 4323 si
1608 4267 1673 4323 in
1726 4267 2005 4325 oratione
2064 4267 2159 4325 vel

2265 3100 2460 3174 gratia
2499 3100 2633 3163 ista,
2684 3108 2751 3158 ut
2790 3100 2851 3155 in
2884 3098 3112 3170 vigiliis
3149 3099 3410 3156 fratrum
3441 3098 3823 3170 psalmorum
3847 3092 3897 3145 et

2265 3198 2565 3257 orationis
2606 3204 2910 3270 tempore,
2954 3196 3005 3252 si
3046 3196 3187 3267 quis
3232 3195 3400 3253 aliud
3431 3194 3674 3268 aliquid
3704 3201 3896 3249 secun-

2267 3298 2416 3356 dum
2467 3298 2823 3355 illusionem
2902 3295 3277 3352 daemonum
3347 3294 3410 3350 in
3493 3292 3683 3351 corde
3750 3283 3896 3356 cogi—

2267 3401 2473 3466 tasset,
2525 3398 2905 3467 agnosceret,
2957 3399 3015 3449 et
3077 3392 3507 3449 accedentium
3578 3390 3654 3447 ad
3722 3386 3894 3443 altare

2269 3494 2361 3551 vel
2429 3492 2823 3564 indignitates
2887 3505 3028 3548 eum
3101 3489 3195 3547 vel
3269 3490 3493 3547 merita
3576 3502 3696 3545 non
3757 3483 3890 3539 late-

2270 3596 2407 3649 rent
2463 3587 2569 3666 (5).
2617 3610 2638 3640 ι
2702 3588 2917 3646 Simile
2990 3588 3140 3660 Quid
3222 3602 3413 3659 supra
3495 3588 3574 3645 de
3650 3574 3889 3642 Macario

2274 3687 2692 3747 Alexandrino
2750 3687 3149 3759 percepimus
3199 3682 3309 3761 (6).
3377 3686 3650 3743 Abbates
3707 3681 3890 3737 autem

2270 3785 2724 3845 monachorum
2767 3798 3028 3842 suorum
3074 3798 3173 3840 res
3215 3784 3492 3841 occultas
3539 3782 3890 3852 cognoscere

2270 3884 2435 3942 haud
2469 3898 2611 3941 raro
2640 3881 3077 3941 credebantur.

2352 3978 2761 4053 Congressum
2803 3978 3075 4051 denique
3120 3979 3534 4037 Macariorum
3565 3989 3706 4035 cum
3749 3970 3891 4026 duo-

2272 4080 2390 4138 bus
2414 4079 2683 4137 tribunis
2708 4092 2901 4150 quum
2929 4078 3199 4148 scriptor
3228 4076 3374 4133 libri
3399 4074 3655 4135 secundi
3682 4075 3893 4129 narras-

2272 4181 2385 4244 set,
2412 4181 2598 4248 caput
2626 4177 2703 4233 de
2733 4174 3018 4233 Macariis
3060 4174 3192 4231 ﬁnit
3221 4174 3318 4231 his
3348 4175 3558 4232 verbis
3592 4191 3604 4227 :
3642 4188 3673 4223 «
3712 4160 3819 4225 Sed
3844 4160 3893 4214 et

2270 4275 2493 4341 multa,
2553 4279 2621 4331 ut
2676 4272 2971 4338 diximus,
3029 4272 3151 4330 alia
3207 4273 3284 4330 de
3349 4273 3652 4344 operibus
3719 4251 3889 4321 sancti

517 4365 886 4427 aediﬁcandi
965 4363 1370 4437 cogitationes
1444 4362 1802 4435 habuerint,
1870 4365 1966 4422 vel
2045 4364 2165 4422 iter
2200 4353 2240 4406 Ι)
2276 4371 2523 4430 Macarii
2593 4369 2994 4429 Alexandrini
3057 4368 3376 4426 mirabilia
3451 4368 3749 4429 feruntur,
3828 4362 3890 4407 ex

515 4464 761 4540 agendi,
803 4462 899 4522 vel
948 4462 1073 4520 alia
1114 4461 1389 4534 diversa,
1438 4476 1599 4535 quae
1628 4460 1972 4534 unicuique
2003 4461 2163 4519 ima-

510 4565 718 4640 ginata
756 4578 870 4637 per
907 4562 1244 4621 daemones
1285 4560 1544 4629 viderat,
1579 4564 1642 4617 et
1686 4559 1910 4631 singuli
1942 4574 2163 4619 eorum

511 4663 597 4721 ita
652 4660 1108 4721 conﬁtebantur
1164 4660 1230 4717 in
1284 4658 1474 4717 corde
1518 4672 1632 4716 suo
1680 4657 1891 4730 fuisse,
1942 4662 2008 4716 ut
2056 4658 2164 4716 ille

512 4760 830 4833 arguebat.
879 4760 951 4818 Et
986 4763 1132 4817 tunc
1174 4752 1557 4815 intellectum
1590 4760 1701 4825 est,
1747 4756 1915 4829 quod
1947 4770 2165 4815 omnes

517 4872 711 4917 vanae
786 4861 848 4916 et
912 4856 1264 4930 superfluae
1340 4854 1763 4927 cogitationes,
1846 4867 2003 4926 quas
2067 4854 2165 4912 vel

515 4965 907 5040 psalmorum
956 4964 1051 5021 vel
1096 4961 1450 5022 orationum
1504 4965 1787 5034 tempore
1832 4960 2170 5034 unusquis-

595 5168 674 5241 (1)
708 5166 824 5224 VV.
853 5166 965 5222 PP.
986 5168 1179 5222 Rosw.
1209 5164 1319 5221 lib.
1365 5164 1431 5220 II.
1455 5178 1589 5235 cap.
1618 5163 1689 5217 29
1717 5177 1777 5234 p.
1816 5163 1933 5221 lBl.
1966 5162 2000 5215 2
2030 5177 2120 5233 sq.
2146 5176 2162 5229 ;

504 5258 751 5325 Yallarsi
782 5256 820 5313 1.
850 5257 891 5311 l.
920 5272 982 5328 p.
1018 5256 1140 5321 198,
1173 5255 1359 5327 Migue
1389 5254 1425 5307 l.
1458 5253 1501 5310 Ι.
1534 5268 1594 5325 p,
1628 5252 1753 5309 453.

578 5349 651 5419 (2)
694 5346 845 5403 Ibid.
877 5345 985 5402 lib.
1032 5346 1096 5401 lll
1129 5360 1261 5417 cap.
1294 5344 1363 5399 43
1388 5359 1445 5415 p.
1492 5343 1613 5408 507,
1646 5343 1706 5398 2.

510 5490 517 5499 .
605 5438 681 5509 (3)
724 5435 996 5493 Binterim
1034 5433 1278 5491 Denkw.
1318 5434 1382 5490 Τ.
1414 5433 1485 5488 IV
1514 5432 1572 5486 P.
1608 5431 1721 5502 lp.
1756 5433 1877 5486 557.

506 5532 513 5587 l
583 5528 655 5599 (4)
692 5526 815 5583 VV.
856 5525 970 5583 PP.
1004 5526 1197 5580 Rosw.
1230 5522 1333 5579 lib.
1361 5522 1560 5595 llgcap.
1589 5521 1736 5591 22p.
1765 5521 1893 5585 478,
1923 5519 1949 5573 1
1985 5533 2001 5586 ;
2029 5516 2164 5575 νει.

506 5616 648 5678 larsi
679 5616 717 5672 l.
750 5616 795 5673 Ι.
830 5631 890 5687 p.
920 5613 1271 5686 487,fllligne
1296 5613 1338 5674 l.
1370 5615 1514 5689 l.,p.
1546 5608 1769 5680 tufsq.

2275 4470 2503 4543 quibus
2556 4469 2854 4528 nonnulla
2915 4467 2979 4524 in
3049 4466 3125 4525 XI
3207 4467 3370 4525 libro
3456 4454 3889 4525 Ecclesiasticae

2275 4566 2580 4626 Historiae
2623 4566 2877 4637 inserta,
2931 4564 3037 4636 qui
3089 4564 3390 4636 requiret,
3428 4559 3691 4622 inveniet
3716 4547 3822 4628 (7)-
3861 4559 3883 4595 ³

2274 4665 2359 4723 Ex
2401 4666 2633 4739 quibus
2674 4664 2763 4734 id,
2807 4663 2975 4736 quod
3026 4662 3300 4720 diximus
3345 4659 3457 4737 (8),
3516 4652 3885 4733 perspicuum

2273 4769 2386 4830 est,
2441 4763 2500 4821 in
2546 4761 3017 4821 Continuatione
3068 4761 3142 4816 de
3185 4761 3451 4818 Macario
3498 4741 3885 4817 Alexandrino

2274 4862 2561 4921 Ruﬁnum
2631 4859 2935 4917 retulisse.
2998 4858 3125 4915 Iam
3199 4857 3496 4929 expositis
3573 4850 3667 4918 iis,
3744 4846 3885 4912 αυδθ

2276 4958 2528 5018 Ruﬁnus
2582 4958 2769 5017 habet
2811 4957 2889 5014 de
2964 4955 3247 5014 Macariis
3304 4986 3378 4995 —
3431 4966 3570 5011 nam
3641 4946 3702 5002 in
3769 4931 3884 4992 eius

2346 5158 2421 5232 (5)
2460 5158 2576 5213 VV.
2607 5157 2720 5213 PP.
2752 5159 2952 5212 Rosw.
2993 5153 3098 5211 lib.
3128 5154 3175 5209 Il
3208 5168 3340 5225 cap.
3369 5155 3436 5208 29
3466 5168 3522 5224 p.
3554 5141 3716 5210 L82,l
3741 5155 3753 5204 ;
3777 5125 3883 5186 V81-

2271 5247 2413 5302 larsi
2444 5248 2481 5301 l.
2511 5250 2556 5303 ι.
2596 5264 2660 5318 p.
2704 5246 2824 5309 199,
2860 5245 3047 5314 Migne
3074 5244 3118 5299 l.
3162 5244 3208 5299 Ι.
3246 5259 3308 5313 ρ.
3340 5245 3464 5297 455.

2344 5337 2418 5405 (6)
2460 5334 2539 5391 Cf.
2575 5350 2755 5405 supra
2786 5336 2975 5404 Caput
3004 5332 3071 5386 lll
3103 5347 3161 5403 p.
3192 5333 3289 5387 74.
3330 5332 3455 5387 101.

2343 5389 2421 5494 ὦ
2462 5389 2578 5478 vv.
2612 5389 2721 5480 PP.
2746 5389 2935 5479 aest...
2968 5421 3073 5475 lib.
3102 5389 3146 5475 i1
3175 5437 3306 5491 cap.
3340 5420 3409 5476 29
3433 5435 3496 5492 p.
3528 5415 3645 5476 482,
3674 5409 3704 5459 2
3734 5418 3745 5467 ;
3774 5389 3879 5450 Val-

2270 5514 2409 5575 larsi
2434 5512 2472 5569 l.
2506 5515 2546 5568 Ι.
2574 5528 2642 5584 p.
2680 5515 2805 5581 200,
2836 5512 3028 5580 Migne
3066 5509 3109 5566 l.
3146 5514 3185 5567 l.

2355 5603 2429 5673 (8)
2471 5604 2658 5674 Supra
2688 5603 2798 5672 527
2834 5602 2893 5657 in
2920 5599 3154 5673 ﬁne,{p.
3186 5600 3307 5657 114.
