4092 6256
200 230 313 285 113

1795 222 2033 289 νΙΤΛΕ.

3516 213 3619 285 114

192 360 647 433 Apologiarum
717 356 1219 437 [lnvectivarum]
1297 359 1359 417 in
1413 360 1471 417 S.
1548 359 1855 431 Hierony-
1889 354 1936 409 Α
1966 361 2159 427 ctum,
2195 361 2597 435 interrogavit
2625 379 2748 432 me,
2780 377 2970 437 quam
3015 361 3098 421 ob
3149 376 3399 420 causam
3430 374 3618 419 acce—

190 474 374 517 mum
392 459 570 518 libris
586 464 937 531 praeterea,
970 474 1129 532 quae
1146 473 1335 531 supra
1353 458 1714 517 monuimus
1736 456 1845 534 (1),

184 558 347 616 nihil
384 559 700 617 invenitur
744 591 800 600 -ο
834 559 909 615 ad
936 563 1139 616 cetera
1172 563 1581 616 transeamus.

845 655 1085 715 CAPUT
1127 656 1190 712 V.

1964 462 2211 528 ptarum
2243 462 2499 533 quidem
2530 464 2610 521 ab
2635 462 2997 522 hominibus
3024 461 3397 519 iniuriarum
3422 460 3610 517 remi-

1956 555 2253 616 niscendo
2309 560 2651 620 memoriae
2708 561 2835 619 vim
2886 576 2956 619 ac
2986 560 3338 618 facultatem
3366 558 3427 615 in
3472 559 3611 615 ani-

1957 666 2061 712 mo
2109 670 2686 730 corrumperemus,
2743 663 3027 732 acceptas
3080 672 3230 714 vero
3263 671 3297 713 a
3354 655 3608 714 daemo-

173 770 539 821 nvsoaws,
628 769 681 813 s.
774 769 1231 819 HIERONYMUS,
1321 769 1680 815 csssrmus
1764 770 1845 814 na
1954 750 2140 810 nibus
2184 754 2445 813 iniurias
2475 757 2820 816 memoriae
2874 755 3386 815 commendantes
3424 752 3604 811 illae-

257 868 542 913 SANGTIS
606 868 917 913 MACARIIS
978 868 1305 912 AEGYPTIO
1386 868 1467 911 ET
1548 870 1845 911 ALEXAN-
1951 849 2001 907 si
2046 864 2462 912 maneremus.
2510 852 2790 928 Cumque
2832 870 2946 927 ego
2977 854 3375 912 haesitassem
3420 852 3604 925 igna-

255 967 491 1010 DRINO.

1950 963 2057 1006 rus
2112 951 2261 1023 quid
2323 954 2825 1043 respondendum
2891 960 3071 1020 esset,
3149 952 3593 1025 petiissemque

251 1047 283 1126 ξ
329 1052 434 1108 29.
488 1051 813 1123 Evagrium
856 1057 954 1109 ter
1009 1054 1246 1108 tantum
1298 1050 1376 1107 de
1425 1051 1691 1109 Macario
1740 1052 1838 1109 lo-
1948 1047 2189 1115 abillo,
2234 1055 2299 1107 ut
2347 1050 2480 1122 ipse
2508 1051 2662 1109 mihi
2722 1053 2857 1110 eius
2888 1052 2977 1110 rei
3043 1065 3297 1110 causam
3328 1064 3598 1121 expone-

166 1148 304 1220 qui,
383 1162 578 1219 supra
648 1150 1009 1207 monuimus
1080 1147 1205 1221 (2);
1282 1148 1616 1207 Macarium
1688 1163 1837 1208 vero
1947 1150 2041 1203 ret
2096 1162 2108 1201 :

167 1246 551 1317 Aegyptium
584 1246 705 1305 dici
749 1248 828 1304 ab
868 1261 963 1316 eo,
1010 1246 1385 1304 videbimus.
1433 1244 1729 1317 Evagrius
1771 1246 1833 1305 in
1941 1249 2156 1303 contra
2236 1252 2543 1313 naturam,

164 1344 337 1402 libro
362 1345 642 1402 secundo
688 1346 886 1403 multo
917 1359 992 1402 ex
1037 1350 1319 1416 tempore
1362 1345 1441 1400 ab
1486 1344 1668 1401 beato
1710 1344 1833 1402 Ma-

161 1441 362 1507 cario,
441 1459 605 1519 quem
672 1440 1125 1519 famosissimum
1194 1444 1256 1498 in
1325 1438 1433 1498 Dei
1485 1444 1683 1517 gratia
1748 1440 1829 1499 si-

2189 1144 2366 1216 Quia,
2453 1148 2676 1221 inquit,
2758 1150 2932 1221 prior
3010 1149 3269 1222 quidem
3348 1147 3592 1205 affectio

2651 1247 2961 1320 posterior
3030 1262 3178 1305 vero
3246 1246 3590 1305 secundum

1940 1342 2133 1401 animi
2164 1350 2449 1403 naturam
2498 1350 2590 1403 est
2611 1344 2726 1422 (9).
2781 1368 2808 1398 »
2845 1346 3012 1404 idem
3060 1345 3306 1403 Macarii
3351 1344 3587 1402 dictum

1937 1437 2090 1511 legis
2118 1442 2282 1514 apud
2310 1442 2629 1501 Socratem
2662 1440 2815 1520 (10),
2852 1442 3023 1515 120
3050 1443 3115 1501 in
3144 1442 3264 1499 VV.
3294 1442 3398 1500 PP.
3422 1442 3585 1500 libro

144 1542 393 1616 gnisque
469 1545 519 1597 et
590 1536 901 1597 virtutibus
973 1538 1249 1615 insignem
1318 1537 1502 1616 fuisse
1568 1537 1824 1597 omnibus
1932 1538 2153 1610 quinto
2182 1537 2313 1615 (11)
2342 1547 2403 1599 et
2424 1541 2695 1613 septimo
2724 1539 2956 1615 (12),in
2983 1540 3305 1600 sententiis
3333 1541 3585 1598 Patrum

144 1642 349 1695 notum
403 1641 510 1705 sit,
562 1639 898 1697 instructus
955 1654 1089 1697 esse
1149 1645 1321 1715 119
1375 1639 1641 1696 traditur
1689 1636 1817 1714 (3);

143 1743 289 1795 uter
318 1750 478 1795 vero
510 1736 922 1794 Macariorum
953 1735 1216 1800 dicatur,
1264 1752 1298 1793 e
1330 1735 1496 1794 libro
1520 1736 1816 1805 secundo,

1931 1648 2087 1707 quas
2106 1637 2465 1697 Rosweidus
2492 1639 2678 1700 habet
2714 1642 2862 1713 (13),
2894 1646 2955 1699 et
2985 1640 3048 1697 in
3082 1638 3586 1713 Apophthegma-

1929 1732 2008 1791 tis
2035 1734 2393 1795 aCotelerio
2416 1736 2602 1796 editis
2649 1734 2795 1804 (ili),
2852 1738 2969 1796 hoc
2998 1738 3132 1797 solo
3190 1735 3580 1803 discrimine,

145 1834 253 1906 qui
306 1839 655 1905 utrumque
699 1834 1034 1891 Macarium
1090 1853 1120 1888 «
1174 1834 1586 1891 abstinentiae
1633 1849 1819 1892 exer—
1926 1831 2093 1903 quod
2128 1838 2375 1904 praeter
2424 1832 2743 1893 Socratem
2800 1835 2993 1893 ceteri
3047 1834 3399 1907 Evagrium,
3477 1832 3578 1891 cui

143 1930 315 1988 citiis
343 1935 407 1988 et
438 1930 776 1988 virtutibus
820 1930 1011 1987 animi
1045 1931 1392 2002 aequaliter
1439 1930 1737 2002 polluisse
1782 1950 1813 1986 ››

145 2028 458 2099 gloriatur
528 2026 636 2103 (Ii),
712 2041 837 2086 non
907 2028 1243 2100 colligitur.
1320 2028 1592 2094 Accedit,
1644 2030 1814 2100 quod

149 2127 343 2183 verba
413 2126 491 2183 de
576 2128 841 2185 Macario
924 2126 1171 2198 Evagrii
1259 2130 1665 2198 praeceptore
1749 2127 1812 2185 in

147 2237 374 2295 graeco
429 2224 575 2283 libri
634 2225 890 2283 secundi
967 2230 1157 2291 textu,
1230 2224 1411 2283 cuius
1472 2224 1812 2298 fragmenta

150 2320 498 2378 Cotelerius
517 2321 729 2384 edidit,
782 2322 1006 2379 desunt
1037 2319 1144 2397 (5).
1182 2321 1394 2395 Neque
1437 2321 1592 2379 illud
1621 2321 1809 2380 etiam

152 2417 302 2473 satis
355 2422 639 2475 constare
691 2418 957 2484 videtur,
1015 2418 1159 2477 libri
1211 2418 1467 2477 secundi
1523 2418 1733 2477 verbis
1793 2437 1805 2476 :

158 2533 183 2566 ε
219 2513 504 2571 Vidimus
535 2515 620 2572 ibi
666 2518 727 2573 et
748 2516 1277 2588 sapientissimum
1321 2516 1615 2577 virum...
1653 2518 1811 2575 Eva-

145 2612 357 2683 grium
419 2633 448 2666 »
509 2611 595 2687 (6)
645 2615 1071 2687 comprobari,
1123 2616 1451 2687 Evagrium
1498 2614 1811 2675 habitasse

145 2708 209 2766 in
238 2708 511 2775 Cellulis.
559 2713 638 2770 de
666 2726 933 2785 quarum
979 2714 1302 2772 monachis
1336 2727 1614 2786 eousque
1659 2729 1809 2772 nar-

144 2813 351 2865 ratum
405 2815 576 2878 erat;
654 2825 797 2868 nam
868 2816 928 2870 et
998 2812 1370 2870 vocabulum
1430 2808 1509 2868 ibi
1577 2812 1640 2870 in
1684 2812 1803 2869 fra-

142 2911 394 2976 gmento
414 2921 636 2977 graeco
656 2908 1051 2966 desideratur
1067 2905 1179 2983 (7).
1207 2908 1311 2967 Sin
1334 2913 1543 2967 autem
1576 2908 1687 2966 illa
1716 2916 1803 2967 te-

144 3016 317 3059 mere
346 3018 418 3061 ac
451 3019 638 3075 prave
683 3006 746 3063 in
776 3020 998 3077 graeco
1032 3006 1377 3078 fragmento
1409 3006 1803 3077 omittantur,
1837 3042 1878 3098 ο

142 3100 404 3158 minime
448 3106 652 3160 tamen
699 3104 1006 3175 sequitur,
1056 3104 1395 3161 Macarium
1439 3100 1805 3161 Alexandri-

140 3214 277 3253 num
319 3197 508 3257 fuisse
542 3206 1012 3271 praeceptorem
1057 3201 1338 3273 Evagrii;
1383 3216 1460 3258 ex
1491 3215 1566 3259 eo
1608 3202 1802 3269 enim,

142 3294 309 3364 quod
342 3300 493 3352 tunc
534 3295 832 3368 Evagrius
875 3298 937 3354 in
981 3297 1237 3356 Cellulis
1276 3298 1453 3363 vixit,
1488 3298 1549 3355 id
1595 3283 1803 3373 colligi

146 3404 268 3446 non
315 3396 533 3461 potest,
584 3392 919 3465 praecipue
960 3409 1156 3466 quum
1188 3395 1298 3453 illo
1341 3400 1625 3468 tempore
1668 3395 1799 3454 Ma-

139 3486 294 3544 carii
330 3487 452 3545 iam
487 3490 714 3548 mortui
737 3498 955 3549 essent.
993 3492 1276 3551 Socrates
1296 3506 1445 3551 vero
1468 3493 1796 3565 Evagrium

142 3585 550 3645 Macariorum
581 3589 863 3661 Aegyptii
892 3595 954 3648 et
984 3590 1380 3650 Alexandrini
1408 3592 1791 3666 discipulum

138 3688 330 3749 vocat,
363 3698 397 3741 a
426 3687 676 3757 quibus,
706 3702 900 3759 quum
932 3693 1111 3746 antea
1141 3689 1291 3747 solis
1333 3691 1544 3749 verbis
1591 3690 1792 3762 philo-

137 3781 432 3851 sophatus
451 3789 629 3851 esset,
650 3798 719 3841 re
741 3784 876 3857 ipsa
899 3786 1328 3858 philosophari
1354 3788 1646 3846 didicerit
1673 3786 1786 3865 (8).

214 3878 293 3935 De
324 3879 588 3938 Macario
631 3882 927 3954 Evagrius
956 3882 1018 3940 in
1064 3883 1235 3957 libri,
1268 3884 1367 3943 cui
1403 3885 1621 3944 titulus
1648 3891 1739 3945 est
1771 3904 1787 3948 :

134 3990 163 4026 «
196 3975 405 4047 Capita
436 3980 705 4049 practica
733 3981 809 4037 ad
860 3981 1233 4048 Anatolium,
1286 4004 1313 4034 »
1359 3983 1586 4054 capite,
1620 3984 1791 4056 quod

135 4090 163 4123 «
207 4068 404 4132 Ῥήσεις
443 4082 688 4145 μοναχών
729 4074 888 4145 ἁγίων
936 4097 967 4133 »
1016 4078 1404 4147 inscribitur,
1453 4082 1608 4139 haec
1654 4095 1792 4141 me-

133 4176 329 4229 morat
364 4192 376 4228 :

206 4286 235 4321 «
289 4270 621 4345 Aegyptius
667 4286 854 4331 senex
905 4274 1228 4347 Macarius,
1287 4290 1394 4333 vas
1443 4276 1599 4336 illud
1659 4277 1792 4335 ele-

194 4448 269 4519 (1)
309 4451 498 4521 Supra
528 4453 637 4518 s26
670 4468 736 4523 p.
782 4453 906 4510 112.

207 4536 280 4606 (2)
321 4538 406 4596 Cf.
442 4540 522 4603 S7
559 4556 621 4611 p.
664 4542 757 4598 32.

192 4625 263 4690 (3)
305 4627 418 4684 VV.
456 4629 573 4686 PP.
608 4629 801 4686 Rosw.
844 4630 948 4687 lib.
981 4633 1027 4687 ll
1050 4649 1183 4705 cap.
1209 4637 1282 4691 27
1314 4652 1376 4708 p.
1400 4638 1527 4704 479,
1562 4642 1637 4705 2;
1669 4644 1781 4697 Ru-

125 4709 219 4765 ﬁni
260 4716 410 4785 Opp.
450 4719 550 4775 ed.
594 4718 921 4791 Vallarsip.
966 4722 1070 4777 192
1111 4742 1123 4790 ;
1161 4725 1351 4795 Migne
1381 4726 1419 4782 l.
1449 4728 1491 4784 Ι,
1536 4744 1593 4783 η.
1640 4733 1769 4787 449.

188 4800 263 4890 (4)
303 4803 389 4861 Cf.
431 4822 618 4878 supra
645 4824 705 4877 p.
748 4809 875 4865 110.
1759 4839 1774 4890 ;

189 4888 261 4959 (5)
304 4894 551 4952 Coteler.
588 4896 736 4951 Eccl.
768 4898 975 4953 Graec.
1015 4902 1176 4957 Mon.
1203 4903 1269 4959 T.
1308 4903 1376 4957 ΙΙΙ
1416 4920 1480 4976 p.
1524 4907 1627 4963 176
1647 4923 1739 4979 sq.

125 4973 267 5046 Opp.
307 4983 516 5039 Meurs.
560 4984 604 5039 l.
646 4985 693 5040 Ι.
744 5001 806 5056 p.
850 4987 979 5044 644.

189 5067 257 5137 (6)
296 5069 408 5126 VV.
440 5073 539 5128 PP.
565 5075 765 5129 Rosw.
801 5074 845 5131 l.
888 5076 937 5132 Ι.
976 5076 1271 5142 ;Vallarsi
1302 5080 1432 5146 1.1.,
1454 5083 1641 5153 Migne
1668 5083 1773 5143 1.1.

129 5163 183 5218 p.
216 5157 316 5212 448
347 5175 441 5231 sq.

189 5244 260 5313 (‘7)
298 5247 545 5306 Coteler.
582 5250 626 5306 l.
668 5252 712 5308 l.
753 5254 954 5325 ;Opp.
992 5257 1211 5313 Meurs.
1257 5257 1302 5316 l.
1338 5261 1382 5315 Ι.

303 5336 462 5395 Socr.
504 5340 648 5395 Hist.
684 5341 841 5398 Eccl.
871 5341 979 5399 lib.
1012 5344 1082 5399 ιν
1103 5362 1235 5415 cap.
1270 5348 1339 5403 23
1364 5348 1463 5405 ed.
1500 5350 1538 5404 Ι.
1564 5366 1625 5422 ρ.
1649 5356 1771 5410 234.

204 5416 273 5490 (9)
310 5425 490 5497 Caput
517 5430 701 5493 xcm,
724 5431 974 5487 Coteler.
1009 5433 1166 5491 Eccl.
1201 5435 1410 5494 Graec.
1438 5416 1593 5497 Man".
1616 5443 1678 5498 τ.
1702 5443 1777 5503 IlI

142 5514 192 5569 P-
207 5508 266 5595 99
278 5527 385 5583 εει,
401 5518 672 5574 Galland.
698 5519 843 5576 Bibl.
862 5519 1044 5578 PP.T.
1069 5522 1166 5577 VII
1181 5540 1239 5595 p.
1259 5527 1380 5580 565.
1404 5527 1623 5586 Harum
1637 5546 1775 5588 nar-

156 5594 436 5661 rationum
473 5608 817 5666 versionem
849 5626 879 5665 a
901 5611 1114 5666 D011it(
1130 5594 1380 5682 salignis
1399 5630 1451 5671 n.
1479 5618 1784 5678 talltum
1813 5645 1831 5679 ξ

1926 1930 2230 1988 Macarius
2251 1931 2413 1989 istud
2440 1932 2622 2005 dixit,
2650 1946 2778 1993 non
2828 1934 3175 1992 nominant.

2006 2028 2285 2086 Alterum
2355 2029 2431 2087 de
2494 2030 2760 2089 Macario
2814 2032 3201 2090 enuntiatum
3287 2029 3580 2101 Evagrius

1922 2123 2159 2183 ibidem
2218 2126 2336 2185 hoc
2385 2127 2655 2201 suggerit
2709 2146 2782 2184 ξ(
2819 2128 3059 2188 Accessi
3115 2129 3251 2201 ipso
3332 2125 3574 2185 fervido

1922 2222 2186 2280 meridie
2216 2224 2291 2282 ad
2346 2232 2627 2284 sanctum
2673 2231 2912 2297 patrem
2971 2226 3330 2292 Macarium,
3382 2229 3443 2283 et
3471 2224 3573 2282 siti

1919 2319 2322 2379 vehementer
2374 2337 2713 2395 oppressus
2760 2339 2988 2397 aquam
3054 2323 3200 2394 petii
3249 2323 3325 2380 ad
3353 2322 3572 2381 biben-

1918 2417 2090 2475 dum.
2177 2418 2230 2475 is
2309 2426 2516 2479 autem
2578 2421 2895 2489 :Umbra,
2971 2422 3195 2495 inquit,
3244 2424 3573 2479 contentus

1918 2519 2067 2573 esto.
2119 2517 2290 2575 Multi
2339 2517 2529 2586 enim,
2578 2521 2685 2593 qui
2731 2535 2894 2579 nunc
2926 2521 3044 2578 iter
3070 2518 3304 2577 faciunt
3334 2518 3572 2575 velna-

1918 2614 2143 2687 vigant,
2197 2616 2386 2674 etiam
2437 2617 2622 2676 huius
2668 2625 2879 2677 carent
2935 2618 3177 2677 solatio.
3238 2616 3384 2675 Dein
3445 2616 3570 2674 dis-

1917 2713 2157 2784 putanti
2188 2713 2340 2771 mihi
2394 2721 2456 2772 et
2518 2716 2595 2773 de
2639 2718 3011 2775 abstinentia
3067 2731 3211 2775 cum
3247 2729 3323 2773 eo
3352 2715 3569 2773 confe-

1917 2810 2122 2867 renti:
2155 2811 2426 2877 Conﬁde,
2468 2812 2688 2886 inquit,
2742 2814 2825 2872 iiii
2864 2820 3071 2883 ;totos
3124 2812 3337 2886 viginti
3371 2826 3565 2871 annos

1915 2921 2117 2980 neque
2183 2923 2342 2981 pane
2408 2925 2610 2983 neque
2668 2927 2827 2985 aqua
2893 2927 3093 2984 neque
3146 2926 3369 2969 somno
3416 2926 3563 2969 usus

1914 3027 2053 3071 sum
2100 3014 2178 3072 ad
2226 3016 2592 3075 satietatem.
2652 3018 2800 3076 Nam
2844 3033 3067 3091 panem
3122 3032 3333 3076 meum
3391 3022 3562 3077 certo

1916 3112 2192 3183 pondere
2247 3116 2515 3181 comedi,
2570 3131 2798 3188 aquam
2854 3114 2985 3174 bibi
3021 3119 3186 3174 certa
3245 3130 3558 3183 mensura,

1914 3222 1985 3265 ac
2015 3211 2215 3267 somni
2248 3211 2535 3283 exiguam
2595 3218 2838 3285 partem
2878 3213 3217 3272 suﬂ’uratus
3259 3226 3399 3271 sum
3456 3213 3555 3271 in-

1910 3304 2202 3365 clinando
2230 3322 2328 3365 me
2349 3309 2425 3367 ad
2455 3310 2722 3380 parietes
2750 3308 2895 3379 (15).
2936 3330 2965 3365 υ
3016 3311 3191 3380 Quod
3217 3309 3384 3368 idem
3411 3324 3559 3368 nar-

1910 3409 2082 3462 ratur
2108 3420 2141 3462 a
2168 3406 2611 3483 Socrate(16)et
2639 3410 2701 3468 in
2724 3409 2887 3469 libro
2918 3416 3089 3469 sexto
3114 3409 3231 3467 VV.
3272 3410 3372 3468 PP.
3401 3408 3552 3486 (17).

1906 3499 2125 3574 Legem
2163 3510 2371 3561 autem
2418 3505 2569 3576 cibi,
2651 3513 2835 3578 potus
2887 3513 2947 3566 et
2976 3508 3179 3565 somni
3238 3508 3554 3566 desiderio

1905 3614 2222 3672 nunquam
2280 3604 2537 3661 omnino
2588 3605 3003 3665 satisfaciendi
3052 3611 3263 3678 postea
3306 3603 3553 3664 Colum-

1903 3696 2102 3754 banus
2132 3700 2453 3759 monachis
2476 3701 2606 3760 suis
2645 3702 3055 3776 praescripsit
3080 3704 3225 3779 (18).

1979 3794 2224 3854 Tertius
2273 3797 2544 3871 denique
2606 3799 2801 3873 locus,
2851 3815 2975 3874 que
3024 3801 3360 3861 Macarium
3403 3802 3551 3860 Eva-

1898 3892 2071 3964 grius
2112 3902 2586 3968 commemorat,
2644 3897 2708 3955 in
2777 3899 3059 3957 eiusdem
3116 3899 3263 3957 libri
3316 3899 3542 3971 capite,

1899 3991 2067 4062 quod
2099 4009 2129 4045 «
2163 3993 2483 4061 Θεωρήματα
2508 3995 2770 4063 πρακτικοί
2804 4016 2833 4050 υ
2863 3996 3251 4066 inscribitur,
3282 3997 3385 4055 hic
3414 4002 3506 4056 est
3525 4019 3541 4065 ;

1985 4109 2014 4140 «
2065 4089 2355 4148 Nonnulli
2398 4096 2541 4149 sunt
2580 4107 2654 4149 ex
2708 4093 3123 4152 daemonibus
3176 4095 3542 4165 immundis,

1898 4186 2006 4258 qui
2078 4186 2426 4259 legentibus
2491 4203 2743 4263 semper
2798 4191 3092 4262 assident,
3144 4196 3543 4264 mentemque

1896 4297 2118 4342 eorum
2175 4286 2467 4359 abripere
2542 4294 2867 4356 conantur,
2946 4294 3194 4363 sumpta
3242 4304 3544 4363 saepenu-

1962 4470 2068 4533 (10)
2108 4468 2275 4525 Socr.
2318 4469 2462 4527 Hist.
2500 4470 2655 4527 Eccl.
2695 4470 2737 4527 l.
2779 4473 2825 4528 Ι.
2862 4489 2925 4543 ρ.
2960 4474 3090 4529 235.

1961 4557 2071 4626 (ll)
2111 4556 2235 4613 vv.
2268 4557 2380 4615 pp.
2408 4560 2603 4615 Rosw.
2630 4559 2738 4615 lib.
2770 4561 3017 4619 Vlibell.
3048 4566 3131 4627 10,
3156 4563 3225 4618 34
3249 4579 3309 4634 p.
3342 4563 3539 4628 599,2.

1961 4645 2073 4714 (12)
2114 4644 2262 4701 Ibid.
2299 4662 2435 4716 cap.
2480 4652 2564 4711 37,
2600 4649 2629 4701 4
2658 4665 2716 4719 p.
2750 4648 2874 4715 681,
2903 4652 2955 4707 2.

1960 4734 2076 4804 (13)
2117 4734 2266 4790 Ibid.
2297 4742 2444 4791 sent.
2482 4738 2548 4791 15
2587 4754 2643 4807 ρ.
2680 4738 2920 4805 1003,1.

1958 4824 2071 4892 (14)
2113 4823 2354 4879 Coteler.
2392 4825 2540 4881 Eccl.
2585 4828 2786 4882 Graec.
2824 4829 2978 4883 Mon.
3009 4829 3071 4884 T.
3107 4830 3126 4885 1
3168 4846 3225 4902 ρ.
3262 4830 3367 4887 546
3399 4850 3445 4889 s.
3481 4849 3534 4890 v.

1887 4911 2192 4968 Macarius
2248 4915 2583 4985 Aegyptius
2625 4918 2651 4981 5
2702 4918 2907 4973 XXXVI
2948 4935 2962 4984 ;
3012 4918 3164 4975 infra
3212 4920 3272 4975 in
3320 4921 3536 4977 harum

1888 5002 2316 5065 Quaestionum
2340 5004 2681 5074 Appendice
2702 5005 2887 5062 altera
2912 5007 3025 5062 sub
3052 5006 3143 5062 III.

1956 5089 2069 5161 (15)
2109 5090 2250 5163 Cap.
2288 5091 2470 5157 XCIV,
2504 5090 2749 5149 Coteler.
2785 5095 2935 5151 Eccl.
2959 5094 3166 5153 Graec.
3192 5099 3343 5156 Mon.
3375 5101 3436 5156 T.
3462 5099 3537 5157 ΙΙΙ

1886 5192 1945 5249 p.
1980 5179 2107 5249 100,
2132 5179 2405 5236 Galland.
2430 5180 2573 5237 Bibl.
2605 5182 2713 5236 PP.
2739 5182 2773 5239 l.
2802 5184 2845 5237 Ι.

1957 5266 2067 5339 (16)
2111 5270 2272 5323 Socr.
2312 5270 2450 5326 Hist.
2479 5270 2628 5325 Eccl.
2658 5270 2695 5327 l.
2725 5272 2768 5326 Ι.

1953 5356 2068 5427 (17)
2106 5356 2220 5413 VV.
2236 5357 2340 5413 PP.
2358 5359 2986 5428 Rosw.lib.VIlibell.4,
3003 5362 3091 5417 17.
3109 5362 3175 5416 18
3190 5379 3249 5433 p.
3263 5364 3429 5431 659,2
3444 5382 3532 5438 sq.

1957 5446 2067 5515 (18)
2106 5446 2458 5503 Columbani
2481 5449 2622 5505 abb.
2655 5450 2861 5519 regula
2886 5449 3249 5507 coenobialis
3268 5467 3401 5523 cap.
3425 5453 3460 5507 3
3481 5460 3537 5509 et

1885 5534 1947 5591 in
1995 5533 2133 5591 ﬁne.
2189 5536 2469 5597 Holstenii
2522 5537 2665 5596 Cod.
2717 5540 2986 5611 Regular.
3030 5542 3092 5596 T.
3132 5538 3161 5593 l-
3204 5552 3268 5608 p.
3313 5541 3439 5612 1'10,
3472 5546 3535 5599 .9.

1850 5624 2014 5699 μνη,
2046 5626 2101 5684 2.
