4092 6256
548 279 653 335 H5

1403 273 1504 329 SS.
1549 270 2038 330 MACARIORUM
2073 266 2191 326 ΛΕΕ

2300 267 2406 324 ΡΤΙΙ
2447 267 2537 323 ΕΤ
2575 268 3070 326 ALEXANDRINI
3825 265 3906 320 H6
3990 269 3991 282 ‘

546 420 722 467 mero
762 408 1088 465 occasione
1133 420 1206 463 ex
1262 405 1413 476 ipsis
1463 403 1694 461 divinis
1747 401 2080 476 scripturis
2126 399 2190 457 in
2225 396 2272 450 A
2301 399 2574 471 positum
2603 398 2975 472 virginitatis
3017 405 3124 459 aut
3165 399 3482 459 viduitatis
3524 396 3837 456 servandae
3871 401 3914 453 et

547 520 734 580 prava
803 504 1065 577 cogitata
1137 503 1488 560 desinentes
1562 502 1876 559 interdum
1940 513 2192 574 quoque

543 609 756 661 contra
824 616 1065 660 morem
1137 601 1401 658 oscitare
1469 604 1632 673 121
1713 603 1960 671 cogunt,
2007 603 2194 669 atque

543 701 978 774 gravissimum
1025 713 1313 756 somnum
1365 698 1708 755 immittunt
1750 710 2126 769 magnopere
2155 708 2190 752 a

543 801 838 857 consueto
907 798 1245 860 diversum,
1295 797 1504 869 idque,
1576 801 1644 853 ut
1700 795 1762 852 in
1814 793 2191 867 quibusdam

543 896 838 954 fratribus
867 896 1326 967 deprehensum
1380 898 1491 957 est,
1544 898 1764 950 natura
1795 889 2194 948 ineffabiliter

544 993 864 1051 renitente.
947 993 1121 1062 Quod
1194 1007 1313 1066 ego
1378 1005 1522 1050 cum
1583 991 1939 1062 frequenter
1979 989 2193 1046 obser-

539 1106 800 1157 vassem,
863 1089 996 1164 ipse
1065 1090 1368 1162 comperi.
1429 1090 1766 1160 Capessunt
1858 1086 2193 1158 palpebras

541 1205 682 1248 cum
716 1194 844 1249 toto
877 1190 1100 1261 capite,
1143 1190 1333 1260 idque
1383 1187 1643 1259 proprio
1690 1199 1956 1256 corpore
2011 1182 2192 1254 frige-

540 1287 767 1345 factant
801 1309 813 1359 ;
848 1287 1186 1345 admodum
1235 1287 1402 1344 enim
1462 1284 1685 1357 frigida
1739 1287 1882 1341 sunt
1938 1284 2194 1339 daemo-

543 1399 692 1443 num
744 1399 1031 1455 corpora,
1085 1390 1145 1442 et
1193 1383 1486 1455 crystallo
1525 1383 1777 1448 similia,
1821 1381 1986 1438 unde
2016 1384 2077 1436 et
2096 1394 2190 1436 ca-

545 1488 654 1555 put
700 1483 1003 1540 sentimus
1056 1483 1218 1539 velut
1289 1480 1612 1539 cucurbita
1671 1479 2063 1537 medicorum
2107 1481 2193 1532 at-

540 1585 806 1638 tractum
836 1593 978 1637 cum
1023 1579 1310 1637 stridore.
1366 1577 1500 1636 Hoc
1555 1582 1762 1635 autem
1813 1576 2064 1644 faciunt,
2103 1579 2190 1646 ut,

539 1679 590 1736 si
645 1678 902 1736 insitum
965 1678 1173 1735 calvae
1231 1678 1505 1735 calorem
1549 1676 1626 1733 ad
1675 1690 1741 1733 se
1775 1675 1943 1746 ipsos
1993 1677 2191 1730 traxe-

541 1777 684 1843 rint,
774 1777 1112 1848 palpebrae
1195 1777 1461 1833 humore
1539 1775 1796 1832 demum
1840 1778 1898 1829 et
1960 1771 2192 1843 frigore

539 1875 848 1934 relaxatae
877 1874 1313 1932 circumﬂuant
1343 1873 1601 1946 pupillis
1629 1868 1978 1930 oculorum.
2035 1868 2192 1937 Qua-

538 1987 605 2030 re
636 1973 972 2046 palpebras
993 1986 1178 2043 saepe
1211 1971 1262 2029 si
1289 1969 1688 2038 contrectavi,
1749 1968 1953 2026 inveni
1999 1967 2192 2024 instar

535 2069 808 2142 crystalli
888 2074 1262 2144 compactae,
1321 2074 1639 2140 totamque
1685 2067 1903 2123 faciem
1959 2063 2190 2121 mortui

536 2167 809 2225 similem
859 2171 919 2222 et
975 2166 1321 2223 horridam.
1381 2167 1663 2222 Attamen
1719 2177 1978 2222 somnus
2020 2167 2191 2219 natu-

537 2264 688 2322 ralis
760 2276 1027 2336 corpora
1109 2263 1408 2327 calefacit,
1480 2275 1902 2332 sanorumque
1988 2259 2190 2316 vultus

538 2360 769 2419 nitidos
799 2360 1025 2426 reddit,
1083 2359 1252 2432 quod
1312 2359 1444 2430 ipsa
1498 2372 1750 2432 quoque
1806 2355 2189 2429 experientia

534 2459 853 2516 discimus.
888 2457 1005 2516 Sed
1037 2457 1128 2515 illi
1186 2463 1400 2514 contra
1453 2463 1735 2514 naturam
1793 2470 1867 2512 ex
1923 2468 2034 2512 ore
2086 2455 2187 2510 ni-

537 2558 736 2613 mium
816 2555 1082 2612 distento
1156 2554 1586 2612 oscitationem
1666 2553 1961 2621 efﬁciunt,
2040 2557 2187 2609 atte-

538 2660 794 2710 nuantes
821 2668 908 2721 se,
969 2658 1028 2709 et
1080 2653 1378 2710 interiora
1432 2652 1562 2708 oris
1611 2656 2004 2721 occupantes.
2064 2649 2187 2721 Ego

534 2751 793 2823 quidem
851 2751 1128 2808 nondum
1182 2751 1298 2807 hoc
1370 2749 1668 2812 intellexi,
1721 2748 1835 2805 etsi
1887 2761 2186 2819 persaepe

537 2863 755 2921 passus
783 2848 952 2914 sim;
1004 2853 1063 2904 at
1119 2852 1398 2904 sanctum
1459 2845 1791 2903 Macarium
1850 2845 2058 2903 audivi
2107 2845 2185 2901 de

535 2947 654 3004 hoc
684 2945 837 3002 mihi
881 2946 1260 3017 loquentem,
1325 2946 1430 3017 qui
1483 2945 1561 3002 ad
1620 2958 1752 3001 rem
1797 2943 2182 3014 probandam

533 3044 735 3102 attulit
803 3043 1200 3101 oscitantium
1274 3042 1814 3112 consuetudinem,
1880 3056 1951 3098 os
2009 3041 2183 3112 signo

533 3143 740 3201 crucis
788 3141 1109 3199 muniendi
1141 3156 1217 3198 ex
1283 3140 1617 3198 traditione
1663 3136 1916 3212 antiqua
1965 3140 2185 3198 imme-

536 3241 782 3299 moriali
813 3237 930 3314 (t).
973 3240 1260 3298 Ceterum
1308 3239 1519 3295 omnia
1551 3238 1654 3295 illa
1713 3239 2008 3309 patimur,
2038 3237 2185 3309 quia

536 3337 786 3395 lectioni
817 3352 939 3394 non
983 3337 1359 3394 attendimus
1403 3335 1746 3407 vigilanter,
1794 3349 1995 3407 neque
2049 3350 2183 3392 san-

536 3441 632 3493 cta
679 3436 783 3491 Dei
829 3433 949 3490 vivi
1004 3435 1253 3505 eloquia
1311 3448 1422 3490 nos
1477 3434 1677 3505 legere
1725 3433 1906 3491 nobis
1952 3432 2183 3489 conscii

541 3546 758 3590 sumus
787 3533 895 3605 (2).
947 3551 975 3584 ιι
1032 3532 1190 3588 Haec
1248 3532 1502 3604 quidem
1549 3531 1785 3603 Evagrii
1845 3533 2079 3588 notatio
2109 3529 2187 3586 ad

538 3632 904 3688 vetustatem
967 3629 1455 3695 consuetudinis,
1537 3645 1658 3700 qua
1733 3629 2063 3686 oscitantes
2119 3642 2188 3685 os

535 3727 711 3800 signo
785 3726 989 3783 crucis
1063 3728 1311 3784 munire
1368 3729 1591 3794 solent,
1653 3726 2188 3798 comprobandam

533 3825 896 3896 gravissima
927 3829 1035 3881 est.
1067 3825 1213 3883 Uter
1240 3839 1384 3883 vero
1438 3823 1863 3883 Macariorum
1908 3824 2013 3881 illa
2045 3825 2191 3881 Eva-

536 3922 672 3995 grio
745 3922 1127 3994 exposuerit,
1190 3928 1361 3980 certo
1408 3923 1510 3980 vix
1566 3922 1947 3992 deﬁnietur;
2000 3937 2192 3994 quan-

534 4035 723 4094 quam
781 4034 922 4078 cum
995 4021 1287 4092 Evagrius
1331 4021 1428 4078 bis
1457 4019 1794 4078 Macarium
1823 4021 2190 4092 Aegyptium

542 4118 831 4177 laudibus
884 4119 1192 4188 extulerit,
1265 4119 1428 4176 haud
1486 4118 1825 4191 incongrue
1889 4119 2184 4185 creditur,

538 4217 639 4274 hic
669 4231 940 4288 quoque,
979 4217 1084 4274 ubi
1130 4217 1504 4288 simpliciter
1535 4217 1785 4275 Macarii
1829 4218 2063 4275 mentio
2100 4217 2186 4284 ﬁt,

534 4313 806 4370 eundem
837 4313 1118 4384 intelligi.
1171 4311 1286 4371 Sed
1331 4315 1658 4373 audiamus
1701 4331 1862 4374 nunc
1891 4331 1984 4380 ea,
2030 4330 2190 4387 quae

541 4410 722 4467 nobis
766 4411 1021 4481 praebet
1047 4410 1104 4468 8.
1133 4411 1566 4482 Hieronymus.

621 4509 777 4582 §30.
840 4508 895 4565 Is
953 4509 1249 4566 Macarios
1306 4480 1534 4581 passim
1607 4511 1669 4568 in
1731 4511 2031 4583 epistolis,
2081 4480 2263 4568 sedD

541 4607 749 4666 obiter
825 4612 1063 4666 tantum
1151 4613 1621 4666 commemorat.
1722 4610 1786 4668 In
1852 4610 2189 4668 Palaestina

540 4705 702 4761 vitae
724 4705 1123 4762 monachicae
1155 4705 1289 4777 ipse
1335 4720 1400 4764 se
1429 4706 1705 4774 dederat,
1750 4723 1937 4780 quam
1985 4723 2192 4782 quan—

545 4809 604 4861 ta
661 4801 988 4861 dulcedine
1046 4803 1370 4876 amplexus
1430 4807 1527 4872 sit,
1585 4806 1720 4864 eius
1774 4808 2074 4879 epistolae
2129 4808 2185 4863 2.

547 4901 736 4960 3.14.
811 4901 910 4958 22.
961 4901 1057 4966 2L,
1117 4917 1278 4974 quae
1332 4917 1554 4961 omnes
1607 4910 1747 4963 ante
1792 4921 2022 4964 annum
2078 4906 2190 4963 384

544 5000 812 5073 scriptae
851 5001 1019 5073 122
1054 5007 1194 5059 sunt
1217 4999 1325 5078 (3),
1346 5003 1700 5076 ostendunt,
1737 5019 1848 5061 nec
1871 5018 1989 5063 non
2010 5004 2188 5070 aliae,

544 5112 702 5171 quas
723 5103 936 5170 postea
963 5098 1234 5170 scripsit,
1275 5101 1708 5172 comprobant.
1749 5101 1978 5160 Romae
1998 5115 2196 5175 quum

2301 497 2378 555 ad
2432 496 2885 568 simpliciorem
2959 498 3147 557 vitam
3215 497 3513 568 traduxit,
3580 499 3913 568 quapropter

2303 596 2482 654 multi
2529 611 2676 654 eum
2723 596 3136 670 obiurgabam
3189 596 3296 674 (li).
3361 597 3429 654 1n
3490 595 3744 668 epistola
3793 607 3914 665 qua-

2303 695 2444 751 dam
2488 693 2656 752 circa
2690 709 2922 753 annum
2963 697 3076 753 395
3119 697 3347 769 scripta
3394 695 3471 752 de
3513 712 3543 747 (ί
3597 691 3831 764 Aegypti
3875 694 3915 745 et

2304 793 2808 865 Mesopotamiae,
2867 796 3067 865 Ponti,
3138 793 3572 866 Cappadociae
3637 795 3697 849 et
3748 791 3915 848 Arme-

2302 892 2440 949 niae
2485 891 2880 950 examinibus
2926 894 3377 952 monachorum
3436 913 3458 945 ι
3516 890 3780 962 loquitur
3818 884 3912 960 (5),:

2302 989 2408 1047 sed
2438 994 2499 1047 et
2529 991 2592 1046 in
2637 991 2810 1048 italia
2853 992 3191 1049 monachos
3236 1005 3356 1048 non
3403 988 3694 1059 defuisse,
3736 1000 3802 1042 ex
3840 983 3912 1047 iis,

2301 1103 2462 1159 quae
2507 1087 2585 1145 de
2641 1088 2929 1146 defuncta
2981 1089 3237 1146 Fabiola
3293 1102 3458 1146 anno
3513 1087 3626 1143 398
3679 1081 3913 1147 tradidit,

2303 1185 2602 1243 discimus
2668 1183 2777 1261 (6).
2855 1187 2981 1244 iam
3065 1202 3139 1243 ex
3211 1183 3310 1243 his
3378 1184 3622 1256 paucis,
3690 1191 3915 1253 quanam

2301 1283 2627 1341 occasione
2695 1284 2835 1342 data
2906 1284 2964 1342 8.
3041 1284 3461 1354 Hieronymus
3547 1277 3914 1338 Macariorum

2304 1381 2684 1439 mentionem
2723 1381 2959 1449 fecerit,
3007 1383 3302 1454 colliges;
3355 1385 3462 1438 aut
3516 1379 3682 1437 enim
3731 1374 3914 1442 amico,

2302 1480 2407 1550 qui
2451 1480 2526 1537 ad
2582 1494 2864 1538 eremum
2923 1481 3332 1538 Macariorum
3382 1481 3747 1546 accesserat,
3795 1485 3915 1529 con-

2301 1578 2663 1650 gratulatur,
2715 1585 2820 1636 aut
2860 1579 3096 1637 amicos
3147 1578 3549 1636 Occidentem
3600 1586 3800 1631 versus
3839 1570 3917 1626 ha-

2305 1676 2567 1733 bitantes
2635 1676 2711 1734 ad
2821 1677 3108 1749 exempla
3163 1691 3384 1734 eorum
3441 1677 3709 1732 revocat.
3768 1669 3917 1726 Locos

2299 1779 2526 1847 quanta
2568 1775 2887 1846 potuimus
2929 1775 3248 1846 diligentia
3286 1775 3476 1832 hosce
3516 1768 3914 1843 congessimus.

2381 1871 2664 1929 Primum
2722 1873 2842 1930 huc
2889 1877 3126 1945 spectat
3165 1872 3430 1943 epistola
3473 1873 3506 1929 3
3549 1869 3624 1926 ad
3675 1863 3912 1924 Ruﬁnum

2306 1971 2786 2042 Aquileiensem,
2874 1985 3062 2043 quem
3147 1969 3208 2027 in
3285 1971 3636 2042 Aegyptum
3718 1960 3915 2021 venisse

2301 2068 2359 2126 S.
2391 2068 2805 2139 Hieronymus
2847 2069 3153 2138 audierat,
3200 2073 3431 2125 aestate
3477 2065 3622 2124 anni
3667 2063 3771 2121 374
3799 2055 3916 2117 scri-

2303 2172 2424 2238 pta,
2477 2166 2541 2223 in
2585 2181 2706 2239 qua
2761 2181 2774 2222 :
2825 2185 2856 2221 (
2916 2167 3141 2232 Prima,
3191 2186 3214 2218 »
3281 2165 3508 2238 inquit,
3573 2182 3602 2215 ‹‹
3659 2151 3914 2229 inopinati

2299 2264 2507 2334 gaudii
2566 2264 2646 2321 ab
2687 2263 3024 2323 Heliodoro
3073 2265 3261 2322 fratre
3312 2263 3471 2321 mihi
3544 2266 3634 2319 est
3682 2253 3914 2315 nuntiata

2299 2361 2578 2419 felicitas.
2630 2362 2759 2419 Non
2801 2362 3138 2419 credebam
3180 2367 3450 2427 certum,
3500 2358 3667 2432 quod
3711 2359 3911 2412 certum

2298 2475 2433 2517 esse
2461 2460 2817 2531 cupiebam,
2855 2460 3222 2531 praesertim
3249 2474 3449 2532 quum
3494 2464 3555 2516 et
3586 2457 3689 2513 ille
3716 2452 3789 2509 ab
3817 2446 3912 2504 alio

2297 2573 2362 2615 se
2391 2559 2660 2615 audiisse
2687 2558 2943 2620 diceret,
2978 2564 3037 2615 et
3083 2558 3172 2615 rei
3208 2557 3450 2614 novitas
3495 2555 3678 2613 ﬁdem
3722 2555 3914 2607 sermo-

2297 2655 2392 2714 nis
2458 2655 2752 2713 auferret.
2806 2654 3072 2713 Rursum
3143 2669 3446 2726 suspensa
3515 2659 3674 2717 vota,
3739 2648 3917 2703 nutan-

2294 2762 2546 2825 temque
2595 2759 2868 2810 mentem
2912 2753 3168 2824 quidam
3219 2750 3694 2816 Alexandrinus,
3742 2751 3916 2801 mona-
3990 2793 3991 2825 ἦ

2294 2852 2469 2915 chus,
2517 2849 2624 2922 qui
2669 2850 2746 2907 ad
2797 2851 3128 2922 Aegyptios
3171 2850 3582 2918 confessores,
3636 2851 3694 2902 et
3739 2840 3914 2898 volun-

2294 2955 2415 3007 tate
2446 2950 2568 3006 iam
2597 2954 2922 3019 martyres,
2959 2948 3063 3020 pio
3095 2947 3296 3020 plebis
3330 2948 3458 3005 iam
3488 2945 3722 3004 dudum
3750 2935 3913 2995 fuerat
3986 2935 3991 3020 ς

2294 3046 2691 3106 transmissus
2741 3047 3070 3118 obsequio,
3133 3047 3499 3104 manifestus
3555 3044 3630 3101 ad
3687 3029 3914 3097 creduli-
3988 3017 3991 3134 Ι

2294 3150 2482 3202 tatem
2547 3144 2746 3202 nuntii
2819 3151 3035 3202 auctor
3083 3143 3442 3215 impulerat.
3509 3143 3723 3199 Fateor
3769 3137 3821 3190 et
3866 3127 3912 3183 in
3990 3127 3991 3140 ‘

2295 3243 2412 3300 hoc
2469 3257 2672 3300 meam
2728 3242 2966 3299 labasse
3021 3241 3411 3300 sententiam.
3492 3242 3643 3300 Nam
3695 3245 3825 3293 cum
3872 3224 3914 3278 ei

2297 3341 2560 3412 patriam
2586 3346 2756 3398 tuam
2787 3340 3102 3410 ignoraret
3128 3345 3189 3397 et
3219 3354 3472 3406 nomen,
3522 3340 3582 3396 in
3628 3348 3700 3393 eo
3742 3333 3909 3388 tamen

2297 3438 2436 3511 plus
2475 3438 2803 3496 videbatur
2845 3436 3088 3504 afferre,
3135 3437 3303 3508 quod
3345 3438 3567 3496 eadem
3617 3422 3907 3490 asserebat,

2295 3551 2454 3609 quae
2511 3537 2636 3593 iam
2689 3536 2849 3592 alius
2905 3536 3304 3594 indicaverat.
3370 3535 3642 3593 Tandem
3699 3525 3910 3600 plenum

2298 3634 2573 3693 veritatis
2603 3635 2846 3705 pondus
2872 3633 3073 3705 erupit
3131 3655 3142 3692 :
3178 3633 3469 3691 Ruﬁnum
3514 3632 3678 3689 enim
3722 3615 3911 3682 Nitriae

2298 3747 2432 3791 esse
2482 3737 2544 3790 et
2589 3731 2666 3788 ad
2723 3732 2972 3788 beatum
3033 3731 3382 3802 perrexisse
3445 3727 3771 3790 Macarium
3812 3724 3919 3772 cre'

2301 3832 2412 3888 bra
2469 3830 2960 3889 commeantium
3033 3830 3368 3888 multitudo
3442 3824 3762 3887 referebat.
3830 3807 3916 3866 Hic

2301 3942 2448 3986 vero
2517 3933 2642 3986 tota
2709 3927 3095 3986 credulitatis
3163 3928 3338 3985 frena
3407 3924 3626 3990 laxavi,
3692 3922 3748 3975 et
3805 3915 3918 3967 tunc

2302 4041 2446 4085 vere
2475 4031 2793 4098 aegrotum
2838 4041 2971 4083 esse
3015 4039 3116 4082 me
3159 4026 3353 4084 dolui.
3407 4026 3477 4084 Et
3521 4021 3637 4082 nisi
3668 4029 3762 4076 me
3799 4009 3918 4066 atte-

2302 4126 2469 4183 nuati
2525 4124 2814 4195 corporis
2871 4122 3034 4180 vires
3092 4123 3364 4196 quadam
3420 4118 3720 4193 compede
3779 4112 3920 4180 91⁸⁸⁸·

2303 4223 2636 4295 pedissent,
2706 4235 2819 4278 nec
2872 4221 3117 4278 mediae
3189 4222 3393 4279 fervor
3455 4214 3629 4288 123
3688 4197 3917 4301 aestati?»

2299 4336 2413 4379 nec
2470 4319 2899 4391 navigantibus
2954 4333 3202 4391 semper
3260 4319 3568 4378 incertum
3635 4318 3795 4371 mare
3842 4303 3921 4367 Pla

2297 4418 2689 4476 festinatione
2732 4417 3036 4489 gradienti
3096 4416 3384 4475 valuisset
3441 4416 3757 4475 obsistere.
3800 4399 3921 4456 Cre'

2299 4518 2407 4574 das
2465 4516 2643 4578 mihi,
2697 4515 2906 4580 frater,
2964 4530 3086 4573 non
3141 4515 3229 4572 sic
3281 4517 3644 4587 tempesmte
3699 4497 3920 4560 iactatus

2302 4620 2550 4687 portum
2596 4619 2779 4670 nauta
2813 4618 3185 4685 prospectat,
3237 4628 3359 4671 non
3403 4614 3493 4670 sic
3524 4601 3781 4669 sitientia
3819 4593 3920 4648 im‘

2301 4714 2443 4770 bres
2490 4726 2634 4769 arva
2687 4711 3061 4778 desiderant,
3122 4725 3234 4768 nec
3294 4711 3382 4768 sic
3439 4721 3628 4769 curvo
3683 4689 3918 4784 assidet”.

2302 4811 2492 4869 iittori
2545 4808 2725 4866 anxia
2768 4807 2967 4866 ﬁlium
3014 4817 3210 4866 mater
3258 4812 3574 4880 exspectat
3619 4798 3720 4881 (7).
3778 4810 3803 4845 »
3850 4781 3917 4886 lbi

2303 4909 2673 4966 alterutrum
2744 4922 2821 4963 ex
2891 4908 3116 4964 nostris
3187 4908 3489 4975 Macariis,
3563 4907 3622 4962 et
3686 4888 3920 4985 fortass}S

2304 5007 2562 5080 quidem
2611 5003 3116 5072 Alexandrinum,
3173 5005 3281 5078 qui
3346 5019 3542 5078 prope
3590 4992 3831 5059 Nitriam
3873 4985 3922 5080 1‘11

2303 5075 2518 5162 eremo
2560 5100 2938 5160 Cellularum
2983 5102 3154 5170 vixit,
3191 5075 3558 5174 intelligi—in
3603 5093 3802 5168 aperto
3828 5075 3916 5135 65t-

547 5204 922 5267 moraretur,
956 5198 1314 5268 complures
1359 5198 1602 5257 nobiles
1643 5197 1908 5257 feminas
1973 5173 2048 5257 ad
2079 5212 2196 5272 pro
2307 5202 2592 5260 Ruﬁnum
2639 5214 2785 5256 vero
2829 5199 2998 5258 circa
3047 5199 3308 5258 Nitriam
3356 5173 3499 5258 cum
3547 5191 3779 5255 duobus
3821 5173 3921 5233 Ma‘

622 5382 698 5453 (1)
740 5381 956 5436 Graece
992 5382 1167 5434 :xara‘c
1197 5381 1428 5452 ἀρχαίαν
1471 5377 1768 5453 παράδοσιν
1807 5380 2053 5455 ἃῤῥητον,

619 5472 697 5543 (2)
733 5469 878 5540 Cap.
923 5468 1109 5529 LXVI.
1166 5470 1409 5525 Coteler.
1465 5471 1614 5526 Eccl.
1668 5473 1872 5528 Graec.
1925 5475 2075 5529 Mon.
2126 5473 2191 5526 T.

551 5559 623 5616 HI
650 5577 726 5631 ρ..
750 5559 955 5632 88.sq.,
979 5559 1247 5617 Galland.
1277 5559 1423 5616 Bibi.
1467 5559 1576 5615 PP.
1607 5560 1712 5615 1.1.
1746 5575 1805 5631 p.
1850 5561 1976 5616 561.

636 5649 708 5722 (3)
751 5648 842 5708 Cf.
869 5649 926 5706 S.
946 5649 1182 5706 Hieron.
1203 5649 1671 5723 Opp.ed.Migne
1687 5648 2204 5724 T.IPraef.p.qu.

2383 5385 2460 5454 (4)
2498 5382 2581 5438 cr.
2613 5385 2718 5453 Ep.
2751 5381 2840 5436 66.
2877 5381 2967 5436 73.
3000 5381 3091 5436 45.
3133 5381 3220 5436 39.
3250 5381 3338 5436 54.

2385 5452 2461 5542 (5)
2505 5471 2605 5540 Ep.
2636 5452 2724 5535 58,
2757 5472 2812 5527 8.
2841 5471 3075 5526 Hieron.
3110 5471 3267 5542 Opp.
3300 5471 3397 5527 ed.
3431 5471 3473 5526 Ι.
3501 5471 3559 5526 Τ.
3588 5465 3685 5534 Ip.
3714 5452 3827 5542 5βῇ

2391 5534 2472 5633 (6')
2514 5534 2617 5632 E-p.
2657 5534 2751 5625 73,
2793 5559 2851 5615 S.
2890 5560 3122 5617 Hieron.
3336 5561 3427 5618 ed.
3452 5559 3495 5614 Ι.
3525 5559 3582 5622 Τ,
3609 5552 3631 5607 Ι
3661 5566 3713 5620 p.
3744 5534 3851 5597 694.

2390 5651 2469 5723 (7)
2493 5650 2562 5723 _S.
2589 5649 2827 5710 Hieron.
2851 5651 3001 5723 Opp.
3035 5649 3136 5709 ed.
3166 5649 3208 5706 Ι.
3241 5650 3308 5708 Τ.
3354 5650 3459 5722 Ip.
3493 5646 3594 5705 332
3622 5653 3707 5712 sq-
