4092 6256
184 227 279 285 117

1763 221 1995 278 VITAE.

3487 211 3592 270 118

183 357 362 416 cariis
416 367 818 427 congressum
865 368 1000 412 esse
1052 353 1507 426 persecutionis
1557 368 1591 411 a
1644 350 1829 410 Lucio
1859 347 1905 402 Δ
1942 352 2232 412 Historici
2277 354 2725 430 Thucydidem,
2765 351 3148 420 Sallustium,
3182 343 3591 414 Herodotum,

184 458 369 514 factae
437 458 740 524 tempore,
810 466 936 524 quo
993 452 1258 523 epistola
1328 453 1384 510 S.
1464 451 1829 522 Hieronymi

183 554 406 626 scripta
461 556 574 617 est,
630 551 754 608 iam
808 565 843 608 e
899 551 1098 609 Ruﬁni
1158 551 1631 609 Continuatione
1689 549 1832 606 His-

181 650 370 709 toriae
428 648 893 706 Ecclesiasticae
951 648 1200 705 Eusebii
1263 648 1662 721 percepimus
1716 643 1824 720 (1).

260 749 449 807 Porro
510 747 817 804 laudanda
867 753 960 805 est
1022 746 1285 818 epistola
1342 747 1440 811 22,
1494 746 1572 803 de
1633 751 1834 802 custo-

179 845 402 903 dienda
471 844 823 917 virginitate
880 844 956 902 ad
1027 844 1426 902 Eustachium
1505 843 1828 914 virginem,

181 943 398 1002 Paulae
447 940 877 999 nobilissimae
935 941 1098 1014 apud
1152 940 1462 999 Romanos
1514 946 1836 998 matronae

180 1039 392 1106 ﬁliam,
427 1054 593 1099 anno
631 1040 745 1102 386.
775 1037 1027 1110 scripta.
1063 1039 1210 1096 Eam
1255 1039 1423 1096 enim
1467 1038 1832 1106 admonens,

185 1142 248 1195 ut
279 1137 604 1194 avaritiam
635 1139 804 1205 vitet,
840 1137 897 1194 S.
927 1136 1341 1209 Hieronymus
1369 1136 1579 1194 addit:
1615 1153 1644 1188 ‹‹
1678 1134 1837 1204 Quid

186 1239 324 1292 ante
353 1249 476 1291 non
525 1235 740 1307 plures
791 1249 983 1293 annos
1026 1234 1258 1292 Nitriae
1296 1240 1537 1306 gestum
1586 1233 1686 1302 sit,
1745 1246 1839 1290 re-

185 1333 480 1390 feremus.
535 1331 801 1400 Quidam
859 1347 931 1389 ex
981 1332 1280 1390 fratribus
1338 1332 1586 1404 parcior
1646 1329 1841 1402 magis

183 1445 372 1503 quam
428 1430 702 1500 avarior,
763 1435 822 1487 et
892 1430 1173 1487 nesciens
1229 1430 1478 1501 triginta
1533 1427 1841 1502 argenteis

185 1528 520 1586 Dominum
597 1527 939 1593 venditum,
1016 1534 1265 1585 centum
1335 1528 1594 1588 solidos,
1683 1541 1842 1599 quos

179 1627 310 1684 lino
369 1627 639 1684 texendo
691 1626 1090 1697 acquisierat,
1153 1626 1430 1683 moriens
1482 1625 1834 1697 dereliquit.

176 1724 407 1782 Initum
461 1729 552 1780 est
606 1723 767 1781 inter
817 1724 1156 1782 monachos
1196 1723 1531 1782 consilium
1575 1754 1653 1762 ——
1696 1736 1838 1778 nam
1870 1701 1910 1754 Β

175 1822 239 1878 in
291 1823 516 1879 eodem
568 1822 705 1879 loco
753 1821 1004 1878 circiter
1052 1822 1329 1893 quinque
1380 1821 1576 1878 millia
1623 1820 1840 1878 divisis

175 1919 426 1976 cellulis
483 1918 848 1976 habitabant
903 1951 980 1960 ——
1029 1919 1181 1990 quid
1239 1919 1401 1976 facto
1439 1934 1599 1990 opus
1652 1922 1832 1976 esset.

177 2018 295 2075 Alii
352 2017 739 2089 pauperibus
798 2016 1268 2074 distribuendos
1328 2032 1462 2074 esse
1522 2017 1831 2081 dicebant,

176 2113 282 2170 alii
337 2115 575 2172 dandos
625 2114 945 2181 ecclesiae,
1002 2113 1285 2171 nonnulli
1334 2113 1698 2185 parentibus
1741 2126 1836 2169 re-

180 2213 536 2271 mittendos.
574 2213 876 2270 Macarius
915 2226 1065 2270 vero
1098 2217 1156 2269 et
1196 2212 1427 2269 Pambo
1457 2217 1517 2268 et
1561 2209 1836 2268 Isidorus

178 2314 237 2365 et
263 2309 478 2374 ceteri,
521 2325 680 2380 quos
711 2314 917 2381 patres
947 2314 1187 2375 vocant,
1231 2313 1443 2366 sancto
1498 2309 1559 2365 in
1601 2307 1693 2365 eis
1737 2308 1835 2363 lo-

180 2409 411 2476 quente
468 2405 702 2477 Spiritu
764 2407 1195 2477 decreverunt,
1253 2405 1648 2463 infodiendos
1701 2417 1836 2462 esse

180 2517 327 2559 cum
361 2502 619 2562 domino
663 2518 774 2562 suo
815 2504 1087 2561 dicentes
1123 2520 1132 2558 :
1178 2503 1440 2561 Pecunia
1480 2511 1584 2561 tua
1629 2509 1835 2560 tecum

180 2600 258 2656 sit
316 2601 377 2656 in
449 2601 883 2673 perditionem.
943 2602 1062 2659 Nec
1093 2602 1209 2659 hoc
1274 2602 1615 2659 crudeliter
1673 2599 1833 2672 quis-

177 2712 368 2770 quam
403 2704 574 2770 putet
623 2700 851 2757 factum
888 2719 900 2758 :
948 2704 1153 2757 tantus
1200 2707 1456 2757 cunctos
1501 2713 1614 2771 per
1644 2702 1836 2755 totam

178 2797 524 2867 Aegyptum
601 2802 804 2855 terror
871 2797 1115 2863 invasit,
1174 2804 1240 2855 ut
1308 2811 1504 2854 unum
1563 2795 1838 2853 solidum

178 2891 494 2952 dimisisse
525 2895 602 2952 sit
629 2895 915 2952 criminis
946 2894 1057 2971 (2).
1112 2918 1138 2946 »
1190 2896 1526 2953 Macarium
1578 2895 1840 2952 Alexan-

177 2991 436 3049 drinum
487 2993 866 3052 Cellularum
917 2993 1358 3065 presbyterum
1418 2993 1521 3050 hic
1575 2991 1838 3062 intelligi

178 3097 460 3161 apparet.
499 3091 649 3148 Nam
699 3090 762 3148 in
796 3095 1007 3148 monte
1044 3090 1278 3149 Nitriae
1325 3089 1554 3148 Pambo
1603 3088 1840 3146 habita-

179 3187 265 3244 vit
321 3184 438 3262 (3),
494 3189 770 3247 Isidorus
835 3190 1056 3245 cellam
1114 3188 1336 3246 habuit
1385 3185 1496 3262 (4).
1556 3187 1841 3258 Quinque

183 3298 337 3340 vero
384 3285 586 3342 millia
621 3285 1071 3343 monachorum
1105 3291 1382 3344 montem
1415 3285 1592 3342 illum
1642 3281 1841 3341 Cellu-

186 3381 406 3452 lasque
451 3383 783 3440 incoluisse
834 3382 1068 3453 pariter
1121 3383 1428 3441 Palladius
1480 3381 1689 3440 retulit
1725 3380 1835 3456 (5).

192 3473 372 3546 124
403 3479 688 3538 Ceterum
720 3478 886 3537 idem
932 3480 1008 3536 de
1043 3479 1277 3538 Nitriae
1309 3480 1612 3538 monacho
1656 3492 1842 3538 avaro

181 3573 246 3630 in
285 3575 399 3634 VV.
434 3577 534 3634 PP.
573 3577 772 3635 Rosw.
803 3578 968 3635 libro
992 3576 1171 3635 tertio
1202 3579 1468 3636 traditur
1498 3576 1608 3654 (6).

263 3673 465 3730 Etiam
497 3675 560 3732 in
586 3674 849 3747 epistola
897 3676 995 3748 58,
1046 3674 1212 3733 circa
1256 3691 1487 3734 annum
1531 3678 1644 3733 395
1685 3691 1833 3733 con--

182 3773 442 3842 scripta,
494 3774 795 3831 Macarios
857 3773 917 3830 S.
980 3773 1396 3846 Hieronymus
1448 3779 1646 3831 vocat.
1728 3773 1841 3832 Ubi

181 3867 338 3940 legis
374 3885 385 3925 :
421 3887 450 3922 «
481 3871 585 3928 Sin
617 3876 824 3928 autem
854 3871 1035 3942 cupis
1064 3885 1197 3928 esse
1227 3871 1396 3943 quod
1431 3872 1684 3941 diceris,
1715 3885 1844 3929 mo-

182 3967 444 4034 nachus,
504 3968 567 4025 id
622 3973 714 4026 est
764 3970 959 4034 solus,
1021 3969 1172 4041 quid
1228 3969 1376 4026 facis
1436 3969 1500 4026 in
1553 3969 1842 4042 urbibus,

181 4079 345 4136 quae
392 4066 608 4139 utique
656 4081 779 4123 non
824 4071 965 4123 sunt
995 4068 1272 4124 solorum
1328 4065 1707 4133 habitacula,
1738 4067 1846 4124 sed

182 4163 535 4222 multorum
575 4162 605 4221 εἶ
659 4164 852 4221 Habet
911 4164 1405 4236 unumquodque
1455 4164 1846 4236 propositum

184 4260 512 4334 principes
569 4277 734 4320 suos.
798 4261 1057 4320 Romani
1115 4261 1307 4319 duces
1363 4261 1688 4320 imitentur
1741 4262 1848 4320 Ca-

185 4357 422 4426 millos,
475 4359 818 4432 Fabricios,
851 4360 1137 4431 Regulos,
1182 4358 1524 4431 Scipiones.
1562 4359 1853 4417 Philoso—

187 4456 294 4526 phi
374 4464 730 4529 proponant
803 4457 924 4514 sibi
997 4457 1427 4529 Pythagoram,
1506 4457 1847 4522 Socratem,

186 4553 533 4621 Platonem,
592 4554 1004 4613 Aristotelem.
1044 4555 1264 4612 Poetae
1295 4555 1693 4612 aemulentur
1738 4555 1861 4617 H0.

187 4665 467 4726 merum,
541 4653 890 4726 Virgilium,
962 4653 1392 4719 Menandrum,
1462 4653 1855 4713 Terentium.

256 4801 337 4872 (1)
382 4802 474 4862 Cf.
509 4801 743 4871 supra§
774 4805 803 4855 6
831 4815 893 4870 p.
936 4801 1023 4856 16.
1053 4800 1127 4855 cf.
1157 4799 1312 4855 infra
1339 4800 1365 4871 §
1389 4799 1487 4857 42.

257 4890 335 4961 (2)
367 4894 430 4947 S.
477 4890 715 4946 Hieron.
757 4890 912 4960 Opp.
953 4889 1053 4945 ed.
1115 4894 1158 4944 l.
1193 4888 1261 4944 Τ.
1299 4889 1413 4960 Ip.
1461 4891 1564 4944 418
1605 4906 1702 4960 sq.

256 4981 333 5050 (3)
363 4981 518 5036 Hist.
542 4980 721 5035 Laus.
760 4978 860 5035 ed.
897 4978 1116 5036 Meurs.
1151 4993 1291 5048 cap.
1323 4979 1391 5034 12
1426 4979 1583 5048 Opp.
1625 4981 1841 5038 Meurs.

184 5069 227 5125 I.
278 5069 327 5125 Ι.
379 5087 446 5141 p.
508 5073 634 5124 373.

257 5159 336 5229 (4)
366 5158 532 5215 Ibid.
562 5172 704 5227 cap.
741 5157 766 5210 1
803 5171 867 5226 p.
908 5155 1038 5211 348.

254 5249 329 5319 (5)
375 5247 536 5304 Ibid.
575 5262 713 5317 cap.
747 5249 776 5299 8
820 5262 881 5316 p.
912 5247 1042 5303 361.

258 5338 332 5408 (6)
365 5337 480 5393 vv.
522 5336 624 5392 PP.
664 5334 1002 5391 Rosw.lib.
1045 5335 1117 5389 Ill
1153 5350 1289 5406 cap.
1347 5337 1450 5389 219
1497 5349 1562 5404 p.
1609 5337 1732 5399 533,
1782 5334 1840 5391 1.

260 5428 341 5495 (7)
375 5430 440 5481 S.
497 5424 737 5480 Hieron.
778 5425 936 5494 Opp.
980 5423 1082 5480 ed.
1121 5424 1168 5478 Ι.
1208 5426 1274 5479 Τ.
1309 5425 1329 5478 Ι
1361 5439 1423 5493 p.
1465 5427 1595 5478 583.

264 5515 342 5586 (8)
379 5516 627 5571 Sozom.
657 5513 806 5570 Hist.
842 5511 1002 5573 Eccl.
1036 5512 1146 5568 lib.
1188 5512 1257 5566 lli
1280 5527 1416 5583 cap.
1457 5513 1522 5568 14
1561 5510 1660 5568 ed.
1698 5512 1741 5568 Ι.
1779 5526 1843 5583 p.

197 5602 324 5662 520.
394 5604 771 5662 Edessenum
811 5601 928 5656 dici
979 5601 1721 5674 existimatnTillemontius
1743 5601 1854 5659 Me-

1941 450 2199 510 Livium.
2248 452 2537 512 Oratores
2585 452 2848 526 Lysiam,
2899 450 3184 515 Graccos,
3241 441 3592 501 Demosthe-

1941 563 2109 616 nem,
2142 550 2446 608 Tullium.
2489 552 2559 610 Et
2600 557 2669 609 ut
2716 549 2793 608 ad
2825 554 3034 607 nostra
3071 543 3416 609 veniamus,
3448 535 3594 609 epi—

1942 648 2114 723 scOpi
2193 654 2254 706 et
2326 649 2676 722 presbyteri
2752 647 3018 704 habeant
3087 643 3148 700 in
3228 635 3589 709 exemplum

1945 746 2276 816 Apostolos
2323 752 2382 804 et
2433 747 2806 819 apostolicos
2838 746 3029 815 viros,
3063 752 3336 814 quorum
3388 736 3593 793 hono-

1945 857 2076 899 rem
2123 844 2509 914 possidentes
2561 845 2794 902 habere
2843 844 3116 901 nitantur
3166 844 3228 896 et
3269 833 3590 893 meritum.

1946 937 2066 998 Nos
2112 947 2320 1000 autem
2370 943 2712 1000 habeamus
2762 941 3067 1014 propositi
3118 935 3310 995 nostri
3361 929 3600 1005 princi-

1950 1052 2057 1109 pes
2109 1039 2328 1098 Paulos
2373 1046 2434 1097 et
2494 1041 2813 1105 Antonios,
2874 1039 3162 1105 Iulianos,
3217 1030 3591 1096 Hilariones,

1950 1135 2246 1194 Macarios
2278 1136 2386 1212 (7).
2425 1157 2455 1193 »
2484 1139 2678 1206 Quem
2711 1137 3018 1195 Iulianum
3055 1134 3240 1197 dicat,
3289 1129 3540 1200 ambigo
3576 1141 3593 1196 ;

1949 1247 2025 1290 an
2076 1235 2232 1291 forte
2279 1235 2682 1306 Edessenum,
2730 1236 2807 1292 de
2872 1248 2997 1306 quo
3046 1233 3428 1290 Sozomenus
3473 1231 3595 1282 tra-

1949 1332 2041 1390 dit
2077 1329 2166 1406 (8)
2215 1328 2245 1389 ‘I
2289 1333 2625 1391 Macarium
2674 1347 2823 1391 vero
2877 1328 3361 1389 Alexandrinum
3411 1322 3596 1381 intel-

1949 1429 2056 1502 ligi
2109 1462 2162 1471 —
2195 1445 2529 1489 numerum
2579 1431 2886 1504 pluralem
2932 1443 3046 1502 pro
3094 1423 3393 1498 singulari
3433 1420 3601 1494 posi-

1950 1533 2082 1586 tum
2126 1543 2260 1586 esse
2307 1533 2526 1601 sponte
2577 1529 2772 1601 liquet
2826 1558 2906 1570 -—-
2953 1541 3028 1584 ex
3079 1527 3240 1595 loco,
3294 1520 3402 1594 qui
3451 1532 3595 1577 cum

1951 1630 2165 1684 nostro
2195 1626 2608 1684 conferendas
2636 1631 2748 1697 est,
2781 1631 3077 1699 sequente
3106 1619 3473 1680 conieceris.

2030 1723 2270 1780 Etenim
2301 1724 2522 1781 eodem
2557 1739 2818 1796 prorsus
2863 1723 3051 1780 modo
3089 1721 3149 1780 S.
3184 1720 3600 1787 Hieronymus

1950 1820 2287 1879 Macarium
2311 1822 2373 1879 in
2391 1820 2660 1893 epistola
2689 1823 2819 1886 108,
2836 1835 2998 1878 anno
3015 1820 3128 1878 404
3147 1817 3402 1888 scripta,
3425 1813 3597 1871 citat.

1949 1917 2039 1977 Ibi
2084 1933 2281 1992 quum
2313 1919 2502 1977 vitam
2555 1919 2774 1977 Paulae
2804 1921 3174 1982 enarrasset,
3210 1914 3470 1984 eiusque
3502 1909 3601 1967 iti-

1945 2031 2096 2075 nera
2127 2017 2232 2087 pia
2273 2023 2556 2074 accurate
2605 2016 3057 2088 descripsisset,
3094 2012 3353 2071 Nitriam
3385 2006 3600 2080 appel-

1946 2115 2030 2172 lat
2071 2131 2100 2166 α
2153 2114 2458 2186 oppidum
2517 2115 2783 2181 Domini,
2830 2115 2894 2171 in
2932 2126 3058 2185 quo
3099 2109 3441 2183 purissimo
3479 2105 3602 2162 vir-

1947 2216 2148 2269 tutum
2195 2210 2359 2270 nitro
2393 2211 2608 2270 sordes
2657 2212 2941 2269 lavantur
2970 2209 3252 2283 quotidie
3295 2205 3603 2278 plurimo-

1946 2323 2108 2368 rum.
2169 2308 2343 2378 Quod
2391 2324 2536 2368 cum
2593 2307 2825 2387 [Paula]
2890 2308 3162 2370 vidisset,
3234 2305 3600 2364 occurrente

1946 2406 2065 2465 sibi
2110 2413 2321 2466 sancto
2362 2412 2422 2466 et
2471 2407 2812 2465 venerabili
2857 2408 3155 2479 episcopo
3188 2403 3424 2462 Isidoro
3453 2413 3601 2457 con-

1947 2505 2180 2562 fessore
2228 2511 2289 2562 et
2349 2504 2553 2563 turbis
2629 2504 3199 2563 innumerabilibus
3259 2498 3602 2558 monacho-

1950 2616 2113 2670 rum,
2147 2617 2221 2659 ex
2261 2603 2491 2674 quibus
2525 2601 2756 2660 multos
2787 2600 3192 2660 sacerdotalis
3230 2604 3290 2657 et
3321 2596 3605 2656 leviticus

1948 2700 2326 2757 sublimabat
2372 2701 2623 2772 gradus,
2678 2701 3024 2759 laetabatur
3053 2698 3311 2771 quidem
3351 2696 3428 2753 ad
3467 2695 3602 2767 glo-

1949 2798 2105 2856 riam
2169 2799 2434 2866 Domini,
2478 2799 2586 2856 sed
2643 2814 2707 2856 se
2763 2799 3080 2871 indignam
3141 2800 3308 2854 tanto
3362 2793 3602 2852 honore

1950 2895 2276 2954 fatebatur.
2330 2897 2490 2965 Quid
2541 2911 2690 2969 ergo
2733 2910 2983 2955 narrem
3040 2893 3356 2956 Macarios,
3419 2892 3604 2949 Arse-

1952 2995 2108 3059 nios,
2143 2994 2511 3066 Serapionas
2559 3001 2620 3051 et
2659 2994 2900 3067 reliqua
2948 2994 3385 3051 columnarum
3430 2986 3604 3046 Chri-

1950 3091 2028 3148 sti
2059 3091 2312 3149 nomina
2333 3090 2363 3150 ‘1
2392 3093 2581 3150 Cuius
2612 3107 2732 3149 non
2760 3092 3014 3148 intravit
3051 3086 3221 3158 125
3253 3087 3545 3145 cellulam
3573 3083 3604 3144 ?

1951 3188 2230 3257 Quorum
2283 3190 2550 3261 pedibus
2598 3203 2719 3248 non
2759 3189 3049 3247 advoluta
3080 3194 3172 3246 est
3202 3184 3286 3261 (9)
3331 3181 3362 3240 ‘I
3417 3203 3446 3237 ι)
3493 3183 3608 3241 Hic

1951 3287 2208 3359 quidem
2258 3289 2592 3346 Macarium
2642 3287 3157 3352 Alexandrinum,
3205 3285 3444 3342 clarum
3478 3280 3607 3340 Cel-

1951 3387 2223 3444 lularum
2271 3387 2706 3458 presbyterum
2746 3391 2806 3443 et
2838 3387 2899 3442 in
2946 3384 3176 3443 Nitriae
3223 3385 3432 3439 monte
3477 3381 3605 3438 cel-

1956 3483 2079 3540 lam
2131 3485 2461 3542 habentem
2509 3485 2706 3546 innui,
2761 3482 3104 3541 verisimile
3147 3487 3259 3538 est.
3307 3479 3478 3538 Unde
3508 3493 3611 3535 su-

1955 3597 2086 3653 pra,
2148 3596 2344 3653 quum
2393 3583 2614 3641 eodem
2678 3582 2864 3641 modo
2923 3581 3278 3648 inducatur,
3337 3575 3608 3635 eundem

1955 3679 2136 3750 plane
2189 3679 2524 3738 Macarium
2581 3676 3065 3738 Alexandrinum
3125 3675 3387 3748 intelligi
3439 3673 3606 3730 haud

1956 3782 2191 3834 temere
2217 3777 2476 3836 dixeris.

2038 3874 2395 3933 Prodendus
2439 3875 2710 3948 denique
2755 3879 2845 3932 est
2890 3874 3150 3931 ultimus
3192 3873 3254 3930 S.
3307 3871 3614 3940 Hierony-

1957 3972 2043 4028 mi
2109 3973 2282 4030 locus
2359 3973 2435 4030 de
2498 3973 2824 4038 Macariis;
2881 3986 3022 4029 nam
3093 3969 3396 4028 Macarius
3470 3966 3614 4022 iste,

1958 4083 2147 4140 quem
2197 4071 2259 4126 in
2290 4070 2613 4142 epitaphio
2657 4070 2978 4128 Marcellae
3016 4068 3238 4125 viduae
3275 4064 3342 4123 S.
3386 4064 3608 4121 Hiero-

1960 4181 2186 4237 nymus
2217 4173 2392 4225 vocat
2437 4165 2585 4241 (10),
2625 4172 2685 4224 et
2728 4167 2980 4224 Ruﬁnus
3025 4165 3087 4222 in
3135 4163 3517 4236 praefatione
3549 4160 3614 4216 in

1963 4262 2242 4335 Origenis
2272 4263 2470 4322 libros
2500 4265 2624 4334 Περὶ
2656 4260 2834 4332 ἀρχῶν
2870 4261 3021 4338 (11),
3055 4277 3167 4320 nec
3202 4275 3322 4318 non
3354 4259 3417 4316 in
3453 4257 3612 4329 Apo-

1967 4360 2146 4432 logiis
2196 4356 2567 4436 [Invectivis]
2627 4360 2834 4418 laudat
2890 4359 3039 4435 (12),
3101 4359 3443 4432 Origenista
3493 4355 3610 4414 Ru-

1968 4457 2200 4530 ﬁnique
2242 4457 2588 4531 discipulus
2630 4459 2765 4515 fuit.
2820 4459 2986 4517 Unus
3045 4459 3235 4530 Igitur
3288 4457 3462 4513 locus
3516 4467 3611 4510 re-

1968 4560 2107 4624 stat,
2149 4569 2346 4627 quem
2396 4554 2772 4614 diﬁicultatis
2819 4556 3164 4628 quidquam
3208 4554 3442 4610 habere
3485 4550 3610 4606 iam

1967 4666 2155 4725 supra
2207 4655 2568 4712 monuimus
2611 4652 2761 4729 (l3),
2815 4653 3037 4727 hisque
3082 4652 3436 4725 concipitur
3480 4663 3618 4707 ver-

1967 4799 2188 4856 moires
2210 4803 2269 4856 T.
2303 4801 2394 4854 VII
2424 4801 2486 4854 P.
2519 4801 2589 4854 IlI
2615 4817 2672 4873 p.
2705 4801 2840 4857 1017
2869 4817 3004 4872 sqq.
3037 4800 3231 4855 Alium
3257 4800 3502 4855 innuere
3528 4799 3619 4854 vi-

1955 4889 2180 4946 dentur
2211 4890 2369 4945 docti
2395 4891 2626 4946 ediores
2655 4890 2806 4962 Opp.
2825 4893 2881 4946 S.
2907 4889 3236 4946 Hieron.ad
3262 4890 3320 4945 h.
3345 4890 3386 4944 I.

2035 4982 2112 5052 (9)
2140 4981 2193 5036 S.
2220 4982 2454 5035 Hieron.
2491 4982 2642 5052 Opp.
2667 4981 2759 5036 ed.
2795 4981 2844 5038 l.
2875 4983 2980 5037 Τ.Ι
3012 4996 3078 5052 p.
3122 4981 3249 5037 890.

2034 5071 2143 5141 (10)
2179 5072 2232 5126 S.
2270 5070 2674 5141 Hieron.0pp.
2699 5071 2794 5126 ed.
2831 5069 3121 5127 Bened.T.
3153 5071 3229 5124 IV
3250 5070 3372 5124 P.II
3395 5067 3611 5139 p.782.

2031 5158 2148 5230 (11)
2179 5161 2282 5229 Ep.
2318 5159 2475 5225 80,8.
2510 5159 2745 5214 Hieron.
2772 5158 3038 5230 Opp.ed.
3068 5160 3255 5228 Migne
3287 5160 3344 5214 T.
3368 5157 3390 5212 I
3413 5155 3611 5226 p.733.

2033 5245 2148 5317 (12)
2189 5247 2380 5302 Ruﬁni
2409 5247 2578 5318 Apol.
2602 5246 2947 5318 [Invectiva]
2979 5249 3042 5301 in
3080 5247 3135 5301 S.
3180 5246 3610 5313 Hieronymum

1962 5333 2072 5392 lib.
2113 5336 2287 5405 Icap.
2317 5336 2403 5401 11,
2452 5336 2602 5408 Opp.
2635 5336 2730 5391 ed.
2773 5333 3023 5388 Vallarsi
3066 5351 3123 5404 p.
3159 5333 3283 5396 316,
3321 5331 3514 5398 Migne
3548 5343 3607 5394 p.

1964 5424 2071 5479 548
2117 5443 2130 5491 ;
2180 5426 2238 5479 S.
2270 5424 2503 5480 Hieron.
2535 5424 2687 5496 Opp.
2708 5423 2803 5479 ed.
2833 5422 3056 5477 Bened.
3087 5421 3192 5478 1.1.
3225 5436 3286 5491 p.
3313 5417 3441 5475 360.

2041 5512 2160 5583 (13)
2193 5512 2277 5569 οι.
2308 5529 2369 5586 p.
2403 5517 2490 5570 33.
