4092 6256
504 282 609 337 119

1395 287 1501 344 SS.
1541 288 2032 349 MACABIORUM
2071 289 2406 348 AEGYPTll
2447 293 2534 349 ET
2573 296 3060 356 ALEXANDRINI

507 411 606 469 bis
641 431 651 468 :
692 431 720 466 <<
779 415 1026 472 Amatas
1055 431 1202 474 vero
1240 421 1299 474 et
1343 419 1644 477 Macarius
1689 419 1982 492 discipuli
2037 417 2151 476 An-
2184 415 2227 468 A
2261 420 2520 480 fortasse
2571 429 2676 482 aut
2724 426 2847 484 alio
2887 429 3111 500 quovis
3156 425 3413 485 Antonii
3447 424 3761 496 discipulo
3788 436 3912 481 con-

509 512 686 580 tonii,
739 527 772 568 e
811 513 1042 583 quibus
1081 515 1373 586 superior
1407 517 1678 589 magistri
1711 532 1943 590 corpus
1979 532 2153 590 sepe-

512 607 666 677 livit,
718 610 904 666 etiam
941 626 1100 668 nunc
1157 612 1487 680 afﬁrmant,
1537 616 1790 673 Paulum
1840 615 2153 688 quendam

513 705 869 764 Thebaeum
927 709 1277 781 principem
1330 712 1507 770 istius
1560 714 1648 770 rei
1709 711 1894 789 [vitae
1944 728 2156 772 mona-

509 800 749 880 chicae]
794 805 1000 871 fuisse,
1041 821 1158 864 non
1203 809 1515 877 nominis;
1560 825 1747 883 quam
1793 811 2154 883 opinionem

511 914 625 957 nos
669 915 918 973 quoque
958 904 1298 973 probamus
1329 904 1438 981 (l).
1488 927 1517 961 »
1573 908 1832 966 Eosdem
1884 908 2157 978 discipu-

503 999 605 1055 los
668 999 853 1057 ambo
932 1003 1292 1072 sepelivisse
1363 1005 1696 1061 Antonium
1759 1005 2020 1077 legimus
2094 1005 2157 1061 in

509 1095 777 1154 Historia
809 1095 1095 1156 Lausiaca
1140 1099 1243 1176 (2),
1280 1103 1477 1159 multo
1510 1110 1646 1173 post
1675 1102 1863 1159 vitam
1913 1103 1971 1160 8.
2009 1103 2159 1160 Pau-

507 1193 574 1258 li,
610 1193 674 1250 in
704 1210 826 1265 qua
859 1197 1047 1253 verba
1079 1197 1184 1255 illa
1226 1199 1553 1266 habentur,
1589 1201 1753 1258 edita
1805 1199 1912 1275 (3).
1962 1201 2159 1269 Quan-

509 1306 699 1363 quam
749 1291 812 1348 in
852 1293 1095 1351 duabus
1130 1296 1411 1352 eiusdem
1455 1298 1513 1355 8.
1569 1299 1735 1356 Pauli
1780 1299 2017 1370 graecis
2073 1298 2162 1355 vi-

511 1389 612 1459 tis,
643 1403 797 1460 quas
835 1391 914 1447 ab
958 1391 1444 1467 Hieronymiana
1492 1396 1804 1466 profectas
1845 1411 1978 1454 esse
2023 1410 2160 1468 pro-

516 1487 828 1554 babimus,
876 1489 1126 1546 Amatae
1164 1496 1223 1546 et
1270 1493 1516 1550 Macarii
1555 1495 1878 1552 nominum
1930 1494 2163 1552 mentio

512 1597 637 1641 non
678 1583 760 1640 ﬁt.
807 1584 1096 1644 Erasmus
1126 1589 1380 1658 quidem
1413 1592 1676 1663 monuit,
1717 1592 1875 1649 vitae
1906 1592 1964 1650 S.
2002 1591 2162 1647 Pau-

513 1681 557 1738 li
591 1683 971 1754 exemplaria
1005 1685 1086 1741 ita
1124 1685 1285 1744 inter
1315 1703 1378 1744 se
1409 1689 1788 1760 discrepare,
1824 1695 1891 1747 ut
1920 1690 1978 1748 S.
2026 1690 2164 1746 Hie-

2260 519 2527 592 cinnata,
2579 522 2684 594 qui
2734 524 2874 584 ideo
2913 525 3254 597 scripserit,
3305 525 3605 582 Amatam
3637 528 3694 579 et
3745 522 3911 579 Maca-

2265 618 2429 674 rium
2486 617 2807 677 etiamnunc
2887 624 3143 681 Paulum
3230 623 3522 695 primum
3607 618 3912 676 eremitam

2264 717 2645 787 praedicare.
2696 720 2813 776 Sed
2867 736 3109 790 vereor,
3161 737 3237 779 ne
3281 721 3406 777 viri
3467 718 3641 778 docti
3697 725 3913 774 errave-

2265 814 2407 872 rint.
2453 815 2602 873 Nam
2646 817 2751 874 illa
2782 820 2971 876 verba
3003 821 3065 876 in
3110 833 3332 891 graeco
3382 818 3622 889 legeris
3651 819 3903 887 oportet.

2265 908 2333 969 ὠς
2379 909 2528 969 αὐτὸς
2557 931 2646 980 μοι
2677 908 2999 983 διηγήσατο,
3049 932 3162 990 pro
3220 917 3462 988 quibus
3512 915 3574 973 S.
3643 913 3915 983 Hierony-

2267 1024 2405 1067 mus
2434 1011 2619 1069 habet
2663 1029 2674 1066 :
2731 1019 2862 1071 «ut
2909 1016 3041 1086 ipse
3073 1029 3352 1072 asserere
3400 1013 3674 1071 solebat.
3720 1031 3740 1061 ι
3790 1009 3915 1078 Quis

2265 1108 2452 1179 igitur
2483 1123 2604 1166 non
2647 1112 2877 1179 credat,
2929 1112 2991 1169 in
3041 1113 3256 1170 codice
3286 1125 3546 1184 graeco,
3585 1107 3914 1166 editoribus

2265 1207 2548 1276 testibus,
2597 1209 2862 1276 mendis,
2900 1225 3059 1282 quae
3107 1225 3182 1267 ne
3231 1210 3350 1281 ipsi
3406 1209 3682 1280 quidem
3727 1203 3915 1263 omnia

2267 1311 2702 1376 expunxerunt
2788 1306 2850 1364 in
2939 1309 3220 1366 versione
3309 1323 3427 1364 sua
3514 1305 3629 1380 (8),
3705 1308 3916 1361 scaten-

2269 1407 2328 1459 ιθ
2374 1400 2482 1478 (9),
2519 1418 2635 1474 PFO
2678 1420 2766 1470 μοι
2798 1405 3126 1477 legendum
3168 1420 3300 1462 esse
3345 1403 3442 1471 μέν
3496 1404 3509 1460 l
3559 1404 3696 1472 Quo
3739 1400 3915 1473 posito

2270 1501 2426 1558 nihil
2495 1501 2769 1571 profecto
2840 1507 3144 1573 superest,
3223 1517 3335 1560 cur
3427 1516 3575 1558 eam
3638 1499 3917 1566 Hierony-

2270 1599 2473 1656 miana
2537 1599 2950 1671 antiquiorem
3006 1601 3259 1658 dixeris.
3309 1600 3602 1657 Alteram
3655 1607 3916 1671 graecam

2273 1697 2329 1754 8.
2378 1697 2548 1754 Pauli
2592 1698 2804 1766 vitam,
2836 1698 3128 1755 Bavarica
3160 1698 3266 1755 illa
3308 1703 3369 1755 et
3429 1698 3576 1768 ipsa
3634 1695 3915 1765 Hierony-

511 1793 816 1851 ronymus
860 1781 992 1853 ipse
1041 1783 1208 1840 idem
1250 1792 1682 1858 argumentum
1728 1789 1977 1861 saepius
2026 1788 2164 1844 aliis
2199 1781 2242 1798 υ
2273 1795 2479 1853 miana
2543 1795 3042 1869 locupletiorem,
3105 1797 3210 1853 sed
3267 1798 3345 1852 ab
3418 1791 3914 1866 Hieronymiana,

509 1878 718 1936 verbis
756 1885 1047 1937 tractasse
1091 1887 1194 1939 aut
1223 1884 1384 1941 alius
1427 1886 1544 1943 hoc
1577 1884 1798 1944 fecisse
1839 1887 2150 1944 videatur.

507 1978 640 2046 Quo
711 1977 869 2035 facto
935 1979 1392 2040 Centuriatores
1466 1984 2019 2057 Magdeburgenses
2088 1997 2161 2041 eo

511 2077 878 2135 temeritatis
955 2081 1263 2150 progressi
1336 2086 1499 2151 sunt,
1588 2089 1653 2139 ut
1730 2083 1914 2139 vitam
1991 2082 2162 2138 illam

509 2180 939 2234 commentum
987 2178 1314 2235 exercendi
1366 2180 1596 2252 ingenii
1642 2195 1849 2246 causa,
1910 2195 2028 2237 non
2073 2195 2163 2236 se-

514 2273 611 2330 rio
651 2289 685 2328 a
715 2273 773 2331 8.
827 2273 1205 2346 Hieronymo
1247 2277 1671 2349 conscriptum
1719 2277 1990 2335 dixerint
2033 2276 2150 2352 (4).

520 2367 693 2437 126
751 2371 865 2428 Sed
926 2372 1285 2430 Rosweidus
1356 2376 1510 2432 bene
1574 2375 2032 2441 animadvertit,
2097 2389 2163 2433 se

509 2469 764 2543 quidem
813 2473 1043 2526 tantam
1094 2471 1449 2529 varietatem
1508 2488 1628 2530 non
1689 2474 1992 2531 invenisse
2048 2470 2158 2548 (5),

514 2568 683 2625 idem
746 2568 914 2637 quod
985 2573 1043 2624 et
1116 2569 1444 2627 Bollandus
1497 2576 1679 2643 atque
1739 2571 2164 2629 Henschenius

512 2680 587 2722 ex
642 2669 877 2739 septem
937 2669 1151 2722 octove
1209 2668 1480 2725 aliorum
1537 2670 1828 2727 codicum
1883 2677 2161 2727 veterum

513 2763 632 2819 ﬁde
685 2769 1085 2820 asseruerunt
1142 2762 1252 2838 (6),
1308 2771 1366 2822 et
1417 2766 1532 2837 ipsi
1589 2768 1958 2826 examinatis
2014 2767 2164 2839 qui-

511 2860 776 2918 busdam
880 2860 1204 2918 codicibus
1299 2866 1807 2935 comprobamus.
1897 2865 2165 2922 Graecae

513 2971 662 3015 vero
714 2957 873 3015 duae
921 2959 976 3015 8.
1029 2959 1196 3016 Pauli
1230 2960 1388 3017 vitae
1433 2963 1620 3019 modo
1668 2978 1810 3020 cum
1863 2963 2164 3033 Hierony-

516 3055 723 3114 miana
791 3056 1146 3127 concinunt,
1223 3059 1409 3117 modo
1483 3063 1562 3118 ab
1638 3076 1707 3118 ea
1784 3061 2160 3132 discrepant,
2207 3092 2246 3148 ρ

513 3154 814 3227 ipsaeque
844 3155 1005 3212 inter
1044 3171 1108 3212 se
1143 3170 1401 3228 perraro
1441 3159 1836 3216 conveniunt.
1895 3159 1977 3216 Ex
2031 3160 2169 3230 qui-

516 3253 633 3310 bus
681 3252 873 3309 altera
903 3252 1200 3311 Bollando
1230 3259 1291 3310 et
1340 3255 1749 3322 Henschenio,
1788 3256 1895 3328 qui
1948 3270 2084 3312 eam
2137 3269 2170 3311 e

512 3350 730 3407 codice
789 3351 1081 3407 Bavarico
1137 3367 1360 3423 graeco
1431 3369 1733 3425 perquam
1804 3354 2031 3412 vitioso
2110 3355 2172 3412 in

515 3448 777 3505 latinum
842 3463 1194 3506 sermonem
1256 3466 1619 3509 conversam
1679 3453 2037 3523 ediderunt,
2091 3455 2174 3509 ob

517 3547 706 3604 verba
758 3561 917 3618 quae
966 3549 1238 3605 continet
1274 3565 1286 3604 :
1326 3568 1355 3602 «
1392 3555 1456 3607 ut
1499 3551 1762 3621 ipsemet
1816 3549 2180 3644 (AntoniuS)

518 3645 674 3703 mihi
726 3645 1000 3702 narravit
1049 3644 1159 3720 (7),
1215 3666 1236 3699 ο
1292 3647 1774 3720 Hieronymiana
1831 3648 1998 3705 Pauli
2053 3648 2176 3705 vita

532 3741 846 3815 antiquior
886 3743 1016 3801 visa
1047 3751 1156 3812 est,
1190 3750 1250 3803 et
1280 3746 1358 3802 ab
1402 3745 1541 3818 ipso
1576 3749 1788 3802 Amata
1835 3744 2175 3804 Macariove

589 4063 664 4135 (1)
705 4064 759 4117 8.
797 4063 1030 4116 Hieron.
1068 4065 1215 4133 Opp.
1244 4061 1339 4117 ed.
1375 4061 1599 4117 Bened.
1637 4064 1695 4116 T.
1735 4062 1800 4114 IV
1830 4062 1884 4116 P.
1931 4063 1975 4116 ll
2009 4079 2071 4134 p.
2103 4063 2172 4116 69

593 4155 668 4225 (2)
701 4151 781 4208 Cf.
815 4169 996 4222 supra
1031 4169 1085 4221 p.
1124 4151 1243 4206 107.

590 4242 662 4310 (3)
689 4242 745 4296 8.
782 4241 1121 4310 Hieronymi
1147 4241 1327 4296 vitam
1354 4243 1408 4294 S.
1449 4240 1611 4295 Pauli
1675 4240 1847 4310 primi
1890 4243 2170 4296 eremitae

523 4333 781 4388 editores
799 4331 1161 4385 Benedictini
1196 4331 1352 4385 circa
1379 4347 1436 4385 a.
1458 4329 1562 4383 365
1587 4329 1870 4400 scriptam
1890 4347 2020 4384 esse
2049 4332 2172 4386 exi-

521 4421 782 4476 stimant.
814 4419 894 4476 Cf.
933 4422 986 4476 8.
1021 4419 1251 4473 Hieron.
1285 4420 1428 4489 Opp.
1464 4420 1556 4472 ed.
1590 4419 1804 4473 Bened.
1840 4419 1877 4473 1.
1920 4419 1963 4473 Ι.

593 4511 668 4581 (4)
696 4510 860 4564 Cent.
892 4509 979 4578 ιν,
1021 4509 1101 4562 ιο.

592 4601 673 4671 (5)
705 4601 768 4654 In
799 4599 975 4654 vitam
1007 4599 1061 4651 8.
1121 4596 1312 4650 Pauli.
1365 4601 1485 4651 not.
1527 4598 1580 4662 1,
1631 4599 1745 4652 VV.
1810 4599 1915 4654 PP.
1969 4601 2166 4653 Rosw.

568 4691 690 4744 .21.

519 4707 810 4850 “(aut
843 4780 945 4832 SS.
986 4776 1126 4830 Boll.
1157 4775 1288 4831 Ian.
1331 4774 1392 4830 T.
1428 4777 1448 4829 Ι
1480 4791 1532 4844 p.
1566 4776 1691 4832 602.

592 4868 670 4939 (7)
700 4868 855 4922 lbid.
886 4866 1099 4938 p.603.

590 4958 665 5028 (8)
702 4956 1051 5012 Lambecius
1076 4956 1429 5010 Commentt.
1475 4955 1568 5009 ed.
1603 4955 1788 5011 altera
1837 4955 1898 5008 T.
1962 4954 2075 5008 Vlll
2109 4970 2167 5025 p.

522 5048 650 5105 721.

587 5136 663 5204 (9)
697 5135 815 5190 AA.
850 5133 946 5188 ss.
987 5132 1128 5189 Bolf.
1170 5132 1206 5186 1.
1236 5132 1275 5185 ι.
1311 5148 1369 5203 p.
1402 5133 1529 5197 603,
1567 5135 1620 5188 1.

591 5224 704 5294 (10)
725 5223 1097 5278 Exstatenim
1116 5222 1175 5277 in
1187 5222 1319 5278 cod.
1340 5238 1451 5277 ms.
1470 5238 1667 5291 graec.
1692 5222 1838 5278 Bibl.
1861 5221 2170 5280 Caes.Vin-

516 5314 660 5371 dob.
701 5311 1118 5368 Nr.3801im3l
1137 5326 1194 5382 p.
1236 5311 1360 5376 237,
1385 5313 1415 5366 2
1451 5342 1516 5353 -
1539 5312 1665 5367 247.
1698 5313 1923 5367 Prodiit
1956 5327 2171 5381 graece

520 5404 778 5461 etlatine
806 5403 918 5457 sub
950 5401 1114 5459 titulo
1142 5419 1160 5456 :
1188 5406 1338 5457 Acta
1369 5402 1673 5458 sinceras.
1709 5403 1891 5457 Pauli
1921 5401 2174 5457 Thebaei

520 5497 902 5566 cognomento
922 5493 1107 5562 primi
1142 5493 1419 5549 eremitae
1448 5491 1886 5562 graeco-latina
1910 5508 2040 5547 eum
2075 5505 2173 5546 va-

525 5584 821 5642 riantibus
854 5583 1194 5641 lectionibus
1225 5588 1280 5640 et
1311 5582 1467 5638 notis
1509 5582 1832 5638 variorum.
1867 5581 2174 5637 Accedunt

526 5673 865 5735 dissertatio
901 5674 1346 5748 praeliminaris
1385 5674 1460 5730 de
1480 5671 1669 5729 dubiis
1701 5672 1846 5730 haec
1879 5670 2034 5728 Acta
2062 5669 2173 5725 cir-

2274 1901 2338 1950 ut
2395 1893 2573 1951 facile
2638 1895 2861 1962 elucet,
2920 1897 3284 1964 profectam,
3349 1893 3415 1950 in
3487 1892 3716 1950 codice
3798 1887 3920 1944 Cae-

2271 2006 2450 2050 sareo
2494 1991 2948 2049 Vindobonensi
3001 1991 3117 2063 ipsi
3150 1991 3468 2048 adivimus
3516 1987 3674 2064 (10).
3711 1987 3770 2043 in
3814 1996 3916 2056 qun

2274 2093 2448 2148 locus
2475 2090 2577 2147 ille
2608 2089 2685 2146 de
2711 2090 2767 2147 8.
2800 2089 3051 2147 Antonii
3093 2087 3257 2156 127
3297 2088 3644 2161 discipulis
3685 2086 3781 2142 his
3809 2093 3921 2136 ver-

2276 2189 2372 2246 bis
2421 2205 2486 2246 se
2539 2190 2720 2246 offert
2782 2207 2794 2245 :
2836 2186 3115 2236 Ἀντωνίου
3163 2187 3263 2256 γὰρ
3315 2185 3389 2233 ἔτι
3446 2188 3542 2233 καὶ
3631 2184 3848 2250 σήμερον
3883 2175 3922 2223 οἱ

2274 2289 2516 2354 φοιτηταὶ
2575 2290 2849 2356 περιόντες,
2910 2283 3065 2353 ὐφ’ὧν
3126 2280 3309 2340 ἐκεῖνος
3369 2285 3464 2332 καὶ
3509 2281 3682 2350 τάφου
3734 2279 3917 2345 ἔτυχεν,

2274 2381 2421 2433 αὐτοὶ
2489 2381 2813 2453 βεϐαιοῦσιν,
2883 2381 3080 2432 male»
3144 2399 3260 2429 τινα
3318 2377 3587 2439 Θηϐαῖον,
3655 2395 3705 2428 κ.
3772 2392 3817 2423 τ.
3881 2369 3917 2421 λ.

2273 2474 2472 2542 Quare
2502 2475 2639 2532 iure
2670 2475 2939 2542 dubites,
2986 2487 3063 2529 an
3093 2471 3350 2530 omnino
3384 2470 3655 2528 nomina
3691 2469 3920 2523 Amatae

2273 2577 2334 2630 et
2386 2571 2657 2638 Macarii,
2711 2572 3168 2642 discipulorum
3219 2566 3280 2626 S.
3319 2567 3603 2633 Antonii,
3652 2561 3920 2636 primitus

2275 2672 2337 2728 in
2365 2677 2534 2728 textu
2568 2672 2631 2728 S.
2671 2669 3033 2743 Hieronymi
3065 2666 3436 2726 exstiterint.

2355 2768 2929 2840 Quomodocunque
2969 2782 3116 2824 vero
3168 2765 3228 2822 id
3277 2779 3342 2821 se
3387 2765 3612 2835 habet,
3661 2760 3917 2816 Amatam

2275 2870 2336 2923 et
2393 2865 2730 2923 Macarium
2802 2866 3071 2936 insignes
3145 2863 3203 2921 S.
3267 2862 3524 2920 Antonii
3601 2853 3920 2928 discipulos

2277 2965 2488 3030 fuisse,
2542 2978 2662 3020 non
2715 2964 2916 3022 solum
2971 2978 3044 3019 ex
3102 2960 3396 3025 Palladio,
3457 2959 3571 3017 sed
3624 2956 3807 3015 etiam
3860 2961 3918 3003 ex

2277 3063 2334 3120 S.
2376 3061 2738 3132 Hieronymi
2791 3062 3099 3120 Chronico
3143 3064 3404 3124 constat,
3464 3057 3528 3114 in
3582 3069 3710 3129 quo
3754 3050 3826 3109 ad
3872 3059 3916 3101 a-

2277 3161 2405 3218 ΧΙΧ
2437 3159 2774 3218 Constantii
2806 3159 3071 3217 iunioris
3098 3158 3139 3214 i.
3176 3171 3229 3212 e.
3258 3172 3311 3213 a.
3350 3158 3468 3214 359
3503 3155 3662 3227 legis
3696 3169 3707 3208 :
3748 3168 3778 3203 «
3803 3147 3919 3203 Sar-

2281 3264 2464 3331 mata,
2527 3260 2773 3316 Amatas
2839 3263 2899 3314 et
2956 3254 3256 3313 Macarius
3321 3253 3627 3326 discipuli
3691 3237 3916 3306 Antonii

2283 3356 2552 3430 insignes
2581 3357 2889 3414 habentur
2922 3352 3072 3427 (ll).
3114 3373 3136 3406 ι

2363 3457 2570 3527 Itaque
2602 3454 2949 3526 quaeritur,
2996 3466 3146 3509 num
3191 3450 3499 3509 Macarius
3531 3445 3791 3519 insignis
3830 3437 3914 3496 hic

2284 3555 2341 3613 8.
2381 3552 2627 3610 Antonii
2672 3552 3019 3624 discipulus
3048 3565 3209 3607 unus
3255 3564 3328 3605 ex
3379 3547 3616 3607 nostris
3656 3534 3913 3602 Macariis

2283 3651 2471 3711 fuerit
2503 3650 2532 3709 εἶ
2559 3651 2675 3709 Sed
2725 3665 2868 3708 eum
2898 3665 2930 3707 a
2963 3649 3191 3708 nostris
3223 3647 3506 3705 Macariis
3556 3645 3752 3719 probe
3802 3634 3914 3694 dis-

2283 3750 2663 3808 cernendum
2721 3763 2877 3814 esse,
2947 3748 3071 3805 iam
3131 3760 3322 3818 supra
3394 3746 3608 3805 obiter
3686 3729 3909 3797 monui-

2281 4067 2707 4123 cumstantibus
2730 4073 2782 4122 et
2813 4065 3085 4134 Epistola
3117 4063 3183 4118 Η.
3212 4064 3276 4116 Ρ.
3305 4061 3553 4116 Claudii
3591 4050 3825 4114 Sicardi
3858 4045 3910 4100 S.

2283 4157 2329 4210 Ι.
2364 4156 2652 4211 Missionis
2683 4154 3007 4224 Aegyptiae
3031 4150 3352 4217 superioris
3392 4150 3463 4203 de
3507 4165 3613 4203 suo
3651 4158 3756 4214 per
3787 4135 3910 4203 ili/9'

2280 4246 2495 4300 riorem
2529 4244 2875 4299 Thebaidem
2905 4243 3170 4311 confecto
3202 4242 3412 4293 itinere
3428 4234 3913 4311 hudiernoquere-

2279 4350 2413 4389 rum
2462 4337 2621 4388 statu
2673 4332 3223 4403 antiquissimorum
3268 4327 3767 4384 monasteriorum
3821 4307 3908 4366 SS-

2205 4449 2247 4502 ι)
2280 4424 2457 4479 Pauli
2484 4429 2537 4478 et
2562 4421 2819 4485 Antonii,
2837 4418 3241 4476 consimilibus
3255 4418 3409 4472 notis
3440 4420 3643 4478 aucta,
3662 4423 3776 4484 qua
3794 4413 3910 4502 ς

2279 4513 2470 4568 multa
2498 4513 2557 4566 in
2593 4510 2909 4567 antedictis
2930 4509 3088 4564 Actis
3115 4507 3398 4562 hactenus
3421 4507 3678 4561 obscura
3701 4505 3750 4554 et
3773 4490 3908 4588 alias

2264 4602 2582 4671 incognita
2613 4601 3007 4656 illustrantur
3037 4615 3052 4662 ;
3086 4597 3280 4652 studio
3321 4601 3373 4650 et
3413 4610 3597 4665 opera
3642 4583 3908 4646 Matthiae

2279 4692 2633 4764 Fuhrmann
2657 4689 2780 4742 0rd.
2799 4687 2983 4743 eiusd.
3009 4687 3065 4740 S.
3092 4687 3266 4741 Pauli
3273 4685 3460 4755 primi
3487 4680 3761 4739 eremitae

2266 4755 2504 4835 .v'inciae
2545 4781 2823 4833 Austriae
2866 4775 3206 4832 sacerdotis.
3265 4773 3589 4829 Neostudii.
3650 4757 3907 4821 Austriae

2281 4869 2440 4923 1760.
2478 4867 2767 4922 Kollarius
2799 4865 3098 4937 (Lambec.
3157 4865 3512 4918 Commentt.
3563 4861 3602 4915 l.
3644 4858 3684 4910 ι.
3737 4837 3909 4922 p.719

2279 4959 2431 5029 not.)
2454 4962 2636 5018 notat,
2662 4955 2981 5009 editionem
3011 4954 3163 5007 hanc
3203 4952 3533 5023 puerilibus
3590 4947 3807 5002 scatere
3834 4943 3906 5028 (3P

2280 5047 2536 5112 roribus,
2565 5050 2742 5116 atque
2772 5046 3155 5113 interpretem
3175 5040 3530 5095 coniecturis
3553 5036 3746 5110 potius
3771 5033 3900 5079 ευιει

2279 5151 2466 5208 quam
2497 5134 2718 5189 codicis
2749 5131 2922 5187 inniti
2953 5132 3069 5186 ﬁde
3099 5130 3376 5185 voluisse.
3404 5129 3523 5183 Hoc
3555 5122 3791 5198 quidem
3824 5121 3903 5162 νϐ’

2279 5240 2436 5295 rum,
2472 5223 2578 5279 sed
2615 5221 2928 5278 tamenilla
2957 5219 3181 5275 codicis
3211 5220 3406 5290 potius
3434 5218 3594 5281 vitia,
3628 5218 3801 5283 quam
3827 5208 3900 5251 el"

2282 5329 2445 5369 rores
2475 5312 2716 5367 editoris
2745 5316 2901 5375 sunt,
2929 5311 3011 5366 ita
3034 5316 3095 5365 ut
3121 5324 3305 5365 manu
3378 5304 3734 5378 peritissima
3767 5296 3902 5378 0P?s

2285 5404 2376 5467 sit,
2407 5417 2564 5472 quae
2632 5405 2856 5454 textum
2888 5399 3179 5454 restituat.
3235 5396 3297 5451 Id
3336 5375 3583 5467 quidem
3638 5375 3894 5444 accurato

2284 5492 2409 5547 eius
2440 5490 2712 5546 examine
2739 5489 2851 5560 ipsi
2877 5488 3052 5544 nobis
3076 5486 3511 5557 persuasimus.

2357 5579 2554 5649 (11)8.
2586 5558 2825 5634 Hieron.
2855 5579 3005 5649 Opp.
3037 5577 3133 5632 ed.
3157 5577 3342 5647 Migne
3364 5577 3422 5632 T.
3464 5573 3584 5628 v—m
3606 5585 3661 5641 p.
3691 5558 3805 5617 687.

3827 297 3912 352 420
4012 265 4013 290 ‘
