4092 6256
172 247 264 303 121

1756 233 1992 292 VITAE.

3479 239 3579 294 122

172 386 306 429 mus
337 368 444 443 (ι).
474 369 716 427 Etenim
762 368 1098 425 Macarium
1133 366 1501 440 Aegyptium
1535 367 1597 424 in
1642 366 1815 424 Scete
1855 365 1896 415 A
1933 363 2082 418 bens
2146 360 2374 433 iugiter
2433 361 2705 420 deﬁxum
2766 377 2917 420 suae
2978 365 3200 422 mentis
3260 366 3580 432 intuitum,

170 469 417 534 obiisse,
483 466 972 525 Alexandrinum
1044 471 1322 524 extrema
1387 465 1574 522 etiam
1646 477 1818 520 sene-

169 664 271 722 dio
320 663 698 728 didicimus;
750 662 1085 720 Macarium
1129 675 1277 719 vero
1328 661 1386 718 S.
1435 660 1686 718 Antonii
1732 657 1823 716 di-

168 762 481 833 scipulum
513 760 717 817 eidem
746 759 1115 816 successisse
1144 758 1208 815 in
1230 760 1537 817 coenobio
1566 755 1822 829 Pispiri-

167 863 338 930 tano,
368 858 584 930 ibique
607 859 794 914 vitam
819 856 1111 923 ﬁnivisse,
1138 855 1299 913 infra
1331 855 1683 913 videbimus
1710 852 1820 928 (2).

254 956 433 1014 Hisce
476 955 872 1014 continentur
913 969 1005 1021 ea,
1041 968 1200 1026 quae
1231 968 1305 1010 ex
1349 954 1405 1010 S.
1445 953 1826 1023 Hieronymo

166 1053 381 1126 colligi
433 1057 708 1125 possunt.
764 1053 836 1110 Ut
895 1051 1188 1123 Evagrius
1240 1051 1576 1108 Macarium
1630 1050 1822 1121 Aegy-

166 1153 401 1226 ptium,
447 1151 532 1208 ita
562 1151 619 1208 S.
657 1150 1072 1222 Hieronymus
1102 1148 1584 1206 Alexandrinum
1622 1146 1828 1204 laudi-

167 1252 294 1309 bus
347 1248 584 1306 extulit.
651 1249 860 1320 Neque
915 1248 974 1305 id
1029 1254 1265 1305 temere
1327 1247 1498 1304 fecit.
1569 1246 1720 1304 Nam
1766 1244 1826 1301 in

173 1349 525 1421 Aegyptum
572 1346 992 1418 adventantes,
1042 1346 1119 1401 ad
1173 1360 1330 1417 quos
1360 1345 1455 1402 vel
1495 1344 1572 1402 de
1602 1343 1832 1415 quibus

173 1445 231 1502 S.
292 1445 716 1516 Hieronymus
757 1443 1096 1512 scribebat,
1149 1443 1381 1500 Nitriae
1423 1447 1527 1499 aut
1579 1442 1641 1498 in
1690 1441 1831 1499 Cel-

173 1542 320 1602 lulis
374 1543 715 1600 Macarium
781 1539 1218 1614 presbyterum
1277 1537 1451 1606 128
1501 1539 1681 1597 facile
1730 1538 1836 1596 ad-

174 1641 371 1705 ibant,
410 1641 473 1696 in
523 1639 734 1697 abdita
789 1653 936 1696 vero
983 1639 1176 1696 Scetis
1216 1639 1459 1696 deserta
1491 1652 1612 1696 non
1658 1636 1838 1694 facile

1929 473 2054 532 quo
2109 458 2389 531 quotidie
2444 461 2825 533 singulisque
2879 463 3215 520 momentis
3265 479 3587 522 accersen-

169 571 328 624 ctute
385 565 764 623 Cellularum
803 565 1244 636 presbyterum
1283 563 1499 633 fuisse,
1533 577 1567 618 e
1618 561 1820 619 Palla—
1930 557 2081 614 dum
2139 573 2272 615 esse
2321 574 2385 615 se
2430 559 2631 616 credit
2680 556 2788 634 (6).
2852 581 2878 610 ››

2939 562 3081 619 Uter
3149 563 3580 628 Macariorum,

1933 657 2024 712 vel
2074 656 2262 714 etiam
2315 670 2463 714 num
2516 657 2812 715 alteruter
2854 673 2927 715 ex
2975 661 3205 718 nostris
3248 676 3317 717 ea
3361 662 3589 719 docue-

1934 754 2036 822 rit,
2100 755 2425 812 Cassianus
2497 770 2617 811 non
2677 756 2908 813 docuit.
2977 757 3275 830 Equidem
3340 760 3588 816 Macarii

1938 850 2220 922 Aegyptii
2267 853 2636 908 sententiam
2680 849 2852 919 129
2897 869 3030 912 esse
3073 871 3146 912 ex
3179 856 3591 915 similitudine

1935 963 2078 1006 cum
2138 949 2442 1018 doctrina,
2489 965 2676 1022 quam
2729 950 2780 1008 is
2830 950 3087 1024 Evagrio
3137 955 3306 1012 dedit
3363 953 3475 1032 (7),
3533 961 3592 1014 et

1937 1061 2082 1104 cum
2109 1045 2389 1104 homiliis
2410 1047 2545 1104 eius
2576 1047 2795 1105 timide
2824 1052 3223 1109 coniecerim.

2022 1144 2250 1200 Deinde
2299 1144 2588 1202 Cassiano
2643 1145 2703 1201 in
2758 1145 3117 1206 Collationis
3187 1151 3438 1221 quintae
3495 1167 3594 1209 ca-

1943 1241 2093 1314 pite,
2121 1241 2287 1312 quod
2341 1241 2706 1300 inscribitur
2741 1261 2772 1296 «
2809 1244 2871 1300 In
2919 1260 3044 1316 quo
3073 1247 3245 1304 utilis
3274 1249 3352 1306 sit
3404 1264 3594 1307 ceno-

1943 1338 2150 1410 doxia,
2192 1359 2212 1389 ι
2270 1339 2567 1410 Serapion
2612 1354 2799 1398 senex
2850 1345 3126 1416 exponit,
3176 1346 3404 1404 multos
3457 1362 3597 1404 sae-

1945 1449 2289 1509 penumero
2329 1436 2615 1493 homines
2644 1439 2848 1496 adhuc
2891 1441 3176 1498 carnales
3215 1444 3598 1502 cenodoxiae

1946 1533 2098 1590 vitio
2129 1533 2206 1590 ab
2238 1532 2376 1589 aliis
2415 1535 2707 1605 turpibus
2754 1536 3149 1611 indignisque
3189 1540 3354 1598 vitiis
3392 1548 3598 1599 custo-

1949 1632 2094 1689 diri.
2149 1629 2488 1689 Nonnullos
2535 1632 2791 1703 quidem
2840 1637 3154 1695 confessos
3213 1653 3372 1708 esse,
3416 1655 3480 1697 se
3535 1640 3598 1697 in

175 1738 609 1812 penetrabant.
695 1737 867 1796 Unde
944 1736 1281 1794 Macarium
1353 1717 2130 1800 AlexandrinumBSyrie
2185 1727 2505 1786 coenobiis
2575 1729 2784 1800 quinis
2848 1732 3071 1792 diebus
3145 1736 3358 1794 cibum
3431 1753 3600 1795 sum-

174 1835 244 1892 in
270 1834 604 1892 Occidente
635 1833 1046 1891 illustriorem
1081 1834 1270 1890 fuisse
1295 1838 1545 1905 oportet
1571 1831 1679 1908 (3).

262 1931 291 2009 ἓ
349 1935 444 1991 31.
497 1932 614 1991 Sed
666 1931 1113 1990 transeundum
1183 1935 1271 1989 est
1326 1932 1400 1988 ad
1462 1929 1848 2009 Cassianum,

181 2031 290 2104 qui
340 2030 620 2103 quinque
679 2031 832 2088 locis
885 2030 960 2086 de
1009 2030 1239 2088 nostris
1296 2028 1579 2087 Macariis
1630 2027 1846 2086 tradit.

185 2129 272 2185 Ex
307 2129 387 2186 iis
413 2145 631 2199 unum,
660 2144 785 2202 quo
829 2130 906 2187 de
955 2135 1206 2187 mortuo
1247 2144 1282 2186 a
1313 2128 1604 2193 Macario,
1665 2147 1686 2178 ε
1741 2127 1849 2199 qni

186 2225 637 2285 habitationem
707 2227 1122 2299 Scythioticae
1183 2226 1543 2284 solitudinis
1605 2225 1849 2298 primus

188 2324 444 2392 invenit,
511 2345 530 2378 ι
593 2325 670 2382 ad
723 2326 1110 2382 haereticum
1165 2323 1579 2382 refellendum
1635 2337 1850 2380 resus-

193 2420 384 2478 citato
432 2428 741 2487 narratur,
789 2422 913 2479 iam
963 2437 1150 2494 supra
1182 2422 1570 2479 excussimus
1600 2419 1711 2496 (4).
1762 2420 1848 2478 Ac

194 2524 370 2576 sexto
420 2521 691 2591 quodam
747 2520 885 2577 loco
928 2520 1002 2576 de
1037 2520 1327 2590 Macario,
1356 2519 1461 2592 qui
1512 2538 1541 2571 «
1577 2518 1848 2576 xenodo-

192 2614 340 2673 chio
372 2617 535 2688 apud
583 2616 1020 2674 Alexandriam
1071 2616 1359 2687 praefuit,
1411 2637 1438 2666 »
1492 2629 1700 2674 sermo
1732 2619 1845 2684 est,

191 2727 226 2770 a
279 2715 510 2772 nostris
559 2714 841 2772 Macariis
887 2721 1055 2772 certe
1102 2713 1537 2786 distinguendo
1581 2711 1690 2788 (5).
1729 2714 1850 2770 Be-

189 2816 355 2869 stant
386 2812 575 2884 igitur
603 2819 871 2885 quatuor
903 2812 1082 2869 nobis
1118 2811 1238 2869 loci
1266 2811 1684 2868 examinandi.

274 2909 350 2966 Et
394 2912 600 2982 primo
653 2910 910 2983 quidem
954 2907 1279 2966 Cassianus
1323 2910 1387 2966 in
1431 2910 1616 2975 libro,
1666 2922 1853 2981 quem

196 3026 228 3060 ί(
287 3008 366 3065 de
419 3009 642 3080 spiritu
696 3008 1166 3081 gastrimargiae
1218 3031 1247 3060 »
1308 3007 1644 3078 inscripsit,
1703 3007 1856 3064 haec

193 3107 391 3163 verba
430 3107 573 3164 facit
608 3126 619 3163 :
674 3126 704 3161 «
740 3106 958 3164 Adhuc
998 3120 1194 3163 unum
1227 3105 1389 3162 beati
1424 3104 1670 3163 Macarii
1705 3118 1855 3177 pro-

193 3204 400 3262 fertur
441 3205 622 3262 nobis
664 3206 934 3262 salutare
966 3205 1351 3270 mandatum,
1403 3218 1527 3275 quo
1571 3203 1856 3260 libellum

195 3301 592 3359 ieiuniorum
647 3307 706 3358 et
759 3300 1175 3358 continentiae
1234 3301 1380 3358 tanti
1440 3299 1556 3358 viri
1612 3299 1856 3358 claudat

196 3398 529 3454 sententia.
583 3398 671 3456 Ita
723 3397 924 3470 inquit
990 3397 1223 3455 debere
1274 3397 1652 3455 monachum
1695 3397 1855 3455 ieiu-

195 3494 323 3552 niis
375 3509 637 3568 operam
692 3496 862 3562 dare,
924 3501 990 3553 ut
1041 3503 1289 3553 centum
1345 3496 1522 3552 annis
1575 3497 1639 3553 in
1709 3511 1858 3554 cor-

190 3607 352 3665 pore
395 3600 962 3666 commoraturum,
996 3593 1078 3650 ita
1133 3599 1336 3652 motus
1385 3595 1576 3651 animi
1628 3595 1858 3652 refrae-

188 3705 345 3749 nare
394 3697 459 3749 et
507 3691 886 3750 iniuriarum
933 3691 1243 3761 oblivisci,
1298 3691 1708 3765 tristitiasque
1757 3708 1858 3749 re-

186 3804 448 3862 spuere,
485 3790 738 3848 dolores
780 3803 1034 3862 quoque
1073 3804 1143 3847 ac
1182 3789 1555 3847 detrimenta
1586 3794 1860 3847 contem-

190 3902 370 3953 nere,
431 3893 730 3960 tanquam
800 3887 1081 3959 quotidie
1154 3887 1554 3944 moriturum.
1614 3886 1676 3943 In
1749 3887 1860 3945 illo

192 4001 480 4058 namque
548 3986 717 4044 utilis
781 3991 872 4043 est
947 3986 1301 4058 prudensqe
1376 3985 1697 4058 discretio,
1754 4001 1860 4042 ae-

193 4085 372 4159 quali
430 4084 812 4142 monachum
884 4083 1273 4141 districtione
1331 4083 1561 4140 faciens
1617 4097 1866 4155 semper

194 4182 526 4248 incedere,
577 4194 690 4238 nec
733 4180 1100 4252 permittens
1154 4180 1272 4236 sub
1319 4179 1647 4236 occasione
1693 4180 1869 4238 debi-

195 4280 356 4339 litati
425 4279 722 4352 corporis
793 4279 870 4335 de
957 4278 1170 4336 arduis
1230 4278 1303 4334 ad
1395 4278 1871 4350 perniciossima

192 4385 549 4452 praerupta
597 4377 842 4435 devolvi
878 4395 892 4444 ;
931 4377 992 4433 in
1043 4377 1161 4433 hoc
1210 4391 1356 4434 vero
1398 4377 1871 4448 magnanimitas

193 4477 522 4550 salutaris,
558 4489 723 4549 quae
772 4473 992 4538 valeat,
1043 4489 1166 4532 non
1214 4474 1418 4531 solum
1457 4489 1618 4546 quae
1649 4475 1872 4533 viden-

187 4581 296 4634 tur
346 4587 667 4648 prospera
718 4573 937 4630 mundi
994 4572 1338 4645 praesentis
1391 4573 1737 4644 despicere,
1773 4589 1872 4632 ve-

191 4689 337 4733 rum
367 4674 566 4732 etiam
613 4671 895 4729 adversis
924 4671 1335 4742 ῐτὶδιλὶλυοιιυθ
1390 4683 1514 4726 non
1560 4669 1780 4743 frangi,
1811 4677 1874 4731 et

186 4788 259 4830 ea
292 4774 467 4830 velut
507 4783 712 4844 parva
765 4768 1061 4841 nullaque
1109 4771 1536 4840 contemnere,
1577 4767 1709 4826 illic
1759 4770 1871 4827 ha-

257 4991 334 5063 (l)
381 4989 472 5046 cr.
509 5005 574 5060 p.
609 4985 719 5042 407
761 4999 850 5055 sq.

255 5080 333 5153 (2)
378 5077 466 5135 Cf.
500 5075 669 5133 infra
706 5077 893 5144 Caput
923 5073 988 5127 IX
1031 5074 1175 5140 545.

255 5171 339 5241 (3)
374 5169 460 5224 Cf.
478 5163 872 5240 prepositum
887 5162 1124 5219 Macarii
1139 5166 1390 5218 Romam
1409 5161 1672 5218 abeundi
1686 5178 1870 5234 supra

184 5275 242 5332 p.
266 5259 356 5316 73.
383 5261 454 5317 99
501 5276 530 5314 s
545 5272 613 5328 q.

258 5351 337 5421 (4)
377 5349 460 5405 Cf.
501 5346 528 5409 S
556 5347 628 5402 14
662 5360 734 5416 p.
773 5342 842 5397 47
861 5356 1020 5413 sqq.,
1050 5341 1315 5398 Cassian.
1348 5340 1488 5396 Coll.
1528 5341 1613 5398 XV
1649 5357 1782 5413 cap.
1812 5343 1867 5408 3,

192 5439 460 5496 Cassiani
502 5440 663 5511 Opp.
725 5432 819 5488 ed.
866 5432 995 5488 Gaz.
1039 5448 1095 5503 p.
1145 5431 1272 5497 468,
1304 5431 1497 5500 Migne
1539 5431 1755 5488 Patrol.
1791 5433 1856 5489 Τ.

191 5530 343 5586 XLIX
369 5545 429 5602 p.
473 5528 615 5584 995.

269 5619 345 5693 (5)
384 5619 531 5677 Coll.
577 5612 707 5675 XIV
739 5611 934 5685 capJ,
983 5610 1246 5668 Cassiani
1292 5609 1444 5682 Opp.
1478 5609 1572 5666 ed.
1606 5611 1738 5668 Gaz.
1802 5624 1861 5684 p.

1958 1827 2152 1899 psisse
2207 1826 2522 1898 talemque
2570 1827 3008 1888 abstinentiam
3040 1833 3171 1890 sine
3204 1834 3419 1892 labore
3449 1837 3605 1894 tole-

1959 1939 2149 1989 rasse,
2202 1924 2264 1980 in
2318 1938 2530 1982 eremo
2583 1929 2792 1982 autem
2823 1933 2990 1986 tanta
3039 1945 3104 1987 se
3149 1931 3311 1989 fame
3340 1933 3484 1990 inde
3525 1933 3603 1989 ab

1959 2019 2114 2077 hora
2144 2021 2324 2078 tertia
2356 2022 2583 2088 vexari,
2616 2028 2682 2080 ut
2720 2023 2796 2080 ad
2827 2039 3052 2084 nonam
3093 2044 3290 2100 usque
3321 2029 3423 2087 vix
3468 2045 3609 2102 pos-

1959 2119 2083 2175 sint
2124 2118 2357 2175 ieiunia
2404 2120 2765 2190 quotidiana
2812 2123 3086 2182 differre.
3129 2127 3262 2184 Post
3311 2128 3464 2186 haec
3502 2129 3609 2186 ad-

1958 2213 2047 2271 dit
2091 2231 2103 2270 :
2165 2236 2193 2263 «
2247 2217 2448 2287 Super
2478 2232 2600 2289 qua
2647 2233 2713 2276 re
2745 2220 3008 2291 pulchre
3055 2224 3250 2281 abbas
3303 2226 3611 2284 Macarius

1956 2311 2204 2370 cuidam
2254 2316 2702 2384 percunctanti,
2744 2331 2859 2375 cur
2896 2319 3059 2377 fame
3099 2323 3177 2378 ab
3228 2323 3382 2381 hora
3426 2326 3610 2382 tertia

1958 2411 2021 2467 in
2069 2425 2283 2469 eremo
2337 2412 2717 2484 pulsaretur,
2751 2416 2859 2487 qui
2907 2416 2970 2475 in
3022 2421 3328 2479 coenobio
3372 2422 3612 2481 hebdo-

1959 2509 2248 2566 madibus
2305 2508 2561 2582 integris
2613 2512 3016 2573 refectionem
3079 2532 3264 2590 saepe
3334 2526 3611 2578 contem-

1959 2621 2110 2663 nens
2165 2622 2286 2664 non
2339 2609 2629 2666 sensisset
2680 2611 2975 2680 esuriem,
3034 2615 3405 2687 respondit:
3457 2618 3611 2687 Quia

1961 2704 2170 2761 nullus
2217 2705 2319 2762 hic
2357 2711 2448 2762 est
2479 2705 2696 2764 ieiunii
2728 2709 2818 2766 tui
2861 2711 3054 2783 testis,
3087 2714 3194 2785 qui
3222 2718 3280 2771 te
3321 2714 3452 2772 suis
3482 2716 3611 2772 lau-

1961 2803 2149 2859 dibus
2188 2803 2421 2860 nutriat
2448 2810 2634 2877 atque
2663 2814 2979 2867 sustentet.
3034 2811 3122 2868 ibi
3156 2817 3364 2870 autem
3411 2819 3470 2870 te
3519 2812 3612 2870 di-

1963 2900 2125 2973 gitus
2182 2901 2509 2959 hominum
2567 2911 2626 2960 et
2691 2907 3070 2966 cenodoxiae
3129 2911 3384 2968 refectio
3456 2912 3611 2983 sagi-

1967 2999 2152 3055 nabat
2182 2996 2290 3074 (8).
2335 3020 2356 3050 ι
2409 3000 2666 3058 Cuinam
2703 3004 2966 3062 Macario
2997 3021 3070 3064 ea
3104 3007 3436 3066 tribuenda
3466 3013 3608 3076 sint,

1967 3110 2090 3153 non
2135 3101 2225 3152 est
2278 3096 2640 3155 indicatum.
2700 3100 2955 3174 Utrique
2994 3110 3351 3163 nostrorum
3397 3120 3616 3177 reapse

1966 3194 2204 3266 optime
2268 3196 2664 3254 conveniunt.
2727 3198 2849 3256 Nec
2918 3201 3225 3259 dubitavit
3281 3204 3616 3262 Tillemon-

1967 3293 2109 3358 tius,
2172 3308 2244 3350 ea
2300 3293 2565 3352 Macario
2626 3296 2927 3370 Aegyptio
2976 3300 3364 3374 adiudicare,
3435 3303 3618 3360 cuius

1967 3395 2173 3448 tamen
2195 3391 2284 3449 rei
2320 3393 2620 3451 rationem
2646 3409 2764 3452 non
2793 3396 3033 3454 addidit
3062 3396 3170 3474 (9).

2046 3489 2201 3546 Tum
2255 3488 2620 3549 Collationis
2679 3494 2983 3565 septimae
3029 3497 3252 3569 capite,
3313 3499 3477 3570 quod
3528 3498 3618 3556 in-

1967 3587 2266 3645 scribitur
2323 3609 2348 3640 «
2413 3590 2492 3646 De
2550 3591 2890 3649 tentatione
2958 3595 3206 3652 abbatis
3275 3596 3519 3668 Moysis,
3587 3616 3617 3650 »

1967 3683 2235 3742 Serenus
2287 3686 2480 3743 abbas
2526 3688 2609 3744 ita
2668 3687 2992 3762 loquitur:
3034 3712 3062 3743 ‹‹
3103 3691 3421 3750 Secundus
3472 3707 3622 3751 vero

1969 3797 2156 3855 quem
2187 3783 2460 3841 diximus
2487 3786 2550 3842 in
2596 3787 2709 3844 hac
2743 3801 2959 3845 eremo
2989 3797 3448 3849 commoratum
3484 3787 3620 3867 [ab-

1973 3879 2084 3937 bas
2136 3877 2423 3959 Moyses],
2479 3898 2624 3941 cum
2679 3886 2812 3957 ipse
2868 3901 3119 3959 quoque
3171 3889 3504 3964 singularis
3562 3895 3624 3946 et

1975 3977 2484 4050 incomparabilis
2539 3983 2633 4038 vir
2687 3989 2866 4051 esset,
2927 3987 3011 4043 ob
3069 3987 3622 4058 reprehensionem

1978 4077 2162 4133 unius
2204 4079 2532 4144 sermonis,
2580 4095 2767 4152 quem
2820 4087 3036 4139 contra
3078 4083 3367 4140 abbatem
3422 4086 3628 4142 Mara-

1979 4175 2145 4231 rium
2187 4174 2509 4245 disputans
2557 4177 2742 4248 panlo
2781 4179 3001 4236 durius
3045 4180 3323 4252 protulit,
3358 4183 3626 4254 quadam

1981 4271 2216 4330 scilicet
2268 4273 2565 4344 opinione
2615 4283 3008 4351 praeventus,
3063 4284 3188 4336 tam
3235 4279 3374 4337 diro
3426 4281 3630 4339 confe-

1982 4370 2126 4428 stim
2157 4375 2247 4429 est
2276 4371 2539 4430 traditus
2568 4373 2880 4440 daemoni,
2930 4382 2996 4434 ut
3028 4377 3329 4435 humanas
3358 4380 3630 4452 egestio-

1984 4483 2092 4525 nes
2107 4469 2202 4526 ori
2233 4483 2370 4541 suo,
2399 4471 2478 4527 ab
2499 4485 2573 4528 eo
2603 4475 2948 4544 suppletus,
2975 4475 3304 4546 ingereret.
3334 4475 3510 4544 Quod
3531 4477 3631 4534 tia-

1981 4565 2211 4637 gellum
2244 4568 2629 4640 purgationis
2658 4571 2852 4641 gratia
2896 4586 2960 4628 se
2996 4573 3287 4631 Dominus
3322 4573 3628 4643 intulisse,

1981 4677 2058 4720 ne
2090 4663 2327 4721 scilicet
2358 4665 2420 4722 in
2453 4680 2528 4724 eo
2561 4669 2653 4725 vel
2688 4671 3105 4728 momentanei
3138 4670 3350 4728 delicti
3385 4672 3632 4731 macula

1981 4760 2306 4828 resideret,
2346 4764 2668 4822 velocitate
2712 4767 3055 4826 curationis
3099 4768 3235 4828 eius
3287 4775 3475 4843 atque
3528 4786 3636 4829 au-

1980 4981 2104 5048 450,
2141 4982 2334 5051 Migne
2357 5000 2416 5054 p.
2453 4983 2558 5038 958
2589 5001 2602 5051 ;
2638 4984 2780 5041 Hist.
2827 4989 3004 5043 Laus.
3043 4989 3140 5045 ed.
3171 4991 3379 5046 Meurs.
3423 5005 3560 5062 cap.
3601 4990 3634 5043 7

1983 5072 2139 5143 Opp.
2185 5073 2392 5127 Meurs.
2418 5072 2453 5127 l.
2483 5073 2523 5127 Ι.
2569 5089 2626 5144 p.
2658 5075 2764 5130 757
2787 5076 2860 5132 cf.
2888 5077 3120 5148 supras
3159 5078 3228 5132 25
3265 5094 3325 5149 p.
3356 5079 3477 5134 105.

2049 5162 2124 5231 (6)
2151 5162 2227 5216 De
2239 5162 3249 5236 coenobioruminstitutislib.V(de
3267 5167 3637 5240 spir.gastr.)

1980 5264 2114 5321 cap.
2141 5248 2202 5304 41
2232 5250 2493 5306 Cassiani
2517 5252 2665 5324 Opp.
2691 5253 2785 5308 ed.
2815 5254 2950 5309 Gaz.
2981 5272 3039 5327 p.
3062 5256 3184 5321 104,
3209 5258 3396 5325 Migue
3418 5274 3475 5329 p.
3499 5257 3624 5313 265.

2049 5339 2124 5410 (7)
2167 5338 2247 5393 Cf.
2272 5355 2457 5410 supra
2495 5347 2520 5409 ε
2552 5340 2640 5396 29.

2027 5428 2126 5500 ,(8)
2167 5427 2308 5483 Coll.
2332 5428 2376 5483 V
2400 5446 2532 5502 cap.
2566 5431 2631 5488 I2
2655 5431 3089 5505 CassianiOpp.
3114 5433 3208 5487 ed.
3233 5430 3370 5487 Gaz.
3405 5449 3470 5504 p.
3509 5433 3635 5492 289.

2049 5517 2128 5587 (9)
2169 5519 2472 5575 Mémoires
2496 5520 2559 5575 T.
2583 5519 2707 5575 VIII
2739 5521 2797 5575 P.
2835 5519 2914 5578 III
2945 5538 3006 5596 p.
3048 5520 3174 5576 983.
