4092 6256
468 295 575 350 123

1338 290 1442 346 SS.
1487 289 1963 346 MACARIORUM
2003 287 2336 346 AEGYPTII
2378 291 2464 346 ET
2503 293 2989 350 ALEXANDBINI
3777 298 3875 353 124

465 430 636 482 ctore
667 421 929 480 remedii
961 418 1427 478 demonstravit.
1472 420 1622 477 Nam
1667 421 1960 477 continuo
2008 421 2115 476 ab-
2147 418 2192 470 A
2227 420 2537 492 ingressus
2588 427 2701 493 est,
2747 423 2849 480 die
2898 421 3239 481 secundum
3293 424 3379 497 id,
3422 425 3588 497 quod
3629 440 3877 498 compe-

467 524 608 579 bate
638 520 904 578 Macario
944 520 1008 576 in
1035 519 1316 576 oratione
1365 520 1677 576 submisso
1716 523 1887 593 130
1946 518 2114 574 dicto

465 619 646 676 citius
697 631 964 689 nequam
1010 617 1268 687 spiritus
1315 619 1393 674 ab
1449 633 1524 675 eo
1577 618 1820 689 fugatus
1871 617 2113 672 absces-

464 717 543 774 sit
583 714 692 791 (1).
752 736 776 767 υ
842 715 998 782 Quin
1049 716 1349 772 Macarius
1414 715 1748 788 Aegyptius
1801 713 2111 785 intelliga-

463 821 588 885 tur,
617 814 719 870 vix
767 813 1031 870 dubium
1062 819 1152 869 est
1185 831 1200 884 ;
1236 828 1378 871 nam
1427 815 1664 885 Moyses
1694 813 1887 869 abbas
1933 826 2110 883 egre-

463 913 601 984 gius
652 910 844 968 Scetis
893 910 1233 967 monachus
1283 911 1397 968 fuit
1457 909 1566 986 (2).
1619 911 1792 978 Quod
1838 916 1899 966 et
1953 913 2110 980 Apo-

466 1010 863 1082 phthegmata
914 1021 949 1064 a
1000 1007 1308 1066 Cotelerio
1358 1009 1524 1067 edita
1573 1009 2011 1080 comprobant,
2049 1007 2112 1063 in

463 1107 694 1180 quibus
741 1106 894 1178 legis
941 1125 954 1163 :
999 1124 1028 1158 «
1078 1107 1315 1177 Moyses
1361 1107 1554 1164 abbas
1578 1107 1858 1163 ‘Macario
1902 1104 2109 1162 abbati

463 1207 526 1264 in
570 1205 729 1264 Sceti
763 1223 775 1262 :
822 1204 994 1276 Volo,
1029 1204 1252 1276 inquit,
1304 1219 1444 1262 cum
1498 1205 1707 1276 quiete
1749 1219 1820 1261 ac
1862 1202 2110 1260 silentio

463 1304 694 1376 vivere,
747 1317 860 1359 nec
915 1302 1124 1359 sinunt
1184 1315 1282 1359 me
1337 1302 1578 1359 fratres.
1639 1302 1748 1360 Cui
1809 1300 2112 1358 Macarius

463 1402 658 1458 abbas
708 1399 1030 1471 respondit
1085 1415 1097 1456 :
1160 1400 1347 1457 Video
1403 1404 1463 1458 te
1514 1398 1742 1457 indolis
1801 1398 2111 1456 mollioris

463 1513 620 1564 esse,
672 1511 786 1555 nec
817 1511 996 1568 posse
1045 1497 1300 1555 fratrem
1333 1513 1366 1554 a
1414 1499 1471 1554 te
1522 1504 1848 1563 avertere;
1903 1495 2010 1553 sed
2060 1494 2109 1552 si

464 1597 782 1654 desideras
828 1595 1104 1667 quietam
1146 1596 1359 1666 vitam,
1410 1595 1804 1668 proﬁciscere
1849 1595 1924 1651 ad
1978 1609 2116 1650 ere-

462 1707 660 1764 mum,
710 1692 896 1761 intro,
933 1693 995 1748 in
1045 1697 1218 1763 petra
1269 1692 1478 1764 quiete
1521 1693 1730 1766 deges.
1796 1691 1958 1748 Fecit
2001 1690 2107 1761 igi-

461 1797 566 1850 tur
619 1792 736 1848 hoc
783 1795 842 1847 et
888 1791 1246 1861 conquievit
1298 1788 1408 1862 (3).
1474 1812 1500 1840 »
1556 1791 1874 1846 Praeterea
1921 1789 2110 1846 'l‘ille-
2148 1770 2187 1822 Β

463 1888 736 1947 montius
765 1887 940 1946 illam
986 1887 1214 1962 Moysis
1256 1887 1500 1945 abbatis
1542 1887 1930 1944 sanationem
1992 1887 2109 1944 Ma-

461 1987 634 2046 cario
699 1986 1001 2058 Aegyptio
1064 1986 1196 2042 sine
1262 1985 1392 2042 ulla
1463 1985 1869 2042 haesitatione
1942 1984 2110 2041 attri-

461 2085 601 2142 buit
623 2081 737 2160 (ι).

542 2199 810 2258 Ultimus
856 2199 1128 2270 denique
1171 2197 1439 2256 Cassiani
1487 2199 1656 2255 locus
1705 2197 1782 2254 de
1831 2197 2113 2254 Macariis

463 2297 690 2358 nostris
738 2298 800 2352 in
850 2296 1195 2355 Collatione
1257 2295 1554 2368 vigesima
1607 2300 1825 2367 quarta
1881 2295 2110 2352 inveni-

462 2404 586 2464 tur,
642 2393 752 2452 ubi
810 2394 1056 2452 Macarii
1117 2394 1324 2451 fabula
1378 2393 1456 2450 ab
1519 2393 1827 2449 Abraham
1889 2394 2112 2449 abbate

462 2499 710 2553 narrata
759 2492 910 2550 haec
958 2497 1095 2549 est:
1153 2512 1173 2541 ‹
1235 2491 1384 2548 Nam
1434 2491 1599 2563 quod
1654 2491 1809 2548 alios
1860 2504 2110 2562 quoque

462 2592 700 2650 salvare
751 2606 860 2647 vos
927 2604 1106 2662 posse
1168 2588 1498 2658 confiditis,
1571 2594 1630 2644 et
1687 2603 1795 2660 spe
1853 2587 2112 2645 maioris

462 2691 619 2748 lucri
652 2689 730 2746 ad
779 2688 1170 2745 revisendam
1218 2687 1481 2759 patriam
1543 2686 1866 2755 festinatis,
1901 2685 2110 2743 audite

462 2789 650 2846 etiam
680 2799 869 2859 super
922 2787 1038 2842 hoc
1082 2785 1394 2856 quandam
1427 2784 1671 2841 abbatis
1720 2783 1965 2840 Macarii
2028 2783 2111 2839 fa-

463 2888 675 2943 bulam
747 2883 1197 2942 iucundissime
1255 2887 1439 2953 atque
1499 2881 1821 2953 aptissime
1891 2881 2110 2952 ﬁgura-

460 2989 610 3056 tam,
643 2997 828 3056 quam
874 2987 934 3039 et
984 2981 1086 3039 ille
1134 2980 1382 3037 cuidam
1425 2979 1738 3037 similibus
1782 2978 2111 3037 desideriis

460 3080 763 3140 aestuanti
830 3078 1206 3137 medicinam
1265 3077 1834 3150 opportunissimae
1901 3092 2111 3134 narra-

458 3181 648 3239 tionis
686 3177 957 3251 ingessit.
993 3178 1156 3249 Erat,
1190 3175 1415 3248 inquit,
1448 3175 1512 3232 in
1553 3175 1801 3233 civitate
1839 3175 2108 3247 quadam

459 3279 876 3351 peritissimus
919 3282 1155 3345 tonsor,
1189 3275 1297 3346 qui
1341 3273 1615 3329 denariis
1648 3274 1841 3330 ternis
1889 3287 2110 3330 unum-

457 3389 771 3448 quemque
827 3373 1191 3441 detondens,
1247 3376 1497 3428 tenuem
1556 3371 1871 3442 vilemque
1948 3384 2107 3426 mero

457 3473 671 3531 cedem
717 3471 811 3528 sui
865 3469 1076 3541 operis
1123 3467 1525 3538 acquirendo,
1585 3483 1660 3523 ex
1717 3467 1830 3523 hac
1890 3466 2107 3523 eadem

457 3568 799 3643 quantitate
847 3566 1192 3623 necessaria
1235 3565 1330 3622 sui
1375 3564 1565 3621 victui
1613 3563 1892 3635 quotidie
1942 3579 2112 3620 com-

458 3667 735 3739 parabat,
815 3669 1190 3734 centumque
1260 3662 1549 3718 denarios
1625 3660 1868 3732 expleta
1937 3659 2108 3717 omni

457 3763 743 3837 corporis
794 3776 945 3820 cura
1012 3760 1332 3832 marsupio
1389 3774 1501 3815 suo
1572 3759 1796 3816 diebus
1848 3758 2111 3830 singulis

457 3862 786 3922 inferebat.
830 3859 947 3917 Sed
994 3873 1137 3916 cum
1193 3857 1615 3915 indesinenter
1659 3857 1823 3914 hunc
1875 3857 2105 3914 conde-

457 3966 552 4020 ret
581 3965 931 4033 quaestum,
978 3956 1214 4014 audivit
1255 3955 1319 4012 in
1372 3956 1640 4026 quadam
1673 3955 1851 4025 longe
1908 3953 2108 4026 posita

455 4060 703 4119 civitate
751 4057 1141 4129 singulorum
1191 4053 1538 4111 solidorum
1583 4052 1860 4124 singulos
1905 4052 2107 4109 homi—

456 4175 565 4218 nes
633 4155 869 4216 tonsori
947 4154 1253 4226 praebere
1329 4151 1705 4209 mercedem.
1789 4151 1920 4218 Quo
1998 4149 2105 4207 ille

453 4260 779 4328 comperto
824 4269 836 4308 :
887 4251 1197 4320 Quamdiu
1249 4264 1382 4319 ero,
1433 4248 1654 4320 inquit,
1709 4250 1824 4305 hac
1869 4247 2106 4304 mendi-

453 4355 636 4412 citate
682 4355 1026 4415 contentus,
1085 4353 1151 4405 ut
1191 4348 1382 4405 trium
1429 4347 1833 4403 denariorum
1878 4346 2102 4417 stipem

452 4466 597 4512 cum
662 4449 877 4507 labore
945 4447 1342 4520 conquiram,
1416 4459 1610 4516 quum
1684 4443 1918 4515 possim
1994 4443 2181 4527 illoD

453 4565 716 4625 pergens
785 4546 1014 4619 ingenti
1099 4544 1446 4602 solidorum
1524 4546 1781 4613 quaestu
1853 4540 2102 4598 divitias

450 4660 828 4720 congregare
871 4641 901 4700 ἵν
953 4646 1162 4715 Itaque
1213 4656 1466 4699 sumens
1524 4637 1674 4696 artis
1735 4635 1900 4705 131
1953 4655 2100 4698 suae

453 4747 737 4820 protinus
821 4745 1253 4810 instrumenta,
1332 4739 1619 4812 expensis
1697 4739 1758 4795 in
1847 4744 2099 4810 sumptu

448 4843 765 4908 omnibus,
822 4855 984 4913 quae
1050 4840 1150 4896 hic
1214 4837 1414 4895 multo
1485 4842 1771 4910 tempore
1839 4835 2098 4893 collecta

447 4944 747 5010 servarat,
811 4939 887 4996 ad
958 4938 1182 4996 urbem
1253 4936 1428 4993 illam
1480 4933 2098 5008 quaestuosissimam

446 5055 592 5102 cum
626 5051 874 5098 summo
911 5037 1129 5095 labore
1159 5035 1462 5108 pervenit.
1512 5033 1626 5092 Ubi
1670 5047 1814 5092 cum
1852 5047 1944 5102 ea,
1975 5047 2097 5105 qua

521 5223 599 5296 (1)
640 5222 779 5280 Coll.
829 5221 920 5276 VII
960 5234 1093 5291 cap.
1139 5220 1204 5273 27
1238 5217 1502 5275 Cassiani
1547 5217 1697 5288 Opp.
1739 5215 1834 5271 ed.
1867 5217 2000 5271 Gaz.
2034 5231 2094 5287 p.

448 5314 572 5378 328,
615 5315 804 5383 Migne
835 5328 894 5384 p.
941 5310 1047 5365 706
1077 5325 1167 5381 sq.

517 5403 596 5475 (2)
638 5402 726 5460 Cf.
764 5401 1033 5456 Cassian.
1068 5399 1215 5456 Coll.
1265 5398 1308 5454 Ι.

513 5493 590 5564 (3)
632 5491 884 5548 Coteler.
943 5489 1094 5545 Eccl.
1139 5487 1348 5544 Graec.
1402 5487 1553 5542 non.
1611 5486 1678 5543 T.
1726 5483 1747 5539 I
1789 5499 1848 5555 p.
1897 5483 2005 5539 538
2034 5498 2095 5541 v.

443 5580 752 5640 Macarius
783 5579 1112 5651 Aegyptius
1141 5575 1168 5638 Ξ
1198 5576 1366 5643 XXII;
1395 5573 1550 5631 infra
1577 5573 1637 5630 in
1669 5574 1886 5630 harum
1909 5574 2096 5638 Quae-

439 5674 705 5736 stionum
742 5669 1088 5746 Appendice
1112 5668 1296 5726 altera
1322 5665 1435 5722 sub
1464 5663 1558 5720 III.

2225 522 2408 583 rerat,
2447 519 2525 574 ab
2563 535 2943 593 unoquoque
2994 521 3345 578 mercedem
3391 522 3484 579 sui
3527 523 3738 594 Operis
3769 539 3875 580 re-

2222 615 2509 686 cepisset,
2544 618 2618 674 ad
2668 633 2991 690 vesperam
3033 634 3097 676 se
3141 619 3355 675 videns
3399 620 3693 691 grandem
3729 621 3872 678 soli-

2221 711 2444 769 dorum
2507 729 2837 772 numerum
2887 716 3356 787 conquisivisse,
3413 717 3486 773 ad
3543 719 3876 775 macellum

2223 809 2418 866 laetus
2467 811 2752 876 intendit,
2809 827 2982 870 escas
3041 814 3361 870 refectioni
3403 829 3552 872 suae
3600 830 3878 872 necessa-

2221 907 2345 963 rias
2397 915 2818 980 coempturus.
2875 909 3035 978 Quas
3091 925 3233 967 cum
3294 912 3600 983 coepisset
3654 928 3879 985 magno

2219 1004 2565 1063 solidorum
2607 1008 2810 1078 pretio
2859 1021 3246 1078 comparare,
3306 1009 3592 1080 expensis
3634 1009 3694 1066 in
3728 1026 3875 1081 per-

2219 1103 2441 1174 exiguo
2496 1103 2659 1161 victu
2711 1105 3019 1162 universis
3079 1121 3234 1177 quos
3286 1106 3661 1178 acquisierat
3719 1107 3884 1165 soli-

2219 1199 2336 1266 dis,
2390 1215 2465 1258 ne
2513 1203 2698 1259 unius
2746 1202 3001 1274 quidem
3052 1203 3292 1260 denarii
3343 1204 3548 1262 intulit
3604 1205 3875 1262 lucrum.

2221 1297 2500 1369 Cumque
2533 1299 2614 1356 ita
2645 1299 2910 1372 singulis
2940 1301 3166 1358 diebus
3191 1301 3664 1373 acquisitionem
3699 1318 3880 1360 suam

2220 1394 2475 1453 vidisset
2516 1396 2770 1463 insumi,
2820 1403 2885 1454 ut
2935 1413 3056 1456 non
3087 1399 3291 1456 solum
3338 1400 3492 1456 nihil
3539 1400 3878 1472 redigeret,

2219 1494 2327 1550 sed
2375 1495 2477 1550 vix
2522 1495 2719 1566 ipsam
2771 1497 3172 1567 quotidianae
3227 1498 3608 1554 substantiae
3658 1514 3888 1556 neces—

2220 1591 2462 1648 sitatem
2518 1600 2722 1663 posset
2767 1595 3043 1665 explere,
3095 1595 3259 1665 apud
3310 1595 3724 1666 semetipsum
3783 1611 3884 1652 re-

2219 1689 2490 1760 cogitans
2522 1710 2533 1742 :
2570 1689 2882 1756 Revertar,
2916 1691 3140 1763 inquit,
3175 1693 3250 1748 ad
3285 1692 3604 1749 civitatem
3647 1707 3879 1760 meam,

2220 1786 2525 1858 illumque
2579 1793 2854 1858 repetam
2909 1789 3346 1846 tenuissimum
3397 1795 3750 1861 quaestum,
3804 1805 3884 1847 ex

2220 1898 2346 1955 quo
2394 1885 2546 1940 mihi
2591 1885 2834 1956 expleta
2892 1887 3062 1943 omni
3122 1887 3410 1959 corporis
3468 1903 3642 1955 cura,
3706 1888 3882 1959 quod

2222 1981 2296 2040 ad
2350 1985 2858 2040 sustentationem
2902 1986 3236 2042 senectutis
3283 1992 3691 2057 accresceret,
3725 2000 3892 2057 quo-

2222 2078 2454 2137 tidiana
2511 2080 2916 2137 exuberantia
2972 2083 3358 2140 conferebat.
3427 2083 3600 2150 Quod
3661 2098 3888 2154 quam-

2223 2176 2313 2232 vis
2341 2191 2601 2248 parvum
2635 2179 2954 2237 videretur
2985 2185 3044 2236 et
3072 2185 3281 2252 tenue,
3318 2195 3436 2238 non
3488 2181 3883 2238 mediocrem

2222 2279 2428 2331 tamen
2458 2289 2768 2333 summam
2815 2276 2938 2348 iugi
2974 2278 3255 2348 pariebat
3299 2283 3653 2350 augmento.
3686 2278 3888 2347 Quae-

2223 2372 2494 2429 stuosior
2549 2375 2785 2449 quippe
2857 2375 3012 2432 mihi
3074 2376 3187 2433 fuit
3264 2377 3368 2433 ille
3443 2391 3879 2444 nummorum,

2222 2485 2410 2543 quam
2463 2472 2577 2529 iste
2623 2473 2970 2530 solidorum
3005 2473 3412 2546 imaginarius
3461 2481 3772 2546 quaestus,
3804 2489 3885 2532 ex

2222 2583 2347 2639 quo
2401 2582 2521 2625 non
2572 2569 2776 2626 solum
2841 2569 2998 2627 nihil
3053 2572 3378 2643 exuberat,
3433 2573 3601 2644 quod
3663 2586 3881 2630 recon-

2221 2666 2386 2732 dam,
2423 2667 2529 2723 sed
2575 2667 2761 2723 etiam
2803 2667 2906 2724 vix
2945 2668 3080 2740 ipsa
3119 2668 3466 2740 quotidiani
3524 2670 3720 2726 victus
3775 2685 3886 2726 ne-

2221 2763 2474 2821 cessitas
2529 2764 2889 2822 sustinetur.
2952 2766 3019 2822 Et
3086 2767 3322 2823 idcirco
3389 2767 3620 2824 rectius
3693 2768 3879 2825 nobis

2221 2867 2332 2930 est,
2396 2862 2560 2918 hunc
2603 2863 2960 2920 solitudinis
3006 2865 3190 2921 huius
3239 2865 3674 2922 tenuissimum
3737 2866 3884 2923 fru—

2221 2963 2389 3015 ctum
2442 2959 2760 3031 indirupta
2817 2961 3072 3033 iugitate
3131 2963 3378 3032 sectari,
3434 2977 3620 3034 quem
3671 2963 3880 3020 nullae

2221 3057 2571 3114 saeculares
2614 3072 2825 3129 curae,
2882 3059 3085 3116 nullae
3141 3060 3488 3116 mundanae
3544 3059 3882 3118 distentio-

2221 3168 2349 3218 nes,
2401 3154 2569 3211 nulla
2599 3155 2979 3212 cenodoxiae
3011 3171 3080 3213 ac
3125 3157 3408 3214 vanitatis
3451 3158 3702 3215 arrodat
3751 3161 3880 3215 ela-

2220 3251 2328 3317 tio,
2391 3252 2597 3309 nullae
2653 3253 3104 3311 sollicitudines
3161 3254 3421 3311 diurnae
3489 3256 3876 3313 necessitatis

2219 3349 2593 3408 imminuant
2645 3349 2751 3427 (5).
2817 3370 2846 3405 υ
2909 3352 3052 3410 Uter
3105 3353 3512 3410 Macariorum
3570 3355 3662 3410 vel
3719 3369 3872 3410 num

2219 3449 2478 3506 omnino
2546 3463 2706 3506 unus
2757 3464 2831 3506 ex
2891 3449 2969 3506 iis
3031 3449 3525 3522 pulcherrimam
3595 3450 3871 3509 fabulam

2220 3545 2547 3608 invenerit.
2579 3561 2700 3603 non
2722 3547 3010 3604 traditur.

2301 3644 2425 3700 Iam
2494 3644 2812 3701 recensitis
2861 3644 3131 3702 Cassiani
3185 3660 3438 3718 quoque
3490 3646 3867 3704 testimoniis

2220 3741 2417 3798 libros
2469 3740 2583 3796 VV.
2644 3741 2748 3799 PP.
2811 3757 2844 3799 a
2918 3743 3241 3801 Rosweido
3309 3744 3534 3816 editos,
3593 3758 3868 3815 quorum

2216 3839 2553 3909 scriptores
2604 3845 2788 3912 atque
2845 3846 3105 3898 aetatem
3165 3841 3524 3913 ignoramus
3596 3840 3710 3914 (6),
3767 3857 3871 3898 ex-

2216 3937 2546 3994 cutiamus.

2761 4079 2930 4150 132
2965 4073 3205 4133 CAPUT
3231 4072 3324 4129 v1.

2215 4219 2677 4264 COLLECTIONIS
2735 4220 3237 4263 ROSWEIDIANAE
3308 4222 3498 4262 LIBER
3551 4223 3862 4273 TERTIUS,

2295 4318 2896 4372 QUINTUS,SEXTUS,
2914 4318 3241 4361 SEPTIMUS
3257 4320 3566 4363 νιτλῆοΜ
3585 4321 3864 4364 PA'I‘RUM

2295 4419 2375 4460 ET
2434 4417 2842 4460 SENTENTIAE
2907 4417 3185 4460 PATRUM
3246 4417 3728 4462 AEGYPTIORUM
3788 4419 3869 4460 DE

2292 4515 2562 4560 SANCTIS
2587 4516 2895 4558 MACARIIS
2917 4515 3242 4558 AEGYPTIO
3266 4515 3345 4556 ET
3370 4517 3860 4560 ALEXANDRINO.

2291 4634 2319 4711 ξ
2359 4637 2454 4694 32.
2501 4635 2682 4693 Liber
2725 4635 2944 4692 tertius
2986 4633 3096 4688 VV.
3133 4635 3236 4691 PP.
3287 4631 3676 4691 collectionis
3715 4635 3858 4692 Ros-

2209 4733 2551 4791 weidianae
2581 4732 2853 4789 sedecim
2905 4731 3195 4788 historias
3244 4731 3319 4787 de
3373 4731 3653 4788 Macariis
3704 4747 3864 4788 con-

2208 4831 2387 4889 tinet.
2419 4832 2693 4900 Quarum
2739 4833 3030 4901 quatuor,
3065 4829 3142 4885 de
3173 4829 3446 4896 homine,
3502 4830 3608 4900 qui
3653 4829 3864 4886 caedis

2208 4944 2376 4999 reus,
2427 4929 2584 4986 facta
2636 4943 2669 4984 a
2716 4927 2980 4984 Macario
3034 4925 3333 4998 Aegyptio
3375 4925 3492 4982 viri
3548 4925 3737 4983 occisi
3781 4927 3857 4982 ad

2207 5030 2396 5086 vitam
2449 5025 2864 5093 revocatione,
2923 5023 3225 5082 liberatus
3281 5028 3372 5081 est
3433 5021 3544 5099 (7),
3611 5024 3690 5081 de
3739 5038 3856 5081 uva

2276 5211 2354 5283 (4)
2396 5210 2704 5265 Mémoires
2743 5211 2804 5264 T.
2835 5208 2956 5262 VIll
2988 5208 3052 5261 P.
3082 5207 3150 5261 III
3185 5223 3250 5278 p.
3288 5207 3447 5264 1007.

2275 5301 2354 5371 (5)
2395 5299 2536 5355 Coll.
2582 5299 2743 5354 XXIV
2793 5314 2926 5368 cap.
2975 5297 3042 5351 13
3083 5297 3346 5353 Cassiani
3379 5299 3526 5368 Opp.
3560 5296 3661 5354 ed.
3703 5299 3844 5354 Gaz.

2206 5406 2264 5462 p.
2291 5389 2413 5453 618,
2447 5388 2636 5458 Migne
2663 5406 2716 5458 p.
2747 5387 2879 5441 1301
2929 5403 3021 5458 sq.

2276 5479 2354 5551 (6)
2395 5477 2679 5548 C{.supra
2705 5476 2730 5537 S
2755 5477 2822 5532 10
2862 5491 2922 5548 p.
2962 5477 3058 5531 34.

2275 5570 2354 5640 (7)
2383 5567 2501 5623 VV.
2532 5567 2641 5620 PP.
2678 5569 2877 5623 Rosw.
2925 5566 3026 5622 lib.
3068 5566 3136 5620 III
3166 5581 3300 5637 cap.
3329 5566 3392 5620 41
3431 5581 3490 5638 p.
3521 5565 3648 5631 507,
3685 5563 3739 5621 1.
