4092 6256
210 322 317 379 125

1796 306 2029 366 VITAE.

3530 310 3632 370 126

215 448 484 508 Macario
535 443 954 504 Alexandrino
1008 438 1196 497 missa
1258 432 1369 513 (1),
1428 435 1507 493 de
1563 435 1942 494 daemoneA
1981 439 2162 512 dicis,
2186 438 2570 512 quiaomnes
2617 436 2776 496 mihi
2833 439 3130 496 contrarii
3179 438 3318 495 facti
3373 443 3537 504 sunt,
3572 441 3635 496 et

216 548 485 607 eundem
532 543 871 601 Macarium
920 539 1000 596 ad
1042 536 1369 594 collectam
1415 533 1710 592 invitante
1757 530 1865 607 (2),

217 646 293 703 de
357 641 664 701 sententia
721 638 1016 710 denique,
1091 645 1308 690 verum
1376 631 1752 688 monachum
1807 630 1868 686 in

213 741 531 814 arguendo
597 739 722 796 alio
775 746 1116 806 nunquam.
1159 730 1235 788 ad
1289 729 1678 787 iracundiam
1729 742 1872 785 mo—

211 840 366 904 veri,
423 837 533 895 sed
582 847 835 906 semper
891 845 1031 890 sese
1084 828 1330 886 vincere
1399 825 1508 902 (3),
1547 841 1738 898 supra
1770 841 1871 884 co-

211 935 545 1010 gnovimus
605 930 714 1009 (6.).
773 929 1116 988 Duodecim
1184 930 1428 983 ceterae
1480 924 1596 980 hae
1652 929 1793 981 sunt
1853 941 1866 980 :

299 1054 329 1088 (ι
384 1035 593 1091 Abhas
643 1027 946 1089 Macarius
995 1024 1488 1097 quotiescunque
1552 1036 1696 1080 cum
1754 1025 1869 1080 fra-

215 1133 424 1190 tribus
464 1131 621 1189 facta
681 1126 984 1186 charitate
1041 1122 1380 1186 reﬁciebat,
1438 1120 1558 1178 hoc
1609 1121 1671 1177 in
1715 1135 1870 1192 pro-

224 1230 366 1304 prio
423 1228 609 1286 corde
661 1227 982 1291 statuerat,
1034 1227 1100 1278 ut
1155 1223 1420 1291 quantos
1471 1214 1598 1274 vini
1647 1219 1872 1278 calices

221 1327 463 1386 oblatos
514 1323 840 1388 hausisset,
898 1318 1083 1377 tantis
1125 1317 1348 1374 diebus
1402 1330 1514 1373 nec
1561 1321 1622 1372 et
1667 1316 1869 1388 ipsam

215 1439 441 1496 aquam
490 1426 762 1495 gustaret
815 1418 1094 1477 omnino.
1148 1416 1303 1474 Cum
1350 1428 1499 1486 ergo
1546 1415 1602 1470 ei
1649 1414 1870 1473 fratres

212 1524 429 1580 vinum
490 1520 902 1593 porrigerent,
962 1529 1108 1574 cum
1159 1511 1388 1586 gaudio
1440 1513 1747 1579 sumebat,
1802 1519 1870 1571 ut

212 1625 430 1692 postea
473 1634 538 1676 se
581 1618 682 1675 siti
720 1619 1084 1672 maceraret.
1133 1610 1307 1680 Quod
1348 1624 1492 1668 cum
1522 1610 1867 1682 discipulus

209 1720 350 1777 eius
395 1716 736 1782 didicisset,
786 1713 1090 1786 patefacto
1140 1709 1307 1767 senis
1344 1708 1632 1783 consilio,
1684 1724 1760 1766 ne
1805 1711 1863 1768 ei

202 1818 430 1875 vinum
484 1814 896 1887 porrigerent,
955 1809 1346 1877 coniurabat,
1406 1813 1713 1864 tormenta
1769 1808 1862 1866 illi
1906 1793 1945 1846 Β

213 1915 423 1988 potius
465 1927 597 1970 esse
657 1923 847 1982 quam
914 1907 1138 1981 pocula
1205 1903 1614 1962 manifestans
1685 1907 1862 1980 (5).»

211 2014 383 2071 Idem
443 2011 507 2068 in
556 2010 722 2068 libro
775 2007 996 2080 quinto
1041 2002 1125 2082 (6)
1177 2005 1422 2076 legitur,
1471 2009 1531 2060 et
1558 2017 1776 2075 graece
1805 2006 1867 2062 in

222 2107 778 2183 Apophthegmatis
829 2119 864 2162 a
912 2104 1219 2163 Cotelerio
1263 2101 1468 2168 editis,
1521 2116 1556 2158 a
1597 2117 1868 2174 quorum

216 2209 626 2280 compilatore
689 2205 764 2263 ad
839 2203 1178 2261 Macarium
1239 2200 1614 2273 Aegyptium
1677 2202 1868 2260 refer-

219 2315 321 2367 tur
379 2305 488 2382 (7).
549 2303 673 2363 Pro
729 2322 760 2357 ‹‹
805 2302 1299 2374 quotiescunque
1355 2313 1502 2356 cum
1574 2299 1871 2358 fratribus

220 2404 377 2463 facta
430 2401 734 2461 charitate
801 2399 1139 2464 reﬁciebat,
1197 2419 1220 2450 ι
1285 2397 1350 2453 in
1413 2411 1634 2468 graeco
1689 2402 1781 2455 est
1827 2395 1870 2446 εὶ

220 2500 499 2570 εὐκαίρησε
537 2498 672 2569 μετὰ
716 2491 970 2564 ἀδελφῶν,
1044 2495 1106 2552 in
1195 2495 1359 2553 libro
1429 2495 1650 2566 quinto
1731 2516 1754 2549 ε
1819 2496 1869 2553 si

222 2601 458 2658 vacavit
506 2600 672 2656 inter
718 2597 958 2662 fratres,
1014 2611 1044 2647 ι)
1092 2606 1284 2665 quare
1329 2592 1444 2649 illa
1494 2591 1620 2650 noli
1650 2608 1872 2666 perpe-

218 2713 354 2756 ram
406 2696 776 2769 intelligere.
831 2694 1078 2751 Fratres
1123 2690 1318 2748 Scetis
1372 2687 1542 2758 133
1592 2693 1735 2751 vino
1776 2707 1871 2751 re-

218 2797 412 2855 fectos
477 2809 612 2854 esse
678 2809 714 2851 a
783 2788 1330 2849 verisimilitudine
1393 2789 1712 2856 abhorret,
1785 2791 1869 2848 ita

216 2899 282 2953 ut
341 2895 406 2952 in
461 2891 813 2959 itineribus,
875 2903 1038 2962 quae
1097 2886 1401 2945 Macarius
1457 2887 1533 2943 ad
1592 2887 1866 2946 invisen-

214 2994 329 3050 dos
384 2992 602 3049 fratres
667 2988 981 3046 interdum
1041 2983 1313 3044 faciebat
1377 2982 1487 3060 (8),
1561 2985 1624 3042 id
1696 2986 1868 3044 acci-

213 3091 380 3149 disse
430 3089 806 3146 existimem.

299 3208 322 3239 ι
364 3187 572 3245 Abbas
619 3185 920 3243 Macarius
962 3182 1116 3240 dum
1162 3180 1227 3238 in
1271 3181 1377 3238 illa
1407 3180 1764 3254 solitudine,
1799 3182 1863 3240 in

213 3300 339 3359 qua
381 3284 551 3343 solus
588 3287 747 3353 erat,
800 3285 1100 3349 maneret,
1150 3278 1413 3336 inferior
1444 3287 1650 3337 autem
1683 3281 1868 3351 plena

215 3386 384 3439 esset
427 3381 640 3438 multis
684 3378 1006 3441 fratribus,
1051 3391 1188 3434 sero
1231 3390 1346 3449 per
1390 3377 1554 3433 viam
1599 3376 1866 3436 circum-

219 3476 550 3548 spiciebat,
596 3480 658 3532 et
708 3473 864 3532 vidit
937 3473 1298 3531 daemonem
1372 3473 1722 3532 venientem
1802 3473 1866 3532 in

211 3575 417 3647 ﬁgura
470 3572 764 3638 hominis,
822 3570 1106 3629 vestitum
1159 3573 1370 3630 tunica
1418 3571 1584 3629 linea
1662 3574 1866 3645 perfo-

212 3679 372 3739 rata,
427 3676 492 3729 et
540 3684 655 3742 per
713 3670 956 3742 singula
1007 3668 1315 3727 foramina
1368 3673 1616 3728 vascula
1676 3685 1865 3742 parva

206 3769 664 3842 dependebant.
719 3768 790 3826 Et
843 3767 1000 3825 dixit
1050 3767 1147 3824 illi
1197 3781 1436 3824 senex:
1483 3768 1616 3836 Quo
1664 3769 1860 3837 vadis,

206 3863 528 3940 maligne?
557 3865 628 3924 Et
662 3864 1064 3940 responditei
1101 3882 1114 3922 :
1150 3864 1314 3923 Vado
1338 3879 1739 3924 commovere
1776 3865 1862 3945 (9)

204 3967 430 4024 fratres
471 3963 612 4036 hos,
657 3965 765 4038 qui
799 3971 942 4023 sunt
966 3964 1253 4023 inferius.
1293 3964 1402 4022 Cui
1433 3979 1622 4022 senex
1653 3966 1810 4023 dixit
1843 3984 1858 4024 :

202 4065 277 4122 Et
322 4069 581 4136 propter
609 4064 760 4135 quid
792 4066 882 4120 tot
916 4063 1169 4120 vascula
1200 4062 1324 4120 fers
1353 4067 1558 4120 tecum
1586 4060 1617 4121 ‘I
1648 4065 1726 4120 At
1756 4064 1863 4123 ille

201 4161 403 4220 dixit:
465 4161 722 4220 Gustum
788 4161 922 4220 fero
985 4161 1308 4230 fratribus,
1366 4167 1426 4218 et
1493 4161 1637 4219 ideo
1692 4167 1863 4221 tanta

203 4260 362 4328 fero,
410 4264 499 4333 ut,
528 4260 579 4317 si
621 4274 814 4318 unum
845 4257 1261 4330 displicuerit,
1302 4257 1627 4316 ostendam
1660 4260 1856 4328 aliud,

203 4363 266 4416 et
294 4358 344 4414 si
389 4359 545 4416 illud
588 4372 710 4416 non
742 4357 964 4430 placet,
1010 4357 1331 4428 porrigam
1375 4358 1546 4414 aliud
1581 4375 1597 4424 ;
1631 4363 1692 4415 et
1721 4357 1858 4416 ﬁeri

203 4470 331 4515 non
369 4461 595 4528 potest,
640 4457 759 4514 nisi
787 4469 986 4514 unum
1034 4470 1108 4512 ex
1150 4455 1303 4527 ipsis
1333 4456 1586 4528 aliquod
1619 4456 1859 4528 placeat

204 4553 303 4610 iis.
348 4555 421 4612 Et
453 4555 604 4611 haec
645 4555 858 4611 dicens
906 4553 1210 4611 discessit.
1255 4553 1599 4611 Permansit
1649 4560 1857 4613 autem

203 4666 392 4710 senex
448 4653 680 4709 iterum
733 4652 898 4708 viam
941 4651 1482 4724 circumspiciens,
1532 4667 1857 4725 usquequo

204 4751 462 4815 rediret,
523 4755 605 4820 et,
659 4764 802 4807 cum
860 4749 1114 4816 rediret,
1175 4751 1330 4808 dicit
1374 4749 1482 4806 ei:
1538 4750 1849 4808 Salveris!

201 4848 362 4907 Dicit
415 4853 476 4906 et
530 4847 637 4906 ille
685 4866 698 4907 :
754 4847 1080 4916 Quomodo
1139 4847 1305 4907 istud
1364 4848 1522 4905 mihi
1586 4849 1850 4907 verbum

270 5069 349 5138 (1)
382 5066 500 5121 vv.
543 5067 648 5123 PP.
697 5068 935 5122 aosow.
969 5065 1078 5121 lib.
1108 5067 1179 5121 111
1215 5082 1350 5139 cap.
1391 5067 1461 5122 12
1484 5084 1535 5138 p.
1565 5068 1692 5137 507,
1714 5069 1766 5122 2.

269 5157 343 5229 (2)
373 5157 526 5213 Ibid.
559 5171 694 5227 cap.
719 5155 784 5209 43
827 5171 885 5226 p.
917 5155 1043 5221 507,
1086 5155 1139 5213 2.

267 5246 347 5318 (3)
378 5245 529 5302 Ibid.
582 5261 713 5316 cap.
743 5245 813 5299 s7
841 5261 903 5316 p.
926 5245 1054 5309 513,
1084 5247 1139 5299 2.

263 5335 595 5408 (1)c1.§26
627 5350 685 5407 p.
732 5334 1012 5390 110.113.
1063 5335 1091 5406 ς
1145 5335 1219 5390 24
1259 5350 1319 5407 p.
1363 5336 1470 5392 103
1501 5349 1593 5406 sq.
1625 5335 1748 5406 gas
1787 5351 1849 5408 p.

195 5425 297 5481 116
325 5441 413 5499 sq.
450 5425 477 5498 §
508 5426 570 5480 l7
599 5440 658 5496 p.
686 5425 757 5479 65
789 5439 880 5496 sq.

265 5515 338 5588 (5)
373 5519 518 5588 Cap.
533 5515 608 5570 53
629 5514 670 5569 1.
703 5514 745 5568 1.
776 5529 835 5585 p.
874 5513 1097 5581 509,1.

265 5604 332 5673 (6)
354 5605 470 5662 vv.
501 5605 604 5661 rp.
624 5606 817 5661 nosw.
843 5603 955 5661 lib.
991 5603 1036 5659 v
1063 5602 1245 5660 libell.
1274 5603 1331 5670 1,
1361 5603 1432 5660 26
1462 5618 1521 5675 p.
1559 5602 1684 5671 569,
1717 5605 1773 5660 2.

262 5695 337 5768 (7)
361 5695 610 5754 Coteler.
635 5691 791 5749 Eccl.
824 5691 1036 5750 Graec.
1073 5695 1228 5750 Mon.
1266 5692 1331 5750 T.
1369 5692 1391 5747 Ι
1428 5708 1492 5765 p.
1530 5694 1638 5749 533
1678 5710 1727 5749 s.
1777 5709 1849 5757 v.

1982 538 2190 595 nullus
2252 537 2408 595 meis
2480 537 2762 595 consiliis
2827 536 3190 608 acquiescit.
3246 535 3313 592 Et
3367 536 3517 594 dicit
3574 535 3630 593 ei

1980 649 2213 693 senex:
2272 635 2427 707 Ergo
2475 636 2718 692 nullum
2767 634 2958 691 habes
3015 635 3287 691 amicum
3356 633 3379 692 '2
3427 637 3497 691 At
3529 634 3634 692 ille

1982 733 2303 804 respondit
2387 750 2399 787 :
2488 731 2685 790 Unum
2757 731 2956 789 habeo
3002 732 3298 802 amicum,
3349 732 3444 787 vel
3499 731 3634 803 ipse

1980 831 2286 888 consentit
2316 829 2492 896 mihi,
2536 838 2595 887 et
2649 829 2895 902 quoties
2950 843 3048 886 me
3104 829 3349 895 viderit,
3382 829 3504 887 huc
3533 836 3635 888 at-

1981 943 2103 1000 que
2133 928 2286 986 illuc
2315 930 2439 985 cito
2463 927 2866 985 convertitur.
2899 929 3176 998 Cumque
3224 941 3450 984 nomen
3495 928 3632 986 eius

1982 1027 2060 1083 ab
2089 1041 2164 1084 eo
2197 1026 2641 1097 requisivisset,
2673 1025 2779 1091 ait,
2814 1024 2961 1097 quia
2979 1025 3442 1097 Theopemptus
3473 1025 3632 1084 dici-

1980 1129 2101 1182 tur.
2156 1122 2521 1181 Discedente
2571 1124 2678 1181 illo
2728 1137 2872 1181 mox
2913 1125 3182 1180 surrexit
3213 1125 3406 1180 abbas
3432 1123 3630 1182 Maca-

1982 1221 2112 1279 rius
2131 1228 2192 1279 et
2213 1222 2533 1280 descendit
2563 1222 2638 1278 ad
2697 1221 3059 1278 inferiorem
3100 1233 3404 1278 eremum.
3453 1223 3626 1291 Quod

1979 1335 2122 1378 cum
2154 1320 2495 1377 audiissent
2521 1320 2764 1391 fratres,
2823 1318 3054 1391 egressi
3082 1325 3223 1376 sunt
3250 1317 3339 1375 illi
3376 1320 3626 1380 obviam

1980 1424 2040 1478 et
2078 1418 2508 1489 unusquisque
2551 1431 2829 1489 sperans,
2885 1416 3053 1490 quod
3113 1416 3278 1487 apud
3309 1430 3374 1474 se
3413 1431 3628 1476 mane-

1979 1523 2094 1586 ret,
2155 1516 2548 1589 praeparavit
2591 1531 2676 1574 se.
2739 1516 2810 1572 At
2863 1515 2969 1572 ille
3035 1514 3361 1587 requirens
3407 1517 3629 1574 cellam

1977 1614 2385 1686 Theopempti
2417 1614 2492 1670 ad
2525 1627 2670 1671 eum
2697 1613 3012 1684 profectus
3037 1618 3146 1670 est.
3183 1614 3462 1684 Cumque
3487 1628 3630 1672 cum

1975 1711 2403 1785 gaudioillum
2433 1713 2824 1782 suscepisset,
2894 1717 2953 1767 et
3005 1716 3208 1768 essent
3241 1711 3490 1784 utrique
3535 1713 3628 1769 si-

1977 1813 2106 1868 mul
2134 1810 2273 1880 soli,
2305 1809 2461 1867 dixit
2490 1810 2547 1866 ei
2578 1823 2765 1866 senex
2802 1830 2812 1868 :
2851 1808 3388 1877 Quemadmodum
3419 1817 3510 1866 est
3541 1815 3626 1870 te-

1975 1922 2141 1970 cum,
2199 1907 2286 1964 fili
2317 1905 2344 1961 ?
2373 1909 2444 1963 At
2471 1907 2574 1963 ille
2638 1906 2959 1978 respondit
3016 1924 3034 1962 :
3066 1906 3465 1964 Orationibus
3506 1910 3628 1966 tuis

1980 2007 2137 2063 bene
2191 2019 2353 2063 sum.
2407 2005 2474 2062 Et
2528 2004 2613 2061 ait
2661 2018 2894 2062 senex:
2964 2005 3097 2062 Non
3150 2011 3207 2060 te
3265 2003 3628 2077 impugnant

1978 2103 2382 2176 cogitationes
2489 2099 2520 2159 ‘2
2619 2103 2693 2158 At
2757 2101 2862 2158 ille
2946 2102 3266 2173 respondit
3317 2121 3332 2164 :
3386 2108 3619 2163 Interea

1982 2203 2138 2259 bene
2220 2215 2389 2258 sum.
2484 2199 2901 2257 Erubescebat
2985 2201 3153 2257 enim
3237 2204 3464 2264 dicere.
3555 2204 3627 2263 Et

1979 2299 2133 2357 dixit
2205 2299 2263 2356 ei
2339 2312 2528 2356 senex
2604 2317 2617 2356 :
2696 2297 2848 2354 Ecce
2909 2302 3061 2370 quot
3114 2315 3310 2360 annos
3365 2318 3505 2362 sum
3553 2303 3616 2361 in

1979 2396 2336 2462 solitudine,
2393 2402 2452 2453 et
2507 2396 2586 2452 ab
2637 2395 2932 2453 omnibus
2964 2397 3263 2467 honoror,
3325 2402 3475 2460 etin
3506 2403 3621 2460 hac

1980 2501 2196 2561 aetate,
2219 2509 2364 2552 cum
2385 2493 2504 2550 sim
2534 2507 2742 2556 senex,
2788 2495 3114 2553 molestant
3172 2498 3344 2569 134
3395 2514 3495 2556 me
3524 2513 3627 2558 co-

1978 2593 2305 2665 gitationes
2369 2605 2566 2649 meae.
2645 2592 2985 2663 Respondit
3056 2594 3519 2669 Theopemptus
3605 2611 3624 2657 :

1978 2691 2174 2750 Crede
2204 2689 2383 2756 mihi,
2431 2689 2614 2756 abba,
2666 2689 2813 2760 quia
2861 2689 3152 2749 similiter
3207 2699 3266 2750 et
3324 2695 3480 2752 mihi
3525 2695 3626 2752 fa-

1977 2790 2168 2848 ciunt.
2204 2789 2373 2845 Tunc
2425 2801 2615 2845 senex
2669 2787 2940 2859 singulas
2986 2790 3390 2862 cogitationes
3443 2794 3622 2866 quasi

1976 2902 2042 2944 se
2083 2888 2518 2958 impugnantes
2572 2884 2862 2958 ﬁngebat,
2921 2901 3248 2960 usquequo
3297 2895 3495 2950 totum
3529 2891 3619 2951 illi

1976 2985 2438 3057 Theopemptus
2465 2983 2887 3041 conﬁteretur.
2935 2985 3072 3042 Post
3124 2988 3275 3044 haec
3306 2988 3461 3046 dixit
3509 2990 3566 3047 ei
3600 3005 3619 3049 :

1975 3081 2513 3149 Quemadmodum
2543 3079 2782 3138 ieiunas
2815 3077 2844 3135 ?
2874 3081 2948 3138 At
2977 3082 3086 3140 ille
3115 3083 3268 3142 dicit
3292 3086 3350 3142 ei
3378 3102 3391 3142 :
3423 3087 3626 3159 Usque

1976 3177 2054 3236 ad
2099 3193 2346 3237 nonam.
2404 3177 2514 3236 Cui
2544 3191 2731 3235 senex
2760 3179 2846 3235 ait
2881 3197 2892 3234 :
2928 3180 3126 3251 Usque
3162 3182 3239 3238 ad
3297 3197 3618 3256 vesperam

1977 3277 2209 3345 ieiuna,
2243 3283 2303 3333 et
2335 3277 2413 3334 de
2463 3275 2796 3348 Evangelio
2828 3278 2922 3334 vel
2962 3279 3040 3334 de
3089 3278 3230 3337 aliis
3286 3281 3625 3354 Scripturis

1977 3375 2109 3433 sine
2157 3373 2498 3433 cessatione
2550 3387 2801 3445 semper
2848 3375 3087 3448 aliquid
3141 3379 3446 3438 meditare
3487 3397 3502 3450 ;
3563 3387 3624 3440 et

1975 3474 2219 3547 quoties
2247 3473 2359 3530 tibi
2414 3471 2623 3546 aliqua
2679 3472 3003 3531 immunda
3057 3477 3351 3548 cogitatio
3403 3493 3623 3552 super-

1975 3572 2233 3644 venerit,
2267 3585 2585 3643 nunquam
2639 3571 2933 3629 deorsum
2981 3573 3268 3647 aspicias,
3323 3577 3433 3634 sed
3481 3591 3627 3635 sur-

1976 3685 2138 3736 sum,
2162 3676 2223 3728 et
2248 3684 2393 3728 mox
2422 3670 2717 3727 Dominus
2769 3668 2882 3726 tibi
2941 3669 3188 3730 adiutor
3218 3678 3328 3732 est.
3365 3674 3432 3731 Et
3476 3689 3623 3734 mox

1974 3770 2059 3827 ita
2083 3768 2368 3826 discessit
2419 3768 2612 3825 abbas
2667 3767 2970 3826 Macarius
3025 3772 3089 3826 in
3119 3773 3446 3844 propriam
3472 3774 3620 3832 soli-

1973 3867 2274 3925 tudinem.
2309 3866 2668 3938 lterumque
2719 3866 2883 3922 viam
2913 3867 3428 3940 circumspiciens
3466 3872 3622 3931 vidit

1974 3965 2342 4022 daemonem
2396 3963 2782 4031 redeuntem,
2842 3970 2903 4021 et
2956 3966 3222 4037 requirit
3260 3983 3450 4026 eum:
3485 3969 3618 4038 Quo

1973 4063 2146 4120 vadis
2173 4061 2201 4117 ?
2244 4063 2321 4117 At
2370 4060 2478 4118 ille
2516 4061 2885 4132 respondit:
2943 4062 3146 4120 Simili
3201 4066 3389 4122 modo
3438 4080 3624 4124 com-

1972 4174 2224 4218 movere
2238 4158 2288 4235 (i
2305 4156 2364 4232 0)
2392 4158 2635 4216 fratres.
2657 4160 2810 4216 Cum
2831 4166 3040 4216 autem
3067 4168 3506 4231 reverteretur,
3527 4178 3623 4222 re-

1969 4257 2226 4332 quisivit
2298 4271 2465 4327 eum,
2522 4258 3055 4328 quemadmodum
3100 4267 3350 4330 agerent
3369 4260 3618 4320 fratres.

1972 4356 2181 4414 Atille
2236 4353 2440 4412 dixit:
2502 4355 2679 4421 Male,
2737 4354 3037 4427 quoniam
3084 4371 3303 4415 omnes
3350 4365 3620 4432 agrestes

1969 4453 2169 4512 eﬁecti
2225 4458 2388 4520 sunt,
2448 4457 2528 4519 et,
2577 4452 2745 4525 quod
2797 4453 2875 4510 de
2930 4454 3228 4513 omnibus
3263 4458 3445 4528 peius
3498 4463 3615 4525 est,

1966 4567 2112 4610 eum
2182 4566 2371 4624 quem
2455 4551 2644 4608 habui
2738 4551 3010 4609 amicum
3086 4559 3146 4610 et
3219 4555 3617 4613 obedientem

1966 4651 2146 4719 mihi,
2207 4649 2338 4720 ipse
2389 4649 2599 4706 nescio
2642 4649 2961 4721 quomodo
3006 4665 3344 4709 conversus
3390 4658 3505 4726 est,
3554 4659 3618 4712 et

1966 4747 2261 4806 omnibus
2298 4745 2569 4818 amplius
2614 4746 2899 4818 asperior
2953 4748 3107 4806 mihi
3166 4750 3335 4807 visus
3386 4755 3494 4811 est.
3547 4752 3617 4810 Et

1965 4844 2212 4917 iuravit,
2275 4859 2398 4902 non
2457 4844 2546 4901 ibi
2603 4845 2923 4916 accedere,
2985 4846 3105 4905 nisi
3166 4855 3305 4920 post
3344 4852 3613 4909 multum

1962 5065 2271 5122 Macarius
2304 5064 2633 5134 Aegyptius
2658 5062 2682 5123 ἓ
2706 5065 2759 5118 Χ
2794 5064 2990 5134 ;infra
3033 5066 3093 5122 in
3133 5067 3352 5122 harum
3391 5069 3616 5133 Quaes-

1964 5157 2195 5212 tionum
2222 5153 2564 5225 Appendice
2587 5153 2774 5209 altera
2803 5153 2918 5210 sub
2957 5155 3049 5210 Ill.

2033 5245 2108 5317 (8)
2130 5244 2224 5299 Sic
2258 5243 2588 5299 monachos
2604 5242 2821 5300 Nitriae
2842 5244 3136 5301 Macarius
3166 5248 3496 5319 Aegyptius
3521 5247 3616 5304 in-

1959 5335 2150 5391 visere
2181 5333 2427 5389 solebat.
2471 5333 2552 5387 Ct'.
2571 5332 2775 5404 iufra§
2805 5333 2896 5389 34.

2031 5424 2107 5494 (9)
2140 5422 2253 5489 Sic,
2285 5421 2441 5479 facili
2456 5420 2631 5493 lapsu
2659 5437 2766 5492 pro
2803 5437 3180 5491 oommonere,
3215 5428 3278 5480 ut
3300 5428 3386 5480 est
3421 5425 3484 5481 in
3503 5425 3617 5485 lib.

1959 5514 2081 5569 VIII
2111 5529 2244 5584 cap.
2272 5514 2320 5580 t,
2344 5511 2402 5570 8.
2434 5512 2575 5567 Cod.
2594 5512 2765 5568 Corb.
2799 5529 3167 5571 commonere
3181 5519 3237 5570 et
3257 5515 3611 5573 admonere.

1961 5603 2043 5660 Cf.
2072 5601 2322 5660 Coteler.
2374 5601 2526 5657 Eccl.
2569 5601 2775 5659 Graec.
2798 5605 2949 5659 Mon.
2977 5606 3037 5659 T.
3068 5604 3091 5658 i
3129 5619 3190 5676 p.
3212 5604 3317 5659 813
3347 5603 3426 5662 ad
3458 5603 3531 5664 h.
3562 5603 3612 5664 1ο

2030 5693 2144 5764 (10)
2167 5692 2258 5748 Sic
2282 5706 2393 5764 pro
2423 5704 2808 5749 commonere.
