  <div class='ocr_page' id='page_1' title='image "/cluster/home/n/w/nwhite01/storage/ocr_20150623/34/mdp.39015041165401/075.png"; bbox 0 0 4092 6256; ppageno 0'>
   <div class='ocr_carea' id='block_1_1' title="bbox 488 327 587 383">
    <p class='ocr_par' dir='ltr' id='par_1_1' title="bbox 488 327 587 383">
     <span class='ocr_line' id='line_1_1' title="bbox 488 327 587 383; baseline -0.02 0"><span class='ocrx_word' id='word_1_1' title='bbox 488 327 587 383; x_wconf 75' lang='lat'>121</span> 
     </span>
    </p>
   </div>
   <div class='ocr_carea' id='block_1_2' title="bbox 1354 283 3024 370">
    <p class='ocr_par' dir='ltr' id='par_1_2' title="bbox 1354 283 3024 370">
     <span class='ocr_line' id='line_1_2' title="bbox 1354 283 3024 370; baseline -0.008 0"><span class='ocrx_word' id='word_1_2' title='bbox 1354 313 1459 370; x_wconf 86' lang='lat' dir='ltr'>ss.</span> <span class='ocrx_word' id='word_1_3' title='bbox 1502 296 1995 367; x_wconf 79' lang='lat' dir='ltr'>MACARIORUM</span> <span class='ocrx_word' id='word_1_4' title='bbox 2035 283 2369 354; x_wconf 75' lang='lat' dir='ltr'>AEGYPTH</span> <span class='ocrx_word' id='word_1_5' title='bbox 2409 304 2494 359; x_wconf 89' lang='lat' dir='ltr'><strong>ET</strong></span> <span class='ocrx_word' id='word_1_6' title='bbox 2534 300 3024 359; x_wconf 85' lang='lat' dir='ltr'>ALEXANDRIN.</span> 
     </span>
    </p>
   </div>
   <div class='ocr_carea' id='block_1_3' title="bbox 3786 292 3891 347">
    <p class='ocr_par' dir='ltr' id='par_1_3' title="bbox 3786 292 3891 347">
     <span class='ocr_line' id='line_1_3' title="bbox 3786 292 3891 347; baseline 0 -1"><span class='ocrx_word' id='word_1_7' title='bbox 3786 292 3891 347; x_wconf 72' lang='grc'>128</span> 
     </span>
    </p>
   </div>
   <div class='ocr_carea' id='block_1_4' title="bbox 485 418 3892 527">
    <p class='ocr_par' dir='ltr' id='par_1_4' title="bbox 485 418 3892 527">
     <span class='ocr_line' id='line_1_4' title="bbox 485 418 3892 527; baseline -0.01 -13"><span class='ocrx_word' id='word_1_8' title='bbox 485 462 757 527; x_wconf 90' lang='lat' dir='ltr'>tempus,</span> <span class='ocrx_word' id='word_1_9' title='bbox 785 456 847 508; x_wconf 92' lang='lat' dir='ltr'>et</span> <span class='ocrx_word' id='word_1_10' title='bbox 876 450 1026 507; x_wconf 81' lang='lat' dir='ltr'>haec</span> <span class='ocrx_word' id='word_1_11' title='bbox 1074 445 1286 504; x_wconf 88' lang='lat' dir='ltr'>dicens</span> <span class='ocrx_word' id='word_1_12' title='bbox 1341 440 1620 499; x_wconf 85' lang='lat' dir='ltr'>discessit</span> <span class='ocrx_word' id='word_1_13' title='bbox 1651 434 1763 513; x_wconf 84' lang='lat'>(1).</span> <span class='ocrx_word' id='word_1_14' title='bbox 1828 452 1859 488; x_wconf 83' lang='lat'>»</span> <span class='ocrx_word' id='word_1_15' title='bbox 1894 424 2121 527; x_wconf 59' lang='lat' dir='ltr'>Eadein</span> <span class='ocrx_word' id='word_1_16' title='bbox 2156 418 2199 471; x_wconf 83' lang='grc' dir='ltr'>Α</span> <span class='ocrx_word' id='word_1_17' title='bbox 2233 423 2417 488; x_wconf 85' lang='lat' dir='ltr'>editis</span> <span class='ocrx_word' id='word_1_18' title='bbox 2441 430 2592 509; x_wconf 71' lang='grc'><strong>(14).</strong></span> <span class='ocrx_word' id='word_1_19' title='bbox 2630 432 2853 491; x_wconf 89' lang='lat' dir='ltr'>Fusius</span> <span class='ocrx_word' id='word_1_20' title='bbox 2898 436 3103 489; x_wconf 87' lang='lat' dir='ltr'>tamen</span> <span class='ocrx_word' id='word_1_21' title='bbox 3147 427 3365 485; x_wconf 91' lang='lat' dir='ltr'>eadem</span> <span class='ocrx_word' id='word_1_22' title='bbox 3405 438 3504 483; x_wconf 88' lang='lat' dir='ltr'>res</span> <span class='ocrx_word' id='word_1_23' title='bbox 3540 423 3659 481; x_wconf 89' lang='lat' dir='ltr'>hoc</span> <span class='ocrx_word' id='word_1_24' title='bbox 3690 423 3892 482; x_wconf 83' lang='lat' dir='ltr'>altero</span> 
     </span>
    </p>
   </div>
   <div class='ocr_carea' id='block_1_5' title="bbox 486 522 2124 620">
    <p class='ocr_par' dir='ltr' id='par_1_5' title="bbox 486 522 2124 620">
     <span class='ocr_line' id='line_1_5' title="bbox 486 522 2124 620; baseline -0.021 -9"><span class='ocrx_word' id='word_1_25' title='bbox 486 553 548 611; x_wconf 90' lang='lat' dir='ltr'>in</span> <span class='ocrx_word' id='word_1_26' title='bbox 618 522 785 609; x_wconf 84' lang='lat' dir='ltr'>libro</span> <span class='ocrx_word' id='word_1_27' title='bbox 856 547 1075 620; x_wconf 91' lang='lat' dir='ltr'>quinto</span> <span class='ocrx_word' id='word_1_28' title='bbox 1147 541 1257 619; x_wconf 92' lang='lat'>(2),</span> <span class='ocrx_word' id='word_1_29' title='bbox 1303 547 1363 599; x_wconf 92' lang='lat' dir='ltr'>et</span> <span class='ocrx_word' id='word_1_30' title='bbox 1427 537 1697 611; x_wconf 90' lang='lat' dir='ltr'>septimo</span> <span class='ocrx_word' id='word_1_31' title='bbox 1746 530 1856 609; x_wconf 92' lang='lat'>(3),</span> <span class='ocrx_word' id='word_1_32' title='bbox 1916 522 1978 586; x_wconf 78' lang='lat' dir='ltr'>ei</span> <span class='ocrx_word' id='word_1_33' title='bbox 2061 523 2124 580; x_wconf 88' lang='lat' dir='ltr'>in</span> 
     </span>
    </p>
   </div>
   <div class='ocr_carea' id='block_1_6' title="bbox 486 624 2124 722">
    <p class='ocr_par' dir='ltr' id='par_1_6' title="bbox 486 624 2124 722">
     <span class='ocr_line' id='line_1_6' title="bbox 486 624 2124 722; baseline -0.019 -13"><span class='ocrx_word' id='word_1_34' title='bbox 486 643 1037 722; x_wconf 85' lang='lat' dir='ltr'>Apophthegmatis</span> <span class='ocrx_word' id='word_1_35' title='bbox 1107 657 1141 699; x_wconf 92' lang='lat' dir='ltr'>a</span> <span class='ocrx_word' id='word_1_36' title='bbox 1229 636 1535 697; x_wconf 90' lang='lat' dir='ltr'>Cotelerio</span> <span class='ocrx_word' id='word_1_37' title='bbox 1627 631 1812 690; x_wconf 84' lang='lat' dir='ltr'>editis</span> <span class='ocrx_word' id='word_1_38' title='bbox 1864 624 2124 685; x_wconf 90' lang='lat' dir='ltr'>tradun-</span> 
     </span>
    </p>
   </div>
   <div class='ocr_carea' id='block_1_7' title="bbox 484 733 2127 823">
    <p class='ocr_par' dir='ltr' id='par_1_7' title="bbox 484 733 2127 823">
     <span class='ocr_line' id='line_1_7' title="bbox 484 733 2127 823; baseline -0.018 -16"><span class='ocrx_word' id='word_1_39' title='bbox 484 752 586 806; x_wconf 90' lang='lat' dir='ltr'>tur</span> <span class='ocrx_word' id='word_1_40' title='bbox 641 744 752 823; x_wconf 69' lang='lat' dir='ltr'>(li),</span> <span class='ocrx_word' id='word_1_41' title='bbox 828 745 943 801; x_wconf 90' lang='lat' dir='ltr'>hoc</span> <span class='ocrx_word' id='word_1_42' title='bbox 1012 739 1269 813; x_wconf 89' lang='lat' dir='ltr'>quidem</span> <span class='ocrx_word' id='word_1_43' title='bbox 1329 733 1716 803; x_wconf 89' lang='lat' dir='ltr'>discrimine,</span> <span class='ocrx_word' id='word_1_44' title='bbox 1775 733 1843 786; x_wconf 92' lang='lat' dir='ltr'>ut</span> <span class='ocrx_word' id='word_1_45' title='bbox 1905 735 2127 782; x_wconf 88' lang='lat' dir='ltr'>mona-</span> 
     </span>
    </p>
   </div>
   <div class='ocr_carea' id='block_1_8' title="bbox 482 816 2127 913">
    <p class='ocr_par' dir='ltr' id='par_1_8' title="bbox 482 816 2127 913">
     <span class='ocr_line' id='line_1_8' title="bbox 482 816 2127 913; baseline -0.019 -8"><span class='ocrx_word' id='word_1_46' title='bbox 482 847 636 905; x_wconf 88' lang='lat' dir='ltr'>chus</span> <span class='ocrx_word' id='word_1_47' title='bbox 654 816 766 903; x_wconf 83' lang='lat' dir='ltr'>ille</span> <span class='ocrx_word' id='word_1_48' title='bbox 806 843 867 900; x_wconf 88' lang='lat' dir='ltr'>in</span> <span class='ocrx_word' id='word_1_49' title='bbox 922 840 1139 913; x_wconf 91' lang='lat' dir='ltr'>quinto</span> <span class='ocrx_word' id='word_1_50' title='bbox 1179 832 1549 899; x_wconf 79' lang='lat' dir='ltr'>Theoctistus,</span> <span class='ocrx_word' id='word_1_51' title='bbox 1610 831 1672 888; x_wconf 91' lang='lat' dir='ltr'>in</span> <span class='ocrx_word' id='word_1_52' title='bbox 1704 827 1994 898; x_wconf 80' lang='lat' dir='ltr'>septimo,</span> <span class='ocrx_word' id='word_1_53' title='bbox 2018 816 2127 891; x_wconf 91' lang='lat' dir='ltr'>qui</span> 
     </span>
    </p>
   </div>
   <div class='ocr_carea' id='block_1_9' title="bbox 481 926 2125 1003">
    <p class='ocr_par' dir='ltr' id='par_1_9' title="bbox 481 926 2125 1003">
     <span class='ocr_line' id='line_1_9' title="bbox 481 926 2125 1003; baseline -0.019 0"><span class='ocrx_word' id='word_1_54' title='bbox 481 949 757 1003; x_wconf 91' lang='lat' dir='ltr'>ceterum</span> <span class='ocrx_word' id='word_1_55' title='bbox 815 953 957 997; x_wconf 92' lang='lat' dir='ltr'>cum</span> <span class='ocrx_word' id='word_1_56' title='bbox 1015 936 1179 993; x_wconf 91' lang='lat' dir='ltr'>libro</span> <span class='ocrx_word' id='word_1_57' title='bbox 1236 932 1421 991; x_wconf 91' lang='lat' dir='ltr'>tertio</span> <span class='ocrx_word' id='word_1_58' title='bbox 1478 930 1552 987; x_wconf 90' lang='lat' dir='ltr'>ad</span> <span class='ocrx_word' id='word_1_59' title='bbox 1603 926 1863 985; x_wconf 81' lang='lat' dir='ltr'>verbum</span> <span class='ocrx_word' id='word_1_60' title='bbox 1908 931 2125 978; x_wconf 88' lang='lat' dir='ltr'>conve-</span> 
     </span>
    </p>
   </div>
   <div class='ocr_carea' id='block_1_10' title="bbox 477 1018 2129 1112">
    <p class='ocr_par' dir='ltr' id='par_1_10' title="bbox 477 1018 2129 1112">
     <span class='ocr_line' id='line_1_10' title="bbox 477 1018 2129 1112; baseline -0.019 -10"><span class='ocrx_word' id='word_1_61' title='bbox 477 1043 614 1102; x_wconf 91' lang='lat' dir='ltr'>nire</span> <span class='ocrx_word' id='word_1_62' title='bbox 660 1039 817 1098; x_wconf 91' lang='lat' dir='ltr'>solet</span> <span class='ocrx_word' id='word_1_63' title='bbox 876 1034 987 1112; x_wconf 81' lang='lat'>(5),</span> <span class='ocrx_word' id='word_1_64' title='bbox 1042 1029 1364 1110; x_wconf 79' lang='lat' dir='ltr'>Theopistus</span> <span class='ocrx_word' id='word_1_65' title='bbox 1416 1033 1721 1090; x_wconf 85' lang='lat' dir='ltr'>vocetur;</span> <span class='ocrx_word' id='word_1_66' title='bbox 1783 1020 1915 1080; x_wconf 91' lang='lat' dir='ltr'>sola</span> <span class='ocrx_word' id='word_1_67' title='bbox 1968 1018 2129 1087; x_wconf 84' lang='lat' dir='ltr'>Apo-</span> 
     </span>
    </p>
   </div>
   <div class='ocr_carea' id='block_1_11' title="bbox 477 1117 2128 1213">
    <p class='ocr_par' dir='ltr' id='par_1_11' title="bbox 477 1117 2128 1213">
     <span class='ocr_line' id='line_1_11' title="bbox 477 1117 2128 1213; baseline -0.02 -14"><span class='ocrx_word' id='word_1_68' title='bbox 477 1139 874 1213; x_wconf 87' lang='lat' dir='ltr'>phtbegmata</span> <span class='ocrx_word' id='word_1_69' title='bbox 957 1147 1098 1191; x_wconf 91' lang='lat' dir='ltr'>eum</span> <span class='ocrx_word' id='word_1_70' title='bbox 1184 1130 1349 1188; x_wconf 90' lang='lat' dir='ltr'>libro</span> <span class='ocrx_word' id='word_1_71' title='bbox 1434 1124 1617 1184; x_wconf 88' lang='lat' dir='ltr'>tertio</span> <span class='ocrx_word' id='word_1_72' title='bbox 1705 1117 2128 1193; x_wconf 78' lang='lat' dir='ltr'>Theopemptum</span> 
     </span>
    </p>
   </div>
   <div class='ocr_carea' id='block_1_12' title="bbox 480 1212 2128 1311">
    <p class='ocr_par' dir='ltr' id='par_1_12' title="bbox 480 1212 2128 1311">
     <span class='ocr_line' id='line_1_12' title="bbox 480 1212 2128 1311; baseline -0.019 -15"><span class='ocrx_word' id='word_1_73' title='bbox 480 1235 819 1311; x_wconf 87' lang='lat' dir='ltr'>appellant.</span> <span class='ocrx_word' id='word_1_74' title='bbox 856 1233 1048 1291; x_wconf 89' lang='lat' dir='ltr'>Porro</span> <span class='ocrx_word' id='word_1_75' title='bbox 1079 1231 1142 1287; x_wconf 91' lang='lat' dir='ltr'>in</span> <span class='ocrx_word' id='word_1_76' title='bbox 1175 1224 1549 1285; x_wconf 81' lang='lat' dir='ltr'>narrationis</span> <span class='ocrx_word' id='word_1_77' title='bbox 1597 1219 1743 1278; x_wconf 87' lang='lat' dir='ltr'>libri</span> <span class='ocrx_word' id='word_1_78' title='bbox 1775 1214 1974 1290; x_wconf 82' lang='lat' dir='ltr'>quinti</span> <span class='ocrx_word' id='word_1_79' title='bbox 2009 1212 2128 1268; x_wconf 89' lang='lat' dir='ltr'>fine</span> 
     </span>
    </p>
   </div>
   <div class='ocr_carea' id='block_1_13' title="bbox 480 1310 2127 1408">
    <p class='ocr_par' dir='ltr' id='par_1_13' title="bbox 480 1310 2127 1408">
     <span class='ocr_line' id='line_1_13' title="bbox 480 1310 2127 1408; baseline -0.018 -14"><span class='ocrx_word' id='word_1_80' title='bbox 480 1336 632 1408; x_wconf 91' lang='lat' dir='ltr'>legis</span> <span class='ocrx_word' id='word_1_81' title='bbox 667 1350 679 1389; x_wconf 93' lang='lat'>:</span> <span class='ocrx_word' id='word_1_82' title='bbox 735 1350 766 1386; x_wconf 76' lang='grc' dir='ltr'>α</span> <span class='ocrx_word' id='word_1_83' title='bbox 808 1329 1008 1389; x_wconf 82' lang='lat' dir='ltr'>Senex</span> <span class='ocrx_word' id='word_1_84' title='bbox 1040 1340 1186 1384; x_wconf 89' lang='lat' dir='ltr'>vero</span> <span class='ocrx_word' id='word_1_85' title='bbox 1236 1328 1485 1382; x_wconf 89' lang='lat' dir='ltr'>sanctus</span> <span class='ocrx_word' id='word_1_86' title='bbox 1531 1317 1783 1377; x_wconf 86' lang='lat' dir='ltr'>intravit</span> <span class='ocrx_word' id='word_1_87' title='bbox 1812 1314 1876 1372; x_wconf 90' lang='lat' dir='ltr'>in</span> <span class='ocrx_word' id='word_1_88' title='bbox 1906 1310 2127 1369; x_wconf 86' lang='lat' dir='ltr'>cellam</span> 
     </span>
    </p>
   </div>
   <div class='ocr_carea' id='block_1_14' title="bbox 479 1408 2128 1496">
    <p class='ocr_par' dir='ltr' id='par_1_14' title="bbox 479 1408 2128 1496">
     <span class='ocr_line' id='line_1_14' title="bbox 479 1408 2128 1496; baseline -0.018 -4"><span class='ocrx_word' id='word_1_89' title='bbox 479 1447 657 1492; x_wconf 82' lang='lat' dir='ltr'>suam</span> <span class='ocrx_word' id='word_1_90' title='bbox 728 1430 993 1488; x_wconf 90' lang='lat' dir='ltr'>adorans</span> <span class='ocrx_word' id='word_1_91' title='bbox 1060 1430 1121 1484; x_wconf 92' lang='lat' dir='ltr'>et</span> <span class='ocrx_word' id='word_1_92' title='bbox 1186 1422 1415 1496; x_wconf 81' lang='lat' dir='ltr'>gratias</span> <span class='ocrx_word' id='word_1_93' title='bbox 1483 1432 1668 1491; x_wconf 80' lang='lat' dir='ltr'>agens</span> <span class='ocrx_word' id='word_1_94' title='bbox 1737 1416 1859 1473; x_wconf 91' lang='lat' dir='ltr'>Deo</span> <span class='ocrx_word' id='word_1_95' title='bbox 1927 1408 2128 1467; x_wconf 85' lang='lat' dir='ltr'>Salva-</span> 
     </span>
    </p>
   </div>
   <div class='ocr_carea' id='block_1_15' title="bbox 475 1506 2123 1598">
    <p class='ocr_par' dir='ltr' id='par_1_15' title="bbox 475 1506 2123 1598">
     <span class='ocr_line' id='line_1_15' title="bbox 475 1506 2123 1598; baseline -0.018 -9"><span class='ocrx_word' id='word_1_96' title='bbox 475 1530 620 1598; x_wconf 89' lang='lat' dir='ltr'>tori,</span> <span class='ocrx_word' id='word_1_97' title='bbox 657 1548 688 1584; x_wconf 85' lang='lat'>»</span> <span class='ocrx_word' id='word_1_98' title='bbox 721 1528 783 1585; x_wconf 89' lang='lat' dir='ltr'>in</span> <span class='ocrx_word' id='word_1_99' title='bbox 843 1518 1395 1597; x_wconf 85' lang='lat' dir='ltr'>Apophthegmatis</span> <span class='ocrx_word' id='word_1_100' title='bbox 1426 1534 1439 1575; x_wconf 91' lang='lat'><strong>:</strong></span> <span class='ocrx_word' id='word_1_101' title='bbox 1476 1539 1503 1569; x_wconf 84' lang='grc'><em>‹‹</em></span> <span class='ocrx_word' id='word_1_102' title='bbox 1536 1515 1707 1573; x_wconf 90' lang='lat' dir='ltr'>Tunc</span> <span class='ocrx_word' id='word_1_103' title='bbox 1750 1512 1997 1569; x_wconf 90' lang='lat' dir='ltr'>sanctus</span> <span class='ocrx_word' id='word_1_104' title='bbox 2029 1506 2123 1562; x_wconf 87' lang='lat' dir='ltr'>in-</span> 
     </span>
    </p>
   </div>
   <div class='ocr_carea' id='block_1_16' title="bbox 474 1606 2125 1688">
    <p class='ocr_par' dir='ltr' id='par_1_16' title="bbox 474 1606 2125 1688">
     <span class='ocr_line' id='line_1_16' title="bbox 474 1606 2125 1688; baseline -0.018 -1"><span class='ocrx_word' id='word_1_105' title='bbox 474 1628 665 1688; x_wconf 90' lang='lat' dir='ltr'>travit</span> <span class='ocrx_word' id='word_1_106' title='bbox 688 1627 750 1684; x_wconf 91' lang='lat' dir='ltr'>in</span> <span class='ocrx_word' id='word_1_107' title='bbox 792 1624 1012 1683; x_wconf 88' lang='lat' dir='ltr'>cellam</span> <span class='ocrx_word' id='word_1_108' title='bbox 1045 1634 1242 1679; x_wconf 90' lang='lat' dir='ltr'>suam.</span> <span class='ocrx_word' id='word_1_109' title='bbox 1282 1637 1310 1671; x_wconf 76' lang='grc' dir='ltr'><strong>υ</strong></span> <span class='ocrx_word' id='word_1_110' title='bbox 1338 1618 1484 1677; x_wconf 86' lang='lat' dir='ltr'>Uter</span> <span class='ocrx_word' id='word_1_111' title='bbox 1532 1626 1680 1671; x_wconf 91' lang='lat' dir='ltr'>vero</span> <span class='ocrx_word' id='word_1_112' title='bbox 1712 1606 2125 1668; x_wconf 90' lang='lat' dir='ltr'>Macariorum</span> 
     </span>
    </p>
   </div>
   <div class='ocr_carea' id='block_1_17' title="bbox 476 1708 2125 1798">
    <p class='ocr_par' dir='ltr' id='par_1_17' title="bbox 476 1708 2125 1798">
     <span class='ocr_line' id='line_1_17' title="bbox 476 1708 2125 1798; baseline -0.017 -13"><span class='ocrx_word' id='word_1_113' title='bbox 476 1726 873 1798; x_wconf 82' lang='lat' dir='ltr'>intelligatur,</span> <span class='ocrx_word' id='word_1_114' title='bbox 919 1721 1129 1778; x_wconf 88' lang='lat' dir='ltr'>dicere</span> <span class='ocrx_word' id='word_1_115' title='bbox 1198 1716 1453 1775; x_wconf 87' lang='lat' dir='ltr'>haesito.</span> <span class='ocrx_word' id='word_1_116' title='bbox 1519 1708 2125 1784; x_wconf 89' lang='lat' dir='ltr'>Apophthegmatum</span> 
     </span>
    </p>
   </div>
   <div class='ocr_carea' id='block_1_18' title="bbox 476 1804 2121 1899">
    <p class='ocr_par' dir='ltr' id='par_1_18' title="bbox 476 1804 2121 1899">
     <span class='ocr_line' id='line_1_18' title="bbox 476 1804 2121 1899; baseline -0.018 -15"><span class='ocrx_word' id='word_1_117' title='bbox 476 1825 732 1899; x_wconf 90' lang='lat' dir='ltr'>quidem</span> <span class='ocrx_word' id='word_1_118' title='bbox 781 1820 1155 1892; x_wconf 88' lang='lat' dir='ltr'>compilator</span> <span class='ocrx_word' id='word_1_119' title='bbox 1188 1813 1524 1874; x_wconf 87' lang='lat' dir='ltr'>Macarium</span> <span class='ocrx_word' id='word_1_120' title='bbox 1589 1804 1957 1878; x_wconf 82' lang='lat' dir='ltr'>Aegyptium</span> <span class='ocrx_word' id='word_1_121' title='bbox 2008 1814 2121 1881; x_wconf 92' lang='lat' dir='ltr'>ag-</span> 
     </span>
    </p>
   </div>
   <div class='ocr_carea' id='block_1_19' title="bbox 476 1898 2128 1991">
    <p class='ocr_par' dir='ltr' id='par_1_19' title="bbox 476 1898 2128 1991">
     <span class='ocr_line' id='line_1_19' title="bbox 476 1898 2128 1991; baseline -0.017 -10"><span class='ocrx_word' id='word_1_122' title='bbox 476 1898 667 1981; x_wconf 82' lang='lat' dir='ltr'>novit.</span> <span class='ocrx_word' id='word_1_123' title='bbox 704 1921 824 1978; x_wconf 88' lang='lat' dir='ltr'>Nec</span> <span class='ocrx_word' id='word_1_124' title='bbox 873 1931 1130 1991; x_wconf 89' lang='lat' dir='ltr'>prorsus</span> <span class='ocrx_word' id='word_1_125' title='bbox 1186 1911 1504 1970; x_wconf 89' lang='lat' dir='ltr'>immerito</span> <span class='ocrx_word' id='word_1_126' title='bbox 1550 1926 1561 1977; x_wconf 89' lang='lat'><strong>;</strong></span> <span class='ocrx_word' id='word_1_127' title='bbox 1605 1906 1776 1979; x_wconf 85' lang='lat'>135</span> <span class='ocrx_word' id='word_1_128' title='bbox 1827 1915 1970 1960; x_wconf 90' lang='lat' dir='ltr'>nam</span> <span class='ocrx_word' id='word_1_129' title='bbox 2003 1898 2128 1955; x_wconf 91' lang='lat' dir='ltr'>Ma-</span> 
     </span>
    </p>
   </div>
   <div class='ocr_carea' id='block_1_20' title="bbox 477 2008 2125 2089">
    <p class='ocr_par' dir='ltr' id='par_1_20' title="bbox 477 2008 2125 2089">
     <span class='ocr_line' id='line_1_20' title="bbox 477 2008 2125 2089; baseline -0.018 -10"><span class='ocrx_word' id='word_1_130' title='bbox 477 2019 685 2081; x_wconf 86' lang='lat' dir='ltr'>carius</span> <span class='ocrx_word' id='word_1_131' title='bbox 740 2015 1076 2089; x_wconf 87' lang='lat' dir='ltr'>Aegyptius</span> <span class='ocrx_word' id='word_1_132' title='bbox 1116 2010 1335 2085; x_wconf 85' lang='lat' dir='ltr'>procul</span> <span class='ocrx_word' id='word_1_133' title='bbox 1379 2008 1769 2079; x_wconf 88' lang='lat' dir='ltr'>aliquantum</span> <span class='ocrx_word' id='word_1_134' title='bbox 1817 2016 1850 2056; x_wconf 93' lang='lat' dir='ltr'>a</span> <span class='ocrx_word' id='word_1_135' title='bbox 1909 2008 2125 2054; x_wconf 90' lang='lat' dir='ltr'>mona-</span> 
     </span>
    </p>
   </div>
   <div class='ocr_carea' id='block_1_21' title="bbox 481 2093 2132 2188">
    <p class='ocr_par' dir='ltr' id='par_1_21' title="bbox 481 2093 2132 2188">
     <span class='ocr_line' id='line_1_21' title="bbox 481 2093 2132 2188; baseline -0.017 -12"><span class='ocrx_word' id='word_1_136' title='bbox 481 2118 636 2184; x_wconf 89' lang='lat' dir='ltr'>chis,</span> <span class='ocrx_word' id='word_1_137' title='bbox 711 2112 941 2188; x_wconf 91' lang='lat' dir='ltr'>quibus</span> <span class='ocrx_word' id='word_1_138' title='bbox 1042 2111 1351 2182; x_wconf 85' lang='lat' dir='ltr'>praeerat,</span> <span class='ocrx_word' id='word_1_139' title='bbox 1449 2102 1756 2160; x_wconf 84' lang='lat' dir='ltr'>habitasse</span> <span class='ocrx_word' id='word_1_140' title='bbox 1839 2093 2132 2168; x_wconf 89' lang='lat' dir='ltr'>perhibe-</span> 
     </span>
    </p>
   </div>
   <div class='ocr_carea' id='block_1_22' title="bbox 482 2190 2129 2289">
    <p class='ocr_par' dir='ltr' id='par_1_22' title="bbox 482 2190 2129 2289">
     <span class='ocr_line' id='line_1_22' title="bbox 482 2190 2129 2289; baseline -0.017 -15"><span class='ocrx_word' id='word_1_141' title='bbox 482 2221 584 2274; x_wconf 89' lang='lat' dir='ltr'>tur</span> <span class='ocrx_word' id='word_1_142' title='bbox 650 2210 765 2289; x_wconf 95' lang='lat'>(6).</span> <span class='ocrx_word' id='word_1_143' title='bbox 857 2211 931 2268; x_wconf 81' lang='lat' dir='ltr'>At</span> <span class='ocrx_word' id='word_1_144' title='bbox 1000 2221 1203 2266; x_wconf 90' lang='lat' dir='ltr'>nonne</span> <span class='ocrx_word' id='word_1_145' title='bbox 1250 2205 1325 2262; x_wconf 91' lang='lat' dir='ltr'>de</span> <span class='ocrx_word' id='word_1_146' title='bbox 1385 2200 1651 2260; x_wconf 89' lang='lat' dir='ltr'>Macario</span> <span class='ocrx_word' id='word_1_147' title='bbox 1711 2190 2129 2253; x_wconf 83' lang='lat' dir='ltr'>Alexandrino</span> 
     </span>
    </p>
   </div>
   <div class='ocr_carea' id='block_1_23' title="bbox 482 2291 2126 2380">
    <p class='ocr_par' dir='ltr' id='par_1_23' title="bbox 482 2291 2126 2380">
     <span class='ocr_line' id='line_1_23' title="bbox 482 2291 2126 2380; baseline -0.016 -9"><span class='ocrx_word' id='word_1_148' title='bbox 482 2311 861 2371; x_wconf 88' lang='lat' dir='ltr'>Cellularum</span> <span class='ocrx_word' id='word_1_149' title='bbox 893 2301 1441 2380; x_wconf 88' lang='lat' dir='ltr'>presbyteroidem</span> <span class='ocrx_word' id='word_1_150' title='bbox 1474 2295 1702 2355; x_wconf 88' lang='lat' dir='ltr'>valebit</span> <span class='ocrx_word' id='word_1_151' title='bbox 1730 2292 1759 2352; x_wconf 57' lang='grc' dir='ltr'><em>ἢ</em></span> <span class='ocrx_word' id='word_1_152' title='bbox 1788 2291 1932 2349; x_wconf 89' lang='lat' dir='ltr'>Inde</span> <span class='ocrx_word' id='word_1_153' title='bbox 1954 2301 2126 2358; x_wconf 90' lang='lat' dir='ltr'>vero,</span> 
     </span>
    </p>
   </div>
   <div class='ocr_carea' id='block_1_24' title="bbox 483 2387 2131 2484">
    <p class='ocr_par' dir='ltr' id='par_1_24' title="bbox 483 2387 2131 2484">
     <span class='ocr_line' id='line_1_24' title="bbox 483 2387 2131 2484; baseline -0.017 -15"><span class='ocrx_word' id='word_1_154' title='bbox 483 2407 652 2484; x_wconf 92' lang='lat' dir='ltr'>quod</span> <span class='ocrx_word' id='word_1_155' title='bbox 710 2403 1045 2465; x_wconf 89' lang='lat' dir='ltr'>Macarium</span> <span class='ocrx_word' id='word_1_156' title='bbox 1107 2400 1283 2458; x_wconf 91' lang='lat' dir='ltr'>illum</span> <span class='ocrx_word' id='word_1_157' title='bbox 1326 2398 1389 2454; x_wconf 90' lang='lat' dir='ltr'>in</span> <span class='ocrx_word' id='word_1_158' title='bbox 1448 2404 1785 2468; x_wconf 89' lang='lat' dir='ltr'>paneremo</span> <span class='ocrx_word' id='word_1_159' title='bbox 1818 2387 2131 2446; x_wconf 87' lang='lat' dir='ltr'>habitasse</span> 
     </span>
    </p>
   </div>
   <div class='ocr_carea' id='block_1_25' title="bbox 484 2486 2129 2580">
    <p class='ocr_par' dir='ltr' id='par_1_25' title="bbox 484 2486 2129 2580">
     <span class='ocr_line' id='line_1_25' title="bbox 484 2486 2129 2580; baseline -0.017 -15"><span class='ocrx_word' id='word_1_160' title='bbox 484 2505 637 2580; x_wconf 88' lang='lat' dir='ltr'>legis</span> <span class='ocrx_word' id='word_1_161' title='bbox 694 2501 805 2579; x_wconf 83' lang='grc'>(7),</span> <span class='ocrx_word' id='word_1_162' title='bbox 885 2498 1220 2558; x_wconf 89' lang='lat' dir='ltr'>Macarium</span> <span class='ocrx_word' id='word_1_163' title='bbox 1295 2493 1665 2580; x_wconf 80' lang='lat' dir='ltr'>Aegyptium</span> <span class='ocrx_word' id='word_1_164' title='bbox 1742 2486 1935 2544; x_wconf 87' lang='lat' dir='ltr'>fuisse</span> <span class='ocrx_word' id='word_1_165' title='bbox 2005 2495 2129 2539; x_wconf 89' lang='lat' dir='ltr'>non</span> 
     </span>
    </p>
   </div>
   <div class='ocr_carea' id='block_1_26' title="bbox 487 2576 2132 2678">
    <p class='ocr_par' dir='ltr' id='par_1_26' title="bbox 487 2576 2132 2678">
     <span class='ocr_line' id='line_1_26' title="bbox 487 2576 2132 2678; baseline -0.017 -15"><span class='ocrx_word' id='word_1_166' title='bbox 487 2576 673 2678; x_wconf 76' lang='lat' dir='ltr'>patet,</span> <span class='ocrx_word' id='word_1_167' title='bbox 706 2576 1065 2674; x_wconf 82' lang='lat' dir='ltr'>propterea</span> <span class='ocrx_word' id='word_1_168' title='bbox 1120 2593 1287 2667; x_wconf 91' lang='lat' dir='ltr'>quod</span> <span class='ocrx_word' id='word_1_169' title='bbox 1337 2576 1523 2649; x_wconf 82' lang='lat' dir='ltr'>etiam</span> <span class='ocrx_word' id='word_1_170' title='bbox 1556 2586 1827 2647; x_wconf 88' lang='lat' dir='ltr'>Cellulae</span> <span class='ocrx_word' id='word_1_171' title='bbox 1855 2584 1917 2640; x_wconf 89' lang='lat' dir='ltr'>in</span> <span class='ocrx_word' id='word_1_172' title='bbox 1946 2594 2132 2653; x_wconf 90' lang='lat' dir='ltr'>pane-</span> 
     </span>
    </p>
   </div>
   <div class='ocr_carea' id='block_1_27' title="bbox 485 2679 2132 2764">
    <p class='ocr_par' dir='ltr' id='par_1_27' title="bbox 485 2679 2132 2764">
     <span class='ocr_line' id='line_1_27' title="bbox 485 2679 2132 2764; baseline -0.017 -3"><span class='ocrx_word' id='word_1_173' title='bbox 485 2714 664 2760; x_wconf 85' lang='lat' dir='ltr'>remo</span> <span class='ocrx_word' id='word_1_174' title='bbox 718 2698 873 2756; x_wconf 90' lang='lat' dir='ltr'>sitae</span> <span class='ocrx_word' id='word_1_175' title='bbox 935 2700 1130 2753; x_wconf 91' lang='lat' dir='ltr'>erant.</span> <span class='ocrx_word' id='word_1_176' title='bbox 1193 2694 1386 2764; x_wconf 89' lang='lat' dir='ltr'>Atque</span> <span class='ocrx_word' id='word_1_177' title='bbox 1455 2686 1787 2746; x_wconf 89' lang='lat' dir='ltr'>Macarium</span> <span class='ocrx_word' id='word_1_178' title='bbox 1865 2679 2132 2737; x_wconf 83' lang='lat' dir='ltr'>Alexan-</span> 
     </span>
    </p>
   </div>
   <div class='ocr_carea' id='block_1_28' title="bbox 487 2787 2132 2858">
    <p class='ocr_par' dir='ltr' id='par_1_28' title="bbox 487 2787 2132 2858">
     <span class='ocr_line' id='line_1_28' title="bbox 487 2787 2132 2858; baseline -0.016 0"><span class='ocrx_word' id='word_1_179' title='bbox 487 2799 738 2858; x_wconf 89' lang='lat' dir='ltr'>drinum</span> <span class='ocrx_word' id='word_1_180' title='bbox 796 2795 1099 2853; x_wconf 88' lang='lat' dir='ltr'>daemone</span> <span class='ocrx_word' id='word_1_181' title='bbox 1135 2787 1526 2847; x_wconf 90' lang='lat' dir='ltr'>familiariter</span> <span class='ocrx_word' id='word_1_182' title='bbox 1569 2796 1751 2842; x_wconf 90' lang='lat' dir='ltr'>usum</span> <span class='ocrx_word' id='word_1_183' title='bbox 1783 2793 1916 2837; x_wconf 90' lang='lat' dir='ltr'>esse</span> <span class='ocrx_word' id='word_1_184' title='bbox 1942 2790 2132 2849; x_wconf 87' lang='lat' dir='ltr'>supra</span> 
     </span>
    </p>
   </div>
   <div class='ocr_carea' id='block_1_29' title="bbox 486 2874 2135 2969">
    <p class='ocr_par' dir='ltr' id='par_1_29' title="bbox 486 2874 2135 2969">
     <span class='ocr_line' id='line_1_29' title="bbox 486 2874 2135 2969; baseline -0.016 -12"><span class='ocrx_word' id='word_1_185' title='bbox 486 2894 890 2969; x_wconf 87' lang='lat' dir='ltr'>cognovimus</span> <span class='ocrx_word' id='word_1_186' title='bbox 975 2886 1084 2965; x_wconf 92' lang='lat'>(8).</span> <span class='ocrx_word' id='word_1_187' title='bbox 1163 2886 1277 2946; x_wconf 90' lang='lat' dir='ltr'>Sed</span> <span class='ocrx_word' id='word_1_188' title='bbox 1322 2882 1641 2958; x_wconf 92' lang='lat' dir='ltr'>quomodo</span> <span class='ocrx_word' id='word_1_189' title='bbox 1696 2880 1963 2937; x_wconf 89' lang='lat' dir='ltr'>daemon</span> <span class='ocrx_word' id='word_1_190' title='bbox 2010 2874 2135 2931; x_wconf 89' lang='lat' dir='ltr'>bo-</span> 
     </span>
    </p>
   </div>
   <div class='ocr_carea' id='block_1_30' title="bbox 490 2972 2134 3059">
    <p class='ocr_par' dir='ltr' id='par_1_30' title="bbox 490 2972 2134 3059">
     <span class='ocr_line' id='line_1_30' title="bbox 490 2972 2134 3059; baseline -0.015 -6"><span class='ocrx_word' id='word_1_191' title='bbox 490 2994 692 3053; x_wconf 90' lang='lat' dir='ltr'>mines</span> <span class='ocrx_word' id='word_1_192' title='bbox 732 2992 943 3055; x_wconf 84' lang='lat' dir='ltr'>tentet,</span> <span class='ocrx_word' id='word_1_193' title='bbox 999 2985 1379 3059; x_wconf 82' lang='lat' dir='ltr'>singularem</span> <span class='ocrx_word' id='word_1_194' title='bbox 1411 2982 1473 3039; x_wconf 90' lang='lat' dir='ltr'>in</span> <span class='ocrx_word' id='word_1_195' title='bbox 1521 2979 1780 3037; x_wconf 90' lang='lat' dir='ltr'>modum</span> <span class='ocrx_word' id='word_1_196' title='bbox 1830 2975 1886 3033; x_wconf 93' lang='lat' dir='ltr'>S.</span> <span class='ocrx_word' id='word_1_197' title='bbox 1937 2972 2134 3031; x_wconf 89' lang='lat' dir='ltr'>Atha-</span> 
     </span>
    </p>
   </div>
   <div class='ocr_carea' id='block_1_31' title="bbox 492 3072 1809 3152">
    <p class='ocr_par' dir='ltr' id='par_1_31' title="bbox 492 3072 1809 3152">
     <span class='ocr_line' id='line_1_31' title="bbox 492 3072 1809 3152; baseline -0.015 0"><span class='ocrx_word' id='word_1_198' title='bbox 492 3092 701 3152; x_wconf 87' lang='lat' dir='ltr'>nasius</span> <span class='ocrx_word' id='word_1_199' title='bbox 724 3089 788 3147; x_wconf 92' lang='lat' dir='ltr'>in</span> <span class='ocrx_word' id='word_1_200' title='bbox 817 3088 941 3145; x_wconf 90' lang='lat' dir='ltr'>vita</span> <span class='ocrx_word' id='word_1_201' title='bbox 970 3085 1027 3143; x_wconf 91' lang='lat' dir='ltr'>S.</span> <span class='ocrx_word' id='word_1_202' title='bbox 1056 3083 1303 3143; x_wconf 87' lang='lat' dir='ltr'>Antonii</span> <span class='ocrx_word' id='word_1_203' title='bbox 1332 3078 1663 3151; x_wconf 87' lang='lat' dir='ltr'>descripsit</span> <span class='ocrx_word' id='word_1_204' title='bbox 1696 3072 1809 3151; x_wconf 90' lang='lat'>(9).</span> 
     </span>
    </p>
   </div>
   <div class='ocr_carea' id='block_1_32' title="bbox 575 3171 2137 3246">
    <p class='ocr_par' dir='ltr' id='par_1_32' title="bbox 575 3171 2137 3246">
     <span class='ocr_line' id='line_1_32' title="bbox 575 3171 2137 3246; baseline -0.011 -5"><span class='ocrx_word' id='word_1_205' title='bbox 575 3210 604 3241; x_wconf 73' lang='grc' dir='ltr'><strong><em>α</em></strong></span> <span class='ocrx_word' id='word_1_206' title='bbox 642 3188 846 3246; x_wconf 89' lang='lat' dir='ltr'>Abbas</span> <span class='ocrx_word' id='word_1_207' title='bbox 884 3184 1184 3243; x_wconf 82' lang='lat' dir='ltr'>Macarius</span> <span class='ocrx_word' id='word_1_208' title='bbox 1251 3193 1396 3238; x_wconf 91' lang='lat' dir='ltr'>cum</span> <span class='ocrx_word' id='word_1_209' title='bbox 1448 3181 1609 3235; x_wconf 90' lang='lat' dir='ltr'>esset</span> <span class='ocrx_word' id='word_1_210' title='bbox 1654 3174 1717 3232; x_wconf 94' lang='lat' dir='ltr'>in</span> <span class='ocrx_word' id='word_1_211' title='bbox 1770 3175 2044 3243; x_wconf 85' lang='lat' dir='ltr'>Aegypto</span> <span class='ocrx_word' id='word_1_212' title='bbox 2075 3171 2137 3225; x_wconf 90' lang='lat' dir='ltr'>et</span> 
     </span>
    </p>
   </div>
   <div class='ocr_carea' id='block_1_33' title="bbox 492 3266 2138 3361">
    <p class='ocr_par' dir='ltr' id='par_1_33' title="bbox 492 3266 2138 3361">
     <span class='ocr_line' id='line_1_33' title="bbox 492 3266 2138 3361; baseline -0.014 -15"><span class='ocrx_word' id='word_1_213' title='bbox 492 3300 774 3361; x_wconf 88' lang='lat' dir='ltr'>egressus</span> <span class='ocrx_word' id='word_1_214' title='bbox 801 3284 1018 3350; x_wconf 85' lang='lat' dir='ltr'>fuisset</span> <span class='ocrx_word' id='word_1_215' title='bbox 1065 3280 1141 3337; x_wconf 87' lang='lat' dir='ltr'>de</span> <span class='ocrx_word' id='word_1_216' title='bbox 1169 3279 1323 3337; x_wconf 91' lang='lat' dir='ltr'>cella</span> <span class='ocrx_word' id='word_1_217' title='bbox 1379 3291 1510 3347; x_wconf 90' lang='lat' dir='ltr'>sua,</span> <span class='ocrx_word' id='word_1_218' title='bbox 1570 3285 1857 3331; x_wconf 88' lang='lat' dir='ltr'>reversus</span> <span class='ocrx_word' id='word_1_219' title='bbox 1906 3266 2138 3326; x_wconf 87' lang='lat' dir='ltr'>invenit</span> 
     </span>
    </p>
   </div>
   <div class='ocr_carea' id='block_1_34' title="bbox 493 3367 2136 3458">
    <p class='ocr_par' dir='ltr' id='par_1_34' title="bbox 493 3367 2136 3458">
     <span class='ocr_line' id='line_1_34' title="bbox 493 3367 2136 3458; baseline -0.013 -15"><span class='ocrx_word' id='word_1_220' title='bbox 493 3383 805 3458; x_wconf 89' lang='lat' dir='ltr'>quendam</span> <span class='ocrx_word' id='word_1_221' title='bbox 839 3381 1145 3437; x_wconf 87' lang='lat' dir='ltr'>furantem</span> <span class='ocrx_word' id='word_1_222' title='bbox 1177 3376 1263 3443; x_wconf 90' lang='lat' dir='ltr'>id,</span> <span class='ocrx_word' id='word_1_223' title='bbox 1297 3374 1464 3447; x_wconf 93' lang='lat' dir='ltr'>quod</span> <span class='ocrx_word' id='word_1_224' title='bbox 1510 3373 1570 3430; x_wconf 91' lang='lat' dir='ltr'>in</span> <span class='ocrx_word' id='word_1_225' title='bbox 1603 3370 1759 3429; x_wconf 92' lang='lat' dir='ltr'>cella</span> <span class='ocrx_word' id='word_1_226' title='bbox 1803 3383 1911 3426; x_wconf 88' lang='lat' dir='ltr'>sua</span> <span class='ocrx_word' id='word_1_227' title='bbox 1944 3367 2136 3423; x_wconf 88' lang='lat' dir='ltr'>habe-</span> 
     </span>
    </p>
   </div>
   <div class='ocr_carea' id='block_1_35' title="bbox 495 3466 2142 3549">
    <p class='ocr_par' dir='ltr' id='par_1_35' title="bbox 495 3466 2142 3549">
     <span class='ocr_line' id='line_1_35' title="bbox 495 3466 2142 3549; baseline -0.013 -8"><span class='ocrx_word' id='word_1_228' title='bbox 495 3483 619 3541; x_wconf 85' lang='lat' dir='ltr'>bat.</span> <span class='ocrx_word' id='word_1_229' title='bbox 655 3478 831 3540; x_wconf 89' lang='lat' dir='ltr'>Stetit</span> <span class='ocrx_word' id='word_1_230' title='bbox 852 3491 1002 3549; x_wconf 89' lang='lat' dir='ltr'>ergo</span> <span class='ocrx_word' id='word_1_231' title='bbox 1028 3480 1087 3532; x_wconf 91' lang='lat' dir='ltr'>et</span> <span class='ocrx_word' id='word_1_232' title='bbox 1134 3476 1268 3546; x_wconf 90' lang='lat' dir='ltr'>ipse</span> <span class='ocrx_word' id='word_1_233' title='bbox 1306 3478 1602 3543; x_wconf 89' lang='lat' dir='ltr'>tanquam</span> <span class='ocrx_word' id='word_1_234' title='bbox 1659 3466 2046 3541; x_wconf 89' lang='lat' dir='ltr'>peregrinus,</span> <span class='ocrx_word' id='word_1_235' title='bbox 2080 3466 2142 3520; x_wconf 91' lang='lat' dir='ltr'>et</span> 
     </span>
    </p>
   </div>
   <div class='ocr_carea' id='block_1_36' title="bbox 493 3564 2141 3651">
    <p class='ocr_par' dir='ltr' id='par_1_36' title="bbox 493 3564 2141 3651">
     <span class='ocr_line' id='line_1_36' title="bbox 493 3564 2141 3651; baseline -0.014 -11"><span class='ocrx_word' id='word_1_236' title='bbox 493 3577 823 3640; x_wconf 88' lang='lat' dir='ltr'>carricavit</span> <span class='ocrx_word' id='word_1_237' title='bbox 869 3571 993 3651; x_wconf 86' lang='lat'>(10)</span> <span class='ocrx_word' id='word_1_238' title='bbox 1025 3571 1252 3630; x_wconf 90' lang='lat' dir='ltr'>animal</span> <span class='ocrx_word' id='word_1_239' title='bbox 1282 3582 1427 3627; x_wconf 92' lang='lat' dir='ltr'>cum</span> <span class='ocrx_word' id='word_1_240' title='bbox 1458 3568 1565 3625; x_wconf 89' lang='lat' dir='ltr'>illo</span> <span class='ocrx_word' id='word_1_241' title='bbox 1612 3580 1755 3625; x_wconf 89' lang='lat' dir='ltr'>cum</span> <span class='ocrx_word' id='word_1_242' title='bbox 1797 3564 1991 3621; x_wconf 89' lang='lat' dir='ltr'>multa</span> <span class='ocrx_word' id='word_1_243' title='bbox 2031 3574 2141 3618; x_wconf 89' lang='lat' dir='ltr'>re-</span> 
     </span>
    </p>
   </div>
   <div class='ocr_carea' id='block_1_37' title="bbox 498 3659 2141 3751">
    <p class='ocr_par' dir='ltr' id='par_1_37' title="bbox 498 3659 2141 3751">
     <span class='ocr_line' id='line_1_37' title="bbox 498 3659 2141 3751; baseline -0.012 -16"><span class='ocrx_word' id='word_1_244' title='bbox 498 3677 666 3751; x_wconf 91' lang='lat' dir='ltr'>quie,</span> <span class='ocrx_word' id='word_1_245' title='bbox 723 3674 787 3733; x_wconf 86' lang='lat' dir='ltr'>et</span> <span class='ocrx_word' id='word_1_246' title='bbox 841 3671 1134 3746; x_wconf 88' lang='lat' dir='ltr'>perduxit</span> <span class='ocrx_word' id='word_1_247' title='bbox 1184 3682 1329 3726; x_wconf 91' lang='lat' dir='ltr'>eum</span> <span class='ocrx_word' id='word_1_248' title='bbox 1370 3666 1624 3724; x_wconf 87' lang='lat' dir='ltr'>dicens:</span> <span class='ocrx_word' id='word_1_249' title='bbox 1659 3661 1826 3720; x_wconf 88' lang='lat' dir='ltr'>Nihil</span> <span class='ocrx_word' id='word_1_250' title='bbox 1883 3661 1943 3717; x_wconf 90' lang='lat' dir='ltr'>in</span> <span class='ocrx_word' id='word_1_251' title='bbox 1976 3659 2141 3717; x_wconf 89' lang='lat' dir='ltr'>hunc</span> 
     </span>
    </p>
   </div>
   <div class='ocr_carea' id='block_1_38' title="bbox 499 3757 2145 3834">
    <p class='ocr_par' dir='ltr' id='par_1_38' title="bbox 499 3757 2145 3834">
     <span class='ocr_line' id='line_1_38' title="bbox 499 3757 2145 3834; baseline -0.014 0"><span class='ocrx_word' id='word_1_252' title='bbox 499 3774 803 3834; x_wconf 90' lang='lat' dir='ltr'>mundum</span> <span class='ocrx_word' id='word_1_253' title='bbox 833 3769 1206 3831; x_wconf 88' lang='lat' dir='ltr'>intulimus;</span> <span class='ocrx_word' id='word_1_254' title='bbox 1255 3764 1551 3823; x_wconf 91' lang='lat' dir='ltr'>Dominus</span> <span class='ocrx_word' id='word_1_255' title='bbox 1607 3760 1801 3829; x_wconf 88' lang='lat' dir='ltr'>dedit,</span> <span class='ocrx_word' id='word_1_256' title='bbox 1847 3757 2145 3816; x_wconf 91' lang='lat' dir='ltr'>Dominus</span> 
     </span>
    </p>
   </div>
   <div class='ocr_carea' id='block_1_39' title="bbox 500 3859 2141 3939">
    <p class='ocr_par' dir='ltr' id='par_1_39' title="bbox 500 3859 2141 3939">
     <span class='ocr_line' id='line_1_39' title="bbox 500 3859 2141 3939; baseline -0.012 -8"><span class='ocrx_word' id='word_1_257' title='bbox 500 3871 804 3939; x_wconf 84' lang='lat' dir='ltr'>abstulit;</span> <span class='ocrx_word' id='word_1_258' title='bbox 864 3868 1018 3927; x_wconf 91' lang='lat' dir='ltr'>sicut</span> <span class='ocrx_word' id='word_1_259' title='bbox 1065 3871 1127 3923; x_wconf 93' lang='lat' dir='ltr'>et</span> <span class='ocrx_word' id='word_1_260' title='bbox 1153 3867 1286 3937; x_wconf 90' lang='lat' dir='ltr'>ipse</span> <span class='ocrx_word' id='word_1_261' title='bbox 1316 3860 1532 3929; x_wconf 90' lang='lat' dir='ltr'>voluit,</span> <span class='ocrx_word' id='word_1_262' title='bbox 1590 3860 1673 3917; x_wconf 85' lang='lat' dir='ltr'>ita</span> <span class='ocrx_word' id='word_1_263' title='bbox 1704 3859 1935 3916; x_wconf 88' lang='lat' dir='ltr'>factum</span> <span class='ocrx_word' id='word_1_264' title='bbox 1979 3860 2070 3912; x_wconf 92' lang='lat' dir='ltr'>est</span> <span class='ocrx_word' id='word_1_265' title='bbox 2124 3870 2141 3926; x_wconf 88' lang='lat'><strong>;</strong></span> 
     </span>
    </p>
   </div>
   <div class='ocr_carea' id='block_1_40' title="bbox 500 3954 2147 4033">
    <p class='ocr_par' dir='ltr' id='par_1_40' title="bbox 500 3954 2147 4033">
     <span class='ocr_line' id='line_1_40' title="bbox 500 3954 2147 4033; baseline -0.013 -4"><span class='ocrx_word' id='word_1_266' title='bbox 500 3968 862 4030; x_wconf 90' lang='lat' dir='ltr'>benedictus</span> <span class='ocrx_word' id='word_1_267' title='bbox 880 3964 1175 4024; x_wconf 90' lang='lat' dir='ltr'>Dominus</span> <span class='ocrx_word' id='word_1_268' title='bbox 1194 3963 1255 4020; x_wconf 89' lang='lat' dir='ltr'>in</span> <span class='ocrx_word' id='word_1_269' title='bbox 1268 3960 1563 4020; x_wconf 89' lang='lat' dir='ltr'>omnibus</span> <span class='ocrx_word' id='word_1_270' title='bbox 1591 3954 1749 4033; x_wconf 90' lang='lat'>(11).</span> <span class='ocrx_word' id='word_1_271' title='bbox 1796 3978 1823 4007; x_wconf 85' lang='lat'>»</span> <span class='ocrx_word' id='word_1_272' title='bbox 1849 3955 2018 4013; x_wconf 91' lang='lat' dir='ltr'>Idem</span> <span class='ocrx_word' id='word_1_273' title='bbox 2042 3966 2147 4010; x_wconf 86' lang='lat' dir='ltr'>re-</span> 
     </span>
    </p>
   </div>
   <div class='ocr_carea' id='block_1_41' title="bbox 499 4052 2138 4144">
    <p class='ocr_par' dir='ltr' id='par_1_41' title="bbox 499 4052 2138 4144">
     <span class='ocr_line' id='line_1_41' title="bbox 499 4052 2138 4144; baseline -0.012 -16"><span class='ocrx_word' id='word_1_274' title='bbox 499 4069 669 4144; x_wconf 91' lang='lat' dir='ltr'>peris</span> <span class='ocrx_word' id='word_1_275' title='bbox 698 4069 761 4125; x_wconf 92' lang='lat' dir='ltr'>in</span> <span class='ocrx_word' id='word_1_276' title='bbox 807 4066 971 4124; x_wconf 91' lang='lat' dir='ltr'>libro</span> <span class='ocrx_word' id='word_1_277' title='bbox 1001 4063 1220 4137; x_wconf 90' lang='lat' dir='ltr'>quinto</span> <span class='ocrx_word' id='word_1_278' title='bbox 1268 4058 1422 4136; x_wconf 85' lang='lat'>(12),</span> <span class='ocrx_word' id='word_1_279' title='bbox 1449 4057 1556 4115; x_wconf 91' lang='lat' dir='ltr'>ubi</span> <span class='ocrx_word' id='word_1_280' title='bbox 1588 4057 1781 4113; x_wconf 87' lang='lat' dir='ltr'>abbas</span> <span class='ocrx_word' id='word_1_281' title='bbox 1810 4054 1917 4112; x_wconf 89' lang='lat' dir='ltr'>ille</span> <span class='ocrx_word' id='word_1_282' title='bbox 1950 4075 1977 4103; x_wconf 87' lang='lat'>«</span> <span class='ocrx_word' id='word_1_283' title='bbox 2016 4052 2138 4109; x_wconf 88' lang='lat' dir='ltr'>Ma-</span> 
     </span>
    </p>
   </div>
   <div class='ocr_carea' id='block_1_42' title="bbox 499 4149 2144 4234">
    <p class='ocr_par' dir='ltr' id='par_1_42' title="bbox 499 4149 2144 4234">
     <span class='ocr_line' id='line_1_42' title="bbox 499 4149 2144 4234; baseline -0.012 -9"><span class='ocrx_word' id='word_1_284' title='bbox 499 4166 706 4226; x_wconf 89' lang='lat' dir='ltr'>carius</span> <span class='ocrx_word' id='word_1_285' title='bbox 760 4164 821 4221; x_wconf 92' lang='lat' dir='ltr'>in</span> <span class='ocrx_word' id='word_1_286' title='bbox 866 4163 1141 4234; x_wconf 89' lang='lat' dir='ltr'>Aegypto</span> <span class='ocrx_word' id='word_1_287' title='bbox 1198 4156 1436 4230; x_wconf 90' lang='lat' dir='ltr'>positus</span> <span class='ocrx_word' id='word_1_288' title='bbox 1487 4175 1517 4208; x_wconf 76' lang='grc' dir='ltr'><strong>υ</strong></span> <span class='ocrx_word' id='word_1_289' title='bbox 1565 4156 1839 4215; x_wconf 87' lang='lat' dir='ltr'>vocatur,</span> <span class='ocrx_word' id='word_1_290' title='bbox 1884 4150 1947 4208; x_wconf 93' lang='lat' dir='ltr'>in</span> <span class='ocrx_word' id='word_1_291' title='bbox 1979 4149 2144 4206; x_wconf 91' lang='lat' dir='ltr'>libro</span> 
     </span>
    </p>
   </div>
   <div class='ocr_carea' id='block_1_43' title="bbox 500 4247 2144 4338">
    <p class='ocr_par' dir='ltr' id='par_1_43' title="bbox 500 4247 2144 4338">
     <span class='ocr_line' id='line_1_43' title="bbox 500 4247 2144 4338; baseline -0.013 -13"><span class='ocrx_word' id='word_1_292' title='bbox 500 4264 768 4337; x_wconf 90' lang='lat' dir='ltr'>septimo</span> <span class='ocrx_word' id='word_1_293' title='bbox 793 4257 946 4338; x_wconf 88' lang='lat'>(13),</span> <span class='ocrx_word' id='word_1_294' title='bbox 978 4263 1039 4317; x_wconf 90' lang='lat' dir='ltr'>et</span> <span class='ocrx_word' id='word_1_295' title='bbox 1066 4259 1128 4315; x_wconf 90' lang='lat' dir='ltr'>in</span> <span class='ocrx_word' id='word_1_296' title='bbox 1173 4251 1729 4329; x_wconf 82' lang='lat' dir='ltr'>ApOpbtbegmatis</span> <span class='ocrx_word' id='word_1_297' title='bbox 1776 4264 1810 4306; x_wconf 90' lang='lat' dir='ltr'>a</span> <span class='ocrx_word' id='word_1_298' title='bbox 1837 4247 2144 4307; x_wconf 87' lang='lat' dir='ltr'>Cotelerio</span> 
     </span>
    </p>
   </div>
   <div class='ocr_carea' id='block_1_44' title="bbox 579 4431 2223 4525">
    <p class='ocr_par' dir='ltr' id='par_1_44' title="bbox 579 4431 2223 4525">
     <span class='ocr_line' id='line_1_44' title="bbox 579 4431 2223 4525; baseline -0.011 -22"><span class='ocrx_word' id='word_1_299' title='bbox 579 4450 656 4520; x_wconf 94' lang='lat'>(1)</span> <span class='ocrx_word' id='word_1_300' title='bbox 715 4446 835 4501; x_wconf 87' lang='lat' dir='ltr'>VV.</span> <span class='ocrx_word' id='word_1_301' title='bbox 887 4444 987 4500; x_wconf 91' lang='lat' dir='ltr'>PP.</span> <span class='ocrx_word' id='word_1_302' title='bbox 1044 4443 1236 4496; x_wconf 83' lang='lat' dir='ltr'>Rosw.</span> <span class='ocrx_word' id='word_1_303' title='bbox 1306 4438 1408 4493; x_wconf 87' lang='lat' dir='ltr'>lib.</span> <span class='ocrx_word' id='word_1_304' title='bbox 1466 4436 1535 4489; x_wconf 88' lang='lat' dir='ltr'>Ill</span> <span class='ocrx_word' id='word_1_305' title='bbox 1589 4450 1720 4505; x_wconf 91' lang='lat' dir='ltr'>cap.</span> <span class='ocrx_word' id='word_1_306' title='bbox 1770 4434 1832 4488; x_wconf 89' lang='lat'>61</span> <span class='ocrx_word' id='word_1_307' title='bbox 1897 4450 1959 4504; x_wconf 89' lang='lat' dir='ltr'>p.</span> <span class='ocrx_word' id='word_1_308' title='bbox 2020 4431 2143 4499; x_wconf 78' lang='lat'>510,</span> <span class='ocrx_word' id='word_1_309' title='bbox 2178 4472 2223 4525; x_wconf 69' lang='grc' dir='ltr'>Β</span> 
     </span>
    </p>
   </div>
   <div class='ocr_carea' id='block_1_45' title="bbox 509 4540 655 4611">
    <p class='ocr_par' dir='ltr' id='par_1_45' title="bbox 509 4540 655 4611">
     <span class='ocr_line' id='line_1_45' title="bbox 509 4540 655 4611; baseline -0.014 -16"><span class='ocrx_word' id='word_1_310' title='bbox 509 4540 535 4595; x_wconf 88' lang='grc'>1</span> <span class='ocrx_word' id='word_1_311' title='bbox 565 4555 655 4611; x_wconf 89' lang='lat' dir='ltr'>sq.</span> 
     </span>
    </p>
   </div>
   <div class='ocr_carea' id='block_1_46' title="bbox 582 4614 1896 4700">
    <p class='ocr_par' dir='ltr' id='par_1_46' title="bbox 582 4614 1896 4700">
     <span class='ocr_line' id='line_1_46' title="bbox 582 4614 1896 4700; baseline -0.015 -13"><span class='ocrx_word' id='word_1_312' title='bbox 582 4628 655 4700; x_wconf 81' lang='lat'>(2)</span> <span class='ocrx_word' id='word_1_313' title='bbox 701 4624 853 4681; x_wconf 93' lang='lat' dir='ltr'>Ibid.</span> <span class='ocrx_word' id='word_1_314' title='bbox 886 4623 988 4680; x_wconf 84' lang='lat' dir='ltr'>lib.</span> <span class='ocrx_word' id='word_1_315' title='bbox 1017 4620 1061 4679; x_wconf 94' lang='lat' dir='ltr'>v</span> <span class='ocrx_word' id='word_1_316' title='bbox 1097 4616 1276 4674; x_wconf 90' lang='lat' dir='ltr'>libell.</span> <span class='ocrx_word' id='word_1_317' title='bbox 1307 4616 1393 4682; x_wconf 90' lang='lat'>18,</span> <span class='ocrx_word' id='word_1_318' title='bbox 1434 4616 1469 4669; x_wconf 83' lang='lat'>9</span> <span class='ocrx_word' id='word_1_319' title='bbox 1508 4614 1710 4686; x_wconf 88' lang='lat' dir='ltr'>p.637,</span> <span class='ocrx_word' id='word_1_320' title='bbox 1753 4618 1777 4667; x_wconf 91' lang='lat'>1</span> <span class='ocrx_word' id='word_1_321' title='bbox 1807 4630 1896 4685; x_wconf 89' lang='lat' dir='ltr'>sq.</span> 
     </span>
    </p>
   </div>
   <div class='ocr_carea' id='block_1_47' title="bbox 578 4703 1853 4789">
    <p class='ocr_par' dir='ltr' id='par_1_47' title="bbox 578 4703 1853 4789">
     <span class='ocr_line' id='line_1_47' title="bbox 578 4703 1853 4789; baseline -0.013 -17"><span class='ocrx_word' id='word_1_322' title='bbox 578 4718 657 4789; x_wconf 89' lang='lat'>(3)</span> <span class='ocrx_word' id='word_1_323' title='bbox 698 4714 855 4770; x_wconf 93' lang='lat' dir='ltr'>Ibid.</span> <span class='ocrx_word' id='word_1_324' title='bbox 890 4711 991 4767; x_wconf 87' lang='lat' dir='ltr'>lib.</span> <span class='ocrx_word' id='word_1_325' title='bbox 1028 4709 1125 4763; x_wconf 89' lang='lat' dir='ltr'>VII</span> <span class='ocrx_word' id='word_1_326' title='bbox 1146 4722 1279 4778; x_wconf 89' lang='lat' dir='ltr'>cap.</span> <span class='ocrx_word' id='word_1_327' title='bbox 1304 4706 1355 4770; x_wconf 93' lang='lat'>1,</span> <span class='ocrx_word' id='word_1_328' title='bbox 1384 4706 1418 4759; x_wconf 91' lang='lat'><strong>8</strong></span> <span class='ocrx_word' id='word_1_329' title='bbox 1452 4720 1509 4776; x_wconf 94' lang='lat' dir='ltr'>p.</span> <span class='ocrx_word' id='word_1_330' title='bbox 1543 4703 1668 4769; x_wconf 72' lang='lat'>665,</span> <span class='ocrx_word' id='word_1_331' title='bbox 1692 4704 1725 4757; x_wconf 97' lang='lat'>2</span> <span class='ocrx_word' id='word_1_332' title='bbox 1764 4719 1853 4773; x_wconf 90' lang='lat' dir='ltr'>sq.</span> 
     </span>
    </p>
   </div>
   <div class='ocr_carea' id='block_1_48' title="bbox 580 4792 2143 4878">
    <p class='ocr_par' dir='ltr' id='par_1_48' title="bbox 580 4792 2143 4878">
     <span class='ocr_line' id='line_1_48' title="bbox 580 4792 2143 4878; baseline -0.007 -17"><span class='ocrx_word' id='word_1_333' title='bbox 580 4807 661 4878; x_wconf 71' lang='grc'><strong>(4)</strong></span> <span class='ocrx_word' id='word_1_334' title='bbox 697 4802 940 4860; x_wconf 84' lang='lat' dir='ltr'>Coteler.</span> <span class='ocrx_word' id='word_1_335' title='bbox 972 4798 1124 4854; x_wconf 90' lang='lat' dir='ltr'>Eccl.</span> <span class='ocrx_word' id='word_1_336' title='bbox 1158 4800 1361 4854; x_wconf 89' lang='lat' dir='ltr'>Graec.</span> <span class='ocrx_word' id='word_1_337' title='bbox 1385 4796 1537 4850; x_wconf 84' lang='lat' dir='ltr'>Mon.</span> <span class='ocrx_word' id='word_1_338' title='bbox 1570 4796 1629 4849; x_wconf 91' lang='lat' dir='ltr'>T.</span> <span class='ocrx_word' id='word_1_339' title='bbox 1662 4794 1684 4847; x_wconf 89' lang='grc' dir='ltr'><strong>Ι</strong></span> <span class='ocrx_word' id='word_1_340' title='bbox 1716 4810 1773 4865; x_wconf 93' lang='lat' dir='ltr'>p.</span> <span class='ocrx_word' id='word_1_341' title='bbox 1807 4792 1912 4846; x_wconf 78' lang='lat'>528</span> <span class='ocrx_word' id='word_1_342' title='bbox 1954 4810 2045 4865; x_wconf 89' lang='lat' dir='ltr'>sq.</span> <span class='ocrx_word' id='word_1_343' title='bbox 2090 4810 2143 4851; x_wconf 90' lang='lat' dir='ltr'>s.</span> 
     </span>
    </p>
   </div>
   <div class='ocr_carea' id='block_1_49' title="bbox 507 4883 2156 4960">
    <p class='ocr_par' dir='ltr' id='par_1_49' title="bbox 507 4883 2156 4960">
     <span class='ocr_line' id='line_1_49' title="bbox 507 4883 2156 4960; baseline -0.012 -6"><span class='ocrx_word' id='word_1_344' title='bbox 507 4914 565 4955; x_wconf 82' lang='lat' dir='ltr'>v.</span> <span class='ocrx_word' id='word_1_345' title='bbox 594 4892 899 4959; x_wconf 78' lang='lat' dir='ltr'>Macarius</span> <span class='ocrx_word' id='word_1_346' title='bbox 918 4885 1251 4960; x_wconf 74' lang='lat' dir='ltr'>Aegyptius</span> <span class='ocrx_word' id='word_1_347' title='bbox 1277 4884 1305 4957; x_wconf 84' lang='lat'>§</span> <span class='ocrx_word' id='word_1_348' title='bbox 1329 4885 1393 4939; x_wconf 91' lang='lat' dir='ltr'>III</span> <span class='ocrx_word' id='word_1_349' title='bbox 1420 4902 1436 4955; x_wconf 85' lang='lat'><strong>;</strong></span> <span class='ocrx_word' id='word_1_350' title='bbox 1467 4883 1618 4939; x_wconf 89' lang='lat' dir='ltr'>infra</span> <span class='ocrx_word' id='word_1_351' title='bbox 1637 4886 1693 4938; x_wconf 88' lang='lat' dir='ltr'>in</span> <span class='ocrx_word' id='word_1_352' title='bbox 1718 4885 1936 4939; x_wconf 88' lang='lat' dir='ltr'>barum</span> <span class='ocrx_word' id='word_1_353' title='bbox 1968 4883 2156 4947; x_wconf 87' lang='lat' dir='ltr'>Quae-</span> 
     </span>
    </p>
   </div>
   <div class='ocr_carea' id='block_1_50' title="bbox 509 4973 1620 5053">
    <p class='ocr_par' dir='ltr' id='par_1_50' title="bbox 509 4973 1620 5053">
     <span class='ocr_line' id='line_1_50' title="bbox 509 4973 1620 5053; baseline -0.015 -10"><span class='ocrx_word' id='word_1_354' title='bbox 509 4988 770 5043; x_wconf 85' lang='lat' dir='ltr'>stionum</span> <span class='ocrx_word' id='word_1_355' title='bbox 811 4978 1152 5053; x_wconf 85' lang='lat' dir='ltr'>Appendice</span> <span class='ocrx_word' id='word_1_356' title='bbox 1182 4975 1365 5031; x_wconf 87' lang='lat' dir='ltr'>altera</span> <span class='ocrx_word' id='word_1_357' title='bbox 1395 4973 1508 5028; x_wconf 92' lang='lat' dir='ltr'>sub</span> <span class='ocrx_word' id='word_1_358' title='bbox 1529 4973 1620 5027; x_wconf 91' lang='lat' dir='ltr'><strong>IIl.</strong></span> 
     </span>
    </p>
   </div>
   <div class='ocr_carea' id='block_1_51' title="bbox 580 5064 1330 5149">
    <p class='ocr_par' dir='ltr' id='par_1_51' title="bbox 580 5064 1330 5149">
     <span class='ocr_line' id='line_1_51' title="bbox 580 5064 1330 5149; baseline -0.017 -17"><span class='ocrx_word' id='word_1_359' title='bbox 580 5077 656 5149; x_wconf 76' lang='grc'>(5)</span> <span class='ocrx_word' id='word_1_360' title='bbox 686 5074 769 5130; x_wconf 86' lang='lat' dir='ltr'>Cf.</span> <span class='ocrx_word' id='word_1_361' title='bbox 794 5086 975 5144; x_wconf 84' lang='lat' dir='ltr'>supra</span> <span class='ocrx_word' id='word_1_362' title='bbox 1005 5070 1033 5140; x_wconf 63' lang='grc' dir='ltr'>ἓ</span> <span class='ocrx_word' id='word_1_363' title='bbox 1059 5069 1123 5123; x_wconf 90' lang='grc'><strong>10</strong></span> <span class='ocrx_word' id='word_1_364' title='bbox 1154 5084 1210 5138; x_wconf 91' lang='lat' dir='ltr'>p.</span> <span class='ocrx_word' id='word_1_365' title='bbox 1234 5064 1330 5120; x_wconf 85' lang='lat'>35.</span> 
     </span>
    </p>
   </div>
   <div class='ocr_carea' id='block_1_52' title="bbox 582 5153 1622 5239">
    <p class='ocr_par' dir='ltr' id='par_1_52' title="bbox 582 5153 1622 5239">
     <span class='ocr_line' id='line_1_52' title="bbox 582 5153 1622 5239; baseline -0.016 -16"><span class='ocrx_word' id='word_1_366' title='bbox 582 5166 661 5239; x_wconf 88' lang='lat'>(6)</span> <span class='ocrx_word' id='word_1_367' title='bbox 694 5162 774 5219; x_wconf 85' lang='lat' dir='ltr'>Cf.</span> <span class='ocrx_word' id='word_1_368' title='bbox 807 5158 1067 5232; x_wconf 81' lang='lat' dir='ltr'>supra§§</span> <span class='ocrx_word' id='word_1_369' title='bbox 1098 5157 1186 5222; x_wconf 86' lang='lat'>12,</span> <span class='ocrx_word' id='word_1_370' title='bbox 1219 5155 1307 5225; x_wconf 91' lang='lat'>13,</span> <span class='ocrx_word' id='word_1_371' title='bbox 1334 5154 1506 5227; x_wconf 89' lang='lat' dir='ltr'>p.38,</span> <span class='ocrx_word' id='word_1_372' title='bbox 1532 5153 1622 5208; x_wconf 74' lang='grc'><strong>41.</strong></span> 
     </span>
    </p>
   </div>
   <div class='ocr_carea' id='block_1_53' title="bbox 519 5247 1128 5329">
    <p class='ocr_par' dir='ltr' id='par_1_53' title="bbox 519 5247 1128 5329">
     <span class='ocr_line' id='line_1_53' title="bbox 519 5247 1128 5329; baseline -0.016 -18"><span class='ocrx_word' id='word_1_373' title='bbox 519 5260 540 5276; x_wconf 91' lang='grc'><strong>·</strong></span> <span class='ocrx_word' id='word_1_374' title='bbox 583 5256 661 5329; x_wconf 87' lang='lat'>(7)</span> <span class='ocrx_word' id='word_1_375' title='bbox 687 5250 984 5324; x_wconf 82' lang='lat' dir='ltr'>Apophtb.</span> <span class='ocrx_word' id='word_1_376' title='bbox 1017 5247 1054 5303; x_wconf 95' lang='lat' dir='ltr'>l.</span> <span class='ocrx_word' id='word_1_377' title='bbox 1087 5247 1128 5301; x_wconf 91' lang='grc' dir='ltr'><strong>Ι.</strong></span> 
     </span>
    </p>
   </div>
   <div class='ocr_carea' id='block_1_54' title="bbox 583 5336 1500 5416">
    <p class='ocr_par' dir='ltr' id='par_1_54' title="bbox 583 5336 1500 5416">
     <span class='ocr_line' id='line_1_54' title="bbox 583 5336 1500 5416; baseline -0.017 -12"><span class='ocrx_word' id='word_1_378' title='bbox 583 5345 663 5416; x_wconf 90' lang='grc'>(8)</span> <span class='ocrx_word' id='word_1_379' title='bbox 695 5343 777 5400; x_wconf 89' lang='lat' dir='ltr'>Cf.</span> <span class='ocrx_word' id='word_1_380' title='bbox 801 5355 983 5413; x_wconf 88' lang='lat' dir='ltr'>supra</span> <span class='ocrx_word' id='word_1_381' title='bbox 1019 5338 1156 5410; x_wconf 81' lang='lat'>§28,</span> <span class='ocrx_word' id='word_1_382' title='bbox 1184 5352 1241 5409; x_wconf 88' lang='lat' dir='ltr'>p.</span> <span class='ocrx_word' id='word_1_383' title='bbox 1267 5336 1372 5392; x_wconf 88' lang='lat'>116</span> <span class='ocrx_word' id='word_1_384' title='bbox 1408 5350 1500 5407; x_wconf 87' lang='lat' dir='ltr'>sq.</span> 
     </span>
    </p>
   </div>
   <div class='ocr_carea' id='block_1_55' title="bbox 522 5421 1919 5509">
    <p class='ocr_par' dir='ltr' id='par_1_55' title="bbox 522 5421 1919 5509">
     <span class='ocr_line' id='line_1_55' title="bbox 522 5421 1919 5509; baseline -0.013 -17"><span class='ocrx_word' id='word_1_385' title='bbox 522 5452 535 5469; x_wconf 72' lang='grc'><em>’</em></span> <span class='ocrx_word' id='word_1_386' title='bbox 586 5435 665 5509; x_wconf 87' lang='grc'>(9)</span> <span class='ocrx_word' id='word_1_387' title='bbox 695 5435 847 5505; x_wconf 90' lang='lat' dir='ltr'>Opp.</span> <span class='ocrx_word' id='word_1_388' title='bbox 877 5427 1182 5485; x_wconf 82' lang='lat' dir='ltr'>Athanasii</span> <span class='ocrx_word' id='word_1_389' title='bbox 1213 5426 1306 5481; x_wconf 89' lang='lat' dir='ltr'>ed.</span> <span class='ocrx_word' id='word_1_390' title='bbox 1330 5426 1370 5480; x_wconf 93' lang='lat' dir='ltr'><strong>I.</strong></span> <span class='ocrx_word' id='word_1_391' title='bbox 1402 5426 1463 5479; x_wconf 91' lang='lat' dir='ltr'>T.</span> <span class='ocrx_word' id='word_1_392' title='bbox 1497 5424 1600 5479; x_wconf 89' lang='lat' dir='ltr'>IP.</span> <span class='ocrx_word' id='word_1_393' title='bbox 1626 5422 1675 5477; x_wconf 91' lang='lat' dir='ltr'>II</span> <span class='ocrx_word' id='word_1_394' title='bbox 1696 5436 1756 5495; x_wconf 92' lang='lat' dir='ltr'>p.</span> <span class='ocrx_word' id='word_1_395' title='bbox 1791 5421 1919 5476; x_wconf 82' lang='lat'>651.</span> 
     </span>
    </p>
   </div>
   <div class='ocr_carea' id='block_1_56' title="bbox 526 5512 2141 5597">
    <p class='ocr_par' dir='ltr' id='par_1_56' title="bbox 526 5512 2141 5597">
     <span class='ocr_line' id='line_1_56' title="bbox 526 5512 2141 5597; baseline -0.01 -16"><span class='ocrx_word' id='word_1_396' title='bbox 526 5547 537 5555; x_wconf 87' lang='grc'><strong>·</strong></span> <span class='ocrx_word' id='word_1_397' title='bbox 585 5524 695 5597; x_wconf 87' lang='grc'><strong>(10)</strong></span> <span class='ocrx_word' id='word_1_398' title='bbox 724 5522 807 5579; x_wconf 80' lang='lat' dir='ltr'>Ad</span> <span class='ocrx_word' id='word_1_399' title='bbox 832 5521 988 5576; x_wconf 89' lang='lat' dir='ltr'>hanc</span> <span class='ocrx_word' id='word_1_400' title='bbox 1018 5534 1225 5575; x_wconf 86' lang='lat' dir='ltr'>vocem</span> <span class='ocrx_word' id='word_1_401' title='bbox 1250 5515 1430 5586; x_wconf 86' lang='lat' dir='ltr'>gloss.</span> <span class='ocrx_word' id='word_1_402' title='bbox 1462 5518 1601 5569; x_wconf 84' lang='lat' dir='ltr'>vett.</span> <span class='ocrx_word' id='word_1_403' title='bbox 1644 5512 1896 5577; x_wconf 85' lang='lat' dir='ltr'>carrico,</span> <span class='ocrx_word' id='word_1_404' title='bbox 1937 5525 2141 5567; x_wconf 84' lang='lat' dir='ltr'>onero.</span> 
     </span>
    </p>
   </div>
   <div class='ocr_carea' id='block_1_57' title="bbox 514 5605 1438 5682">
    <p class='ocr_par' dir='ltr' id='par_1_57' title="bbox 514 5605 1438 5682">
     <span class='ocr_line' id='line_1_57' title="bbox 514 5605 1438 5682; baseline -0.016 -7"><span class='ocrx_word' id='word_1_405' title='bbox 514 5617 709 5675; x_wconf 72' lang='lat' dir='ltr'>Rosw.</span> <span class='ocrx_word' id='word_1_406' title='bbox 744 5612 782 5668; x_wconf 95' lang='lat' dir='ltr'>l.</span> <span class='ocrx_word' id='word_1_407' title='bbox 817 5614 857 5667; x_wconf 92' lang='lat' dir='ltr'>l.</span> <span class='ocrx_word' id='word_1_408' title='bbox 890 5625 949 5682; x_wconf 91' lang='lat' dir='ltr'>p.</span> <span class='ocrx_word' id='word_1_409' title='bbox 980 5609 1105 5675; x_wconf 74' lang='lat'>535,</span> <span class='ocrx_word' id='word_1_410' title='bbox 1141 5608 1306 5664; x_wconf 84' lang='lat' dir='ltr'>Inot.</span> <span class='ocrx_word' id='word_1_411' title='bbox 1350 5605 1438 5660; x_wconf 91' lang='lat'>13.</span> 
     </span>
    </p>
   </div>
   <div class='ocr_carea' id='block_1_58' title="bbox 584 5689 2033 5771">
    <p class='ocr_par' dir='ltr' id='par_1_58' title="bbox 584 5689 2033 5771">
     <span class='ocr_line' id='line_1_58' title="bbox 584 5689 2033 5771; baseline -0.012 -10"><span class='ocrx_word' id='word_1_412' title='bbox 584 5703 696 5771; x_wconf 86' lang='lat'>(11)</span> <span class='ocrx_word' id='word_1_413' title='bbox 724 5703 838 5761; x_wconf 86' lang='lat' dir='ltr'>VV.</span> <span class='ocrx_word' id='word_1_414' title='bbox 864 5700 967 5759; x_wconf 88' lang='lat' dir='ltr'>PP.</span> <span class='ocrx_word' id='word_1_415' title='bbox 997 5701 1190 5756; x_wconf 82' lang='lat' dir='ltr'>Rosw.</span> <span class='ocrx_word' id='word_1_416' title='bbox 1222 5697 1328 5753; x_wconf 88' lang='lat' dir='ltr'>lib.</span> <span class='ocrx_word' id='word_1_417' title='bbox 1356 5694 1429 5749; x_wconf 86' lang='lat' dir='ltr'>III</span> <span class='ocrx_word' id='word_1_418' title='bbox 1457 5707 1593 5765; x_wconf 95' lang='lat' dir='ltr'>cap.</span> <span class='ocrx_word' id='word_1_419' title='bbox 1634 5690 1704 5746; x_wconf 84' lang='lat'>73</span> <span class='ocrx_word' id='word_1_420' title='bbox 1728 5704 1787 5762; x_wconf 87' lang='lat' dir='ltr'>p.</span> <span class='ocrx_word' id='word_1_421' title='bbox 1812 5689 2033 5753; x_wconf 80' lang='lat'>512,1.</span> 
     </span>
    </p>
   </div>
   <div class='ocr_carea' id='block_1_59' title="bbox 2239 522 3897 604">
    <p class='ocr_par' dir='ltr' id='par_1_59' title="bbox 2239 522 3897 604">
     <span class='ocr_line' id='line_1_59' title="bbox 2239 522 3897 604; baseline -0.005 -16"><span class='ocrx_word' id='word_1_422' title='bbox 2239 527 2845 604; x_wconf 88' lang='lat' dir='ltr'>Apophthegmatum</span> <span class='ocrx_word' id='word_1_423' title='bbox 2902 530 3038 590; x_wconf 92' lang='lat' dir='ltr'>loco</span> <span class='ocrx_word' id='word_1_424' title='bbox 3107 526 3452 598; x_wconf 79' lang='lat' dir='ltr'>explicatur</span> <span class='ocrx_word' id='word_1_425' title='bbox 3514 541 3524 579; x_wconf 91' lang='lat'>:</span> <span class='ocrx_word' id='word_1_426' title='bbox 3588 542 3611 575; x_wconf 74' lang='grc' dir='ltr'><strong><em>ι</em></strong></span> <span class='ocrx_word' id='word_1_427' title='bbox 3672 522 3897 579; x_wconf 85' lang='lat' dir='ltr'>Narra-</span> 
     </span>
    </p>
   </div>
   <div class='ocr_carea' id='block_1_60' title="bbox 2238 622 3893 699">
    <p class='ocr_par' dir='ltr' id='par_1_60' title="bbox 2238 622 3893 699">
     <span class='ocr_line' id='line_1_60' title="bbox 2238 622 3893 699; baseline -0.005 -14"><span class='ocrx_word' id='word_1_428' title='bbox 2238 630 2406 699; x_wconf 89' lang='lat' dir='ltr'>bant,</span> <span class='ocrx_word' id='word_1_429' title='bbox 2464 630 2525 686; x_wconf 91' lang='lat' dir='ltr'>in</span> <span class='ocrx_word' id='word_1_430' title='bbox 2590 630 2866 687; x_wconf 90' lang='lat' dir='ltr'>absentia</span> <span class='ocrx_word' id='word_1_431' title='bbox 2937 626 3185 685; x_wconf 90' lang='lat' dir='ltr'>Macarii</span> <span class='ocrx_word' id='word_1_432' title='bbox 3268 622 3514 682; x_wconf 90' lang='lat' dir='ltr'>abbatis</span> <span class='ocrx_word' id='word_1_433' title='bbox 3585 622 3893 678; x_wconf 88' lang='lat' dir='ltr'>latronem</span> 
     </span>
    </p>
   </div>
   <div class='ocr_carea' id='block_1_61' title="bbox 2238 719 3893 800">
    <p class='ocr_par' dir='ltr' id='par_1_61' title="bbox 2238 719 3893 800">
     <span class='ocr_line' id='line_1_61' title="bbox 2238 719 3893 800; baseline -0.005 -17"><span class='ocrx_word' id='word_1_434' title='bbox 2238 727 2584 800; x_wconf 90' lang='lat' dir='ltr'>ingressum</span> <span class='ocrx_word' id='word_1_435' title='bbox 2672 742 2806 785; x_wconf 89' lang='lat' dir='ltr'>esse</span> <span class='ocrx_word' id='word_1_436' title='bbox 2875 726 3169 784; x_wconf 89' lang='lat' dir='ltr'>cellulam</span> <span class='ocrx_word' id='word_1_437' title='bbox 3239 724 3395 781; x_wconf 88' lang='lat' dir='ltr'>eius.</span> <span class='ocrx_word' id='word_1_438' title='bbox 3490 722 3623 792; x_wconf 91' lang='lat' dir='ltr'>Ipse</span> <span class='ocrx_word' id='word_1_439' title='bbox 3701 719 3893 790; x_wconf 79' lang='lat' dir='ltr'>igitur</span> 
     </span>
    </p>
   </div>
   <div class='ocr_carea' id='block_1_62' title="bbox 2237 819 3891 897">
    <p class='ocr_par' dir='ltr' id='par_1_62' title="bbox 2237 819 3891 897">
     <span class='ocr_line' id='line_1_62' title="bbox 2237 819 3891 897; baseline -0.007 -14"><span class='ocrx_word' id='word_1_440' title='bbox 2237 840 2433 897; x_wconf 89' lang='lat' dir='ltr'>quum</span> <span class='ocrx_word' id='word_1_441' title='bbox 2478 826 2556 883; x_wconf 80' lang='lat' dir='ltr'>ad</span> <span class='ocrx_word' id='word_1_442' title='bbox 2603 826 2897 884; x_wconf 88' lang='lat' dir='ltr'>cellulam</span> <span class='ocrx_word' id='word_1_443' title='bbox 2946 823 3252 890; x_wconf 90' lang='lat' dir='ltr'>rediisset,</span> <span class='ocrx_word' id='word_1_444' title='bbox 3304 819 3540 877; x_wconf 90' lang='lat' dir='ltr'>invenit</span> <span class='ocrx_word' id='word_1_445' title='bbox 3584 820 3891 875; x_wconf 89' lang='lat' dir='ltr'>latronem</span> 
     </span>
    </p>
   </div>
   <div class='ocr_carea' id='block_1_63' title="bbox 2237 916 3893 996">
    <p class='ocr_par' dir='ltr' id='par_1_63' title="bbox 2237 916 3893 996">
     <span class='ocr_line' id='line_1_63' title="bbox 2237 916 3893 996; baseline -0.005 -15"><span class='ocrx_word' id='word_1_446' title='bbox 2237 924 2545 981; x_wconf 81' lang='lat' dir='ltr'>camelum</span> <span class='ocrx_word' id='word_1_447' title='bbox 2600 923 2986 996; x_wconf 89' lang='lat' dir='ltr'>supellectile</span> <span class='ocrx_word' id='word_1_448' title='bbox 3038 935 3148 979; x_wconf 92' lang='lat' dir='ltr'>sua</span> <span class='ocrx_word' id='word_1_449' title='bbox 3218 922 3605 977; x_wconf 90' lang='lat' dir='ltr'>onerantem.</span> <span class='ocrx_word' id='word_1_450' title='bbox 3689 916 3893 983; x_wconf 86' lang='lat' dir='ltr'>Quare</span> 
     </span>
    </p>
   </div>
   <div class='ocr_carea' id='block_1_64' title="bbox 2236 1014 3887 1080">
    <p class='ocr_par' dir='ltr' id='par_1_64' title="bbox 2236 1014 3887 1080">
     <span class='ocr_line' id='line_1_64' title="bbox 2236 1014 3887 1080; baseline -0.006 -2"><span class='ocrx_word' id='word_1_451' title='bbox 2236 1020 2539 1080; x_wconf 90' lang='lat' dir='ltr'>introiens</span> <span class='ocrx_word' id='word_1_452' title='bbox 2591 1022 2653 1078; x_wconf 89' lang='lat' dir='ltr'>in</span> <span class='ocrx_word' id='word_1_453' title='bbox 2701 1021 2991 1079; x_wconf 89' lang='lat' dir='ltr'>cellulam</span> <span class='ocrx_word' id='word_1_454' title='bbox 3037 1024 3096 1077; x_wconf 92' lang='lat' dir='ltr'>et</span> <span class='ocrx_word' id='word_1_455' title='bbox 3138 1016 3436 1075; x_wconf 88' lang='lat' dir='ltr'>Macarius</span> <span class='ocrx_word' id='word_1_456' title='bbox 3475 1016 3551 1072; x_wconf 93' lang='lat' dir='ltr'>de</span> <span class='ocrx_word' id='word_1_457' title='bbox 3584 1014 3746 1071; x_wconf 88' lang='lat' dir='ltr'>vasis</span> <span class='ocrx_word' id='word_1_458' title='bbox 3772 1027 3887 1069; x_wconf 91' lang='lat' dir='ltr'>ac-</span> 
     </span>
    </p>
   </div>
   <div class='ocr_carea' id='block_1_65' title="bbox 2236 1110 3886 1192">
    <p class='ocr_par' dir='ltr' id='par_1_65' title="bbox 2236 1110 3886 1192">
     <span class='ocr_line' id='line_1_65' title="bbox 2236 1110 3886 1192; baseline -0.005 -15"><span class='ocrx_word' id='word_1_459' title='bbox 2236 1120 2528 1192; x_wconf 89' lang='lat' dir='ltr'>cipiebat,</span> <span class='ocrx_word' id='word_1_460' title='bbox 2581 1125 2640 1177; x_wconf 89' lang='lat' dir='ltr'>et</span> <span class='ocrx_word' id='word_1_461' title='bbox 2690 1134 2813 1177; x_wconf 90' lang='lat' dir='ltr'>una</span> <span class='ocrx_word' id='word_1_462' title='bbox 2863 1132 3008 1176; x_wconf 90' lang='lat' dir='ltr'>cum</span> <span class='ocrx_word' id='word_1_463' title='bbox 3060 1130 3135 1175; x_wconf 94' lang='lat' dir='ltr'>eo</span> <span class='ocrx_word' id='word_1_464' title='bbox 3190 1115 3490 1173; x_wconf 90' lang='lat' dir='ltr'>onerabat</span> <span class='ocrx_word' id='word_1_465' title='bbox 3543 1110 3886 1169; x_wconf 89' lang='lat' dir='ltr'>camelum.</span> 
     </span>
    </p>
   </div>
   <div class='ocr_carea' id='block_1_66' title="bbox 2237 1210 3896 1291">
    <p class='ocr_par' dir='ltr' id='par_1_66' title="bbox 2237 1210 3896 1291">
     <span class='ocr_line' id='line_1_66' title="bbox 2237 1210 3896 1291; baseline -0.007 -16"><span class='ocrx_word' id='word_1_466' title='bbox 2237 1217 2488 1275; x_wconf 89' lang='lat' dir='ltr'>Sarcina</span> <span class='ocrx_word' id='word_1_467' title='bbox 2541 1219 2730 1291; x_wconf 90' lang='lat' dir='ltr'>igitur</span> <span class='ocrx_word' id='word_1_468' title='bbox 2786 1216 3076 1289; x_wconf 89' lang='lat' dir='ltr'>imposita</span> <span class='ocrx_word' id='word_1_469' title='bbox 3130 1215 3229 1271; x_wconf 88' lang='lat' dir='ltr'>fur</span> <span class='ocrx_word' id='word_1_470' title='bbox 3291 1211 3499 1284; x_wconf 91' lang='lat' dir='ltr'>coepit</span> <span class='ocrx_word' id='word_1_471' title='bbox 3552 1210 3896 1267; x_wconf 88' lang='lat' dir='ltr'>verberare</span> 
     </span>
    </p>
   </div>
   <div class='ocr_carea' id='block_1_67' title="bbox 2236 1307 3885 1388">
    <p class='ocr_par' dir='ltr' id='par_1_67' title="bbox 2236 1307 3885 1388">
     <span class='ocr_line' id='line_1_67' title="bbox 2236 1307 3885 1388; baseline -0.007 -15"><span class='ocrx_word' id='word_1_472' title='bbox 2236 1317 2569 1383; x_wconf 91' lang='lat' dir='ltr'>camelum,</span> <span class='ocrx_word' id='word_1_473' title='bbox 2616 1323 2680 1374; x_wconf 92' lang='lat' dir='ltr'>ut</span> <span class='ocrx_word' id='word_1_474' title='bbox 2728 1319 3028 1388; x_wconf 85' lang='lat' dir='ltr'>surgeret.</span> <span class='ocrx_word' id='word_1_475' title='bbox 3072 1314 3282 1385; x_wconf 89' lang='lat' dir='ltr'>Neque</span> <span class='ocrx_word' id='word_1_476' title='bbox 3325 1315 3532 1368; x_wconf 92' lang='lat' dir='ltr'>tamen</span> <span class='ocrx_word' id='word_1_477' title='bbox 3566 1307 3885 1380; x_wconf 84' lang='lat' dir='ltr'>surgebat.</span> 
     </span>
    </p>
   </div>
   <div class='ocr_carea' id='block_1_68' title="bbox 2237 1404 3895 1483">
    <p class='ocr_par' dir='ltr' id='par_1_68' title="bbox 2237 1404 3895 1483">
     <span class='ocr_line' id='line_1_68' title="bbox 2237 1404 3895 1483; baseline -0.007 -11"><span class='ocrx_word' id='word_1_478' title='bbox 2237 1412 2410 1483; x_wconf 85' lang='lat' dir='ltr'>Quod</span> <span class='ocrx_word' id='word_1_479' title='bbox 2461 1414 2569 1472; x_wconf 91' lang='lat' dir='ltr'>ubi</span> <span class='ocrx_word' id='word_1_480' title='bbox 2621 1413 2779 1471; x_wconf 89' lang='lat' dir='ltr'>vidit</span> <span class='ocrx_word' id='word_1_481' title='bbox 2818 1414 3013 1470; x_wconf 91' lang='lat' dir='ltr'>abbas</span> <span class='ocrx_word' id='word_1_482' title='bbox 3057 1410 3380 1479; x_wconf 87' lang='lat' dir='ltr'>Macarius,</span> <span class='ocrx_word' id='word_1_483' title='bbox 3448 1406 3739 1465; x_wconf 89' lang='lat' dir='ltr'>cellulam</span> <span class='ocrx_word' id='word_1_484' title='bbox 3794 1404 3895 1461; x_wconf 91' lang='lat' dir='ltr'>in-</span> 
     </span>
    </p>
   </div>
   <div class='ocr_carea' id='block_1_69' title="bbox 2237 1503 3890 1584">
    <p class='ocr_par' dir='ltr' id='par_1_69' title="bbox 2237 1503 3890 1584">
     <span class='ocr_line' id='line_1_69' title="bbox 2237 1503 3890 1584; baseline -0.005 -17"><span class='ocrx_word' id='word_1_485' title='bbox 2237 1527 2482 1584; x_wconf 87' lang='lat' dir='ltr'>gressus</span> <span class='ocrx_word' id='word_1_486' title='bbox 2532 1508 2705 1579; x_wconf 80' lang='lat'>136</span> <span class='ocrx_word' id='word_1_487' title='bbox 2758 1525 3019 1583; x_wconf 89' lang='lat' dir='ltr'>parvum</span> <span class='ocrx_word' id='word_1_488' title='bbox 3062 1508 3379 1568; x_wconf 89' lang='lat' dir='ltr'>sarculum</span> <span class='ocrx_word' id='word_1_489' title='bbox 3427 1505 3685 1573; x_wconf 90' lang='lat' dir='ltr'>invenit,</span> <span class='ocrx_word' id='word_1_490' title='bbox 3716 1503 3890 1574; x_wconf 91' lang='lat' dir='ltr'>quod</span> 
     </span>
    </p>
   </div>
   <div class='ocr_carea' id='block_1_70' title="bbox 2237 1600 3898 1682">
    <p class='ocr_par' dir='ltr' id='par_1_70' title="bbox 2237 1600 3898 1682">
     <span class='ocr_line' id='line_1_70' title="bbox 2237 1600 3898 1682; baseline -0.005 -17"><span class='ocrx_word' id='word_1_491' title='bbox 2237 1609 2534 1668; x_wconf 91' lang='lat' dir='ltr'>emissum</span> <span class='ocrx_word' id='word_1_492' title='bbox 2578 1610 2879 1682; x_wconf 91' lang='lat' dir='ltr'>imposuit</span> <span class='ocrx_word' id='word_1_493' title='bbox 2922 1609 3163 1666; x_wconf 88' lang='lat' dir='ltr'>camelo</span> <span class='ocrx_word' id='word_1_494' title='bbox 3201 1607 3415 1663; x_wconf 90' lang='lat' dir='ltr'>dicens</span> <span class='ocrx_word' id='word_1_495' title='bbox 3449 1623 3461 1659; x_wconf 91' lang='lat'><strong>:</strong></span> <span class='ocrx_word' id='word_1_496' title='bbox 3500 1603 3734 1671; x_wconf 85' lang='lat' dir='ltr'>Frater,</span> <span class='ocrx_word' id='word_1_497' title='bbox 3774 1600 3898 1658; x_wconf 84' lang='lat' dir='ltr'>hoc</span> 
     </span>
    </p>
   </div>
   <div class='ocr_carea' id='block_1_71' title="bbox 2237 1704 3892 1779">
    <p class='ocr_par' dir='ltr' id='par_1_71' title="bbox 2237 1704 3892 1779">
     <span class='ocr_line' id='line_1_71' title="bbox 2237 1704 3892 1779; baseline -0.007 -13"><span class='ocrx_word' id='word_1_498' title='bbox 2237 1709 2484 1779; x_wconf 88' lang='lat' dir='ltr'>quaerit</span> <span class='ocrx_word' id='word_1_499' title='bbox 2528 1712 2825 1766; x_wconf 89' lang='lat' dir='ltr'>camelus.</span> <span class='ocrx_word' id='word_1_500' title='bbox 2880 1708 2961 1764; x_wconf 88' lang='lat' dir='ltr'>Ac</span> <span class='ocrx_word' id='word_1_501' title='bbox 3011 1706 3169 1777; x_wconf 92' lang='lat' dir='ltr'>pede</span> <span class='ocrx_word' id='word_1_502' title='bbox 3225 1704 3478 1776; x_wconf 89' lang='lat' dir='ltr'>pulsans</span> <span class='ocrx_word' id='word_1_503' title='bbox 3515 1714 3653 1758; x_wconf 89' lang='lat' dir='ltr'>eam</span> <span class='ocrx_word' id='word_1_504' title='bbox 3700 1712 3892 1756; x_wconf 80' lang='lat' dir='ltr'>senex</span> 
     </span>
    </p>
   </div>
   <div class='ocr_carea' id='block_1_72' title="bbox 2239 1801 3897 1878">
    <p class='ocr_par' dir='ltr' id='par_1_72' title="bbox 2239 1801 3897 1878">
     <span class='ocr_line' id='line_1_72' title="bbox 2239 1801 3897 1878; baseline -0.006 -17"><span class='ocrx_word' id='word_1_505' title='bbox 2239 1806 2318 1862; x_wconf 90' lang='lat' dir='ltr'>ait</span> <span class='ocrx_word' id='word_1_506' title='bbox 2356 1822 2368 1861; x_wconf 90' lang='lat'>:</span> <span class='ocrx_word' id='word_1_507' title='bbox 2404 1807 2616 1878; x_wconf 87' lang='lat' dir='ltr'>Surge.</span> <span class='ocrx_word' id='word_1_508' title='bbox 2672 1806 3134 1876; x_wconf 86' lang='lat' dir='ltr'>Confestimque</span> <span class='ocrx_word' id='word_1_509' title='bbox 3176 1801 3469 1863; x_wconf 82' lang='lat' dir='ltr'>surrexit,</span> <span class='ocrx_word' id='word_1_510' title='bbox 3531 1806 3590 1855; x_wconf 94' lang='lat' dir='ltr'>et</span> <span class='ocrx_word' id='word_1_511' title='bbox 3636 1810 3897 1869; x_wconf 88' lang='lat' dir='ltr'>parum-</span> 
     </span>
    </p>
   </div>
   <div class='ocr_carea' id='block_1_73' title="bbox 2239 1899 3890 1974">
    <p class='ocr_par' dir='ltr' id='par_1_73' title="bbox 2239 1899 3890 1974">
     <span class='ocr_line' id='line_1_73' title="bbox 2239 1899 3890 1974; baseline -0.007 -15"><span class='ocrx_word' id='word_1_512' title='bbox 2239 1917 2350 1974; x_wconf 92' lang='lat' dir='ltr'>per</span> <span class='ocrx_word' id='word_1_513' title='bbox 2404 1903 2646 1961; x_wconf 89' lang='lat' dir='ltr'>itineris</span> <span class='ocrx_word' id='word_1_514' title='bbox 2699 1902 2966 1961; x_wconf 86' lang='lat' dir='ltr'>confecit</span> <span class='ocrx_word' id='word_1_515' title='bbox 3018 1905 3275 1973; x_wconf 85' lang='lat' dir='ltr'>propter</span> <span class='ocrx_word' id='word_1_516' title='bbox 3322 1899 3458 1955; x_wconf 91' lang='lat' dir='ltr'>eius</span> <span class='ocrx_word' id='word_1_517' title='bbox 3507 1907 3890 1954; x_wconf 89' lang='lat' dir='ltr'>sermonem.</span> 
     </span>
    </p>
   </div>
   <div class='ocr_carea' id='block_1_74' title="bbox 2239 1990 3893 2071">
    <p class='ocr_par' dir='ltr' id='par_1_74' title="bbox 2239 1990 3893 2071">
     <span class='ocr_line' id='line_1_74' title="bbox 2239 1990 3893 2071; baseline -0.006 -13"><span class='ocrx_word' id='word_1_518' title='bbox 2239 2000 2357 2058; x_wconf 91' lang='lat' dir='ltr'>Sed</span> <span class='ocrx_word' id='word_1_519' title='bbox 2407 2001 2637 2059; x_wconf 86' lang='lat' dir='ltr'>iterum</span> <span class='ocrx_word' id='word_1_520' title='bbox 2694 2000 2945 2067; x_wconf 89' lang='lat' dir='ltr'>resedit,</span> <span class='ocrx_word' id='word_1_521' title='bbox 3000 2012 3200 2071; x_wconf 91' lang='lat' dir='ltr'>neque</span> <span class='ocrx_word' id='word_1_522' title='bbox 3252 1990 3628 2061; x_wconf 79' lang='lat' dir='ltr'>exsurrexit,</span> <span class='ocrx_word' id='word_1_523' title='bbox 3687 1994 3893 2051; x_wconf 88' lang='lat' dir='ltr'>donec</span> 
     </span>
    </p>
   </div>
   <div class='ocr_carea' id='block_1_75' title="bbox 2240 2092 3892 2170">
    <p class='ocr_par' dir='ltr' id='par_1_75' title="bbox 2240 2092 3892 2170">
     <span class='ocr_line' id='line_1_75' title="bbox 2240 2092 3892 2170; baseline -0.004 -17"><span class='ocrx_word' id='word_1_524' title='bbox 2240 2096 2669 2170; x_wconf 91' lang='lat' dir='ltr'>deposuissent</span> <span class='ocrx_word' id='word_1_525' title='bbox 2766 2104 3049 2156; x_wconf 90' lang='lat' dir='ltr'>cunctam</span> <span class='ocrx_word' id='word_1_526' title='bbox 3139 2093 3618 2168; x_wconf 91' lang='lat' dir='ltr'>supellectilem.</span> <span class='ocrx_word' id='word_1_527' title='bbox 3716 2092 3892 2147; x_wconf 90' lang='lat' dir='ltr'>Tunc</span> 
     </span>
    </p>
   </div>
   <div class='ocr_carea' id='block_1_76' title="bbox 2238 2188 3895 2273">
    <p class='ocr_par' dir='ltr' id='par_1_76' title="bbox 2238 2188 3895 2273">
     <span class='ocr_line' id='line_1_76' title="bbox 2238 2188 3895 2273; baseline -0.005 -21"><span class='ocrx_word' id='word_1_528' title='bbox 2238 2196 2494 2254; x_wconf 90' lang='lat' dir='ltr'>demum</span> <span class='ocrx_word' id='word_1_529' title='bbox 2528 2197 2684 2255; x_wconf 90' lang='lat' dir='ltr'>abiit</span> <span class='ocrx_word' id='word_1_530' title='bbox 2726 2194 2879 2273; x_wconf 83' lang='lat'>(15).</span> <span class='ocrx_word' id='word_1_531' title='bbox 2914 2216 2944 2251; x_wconf 89' lang='lat'><strong>»</strong></span> <span class='ocrx_word' id='word_1_532' title='bbox 2985 2193 3320 2253; x_wconf 90' lang='lat' dir='ltr'>Macarium</span> <span class='ocrx_word' id='word_1_533' title='bbox 3358 2190 3750 2264; x_wconf 81' lang='lat' dir='ltr'>Aegyptium,</span> <span class='ocrx_word' id='word_1_534' title='bbox 3789 2188 3895 2245; x_wconf 90' lang='lat' dir='ltr'>cui</span> 
     </span>
    </p>
   </div>
   <div class='ocr_carea' id='block_1_77' title="bbox 2241 2286 3895 2367">
    <p class='ocr_par' dir='ltr' id='par_1_77' title="bbox 2241 2286 3895 2367">
     <span class='ocr_line' id='line_1_77' title="bbox 2241 2286 3895 2367; baseline -0.005 -16"><span class='ocrx_word' id='word_1_535' title='bbox 2241 2295 2847 2367; x_wconf 86' lang='lat' dir='ltr'>Apophthegmatum</span> <span class='ocrx_word' id='word_1_536' title='bbox 2922 2292 3298 2365; x_wconf 87' lang='lat' dir='ltr'>compilator</span> <span class='ocrx_word' id='word_1_537' title='bbox 3370 2303 3504 2347; x_wconf 90' lang='lat' dir='ltr'>rem</span> <span class='ocrx_word' id='word_1_538' title='bbox 3577 2286 3895 2358; x_wconf 87' lang='lat' dir='ltr'>attribuit,</span> 
     </span>
    </p>
   </div>
   <div class='ocr_carea' id='block_1_78' title="bbox 2240 2383 3896 2465">
    <p class='ocr_par' dir='ltr' id='par_1_78' title="bbox 2240 2383 3896 2465">
     <span class='ocr_line' id='line_1_78' title="bbox 2240 2383 3896 2465; baseline -0.006 -17"><span class='ocrx_word' id='word_1_539' title='bbox 2240 2390 2599 2465; x_wconf 84' lang='lat' dir='ltr'>signiﬁcari,</span> <span class='ocrx_word' id='word_1_540' title='bbox 2654 2392 2799 2449; x_wconf 89' lang='lat' dir='ltr'>libri</span> <span class='ocrx_word' id='word_1_541' title='bbox 2849 2391 3050 2463; x_wconf 89' lang='lat' dir='ltr'>quinti</span> <span class='ocrx_word' id='word_1_542' title='bbox 3102 2390 3335 2447; x_wconf 89' lang='lat' dir='ltr'>verba:</span> <span class='ocrx_word' id='word_1_543' title='bbox 3382 2405 3411 2439; x_wconf 90' lang='lat'><strong>«</strong></span> <span class='ocrx_word' id='word_1_544' title='bbox 3464 2383 3771 2443; x_wconf 86' lang='lat' dir='ltr'>Macarius</span> <span class='ocrx_word' id='word_1_545' title='bbox 3826 2384 3896 2439; x_wconf 87' lang='lat' dir='ltr'>in</span> 
     </span>
    </p>
   </div>
   <div class='ocr_carea' id='block_1_79' title="bbox 2241 2482 3897 2563">
    <p class='ocr_par' dir='ltr' id='par_1_79' title="bbox 2241 2482 3897 2563">
     <span class='ocr_line' id='line_1_79' title="bbox 2241 2482 3897 2563; baseline -0.007 -14"><span class='ocrx_word' id='word_1_546' title='bbox 2241 2492 2517 2563; x_wconf 86' lang='lat' dir='ltr'>Aegypto</span> <span class='ocrx_word' id='word_1_547' title='bbox 2561 2490 2821 2561; x_wconf 91' lang='lat' dir='ltr'>positus,</span> <span class='ocrx_word' id='word_1_548' title='bbox 2864 2511 2885 2541; x_wconf 73' lang='grc' dir='ltr'><strong><em>ι</em></strong></span> <span class='ocrx_word' id='word_1_549' title='bbox 2922 2492 2983 2546; x_wconf 92' lang='lat' dir='ltr'>et</span> <span class='ocrx_word' id='word_1_550' title='bbox 3033 2487 3275 2555; x_wconf 92' lang='lat' dir='ltr'>eadem,</span> <span class='ocrx_word' id='word_1_551' title='bbox 3324 2500 3483 2557; x_wconf 91' lang='lat' dir='ltr'>quae</span> <span class='ocrx_word' id='word_1_552' title='bbox 3519 2482 3683 2554; x_wconf 89' lang='lat' dir='ltr'>apud</span> <span class='ocrx_word' id='word_1_553' title='bbox 3718 2482 3897 2540; x_wconf 83' lang='lat' dir='ltr'>Cote-</span> 
     </span>
    </p>
   </div>
   <div class='ocr_carea' id='block_1_80' title="bbox 2241 2574 3898 2657">
    <p class='ocr_par' dir='ltr' id='par_1_80' title="bbox 2241 2574 3898 2657">
     <span class='ocr_line' id='line_1_80' title="bbox 2241 2574 3898 2657; baseline -0.007 -10"><span class='ocrx_word' id='word_1_554' title='bbox 2241 2590 2467 2648; x_wconf 88' lang='lat' dir='ltr'>lerium</span> <span class='ocrx_word' id='word_1_555' title='bbox 2515 2592 2679 2657; x_wconf 89' lang='lat' dir='ltr'>sunt,</span> <span class='ocrx_word' id='word_1_556' title='bbox 2739 2587 3038 2645; x_wconf 91' lang='lat' dir='ltr'>vocabula</span> <span class='ocrx_word' id='word_1_557' title='bbox 3081 2599 3299 2657; x_wconf 88' lang='lat' dir='ltr'>graeca</span> <span class='ocrx_word' id='word_1_558' title='bbox 3357 2600 3369 2639; x_wconf 88' lang='lat'><strong>:</strong></span> <span class='ocrx_word' id='word_1_559' title='bbox 3419 2579 3690 2651; x_wconf 77' lang='grc' dir='ltr'>Μακάριος</span> <span class='ocrx_word' id='word_1_560' title='bbox 3720 2575 3769 2626; x_wconf 77' lang='grc' dir='ltr'>ἐν</span> <span class='ocrx_word' id='word_1_561' title='bbox 3803 2574 3898 2628; x_wconf 80' lang='grc' dir='ltr'>Αἰ-</span> 
     </span>
    </p>
   </div>
   <div class='ocr_carea' id='block_1_81' title="bbox 2240 2679 3901 2757">
    <p class='ocr_par' dir='ltr' id='par_1_81' title="bbox 2240 2679 3901 2757">
     <span class='ocr_line' id='line_1_81' title="bbox 2240 2679 3901 2757; baseline -0.001 -23"><span class='ocrx_word' id='word_1_562' title='bbox 2240 2687 2423 2755; x_wconf 73' lang='grc' dir='ltr'>γύπτῳ</span> <span class='ocrx_word' id='word_1_563' title='bbox 2443 2688 2509 2734; x_wconf 82' lang='grc' dir='ltr'>ὢν</span> <span class='ocrx_word' id='word_1_564' title='bbox 2553 2686 2701 2744; x_wconf 90' lang='lat' dir='ltr'>satis</span> <span class='ocrx_word' id='word_1_565' title='bbox 2742 2686 3177 2757; x_wconf 90' lang='lat' dir='ltr'>comprobant.</span> <span class='ocrx_word' id='word_1_566' title='bbox 3228 2681 3337 2738; x_wconf 91' lang='lat' dir='ltr'>Illa</span> <span class='ocrx_word' id='word_1_567' title='bbox 3382 2680 3515 2738; x_wconf 93' lang='lat' dir='ltr'>Iobi</span> <span class='ocrx_word' id='word_1_568' title='bbox 3550 2679 3739 2737; x_wconf 90' lang='lat' dir='ltr'>verba</span> <span class='ocrx_word' id='word_1_569' title='bbox 3772 2679 3901 2734; x_wconf 89' lang='lat' dir='ltr'>Ma-</span> 
     </span>
    </p>
   </div>
   <div class='ocr_carea' id='block_1_82' title="bbox 2241 2776 3900 2856">
    <p class='ocr_par' dir='ltr' id='par_1_82' title="bbox 2241 2776 3900 2856">
     <span class='ocr_line' id='line_1_82' title="bbox 2241 2776 3900 2856; baseline -0.008 -12"><span class='ocrx_word' id='word_1_570' title='bbox 2241 2786 2448 2844; x_wconf 91' lang='lat' dir='ltr'>carius</span> <span class='ocrx_word' id='word_1_571' title='bbox 2512 2783 2847 2856; x_wconf 88' lang='lat' dir='ltr'>Aegyptius</span> <span class='ocrx_word' id='word_1_572' title='bbox 2900 2782 3087 2840; x_wconf 88' lang='lat' dir='ltr'>etiam</span> <span class='ocrx_word' id='word_1_573' title='bbox 3146 2781 3209 2836; x_wconf 88' lang='lat' dir='ltr'>in</span> <span class='ocrx_word' id='word_1_574' title='bbox 3264 2778 3544 2837; x_wconf 88' lang='lat' dir='ltr'>homiliis</span> <span class='ocrx_word' id='word_1_575' title='bbox 3595 2776 3900 2833; x_wconf 89' lang='lat' dir='ltr'>laudibus</span> 
     </span>
    </p>
   </div>
   <div class='ocr_carea' id='block_1_83' title="bbox 2242 2874 3899 2957">
    <p class='ocr_par' dir='ltr' id='par_1_83' title="bbox 2242 2874 3899 2957">
     <span class='ocr_line' id='line_1_83' title="bbox 2242 2874 3899 2957; baseline -0.008 -16"><span class='ocrx_word' id='word_1_576' title='bbox 2242 2882 2418 2942; x_wconf 79' lang='lat' dir='ltr'>eﬂert</span> <span class='ocrx_word' id='word_1_577' title='bbox 2461 2878 2609 2957; x_wconf 74' lang='lat'>(16).</span> <span class='ocrx_word' id='word_1_578' title='bbox 2646 2881 2935 2938; x_wconf 90' lang='lat' dir='ltr'>Latrones</span> <span class='ocrx_word' id='word_1_579' title='bbox 2965 2893 3112 2937; x_wconf 91' lang='lat' dir='ltr'>vero</span> <span class='ocrx_word' id='word_1_580' title='bbox 3144 2877 3253 2934; x_wconf 91' lang='lat' dir='ltr'>illo</span> <span class='ocrx_word' id='word_1_581' title='bbox 3281 2880 3567 2948; x_wconf 89' lang='lat' dir='ltr'>tempore</span> <span class='ocrx_word' id='word_1_582' title='bbox 3597 2874 3660 2930; x_wconf 89' lang='lat' dir='ltr'>in</span> <span class='ocrx_word' id='word_1_583' title='bbox 3699 2875 3899 2946; x_wconf 88' lang='lat' dir='ltr'>Aegy-</span> 
     </span>
    </p>
   </div>
   <div class='ocr_carea' id='block_1_84' title="bbox 2244 2971 3903 3055">
    <p class='ocr_par' dir='ltr' id='par_1_84' title="bbox 2244 2971 3903 3055">
     <span class='ocr_line' id='line_1_84' title="bbox 2244 2971 3903 3055; baseline -0.007 -16"><span class='ocrx_word' id='word_1_584' title='bbox 2244 2983 2332 3055; x_wconf 90' lang='lat' dir='ltr'>pti</span> <span class='ocrx_word' id='word_1_585' title='bbox 2371 2979 2635 3038; x_wconf 88' lang='lat' dir='ltr'>desertis</span> <span class='ocrx_word' id='word_1_586' title='bbox 2675 2976 3045 3038; x_wconf 89' lang='lat' dir='ltr'>creberrimi</span> <span class='ocrx_word' id='word_1_587' title='bbox 3091 2983 3287 3033; x_wconf 88' lang='lat' dir='ltr'>erant.</span> <span class='ocrx_word' id='word_1_588' title='bbox 3337 2975 3414 3031; x_wconf 92' lang='lat' dir='ltr'>De</span> <span class='ocrx_word' id='word_1_589' title='bbox 3466 2973 3727 3038; x_wconf 91' lang='lat' dir='ltr'>latrone,</span> <span class='ocrx_word' id='word_1_590' title='bbox 3782 2971 3903 3043; x_wconf 92' lang='lat' dir='ltr'>qui</span> 
     </span>
    </p>
   </div>
   <div class='ocr_carea' id='block_1_85' title="bbox 2243 3068 3896 3150">
    <p class='ocr_par' dir='ltr' id='par_1_85' title="bbox 2243 3068 3896 3150">
     <span class='ocr_line' id='line_1_85' title="bbox 2243 3068 3896 3150; baseline -0.006 -15"><span class='ocrx_word' id='word_1_591' title='bbox 2243 3079 2545 3150; x_wconf 87' lang='lat' dir='ltr'>virginem</span> <span class='ocrx_word' id='word_1_592' title='bbox 2600 3078 2722 3134; x_wconf 92' lang='lat' dir='ltr'>Deo</span> <span class='ocrx_word' id='word_1_593' title='bbox 2788 3082 3089 3134; x_wconf 89' lang='lat' dir='ltr'>sacratam</span> <span class='ocrx_word' id='word_1_594' title='bbox 3144 3088 3179 3130; x_wconf 95' lang='lat' dir='ltr'>e</span> <span class='ocrx_word' id='word_1_595' title='bbox 3229 3068 3518 3129; x_wconf 92' lang='lat' dir='ltr'>manibus</span> <span class='ocrx_word' id='word_1_596' title='bbox 3572 3068 3896 3127; x_wconf 87' lang='lat' dir='ltr'>sociorum</span> 
     </span>
    </p>
   </div>
   <div class='ocr_carea' id='block_1_86' title="bbox 2243 3164 3900 3247">
    <p class='ocr_par' dir='ltr' id='par_1_86' title="bbox 2243 3164 3900 3247">
     <span class='ocr_line' id='line_1_86' title="bbox 2243 3164 3900 3247; baseline -0.007 -14"><span class='ocrx_word' id='word_1_597' title='bbox 2243 3182 2529 3247; x_wconf 90' lang='lat' dir='ltr'>stuprare</span> <span class='ocrx_word' id='word_1_598' title='bbox 2581 3187 2718 3230; x_wconf 89' lang='lat' dir='ltr'>eam</span> <span class='ocrx_word' id='word_1_599' title='bbox 2774 3170 3161 3243; x_wconf 90' lang='lat' dir='ltr'>cupientium</span> <span class='ocrx_word' id='word_1_600' title='bbox 3210 3168 3465 3240; x_wconf 89' lang='lat' dir='ltr'>eripuit,</span> <span class='ocrx_word' id='word_1_601' title='bbox 3513 3165 3665 3237; x_wconf 87' lang='lat' dir='ltr'>legis</span> <span class='ocrx_word' id='word_1_602' title='bbox 3712 3164 3774 3222; x_wconf 89' lang='lat' dir='ltr'>in</span> <span class='ocrx_word' id='word_1_603' title='bbox 3826 3165 3900 3221; x_wconf 91' lang='lat' dir='ltr'>li-</span> 
     </span>
    </p>
   </div>
   <div class='ocr_carea' id='block_1_87' title="bbox 2247 3263 3901 3348">
    <p class='ocr_par' dir='ltr' id='par_1_87' title="bbox 2247 3263 3901 3348">
     <span class='ocr_line' id='line_1_87' title="bbox 2247 3263 3901 3348; baseline -0.007 -17"><span class='ocrx_word' id='word_1_604' title='bbox 2247 3275 2363 3331; x_wconf 90' lang='lat' dir='ltr'>bro</span> <span class='ocrx_word' id='word_1_605' title='bbox 2410 3267 2863 3348; x_wconf 84' lang='lat' dir='ltr'>secundo(17).</span> <span class='ocrx_word' id='word_1_606' title='bbox 2919 3269 3147 3327; x_wconf 89' lang='lat' dir='ltr'>Cellam</span> <span class='ocrx_word' id='word_1_607' title='bbox 3203 3267 3263 3324; x_wconf 90' lang='lat' dir='ltr'>S.</span> <span class='ocrx_word' id='word_1_608' title='bbox 3312 3264 3647 3324; x_wconf 87' lang='lat' dir='ltr'>Hilarionis</span> <span class='ocrx_word' id='word_1_609' title='bbox 3705 3263 3901 3321; x_wconf 89' lang='lat' dir='ltr'>latro-</span> 
     </span>
    </p>
   </div>
   <div class='ocr_carea' id='block_1_88' title="bbox 2249 3364 3893 3444">
    <p class='ocr_par' dir='ltr' id='par_1_88' title="bbox 2249 3364 3893 3444">
     <span class='ocr_line' id='line_1_88' title="bbox 2249 3364 3893 3444; baseline -0.009 -13"><span class='ocrx_word' id='word_1_610' title='bbox 2249 3389 2356 3431; x_wconf 93' lang='lat' dir='ltr'>nes</span> <span class='ocrx_word' id='word_1_611' title='bbox 2430 3385 2542 3444; x_wconf 90' lang='lat' dir='ltr'>per</span> <span class='ocrx_word' id='word_1_612' title='bbox 2610 3376 2802 3428; x_wconf 92' lang='lat' dir='ltr'>totam</span> <span class='ocrx_word' id='word_1_613' title='bbox 2870 3373 3117 3426; x_wconf 91' lang='lat' dir='ltr'>noctem</span> <span class='ocrx_word' id='word_1_614' title='bbox 3192 3364 3617 3438; x_wconf 90' lang='lat' dir='ltr'>quaesierunt,</span> <span class='ocrx_word' id='word_1_615' title='bbox 3692 3376 3893 3433; x_wconf 90' lang='lat' dir='ltr'>neque</span> 
     </span>
    </p>
   </div>
   <div class='ocr_carea' id='block_1_89' title="bbox 2248 3459 3898 3541">
    <p class='ocr_par' dir='ltr' id='par_1_89' title="bbox 2248 3459 3898 3541">
     <span class='ocr_line' id='line_1_89' title="bbox 2248 3459 3898 3541; baseline -0.007 -14"><span class='ocrx_word' id='word_1_616' title='bbox 2248 3470 2529 3527; x_wconf 89' lang='lat' dir='ltr'>invenire</span> <span class='ocrx_word' id='word_1_617' title='bbox 2577 3471 2913 3540; x_wconf 87' lang='lat' dir='ltr'>potuerunt</span> <span class='ocrx_word' id='word_1_618' title='bbox 2962 3461 3106 3541; x_wconf 94' lang='lat'>(18).</span> <span class='ocrx_word' id='word_1_619' title='bbox 3161 3464 3219 3521; x_wconf 89' lang='lat' dir='ltr'>S.</span> <span class='ocrx_word' id='word_1_620' title='bbox 3280 3460 3567 3519; x_wconf 87' lang='lat' dir='ltr'>Ammoni</span> <span class='ocrx_word' id='word_1_621' title='bbox 3624 3459 3898 3517; x_wconf 89' lang='lat' dir='ltr'>latrones</span> 
     </span>
    </p>
   </div>
   <div class='ocr_carea' id='block_1_90' title="bbox 2249 3562 3899 3639">
    <p class='ocr_par' dir='ltr' id='par_1_90' title="bbox 2249 3562 3899 3639">
     <span class='ocr_line' id='line_1_90' title="bbox 2249 3562 3899 3639; baseline -0.007 -14"><span class='ocrx_word' id='word_1_622' title='bbox 2249 3568 2607 3639; x_wconf 89' lang='lat' dir='ltr'>frequenter</span> <span class='ocrx_word' id='word_1_623' title='bbox 2654 3578 2877 3637; x_wconf 91' lang='lat' dir='ltr'>panem</span> <span class='ocrx_word' id='word_1_624' title='bbox 2930 3562 3339 3627; x_wconf 89' lang='lat' dir='ltr'>abstulerunt,</span> <span class='ocrx_word' id='word_1_625' title='bbox 3404 3572 3598 3631; x_wconf 89' lang='lat' dir='ltr'>quare</span> <span class='ocrx_word' id='word_1_626' title='bbox 3652 3562 3899 3614; x_wconf 90' lang='lat' dir='ltr'>sanctus</span> 
     </span>
    </p>
   </div>
   <div class='ocr_carea' id='block_1_91' title="bbox 2251 3654 3899 3732">
    <p class='ocr_par' dir='ltr' id='par_1_91' title="bbox 2251 3654 3899 3732">
     <span class='ocr_line' id='line_1_91' title="bbox 2251 3654 3899 3732; baseline -0.008 -9"><span class='ocrx_word' id='word_1_627' title='bbox 2251 3665 2407 3723; x_wconf 91' lang='lat' dir='ltr'>duos</span> <span class='ocrx_word' id='word_1_628' title='bbox 2448 3664 2645 3722; x_wconf 89' lang='lat' dir='ltr'>eremi</span> <span class='ocrx_word' id='word_1_629' title='bbox 2696 3663 3000 3719; x_wconf 88' lang='lat' dir='ltr'>dracones</span> <span class='ocrx_word' id='word_1_630' title='bbox 3048 3660 3325 3732; x_wconf 85' lang='lat' dir='ltr'>ingentes</span> <span class='ocrx_word' id='word_1_631' title='bbox 3368 3658 3442 3715; x_wconf 92' lang='lat' dir='ltr'>ad</span> <span class='ocrx_word' id='word_1_632' title='bbox 3493 3654 3721 3714; x_wconf 90' lang='lat' dir='ltr'>ostium</span> <span class='ocrx_word' id='word_1_633' title='bbox 3767 3655 3899 3712; x_wconf 89' lang='lat' dir='ltr'>cel-</span> 
     </span>
    </p>
   </div>
   <div class='ocr_carea' id='block_1_92' title="bbox 2252 3753 3895 3831">
    <p class='ocr_par' dir='ltr' id='par_1_92' title="bbox 2252 3753 3895 3831">
     <span class='ocr_line' id='line_1_92' title="bbox 2252 3753 3895 3831; baseline -0.008 -10"><span class='ocrx_word' id='word_1_634' title='bbox 2252 3763 2345 3821; x_wconf 92' lang='lat' dir='ltr'>lae</span> <span class='ocrx_word' id='word_1_635' title='bbox 2422 3761 2775 3828; x_wconf 90' lang='lat' dir='ltr'>collocavit,</span> <span class='ocrx_word' id='word_1_636' title='bbox 2854 3772 3126 3831; x_wconf 90' lang='lat' dir='ltr'>quorum</span> <span class='ocrx_word' id='word_1_637' title='bbox 3199 3759 3452 3828; x_wconf 90' lang='lat' dir='ltr'>aspectu</span> <span class='ocrx_word' id='word_1_638' title='bbox 3525 3753 3895 3821; x_wconf 86' lang='lat' dir='ltr'>semineces,</span> 
     </span>
    </p>
   </div>
   <div class='ocr_carea' id='block_1_93' title="bbox 2251 3849 3894 3933">
    <p class='ocr_par' dir='ltr' id='par_1_93' title="bbox 2251 3849 3894 3933">
     <span class='ocr_line' id='line_1_93' title="bbox 2251 3849 3894 3933; baseline -0.009 -14"><span class='ocrx_word' id='word_1_639' title='bbox 2251 3876 2445 3933; x_wconf 89' lang='lat' dir='ltr'>quum</span> <span class='ocrx_word' id='word_1_640' title='bbox 2506 3858 3136 3931; x_wconf 85' lang='lat' dir='ltr'>appropinquassent,</span> <span class='ocrx_word' id='word_1_641' title='bbox 3213 3854 3481 3911; x_wconf 90' lang='lat' dir='ltr'>latrones</span> <span class='ocrx_word' id='word_1_642' title='bbox 3553 3850 3616 3908; x_wconf 89' lang='lat' dir='ltr'>in</span> <span class='ocrx_word' id='word_1_643' title='bbox 3669 3849 3894 3907; x_wconf 90' lang='lat' dir='ltr'>cellam</span> 
     </span>
    </p>
   </div>
   <div class='ocr_carea' id='block_1_94' title="bbox 2251 3946 3896 4028">
    <p class='ocr_par' dir='ltr' id='par_1_94' title="bbox 2251 3946 3896 4028">
     <span class='ocr_line' id='line_1_94' title="bbox 2251 3946 3896 4028; baseline -0.009 -10"><span class='ocrx_word' id='word_1_644' title='bbox 2251 3958 2610 4028; x_wconf 90' lang='lat' dir='ltr'>introducti,</span> <span class='ocrx_word' id='word_1_645' title='bbox 2665 3970 2876 4014; x_wconf 89' lang='lat' dir='ltr'>mensa</span> <span class='ocrx_word' id='word_1_646' title='bbox 2915 3953 3220 4028; x_wconf 90' lang='lat' dir='ltr'>apposita,</span> <span class='ocrx_word' id='word_1_647' title='bbox 3254 3952 3316 4007; x_wconf 90' lang='lat' dir='ltr'>in</span> <span class='ocrx_word' id='word_1_648' title='bbox 3347 3951 3675 4008; x_wconf 88' lang='lat' dir='ltr'>meliorem</span> <span class='ocrx_word' id='word_1_649' title='bbox 3708 3946 3896 4004; x_wconf 88' lang='lat' dir='ltr'>vitam</span> 
     </span>
    </p>
   </div>
   <div class='ocr_carea' id='block_1_95' title="bbox 2252 4046 3903 4131">
    <p class='ocr_par' dir='ltr' id='par_1_95' title="bbox 2252 4046 3903 4131">
     <span class='ocr_line' id='line_1_95' title="bbox 2252 4046 3903 4131; baseline -0.009 -15"><span class='ocrx_word' id='word_1_650' title='bbox 2252 4056 2531 4116; x_wconf 91' lang='lat' dir='ltr'>conversi</span> <span class='ocrx_word' id='word_1_651' title='bbox 2575 4060 2718 4114; x_wconf 91' lang='lat' dir='ltr'>sunt</span> <span class='ocrx_word' id='word_1_652' title='bbox 2763 4052 2917 4131; x_wconf 88' lang='lat'>(19).</span> <span class='ocrx_word' id='word_1_653' title='bbox 2955 4052 3128 4111; x_wconf 88' lang='lat' dir='ltr'>Bello</span> <span class='ocrx_word' id='word_1_654' title='bbox 3168 4051 3329 4107; x_wconf 90' lang='lat' dir='ltr'>inter</span> <span class='ocrx_word' id='word_1_655' title='bbox 3361 4049 3632 4106; x_wconf 88' lang='lat' dir='ltr'>duorum</span> <span class='ocrx_word' id='word_1_656' title='bbox 3665 4046 3903 4102; x_wconf 88' lang='lat' dir='ltr'>incolas</span> 
     </span>
    </p>
   </div>
   <div class='ocr_carea' id='block_1_96' title="bbox 2252 4141 3898 4229">
    <p class='ocr_par' dir='ltr' id='par_1_96' title="bbox 2252 4141 3898 4229">
     <span class='ocr_line' id='line_1_96' title="bbox 2252 4141 3898 4229; baseline -0.01 -15"><span class='ocrx_word' id='word_1_657' title='bbox 2252 4169 2554 4229; x_wconf 86' lang='lat' dir='ltr'>pagorum</span> <span class='ocrx_word' id='word_1_658' title='bbox 2602 4158 2818 4211; x_wconf 90' lang='lat' dir='ltr'>coorto</span> <span class='ocrx_word' id='word_1_659' title='bbox 2865 4152 3021 4208; x_wconf 89' lang='lat' dir='ltr'>alter</span> <span class='ocrx_word' id='word_1_660' title='bbox 3057 4149 3293 4205; x_wconf 92' lang='lat' dir='ltr'>latrone</span> <span class='ocrx_word' id='word_1_661' title='bbox 3327 4145 3600 4218; x_wconf 89' lang='lat' dir='ltr'>quodam</span> <span class='ocrx_word' id='word_1_662' title='bbox 3632 4143 3791 4200; x_wconf 91' lang='lat' dir='ltr'>duce</span> <span class='ocrx_word' id='word_1_663' title='bbox 3820 4141 3898 4199; x_wconf 89' lang='lat' dir='ltr'>ad</span> 
     </span>
    </p>
   </div>
   <div class='ocr_carea' id='block_1_97' title="bbox 2254 4238 3898 4325">
    <p class='ocr_par' dir='ltr' id='par_1_97' title="bbox 2254 4238 3898 4325">
     <span class='ocr_line' id='line_1_97' title="bbox 2254 4238 3898 4325; baseline -0.01 -14"><span class='ocrx_word' id='word_1_664' title='bbox 2254 4253 2490 4311; x_wconf 89' lang='lat' dir='ltr'>bellum</span> <span class='ocrx_word' id='word_1_665' title='bbox 2562 4250 2903 4325; x_wconf 90' lang='lat' dir='ltr'>gerendum</span> <span class='ocrx_word' id='word_1_666' title='bbox 2978 4246 3248 4305; x_wconf 81' lang='lat' dir='ltr'>maxime</span> <span class='ocrx_word' id='word_1_667' title='bbox 3322 4243 3549 4301; x_wconf 91' lang='lat' dir='ltr'>idoneo</span> <span class='ocrx_word' id='word_1_668' title='bbox 3620 4238 3898 4299; x_wconf 84' lang='lat' dir='ltr'>conﬁde-</span> 
     </span>
    </p>
   </div>
   <div class='ocr_carea' id='block_1_98' title="bbox 2326 4425 3545 4508">
    <p class='ocr_par' dir='ltr' id='par_1_98' title="bbox 2326 4425 3545 4508">
     <span class='ocr_line' id='line_1_98' title="bbox 2326 4425 3545 4508; baseline -0.01 -17"><span class='ocrx_word' id='word_1_669' title='bbox 2326 4440 2444 4508; x_wconf 86' lang='lat'>(12)</span> <span class='ocrx_word' id='word_1_670' title='bbox 2476 4435 2624 4490; x_wconf 91' lang='lat' dir='ltr'>Ibid.</span> <span class='ocrx_word' id='word_1_671' title='bbox 2657 4434 2759 4489; x_wconf 88' lang='lat' dir='ltr'>lib.</span> <span class='ocrx_word' id='word_1_672' title='bbox 2786 4432 2833 4486; x_wconf 83' lang='lat' dir='ltr'><strong>V</strong></span> <span class='ocrx_word' id='word_1_673' title='bbox 2862 4429 3044 4486; x_wconf 85' lang='lat' dir='ltr'>libell.</span> <span class='ocrx_word' id='word_1_674' title='bbox 3080 4428 3163 4496; x_wconf 88' lang='lat'>16,</span> <span class='ocrx_word' id='word_1_675' title='bbox 3188 4429 3222 4481; x_wconf 90' lang='lat'>6</span> <span class='ocrx_word' id='word_1_676' title='bbox 3249 4442 3308 4497; x_wconf 91' lang='lat' dir='ltr'>p.</span> <span class='ocrx_word' id='word_1_677' title='bbox 3332 4425 3459 4490; x_wconf 89' lang='lat'>631,</span> <span class='ocrx_word' id='word_1_678' title='bbox 3492 4426 3545 4479; x_wconf 92' lang='lat'>1.</span> 
     </span>
    </p>
   </div>
   <div class='ocr_carea' id='block_1_99' title="bbox 2328 4515 3466 4594">
    <p class='ocr_par' dir='ltr' id='par_1_99' title="bbox 2328 4515 3466 4594">
     <span class='ocr_line' id='line_1_99' title="bbox 2328 4515 3466 4594; baseline -0.012 -13"><span class='ocrx_word' id='word_1_679' title='bbox 2328 4524 2606 4594; x_wconf 78' lang='lat' dir='ltr'>(13llbid.</span> <span class='ocrx_word' id='word_1_680' title='bbox 2629 4524 2731 4578; x_wconf 88' lang='lat' dir='ltr'>lib.</span> <span class='ocrx_word' id='word_1_681' title='bbox 2755 4522 2851 4575; x_wconf 83' lang='lat' dir='ltr'>VII</span> <span class='ocrx_word' id='word_1_682' title='bbox 2874 4536 3007 4590; x_wconf 85' lang='lat' dir='ltr'>cap.</span> <span class='ocrx_word' id='word_1_683' title='bbox 3032 4518 3087 4587; x_wconf 87' lang='lat'>3,</span> <span class='ocrx_word' id='word_1_684' title='bbox 3120 4518 3145 4570; x_wconf 94' lang='lat'>1</span> <span class='ocrx_word' id='word_1_685' title='bbox 3174 4515 3387 4588; x_wconf 89' lang='lat' dir='ltr'>p.666,</span> <span class='ocrx_word' id='word_1_686' title='bbox 3414 4516 3466 4567; x_wconf 89' lang='lat'><strong>2.</strong></span> 
     </span>
    </p>
   </div>
   <div class='ocr_carea' id='block_1_100' title="bbox 2331 4600 3903 4687">
    <p class='ocr_par' dir='ltr' id='par_1_100' title="bbox 2331 4600 3903 4687">
     <span class='ocr_line' id='line_1_100' title="bbox 2331 4600 3903 4687; baseline -0.01 -18"><span class='ocrx_word' id='word_1_687' title='bbox 2331 4615 2445 4687; x_wconf 72' lang='grc'><strong>(14)</strong></span> <span class='ocrx_word' id='word_1_688' title='bbox 2471 4614 2713 4671; x_wconf 83' lang='lat' dir='ltr'>Coteler.</span> <span class='ocrx_word' id='word_1_689' title='bbox 2748 4610 2898 4665; x_wconf 90' lang='lat' dir='ltr'>Eccl.</span> <span class='ocrx_word' id='word_1_690' title='bbox 2950 4610 3150 4663; x_wconf 87' lang='lat' dir='ltr'>Graec.</span> <span class='ocrx_word' id='word_1_691' title='bbox 3210 4608 3358 4660; x_wconf 85' lang='lat' dir='ltr'>Men.</span> <span class='ocrx_word' id='word_1_692' title='bbox 3394 4606 3453 4658; x_wconf 92' lang='lat' dir='ltr'>T.</span> <span class='ocrx_word' id='word_1_693' title='bbox 3490 4603 3509 4656; x_wconf 85' lang='grc' dir='ltr'><strong>Ι</strong></span> <span class='ocrx_word' id='word_1_694' title='bbox 3544 4619 3600 4672; x_wconf 89' lang='lat' dir='ltr'>p.</span> <span class='ocrx_word' id='word_1_695' title='bbox 3638 4600 3744 4656; x_wconf 78' lang='lat'>536</span> <span class='ocrx_word' id='word_1_696' title='bbox 3772 4619 3819 4655; x_wconf 90' lang='lat' dir='ltr'>s.</span> <span class='ocrx_word' id='word_1_697' title='bbox 3846 4616 3903 4655; x_wconf 90' lang='lat' dir='ltr'>v.</span> 
     </span>
    </p>
   </div>
   <div class='ocr_carea' id='block_1_101' title="bbox 2259 4688 3905 4770">
    <p class='ocr_par' dir='ltr' id='par_1_101' title="bbox 2259 4688 3905 4770">
     <span class='ocr_line' id='line_1_101' title="bbox 2259 4688 3905 4770; baseline -0.012 -7"><span class='ocrx_word' id='word_1_698' title='bbox 2259 4702 2565 4762; x_wconf 79' lang='lat' dir='ltr'>Macarius</span> <span class='ocrx_word' id='word_1_699' title='bbox 2590 4698 2917 4770; x_wconf 80' lang='lat' dir='ltr'>Aegyptius</span> <span class='ocrx_word' id='word_1_700' title='bbox 2939 4696 2966 4767; x_wconf 84' lang='lat'>§</span> <span class='ocrx_word' id='word_1_701' title='bbox 2996 4694 3191 4759; x_wconf 86' lang='lat' dir='ltr'>XVIII;</span> <span class='ocrx_word' id='word_1_702' title='bbox 3217 4693 3369 4748; x_wconf 89' lang='lat' dir='ltr'>infra</span> <span class='ocrx_word' id='word_1_703' title='bbox 3399 4691 3456 4746; x_wconf 91' lang='lat' dir='ltr'>in</span> <span class='ocrx_word' id='word_1_704' title='bbox 3482 4688 3905 4756; x_wconf 86' lang='lat' dir='ltr'>harquuae-</span> 
     </span>
    </p>
   </div>
   <div class='ocr_carea' id='block_1_102' title="bbox 2262 4781 3367 4861">
    <p class='ocr_par' dir='ltr' id='par_1_102' title="bbox 2262 4781 3367 4861">
     <span class='ocr_line' id='line_1_102' title="bbox 2262 4781 3367 4861; baseline -0.015 -11"><span class='ocrx_word' id='word_1_705' title='bbox 2262 4796 2520 4850; x_wconf 88' lang='lat' dir='ltr'>stionum</span> <span class='ocrx_word' id='word_1_706' title='bbox 2540 4787 2884 4861; x_wconf 84' lang='lat' dir='ltr'>Appendice</span> <span class='ocrx_word' id='word_1_707' title='bbox 2914 4785 3100 4840; x_wconf 88' lang='lat' dir='ltr'>altera</span> <span class='ocrx_word' id='word_1_708' title='bbox 3140 4782 3253 4837; x_wconf 89' lang='lat' dir='ltr'>sub</span> <span class='ocrx_word' id='word_1_709' title='bbox 3285 4781 3367 4835; x_wconf 91' lang='lat' dir='ltr'>Ill.</span> 
     </span>
    </p>
   </div>
   <div class='ocr_carea' id='block_1_103' title="bbox 2334 4866 3912 4955">
    <p class='ocr_par' dir='ltr' id='par_1_103' title="bbox 2334 4866 3912 4955">
     <span class='ocr_line' id='line_1_103' title="bbox 2334 4866 3912 4955; baseline -0.011 -18"><span class='ocrx_word' id='word_1_710' title='bbox 2334 4884 2446 4955; x_wconf 79' lang='grc'><strong>(15)</strong></span> <span class='ocrx_word' id='word_1_711' title='bbox 2477 4879 2625 4935; x_wconf 90' lang='lat' dir='ltr'>Ibid.</span> <span class='ocrx_word' id='word_1_712' title='bbox 2668 4894 2726 4949; x_wconf 94' lang='lat' dir='ltr'>p.</span> <span class='ocrx_word' id='word_1_713' title='bbox 2750 4874 2854 4931; x_wconf 77' lang='grc'>548</span> <span class='ocrx_word' id='word_1_714' title='bbox 2895 4892 2941 4928; x_wconf 92' lang='lat' dir='ltr'>s.</span> <span class='ocrx_word' id='word_1_715' title='bbox 2968 4889 3024 4928; x_wconf 85' lang='lat' dir='ltr'>v.</span> <span class='ocrx_word' id='word_1_716' title='bbox 3057 4871 3362 4927; x_wconf 77' lang='lat' dir='ltr'>Macarius</span> <span class='ocrx_word' id='word_1_717' title='bbox 3390 4870 3719 4939; x_wconf 78' lang='lat' dir='ltr'>Aegyptius</span> <span class='ocrx_word' id='word_1_718' title='bbox 3746 4866 3773 4937; x_wconf 85' lang='lat'>§</span> <span class='ocrx_word' id='word_1_719' title='bbox 3807 4866 3912 4921; x_wconf 76' lang='lat' dir='ltr'>XL.</span> 
     </span>
    </p>
   </div>
   <div class='ocr_carea' id='block_1_104' title="bbox 2338 4954 3921 5042">
    <p class='ocr_par' dir='ltr' id='par_1_104' title="bbox 2338 4954 3921 5042">
     <span class='ocr_line' id='line_1_104' title="bbox 2338 4954 3921 5042; baseline -0.011 -16"><span class='ocrx_word' id='word_1_720' title='bbox 2338 4954 2451 5042; x_wconf 89' lang='lat'>(16)</span> <span class='ocrx_word' id='word_1_721' title='bbox 2482 4968 2565 5025; x_wconf 83' lang='lat' dir='ltr'>Cf.</span> <span class='ocrx_word' id='word_1_722' title='bbox 2600 4966 2754 5022; x_wconf 85' lang='lat' dir='ltr'>infra</span> <span class='ocrx_word' id='word_1_723' title='bbox 2782 4964 2982 5019; x_wconf 86' lang='lat' dir='ltr'>locum</span> <span class='ocrx_word' id='word_1_724' title='bbox 3024 4963 3192 5017; x_wconf 88' lang='lat' dir='ltr'>Hom.</span> <span class='ocrx_word' id='word_1_725' title='bbox 3219 4958 3265 5011; x_wconf 88' lang='lat' dir='ltr'><strong>V</strong></span> <span class='ocrx_word' id='word_1_726' title='bbox 3297 4975 3333 5015; x_wconf 89' lang='lat' dir='ltr'>a</span> <span class='ocrx_word' id='word_1_727' title='bbox 3362 4956 3539 5013; x_wconf 89' lang='lat' dir='ltr'>nobis</span> <span class='ocrx_word' id='word_1_728' title='bbox 3579 4970 3741 5011; x_wconf 87' lang='lat' dir='ltr'>nunc</span> <span class='ocrx_word' id='word_1_729' title='bbox 3798 4954 3921 5026; x_wconf 84' lang='lat' dir='ltr'>pri-</span> 
     </span>
    </p>
   </div>
   <div class='ocr_carea' id='block_1_105' title="bbox 2272 5058 2719 5118">
    <p class='ocr_par' dir='ltr' id='par_1_105' title="bbox 2272 5058 2719 5118">
     <span class='ocr_line' id='line_1_105' title="bbox 2272 5058 2719 5118; baseline -0.022 0"><span class='ocrx_word' id='word_1_730' title='bbox 2272 5076 2439 5118; x_wconf 89' lang='lat' dir='ltr'>mum</span> <span class='ocrx_word' id='word_1_731' title='bbox 2469 5058 2719 5113; x_wconf 87' lang='lat' dir='ltr'>editum.</span> 
     </span>
    </p>
   </div>
   <div class='ocr_carea' id='block_1_106' title="bbox 2342 5133 3924 5215">
    <p class='ocr_par' dir='ltr' id='par_1_106' title="bbox 2342 5133 3924 5215">
     <span class='ocr_line' id='line_1_106' title="bbox 2342 5133 3924 5215; baseline -0.013 -9"><span class='ocrx_word' id='word_1_732' title='bbox 2342 5151 2448 5215; x_wconf 87' lang='lat'>(17)</span> <span class='ocrx_word' id='word_1_733' title='bbox 2480 5146 2586 5201; x_wconf 87' lang='lat' dir='ltr'>VV.</span> <span class='ocrx_word' id='word_1_734' title='bbox 2612 5145 2709 5198; x_wconf 90' lang='lat' dir='ltr'>PP.</span> <span class='ocrx_word' id='word_1_735' title='bbox 2744 5145 2937 5198; x_wconf 84' lang='lat' dir='ltr'>Rosw.</span> <span class='ocrx_word' id='word_1_736' title='bbox 2962 5139 3067 5195; x_wconf 93' lang='lat' dir='ltr'>lib.</span> <span class='ocrx_word' id='word_1_737' title='bbox 3097 5139 3142 5192; x_wconf 88' lang='grc' dir='ltr'>ΙΙ</span> <span class='ocrx_word' id='word_1_738' title='bbox 3168 5153 3301 5208; x_wconf 89' lang='lat' dir='ltr'>cap.</span> <span class='ocrx_word' id='word_1_739' title='bbox 3331 5135 3398 5191; x_wconf 89' lang='lat'>16</span> <span class='ocrx_word' id='word_1_740' title='bbox 3429 5152 3487 5204; x_wconf 93' lang='lat' dir='ltr'>p.</span> <span class='ocrx_word' id='word_1_741' title='bbox 3533 5133 3657 5195; x_wconf 68' lang='grc'>474,</span> <span class='ocrx_word' id='word_1_742' title='bbox 3690 5133 3717 5187; x_wconf 89' lang='grc'>1</span> <span class='ocrx_word' id='word_1_743' title='bbox 3751 5147 3764 5197; x_wconf 90' lang='grc'>;</span> <span class='ocrx_word' id='word_1_744' title='bbox 3802 5134 3924 5188; x_wconf 83' lang='lat' dir='ltr'>Bu-</span> 
     </span>
    </p>
   </div>
   <div class='ocr_carea' id='block_1_107' title="bbox 2269 5223 3639 5308">
    <p class='ocr_par' dir='ltr' id='par_1_107' title="bbox 2269 5223 3639 5308">
     <span class='ocr_line' id='line_1_107' title="bbox 2269 5223 3639 5308; baseline -0.012 -13"><span class='ocrx_word' id='word_1_745' title='bbox 2269 5238 2374 5295; x_wconf 88' lang='lat' dir='ltr'>ﬁni</span> <span class='ocrx_word' id='word_1_746' title='bbox 2401 5239 2552 5308; x_wconf 94' lang='lat' dir='ltr'>Opp.</span> <span class='ocrx_word' id='word_1_747' title='bbox 2585 5230 2944 5288; x_wconf 85' lang='lat' dir='ltr'>ed.Vallarsi</span> <span class='ocrx_word' id='word_1_748' title='bbox 2963 5244 3021 5300; x_wconf 94' lang='lat' dir='ltr'>p.</span> <span class='ocrx_word' id='word_1_749' title='bbox 3050 5227 3176 5291; x_wconf 85' lang='lat'>176,</span> <span class='ocrx_word' id='word_1_750' title='bbox 3202 5225 3399 5297; x_wconf 85' lang='lat' dir='ltr'>Migne</span> <span class='ocrx_word' id='word_1_751' title='bbox 3419 5240 3476 5295; x_wconf 92' lang='lat' dir='ltr'>p.</span> <span class='ocrx_word' id='word_1_752' title='bbox 3509 5223 3639 5278; x_wconf 75' lang='lat'>436.</span> 
     </span>
    </p>
   </div>
   <div class='ocr_carea' id='block_1_108' title="bbox 2342 5313 3921 5396">
    <p class='ocr_par' dir='ltr' id='par_1_108' title="bbox 2342 5313 3921 5396">
     <span class='ocr_line' id='line_1_108' title="bbox 2342 5313 3921 5396; baseline -0.011 -15"><span class='ocrx_word' id='word_1_753' title='bbox 2342 5325 2457 5396; x_wconf 91' lang='lat'>(18)</span> <span class='ocrx_word' id='word_1_754' title='bbox 2488 5323 2619 5380; x_wconf 90' lang='lat' dir='ltr'>Vita</span> <span class='ocrx_word' id='word_1_755' title='bbox 2644 5322 2700 5377; x_wconf 92' lang='lat' dir='ltr'>S.</span> <span class='ocrx_word' id='word_1_756' title='bbox 2738 5318 3013 5375; x_wconf 84' lang='lat' dir='ltr'>Hilarion.</span> <span class='ocrx_word' id='word_1_757' title='bbox 3048 5331 3187 5387; x_wconf 88' lang='lat' dir='ltr'>cap.</span> <span class='ocrx_word' id='word_1_758' title='bbox 3234 5315 3288 5379; x_wconf 89' lang='lat'>7,</span> <span class='ocrx_word' id='word_1_759' title='bbox 3341 5315 3449 5367; x_wconf 88' lang='lat' dir='ltr'>VV.</span> <span class='ocrx_word' id='word_1_760' title='bbox 3480 5313 3578 5368; x_wconf 88' lang='lat' dir='ltr'>PP.</span> <span class='ocrx_word' id='word_1_761' title='bbox 3611 5313 3808 5367; x_wconf 81' lang='lat' dir='ltr'>Bosw.</span> <span class='ocrx_word' id='word_1_762' title='bbox 3854 5324 3921 5382; x_wconf 91' lang='lat' dir='ltr'>p.</span> 
     </span>
    </p>
   </div>
   <div class='ocr_carea' id='block_1_109' title="bbox 2274 5417 2452 5483">
    <p class='ocr_par' dir='ltr' id='par_1_109' title="bbox 2274 5417 2452 5483">
     <span class='ocr_line' id='line_1_109' title="bbox 2274 5417 2452 5483; baseline -0.022 -11"><span class='ocrx_word' id='word_1_763' title='bbox 2274 5417 2365 5483; x_wconf 86' lang='lat'>77,</span> <span class='ocrx_word' id='word_1_764' title='bbox 2400 5417 2452 5469; x_wconf 92' lang='lat'>1.</span> 
     </span>
    </p>
   </div>
   <div class='ocr_carea' id='block_1_110' title="bbox 2346 5488 3935 5574">
    <p class='ocr_par' dir='ltr' id='par_1_110' title="bbox 2346 5488 3935 5574">
     <span class='ocr_line' id='line_1_110' title="bbox 2346 5488 3935 5574; baseline -0.013 -15"><span class='ocrx_word' id='word_1_765' title='bbox 2346 5504 2454 5574; x_wconf 89' lang='lat'>(19)</span> <span class='ocrx_word' id='word_1_766' title='bbox 2484 5501 2597 5555; x_wconf 84' lang='lat' dir='ltr'>VV.</span> <span class='ocrx_word' id='word_1_767' title='bbox 2626 5500 2723 5555; x_wconf 90' lang='lat' dir='ltr'>PP.</span> <span class='ocrx_word' id='word_1_768' title='bbox 2755 5500 2953 5553; x_wconf 86' lang='lat' dir='ltr'>Rosw.</span> <span class='ocrx_word' id='word_1_769' title='bbox 2985 5494 3096 5551; x_wconf 91' lang='lat' dir='ltr'>lib.</span> <span class='ocrx_word' id='word_1_770' title='bbox 3131 5494 3178 5547; x_wconf 88' lang='lat' dir='ltr'>II</span> <span class='ocrx_word' id='word_1_771' title='bbox 3207 5507 3344 5564; x_wconf 86' lang='lat' dir='ltr'>cap.</span> <span class='ocrx_word' id='word_1_772' title='bbox 3376 5493 3410 5545; x_wconf 92' lang='lat'><strong>8</strong></span> <span class='ocrx_word' id='word_1_773' title='bbox 3474 5506 3534 5562; x_wconf 92' lang='lat' dir='ltr'>p.</span> <span class='ocrx_word' id='word_1_774' title='bbox 3567 5489 3694 5555; x_wconf 77' lang='grc'>465,</span> <span class='ocrx_word' id='word_1_775' title='bbox 3754 5488 3787 5541; x_wconf 80' lang='lat'>2</span> <span class='ocrx_word' id='word_1_776' title='bbox 3838 5502 3935 5559; x_wconf 87' lang='lat' dir='ltr'>sq.</span> 
     </span>
    </p>
   </div>
   <div class='ocr_carea' id='block_1_111' title="bbox 2276 5578 3731 5661">
    <p class='ocr_par' dir='ltr' id='par_1_111' title="bbox 2276 5578 3731 5661">
     <span class='ocr_line' id='line_1_111' title="bbox 2276 5578 3731 5661; baseline -0.013 -10"><span class='ocrx_word' id='word_1_777' title='bbox 2276 5592 2494 5651; x_wconf 81' lang='lat' dir='ltr'>Ruﬁni.</span> <span class='ocrx_word' id='word_1_778' title='bbox 2516 5591 2669 5661; x_wconf 91' lang='lat' dir='ltr'>Opp.</span> <span class='ocrx_word' id='word_1_779' title='bbox 2700 5587 2796 5644; x_wconf 90' lang='lat' dir='ltr'>ed.</span> <span class='ocrx_word' id='word_1_780' title='bbox 2824 5584 3073 5641; x_wconf 83' lang='lat' dir='ltr'>Vallarsi</span> <span class='ocrx_word' id='word_1_781' title='bbox 3097 5601 3155 5655; x_wconf 88' lang='lat' dir='ltr'>p.</span> <span class='ocrx_word' id='word_1_782' title='bbox 3186 5581 3310 5648; x_wconf 85' lang='lat'>158,</span> <span class='ocrx_word' id='word_1_783' title='bbox 3342 5582 3531 5651; x_wconf 84' lang='lat' dir='ltr'>Migne</span> <span class='ocrx_word' id='word_1_784' title='bbox 3560 5595 3618 5651; x_wconf 95' lang='lat' dir='ltr'>p.</span> <span class='ocrx_word' id='word_1_785' title='bbox 3643 5578 3731 5634; x_wconf 75' lang='grc'>40.</span> 
     </span>
    </p>
   </div>
  </div>
