4092 6256
264 272 352 330 429
1665 327 1676 338 η,
1834 269 2065 323 VlTAE.

3533 277 3638 333 130

259 404 344 460 bat
382 397 469 477 (1).
525 399 824 456 Facinora
874 400 1208 464 latronum,
1267 398 1740 470 eorundemque
1787 399 1862 456 ad
1901 399 1945 448 A
1976 397 2172 456 Scetis
2219 400 2441 456 abbate
2489 403 2753 458 relatum
2805 408 2982 471 esset,
3043 404 3408 475 Aegyptium
3447 406 3635 464 intel-

259 500 533 559 meliorem
586 498 774 554 vitam
828 497 1065 554 reditus
1119 498 1182 554 in
1233 497 1351 552 VV.
1405 498 1510 554 PP.
1569 511 1869 567 saepenu-

256 611 398 656 mero
441 601 777 653 occurrunt
830 593 934 670 i2).
992 595 1304 652 Beduinos
1357 609 1610 666 quoque
1662 595 1870 650 incer—

249 696 312 751 tis
343 707 575 764 semper
624 692 880 749 sedibus
912 707 1024 765 per
1060 693 1432 750 solitudines
1465 692 1583 748 huc
1615 691 1761 748 illuc
1792 691 1868 748 ad

245 792 636 865 praedandum
710 796 958 861 vagatos
1011 805 1166 855 esse,
1233 806 1308 846 ex
1368 790 1747 860 perpulchra
1805 789 1863 846 S.

244 890 433 948 Malchi
480 889 601 945 vita
653 904 688 944 a
736 889 794 944 S.
853 889 1235 959 Hieronymo
1283 887 1635 958 conscripta
1686 886 1866 943 disci-

242 1003 362 1045 mus
388 984 488 1061 (3).

320 1106 338 1135 ι
392 1084 663 1153 Quodam
744 1089 1025 1154 tempore
1083 1089 1300 1140 orante
1361 1083 1540 1138 beato
1603 1081 1868 1139 Macario

245 1181 460 1248 abbate,
523 1196 640 1238 vox
699 1181 772 1236 ad
829 1195 974 1236 eum
1037 1179 1360 1251 personuit
1408 1178 1624 1236 dicens
1676 1196 1688 1233 :
1753 1179 1868 1234 Ma-

241 1280 374 1343 cari.
417 1280 679 1337 necdum
708 1279 782 1334 ad
817 1293 1171 1335 mensuram
1215 1278 1486 1334 duarum
1528 1275 1868 1334 mulierum

246 1375 397 1445 137
433 1377 794 1451 pervenisti,
845 1392 1004 1447 quae
1050 1378 1108 1432 in
1153 1376 1438 1448 proxima
1483 1375 1720 1446 pariter
1764 1376 1870 1432 ha-

235 1476 414 1533 bitant
466 1476 734 1533 civitate.
803 1475 934 1543 Quo
1005 1475 1217 1531 audito
1297 1488 1480 1530 senex
1559 1487 1870 1546 exurgens

228 1580 462 1646 arrepto
515 1573 736 1630 baculo
795 1573 855 1629 in
900 1572 1282 1644 designatam
1338 1571 1618 1640 pervenit
1660 1569 1866 1627 civita-

224 1676 363 1728 tem.
420 1672 698 1742 Cumque
757 1670 984 1728 ostium
1035 1669 1350 1742 quaesitae
1408 1669 1631 1726 domus
1683 1673 1867 1739 atque

223 1769 495 1827 inventae
564 1772 849 1840 pulsaret,
914 1782 1158 1838 egressa
1217 1782 1338 1824 una
1396 1782 1468 1823 ex
1539 1766 1662 1823 illis
1719 1779 1863 1822 cum
1899 1754 1934 1806 Β

219 1881 429 1939 magna
471 1867 850 1924 exultatione
901 1880 1046 1922 eum
1095 1864 1387 1936 suscepit.
1439 1866 1599 1932 Quas
1656 1867 1865 1920 utras-

218 1979 333 2037 que
377 1979 561 2022 senex
614 1970 982 2022 convocatas
1039 1965 1119 2020 ita
1176 1967 1268 2020 est
1321 1961 1673 2019 allocutus:
1719 1961 1861 2018 Pro-

221 2069 347 2133 pter
379 2078 484 2120 vos
527 2066 766 2119 tantum
811 2062 1089 2119 laborem
1134 2061 1385 2117 veniens
1416 2074 1490 2117 ex
1522 2059 1860 2116 solitudine

219 2157 542 2233 longinqua
613 2159 909 2228 sustineo,
980 2165 1047 2215 ut
1110 2171 1305 2229 opera
1365 2163 1567 2214 vestra
1623 2169 1861 2227 cogno-

215 2270 462 2327 scerem,
493 2272 656 2328 quae
687 2257 843 2313 mihi
872 2269 979 2312 vos
1009 2255 1319 2313 condicite
1345 2269 1414 2311 ac
1438 2259 1704 2310 narrate.
1748 2253 1858 2309 Cui

220 2353 349 2410 illae
390 2355 478 2412 sic
541 2356 837 2412 dixerunt
894 2375 906 2410 :
961 2353 1152 2409 Crede
1213 2352 1413 2417 nobis,
1469 2350 1858 2408 sanctissime

218 2457 401 2522 pater,
457 2453 609 2525 quia
662 2466 774 2508 nec
824 2449 1132 2522 praesenti
1183 2455 1358 2506 nocte
1408 2465 1441 2505 a
1485 2449 1857 2505 maritorum

217 2547 446 2608 lectulis
495 2551 735 2608 fuimus
788 2553 1127 2620 separatae.
1177 2547 1392 2615 Qualia
1425 2560 1573 2618 ergo
1605 2561 1798 2618 opera
1825 2560 1858 2601 a

214 2647 385 2704 nobis
436 2646 716 2720 exquiris
746 2646 774 2704 ?
804 2645 922 2703 Sed
972 2659 1156 2701 senex
1210 2645 1268 2700 in
1317 2646 1609 2714 precibus
1658 2642 1858 2714 persi-

215 2743 423 2809 stebat,
473 2751 541 2803 ut
588 2744 644 2801 ei
696 2744 858 2800 vitae
907 2757 1053 2799 suae
1103 2742 1391 2798 ordinem
1442 2741 1853 2798 declararent.

213 2840 315 2897 Cui
366 2848 512 2899 tunc
562 2842 705 2898 illae
745 2841 1108 2912 compulsae
1151 2839 1442 2895 dixerunt
1477 2854 1489 2894 :
1529 2839 1646 2894 Nos
1691 2836 1857 2894 nulla

214 2935 370 2994 inter
417 2955 529 2996 nos
585 2953 803 2996 sumus
863 2936 1313 3008 parentelitatis
1361 2936 1654 2992 afﬁnitate
1712 2949 1858 2991 con-

213 3033 495 3107 iunctae;
538 3037 791 3108 contigit
840 3039 1072 3100 antem,
1135 3039 1203 3091 ut
1254 3034 1502 3091 duobus
1561 3033 1857 3090 fratribus

213 3130 630 3203 iungeremur,
697 3140 757 3192 et
802 3149 944 3191 cum
997 3133 1095 3190 his
1143 3132 1504 3203 quindecim
1559 3132 1736 3188 annis
1793 3132 1853 3188 in

211 3228 399 3287 domo
468 3247 582 3288 una
643 3232 878 3304 pariter
931 3236 1366 3302 permanentes
1417 3242 1617 3299 neque
1672 3233 1856 3299 turpe

215 3326 477 3382 verbum
524 3330 712 3385 altera
764 3329 918 3385 dixit
970 3329 1042 3384 ad
1093 3327 1376 3392 alteram,
1439 3340 1639 3396 neque
1682 3325 1854 3382 litem

218 3421 553 3492 aliquando
604 3425 1050 3498 commisimus,
1101 3424 1208 3481 sed
1266 3425 1324 3480 in
1369 3438 1517 3495 pace
1562 3424 1856 3480 hactenus

216 3518 509 3586 viximus,
553 3529 608 3579 et
648 3523 779 3594 pari
825 3537 1124 3581 consensu
1171 3522 1594 3587 tractavimus,
1638 3526 1854 3593 quate-

208 3630 324 3673 nus
375 3619 607 3687 pariter
661 3621 892 3678 relictis
963 3619 1206 3676 maritis
1259 3619 1322 3675 in
1379 3618 1855 3689 congregatione

211 3713 638 3786 religiosarum
665 3718 971 3789 virginum
1008 3716 1570 3788 proﬁcisceremur,
1607 3722 1666 3771 et
1697 3714 1854 3771 mul-

202 3812 278 3869 tis
344 3816 636 3884 precibus
689 3816 806 3873 hoc
859 3830 890 3871 a
946 3815 1318 3884 coniugibus
1371 3828 1491 3870 non
1546 3812 1857 3870 valuimus

199 3910 511 3967 obtinere.
559 3914 690 3981 Quo
732 3927 853 3969 non
911 3913 1159 3982 adepto,
1214 3911 1374 3968 inter
1413 3925 1524 3967 nos
1565 3917 1622 3967 et
1656 3909 1852 3967 Deum

197 4009 530 4076 posuimus
574 4015 1032 4073 testamentum,
1089 4014 1155 4065 ut
1203 4023 1401 4079 usque
1449 4009 1524 4064 ad
1590 4014 1854 4065 mortem

194 4111 474 4164 nostram
550 4110 864 4166 saeculare
937 4107 1198 4163 verbum
1271 4121 1392 4163 non
1446 4107 1854 4177 loqueremur

189 4206 475 4262 omnino.
531 4207 694 4274 Quae
740 4220 882 4262 cum
931 4204 1228 4261 audiisset
1277 4204 1492 4261 beatus
1526 4203 1849 4270 Macarius,

189 4301 341 4359 dixit
379 4319 391 4358 :
429 4303 498 4360 In
549 4305 807 4360 veritate
858 4317 979 4360 non
1033 4306 1124 4358 est
1177 4302 1372 4372 virgo,
1422 4316 1623 4373 neque
1666 4301 1852 4358 mari-

1979 493 2082 566 ligi
2137 496 2439 567 sequitur.
2496 499 2782 556 Ceterum
2846 499 3099 564 similia,
3156 501 3390 572 quibus
3448 503 3632 562 liceat

1976 594 2414 664 comprobare,
2471 597 2658 652 vitam
2703 597 3090 654 saecularem
3134 613 3277 656 cum
3328 599 3430 656 Dei
3463 614 3633 659 amo-

1977 702 2044 746 re
2089 696 2287 747 actam
2335 694 2529 764 magis
2579 709 3025 767 nonnunquam
3078 697 3222 768 Deo,
3270 712 3460 769 quam
3492 713 3632 756 mo-

1978 787 2300 844 nachicam
2354 790 2620 860 placere,
2677 807 2710 847 e
2759 791 2872 849 VV.
2931 793 3033 851 PP.
3091 808 3279 865 supra
3325 796 3632 866 congessi-

1977 898 2117 941 mus
2147 885 2250 959 (6).
2291 889 2333 942 A
2367 888 2596 958 quibus
2639 890 3100 948 narrationibus
3148 890 3336 949 etiam
3376 907 3633 965 germa-

1977 980 2187 1038 nicum
2241 980 2414 1049 138
2458 985 2692 1056 insigne
2739 1000 2980 1057 poema.
3032 989 3200 1060 quod
3233 1003 3433 1061 nuper
3469 1004 3629 1061 pro-

1976 1078 2111 1142 diit,
2154 1080 2364 1138 medio
2411 1096 2562 1139 aevo
2614 1083 3004 1141 elaboratum
3033 1092 3128 1142 et:
3185 1083 3299 1142 Der
3330 1092 3459 1162 gate
3490 1084 3630 1145 Ger-

1975 1169 2122 1231 hard
2171 1178 2540 1250 inscriptum
2590 1179 2701 1254 (7),
2759 1180 2936 1238 initia
2981 1197 3094 1239 sua
3141 1184 3381 1254 cepisse
3420 1186 3618 1242 credi-

1976 1273 2198 1331 derim.
2283 1278 2480 1348 Atque
2546 1277 2782 1334 similes
2851 1279 3141 1337 historias
3213 1297 3414 1353 nuper
3473 1298 3626 1341 con-

1975 1372 2162 1443 gessit
2207 1375 2412 1430 clarus
2455 1375 2839 1433 Simrockius
2890 1384 3098 1436 noster
3156 1379 3218 1436 in
3277 1380 3440 1438 libro
3485 1395 3624 1454 suo,

1975 1469 2082 1540 qui
2147 1470 2511 1529 inscribitur
2573 1489 2583 1527 :
2648 1470 2765 1530 Der
2835 1479 2964 1551 gate
3031 1471 3296 1534 Gerhard
3360 1475 3480 1534 und
3536 1474 3629 1536 die

1976 1562 2299 1625 dankbaren
2336 1564 2454 1625 Tod
2459 1574 2542 1625 ten
2576 1570 2682 1646 (8).

2061 1664 2344 1723 «Beatus
2393 1668 2692 1726 Macarius
2748 1670 2826 1726 de
2897 1673 3235 1745 semetipso
3313 1673 3627 1733 referebat

1974 1765 2186 1820 dicens
2222 1782 2233 1818 :
2269 1765 2420 1821 Dum
2464 1779 2663 1822 essem
2710 1766 2972 1833 iuvenis,
3025 1772 3086 1823 et
3124 1772 3330 1826 tamen
3374 1771 3437 1826 in
3468 1771 3623 1830 cella

1974 1861 2336 1925 residerem,
2392 1862 2654 1919 invitum
2705 1878 2805 1921 me
2847 1868 3121 1922 tenentes
3171 1867 3473 1924 clericum
3526 1883 3625 1926 or-

1971 1958 2337 2015 dinaverunt
2371 1959 2430 2015 in
2463 1957 2619 2017 vico.
2647 1960 2801 2017 Cum
2828 1968 3035 2020 autem
3064 1963 3279 2020 nolens
3306 1965 3442 2021 illic
3465 1980 3623 2035 esse,

1971 2056 2032 2112 in
2065 2055 2270 2112 vicum
2313 2057 2580 2114 alterum
2624 2057 3001 2129 effugissem,
3051 2065 3112 2116 et
3157 2061 3413 2132 quidam
3463 2063 3618 2120 mihi

1969 2154 2304 2210 saecularis
2365 2153 2693 2225 religiosus
2755 2169 2949 2226 Opere
2994 2171 3136 2214 meo
3184 2159 3438 2217 vendito
3496 2161 3624 2217 mi-

1971 2250 2278 2315 nistraret,
2368 2251 2648 2322 contigit,
2729 2253 3042 2324 quandam
3123 2255 3426 2326 virginem
3512 2272 3627 2329 per

1969 2353 2256 2419 stuprum
2310 2347 2543 2405 ventris
2589 2363 2749 2406 onus
2797 2350 3102 2422 accipere.
3161 2353 3326 2420 Quae
3371 2354 3523 2411 dum
3580 2370 3617 2412 a

1972 2447 2352 2518 parentibus,
2409 2460 2443 2503 a
2486 2461 2611 2518 quo
2658 2447 2871 2505 fuisset
2918 2463 3303 2521 compressa,
3351 2452 3621 2523 requiri-

1969 2551 2089 2609 tur,
2137 2543 2292 2601 dixit
2338 2544 2490 2600 illa:
2541 2546 2925 2603 Anachoreta
2971 2547 3079 2603 ille
3126 2553 3327 2605 vester
3380 2549 3500 2606 hoc
3552 2551 3617 2608 in

1969 2656 2068 2698 me
2113 2641 2350 2699 facinus
2402 2644 2798 2713 perpetravit.
2861 2643 3101 2716 Egressi
3145 2659 3291 2703 vero
3333 2653 3622 2717 parentes

1971 2740 2213 2811 puellae
2299 2740 2903 2811 comprehendentes
2980 2756 3080 2799 me
3168 2745 3626 2815 suspenderunt

1969 2853 2110 2895 meo
2163 2838 2326 2895 collo
2369 2853 2510 2894 vasa
2560 2838 2794 2910 ﬁctilia,
2827 2845 2886 2896 et
2931 2854 3044 2911 per
3074 2841 3345 2912 singulas
3369 2845 3626 2902 semitas

1967 2935 2516 2992 circumducebant
2587 2949 2686 2992 me
2741 2936 2930 2993 caede
3003 2942 3362 3008 mactantes,
3437 2946 3622 3012 atque

1968 3034 2222 3103 insuper
2275 3033 2373 3089 his
2429 3033 2686 3089 vocibus
2744 3033 3110 3092 insultantes
3161 3053 3176 3091 :
3232 3036 3348 3093 Hic
3406 3051 3621 3095 mona-

1966 3131 2120 3187 chus
2162 3129 2325 3185 ﬁliae
2357 3135 2601 3186 nostrae
2634 3130 2757 3186 vim
2790 3130 3018 3188 intulit.
3072 3129 3352 3205 Cumque
3384 3149 3484 3192 me
3510 3150 3622 3192 us-

1966 3243 2088 3300 que
2126 3228 2204 3284 ad
2235 3241 2450 3284 necem
2481 3227 2748 3284 fustibus
2797 3243 2990 3299 paene
3019 3230 3441 3298 mulctassent,
3477 3233 3616 3304 qui-

1965 3326 2110 3382 dam
2162 3339 2235 3382 ex
2294 3324 2650 3382 senioribus
2702 3324 2860 3382 dixit
2915 3325 2990 3382 ad
3053 3341 3161 3384 eos
3217 3345 3233 3384 :
3283 3327 3618 3402 Usquequo

1967 3424 2130 3480 hunc
2176 3422 2577 3494 peregrinum
2621 3423 3000 3480 monachum
3049 3425 3237 3482 caede
3279 3422 3618 3484 mactatis?

1966 3520 2084 3578 Sed
2131 3526 2190 3578 et
2238 3521 2629 3578 ministrante
2702 3521 2855 3578 mihi
2913 3529 3210 3594 sequente
3263 3530 3323 3581 et
3383 3525 3616 3582 rubore

1967 3618 2240 3690 perfuso,
2317 3618 2579 3675 iniurias
2634 3619 2994 3691 irrogabant
3055 3621 3330 3678 dicentes
3392 3641 3404 3679 :
3463 3623 3615 3681 Ecce

1964 3715 2118 3788 quid
2150 3716 2292 3773 fecit
2323 3716 2448 3785 hic,
2497 3729 2611 3787 pro
2642 3731 2767 3787 quo
2819 3722 2884 3774 tu
2920 3718 3348 3776 testimonium
3405 3720 3614 3792 perhi-

1965 3813 2158 3870 bebas
2184 3812 2213 3871 ‘2
2247 3814 2533 3870 Parentes
2553 3818 2760 3870 autem
2788 3814 3033 3886 puellae
3059 3815 3348 3873 dixerunt
3387 3837 3398 3874 :
3433 3816 3615 3875 Nulla

1965 3911 2132 3968 hunc
2187 3911 2428 3968 ratione
2495 3911 2891 3975 dimittimus,
2953 3912 3072 3968 nisi
3131 3926 3247 3984 pro
3300 3913 3615 3972 alimentis

1967 4008 2211 4080 puellae
2262 4008 2645 4080 praestandis
2691 4008 2917 4080 aliquis
2961 4023 3076 4080 pro
3109 4009 3245 4080 ipso
3284 4011 3618 4068 satisdator

1964 4106 2311 4163 accesserit.
2364 4105 2538 4173 Quod
2587 4119 2730 4161 cum
2781 4105 3156 4162 ministranti
3209 4107 3389 4173 mihi,
3425 4112 3492 4164 ut
3526 4108 3612 4164 fa-

1962 4209 2152 4274 ceret,
2208 4204 2574 4269 innuissem,
2633 4202 2999 4274 interposita
3045 4218 3145 4260 me
3185 4219 3294 4262 sua
3333 4204 3452 4262 ﬁde
3481 4220 3613 4264 sus-

1962 4302 2147 4373 cepit.
2203 4301 2412 4373 Itaque
2472 4314 2788 4372 regressus
2835 4302 2911 4358 ad
2956 4302 3274 4372 cellulam,
3327 4310 3612 4376 quantas-

186 4404 329 4472 tata,
382 4416 593 4473 neque
653 4401 1018 4463 monachus,
1074 4414 1275 4471 neque
1329 4399 1687 4462 saecularis,
1742 4399 1848 4456 sed
1884 4452 1926 4473 η
1959 4414 2208 4471 cunque
2281 4399 2488 4457 inveni
2559 4399 2890 4471 sportellas
2963 4399 3020 4456 ei
3098 4401 3601 4469 contribuebam,

187 4497 342 4555 Deus
415 4503 665 4555 tantum
742 4497 1137 4569 propositum
1216 4499 1480 4567 quaerit,
1535 4500 1595 4552 et
1665 4497 1850 4568 spiri-

180 4601 311 4652 tum
346 4597 514 4653 vitae
561 4595 859 4652 omnibus
907 4593 1215 4651 ministrat
1264 4592 1377 4668 (lt).
1433 4615 1462 4644 »
1518 4593 1743 4650 Eadem
1784 4594 1846 4650 in

181 4693 346 4751 libro
396 4698 585 4751 sexto
643 4694 920 4750 narratio
977 4697 1089 4761 est,
1150 4693 1257 4750 ubi
1316 4690 1538 4762 incipit
1590 4691 1841 4749 verbis:

175 4812 204 4846 ί(
264 4794 500 4852 Orante
611 4791 947 4863 aliquando
1032 4790 1254 4847 eodem
1334 4791 1559 4847 abbate
1640 4789 1847 4847 Maca—

172 4891 293 4948 rio.
325 4938 334 4947 .
368 4939 378 4948 .
426 4889 546 4964 (5).
593 4910 614 4941 »
652 4890 780 4957 Qua
801 4903 877 4947 ex
904 4902 995 4954 re,
1030 4902 1226 4963 quum
1259 4891 1437 4944 antea
1470 4888 1547 4945 de
1576 4887 1842 4945 Macario

238 5111 312 5181 (ι)
349 5109 473 5168 vv.
520 5107 639 5163 PP.
689 5110 878 5163 Rosw.
911 5107 1014 5161 lib.
1059 5106 1178 5160 VIII
1223 5123 1354 5178 cap.
1399 5107 1468 5161 52
1513 5123 1570 5178 p.
1613 5107 1737 5172 749,
1772 5108 1836 5161 ι.

236 5200 311 5270 (2)
356 5200 444 5255 Cf.
485 5213 680 5267 supra
711 5203 736 5265 ε
765 5199 797 5250 4
825 5212 883 5267 p.
920 5194 1010 5250 10.

240 5289 313 5359 (3)
361 5288 490 5344 VV.
539 5285 656 5340 PP.
691 5288 884 5340 Rosw.
915 5284 1024 5341 lib.
1064 5285 1176 5356 1p.
1216 5283 1283 5340 93
1316 5299 1406 5355 sq.

238 5379 312 5446 (4)
351 5377 511 5433 Ibid.
552 5373 656 5429 lib.
691 5373 761 5428 ιιι
803 5389 936 5444 cap.
978 5374 1047 5427 97
1081 5389 1145 5444 p.
1179 5373 1306 5438 διδ,
1340 5374 1392 5427 ι.

241 5467 317 5534 (δ)
357 5466 518 5521 ibid.
567 5463 674 5519 lib.
703 5463 769 5516 v1
797 5462 979 5517 libell.
1013 5462 1064 5530 3,
1110 5463 1176 5517 ιτ
1208 5479 1266 5532 ρ.
1306 5461 1430 5526 657,
1466 5461 1520 5518 ι.

242 5555 320 5626 (6)
364 5556 454 5612 Cf.
481 5568 674 5625 supra
713 5552 874 5623 §3p.
907 5553 942 5605 6
981 5554 1108 5605 not.
1140 5551 1173 5604 3

242 5643 322 5714 (Ἰ)
363 5646 483 5700 Der
529 5646 678 5714 gute
709 5640 994 5696 Gerhard.
1031 5639 1170 5694 Eine
1209 5638 1538 5710 Erzahlung
1579 5655 1694 5696 von
1735 5642 1844 5696 Ru-

469 5752 723 5807 PATROL.
763 5747 869 5804 GR.
916 5746 1171 5800 XXXIV.

1959 4497 2189 4568 quibus
2232 4497 2496 4554 venditis
2544 4498 2775 4554 victum
2829 4498 2982 4554 mihi
3026 4497 3402 4571 coniugique
3437 4513 3613 4556 meae

1960 4594 2358 4651 ministraret.
2435 4594 2721 4652 Dicebam
2773 4600 2981 4652 autem
3045 4612 3056 4650 ;
3118 4596 3290 4660 Ecce,
3355 4597 3606 4667 Macari,

1957 4691 2244 4749 invenisti
2299 4691 2412 4749 tibi
2468 4706 2727 4749 uxorem
2774 4709 2792 4762 ;
2850 4706 3101 4750 necesse
3145 4698 3238 4750 est
3281 4708 3429 4767 ergo
3473 4709 3610 4753 am—

1957 4789 2121 4861 plius
2151 4789 2424 4861 operari,
2474 4795 2539 4846 ut
2587 4803 2724 4846 eam
2771 4791 2973 4847 valeas
3014 4791 3314 4848 enutrire.
3369 4792 3439 4849 Et
3487 4798 3610 4850 tam

1956 4886 2179 4944 diebus
2218 4900 2405 4959 quam
2447 4885 2733 4945 noctibus
2767 4889 3100 4958 operabar,
3136 4893 3202 4945 ut
3231 4889 3289 4945 ei
3326 4889 3608 4962 quotidie

1955 5105 2084 5162 dolf
2129 5121 2242 5162 von
2300 5108 2434 5161 Ems
2473 5106 2966 5178 herausgegeben
3001 5121 3113 5163 von
3155 5109 3324 5164 Moriz
3370 5110 3604 5180 Haupt.

1959 5195 2194 5267 Leipzig
2228 5195 2385 5248 1840.

2027 5284 2103 5354 (8)
2149 5286 2256 5338 Der
2277 5289 2413 5362 gute
2431 5281 2698 5339 Gerhard
2720 5283 2842 5339 und
2868 5283 2963 5339 die
2984 5283 3339 5340 dankbaren
3360 5286 3605 5362 Todten.

1958 5371 2062 5426 Ein
2090 5371 2316 5440 Beitrag
2345 5358 2448 5426 aur
2485 5372 2814 5427 deutschen
2847 5372 3200 5443 Mythologie
3236 5374 3357 5427 und
3384 5358 3612 5442 Sagen-

1956 5460 2160 5516 kunde
2204 5477 2322 5517 von
2370 5461 2436 5514 K.
2493 5461 2777 5517 Simrock.
2825 5463 2991 5516 Bonn
3023 5461 3117 5516 bei
3164 5461 3340 5517 Adolf
3381 5463 3610 5517 Marcus

1959 5539 2124 5606 1856.

3296 5741 3330 5792 5
