4092 6256
481 304 587 359 131

1376 291 1478 350 SS.
1521 294 2004 350 MACABIORUM
2047 288 2381 349 AEGYPTII
2420 288 2509 346 ET
2546 285 3037 344 ALEXANDRIN.

3797 289 3891 349 132

482 433 717 491 victum
757 427 1207 486 ministrarem.
1256 424 1373 484 Sed
1404 424 1653 497 quando
1684 423 1950 482 miserae
1981 428 2136 480 tem-
2171 426 2215 477 Α
2245 419 2446 490 ipsam
2492 418 2706 477 beatus
2758 420 3060 477 Macarius
3119 419 3585 492 requisivisset:
3636 421 3889 482 Humili-

481 543 600 604 pus
648 527 930 600 pariendi
964 525 1232 592 advenit,
1279 522 1502 580 diebus
1569 522 1862 593 plurimis
1916 533 2138 593 parere

482 627 758 686 cruciata
801 638 924 682 non
968 622 1186 694 potuit.
1241 622 1405 689 Quae
1450 621 1601 692 quid
1644 619 1888 677 fecisset
1927 618 2133 690 requi-

481 727 598 785 sita
643 721 961 795 respondit
1017 739 1029 778 :
1084 721 1235 789 Quia
1294 719 1704 776 anachoretae
1747 719 1838 775 illi
1887 730 2136 775 causam

482 837 608 881 non
652 820 904 881 habenti
937 819 1174 876 crimen
1220 817 1515 888 imposui.
1572 816 1720 873 Nam
1769 831 1868 873 me
1899 813 2139 873 iuvenis

484 924 728 980 vicinus
771 923 979 976 noster
1029 917 1135 975 ille
1172 913 1561 987 compressit.
1615 915 1788 983 Quod
1832 928 1975 971 cum
2008 912 2136 982 ille,

485 1020 595 1093 qui
625 1017 781 1076 mihi
827 1014 1243 1079 ministrabat,
1296 1013 1613 1080 audiisset,
1660 1011 1889 1083 gaudio
1928 1009 2138 1082 reple-

485 1123 586 1176 tus
649 1111 821 1182 139
883 1111 1150 1174 advenit,
1223 1109 1535 1167 infelicem
1606 1109 1779 1166 illam
1839 1107 2136 1180 puellam,

486 1213 852 1288 priusquam
927 1211 1245 1275 fateretur,
1317 1207 1484 1278 quod
1570 1206 1682 1263 tibi
1760 1204 2137 1263 calumniam

486 1313 718 1370 frustra
768 1305 1106 1370 contexuit,
1173 1318 1396 1376 parere
1458 1305 1808 1362 nullatenus
1865 1300 2140 1374 potuisse

492 1409 862 1472 vociferans,
897 1405 1005 1462 sed
1037 1408 1098 1461 et
1127 1417 1345 1461 omnes
1376 1402 1613 1459 vicinos
1640 1402 1877 1472 venire,
1908 1406 1967 1456 et
1988 1400 2051 1456 in
2081 1403 2140 1456 te

491 1503 811 1565 commissi
859 1502 1102 1559 veniam
1154 1499 1490 1572 postulare.
1549 1500 1714 1567 Quae
1769 1513 1879 1570 ego
1919 1511 2142 1568 cogno-

489 1620 684 1664 scens,
723 1617 799 1659 ne
839 1615 938 1657 me
977 1605 1035 1655 et
1074 1597 1193 1670 ipsi
1232 1597 1516 1655 homines
1565 1597 1985 1661 molestarent,
2047 1594 2143 1651 fe-

493 1703 692 1761 stinus
749 1697 1089 1756 abscedens
1143 1695 1205 1751 in
1261 1696 1428 1751 hunc
1480 1693 1688 1751 locum
1747 1692 2027 1765 perveni,
2085 1697 2144 1748 et

2223 813 2430 868 auras
2480 811 2730 868 evanuit
2788 807 2896 886 (8).

2247 522 2338 574 tas
2386 526 2510 582 tua,
2561 517 2738 586 dixit,
2797 517 2927 574 sola
3001 532 3099 574 me
3153 517 3362 576 vincit.
3425 519 3584 578 Haec
3658 521 3893 578 dicente

2248 615 2528 685 inimico,
2585 619 2645 670 et
2698 615 3066 672 extendente
3133 615 3310 673 beato
3361 616 3628 676 Macario
3681 633 3895 676 manus

2247 727 2390 770 suas
2440 712 2514 768 ad
2573 713 2944 783 orationem,
2998 713 3255 785 spiritus
3320 715 3686 774 immundus
3744 718 3899 776 inter

2962 811 3190 869 Eadem
3253 813 3437 884 plane
3503 813 3578 871 ad
3643 816 3897 872 verbum

2247 910 2538 981 leguntur
2580 909 2643 964 in
2693 909 2855 966 libro
2904 909 3173 981 septimo
3204 909 3292 986 (9)
3326 933 3340 979 ;
3380 912 3445 969 in
3494 912 3657 970 libro
3702 919 3903 970 autem

2248 1006 2465 1078 quinto
2518 1005 2646 1081 (10)
2696 1013 2755 1063 et
2801 1007 2863 1062 in
2911 1006 3467 1079 Apophthegmatis
3516 1025 3551 1067 a
3599 1011 3904 1069 Cotelerio

2247 1103 2429 1160 editis
2477 1102 2598 1177 (li)
2657 1103 2774 1160 hoc
2829 1104 3084 1175 quidem
3142 1105 3506 1164 discrimine
3575 1109 3904 1175 habentur,

2249 1205 2316 1258 ut
2364 1199 2503 1257 ﬁnis
2551 1198 2680 1266 ille,
2744 1206 2962 1258 orante
3029 1203 3298 1261 Macario
3370 1204 3692 1263 diabolum
3778 1222 3908 1264 eva-

2249 1299 2480 1364 nuisse,
2525 1299 2938 1356 desideretur.
3000 1300 3635 1360 Animadvertendum
3686 1308 3800 1377 est,
3847 1306 3910 1362 in

2253 1396 2807 1468 Apophthegmatis
2865 1411 2998 1454 rem
3078 1399 3172 1456 bis
3241 1399 3559 1469 inveniri;
3622 1417 3763 1460 nam
3824 1403 3909 1464 ibi

2251 1500 2464 1568 postea
2490 1495 2718 1552 iterum
2743 1495 2904 1568 legis
2942 1512 2953 1551 :
2998 1517 3021 1548 ‹
3063 1497 3232 1554 Alias
3265 1499 3491 1555 iterum
3515 1500 3781 1559 daemon
3810 1502 3914 1558 ad-

2251 1607 2466 1651 versus
2505 1594 2839 1650 Macarium
2883 1595 3173 1653 abbatem
3233 1596 3571 1655 insurrexit
3601 1614 3744 1657 cum
3783 1601 3912 1672 gla-

2254 1690 2444 1761 diolo,
2503 1692 2636 1748 eius
2704 1692 2928 1759 pedem
2997 1699 3456 1765 amputaturus.
3531 1696 3702 1764 Quod
3770 1713 3912 1756 cum

489 1800 644 1857 haec
681 1801 774 1854 est
810 1809 996 1852 causa
1033 1793 1153 1850 mei
1189 1793 1252 1849 in
1283 1792 1420 1848 istis
1453 1791 1606 1849 locis
1636 1791 1936 1848 adventus
1963 1788 2077 1865 (l).
2110 1807 2140 1842 »
2178 1777 2217 1829 Β
2257 1791 2514 1860 propter
2564 1788 2980 1846 humilitatem
3035 1791 3172 1847 eius
3222 1805 3344 1848 non
3401 1793 3725 1863 potuisset,
3786 1796 3842 1852 ei
3901 1813 3913 1850 :

493 1897 664 1955 Idem
713 1893 982 1951 traditur
1027 1893 1090 1947 in
1135 1890 1251 1946 VV.
1312 1891 1415 1946 PP.
1472 1889 1635 1946 libro
1678 1889 1896 1960 quinto
1941 1886 2053 1962 (2),
2087 1892 2146 1943 et

492 1995 556 2053 in
620 1989 1172 2064 Apophthegmatis
1230 2003 1263 2044 a
1323 1986 1634 2044 Cotelerio
1683 1987 1868 2042 editis
1923 1983 2033 2060 (3),
2087 1989 2148 2039 et

492 2091 829 2161 utrobique
872 2089 1065 2152 locus,
1103 2086 1166 2141 in
1198 2099 1386 2156 quem
1424 2083 1729 2142 Macarius
1765 2084 1938 2153 fugit,
1973 2082 2147 2140 Scete

493 2187 848 2262 appellatur
910 2202 922 2254 ;
1004 2198 1078 2240 ex
1148 2195 1273 2254 quo
1350 2181 1685 2238 Macarium
1773 2179 2146 2253 Aegyptium

493 2287 683 2346 fuisse
721 2297 865 2342 eum
907 2286 1188 2353 apparet.
1238 2280 1389 2336 Eum
1434 2293 1582 2335 vero
1622 2292 1782 2335 anno
1830 2276 2149 2348 trigesimo

491 2384 709 2443 aetatis
750 2395 898 2439 suae
945 2379 1010 2435 in
1059 2377 1286 2435 Scetim
1339 2377 1566 2433 abiisse
1613 2391 1646 2432 e
1680 2374 1952 2432 Palladio
2005 2389 2150 2432 con-

490 2488 608 2541 stat
659 2478 770 2557 (4).
823 2479 904 2535 Ac
951 2475 1144 2533 sancti
1200 2474 1456 2546 quidem
1502 2487 1625 2530 non
1682 2473 1866 2544 pauci
1921 2473 1998 2529 de
2031 2471 2148 2528 cri-

494 2581 662 2638 mine
709 2575 897 2634 scorti
955 2574 1108 2630 falso
1153 2572 1424 2629 accusati
1469 2586 1603 2627 esse
1634 2571 1953 2641 dicuntur,
1988 2583 2148 2641 quo-

493 2691 634 2735 rum
679 2671 1030 2730 innocentia
1063 2674 1276 2741 postea
1327 2669 1563 2725 detecta
1616 2672 1723 2724 est.
1787 2667 1828 2722 Ε
1877 2679 2151 2738 quorum

493 2784 762 2832 numero
802 2770 1052 2827 fuerunt
1105 2767 1358 2831 Marina,
1423 2765 1718 2837 Eugenia,
1776 2764 2153 2836 Apollinaris

492 2869 785 2942 virgines,
832 2879 991 2938 quae
1056 2864 1270 2921 habitu
1319 2862 1482 2918 virili
1551 2862 1886 2933 adsumpto
1944 2866 2153 2918 sancte

492 2968 779 3026 vixerunt
812 2960 923 3039 (5),
969 2969 1032 3020 et
1060 2960 1415 3018 Eustathius
1462 2961 1656 3017 lector
1686 2959 2021 3017 Caesareae
2051 2971 2152 3014 ur-

493 3067 592 3124 bis
637 3066 702 3123 in
740 3061 1082 3120 Palaestina
1133 3059 1313 3128 sitae,
1364 3059 1464 3115 cui
1514 3058 1682 3114 idem
1731 3056 1934 3128 plane,
1982 3056 2150 3128 quod

2255 1886 2670 1957 Quaecunque
2721 1887 2987 1956 habetis,
3043 1888 3269 1960 inquit,
3321 1890 3624 1948 habemus
3671 1899 3732 1950 et
3763 1907 3916 1964 nos;

2257 1983 2388 2040 sola
2437 1984 2792 2041 humilitate
2849 2000 2882 2040 a
2936 1987 3121 2043 nobis
3180 1984 3448 2044 differtis
3505 1995 3565 2046 et
3605 1992 3921 2062 praevale-

2257 2081 2337 2138 tis
2385 2078 2534 2154 (l2).
2576 2101 2599 2133 ι
2645 2081 2797 2139 Cum
2852 2083 3434 2156 Apophthegmatis,
3483 2088 3589 2145 ubi
3624 2102 3722 2146 res
3753 2105 3806 2146 s.
3845 2105 3910 2146 v.

2259 2175 2558 2235 Macarius
2612 2175 2928 2255 Aegyptius
2980 2183 3275 2249 occurrit,
3333 2187 3672 2243 convenire
3737 2189 3918 2247 vide-

2259 2281 2361 2335 tur
2422 2277 2566 2334 libri
2619 2279 2819 2349 quinti
2879 2281 3169 2352 scriptor,
3245 2283 3353 2354 qui
3434 2285 3776 2344 narrationi
3842 2288 3915 2345 de

2261 2376 2530 2432 Macario
2562 2377 2862 2447 Aegyptio
2895 2377 3067 2435 illam
3099 2380 3423 2437 subiunxit
3457 2400 3470 2437 :

2348 2493 2370 2524 ι
2408 2473 2686 2540 Quodam
2737 2480 3022 2546 tempore
3065 2477 3257 2533 abbas
3293 2478 3619 2550 Macarius,
3659 2481 3807 2538 dum
3844 2483 3916 2539 ad

2262 2576 2537 2627 montem
2584 2570 2813 2628 Nitriae
2868 2573 3254 2643 ascenderet,
3311 2575 3624 2648 discipulo
3675 2593 3808 2651 suo,
3858 2585 3918 2637 ut

2263 2682 2487 2739 parum
2542 2669 2968 2740 praecederet,
3023 2671 3377 2743 imperavit.
3433 2674 3545 2742 Qui
3597 2691 3739 2734 cum
3781 2684 3919 2735 ante

2263 2767 2441 2823 illum
2476 2772 2780 2839 pergeret,
2815 2769 3071 2826 obvium
3118 2770 3336 2827 habuit
3366 2774 3681 2843 quendam
3723 2791 3922 2834 sacer-

2263 2863 2472 2920 dotem
2519 2864 2862 2931 idolorum,
2915 2880 3102 2923 cursu
3153 2869 3396 2926 concito
3440 2872 3816 2938 venientem,
3863 2881 3924 2931 et

2267 2961 2503 3032 lignum
2554 2963 2790 3035 grande
2822 2968 3201 3034 portantem.
3250 2965 3362 3023 Cui
3400 2967 3755 3027 exclamans
3785 2971 3868 3028 ait
3901 2991 3912 3028 :

2265 3059 2395 3126 Quo
2448 3059 2675 3129 curris,
2737 3061 3004 3118 daemon
3040 3059 3070 3118 ‘l
3099 3063 3167 3118 At
3204 3061 3307 3119 ille
3339 3064 3532 3122 iratus
3565 3067 3747 3125 tantis
3777 3083 3920 3126 eum

493 3162 782 3228 Macario,
853 3159 1151 3217 accidisse
1247 3156 1676 3228 comperimus
1752 3152 1862 3231 (6).
1954 3154 2151 3212 Etiam
2192 3143 2229 3196 Ο
2266 3157 2460 3228 plagis
2490 3156 2714 3224 affecit,
2746 3164 2811 3214 ut
2837 3159 3192 3216 exanimem
3241 3175 3436 3232 paene
3472 3164 3858 3236 relinqueret
3902 3185 3915 3236 ;

494 3261 684 3320 hodie
718 3261 782 3315 in
827 3256 1233 3327 Elephantine
1266 3254 1490 3317 insula,
1536 3259 1756 3324 stupro
1785 3253 2146 3319 commisso,

494 3355 834 3431 propinqui
885 3352 1142 3424 virginis
1193 3352 1400 3421 lapsae
1459 3357 1517 3406 et
1565 3351 1765 3422 ips-am
1815 3357 1874 3406 et
1915 3364 2084 3421 eum,
2118 3364 2152 3406 a

494 3470 620 3528 quo
649 3456 948 3523 corrupta
979 3455 1091 3516 est,
1126 3449 1416 3506 occidere
1447 3449 1646 3504 solent
1678 3446 1788 3522 (7).

578 3575 606 3605 «
645 3551 850 3608 Abbas
903 3544 1202 3605 Macarius
1249 3545 1399 3600 dum
1456 3543 1735 3601 diluculo
1797 3544 2149 3615 palmarum

494 3649 644 3710 folia
675 3653 928 3721 portans
971 3645 1045 3702 ad
1098 3643 1320 3701 cellam
1365 3656 1543 3699 suam
1577 3647 2015 3709 reverteretur,
2049 3657 2151 3699 oc-

494 3748 692 3808 currit
712 3745 769 3802 ei
813 3744 1100 3801 diabolus
1147 3754 1291 3797 cum
1336 3739 1488 3796 falce
1519 3745 1872 3810 praeacuta,
1911 3740 2150 3797 volens-

492 3861 616 3920 que
674 3858 818 3901 eum
872 3844 1198 3913 percutere
1271 3851 1391 3894 non
1441 3837 1705 3893 valebat.
1765 3836 1880 3905 Qui
1939 3839 2147 3895 excla-

491 3958 669 4003 mans
719 3940 917 3998 dixit:
953 3939 1230 4008 Magnam
1286 3949 1318 3990 a
1380 3941 1434 3990 te
1497 3933 1620 3989 vim
1674 3934 1900 4005 patior,
1935 3949 1973 3991 o
2026 3937 2146 3992 Ma-

490 4043 642 4110 cari,
713 4040 847 4112 qui,
907 4051 1051 4094 cum
1106 4040 1165 4091 te
1213 4034 1403 4105 cupio
1457 4047 1704 4101 nocere,
1769 4047 1891 4090 non
1944 4035 2142 4101 valeo,

492 4140 666 4205 dum,
717 4146 1128 4209 quaecunque
1173 4137 1238 4188 tu
1293 4131 1464 4199 facis,
1521 4143 1632 4200 ego
1666 4129 1859 4200 magis
1888 4144 1961 4186 ex
1992 4144 2146 4202 ope-

494 4251 564 4294 re
621 4235 797 4293 facio.
835 4235 920 4289 Tu
956 4245 1103 4302 ergo
1135 4230 1376 4287 ieiunas
1432 4227 1769 4295 interdum,
1829 4243 1941 4299 ego
1975 4232 2146 4289 nullo

493 4346 770 4405 unquam
815 4331 955 4386 cibo
988 4328 1252 4384 reﬁcior.
1290 4328 1377 4383 Tu
1408 4340 1593 4396 saepe
1624 4325 1861 4397 vigilas,
1910 4341 2009 4385 me
2037 4343 2145 4385 ve-

491 4446 563 4491 ro
589 4443 779 4503 sopor
808 4440 1125 4498 nunquam
1166 4420 1337 4492 14.0
1381 4423 1715 4496 oppressit.
1775 4425 1892 4482 Sed
1927 4425 1989 4482 in
2023 4441 2146 4484 una

493 4546 561 4590 re
616 4493 718 4588 me
764 4526 981 4596 vincis,
1017 4525 1150 4595 ipse
1205 4520 1525 4594 proﬁteor.
1579 4521 1730 4580 Cum
1772 4525 1849 4580 ab
1881 4538 1956 4581 eo
2009 4539 2142 4582 rem
2177 4493 2220 4546 Ι)

560 4712 637 4784 (1)
677 4709 797 4764 VV.
829 4709 933 4763 PP.
975 4709 1170 4762 Rosw.
1201 4704 1303 4761 lib.
1337 4706 1402 4759 lll
1443 4722 1572 4776 cap.
1615 4707 1684 4762 99
1724 4707 1927 4778 p.515,
1970 4707 2000 4761 2
2034 4726 2131 4782 sq.

565 4801 641 4873 (2)
683 4799 832 4853 Ibid.
857 4796 958 4854 lib.
991 4796 1034 4851 V
1065 4794 1245 4850 libell.
1292 4796 1378 4860 15,
1413 4800 1474 4850 2i
1514 4811 1570 4867 p.
1603 4797 1728 4864 6‘23,
1758 4799 1790 4850 2
1831 4814 1923 4869 sq.

564 4891 645 4962 (3)
688 4886 927 4944 Coteler.
957 4885 1106 4940 Eccl.
1129 4884 1337 4940 Graec.
1371 4888 1525 4942 Mon.
1561 4887 1660 4940 T.I
1691 4887 1866 4956 p.524
1895 4903 1983 4958 sq.
2011 4904 2133 4944 s.v.

489 4979 795 5037 Macarius
821 4970 1192 5047 Aegyptius§
1222 4975 1242 5027 Ι
1277 4992 1289 5042 ;
1323 4974 1476 5030 infra
1511 4975 1567 5029 in
1595 4976 1806 5031 harum
1837 4979 2137 5041 Quaestio-

485 5086 633 5127 num
651 5067 993 5140 Appendice
1020 5065 1203 5120 altera
1233 5064 1344 5118 sub
1367 5065 1456 5119 IIl.

559 5160 636 5232 (4)
678 5157 759 5213 Cf.
805 5171 988 5227 supra
1019 5154 1131 5215 ΜΞ
1154 5168 1212 5225 p.
1244 5154 1338 5211 38.

559 5249 637 5321 (5)
680 5247 806 5302 Vita
841 5247 900 5302 S.
944 5245 1196 5300 Marinae
1233 5244 1340 5298 VV.
1370 5245 1477 5298 PP.
1508 5245 1702 5298 Rosw.
1734 5243 1830 5299 lib.
1876 5243 1896 5296 Ι
1944 5259 2001 5314 p.
2031 5244 2135 5300 393

486 5353 623 5411 sqq.
653 5336 786 5391 Vita
815 5337 869 5390 S.
905 5334 1198 5404 Eugeniae
1222 5333 1373 5387 ibid.
1415 5349 1474 5404 p.
1509 5333 1612 5387 340
1635 5349 1767 5405 sqq.
1803 5337 1879 5389 De
1910 5333 2134 5406 Appel-

483 5428 657 5485 linari
689 5425 917 5494 virgine
947 5424 1020 5479 cf.
1055 5423 1208 5479 infra
1238 5425 1427 5495 Caput
1458 5422 1554 5477 VII
1594 5421 1618 5482 ἓ
1647 5423 1735 5476 41.

553 5518 632 5589 (6)
674 5517 809 5571 Hist.
844 5515 1018 5570 Laus.
1055 5515 1148 5570 ed.
1184 5515 1394 5568 Meurs.
1428 5527 1561 5583 cap.
1599 5511 1700 5565 144
1741 5513 1892 5583 Opp.
1921 5514 2129 5567 Meurs.

477 5604 527 5666 l.
563 5607 610 5662 Ι.
641 5621 701 5677 p.
729 5605 851 5660 6'27.
877 5605 937 5659 In
962 5603 1144 5660 codd.
1176 5601 1516 5658 Vindobon.
1536 5601 1704 5656 locus
1730 5600 1803 5654 de
1827 5598 2132 5655 Eustathio

479 5695 667 5756 deest.

2262 3261 2321 3311 et
2363 3254 2584 3312 relicto
2632 3269 2707 3313 eo
2762 3257 3053 3314 sacerdos
3101 3257 3329 3315 iterum
3391 3262 3706 3319 currebat.
3774 3264 3918 3322 Pro-

2261 3367 2632 3425 gressusque
2680 3368 2902 3426 parum
2952 3355 3228 3412 obviavit
3269 3358 3452 3415 beato
3485 3359 3776 3434 Macario,
3808 3363 3917 3433 qui

2261 3451 2345 3508 ait
2384 3451 2458 3507 ad
2520 3465 2665 3507 eum
2703 3452 3034 3516 :Salveris,
3093 3451 3433 3521 laborator,
3494 3457 3797 3516 salverisl
3847 3463 3922 3517 At

2260 3549 2366 3604 ille
2418 3548 2759 3605 admiratus
2816 3551 3136 3621 respondit
3188 3569 3200 3605 :
3256 3551 3417 3620 Quid
3483 3553 3545 3610 in
3615 3569 3715 3613 me
3769 3557 3918 3615 boni

2259 3646 2656 3716 conspexisti,
2733 3655 2798 3703 ut
2847 3662 2946 3703 me
2995 3648 3347 3707 salutares?
3392 3650 3501 3708 Cui
3551 3666 3737 3710 senex
3782 3655 3914 3711 ait:

2258 3744 2412 3813 Quia
2465 3744 2588 3800 vidi
2642 3750 2698 3800 te
2751 3743 3162 3812 laborantem,
3198 3751 3257 3803 et
3303 3748 3506 3805 curris
3533 3749 3917 3822 ignoranter.

2259 3841 2368 3900 Cui
2414 3841 2705 3898 sacerdos
2730 3842 2889 3898 dixit
2926 3860 2936 3898 :
2974 3843 3044 3900 Et
3069 3859 3181 3914 ego
3215 3842 3586 3903 salutatione
3618 3853 3722 3904 tua
3749 3863 3925 3906 com-

2259 3945 2530 4012 punctus
2568 3955 2862 4012 magnum
2899 3956 3149 3998 servum
3189 3942 3288 3998 Dei
3335 3948 3394 3999 te
3425 3945 3685 4016 cognovi
3726 3964 3735 4011 ;
3773 3962 3922 4005 nam

2258 4039 2412 4094 alter
2474 4032 2642 4104 141,
2702 4038 2911 4096 nescio
2963 4039 3103 4109 quis
3157 4040 3542 4098 miserabilis
3573 4045 3926 4102 monachus

2255 4150 2593 4193 occurrens
2641 4135 2793 4192 mihi
2834 4134 3098 4193 iniurias
3154 4137 3317 4202 fecit,
3374 4138 3480 4195 sed
3536 4143 3598 4198 et
3629 4156 3742 4213 ego
3785 4143 3925 4214 pla-

2255 4248 2359 4305 gas
2407 4233 2498 4289 illi
2555 4247 2668 4304 pro
2713 4231 2923 4290 verbis
2977 4233 3274 4304 imposui.
3339 4235 3508 4292 Tunc
3563 4239 3923 4310 apprehen-

2257 4333 2409 4388 dens
2464 4331 2653 4402 pedes
2711 4330 2873 4387 beati
2934 4331 3181 4387 Macarii
3237 4334 3551 4392 clamabat
3612 4335 3835 4394 dicens
3901 4355 3917 4394 :

2257 4429 2383 4487 Nisi
2441 4444 2539 4485 me
2593 4429 2970 4486 monachum
3056 4430 3298 4495 feceris,
3382 4446 3505 4489 non
3587 4434 3915 4492 desistam.

2258 4528 2713 4600 Pergentesque
2759 4527 2993 4599 pariter
3046 4535 3348 4586 venerunt
3403 4531 3476 4587 ad
3532 4531 3766 4605 locum,
3800 4534 3921 4592 ubi

2328 4711 2405 4782 ('7)
2446 4709 2704 4766 Minutoli
2738 4710 2902 4765 Reise
2941 4726 3076 4764 zum
3109 4711 3347 4782 Tempel
3375 4713 3480 4767 des
3509 4713 3734 4784 Jupiter
3775 4718 3920 4771 Am-

2255 4817 2399 4856 mon
2431 4818 2494 4872 p.
2533 4801 2657 4854 292.

2327 4890 2406 4961 (8)
2447 4889 2565 4945 vv.
2607 4888 2710 4942 PP.
2746 4890 2939 4943 Rosw.
2971 4889 3072 4942 lib.
3113 4890 3180 4942 IIl
3219 4905 3350 4962 cap.
3380 4892 3484 4945 424
3513 4907 3569 4961 p.
3599 4894 3726 4960 διδ,
3768 4896 3830 4950 2.

2325 4980 2401 5051 (9)
2440 4979 2588 5033 Ibid.
2624 4978 2724 5032 lib.
2758 4978 2846 5031 νη
2876 4994 3011 5048 cap.
3054 4979 3135 5043 13,
3166 4979 3199 5031 6
3230 4996 3294 5050 p.
3345 4980 3468 5047 670,
3495 4981 3545 5035 2.

2324 5068 2431 5129 (10)
2473 5068 2618 5122 Ibid.
2660 5067 2765 5122 lib.
2800 5068 2840 5119 V
2867 5066 3050 5122 libell.
3086 5069 3171 5136 15,
3203 5069 3271 5122 26
3303 5084 3366 5140 p.
3402 5070 3609 5134 624,1.

2323 5158 2442 5226 (11)
2481 5155 2731 5210 Coteler.
2772 5154 2926 5208 Eccl.
2979 5157 3185 5210 Graec.
3227 5159 3385 5214 Mon.
3423 5159 3485 5214 T.
3529 5159 3546 5212 I
3591 5176 3655 5231 p.
3695 5161 3808 5216 534
3855 5183 3911 5220 s.

2251 5262 2312 5302 v.
2347 5246 2653 5300 Macarius
2675 5243 3042 5313 Aegyptius§
3072 5244 3134 5299 ΧΙ
3162 5261 3176 5311 ;
3203 5244 3359 5301 infra
3384 5246 3446 5301 in
3476 5247 3694 5305 harum
3721 5251 3924 5316 Quae-

2250 5335 2512 5390 stionum
2538 5332 2878 5404 Appendice
2920 5332 3103 5389 altera
3136 5334 3248 5389 sub
3279 5335 3374 5389 III.

2321 5424 2430 5492 (l2)
2473 5421 2623 5478 Ihib.
2673 5437 2737 5493 p.
2776 5421 2882 5476 545
2910 5438 3005 5494 sq.
3057 5441 3108 5481 s.
3150 5441 3207 5479 v.
3246 5425 3552 5482 Macarius
3578 5428 3924 5498 Aegyptius

2249 5507 2273 5570 ς
2301 5511 2479 5566 XXXV
2513 5527 2526 5576 ;
2564 5510 2718 5566 infra
2749 5511 2806 5565 in
2842 5511 3055 5567 harum
3089 5511 3524 5580 Quaestionum
3555 5517 3920 5588 Appendice

2248 5599 2431 5656 altera
2458 5599 2570 5655 sub
2598 5599 2694 5654 IlI.
