4092 6256
284 312 382 370 I33
844 320 847 321 '
1859 310 2093 370 VITAE.
3569 318 3668 380 134

286 458 481 502 caesus
521 442 712 500 frater
764 442 1026 500 iacebat.
1070 442 1262 511 Quem
1316 439 1563 514 utrique
1609 440 1913 510 tollentes,
1950 443 1997 494 Α
2026 444 2645 519 quantulamcunque
2692 447 3011 519 patimur;
3060 447 3152 506 illi
3204 464 3375 522 vero,
3425 451 3535 523 qui
3584 466 3689 511 co-

285 540 556 613 quoniam
602 539 776 613 gradi
811 554 934 597 non
983 544 1244 611 poterat,
1281 539 1571 596 manibus
1615 539 1676 596 in
1721 540 1919 598 eccle-

281 638 421 696 siam
465 638 880 710 pertulerunt.
917 638 1070 694 Cum
1118 642 1321 693 autem
1356 638 1576 694 fratres
1620 637 1918 695 vidissent

273 736 646 794 sacerdotem
700 736 877 793 illum
933 737 1180 792 beatum
1242 735 1573 792 Macarium
1618 737 1918 793 comitan-

266 838 405 905 tem,
462 833 789 905 stupefacti
844 848 988 891 cum
1052 832 1467 890 admiratione
1541 834 1917 890 monachum

263 931 436 989 illum
485 929 838 1003 perﬁciunt,
873 936 933 987 et
980 930 1157 987 multi
1193 937 1449 1002 prOpter
1480 929 1658 987 illum
1703 945 1778 986 ex
1814 944 1911 1001 pa-

262 1029 427 1103 ganis
469 1029 611 1086 facti
660 1035 802 1087 sunt
856 1028 1211 1087 Christiani.
1253 1028 1496 1085 Dicebat
1529 1041 1677 1100 ergo
1723 1028 1917 1085 abbas

262 1126 559 1185 Macarius
594 1146 606 1184 :
639 1126 794 1194 Quia
820 1138 1029 1183 sermo
1055 1126 1367 1196 superbus
1396 1133 1455 1182 et
1502 1124 1702 1182 malus
1725 1126 1912 1184 etiam

266 1223 454 1282 bonos
482 1224 653 1283 viros
702 1224 1010 1281 convertit
1054 1224 1128 1280 ad
1193 1224 1456 1290 malum,
1510 1237 1721 1281 sermo
1767 1238 1914 1282 vero

264 1321 511 1379 humilis
550 1327 610 1378 et
662 1322 860 1379 bonus
913 1322 1098 1377 etiam
1162 1321 1357 1378 malos
1411 1324 1607 1378 mutat
1664 1320 1727 1379 in
1785 1336 1913 1379 me-

261 1418 378 1476 lius
413 1416 533 1495 (l).
588 1438 619 1472 »
670 1418 900 1476 Eadem
949 1418 1110 1475 inter
1164 1418 1698 1491 Apophthegmata
1744 1420 1908 1491 apud

255 1516 632 1574 Cotelerium
682 1515 990 1587 leguntur,
1028 1517 1133 1573 ubi
1188 1516 1268 1573 ita
1303 1514 1610 1588 incipiunt
1642 1532 1654 1573 :
1692 1536 1721 1569 α
1767 1517 1913 1574 Nar-

250 1620 473 1671 rarunt
515 1614 851 1672 Macarium
889 1614 1256 1685 Aegyptium
1303 1614 1593 1671 abbatem
1632 1614 1908 1686 aliquan-

251 1712 333 1769 do
363 1725 399 1767 e
422 1711 601 1769 Seete
629 1710 973 1768 ascendisse
1006 1711 1066 1767 in
1091 1716 1366 1771 montem
1400 1711 1679 1769 Nitriae.
1716 1710 1803 1785 (2)
1839 1732 1851 1780 ;
1884 1736 1901 1763 ο

248 1813 460 1867 cetera
494 1822 644 1866 vero
673 1815 955 1867 accurate
998 1822 1141 1866 cum
1178 1808 1302 1866 illis
1331 1809 1725 1866 conveniunt.

334 1928 355 1957 ι
414 1906 621 1963 Abbas
658 1906 958 1964 Macarius
1000 1907 1149 1963 dum
1194 1907 1547 1964 ambularet
1590 1906 1651 1964 in
1693 1907 1902 1965 deser-

247 2008 331 2071 to,
364 2010 555 2076 caput
585 2004 911 2061 cuiusdam
964 2003 1238 2061 hominis
1280 2004 1528 2062 aridum
1579 2004 1813 2063 invenit
1843 2003 1906 2062 in

245 2106 431 2160 terra.
484 2102 661 2171 Quod
722 2108 1051 2173 postquam
1134 2101 1357 2159 baculo
1407 2116 1522 2160 suo
1575 2103 1901 2169 convertit,

246 2214 458 2258 vocem
509 2199 717 2257 visum
760 2205 851 2256 est
896 2198 1203 2271 emittere,
1246 2199 1418 2268 Quod
1470 2214 1679 2267 senex,
1736 2201 1905 2272 quis-

243 2313 387 2356 nam
435 2302 625 2357 esset.
666 2299 1024 2369 interrogat.
1074 2298 1146 2354 At
1192 2296 1297 2354 ille
1351 2298 1717 2370 respondit:
1782 2298 1905 2370 Ego

244 2396 498 2469 quidem
550 2395 846 2469 princeps
898 2409 1073 2452 eram
1115 2395 1509 2453 sacerdotum
1560 2396 1900 2464 idolorum,

244 2494 350 2567 qui
394 2494 460 2551 in
505 2494 631 2551 hoc
663 2494 800 2552 loco
847 2492 1230 2551 habitabant.
1284 2493 1371 2550 Tu
1416 2499 1623 2550 autem
1684 2508 1751 2551 es
1800 2495 1906 2552 ab-

244 2592 351 2649 bas
393 2591 702 2649 Macarius
740 2590 978 2662 Spiritu
1011 2591 1222 2649 divino
1257 2591 1555 2662 repletus.
1598 2591 1903 2660 Quacum-

246 2703 365 2761 que
395 2690 569 2747 enim
620 2689 777 2746 hora
827 2688 1119 2746 misertus
1164 2702 1383 2749 eorum
1434 2689 1646 2754 fueris,
1688 2688 1797 2760 qui
1840 2690 1901 2748 in

246 2801 443 2859 poena
470 2791 639 2852 sunt,
674 2790 737 2843 et
779 2799 892 2856 pro
937 2785 1014 2841 iis
1060 2787 1365 2851 oraveris,
1412 2778 1900 2844 consolationem

246 2885 519 2958 aliquam
555 2883 850 2941 sentiunt.
892 2881 999 2940 Cui
1033 2896 1219 2940 senex
1266 2898 1278 2937 :
1336 2884 1401 2940 Et
1429 2898 1589 2955 quae
1625 2890 1718 2941 est
1759 2898 1902 2942 con-

248 2983 465 3041 solatio
495 2987 702 3039 vestra
739 2981 834 3038 vel
885 2980 1140 3052 poena?
1171 2981 1499 3052 responde.
1553 2986 1626 3041 At
1673 2981 1778 3039 ille
1809 2982 1899 3039 al-

247 3080 370 3138 tius
422 3080 889 3154 ingemiscens:
957 3078 1291 3149 Quantum,
1350 3079 1575 3151 inquit.
1655 3080 1901 3139 coelum

248 3178 431 3236 distat
480 3195 516 3236 a
569 3184 757 3245 terra,
810 3181 1049 3234 tantum
1108 3177 1264 3248 ignis
1299 3182 1390 3234 est
1441 3178 1625 3242 altus,
1663 3178 1725 3236 in
1773 3192 1901 3249 quo

253 3276 460 3335 medio
488 3290 703 3333 sumus
735 3290 768 3331 a
819 3274 1086 3346 pedibus
1134 3288 1330 3346 usque
1381 3276 1455 3331 ad
1506 3280 1692 3346 caput
1723 3275 1903 3333 undi-

257 3385 381 3442 que
422 3373 678 3443 perfusi,
713 3386 827 3429 nec
854 3371 1151 3443 cuiquam
1183 3372 1329 3429 licet
1373 3371 1595 3429 faciem
1647 3373 1902 3431 alterius

262 3466 512 3539 intueri,
572 3468 677 3525 sed
746 3469 932 3527 facies
990 3474 1203 3527 nostro
1274 3468 1463 3527 dorso
1532 3469 1901 3531 coniunctae

256 3570 425 3621 sunt.
464 3564 614 3623 Cum
642 3579 786 3638 ergo
816 3580 959 3624 oras
1011 3580 1125 3637 pro
1156 3566 1360 3634 nobis,
1390 3581 1465 3623 ex
1510 3573 1685 3639 parte
1731 3568 1895 3626 vide-

251 3676 391 3720 mus
428 3662 818 3729 alterutrum,
867 3668 928 3720 et
967 3664 1085 3720 hoc
1116 3663 1296 3720 nobis
1329 3678 1444 3735 pro
1474 3664 1899 3723 consolatione

241 3766 499 3818 constat.
548 3761 655 3819 His
682 3761 913 3819 auditis
943 3761 1236 3819 lacrimas
1270 3760 1424 3819 fudit
1451 3763 1665 3820 dicens
1716 3780 1729 3817 :
1779 3763 1898 3821 Vae

240 3858 363 3916 diei
410 3858 525 3926 illi,
574 3860 634 3916 in
667 3873 794 3931 quo
836 3860 1027 3917 homo
1077 3858 1363 3916 mandata
1411 3860 1509 3918 Dei
1564 3867 1896 3932 transgres-

236 3970 341 4013 sus
363 3964 457 4014 est
506 3957 518 4013 !
562 3952 732 4024 142
768 3957 837 4013 Et
880 3957 1111 4015 iterum
1155 3957 1235 4014 ab
1273 3971 1370 4023 eo,
1405 3956 1456 4013 si
1505 3964 1665 4016 esset
1704 3960 1898 4018 altera

237 4067 437 4125 poena
505 4055 735 4126 maior,
791 4054 1075 4126 inquirit.
1134 4054 1241 4111 Cui
1316 4054 1425 4112 ille
1498 4056 1819 4127 respondit
1878 4072 1889 4111 :

234 4151 388 4210 Sunt
426 4151 611 4211 nobis
666 4150 773 4209 alii
835 4153 1036 4209 multo
1100 4152 1387 4210 inferius.
1450 4152 1731 4225 Cumque
1783 4154 1893 4227 qui

232 4257 436 4307 essent
490 4250 587 4309 illi
644 4250 1077 4321 interrogaret,
1138 4249 1295 4307 dixit
1354 4266 1366 4306 :
1429 4251 1549 4309 Nos
1604 4251 1887 4324 quidem,

231 4349 337 4421 qui
412 4350 609 4407 Deum
684 4363 807 4406 non
881 4348 1311 4420 cognovimus,
1392 4350 1893 4410 misericordiam

302 4532 380 4604 (1)
413 4533 532 4587 VV.
564 4531 670 4585 PP.
705 4534 901 4589 Rosw.
935 4530 1035 4587 lib.
1062 4531 1133 4585 III
1153 4546 1293 4603 cap.
1330 4531 1428 4585 127
1468 4547 1525 4605 p.
1553 4533 1677 4597 518,
1698 4535 1750 4587 2.

2026 542 2269 613 gnitum
2329 550 2726 615 negaverunt,
2788 545 3180 616 gravioribus
3231 552 3291 604 et
3355 548 3688 608 ineffabili-

2029 637 2146 697 bus
2194 644 2411 710 poenis
2457 640 2676 699 subtus
2718 657 2830 700 nos
2875 644 3258 701 cruciantur.
3309 643 3552 712 Quibus
3582 662 3687 706 au-

2026 734 2173 792 ditis
2205 736 2421 795 beatus
2469 737 2774 798 Macarius
2823 740 3028 811 capite
3074 740 3261 800 altius
3311 746 3515 800 terrae
3575 744 3682 803 de-

2030 833 2191 891 fosso
2235 833 2519 893 discessit
2572 833 2682 909 (3).
2749 856 2778 891 »
2815 836 2985 896 Idem
3038 838 3100 894 in
3154 839 3319 897 libro
3374 845 3545 898 sexto
3596 838 3686 917 (4)

2027 929 2103 986 de
2129 930 2352 989 abbate
2381 932 2646 991 Macario
2678 934 2902 992 maiori
2936 935 2976 993 i.
3013 950 3075 993 e.
3136 936 3457 1009 Aegyptio,
3495 943 3684 1011 atque

2025 1028 2090 1086 in
2146 1029 2702 1103 Apophthegmatis
2741 1048 2775 1088 a
2828 1033 3138 1091 Cotelerio
3177 1034 3361 1092 editis
3391 1032 3475 1110 (5)
3524 1052 3573 1093 s.
3617 1053 3679 1093 ν.

2021 1122 2322 1184 Macarius
2396 1125 2705 1204 Aegyptius
2764 1129 3054 1188 traditur.
3121 1130 3241 1189 Nec
3316 1146 3440 1190 non
3512 1132 3682 1190 idem

2022 1223 2411 1301 colloquium
2474 1225 2731 1285 Ioannes
2786 1227 3217 1293 Damascenus,
3271 1228 3427 1286 falso
3476 1233 3539 1287 ut
3593 1230 3683 1287 vi-

2022 1321 2226 1387 detur,
2291 1322 2353 1379 in
2412 1322 2681 1381 Historia
2734 1324 3024 1382 Lausiaca
3082 1324 3301 1398 legisse
3358 1340 3423 1383 se
3491 1328 3681 1385 tradi-

2023 1418 2112 1477 dit
2166 1418 2280 1493 (6),
2332 1420 2393 1478 in
2448 1435 2570 1493 qua
2641 1421 2828 1479 hodie
2896 1436 3019 1479 non
3096 1422 3366 1493 amplius
3426 1423 3673 1496 legitur.

2023 1516 2222 1588 Atque
2280 1517 2538 1589 insuper
2585 1534 2616 1574 a
2672 1519 2967 1577 Michaele
3023 1520 3211 1593 Glyca
3269 1518 3381 1595 (7),
3436 1522 3498 1579 in
3562 1523 3683 1580 Me-

2022 1613 2194 1672 naeis
2270 1615 2649 1674 Graecorum
2720 1615 2826 1688 (8),
2898 1631 2932 1674 a
3010 1617 3364 1690 Nicephoro
3453 1619 3678 1678 Blemi-

2021 1712 2098 1770 da
2127 1714 2232 1786 (9),
2268 1720 2324 1769 et
2348 1714 2409 1769 in
2432 1712 2676 1771 Ioannis
2696 1713 3079 1786 Hagioelitae
3111 1716 3401 1774 encomio
3426 1716 3674 1775 Macarii

1946 1793 1986 1846 Β
2024 1810 2305 1882 Aegyptii
2351 1807 2484 1883 (10)
2535 1816 2939 1869 memoratur.
2988 1812 3448 1885 Theologorum
3501 1814 3679 1874 scho-

2018 1906 2382 1965 lasticorum
2452 1907 2699 1979 ingenia
2759 1910 2841 1966 ob
2912 1908 3328 1978 difficultates,
3402 1925 3563 1983 quae
3618 1913 3675 1969 ei

2018 2004 2249 2072 insunt,
2324 2005 2705 2077 dogmaticas
2772 2005 3040 2064 multum
3123 2008 3429 2065 exercuit.
3516 2008 3678 2077 Quas

2016 2101 2272 2173 quidem
2320 2102 2379 2160 S.
2429 2102 2719 2171 Thomas,
2755 2103 3038 2161 refutatis
3088 2109 3444 2162 ceterorum
3498 2106 3678 2164 scho-

2018 2199 2381 2258 lasticorum
2428 2200 2546 2259 loci
2594 2200 3144 2272 explicationibus,
3199 2202 3438 2272 Optime
3488 2217 3675 2276 expe-

2016 2296 2153 2356 dire
2208 2298 2447 2356 studuit
2506 2294 2653 2372 (ll).
2723 2298 2839 2357 Sed
2899 2312 3032 2355 rem
3092 2298 3441 2357 fabulosam
3514 2315 3671 2368 esse,

2015 2394 2158 2466 quis
2206 2408 2327 2454 non
2377 2395 2747 2454 existimat?
2776 2395 3187 2469 Origenistam
3228 2397 3386 2455 forte
3416 2411 3671 2471 compo-

2016 2492 2211 2549 suisse
2250 2507 2389 2551 eam
2434 2493 2743 2566 suspicor,
2777 2493 2925 2567 quia
2963 2492 3346 2566 Origenistae
3385 2495 3461 2552 de
3500 2495 3674 2553 dam-

2015 2594 2303 2649 natorum
2348 2596 2508 2648 statu
2561 2594 2703 2663 post
2759 2596 3028 2648 mortem
3081 2591 3245 2649 male
3295 2591 3667 2649 sentiebant.

2014 2684 2307 2746 Ceterum
2353 2688 2417 2746 in
2465 2702 2610 2746 mss.
2649 2687 2996 2760 Aquicinct.
3033 2692 3187 2746 teste
3215 2688 3543 2747 Rosweido
3577 2688 3671 2747 hi-

2013 2785 2202 2844 storia
2255 2785 2573 2858 legebatur
2630 2786 2715 2844 ita
2768 2785 2977 2844 verbis
3024 2791 3348 2860 concepta,
3398 2791 3464 2845 ut
3514 2786 3673 2844 difﬁ.

2012 2883 2271 2942 cultates
2303 2884 2549 2956 penitus
2577 2890 2891 2941 cessarent
2922 2880 3074 2959 (12).

2102 2975 2271 3048 16.3
2331 2999 2361 3035 «
2419 2980 2682 3050 Quidam
2754 2980 2947 3039 frater
3020 2980 3273 3040 beatum
3333 2981 3670 3041 Macarium

2015 3078 2388 3151 postulabat.
2423 3082 2493 3136 ut
2527 3080 2583 3135 ei
2626 3093 2981 3138 sermonem
3031 3080 3291 3153 diceret,
3327 3094 3439 3151 per
3480 3094 3670 3154 quem

2016 3181 2221 3248 posset
2265 3176 2514 3236 salvari.
2558 3176 2668 3237 Cui
2712 3190 2902 3234 senex
2950 3176 3038 3234 ait
3090 3194 3103 3234 :
3156 3174 3415 3249 Oportet
3458 3177 3671 3250 fugere

2014 3275 2319 3341 homines,
2376 3278 2438 3331 et
2490 3273 2708 3332 sedere
2764 3274 2827 3331 in
2882 3274 3062 3341 cella,
3120 3278 3182 3332 et
3240 3288 3354 3346 pro
3402 3275 3670 3347 peccatis

2012 3372 2236 3445 iugiter
2284 3372 2630 3432 lamentari.
2694 3376 2754 3429 et
2805 3372 2975 3445 quod
3025 3385 3218 3444 super
3267 3385 3486 3430 omnes
3542 3372 3668 3430 vir-

2013 3476 2173 3528 tutes
2226 3473 2339 3537 est,
2390 3474 2514 3529 tam
2570 3468 2843 3542 linguam
2914 3482 3208 3528 coercere
3260 3484 3449 3542 quam
3523 3484 3669 3528 ven-

2010 3573 2171 3627 trem
2224 3569 2368 3645 (13).
2422 3590 2451 3620 »
2514 3567 2787 3626 Eandem
2850 3566 3096 3624 Macarii
3172 3567 3527 3625 doctrinam
3600 3568 3665 3625 in

2012 3665 2567 3739 Apophthegmatis
2621 3679 2655 3721 a
2686 3665 2994 3724 Cotelerio
3027 3664 3211 3723 editis
3257 3665 3354 3723 bis
3399 3666 3660 3724 invenis.

2009 3764 2079 3823 Et
2160 3761 2353 3821 semel
2437 3763 2694 3835 quidem
2779 3762 2877 3820 his
2960 3761 3170 3820 verbis
3237 3762 3659 3834 concipitur:

2012 3882 2041 3914 «
2110 3861 2317 3921 Esaias
2369 3862 2587 3928 abbas,
2644 3860 3032 3933 interrogans
3086 3861 3422 3919 Macarium
3473 3862 3665 3919 abba-

2007 3964 2133 4018 tem
2196 3976 2208 4017 :
2271 3959 2485 4017 Profer
2541 3959 2721 4025 mihi,
2796 3958 3022 4030 inquit,
3094 3959 3486 4017 sententiam.
3549 3957 3661 4017 Cui

2005 4071 2193 4116 senex
2227 4057 2548 4127 respondit
2583 4076 2596 4114 :
2630 4055 2927 4114 Homines
2975 4055 3134 4127 fuge.
3179 4056 3386 4112 Esaias
3422 4054 3616 4112 abbas
3650 4074 3663 4112 :

2006 4154 2189 4225 Quid,
2244 4154 2467 4227 inquit,
2502 4158 2595 4211 est
2643 4152 2852 4225 fugere
2908 4152 3196 4210 homines
3241 4149 3271 4208 ?
3326 4152 3665 4224 Respondit

2004 4266 2193 4310 senex
2246 4268 2258 4306 :
2314 4250 2542 4309 Sedere
2586 4250 2649 4308 in
2680 4249 2836 4306 cella
2884 4253 2989 4307 tua
3032 4253 3094 4305 et
3133 4248 3365 4306 deﬂere
3412 4256 3665 4320 peccata

2005 4355 2111 4410 tua
2156 4347 2300 4421 (14).
2351 4367 2381 4405 »
2418 4347 2587 4407 Alter
2627 4360 2777 4405 vero
2829 4345 3438 4420 Apophthegmatum
3487 4347 3660 4405 locus

2077 4531 2155 4603 (8)
2189 4530 2587 4603 Synaxarium
2620 4532 2977 4586 Graecorum
3010 4531 3080 4583 26
3110 4529 3237 4585 Ian.

299 4623 376 4693 (2)
427 4621 681 4678 Coteler.
754 4620 901 4677 Eccl.
951 4622 1152 4677 Graec.
1203 4620 1357 4676 Mon.
1412 4620 1471 4675 T.
1518 4622 1629 4691 ip.
1684 4622 1783 4677 547
1844 4640 1891 4678 s.
1927 4630 1973 4684 D
2076 4622 2154 4687 (93
2182 4617 3097 4690 Diatriba,qualemessedeceat
3121 4617 3542 4688 imperatorem
3561 4618 3649 4674 Cf.

233 4726 287 4764 v.
317 4711 633 4767 Macarius
681 4709 1005 4781 Aegyptius
1039 4709 1066 4779 §
1100 4709 1299 4764 XXXIX
1332 4726 1345 4774 ;
1391 4708 1543 4765 infra
1588 4710 1646 4765 in
1686 4711 1895 4767 harum

230 4798 667 4867 Quaestionum
701 4797 1047 4868 Appendice
1065 4797 1247 4853 altera
1270 4798 1382 4853 sub
1411 4797 1502 4852 III.

294 4888 374 4959 (3)
438 4887 560 4942 VV.
614 4886 725 4941 PP.
762 4888 951 4941 Bosw.
1030 4886 1135 4940 lib.
1195 4886 1263 4940 III
1340 4903 1476 4958 cap.
1528 4886 1633 4941 1'12
1663 4904 1722 4959 p.
1764 4888 1889 4957 526,

228 4977 254 5029 1
291 4993 382 5049 sq.

294 5066 372 5136 (4)
400 5065 561 5122 Ibid.
582 5063 688 5119 lib.
716 5062 788 5121 v1
813 5062 992 5121 libell.
1027 5064 1081 5127 3,
1126 5064 1193 5119 16
1219 5080 1277 5136 p.
1306 5065 1434 5124 656,
1457 5066 1492 5118 2
1510 5081 1601 5137 sq.

296 5156 376 5227 (5)
422 5152 679 5213 Coteler.
717 5152 863 5208 Eccl.
911 5154 1112 5209 Graec.
1148 5156 1298 5209 Mon.
1331 5155 1441 5209 Τ.Ι
1478 5169 1538 5225 p.
1580 5154 1684 5212 546
1728 5170 1776 5212 s.
1822 5170 1885 5210 ν.

228 5244 539 5301 Macarius
593 5242 925 5311 Aegyptius
963 5241 991 5312 ς
1032 5242 1281 5298 XXXVIII
1316 5261 1328 5309 ;
1361 5241 1519 5299 infra
1564 5242 1623 5298 in
1674 5243 1890 5300 harum

230 5332 664 5397 Quaestionum
691 5328 1036 5400 Appendice
1068 5329 1252 5386 altera
1283 5331 1397 5386 sub
1427 5331 1518 5388 III.

299 5421 379 5493 (6)
405 5420 616 5478 Oratio
640 5418 715 5477 de
737 5418 808 5475 iis
837 5416 943 5489 qui
963 5416 1023 5473 in
1045 5417 1165 5475 ﬁde
1195 5419 1588 5476 dormierunt.
1624 5421 1713 5478 lo.
1785 5423 1897 5478 Da-

236 5511 586 5580 masc.0pp.
619 5509 685 5567 T.
712 5507 817 5578 Ip.
844 5504 973 5564 585.

302 5598 370 5661 (7)
396 5599 506 5669 Ep.
537 5595 629 5653 26.
659 5594 754 5655 Cf.
796 5594 1051 5653 Fabricii
1102 5595 1378 5654 Biblioth.
1447 5597 1659 5656 Graec.
1712 5615 1766 5654 s.
1835 5613 1891 5652 v.

238 5683 554 5743 Palladius
583 5684 681 5745 ed.
706 5684 750 5745 Ι.
787 5682 913 5740 Vol.
933 5686 973 5740 X
1005 5699 1066 5757 p.
1102 5683 1227 5741 106.

2004 4707 2261 4764 Fabricii
2306 4707 2581 4764 Biblioth.
2610 4710 2820 4763 Graec.
2856 4705 2894 4760 l.
2925 4708 2972 4761 l.

2076 4796 2186 4867 (10)
2218 4796 2470 4851 Consule
2492 4798 2747 4852 Leonem
2764 4794 3041 4850 Allatium
3074 4793 3149 4849 de
3172 4794 3336 4849 libris
3353 4795 3663 4852 ecclesias-

2003 4884 2136 4941 ticis
2166 4884 2531 4941 Graecorum
2559 4883 2712 4942 diss.
2748 4882 2795 4936 II
2844 4882 2938 4938 ed.
2966 4884 3133 4939 Paris
3161 4884 3300 4938 1645
3360 4901 3418 4954 p.
3461 4885 3564 4940 117
3592 4915 3660 4925 ——

2006 4974 2131 5029 123.

2074 5063 2184 5134 (11)
2213 5063 2274 5117 In
2298 5062 2394 5118 IV.
2436 5062 2597 5117 Sent.
2641 5062 2776 5116 Dist.
2807 5061 2942 5116 XLV
2963 5077 3024 5131 q.
3044 5061 3090 5114 II
3115 5063 3225 5116 art.
3250 5060 3297 5115 II
3326 5059 3403 5117 ad
3431 5060 3526 5116 IV.
3563 5059 3655 5118 Cf.

2003 5151 2116 5206 vv.
2142 5152 2263 5209 PP.
2298 5154 2501 5206 Rosw.
2538 5149 2640 5204 lib.
2682 5150 2753 5204 v1
2785 5154 2911 5205 not.
2957 5150 3022 5202 12
3052 5165 3109 5218 p.
3139 5148 3265 5213 622,
3298 5148 3348 5202 2.

2076 5239 2185 5313 (12)
2218 5239 2337 5293 VV.
2388 5238 2485 5292 PP.
2523 5240 2721 5295 Rosw.
2751 5237 2855 5292 lib.
2878 5236 2951 5291 III
2982 5242 3107 5291 not.
3141 5237 3210 5291 20
3242 5253 3305 5309 p.
3350 5237 3477 5303 535,
3514 5239 3570 5295 1.

2076 5326 2367 5401 (13)Ibid.
2399 5326 2508 5383 lib.
2559 5326 2782 5399 IIIcap.
2817 5324 3015 5397 189p.
3066 5325 3272 5389 528,1.

2074 5416 2192 5487 (14)
2224 5414 2473 5472 Coteler.
2510 5414 2666 5471 Eccl.
2693 5417 2901 5470 Graec.
2934 5415 3087 5469 Mon.
3115 5416 3179 5470 T.
3216 5414 3331 5484 Ip.
3369 5413 3554 5467 5403.
3590 5428 3652 5467 v.

2002 5505 2303 5563 Macarius
2318 5505 2624 5573 Aegyptus
2642 5502 2861 5572 gXXVII
2887 5520 2899 5565 ;
2930 5500 3085 5557 infra
3111 5501 3173 5556 in
3194 5502 3411 5557 harum
3436 5502 3661 5565 Quaes-

2004 5598 2234 5652 tionum
2267 5592 2607 5666 Appendice
2639 5592 2826 5647 altera
2859 5589 2974 5646 sub
3000 5590 3091 5644 III.
