4092 6256
1283 333 1389 388 SS.
1435 315 1911 381 MACARIORUM
1951 305 2284 366 AEGYPTII
2330 301 2415 356 ET
2455 291 2952 354 ALEXANDRINI
3744 272 3847 328 136

1620 465 1652 507 a
1695 447 1919 504 abbate
1967 439 2080 497 Aio
2113 436 2158 488 Α
2189 433 2392 492 tribus
2438 421 2791 500 paximatiis
2821 416 2910 493 (4)
2943 413 3256 489 apposuit,
3292 414 3626 477 tacensque
3657 397 3850 459 stetit.

1627 546 1737 604 bas
1798 543 1862 599 in
1922 539 2082 595 The-
2191 532 2472 600 Cumque
2547 519 2989 586 comedissent,
3057 513 3351 570 dixerunt
3433 503 3511 562 ad
3595 503 3851 557 beatum

2195 595 2530 688 Macarium
2579 640 2593 679 :
2649 615 2944 684 Discedis,
2994 616 3191 684 pater,
3244 623 3321 664 an
3369 618 3490 662 non
3541 598 3570 659 ἢ
3622 599 3692 655 Et
3747 595 3857 652 ille

2197 727 2325 786 illic
2380 737 2444 779 se
2516 718 2840 792 quiescere
2912 711 3068 768 velle
3123 702 3465 777 respondit.
3538 699 3707 755 Tunc
3755 691 3853 750 illi

2197 821 2520 882 mattulam
2576 816 2638 874 in
2679 827 2804 872 uno
2855 809 3080 882 angulo
3111 806 3185 863 ad
3236 816 3397 875 Opus
3430 796 3629 871 ipsius
3657 792 3851 851 collo-

2199 926 2438 985 carunt,
2484 916 2602 990 ipsi
2651 926 2801 969 vero
2834 909 2897 966 in
2946 906 3144 964 altero
3191 898 3415 972 angulo
3459 894 3854 968 quieverunt,

2201 1018 2378 1095 quasi
2409 1016 2484 1074 ad
2531 1007 2974 1071 dormiendum
3023 1017 3089 1060 se
3138 996 3562 1072 proiecissent.
3625 990 3859 1046 lterum

2201 1131 2350 1188 ergo
2394 1112 2696 1172 Macarius
2747 1103 2984 1177 rogavit
3037 1097 3390 1160 Dominum,
3441 1098 3507 1149 ut
3562 1089 3619 1146 ei
3665 1097 3862 1157 opera

2205 1185 2486 1289 ipsorum
2553 1209 2920 1266 declararet.
2980 1200 3050 1257 Et
3109 1209 3274 1260 ecce,
3345 1190 3512 1248 velut
3558 1185 3862 1256 dissipato

430 359 534 420 135

434 495 500 551 in
530 503 605 548 eo
652 482 786 543 solo
830 473 1059 538 differt,
1097 464 1264 541 quod
1310 473 1424 533 pro
1477 451 1612 551 Esai

438 549 632 648 abbas
685 579 904 651 legitur
955 565 1058 640 (1).
1121 564 1231 623 Aio
1285 560 1494 617 autem
1544 549 1623 651 ab

677 637 977 737 habitavit
1025 666 1151 730 (2);
1203 655 1410 717 Esaias
1465 648 1658 708 abbas
1726 643 1788 700 in
1854 637 2085 745 quibus

446 778 704 855 Aegypti
765 767 1123 843 regionibus
1175 752 1419 816 vixerit,
1478 761 1600 803 non
1671 737 1919 797 invenio
1978 729 2081 799 (3).

618 829 992 943 lcompilator
1028 849 1634 931 Apophthegmatum
1657 851 1792 896 rem
1823 829 2087 891 Macario

451 933 938 1050 aegvptioiuste
969 951 1286 1022 tribuerit,
1322 943 1572 1004 aliunde
1597 952 1720 995 non
1751 933 1965 1004 liquet.

535 1029 932 1129 :Ji’enerunt
979 1049 1314 1127 aliquando
1359 1044 1485 1101 duo
1536 1035 1795 1110 quidam
1840 1029 2094 1085 iuvenes

453 1174 528 1235 ad
559 1171 809 1228 beatum
846 1126 1205 1218 Macarium,
1235 1157 1396 1204 unus
1437 1136 1692 1210 quidem
1732 1129 1809 1186 ad
1841 1126 2093 1198 plenum

455 1273 695 1338 doctus,
740 1260 894 1319 alter
939 1265 1089 1310 vero
1137 1245 1340 1304 adhuc
1378 1234 1705 1306 incipiens.
1754 1227 1825 1283 Et
1877 1234 2097 1295 provo-

459 1369 572 1428 luti
629 1334 894 1435 pedibus
939 1350 1075 1408 eius
1141 1337 1553 1416 postulabant,
1606 1334 1672 1386 ut

461 1572 728 1634 corpore
783 1527 1132 1613 deliciosos,
1195 1527 1569 1596 existimavit
1640 1537 1746 1582 eos
1817 1529 1990 1575 erem

466 1629 630 1722 ferre
673 1669 796 1713 non
835 1661 1039 1723 posse.
1077 1637 1360 1706 Dixitque
1391 1629 1467 1686 ad
1498 1639 1605 1683 eos
1647 1641 1658 1679 :

469 1758 618 1830 mei,
645 1768 768 1812 non
813 1718 1071 1822 potestis
1111 1745 1382 1795 manere.
1431 1726 1503 1782 Et
1532 1721 1626 1780 illi
1659 1718 1834 1777 dixer

476 2151 788 2225 patientur
822 2159 836 2207 ;
871 2149 1034 2196 nunc
1064 2131 1267 2187 dicam
1297 2121 1424 2180 illis
1458 2139 1470 2176 ε

479 2203 657 2307 vobis
693 2203 1011 2301 cellulam,
1054 2229 1104 2286 si
1145 2222 1420 2297 potestis.
1455 2217 1736 2282 Cumque
1775 2205 1864 2262 illi
1912 2203 2118 2260 locum

478 2345 599 2406 sibi
649 2330 1077 2400 tantummodo
1125 2312 1536 2382 demonstrari
1585 2307 1891 2379 rogarent,
1949 2298 2123 2357 duxit

481 2458 589 2504 eos
636 2446 695 2496 et
750 2429 1015 2494 ostendit
1074 2415 1246 2489 144
1307 2415 1384 2473 iis
1435 2417 1697 2483 petram,
1755 2417 1877 2474 qua
1929 2397 2124 2455 incisa

483 2493 603 2601 sibi
644 2493 1071 2595 habitaculum
1104 2512 1566 2592 praepararent,
1599 2509 1661 2561 et
1697 2498 1880 2572 lignis
1922 2493 2127 2552 allatis

483 2597 563 2696 de
629 2629 860 2708 palude
939 2619 1353 2689 contegerent.
1416 2601 1850 2664 Arbitrabatur
1919 2597 2126 2651 autem

486 2692 793 2793 Macarius
835 2717 1159 2782 confestim
1217 2712 1359 2769 illos
1416 2718 1531 2777 pro
1588 2697 1865 2756 iniuncto
1915 2692 2129 2748 labore

489 2829 831 2893 discedere.
883 2820 978 2878 Illi
1020 2829 1167 2873 vero
1222 2801 1759 2874 interrogaverunt
1805 2805 1972 2858 eum,
2031 2787 2126 2844 di-

490 2935 697 2989 centes
732 2948 745 2983 :
777 2919 931 2990 Quid
964 2913 1172 2987 operis
1203 2914 1498 2964 exercere
1530 2897 1706 2955 iubes
1736 2906 1869 2956 nos,
1900 2893 2073 2960 pater
2101 2881 2131 2942 ‘2

491 3031 660 3087 Tunc
687 2989 1084 3082 illeisublatis
1113 3008 1281 3066 foliis
1321 2996 1667 3059 funiculum
1703 2991 1828 3048 illis
1857 2989 2133 3045 intexere

492 3123 781 3188 ostendit,
835 3128 1023 3190 quem
1056 3122 1169 3181 pro
1216 3104 1380 3161 victu
1428 3111 1534 3155 eos
1593 3089 1937 3150 distrahere
1967 3097 2134 3141 com-
2169 3124 2209 3179 α

495 3184 781 3285 monuit;
837 3184 896 3272 et
953 3214 1035 3268 ita
1088 3208 1165 3263 ab
1219 3201 1294 3259 iis
1350 3192 1653 3255 discessit.
1719 3190 1790 3244 At
1845 3184 1938 3242 illi
1989 3193 2134 3238 cum

495 3335 740 3383 summa
787 3308 1104 3386 patientia,
1138 3306 1570 3374 quaecumque
1611 3288 1686 3346 iis
1731 3286 1974 3342 fuerant
2018 3280 2134 3335 im-

496 3821 690 3883 opera
729 3813 970 3860 eorum.
1019 3790 1374 3863 Septimana
1420 3793 1567 3852 ergo
1615 3776 1852 3845 integra
1899 3769 2139 3826 ieiuna-

500 3908 608 3973 vit,
654 3911 715 3962 et
756 3896 994 3971 rogavit
1026 3888 1379 3953 Dominum,
1414 3885 1481 3936 ut
1530 3875 1649 3932 sibi
1695 3884 1888 3943 opera
1920 3877 2140 3924 eorum

497 3965 860 4078 dignaretur
909 3988 1257 4051 ostendere.
1319 3981 1387 4038 Et
1445 3978 1583 4048 post
1630 3973 1780 4028 haec
1830 3965 2143 4040 profectus

497 4111 589 4165 est
634 4101 710 4160 ad
754 4111 880 4163 eos,
931 4085 1321 4164 pulsavitque
1370 4075 1598 4135 ostium
1646 4067 1980 4140 speluncae
2031 4076 2142 4119 eo-

495 4217 660 4264 rum.
714 4198 845 4266 Quo
899 4161 1115 4263 aperto
1171 4187 1232 4238 et
1284 4179 1416 4234 viso
1467 4169 1721 4229 homine
1773 4163 1874 4221 Dei
1923 4161 2142 4218 adora-

495 4262 1019 4361 verunt-vutrique
1059 4285 1121 4340 in
1164 4286 1350 4337 terra.
1386 4273 1455 4332 Et
1505 4273 1835 4342 postquam
1865 4262 2023 4317 facta
2065 4273 2136 4315 ex

496 4409 673 4458 more
725 4388 1005 4449 oratione
1047 4376 1471 4441 considerunt,
1516 4367 1626 4423 ille
1681 4361 1882 4420 maior
1939 4355 2142 4414 innuit

497 4491 750 4557 minori,
780 4494 840 4545 et
868 4491 1152 4555 egressus
1181 4480 1270 4531 est
1313 4471 1498 4527 foras.
1537 4465 1670 4536 lpse
1710 4464 1914 4517 autem
1955 4451 2142 4512 sede-
2172 4481 2215 4534 ο

499 4598 602 4654 bat
629 4553 929 4660 torquens
968 4573 1339 4640 funiculum,
1376 4564 1530 4623 nihil
1566 4563 1828 4632 loquens
1855 4553 2136 4613 omnino.

496 4695 658 4751 Hora
687 4699 834 4744 vero
879 4692 1040 4737 nona
1086 4668 1349 4747 pulsavit
1401 4662 1630 4723 ostium
1678 4658 1870 4714 frater
1903 4651 2136 4717 iunior,

495 4797 556 4850 et
601 4789 913 4858 ingressus
958 4782 1045 4834 est
1104 4785 1247 4829 cum
1299 4767 1466 4830 cibo,
1528 4773 1652 4833 quo
1710 4754 2135 4814 reﬁcerentur.

494 4888 727 4949 Eodem
773 4884 926 4938 nutu
981 4876 1182 4932 iussus
1231 4862 1576 4925 mensulam
1629 4853 1952 4930 parvulam
1994 4861 2140 4906 cum

566 5124 643 5198 (l)
665 5118 814 5176 Ibid.
850 5133 905 5188 p.
937 5112 1042 5167 549
1063 5110 1091 5181 ς
1113 5106 1239 5164 xu.

567 5189 637 5280 (si
671 5208 828 5265 ibid.
868 5223 927 5276 p.
963 5202 1067 5256 400
1095 5213 1190 5269 sq.
1230 5213 1283 5252 ε.
1317 5209 1369 5248 v.
1403 5189 1530 5244 Aio.

668 5305 744 5356 De
774 5267 941 5353 Esaia
964 5267 1180 5348 abbate
1223 5285 1299 5342 cf.
1339 5281 1451 5336 VV.
1479 5281 1576 5332 PP.
1606 5278 1795 5330 Rosw.
1817 5269 1917 5324 lib.
1943 5267 1988 5319 II
2005 5278 2138 5334 cap.

491 5356 654 5468 ιοᾚ.
704 5390 827 5453 469,
871 5389 926 5441 2.
959 5384 1104 5438 Hist.
1138 5379 1314 5432 Laus.
1347 5371 1420 5426 ed
1451 5371 1662 5422 Meurs.
1703 5376 1836 5430 cap.
1888 5360 1950 5412 57
1980 5356 2132 5424 Opp.

493 5447 709 5543 aedis.
733 5481 774 5536 l.
798 5447 838 5533 I'.
867 5493 924 5548 p.
947 5473 1066 5529 513.
1093 5466 1380 5538 (Genuina
1396 5474 1543 5522 esse,
1565 5469 1720 5527 quae
1740 5449 1819 5505 ibi
1843 5447 2138 5548 leguntur,

493 5529 885 5548 ⁵“⁹“⁵”¹”“”ι
1099 5529 1108 5538 ι

489 5579 705 5634 docent
735 5567 909 5625 codd.
943 5560 1284 5619 Vindolion.
1309 5567 1458 5624 quos
1488 5565 1545 5619 p.
1582 5546 1645 5598 14
1680 5529 2139 5599 recensuiinus.)

491 5623 897 5725 illisi.
931 5653 1083 5710 Eccl.
1135 5647 1239 5703 lib.
1282 5623 1347 5697 lII
1381 5655 1512 5710 cap.
1557 5634 1623 5688 ’14
1803 5628 1850 5682 I.
1898 5623 2132 5725 p."51§.

490 5708 1162 5818 Botel‘e‘r'jl‘ic—claGraec.
1199 5740 1351 5794 Mon.
1386 5708 1510 5785 T._l
1539 5727 1601 5797 p’.
1627 5720 1733 5776 445
1763 5734 1790 5772 s
1813 5761 1826 5773 .
1870 5730 1928 5769 v.
1957 5708 2144 5766 Esaia
2186 5761 2202 5778 ,

1723 1281 1934 1382 secum
1992 1331 2098 1375 eos
2207 1281 2368 1373 tecto
2395 1313 2498 1369 lux
2530 1309 2695 1365 clara
2733 1300 3024 1360 cellulam
3061 1296 3234 1354 illam
3276 1287 3454 1364 quasi
3486 1283 3691 1344 media
3729 1281 3866 1338 dies

1671 1423 1882 1481 idisset
1924 1412 2100 1488 quasi
2211 1408 2517 1482 implevit,
2556 1417 2743 1477 quam
2793 1406 2999 1457 tamen
3051 1393 3142 1451 illi
3188 1405 3309 1449 non
3355 1387 3702 1445 senserunt.
3747 1377 3864 1436 Sed

1996 1526 2102 1570 um
2212 1515 2541 1583 postquam
2586 1497 2868 1559 arbitrati
2917 1498 3059 1552 sunt
3107 1502 3317 1547 senem
3365 1481 3668 1550 dormire,
3719 1489 3870 1535 sur-

1703 1618 1837 1685 Hic,
1885 1615 2107 1671 fratres
2214 1576 2424 1681 gentes
2465 1604 2529 1660 in
2561 1599 2907 1658 orationem
2939 1606 3075 1650 sese
3105 1587 3434 1654 dederunt,
3468 1576 3872 1638 extendentes

1841 1717 1950 1772 unt
1985 1729 1995 1766 :
2047 1707 2107 1766 Si
2217 1674 2439 1764 manus
2479 1701 2554 1757 ad
2600 1697 2868 1755 coelum.
2903 1691 3068 1760 Quos
3111 1684 3368 1758 quidem
3419 1679 3553 1748 ille,
3595 1675 3748 1748 quid
3783 1674 3871 1730 fa-

1958 1805 2108 1881 quid
2141 1778 2180 1830 Β
2221 1806 2455 1870 cerent,
2530 1795 2934 1861 intuebatur;
2989 1787 3076 1844 illi
3157 1787 3363 1840 autem
3423 1779 3601 1836 illum
3659 1772 3875 1829 videre

1511 2113 1746 2176 Venite,
1779 2102 2119 2164 construite
2230 2106 2320 2158 tes
2363 2097 2426 2153 in
2479 2090 2647 2149 illius
2679 2084 2938 2143 minoris
2977 2096 3087 2139 ore
3119 2085 3304 2148 atque
3352 2071 3552 2132 oculis
3600 2067 3881 2126 residere

2233 2195 2526 2258 volentes,
2576 2185 2679 2244 sed
2713 2182 2964 2254 angelus
2997 2174 3236 2235 Domini
3279 2169 3666 2241 rhomphaea
3699 2165 3879 2236 ignea

2234 2295 2506 2351 armatus
2544 2279 2714 2351 145
2748 2286 2871 2338 tam
2905 2277 3083 2334 illum
3112 2268 3544 2331 circumdabat
3575 2269 3636 2322 et
3661 2261 3886 2320 defen-

2236 2392 2445 2459 debat,
2475 2398 2662 2457 quam
2693 2381 3028 2437 daemones
3058 2369 3400 2443 repellebat
3445 2371 3506 2422 et
3542 2361 3835 2419 eiiciebat
3867 2377 3881 2424 ;

2237 2489 2309 2546 ad
2357 2484 2662 2543 maiorem
2714 2490 2860 2533 vero
2901 2470 3197 2529 accedere
3248 2463 3424 2523 nullo
3478 2460 3665 2519 modo
3711 2470 3888 2529 prae-

2239 2586 2543 2643 valebant.
2595 2579 2791 2647 Prope
2839 2586 2987 2628 vero
3027 2568 3152 2625 iam
3204 2565 3339 2621 luce
3388 2560 3790 2633 proiecerunt
3823 2568 3889 2611 se

2239 2685 2301 2742 in
2353 2681 2574 2740 eodem
2632 2678 2828 2732 stratu
2897 2682 3031 2726 suo.
3108 2666 3276 2720 Tunc
3349 2657 3650 2717 Macarius
3724 2653 3892 2710 velut

2239 2781 2534 2852 evigilans
2598 2771 2914 2836 surrexit;
2990 2763 3283 2823 similiter
3355 2758 3765 2816 surrexerunt
3832 2756 3894 2808 et

2243 2879 2360 2952 ipsi
2409 2874 2585 2949 quasi
2636 2872 2713 2928 de
2767 2869 2948 2939 longo
2995 2875 3218 2920 somno
3281 2855 3552 2915 excitati.
3602 2852 3673 2909 Et
3715 2863 3894 2907 acce—

2243 2979 2394 3036 dens
2423 2972 2631 3032 senior
2677 2969 2865 3024 frater
2899 2963 2975 3020 ad
3015 2973 3226 3018 senem
3257 2955 3415 3014 dixit
3468 2970 3480 3008 :
3529 2951 3653 3016 Vis,
3690 2955 3887 3022 pater,

2244 3077 2336 3133 vel
2377 3068 2710 3131 duodecim
2757 3064 3030 3136 psalmos
3068 3068 3381 3115 canamus.
3413 3053 3693 3121 Cumque
3735 3045 3896 3118 psal-

2246 3173 2467 3242 lerent,
2527 3168 2604 3226 de
2670 3177 2782 3222 ore
2841 3156 3107 3217 iunioris
3174 3152 3381 3210 fratris
3452 3162 3564 3220 per
3620 3143 3897 3215 singulos

2247 3284 2460 3328 versus
2499 3267 2594 3324 fax
2627 3260 2788 3335 ignis
2827 3269 3073 3329 egressa
3102 3248 3471 3309 ascendebat
3501 3245 3577 3301 ad
3609 3243 3885 3301 coelum.

2248 3371 2399 3428 Item
2450 3370 2512 3423 et
2585 3361 2785 3419 maior
2841 3368 2987 3413 cum
3056 3351 3434 3415 decantaret,
3505 3340 3750 3414 quoties
3820 3337 3898 3395 ad

2249 3463 2639 3539 psallendum
2704 3455 2870 3515 labia
2935 3447 3301 3511 deducebat,
3355 3441 3522 3500 velut
3584 3436 3900 3497 funiculus

2110 3601 2135 3610 -
2249 3563 2407 3636 ignis
2450 3561 2526 3617 de
2555 3572 2666 3615 ore
2710 3554 2843 3610 eius
2889 3547 3181 3607 similiter
3228 3541 3597 3600 tendebatur
3639 3537 3715 3593 ad
3759 3547 3899 3592 coe—

2249 3629 2401 3720 lum.
2439 3661 2764 3728 Postquam
2799 3663 2944 3706 vero
2973 3644 3374 3716 expleverunt
3408 3636 3742 3695 matutinos
3782 3629 3896 3708 (5),

2249 3771 2534 3832 egressus
2591 3749 2889 3810 Macarius
2940 3741 3308 3801 obsecrabat
3361 3751 3488 3802 eos,
3552 3740 3619 3791 ut
3673 3745 3787 3804 pro
3835 3744 3898 3786 se

2250 3870 2432 3916 orare
2486 3852 2928 3924 dignarentur;
2985 3840 3078 3898 illi
3128 3851 3276 3895 vero
3328 3838 3598 3892 tacentes
3642 3829 3716 3886 ad
3762 3829 3901 3884 eius

2253 3955 2440 4030 pedes
2470 3956 2613 4009 sunt
2655 3941 2988 4020 provoluti,
3027 3937 3266 4007 seipsos
3295 3931 3687 3992 orationibus
3727 3926 3900 3984 illius

2250 4048 2774 4113 commendantes.
2832 4042 2903 4099 Et
2976 4033 3263 4109 cognovit
3326 4044 3534 4101 senex,
3596 4024 3899 4100 quoniam

2252 4152 2452 4210 maior
2491 4145 2744 4220 quidem
2794 4143 2954 4197 esset
3000 4136 3064 4192 in
3119 4133 3347 4190 timore
3399 4127 3502 4186 Dei
3562 4125 3896 4197 perfectus,

2251 4251 2559 4309 minorem
2600 4255 2748 4300 vero
2796 4237 3000 4296 adhuc
3049 4233 3383 4290 daemones
3432 4226 3895 4296 impugnarent.

2252 4350 2388 4408 Post
2445 4355 2673 4418 paucos
2724 4350 2870 4395 vero
2927 4333 3062 4391 dies
3112 4329 3313 4386 maior
3369 4325 3559 4382 frater
3610 4325 3899 4392 receptus

2250 4453 2339 4506 est
2390 4447 2454 4504 in
2511 4455 2712 4515 pace;
2765 4434 2950 4493 tertio
2992 4431 3095 4489 die
3149 4427 3336 4485 etiam
3379 4423 3584 4482 minor
3615 4426 3707 4479 est
3748 4433 3898 4476 eum

2251 4547 2578 4605 adsecutus
2623 4536 2731 4614 (6).
2789 4553 2817 4588 υ
2870 4533 3039 4589 Idem
3092 4525 3351 4585 uberius
3405 4522 3538 4595 ipse
3593 4517 3900 4576 Macarius

2250 4656 2532 4704 narrasse
2560 4635 2827 4695 traditur
2871 4630 2936 4687 in
2968 4628 3131 4685 libro
3174 4627 3347 4681 sexto
3392 4617 3476 4694 (7)
3524 4623 3584 4676 et
3627 4616 3690 4673 in
3738 4616 3902 4687 Apo-

2249 4735 2667 4816 phthegmatis
2698 4748 2732 4790 a
2760 4725 3071 4790 Cotelerio
3103 4719 3362 4795 prolatis
3393 4712 3482 4794 (8)
3518 4733 3528 4784 ;
3560 4713 3902 4784 utrobique

2249 4809 2417 4899 enim
2453 4809 2562 4894 his
2610 4828 2829 4901 incipit
2858 4822 3065 4882 verbis
3103 4837 3114 4875 :
3157 4841 3182 4870 «
3232 4816 3485 4874 Dicebat
3513 4811 3707 4871 abbas
3760 4809 3903 4867 Vin-

2323 5076 2398 5148 (4)
2424 5075 2486 5128 In
2514 5083 2727 5142 graeco
2762 5067 2916 5120 textu
2941 5056 3206 5116 Cotelerii
3236 5060 3371 5128 τρεῖς
3399 5045 3747 5122 παξαμάδας.

2324 5140 2397 5235 (5)
2459 5140 2540 5215 1η-
2585 5170 2799 5227 graeco
2853 5155 3014 5206 textu
3064 5162 3167 5218 ap.
3231 5141 3584 5199 Cotelerium
3631 5141 3748 5209 περὶ
3805 5140 3904 5193 τὴν

2251 5256 2479 5331 πρωίαν,
2508 5250 2665 5303 circa
2685 5241 3045 5298 matutinum
3073 5243 3336 5304 tempus.

2323 5343 2400 5414 (6)
2428 5340 2543 5394 νγ.
2579 5335 2691 5390 PP.
2714 5336 2911 5387 Rosw.
2944 5328 3050 5384 lib.
3103 5324 3173 5378 III
3192 5337 3331 5392 cap.
3367 5321 3467 5375 195
3498 5334 3564 5390 p.
3591 5316 3766 5382 528,2
3793 5329 3898 5385 sq.

2326 5410 2401 5503 (7)
2425 5427 2575 5482 Ibid.
2608 5423 2718 5478 lib.
2751 5416 3028 5474 Vllibell.
3059 5416 3114 5479 3,
3142 5415 3176 5467 2
3218 5411 3430 5483 p.651,
3456 5410 3487 5463 ,σε
3512 5423 3606 5478 sq.

2325 5497 2400 5592 (8)
2425 5515 2674 5572 Coteler.
2723 5509 2879 5565 Eccl.
2914 5509 3123 5562 Graec.
3153 5505 3305 5559 Mon.
3329 5503 3393 5556 T.
3413 5500 3433 5554 Ι
3455 5515 3512 5570 p.
3545 5497 3640 5553 5M
3665 5511 3804 5566 sqq.
3838 5511 3898 5551 ε.

2253 5631 2311 5670 v.
2346 5586 2646 5666 Macarius
2700 5597 3027 5669 Aegyptius
3054 5595 3081 5665 §
3111 5590 3310 5647 XXXIII
3355 5606 3368 5655 ;
3403 5588 3557 5643 infra
3585 5586 3645 5640 in
3677 5586 3900 5641 harum

2253 5697 2685 5770 Quaestionum
2713 5685 3047 5761 appendice
3069 5681 3254 5738 altera
3275 5678 3388 5734 sub
3416 5676 3508 5732 Ill.
