4092 6256
303 319 403 374 137
1909 308 1930 356 I

2051 309 2143 363 ΚΕ.
3618 307 3718 364 138

310 445 530 506 demius
612 440 700 519 [in
789 441 1346 514 Apophthegmatis
1428 437 1709 515 Βιτίμιοςι,
1799 437 1946 510 quia
1980 436 2023 488 A
2055 442 2336 510 spectare
2381 439 2752 512 invenimus,
2797 443 2857 499 id
2902 444 3070 515 quod
3120 447 3179 500 et
3219 443 3280 499 in
3325 441 3547 500 ceteris
3592 438 3714 497 VV.

310 542 556 602 narravit
586 542 779 599 abbas
810 540 1112 598 Macarius
1149 558 1159 594 :
1197 539 1457 596 Sedente
1509 552 1608 594 me
1651 535 1946 609 aliqando

305 643 362 699 in
401 638 587 699 Scithi
635 636 1202 715 [Apophthegmata
1249 655 1260 691 :
1312 633 1376 691 εἰς
1417 632 1625 711 Σκῆτιν]
1687 635 1944 693 descen-

299 740 505 796 derunt
547 738 678 795 duo
722 735 1146 794 adolescentes
1189 733 1532 806 peregrini.
1562 778 1573 789 .
1603 774 1648 800 .,
1703 753 1725 784 ι
1776 737 1836 789 et
1880 732 1944 790 in

295 835 658 894 narrationis
703 833 961 890 demum
1013 831 1133 888 fine
1177 832 1328 889 haec
1378 832 1693 888 adduntur
1739 849 1749 885 :
1804 848 1833 882 ‹‹
1877 829 1945 886 Et

291 947 427 990 cum
453 930 647 1003 aliqui
686 933 937 1006 patrum
982 928 1348 985 advenirent
1391 928 1601 985 abbati
1653 925 1937 991 Macario,

288 1030 545 1088 ducebat
577 1044 685 1087 eos
714 1029 776 1086 in
807 1027 1032 1085 cellam
1077 1026 1358 1098 ipsorum
1404 1026 1617 1084 dicens
1663 1044 1674 1081 :
1729 1025 1944 1082 Venite

290 1129 493 1187 videre
547 1125 924 1199 martyrium
987 1125 1214 1182 horum
1285 1125 1602 1182 minorum
1666 1122 1944 1195 peregri-

294 1240 522 1284 norum.
580 1246 611 1280 »
659 1223 997 1282 Macarium
1040 1221 1229 1294 igitur
1279 1221 1651 1293 Aegyptium
1685 1219 1944 1292 intelligi

293 1328 498 1396 sponte
525 1325 711 1381 lucet.

365 1440 394 1474 «
439 1421 591 1479 Cum
624 1419 885 1493 quidam
932 1418 1177 1487 fratres,
1223 1417 1762 1489 quemadmodum
1807 1429 1944 1474 ora-

284 1524 438 1590 rent,
474 1521 728 1577 beatum
774 1515 1108 1574 Macarium
1155 1514 1644 1586 requisivissent,
1690 1529 1946 1586 respon-

276 1617 366 1673 dit
397 1616 524 1673 illis
555 1616 767 1673 dicens
798 1637 808 1674 :
847 1615 977 1672 Non
1009 1618 1150 1670 sunt
1183 1614 1529 1670 necessaria
1560 1608 1731 1680 146
1765 1611 1945 1669 nobis

276 1714 589 1786 superﬂua
643 1713 852 1780 verba,
897 1712 1005 1768 sed
1053 1710 1389 1768 extendere
1433 1715 1671 1768 tantum
1724 1723 1944 1767 manus

278 1827 347 1869 ac
399 1811 613 1869 dicere
659 1810 961 1867 debemus
1023 1828 1036 1868 :

275 1910 432 1967 sicut
477 1908 593 1966 tibi
641 1907 867 1980 placet,
908 1908 990 1964 ita
1035 1906 1154 1963 fiat.
1211 1905 1272 1963 Si
1319 1911 1528 1963 autem
1567 1905 1823 1963 tentatio
1862 1904 1940 1961 ir-

272 2006 487 2075 ruerit,
539 2009 644 2062 aut
701 2004 1114 2076 impugnatio,
1159 2003 1494 2060 dicendum
1540 2008 1631 2060 est
1685 2020 1696 2058 :
1755 2003 1935 2068 Deus,

267 2103 572 2161 auxiliare
630 2102 834 2160 nobis.
895 2101 1029 2173 Ipse
1086 2103 1256 2158 enim
1315 2102 1451 2173 scit,
1525 2115 1684 2173 quae
1757 2099 1940 2158 nobis

267 2201 601 2274 expediant
645 2198 760 2275 (1).
816 2218 846 2253 ››
903 2199 1128 2257 Eadem
1177 2199 1426 2258 Macarii
1477 2197 1828 2257 exhortatio
1874 2199 1936 2255 in

265 2295 422 2356 libro
475 2299 702 2371 quinto
759 2296 844 2372 (2)
902 2303 960 2354 et
1031 2297 1093 2354 in
1139 2297 1698 2370 Apophthegmatis
1756 2296 1935 2354 Cote-

263 2397 395 2454 lerii
447 2395 534 2471 (3)
582 2396 828 2467 legitur.
881 2395 1081 2466 Atque
1129 2410 1201 2452 ex
1263 2395 1584 2452 monachis
1631 2395 1740 2452 alii
1798 2409 1935 2466 per-

263 2495 483 2552 multas
556 2493 842 2566 quotidie
908 2495 1223 2551 orationes
1295 2493 1585 2551 recitasse
1655 2490 1770 2569 (4),
1827 2492 1932 2549 alii

261 2592 517 2649 eandem
597 2593 856 2649 brevem
943 2605 1193 2662 semper
1282 2591 1608 2663 repetiisse
1671 2591 1933 2648 tradun-

265 2695 358 2748 tur
417 2688 529 2766 (5).
597 2690 886 2747 Ceterum
959 2703 1147 2761 quam
1221 2689 1448 2746 eximie
1516 2689 1592 2745 de
1650 2689 1934 2746 oratione

265 2787 567 2845 Macarius
626 2787 965 2857 Aegyptius
1004 2786 1292 2856 senserit,
1343 2801 1416 2843 ex
1463 2785 1597 2842 eius
1655 2783 1934 2842 homiliis

265 2884 426 2942 clare
459 2900 538 2957 pa
549 2888 656 2942 tet.

346 3001 374 3036 «
406 2984 613 3041 Abbas
657 2982 960 3039 Macarius
1003 2982 1152 3039 dum
1201 2984 1390 3040 semel
1423 2982 1500 3039 de
1544 2981 1734 3039 Scithi
1782 2996 1929 3054 por-

268 3085 420 3139 taret
447 3082 804 3154 sportellas,
853 3095 1007 3152 quas
1045 3085 1304 3149 texerat,
1353 3081 1649 3151 grandem
1697 3079 1933 3137 habens

269 3178 398 3235 viae
445 3180 727 3236 laborem
778 3178 1010 3236 resedit
1054 3183 1114 3235 et
1158 3178 1315 3235 dixit
1363 3200 1375 3236 :
1438 3179 1612 3242 Deus,
1673 3185 1735 3235 tu
1783 3177 1927 3246 scis,
1969 3160 2008 3216 (ἶ

273 3275 417 3346 quia
453 3276 722 3347 amplius
773 3291 895 3334 non
942 3276 1118 3334 valeo
1158 3275 1506 3341 ambulare,
1555 3281 1612 3331 et
1657 3289 1801 3332 mox
1841 3274 1932 3331 in-

275 3376 489 3428 ventus
551 3379 640 3430 est
707 3374 782 3430 ad
866 3373 1146 3439 ﬂuvium,
1219 3374 1382 3431 unde
1449 3373 1652 3430 adhuc
1718 3373 1932 3430 multis

284 3466 489 3524 aberat
539 3469 871 3528 intervallis
934 3467 1040 3547 (6).
1115 3490 1144 3524 »
1201 3469 1370 3527 Idem
1430 3470 1492 3526 in
1556 3470 1719 3527 libro
1759 3475 1930 3527 sexto

279 3563 484 3622 verbis
529 3581 541 3622 :
593 3584 623 3620 ε(
659 3566 945 3625 Dicebant
971 3568 1048 3625 de
1092 3568 1316 3625 abbate
1346 3567 1615 3625 Macario
1660 3567 1770 3625 illo
1803 3581 1928 3624 ma-

272 3661 430 3720 iore.
459 3706 510 3719 ..
550 3663 660 3740 (7),
702 3688 728 3716 »
758 3670 817 3723 et
861 3667 924 3723 in
975 3666 1528 3738 Apophthegmatis
1558 3681 1593 3722 a
1623 3665 1930 3724 Cotelerio

270 3760 450 3818 editis
483 3762 564 3819 ita
605 3763 825 3835 incipit
861 3782 873 3820 :
919 3785 945 3814 «
997 3764 1288 3821 Dicebant
1327 3763 1404 3820 de
1452 3763 1676 3820 abbate
1725 3764 1928 3820 Maca-

267 3861 359 3915 rio
392 3860 803 3932 Aegyptio...
861 3858 970 3938 (8),
1022 3880 1052 3915 »
1100 3862 1287 3928 unde,
1331 3867 1471 3920 uter
1514 3861 1926 3919 Macariorum

266 3955 527 4025 dicatur,
567 3959 972 4030 perspicuum
1004 3966 1114 4017 est.
1167 3959 1439 4026 Fluvius,
1469 3973 1655 4030 quem
1700 3960 1922 4026 innuit,

264 4053 432 4112 Nilus
462 4059 596 4124 est;
647 4055 722 4112 ad
757 4057 944 4114 urbes
975 4058 1142 4114 enim
1176 4057 1236 4114 in
1282 4056 1557 4114 fluminis
1601 4057 1738 4128 ripa
1781 4057 1927 4116 sitas

264 4151 594 4211 adventare
663 4154 947 4211 solebant
1017 4154 1330 4222 monachi,
1395 4151 1706 4226 sportulas
1774 4170 1928 4227 quas

265 4253 564 4321 texerant,
598 4252 933 4310 vendituri.

343 4348 410 4405 Et
455 4349 612 4406 haec
660 4350 917 4421 quidem
965 4349 1174 4408 insunt
1214 4350 1292 4407 de
1334 4349 1615 4408 Macariis
1649 4349 1762 4406 VV.
1815 4349 1920 4408 PP.

263 4444 425 4503 libro
491 4446 956 4505 Rosweidianae
1025 4448 1413 4507 collectionis
1480 4448 1684 4505 tertio.
1758 4447 1924 4517 Quae

2058 536 2160 593 PP.
2236 536 2516 593 eiusdem
2579 538 2964 597 collectionis
3036 541 3214 597 libris
3287 537 3718 610 deprehende-

2057 648 2212 690 mus.
2260 634 2620 692 Rosweidus
2679 633 2844 704 147
2904 653 3048 696 cum
3108 653 3142 694 e
3195 651 3420 710 genere
3461 633 3711 693 dicendi

2054 737 2113 788 et
2165 730 2540 803 quibusdam
2602 735 3004 805 praefationis
3063 735 3291 800 verbis,
3352 749 3511 805 quae
3570 746 3712 789 cum

2055 829 2198 886 libri
2260 830 2516 886 secundi
2571 832 2952 903 praefatione
3000 835 3396 896 conveniunt,
3459 834 3591 887 tum
3640 843 3714 887 ex

2055 927 2512 997 praefationum
2568 928 2714 986 libri
2770 931 3025 988 secundi
3083 937 3144 988 et
3200 930 3365 988 tertii
3421 928 3714 985 afﬁnitate

2054 1038 2196 1081 cum
2265 1025 2605 1095 prooemiis
2672 1027 2977 1085 Historiae
3035 1029 3380 1098 Lausiacae,
3429 1026 3712 1084 Rufinum

2055 1122 2203 1178 libri
2248 1122 2412 1180 tertii
2457 1124 2829 1195 scriptorem
2875 1123 3335 1199 (interpretem)
3382 1138 3516 1182 esse
3562 1137 3708 1180 con-

2056 1219 2221 1276 iecit.
2272 1220 2423 1289 Quia
2476 1222 2645 1278 euim
2686 1222 2832 1279 libri
2887 1223 3050 1280 tertii
3094 1223 3393 1295 praefatio
3448 1220 3712 1293 epistola

2057 1317 2310 1376 Palladii
2361 1319 2435 1375 ad
2491 1319 2756 1377 Lausum
2800 1321 3106 1379 Historiae
3161 1321 3486 1378 Lausiacae
3535 1332 3712 1391 prae-

2055 1415 2242 1472 missa
2291 1421 2460 1474 certo
2533 1416 2839 1484 innititur,
2918 1419 3218 1490 praefatio
3284 1422 3490 1474 autem
3563 1415 3708 1472 libri

2053 1513 2332 1582 secundi,
2404 1515 2582 1571 cuius
2629 1514 2936 1587 interpres
3006 1517 3278 1582 Ruﬁnus,
3331 1515 3407 1572 ad
3479 1527 3712 1586 prooe-

2055 1611 2274 1677 mium,
2349 1613 2515 1683 quod
2601 1613 2664 1669 in
2735 1615 2935 1672 fronte
3005 1614 3312 1673 Historiae
3383 1612 3709 1670 Lausiacae

2056 1709 2438 1766 Meursianae
2508 1717 2568 1766 et
2651 1710 3114 1770 Roswoidianae
3197 1711 3488 1769 editionis
3562 1708 3708 1781 legi-

1096 1810 1274 1874 Deus,
1348 1807 1668 1879 quomodo
1726 1807 1816 1864 vis
1882 1801 2172 1871 etBtur,
2249 1806 2410 1864 haud
2488 1808 2679 1865 dubie
2743 1809 2984 1876 alludit,
3057 1811 3324 1867 eundem
3383 1809 3707 1879 utriusque

2052 1904 2196 1961 libri
2220 1904 2592 1976 scriptorem
2638 1902 3073 1980 (interpretem
3101 1913 3205 1965 aut
3250 1907 3707 1979 praefationum

2050 2000 2445 2075 scriptorem)
2494 2002 2777 2060 Ruﬁnum
2823 2019 3007 2076 esse,-
3038 2007 3185 2061 satis
3232 2005 3524 2062 audacter
3571 2001 3706 2074 qui-

2048 2100 2190 2156 dem
2236 2099 2501 2157 coniecit
2543 2097 2655 2176 (9).
2703 2103 3065 2174 Quanquam
3099 2103 3193 2158 vel
3239 2116 3334 2170 eo,
3369 2101 3536 2174 quod
3582 2101 3706 2159 Ru-

2048 2197 2206 2254 ﬁnus
2267 2204 2549 2256 mortuus
2619 2204 2772 2267 erat,
2835 2206 3169 2273 antequam
3235 2199 3504 2257 Historia
3558 2199 3708 2256 Lau-

2047 2296 2210 2353 siaca
2258 2295 2540 2368 prodiret
2585 2293 2736 2371 (10),
2783 2312 2816 2354 a
2857 2298 2967 2355 tali
3006 2312 3222 2356 errore
3264 2299 3544 2356 revocari
3603 2297 3708 2353 de-

2047 2394 2252 2451 bebat.
2289 2393 2526 2451 Etenim
2572 2397 2972 2465 prooemium
3017 2396 3178 2453 istud
3222 2395 3606 2454 Meursianae
3647 2398 3708 2452 et

2047 2490 2519 2550 Rosweidianae
2573 2493 2870 2551 editionis
2923 2491 3050 2569 (ll)
3105 2494 3410 2551 Historiae
3459 2493 3705 2551 Lausia-

2044 2604 2173 2655 cae,
2209 2605 2481 2661 quocum
2518 2589 2666 2648 libri
2711 2592 2966 2649 secundi
3001 2592 3302 2663 praefatio
3347 2591 3480 2649 sine
3510 2591 3705 2650 dubio

2044 2688 2356 2753 cohaeret,
2389 2690 2675 2760 spurium
2708 2693 2798 2746 est
2844 2688 2969 2764 (l2)
3015 2696 3074 2747 et
3119 2689 3386 2748 Historia
3418 2689 3705 2747 Lausiaca

2045 2787 2364 2853 vetustius,
2421 2787 2586 2844 unde
2633 2786 2696 2844 id
2748 2786 2810 2844 in
2867 2787 3032 2844 libro
3076 2788 3350 2846 secundo
3404 2792 3542 2844 ante
3602 2786 3707 2844 Hi-

2043 2883 2300 2941 storiam
2351 2884 2704 2942 Lausiacam
2755 2885 2989 2957 scripto
3044 2885 3329 2943 adhiberi
3376 2885 3555 2942 facile
3603 2899 3707 2942 ex-

2044 2981 2304 3054 plicabis
2337 2978 2480 3056 (l3).
2518 2982 2682 3040 Libri
2713 2997 2862 3040 vero
2891 2983 3059 3041 tertii
3088 2983 3389 3054 praefatio
3418 2982 3708 3054 genuinis

2045 3079 2346 3135 Historiae
2388 3079 2710 3137 Lausiacae
2765 3080 3052 3138 innititur
3091 3081 3264 3150 locis,
3316 3085 3702 3150 quapropter

2041 3190 2178 3234 eam
2253 3180 2392 3248 post
2459 3177 2656 3235 Ruﬁni
2731 3183 2996 3234 mortem
3081 3177 3498 3248 conscriptam
3570 3190 3704 3234 esse

2043 3287 2165 3330 non
2215 3273 2421 3331 minus
2470 3274 2873 3346 perspicuum
2918 3281 3028 3332 est.
3076 3275 3141 3332 Id
3190 3276 3392 3332 solum
3436 3277 3698 3341 constat,

2042 3371 2186 3428 libri
2255 3372 2420 3428 tertii
2492 3371 2939 3442 praefationem
3007 3389 3040 3429 e
3112 3373 3259 3430 libri
3317 3371 3570 3430 secundi
3642 3375 3704 3429 et

2041 3469 2344 3526 Historiae
2419 3469 2745 3527 Lausiacae
2830 3471 3324 3543 praefationibus
3391 3470 3703 3543 compila-

2041 3573 2188 3634 tam,
2259 3567 2563 3642 illumque
2649 3569 2838 3641 igitur
2904 3570 3137 3628 librum
3219 3570 3389 3628 hisce
3455 3569 3704 3627 duobus

2040 3670 2236 3723 aetate
2265 3666 2673 3737 posteriorem
2705 3682 2859 3725 esse.

2118 3760 2146 3838 ξ
2217 3765 2311 3821 33.
2389 3763 2572 3822 Libro
2641 3765 2861 3836 quinto
2933 3765 3045 3821 VV.
3125 3765 3229 3823 PP.
3306 3763 3700 3824 collectionis

2039 3860 2503 3920 Rosweidianae
2559 3863 2982 3933 septendecim
3033 3864 3110 3921 de
3164 3861 3447 3922 Macariis
3506 3861 3698 3921 histo-

2039 3961 2168 4017 riae
2243 3959 2657 4017 continentur.
2733 3961 3005 4029 Quarum
3072 3966 3212 4019 octo
3279 3962 3355 4019 de
3431 3960 3698 4018 Macario

2039 4056 2341 4129 Aegyptio
2396 4070 2540 4114 cum
2615 4057 2911 4115 fratribus
2967 4059 3182 4116 vinum
3255 4057 3528 4121 bibente,
3587 4057 3696 4114 sed

2038 4159 2251 4227 postea
2301 4167 2417 4226 pro
2459 4157 2679 4226 quovis
2725 4155 2919 4213 calice
2962 4155 3127 4214 diem
3179 4155 3489 4227 integrum
3534 4169 3696 4226 aqua

2036 4253 2383 4310 abstinente
2432 4248 2582 4326 (lt),
2641 4252 2718 4310 de
2751 4253 3032 4311 eiusdem
3089 4253 3332 4311 Macarii
3384 4252 3572 4319 dicto,
3626 4251 3691 4310 in

2035 4349 2430 4423 increpandis
2498 4349 2638 4407 aliis
2701 4351 2778 4409 ad
2844 4351 3233 4410 iracundiam
3302 4357 3688 4410 commotum

2035 4464 2099 4507 se
2156 4449 2364 4521 ipsum
2407 4448 2670 4520 perdere
2710 4447 2869 4526 (15),
2913 4449 2990 4507 de
3038 4450 3320 4508 eiusdem
3379 4450 3690 4508 doctrina:

264 4543 605 4602 maximam
679 4550 918 4617 partem
986 4545 1062 4603 ad
1131 4546 1467 4603 Macarium
1556 4545 1922 4618 Aegyptium
1958 4543 2000 4572 υ
2034 4563 2145 4606 nos
2196 4550 2589 4618 acceptarum
2656 4546 2829 4619 148
2886 4549 2964 4604 ab
3020 4547 3383 4604 hominibus
3431 4547 3690 4604 iniuria-

330 4708 406 4777 (1)
450 4708 569 4764 VV.
602 4709 706 4762 PP.
742 4711 937 4764 Rosw.
980 4709 1088 4765 lib.
1131 4710 1199 4765 lll
1232 4726 1370 4781 cap.
1411 4709 1514 4764 207
1537 4725 1597 4780 p.
1627 4709 1755 4777 531,
1786 4711 1834 4764 1.

332 4796 411 4864 (2)
453 4796 606 4850 Ibid.
651 4797 758 4851 lib.
811 4798 1060 4853 Vlibell.
1100 4801 1276 4863 12,10
1311 4814 1371 4870 p.
1414 4799 1537 4862 614,
1582 4800 1636 4852 1.

328 4883 407 4953 (3)
450 4884 698 4940 Coteler.
739 4889 891 4940 Eccl.
934 4890 1137 4943 Graec.
1184 4892 1341 4944 Mon.
1382 4889 1482 4942 T.I
1516 4906 1574 4958 p.
1602 4886 1709 4941 536
1736 4903 1832 4957 sq.
1869 4904 1918 4943 s.

260 4986 316 5025 ν.
347 4972 659 5029 Macarius
676 4977 1043 5048 Aegyptiusg
1069 4979 1171 5033 XIX
1201 4993 1213 5041 ;
1241 4977 1394 5032 infra
1412 4977 1470 5030 in
1491 4976 1704 5031 harum
1734 4978 1922 5041 Quae-

258 5062 523 5116 stionum
559 5064 902 5134 Appendice
929 5066 1116 5120 altera
1147 5067 1260 5120 sub
1293 5066 1385 5120 IIl.

325 5149 404 5221 (4)
449 5150 539 5204 Cf.
570 5167 752 5222 supra
782 5161 806 5222 δ
842 5154 910 5206 25
935 5171 989 5223 p.
1024 5155 1142 5208 106.
1178 5157 1320 5208 Hist.
1360 5156 1535 5208 Laus.
1567 5153 1662 5207 ed.
1698 5155 1911 5209 Meurs.

257 5252 388 5310 cap.
419 5239 491 5294 33
525 5240 682 5311 Opp.
723 5243 939 5297 Meurs.
966 5242 1009 5298 Ι.
1053 5243 1093 5295 l.
1126 5259 1189 5312 p.
1224 5243 1367 5312 M4;
1402 5258 1534 5312 cap.
1564 5243 1633 5296 39
1666 5258 1722 5312 p.
1757 5242 1862 5296 456
1903 5260 1916 5310 ;

258 5342 386 5399 cap.
423 5328 491 5382 47
535 5344 594 5394 p.
627 5328 726 5382 481
764 5346 776 5395 ;
812 5346 943 5401 cap.
973 5332 1040 5386 53
1072 5346 1128 5402 p.
1157 5331 1260 5385 493
1291 5348 1303 5396 ;
1339 5346 1475 5402 cap.
1517 5331 1584 5384 88
1619 5349 1675 5401 p.
1709 5332 1839 5386 553.

327 5416 401 5485 (5)
449 5418 561 5471 VV.
587 5417 692 5472 PP.
731 5421 920 5474 Rosw.
952 5419 1058 5476 lib.
1095 5420 1141 5473 Il
1186 5436 1320 5490 cap.
1361 5421 1394 5472 9
1422 5435 1485 5489 p.
1525 5419 1651 5483 467,
1698 5422 1722 5473 1
1762 5422 1911 5491 Opp.

266 5504 472 5560 Meurs.
500 5505 538 5560 l.
571 5506 611 5560 Ι.
656 5522 717 5578 p.
749 5507 854 5561 644
889 5523 999 5579 sq.,
1028 5510 1276 5578 passim.

330 5593 406 5664 (6)
452 5594 606 5650 Ibid.
631 5595 739 5652 lib.
791 5596 856 5650 III
879 5612 1010 5668 cap.
1045 5597 1150 5651 213
1176 5612 1242 5668 p.
1278 5597 1404 5662 532,
1436 5597 1488 5650 1.

333 5682 408 5749 (Ἰ)
448 5683 600 5740 Ibid.
626 5683 732 5740 lib.
764 5683 836 5739 VI
863 5685 1048 5743 libell.
1098 5688 1152 5750 2,
1188 5687 1223 5741 6
1247 5701 1305 5758 p.
1340 5685 1464 5751 649,
1491 5686 1549 5740 2.

2104 4711 2180 4782 (8)
2222 4711 2464 4767 Coteler.
2493 4711 2643 4768 Eccl.
2671 4711 2884 4766 Graec.
2935 4712 3089 4765 Mon.
3125 4712 3189 4765 Τ.
3225 4710 3243 4764 I
3285 4725 3342 4780 p.
3376 4709 3479 4765 535
3520 4728 3572 4766 s.
3612 4726 3670 4765 v.

2032 4801 2322 4856 Macarius
2351 4801 2679 4870 Aegyptius
2702 4807 2726 4867 ε
2750 4799 2861 4855 XlV
2897 4816 2909 4863 ;
2952 4798 3104 4853 infra
3135 4801 3193 4853 in
3220 4799 3434 4854 harum
3468 4801 3667 4864 Quae-

2033 4891 2289 4944 stionum
2321 4891 2662 4960 Appendice
2689 4889 2871 4944 altera
2913 4888 3026 4942 sub
3058 4888 3150 4942 Ill.

2101 4980 2179 5050 (9)
2218 4979 2334 5032 VV.
2371 4980 2478 5034 PP.
2529 4981 2726 5033 Rosw.
2762 4977 2995 5046 Proleg.
3034 4979 3074 5030 V
3110 4992 3174 5048 p.
3216 4979 3370 5033 XXIX
3407 4994 3496 5048 sq.

2101 5067 2212 5137 (10)
2254 5069 2334 5120 Cf.
2369 5083 2551 5137 supra
2582 5072 2606 5134 ε
2635 5066 2666 5120 6
2693 5083 2748 5135 p.
2779 5066 2866 5119 24.

2102 5156 2217 5225 (11)
2258 5156 2376 5209 VV.
2413 5158 2515 5210 PP.
2556 5157 2748 5209 Rosw.
2781 5154 2889 5209 lib.
2926 5153 3042 5208 Vlll
3066 5169 3125 5225 p.
3161 5153 3264 5209 ’104
3284 5170 3375 5224 sq.

2103 5244 2212 5314 (12)
2255 5243 2336 5298 (1f.
2371 5259 2552 5313 supra
2585 5244 2608 5307 §
2637 5243 2669 5296 5
2699 5259 2755 5312 p.
2800 5244 2962 5306 1556
2993 5259 3056 5313 p.
3096 5242 3164 5298 28
3193 5257 3282 5313 sq.

2103 5333 2213 5404 (13)
2257 5331 2335 5386 Cf.
2370 5331 2519 5386 Ibid.
2574 5348 2634 5402 p.
2667 5332 2753 5385 24.
2786 5332 2854 5386 28
2883 5347 2980 5402 sq.

2099 5422 2212 5493 (14)
2256 5421 2372 5475 VV.
2411 5421 2516 5476 PP.
2556 5423 2753 5478 RosW.
2795 5420 2900 5478 lib.
2951 5423 2990 5474 V
3031 5419 3217 5475 libell.
3262 5422 3316 5483 4,
3363 5418 3435 5472 96
3479 5434 3542 5489 p.
3571 5419 3678 5474 569

2028 5513 2061 5564 2
2083 5527 2171 5582 sq.

2099 5599 2211 5670 (ιδ)
2253 5598 2404 5654 Ibid.
2435 5598 2616 5655 libell.
2662 5600 2715 5664 4,
2741 5598 2810 5654 se
2847 5615 2912 5670 p.
2947 5598 3071 5664 s70,
3099 5599 3150 5653 1.
