4092 6256
418 300 524 357 139

1293 297 1394 354 SS.
1442 298 1929 355 MACARIORUM
1970 292 2299 353 AEGYPTII
2334 295 2423 350 ET
2462 294 2959 351 ALEXANDRINI

3745 290 3847 349 140

416 443 557 488 rum
637 428 1096 486 reminiscendo
1174 428 1299 486 vim
1374 428 1717 486 memoriae
1799 427 2070 495 laedere,
2105 422 2147 475 A
2186 425 2358 497 poris
2405 423 2690 481 ariditate
2739 423 3039 482 Macarius
3077 423 3527 482 Alexandrinus
3563 422 3700 489 fuit,
3742 413 3840 478 cui

417 528 728 585 malorum
787 540 934 584 vero
986 542 1019 583 a
1076 526 1489 585 daemonibus
1545 528 1922 586 inflictorum
1979 539 2072 582 re—

414 625 777 683 cordatione
807 638 930 682 non
962 623 1207 683 laedere
1239 621 1350 700 (l),
1383 625 1459 682 de
1492 625 1679 683 modo
1704 624 1922 682 orandi
1957 620 2067 698 (2),

416 723 496 781 de
542 722 747 794 puella
790 721 1041 794 gravida
1085 738 1118 779 a
1164 722 1431 780 Macario
1484 723 1784 794 Aegyptio
1833 735 1898 779 se
1937 734 2067 779 cor-

415 825 665 892 ruptam
712 833 846 878 esse
895 821 1231 877 mentiente
1273 819 1388 895 (3),
1438 820 1513 877 de
1560 820 1814 878 diabolo
1866 817 2069 877 humi-

415 917 585 975 litate
631 931 666 973 a
710 916 975 974 Macario
1015 916 1317 990 Aegyptio
1366 931 1432 974 se
1474 916 1635 974 vinci
1680 918 1906 975 fatente
1952 913 2065 992 (4),

412 1014 490 1073 de
534 1014 690 1080 fure,
730 1028 919 1085 quem
956 1014 1122 1072 idem
1160 1014 1461 1072 Macarius
1500 1015 1564 1072 in
1606 1014 1762 1072 cella
1801 1030 1911 1072 sua
1950 1015 2068 1072 de-

413 1112 743 1185 prehendit
777 1109 889 1188 (5),
942 1113 1019 1169 de
1067 1113 1371 1170 daemone
1419 1113 1711 1185 denique,
1763 1114 1871 1185 qui
1913 1111 2068 1170 visi-

412 1210 554 1268 tatis
606 1209 903 1267 fratribus
935 1210 1139 1268 solum
1176 1209 1297 1267 sibi
1345 1210 1765 1269 Theoctistum
1810 1210 2065 1268 fratrem

412 1307 478 1367 in
540 1307 919 1366 monasterio
986 1307 1191 1365 favere
1255 1307 1460 1365 eidem
1536 1309 1799 1368 Macario
1873 1308 2068 1366 fassus

412 1404 493 1464 sit
533 1403 647 1479 (6),
697 1419 887 1477 supra
925 1406 1310 1463 excussimus
1356 1403 1469 1482 (7).
1521 1407 1835 1477 Superest,
1866 1410 1934 1465 ut
1962 1420 2068 1463 ce-

411 1506 577 1560 teras
601 1516 823 1561 novem
845 1517 920 1560 ex
944 1502 1165 1561 ordine
1192 1517 1641 1562 recenseamus.

502 1621 522 1652 ι
581 1600 740 1657 Dixit
792 1601 985 1658 abbas
1041 1598 1345 1659 Macarius
1401 1602 1608 1660 abbati
1664 1602 1993 1661 Zachariae
2050 1617 2063 1656 :

414 1698 519 1757 Dic
562 1697 743 1765 mihi,
792 1697 960 1770 quod
996 1702 1087 1755 est
1131 1712 1292 1768 opus
1345 1698 1685 1758 monachi?
1730 1699 1889 1757 Dixit
1930 1700 1985 1756 ei
2052 1716 2064 1754 :

412 1797 504 1855 Me
540 1796 906 1867 interrogas,
956 1793 1175 1868 pater?
1218 1793 1288 1854 Et
1335 1796 1493 1855 dixit
1536 1797 1593 1855 ei
1633 1798 1825 1855 abbas
1876 1798 2067 1855 Maca-

412 1892 546 1951 rius
585 1914 596 1946 :
644 1892 859 1950 Certus
889 1907 1027 1951 sum
1069 1893 1147 1950 de
1175 1898 1256 1961 te,
1292 1892 1381 1951 ﬂii
1409 1895 1737 1965 Zacharia;
1776 1900 1836 1953 et
1875 1895 2068 1965 enim,

413 1990 519 2062 qui
566 2004 667 2048 me
714 1990 939 2062 pulsat,
988 1994 1056 2048 ut
1103 1991 1481 2064 interrogem
1526 1997 1605 2050 te.
1660 1993 1818 2050 Dixit
1866 1993 1921 2049 ei
1966 1993 2073 2049 Za-

413 2088 657 2146 charias
715 2103 727 2144 :
779 2088 1087 2156 Quantum
1145 2090 1220 2145 ad
1284 2104 1406 2161 me,
1466 2096 1661 2161 pater,
1720 2091 1838 2148 hoc
1896 2094 2067 2160 puto,

416 2182 739 2257 quoniam,
817 2185 1176 2257 quicunque
1251 2186 1656 2258 semetipsum
1739 2187 2072 2245 necessita-

414 2280 584 2339 tibus
631 2278 988 2350 subiecerit,
1042 2287 1226 2356 atque
1272 2285 1565 2357 coegerit,
1625 2285 1759 2358 ipse
1802 2290 1894 2343 est
1941 2299 2071 2343 mo-

415 2379 648 2437 nachus
678 2376 787 2456 (8).
819 2400 848 2432 »
886 2380 1054 2437 idem
1088 2381 1328 2453 reperis
1356 2385 1420 2440 in
1454 2384 2009 2456 Apophthegmatis
2036 2397 2071 2441 a

413 2477 721 2535 Cotelerio
763 2476 948 2535 editis
981 2493 1030 2535 s.
1081 2494 1135 2533 v.
1184 2476 1523 2547 Zacharias,
1569 2496 1757 2554 quem
1796 2482 1858 2539 in
1897 2482 2071 2540 Scete

414 2573 719 2633 resedisse
776 2575 865 2632 ibi
913 2575 1230 2643 edoceris;
1292 2593 1416 2650 qua
1466 2594 1542 2636 ex
1609 2595 1677 2637 re
1734 2580 2068 2637 Macarium

414 2671 785 2744 Aegyptium
838 2677 1050 2732 nostro
1106 2675 1243 2732 loco
1302 2675 1563 2749 intelligi
1624 2678 1789 2735 haud
1844 2678 2071 2735 iniuste

410 2767 687 2841 colliges.
746 2770 1076 2829 Zachariae
1122 2777 1329 2830 autem
1380 2776 1703 2846 responsio
1739 2776 1801 2833 in
1849 2790 2071 2847 graeco

411 2871 582 2924 textu
627 2867 755 2924 fere
790 2868 943 2925 haec
987 2874 1079 2926 est
1130 2889 1142 2927 :
1196 2890 1224 2923 ‹‹
1283 2870 1591 2940 Quantum
1645 2888 1758 2945 ego
1815 2873 2069 2945 quidem

412 2963 723 3033 existimo,
772 2969 969 3037 pater,
1016 2966 1124 3038 qui
1150 2982 1217 3025 se
1256 2969 1463 3040 ipsum
1502 2971 1666 3042 cogit
1718 2971 1792 3027 ad
1832 2973 2067 3040 omnia,

411 3062 466 3120 is
485 3067 576 3120 est
606 3064 948 3122 monachus
979 3060 1089 3138 (9).
1122 3085 1152 3119 ι)

499 3178 523 3211 α
586 3160 1126 3231 interrogaverunt
1172 3162 1428 3235 quidam
1478 3170 1733 3236 patrum
1780 3167 2070 3224 abbatem

411 3256 745 3315 Macarium
832 3258 1200 3331 Aegyptium
1287 3261 1566 3319 dicentes
1643 3278 1655 3317 :
1746 3263 2072 3339 Quomodo

408 3367 639 3424 corpus
682 3358 882 3420 tuum,
932 3360 994 3413 et
1032 3357 1281 3427 quando
1316 3359 1679 3426 manducas,
1721 3366 1781 3417 et
1820 3361 2070 3432 quando

407 3450 671 3516 ieiunas,
710 3451 946 3508 siccum
991 3457 1081 3509 est
1112 3450 1143 3510 7
1183 3453 1253 3511 Et
1291 3455 1450 3511 dixit
1480 3455 1559 3512 iis
1598 3471 1782 3513 senex
1831 3474 1842 3512 :
1900 3458 2071 3515 Sicut

409 3546 650 3617 lignum
686 3547 750 3604 in
779 3561 965 3606 manu
1010 3549 1303 3619 hominis,
1337 3565 1482 3608 cum
1512 3567 1638 3623 quo
1684 3550 1977 3611 fructices
2006 3556 2067 3612 in

406 3644 548 3716 igne
598 3651 919 3701 versantur
971 3649 1156 3718 atque
1209 3655 1624 3714 reversantur,
1683 3665 1934 3722 semper
1990 3654 2070 3710 ab

406 3739 549 3813 igne
609 3741 1021 3811 consumitur,
1098 3742 1205 3811 ita,
1279 3743 1330 3800 si
1405 3745 1595 3802 homo
1675 3746 2070 3807 mundaverit

409 3841 682 3895 mentem
727 3852 903 3896 suam
962 3840 1025 3897 in
1066 3840 1291 3898 timore
1342 3841 1470 3908 Dei,
1528 3842 1662 3914 ipse
1718 3845 1910 3903 timor
1964 3848 2065 3905 Dei

407 3934 599 3992 etiam
646 3949 786 3993 ossa
820 3936 957 3994 eius
1007 3932 1180 4005 149
1229 3939 1543 3996 consumit
1591 3938 1720 4015 (1ο)
1806 3961 1836 3997 ››
1898 3944 2067 4003 Idem

407 4030 655 4090 Macarii
724 4032 1008 4107 Aegyptii
1071 4035 1310 4093 dictum
1380 4036 1442 4093 in
1517 4037 2070 4113 Apophthegmatis

404 4144 590 4202 saepe
614 4130 888 4204 (laudatis
929 4132 1155 4205 legitur
1186 4130 1335 4209 (11).
1371 4134 1493 4192 Nec
1535 4149 1659 4193 non
1689 4138 1880 4197 simili
1924 4155 2067 4199 cor-

492 4320 568 4390 (i)
589 4321 713 4377 VV.
744 4322 849 4377 PP.
878 4324 1075 4379 Rosw.
1110 4324 1219 4381 lib.
1264 4324 1305 4380 V
1335 4324 1511 4381 libell.
1544 4329 1630 4391 10,
1664 4327 1733 4383 34
1765 4344 1821 4402 p.
1854 4330 1979 4398 599,
2012 4335 2064 4387 2.

428 4437 448 4468 ι
498 4407 578 4480 (2)
619 4409 768 4466 Ibid.
816 4410 1005 4469 libell.
1043 4412 1223 4479 12,10
1254 4428 1317 4484 p.
1349 4413 1475 4484 614,
1509 4416 1561 4471 1.

494 4496 571 4569 (3)
612 4498 762 4557 ibid.
797 4498 979 4556 libell.
1010 4501 1095 4566 15,
1138 4500 1206 4557 25
1233 4516 1297 4572 p.
1328 4501 1451 4570 623,
1486 4505 1521 4558 2
1546 4522 1641 4578 sq.

493 4586 570 4658 (1)
610 4587 760 4644 ibid.
797 4588 980 4645 libell.
1027 4590 1108 4655 15,
1140 4590 1207 4646 26
1235 4607 1292 4663 ρ.
1317 4592 1442 4659 624,
1473 4594 1531 4652 1.

492 4675 572 4747 (5)
613 4676 769 4734 Ibid.
801 4677 981 4733 libell.
1012 4680 1095 4746 16,
1124 4681 1160 4736 6
1181 4698 1244 4753 p.
1284 4681 1485 4750 631,1.

490 4764 569 4834 (6)
612 4765 765 4822 ibid.
796 4766 974 4823 libell.
1005 4769 1094 4837 18,
1126 4770 1161 4825 9
1186 4786 1249 4843 p.
1281 4771 1406 4836 637,
1439 4774 1466 4827 1
1504 4789 1600 4845 sq.

490 4854 572 4924 (7)
613 4852 927 4928 Cf.§32p.
965 4858 1650 4935 l32§17p.65§29p.
1704 4866 1857 4936 1195
1894 4866 1965 4921 32
1997 4884 2060 4939 ρ.

427 4943 686 4999 145.138
712 4960 808 5017 sq.
845 4947 944 5001 139
974 4963 1063 5020 sq.
1107 4948 1213 5004 135
1246 4966 1337 5023 sq.
1369 4952 1472 5007 133
1505 4968 1599 5025 sq.

492 5033 568 5103 (8)
608 5033 729 5089 VV.
763 5035 871 5094 PP.
913 5040 1109 5096 Rosw.
1140 5039 1246 5095 lib.
1289 5041 1335 5094 V
1368 5040 1553 5099 libell.
1590 5044 1641 5107 1,
1673 5044 1707 5097 6
1735 5059 1798 5115 p.
1841 5045 1965 5112 562,
2004 5049 2060 5104 1.

491 5121 571 5193 (9)
603 5122 854 5181 Coteler.
890 5126 1041 5183 Eccl.
1075 5128 1281 5187 Graec.
1321 5133 1473 5187 Mon.
1509 5133 1573 5187 Τ.
1611 5134 1649 5187 l.
1684 5148 1743 5203 p.
1776 5132 1880 5187 443
1917 5150 1969 5190 s.
2010 5151 2066 5189 v.

420 5210 760 5269 Zacharias
777 5222 802 5285 ε
828 5219 847 5269 l
877 5216 1060 5281 ;infra
1080 5217 1139 5273 in
1157 5218 1372 5277 harum
1386 5221 1818 5286 Quaestionum
1838 5225 2071 5295 Appen-

419 5299 551 5355 dice
574 5300 758 5358 altera
798 5304 910 5358 sub
943 5306 1035 5363 iV.

422 5388 607 5533 2(10)
647 5389 769 5449 VV.
817 5393 915 5450 PP.
962 5398 1153 5453 Rosw.
1203 5398 1305 5455 lib.
1335 5400 1398 5456 V.
1431 5399 1612 5457 libell.
1660 5400 1713 5465 3,
1759 5401 1793 5453 8
1835 5414 1901 5471 p.
1939 5398 2067 5467 565,

485 5495 581 5534 sa.

494 5495 512 5534 ε
569 5523 581 5535 .

494 5495 606 5641 (lli)
650 5568 891 5629 Coteler.
921 5575 1070 5634 Eccl.
1097 5575 1305 5635 Graec.
1334 5581 1485 5635 Mon.
1520 5581 1579 5636 Τ.
1608 5579 1627 5634 1
1654 5595 1718 5650 p.
1749 5578 1856 5634 531
1881 5595 1977 5650 sq.
2007 5597 2058 5635 ε.

421 5673 478 5714 v.
506 5656 796 5718 Macarius
822 5664 1147 5737 Aegyptius
1177 5670 1202 5733 ε
1235 5670 1343 5726 XII.
1374 5667 1606 5725 infrain
1635 5667 1851 5725 barum
1879 5668 2067 5736 Quae-

2184 536 2260 579 ne
2312 522 2423 595 pili
2478 522 2735 593 quidem
2786 523 2975 580 menti
3030 522 3189 579 enati
3248 525 3422 579 erant
3477 522 3559 579 ob
3616 516 3842 577 nimios

2181 620 2647 678 exercitationis
2682 619 2931 677 labores
2966 622 3176 693 obque
3220 620 3480 677 nimiam
3514 618 3676 677 cutis
3717 615 3843 675 ari—

2180 717 2436 775 ditatem
2466 716 2614 794 (12).

2265 836 2288 867 ι
2354 815 2651 873 Miserunt
2705 816 3045 887 aliquando
3104 830 3283 873 senes
3338 815 3414 871 de
3470 819 3681 873 monte
3743 812 3843 869 Ni—

2180 913 2334 970 triae
2361 914 2438 970 ad
2468 914 2758 970 abbatem
2799 912 3136 971 Macarium
3168 914 3232 970 in
3274 912 3491 983 Scithi,
3529 916 3835 983 rogantes,

2177 1015 2245 1068 ut
2272 1010 2510 1068 veniret
2540 1010 2616 1067 ad
2647 1024 2774 1076 eos,
2824 1010 3101 1083 alioquin
3146 1012 3355 1081 sciret,
3387 1023 3641 1068 omnem
3679 1007 3838 1066 niui.

2178 1108 2528 1175 titudinem,
2561 1108 2611 1165 si
2643 1108 2779 1180 ipse
2804 1109 2879 1165 ad
2907 1123 3013 1166 eos
3046 1123 3167 1166 non
3213 1108 3472 1175 veniret,
3508 1107 3584 1166 ad
3630 1107 3841 1179 ipsum

2175 1219 2311 1263 esse
2377 1211 2723 1275 venturam,
2780 1207 3076 1279 quoniam
3134 1205 3571 1264 desiderabant
3625 1203 3841 1267 videre

2176 1318 2346 1375 eum,
2403 1308 2735 1376 antequam
2785 1303 3081 1376 migraret
3150 1304 3227 1361 ad
3301 1302 3650 1360 Dominum.
3723 1299 3839 1370 Qui

2177 1415 2321 1459 cum
2353 1402 2617 1459 venisset
2646 1401 2711 1459 in
2743 1406 3041 1472 montem,
3090 1405 3457 1474 congregata
3498 1404 3591 1459 est
3633 1398 3839 1457 omnis

2179 1500 2513 1558 multitudo
2561 1500 2822 1558 fratrum
2888 1500 2966 1558 ad
3034 1514 3203 1558 eum.
3256 1500 3572 1571 Rogabant
3627 1502 3836 1555 autem

2179 1612 2323 1656 eum
2357 1611 2556 1667 senes,
2592 1602 2656 1655 ut
2707 1598 2936 1656 faceret
2978 1598 3243 1656 verbum
3296 1597 3372 1654 ad
3428 1596 3669 1654 fratres.
3733 1594 3839 1652 ille

2164 1682 2386 1753 autem
2420 1694 2752 1753 lacrimans
2780 1697 2866 1753 ait
2900 1716 2910 1749 :
2955 1694 3297 1762 Ploremus,
3329 1694 3571 1759 fratres,
3609 1696 3669 1750 et
3696 1706 3840 1764 pro-

2179 1794 2407 1851 ducant
2447 1793 2614 1851 oculi
2655 1793 2848 1851 nostri
2890 1793 3202 1863 lacrimas,
3247 1798 3581 1865 antequam
3625 1804 3841 1849 eamus

2181 1892 2349 1963 hinc,
2376 1891 2485 1948 ubi
2518 1892 2810 1949 lacrimae
2837 1897 3082 1949 nostrae
3126 1905 3395 1963 corpora
3437 1891 3833 1949 comburant.

2184 1987 2252 2045 Et
2290 1989 2589 2047 ﬂeverunt
2636 2003 2853 2047 omnes
2890 1994 2949 2046 et
2988 1989 3352 2047 ceciderunt
3394 1988 3574 2060 proni
3628 1988 3692 2045 in
3743 1986 3841 2044 fa—

2180 2088 2342 2145 ciem
2362 2087 2637 2145 dicentes
2663 2103 2674 2141 :
2710 2088 2906 2159 Pater,
2930 2101 3043 2144 ora
3074 2101 3188 2158 pro
3221 2086 3401 2144 nobis
3435 2084 3583 2161 (i3).
3612 2105 3641 2137 »
3669 2084 3840 2142 idem

2181 2189 2376 2242 exstat
2404 2185 2465 2241 in
2498 2184 3049 2256 Apophthegmatis
3076 2200 3111 2243 a
3136 2182 3444 2243 Cotelerio
3469 2183 3655 2241 editis
3685 2180 3838 2258 (14).

2182 2282 2380 2340 Verba
2417 2287 2624 2339 autem
2691 2284 2856 2340 senis
2900 2283 3230 2355 nonaginta
3292 2282 3422 2339 fere
3475 2295 3669 2339 annos
3714 2280 3841 2341 nati

2180 2386 2240 2437 et
2280 2380 2571 2437 ultimum
2619 2379 2877 2437 Nitriam
2928 2380 3232 2438 visitantis
3279 2380 3522 2437 animos
3574 2379 3839 2436 fratrum

2179 2477 2256 2536 ad
2336 2478 2623 2535 lacrimas
2698 2478 3135 2547 commovisse,
3231 2478 3371 2550 quis
3451 2492 3572 2535 non
3661 2476 3842 2534 facile

2178 2573 2434 2633 credet?
2483 2573 2786 2642 indidem,
2835 2577 3049 2648 quanti
3094 2590 3238 2634 eum
3286 2575 3545 2633 fecerint
3594 2576 3840 2645 fratres,

2177 2674 2398 2732 elucet.

2262 2790 2293 2825 α
2353 2771 2557 2828 Abbas
2612 2771 2913 2829 Macarius
2968 2771 3169 2829 maior
3225 2770 3285 2827 in
3342 2770 3532 2829 Scithi
3594 2769 3842 2828 dicebat

2180 2868 2476 2927 fratribus
2508 2875 2645 2940 post
2672 2868 2892 2926 missas
2920 2869 3219 2927 ecclesiae
3258 2886 3269 2924 :
3307 2868 3543 2941 Fugite,
3592 2867 3837 2925 fratres.

2179 2965 2247 3024 Et
2286 2965 2438 3023 dicit
2480 2966 2535 3023 ei
2580 2982 2739 3023 unus
2776 2967 3039 3025 fratrum
3080 2984 3093 3025 :
3134 2967 3330 3034 Pater,
3370 2965 3479 3024 ubi
3529 2965 3838 3024 habemus

2178 3064 2391 3135 fugere
2443 3064 2715 3136 amplius
2765 3079 2800 3121 a
2856 3064 3192 3122 solitudine
3249 3062 3408 3122 ista?
3460 3068 3518 3121 et
3567 3064 3838 3135 ponebat

2180 3161 2443 3233 digitum
2490 3177 2675 3219 suum
2740 3162 2799 3218 in
2842 3176 2951 3219 ore
3004 3176 3117 3220 suo
3160 3162 3372 3219 dicens
3423 3180 3435 3218 :
3502 3160 3668 3219 istud
3721 3164 3834 3226 est,

2180 3258 2347 3330 quod
2382 3258 2741 3330 fugiendum
2786 3258 2968 3326 dico;
3002 3264 3064 3316 et
3088 3258 3177 3315 sic
3221 3258 3491 3316 intrabat
3524 3258 3584 3316 in
3617 3258 3840 3315 cellam

2181 3370 2357 3413 suam
2388 3361 2449 3413 et
2485 3356 2779 3413 claudens
2824 3356 3055 3414 ostium
3104 3355 3359 3413 sedebat
3397 3356 3570 3413 solus
3606 3356 3754 3429 (l5).
3808 3374 3838 3409 »

2183 3453 2351 3510 idem
2410 3454 2602 3512 habes
2665 3454 2727 3511 in
2796 3454 3350 3525 ApOphthegmatis
3410 3469 3449 3510 a
3530 3452 3843 3513 Cotelerio

2179 3548 2535 3626 editis(i6),
2572 3552 2689 3608 hoc
2720 3566 2844 3609 uno
2875 3552 3259 3619 discrimine,
3289 3551 3457 3623 quod
3492 3564 3608 3624 pro
3637 3569 3666 3605 ‹‹
3700 3556 3844 3623 post

2182 3648 2398 3705 missas
2440 3649 2738 3706 ecclesiae
2784 3670 2805 3700 1
2848 3649 2911 3706 in
2955 3663 3177 3721 graeco
3226 3646 3399 3717 150
3448 3671 3475 3701 ‹‹
3510 3655 3842 3724 postquam

2178 3743 2415 3802 dimisit
2462 3746 2789 3803 ecclesiam
2839 3765 2865 3799 υ
2909 3746 3155 3817 legitur.
3190 3746 3603 3804 Taciturnitas
3633 3750 3841 3804 autem

2179 3842 2535 3914 praecipuis
2604 3845 3057 3901 monachorum
3141 3844 3398 3916 Aegypti
3502 3842 3844 3902 virtutibus

2177 3940 2643 3998 adnumeranda
2673 3946 2765 3999 est
2793 3939 2943 4015 (17).

2263 4058 2285 4089 ι
2328 4039 2530 4097 Abbas
2560 4038 2944 4104 Theodorus,
2990 4043 3403 4111 cognomento
3443 4038 3519 4096 de
3554 4039 3837 4103 Pherme,

2179 4135 2446 4194 habebat
2503 4143 2628 4194 tres
2683 4137 2932 4195 codices
2985 4138 3201 4195 bonos.
3258 4136 3330 4193 Et
3379 4150 3521 4194 cum
3573 4135 3842 4195 venisset

2181 4333 2445 4391 stionum
2475 4337 2819 4408 Appendice
2848 4337 3034 4393 altera
3055 4338 3167 4393 sub
3198 4339 3281 4393 111.

2103 4470 2143 4523 ο
2253 4424 2366 4523 (ίξ)
2540 4441 2724 4523 Ἥρω
2763 4426 2879 4488 519
2909 4442 2973 4523 ρ.
3004 4427 3231 4523 75._79.

2253 4513 2363 4583 (l3)
2403 4514 2514 4569 VV.
2546 4514 2655 4571 PP.
2696 4517 2894 4571 Rosw.
2930 4514 3036 4571 lib.
3075 4514 3120 4571 V
3150 4515 3329 4571 libell.
3362 4515 3415 4585 3,
3451 4516 3485 4570 9
3522 4530 3585 4588 p.
3625 4514 3750 4580 566,
3787 4519 3834 4569 l.

2252 4602 2370 4673 (14)
2412 4602 2656 4657 Coteler.
2696 4602 2845 4659 Eccl.
2889 4603 3091 4659 Graec.
3130 4607 3276 4659 Mon.
3311 4606 3376 4660 T.
3415 4604 3434 4658 1
3470 4621 3531 4675 p.
3566 4604 3671 4659 545
3698 4621 3745 4657 s.
3775 4618 3830 4657 v.

2180 4690 2489 4747 Macarius
2535 4693 2864 4762 Aegyptius
2910 4699 2934 4762 ς
2986 4693 3185 4746 XXXIV
3239 4709 3251 4758 ;
3296 4692 3450 4748 infra
3499 4693 3556 4747 in
3620 4691 3839 4748 harum

2185 4780 2615 4844 Quaestionum
2643 4780 2987 4851 Appendice
3019 4782 3204 4835 altera
3236 4782 3347 4835 sub
3370 4781 3473 4838 Ill.

2194 4914 2197 4917 ,
2254 4869 2365 4938 (15)
2412 4870 2522 4923 VV.
2553 4870 2653 4923 PP.
2692 4873 2888 4925 Rosw.
2930 4869 3030 4923 lib.
3060 4870 3105 4923 V
3129 4870 3309 4925 libell.
3342 4871 3395 4934 4,
3434 4872 3501 4925 27
3532 4886 3590 4941 p.
3620 4868 3746 4933 570,
3783 4871 3838 4924 1.

2252 4957 2367 5025 (16)
2407 4958 2651 5012 Coteler.
2688 4958 2832 5012 Eccl.
2867 4958 3080 5014 Graec.
3131 4961 3288 5015 Mon.
3318 4961 3375 5013 Τ.
3406 4960 3425 5015 Ι
3461 4976 3515 5029 p.
3544 4957 3651 5013 536
3683 4974 3735 5014 s.
3778 4973 3835 5013 v.

2179 5045 2479 5102 Macarius
2522 5047 2855 5116 Aegyptius
2881 5053 2906 5113 5
2932 5048 3044 5102 XVI
3076 5066 3088 5113 ;
3122 5048 3275 5102 infra
3296 5049 3355 5102 in
3385 5047 3599 5103 harum
3642 5048 3834 5112 Quae-

2187 5135 2451 5190 stionum
2468 5135 2814 5205 Appendice
2840 5135 3027 5191 altera
3055 5136 3168 5192 sub
3192 5137 3281 5191 ill.

2252 5224 2362 5294 (17)
2387 5223 2615 5292 Agatho
2631 5224 2841 5289 abbas,
2863 5231 2923 5280 ut
2948 5226 3360 5281 taciturnitatis
3384 5226 3657 5281 virtutem
3690 5242 3843 5282 nan-

2181 5312 2452 5373 ciscatur,
2482 5318 2595 5366 tres
2615 5327 2808 5367 annos
2841 5312 3096 5383 lapidem
3119 5314 3175 5368 in
3210 5330 3310 5369 ore
3337 5320 3598 5384 gestasse
3630 5314 3836 5370 fertur.

2181 5400 2290 5454 VV.
2322 5400 2430 5454 PP.
2452 5402 2649 5455 Rosw.
2686 5400 2791 5456 lib.
2828 5400 2869 5455 V
2894 5401 3081 5458 libell.
3117 5402 3169 5467 3,
3198 5403 3230 5458 ’1
3257 5420 3317 5471 p.
3346 5403 3469 5467 568,
3508 5403 3838 5458 l.Tacitur-

2179 5489 2382 5545 uitatis
2406 5488 3014 5560 exemplalaudantur
3040 5491 3098 5546 in
3119 5492 3325 5548 Indice
3350 5508 3547 5548 rerum
3574 5493 3633 5547 in
3672 5494 3835 5548 Vitas

2177 5580 2432 5633 Patrum
2465 5579 2628 5649 apud
2660 5579 3065 5637 Rosweidum.
