4092 6256
270 304 370 360 ﬁt

276 432 348 489 ad
396 431 670 490 abbatem
732 433 1092 502 Macarium,
1125 435 1284 493 dixit
1334 434 1392 494 ei
1451 453 1462 490 :

1852 304 2084 365 VITAE.

1529 435 1739 492 Habeo
1787 439 1911 492 tres
1944 430 1990 483 A
2023 435 2158 506 ipsa
2189 437 2388 510 plecta
2434 453 2544 511 per
2586 440 2916 496 fenestram
2970 439 3383 500 descendebat
3426 441 3492 500 in
3533 456 3674 514 spe-

3563 313 3670 372 142

274 531 523 601 codices,
556 537 617 588 et
665 533 926 604 proﬁcio
966 549 1041 591 ex
1087 533 1352 592 lectione
1401 547 1642 591 eorum.
1678 533 1796 590 Sed
1849 536 1908 590 et
2019 533 2221 593 iunca.
2288 537 2355 594 Et
2419 537 2742 608 egrediens
2815 551 2995 595 mane
3051 541 3296 594 sanctus
3368 540 3670 599 Antonius

265 628 476 685 fratres
525 634 742 701 petunt
789 646 896 690 eos
949 633 1025 690 ad
1071 633 1425 704 legendum,
1459 636 1518 688 et
1548 631 1667 702 ipsi
1720 631 1906 701 proﬁ-

261 726 440 786 ciunt.
484 727 592 785 Dic
639 742 788 801 ergo
840 730 1020 799 mihi,
1054 731 1208 802 quid
1259 731 1462 788 debeo
1513 729 1717 787 facere
1761 727 1791 788 ἢ
1834 729 1904 786 Et

254 825 630 896 respondens
680 842 868 885 senex
927 829 1088 887 dixit
1149 851 1160 886 :
1223 827 1370 886 Boni
1429 834 1569 885 sunt
1641 827 1898 899 quidem

251 926 439 992 actus,
477 923 586 980 sed
633 925 856 982 melius
886 927 1182 984 omnibus
1208 931 1319 992 est,
1362 925 1518 983 nihil
1553 925 1892 996 possidere.

249 1019 416 1087 Quod
448 1035 595 1078 cum
644 1023 962 1090 audiisset,
997 1025 1179 1093 abiit,
1226 1029 1286 1081 et
1336 1023 1613 1082 vendidit
1665 1037 1897 1081 memo-

249 1122 410 1174 ratos
459 1119 732 1188 codices,
793 1127 853 1179 et
908 1122 1080 1180 dedit
1137 1122 1559 1194 indigentibus
1625 1122 1893 1193 pretium

251 1213 525 1285 ipsorum
587 1216 698 1293 (l).
766 1238 796 1272 »
858 1220 1083 1278 Eadem
1139 1220 1201 1278 in
1258 1220 1811 1292 Apophtbegmatis
1861 1235 1896 1278 a

249 1311 549 1371 Cotelerio
602 1316 787 1374 editis
837 1317 921 1375 ita
985 1323 1318 1376 narrantur
1377 1336 1388 1374 :
1456 1339 1484 1369 «
1534 1319 1896 1376 Theodorus

243 1409 433 1467 abbas
477 1411 780 1471 Phermae
811 1419 938 1472 tres
975 1415 1174 1474 bonos
1220 1416 1418 1476 libros
1466 1415 1790 1488 possidens
1817 1416 1893 1474 ad

241 1507 577 1568 Macarium
647 1512 938 1570 abbatem
998 1514 1181 1580 venit,
1240 1519 1301 1571 et
1361 1531 1372 1570 :
1435 1515 1603 1580 Tres,
1666 1514 1890 1586 inquit,

239 1605 394 1663 mihi
438 1613 586 1665 sunt
617 1608 762 1667 libri
810 1611 1142 1683 praeclari,
1175 1627 1249 1669 ex
1301 1627 1571 1684 quorum
1627 1611 1892 1670 lectione

236 1702 520 1762 fructum
571 1707 790 1778 capio;
840 1709 1058 1768 fratres
1099 1725 1352 1782 quoque
1398 1710 1477 1768 iis
1517 1716 1798 1776 utuntur,
1833 1715 1893 1768 et

233 1800 477 1871 pariter
542 1774 899 1874 proﬁciunt.
972 1774 1167 1864 Effare
1243 1774 1430 1879 igitur
1487 1807 1664 1874 mihi,
1739 1774 1969 1880 quidB

233 1898 499 1956 debeam
575 1901 823 1972 facere;
889 1919 1038 1962 num
1104 1905 1180 1964 ad
1239 1919 1443 1963 meam
1499 1906 1893 1978 fratrumque

233 1995 570 2054 utilitatem
628 2014 737 2057 eos
794 2001 1120 2074 retineam,
1177 2018 1254 2060 an
1312 2005 1573 2061 vendam
1621 2004 1893 2075 demque

231 2096 678 2166 pauperibus?
723 2099 922 2158 Senex
976 2101 1346 2173 respondit:
1407 2101 1703 2160 Pulchrae
1757 2102 1894 2173 qui-

231 2191 368 2249 dem
423 2194 708 2252 actiones
765 2202 928 2262 sunt,
1000 2199 1104 2256 sed
1152 2199 1378 2258 melior
1453 2199 1748 2258 omnibus
1803 2203 1893 2257 est

230 2297 591 2362 paupertas.
646 2293 778 2362 Quo
827 2296 1042 2355 audito
1097 2297 1402 2367 discessit,
1454 2311 1688 2370 eosque
1750 2312 1890 2357 ven-

231 2385 406 2459 didit,
439 2394 501 2446 et
535 2392 870 2460 pecuniam
917 2393 1088 2452 dedit
1118 2395 1501 2466 pauperibus
1536 2393 1645 2469 (2).
1689 2415 1710 2446 ι
1771 2396 1890 2452 Ma-

227 2486 466 2543 carium
502 2487 878 2559 Aegyptium
915 2505 1048 2549 esse
1085 2491 1228 2550 inde
1265 2493 1532 2551 coniicio
1568 2490 1682 2565 (3),
1718 2492 1888 2563 quod

227 2582 488 2642 Pherme
542 2599 746 2658 prope
787 2588 1016 2646 Scetim
1061 2590 1177 2647 sita
1222 2596 1376 2663 erat,
1420 2595 1479 2647 et
1525 2590 1888 2648 Theodorus

229 2680 358 2752 ipse
405 2683 596 2740 initio
645 2683 706 2740 in
765 2685 941 2742 Scete
992 2687 1144 2745 vixit
1185 2685 1299 2764 (1).
1353 2689 1688 2761 Paupertas
1739 2703 1886 2747 vero

230 2778 600 2850 principalis
632 2782 1078 2853 Aegyptiorum
1125 2790 1372 2857 patrum
1405 2786 1600 2843 virtus
1631 2785 1746 2843 fuit
1769 2783 1879 2860 (5).

308 2895 338 2929 «
393 2877 578 2935 Venit
628 2879 823 2937 abbas
871 2881 1173 2940 Macarius
1217 2883 1417 2941 maior
1467 2885 1543 2942 ad
1593 2884 1882 2942 abbatem

230 2972 566 3032 Antonium
597 2976 660 3033 in
693 2983 992 3050 montem,
1023 2986 1082 3037 et
1111 2995 1254 3038 cum
1292 2981 1598 3052 pulsasset
1625 2981 1878 3047 ostium,

230 3070 415 3128 exivit
445 3073 522 3130 ad
555 3088 701 3131 eum
749 3081 808 3132 et
840 3075 997 3134 dixit
1025 3078 1081 3134 ei
1120 3098 1131 3134 :
1188 3079 1273 3136 Tu
1306 3079 1446 3151 quis
1485 3095 1550 3136 es
1593 3079 1620 3135 ?
1668 3080 1738 3136 Et
1778 3080 1883 3137 ille

231 3166 314 3226 ait
369 3184 379 3223 :
433 3170 559 3242 Ego
606 3186 747 3229 sum
802 3172 1131 3232 Macarius.
1186 3176 1256 3234 Et
1309 3177 1608 3234 claudens
1650 3176 1882 3234 ostium

235 3265 500 3334 intravit,
551 3276 610 3326 et
640 3270 879 3328 dimisit
919 3287 1062 3330 eum
1108 3273 1278 3332 foris.
1331 3275 1400 3331 Et
1440 3289 1584 3332 cum
1631 3274 1884 3332 vidisset

239 3367 448 3431 postea
487 3365 842 3435 patientiam
884 3369 1048 3442 eius,
1099 3371 1346 3442 aperuit
1397 3372 1477 3429 ei.
1536 3372 1606 3429 Et
1653 3371 1883 3446 adgau-

245 3457 396 3514 dens
432 3461 487 3516 ei
519 3461 760 3520 dicebat
815 3483 827 3521 :
887 3468 1148 3526 Multum
1195 3474 1441 3540 tempus
1469 3473 1582 3541 est,
1634 3484 1710 3526 ex
1757 3483 1882 3540 quo

240 3557 300 3612 te
331 3555 542 3616 videre
577 3559 1029 3632 desiderabam,
1077 3568 1336 3625 audiens
1379 3567 1455 3625 de
1487 3572 1564 3624 te.
1613 3568 1683 3626 Et
1711 3568 1882 3625 exhi-

240 3653 391 3712 bens
419 3656 476 3714 ei
528 3657 1013 3732 hospitalitatem
1062 3665 1279 3723 refecit
1321 3680 1466 3724 eum
1499 3684 1514 3738 ;
1553 3671 1683 3724 erat
1712 3667 1882 3724 enim

235 3751 425 3811 fessus
477 3754 555 3812 de
605 3758 803 3818 multo
857 3761 1093 3820 labore.
1149 3763 1417 3834 Vespere
1467 3770 1676 3822 autem
1723 3764 1882 3824 facto

229 3850 453 3910 infudit
500 3854 621 3912 sibi
671 3858 864 3914 abbas
925 3860 1226 3918 Antonius
1282 3862 1561 3919 modicas
1619 3862 1877 3932 palmas,

223 3955 284 4004 et
335 3950 489 4008 dicit
531 3953 589 4009 ei
640 3954 836 4011 abbas
875 3955 1179 4015 Macarius
1240 3975 1252 4013 :
1313 3959 1390 4016 Da
1439 3960 1617 4030 mihi,
1663 3965 1729 4016 ut
1766 3972 1882 4031 ego

222 4046 550 4106 infundam
581 4051 750 4122 quod
800 4067 1044 4125 operer.
1081 4055 1188 4113 Ille
1233 4062 1440 4114 autem
1489 4057 1694 4114 dixit:
1749 4057 1880 4116 Non

221 4143 420 4204 habeo
489 4149 654 4220 plus.
727 4150 796 4208 Et
851 4152 1082 4212 faciens
1142 4153 1508 4212 fasciculum
1573 4155 1878 4214 maiorem

219 4241 446 4300 infudit
475 4259 646 4304 eum.
683 4247 754 4304 Et
784 4248 1068 4308 sedentes
1103 4267 1138 4307 a
1172 4265 1313 4310 sero
1345 4257 1406 4309 et
1447 4253 1878 4324 colloquentes

217 4338 293 4396 de
365 4341 637 4401 utilitate
693 4345 1048 4404 animarum
1109 4349 1415 4407 faciebant
1470 4351 1761 4423 plectam,
1819 4352 1879 4408 et

282 4614 358 4685 (l)
403 4615 636 4674 VV.PP.
673 4620 866 4674 Rosw.
896 4620 1000 4676 lib.
1033 4621 1074 4675 V
1103 4621 1283 4677 libell.
1318 4626 1370 4689 6,
1411 4624 1444 4677 6
1478 4638 1536 4692 p.
1572 4624 1676 4677 582
1709 4639 1802 4695 sq.

281 4706 359 4772 (2)
396 4706 641 4760 Coteler.
703 4709 850 4763 Eccl.
888 4709 1093 4765 Graec.
1153 4711 1307 4766 Mon.
1338 4713 1396 4766 Τ.
1443 4713 1464 4764 Ι
1499 4729 1556 4782 p.
1598 4713 1693 4766 451
1730 4730 1776 4766 s.
1814 4730 1870 4768 v.

219 4792 564 4849 Theodorus
580 4796 992 4870 Phermensis§
1027 4800 1044 4852 Ι
1063 4816 1076 4865 ;
1100 4799 1256 4855 infra
1272 4800 1330 4855 in
1347 4801 1562 4855 harum
1582 4802 1623 4864 Ο
1635 4803 1881 4856 uaestio-

211 4895 346 4937 nem
379 4884 732 4955 Appendice
758 4887 943 4943 altera
976 4888 1088 4942 sub
1121 4890 1205 4943 lV.

279 4970 354 5041 (3)
390 4972 536 5026 Hist.
595 4973 769 5028 Laus.
805 4977 899 5029 ed.
957 4979 1166 5030 Meurs.
1199 4993 1330 5048 cap.
1365 4978 1432 5031 24
1465 4979 1613 5048 Opp.
1663 4980 1876 5034 Meurs.

210 5057 244 5110 l.
267 5058 305 5111 1.
326 5075 387 5130 p.
408 5062 513 5115 417
539 5079 556 5130 ;
579 5061 652 5116 cf.
677 5063 945 5120 Palladii
965 5066 1284 5122 Historiam
1305 5067 1658 5122 Lausiacam
1688 5068 1768 5122 ad
1789 5083 1880 5123 co-

210 5145 352 5204 dicis
381 5150 850 5208 Vindobonensis
865 5155 1041 5220 ﬁdem
1062 5155 1315 5211 breviter
1327 5156 1707 5220 detineatam,
1726 5157 1879 5213 infra

209 5233 342 5291 huic
367 5244 614 5294 nostrae
639 5241 882 5297 editioni
919 5243 1202 5298 Historiae
1227 5245 1552 5299 Lausiacae
1573 5246 1877 5315 praeposi-

218 5327 353 5380 tam.

280 5415 354 5486 (4)
415 5418 667 5474 Coteler.
725 5420 764 5474 l.
820 5421 861 5474 1.
916 5437 974 5491 p.
1035 5425 1160 5476 457.
1213 5424 1315 5478 458
1347 5438 1392 5475 s.
1437 5439 1490 5479 ν.
1533 5423 1873 5479 Theodorus

217 5499 588 5564 Phermensis
616 5510 643 5580 ς
676 5510 822 5564 xxv.
860 5511 1034 5566 xxv1.
1069 5513 1271 5568 xxvu.

282 5593 358 5661 (5)
411 5596 494 5651 Cf.
542 5598 840 5654 Rosweidi
884 5600 1149 5656 Indicam
1197 5611 1400 5658 rerum
1439 5602 1499 5656 in
1530 5601 1642 5658 VV.
1675 5601 1874 5659 Hosw.

222 5690 264 5730 ε.
295 5697 349 5736 v.
382 5684 741 5756 Paupertas.

2017 631 2169 689 vidit
2215 635 2646 692 collectionem
2701 634 3044 705 plectarum
3095 635 3338 692 abbatis
3392 636 3664 706 Macarii,

2015 733 2075 785 et
2103 731 2445 788 admiratus
2492 736 2602 797 est,
2654 738 2715 788 et
2758 733 3068 789 osculatus
3122 746 3344 790 manus
3391 734 3530 791 eius
3577 733 3670 791 die

2011 828 2189 884 cebat
2240 845 2251 883 :
2313 828 2501 886 Multa
2554 830 2751 887 virtus
2807 830 2884 887 de
2931 829 3065 886 istis
3112 831 3431 902 egreditur
3485 830 3594 906 (6).
3633 853 3662 885 »

2011 925 2238 982 Eadem
2298 927 2361 983 in
2418 927 2974 998 Apoplithegmatis
3035 943 3068 984 a
3121 928 3430 986 Cotelerio
3479 929 3666 990 editis

2011 1023 2339 1080 traduntur
2380 1023 2486 1097 (7).
2526 1023 2862 1082 Macarium
2907 1039 3054 1082 vero
3103 1025 3473 1096 Aegyptium
3519 1041 3664 1085 cum

2008 1120 2073 1177 S.
2131 1121 2395 1178 Antonio
2441 1120 2531 1195 (1-
2577 1123 2724 1202 XVI.
2778 1122 2902 1180 Cal.
2954 1123 3132 1179 Febr.
3187 1121 3327 1197 356)
3382 1122 3466 1198 (8)
3516 1139 3664 1183 con-

2006 1231 2286 1288 gressum
2356 1233 2512 1289 esse,
2582 1220 2684 1278 hic
2741 1220 2970 1278 iterum
3041 1221 3468 1291 comperimus
3531 1219 3650 1297 (9).

2006 1313 2199 1383 Quam
2253 1317 2508 1388 quidem
2554 1317 2876 1375 historiam
2922 1332 3066 1376 cum
3117 1317 3216 1389 iis,
3263 1333 3423 1389 quae
3469 1333 3659 1390 supra

2007 1413 2083 1469 de
2163 1412 2429 1472 Macario
2501 1413 2706 1486 Pispir
2782 1415 3074 1474 coenobii
3150 1415 3375 1472 abbate
3465 1415 3660 1476 relata

2005 1514 2146 1568 sunt
2188 1508 2340 1586 (l0),
2382 1507 2886 1570 contundendam
2935 1526 3058 1570 non
3102 1526 3238 1572 esse
3285 1512 3464 1571 facile
3515 1526 3660 1584 per-

2004 1607 2216 1678 spicis.

2091 1727 2118 1757 «
2196 1707 2514 1766 Descendit
2588 1707 2924 1779 aliquando
3008 1709 3143 1779 ipse
3211 1707 3514 1766 Macarius
3577 1708 3658 1766 de

2003 1804 2195 1862 Scithi
2241 1806 2318 1862 ad
2349 1806 2555 1864 locum
2597 1806 2704 1877 qui
2751 1805 2981 1863 dicitur
3025 1805 3425 1871 Terenuthin,
3470 1809 3531 1864 et
3558 1805 3658 1864 in-
3696 1864 3701 1868 .

2003 1903 2186 1960 travit
2232 1903 2512 1960 dormire
2557 1903 2619 1961 in
2670 1909 3097 1972 monumento,
3135 1904 3240 1962 ubi
3284 1909 3459 1962 erant
3501 1903 3658 1962 anti-

2003 2000 2215 2072 quitus
2264 2000 2508 2072 sepulta
2554 2015 2823 2072 corpora
2883 2015 3286 2073 paganorum.
3343 2002 3410 2058 Et
3470 2001 3658 2058 traxit

2004 2112 2197 2156 unum
2246 2113 2474 2169 corpus
2525 2100 2642 2156 sub
2700 2103 2886 2169 caput
2923 2112 3109 2156 suum
3167 2103 3462 2170 tanquam
3518 2098 3654 2170 plu-

2003 2196 2263 2254 matium
2304 2196 2379 2252 de
2416 2196 2647 2268 scirpo.
2692 2193 2857 2263 151
2918 2197 3258 2254 Daemones
3297 2201 3528 2267 autem,
3562 2196 3650 2252 vi-

1999 2294 2214 2353 dentes
2259 2291 2550 2352 Iiduciam
2599 2294 2759 2364 eius,
2814 2293 2996 2351 invisi
3051 2299 3219 2365 sunt,
3265 2298 3326 2351 et
3376 2293 3654 2352 volentes

1999 2398 2236 2451 terrere
2287 2406 2456 2463 eum,
2505 2393 2808 2450 vocabant
2853 2392 3030 2463 quasi
3076 2391 3387 2462 quandam
3429 2391 3652 2449 mulie-

1999 2504 2132 2546 rem
2171 2490 2448 2546 dicentes
2499 2507 2512 2546 :
2561 2489 2774 2547 Nonna
2818 2489 2950 2560 illa,
2999 2489 3138 2548 veni
3192 2489 3519 2546 nobiscum
3573 2486 3652 2545 ad

1997 2586 2314 2646 balneum.
2348 2587 2414 2645 Et
2445 2586 2600 2644 alter
2640 2587 2908 2644 daemon
2954 2586 3152 2644 desub
3183 2586 3321 2657 ipso
3353 2591 3646 2658 tanquam

1997 2699 2070 2742 ex
2113 2685 2376 2742 mortuis
2405 2683 2531 2742 illis
2571 2684 2891 2756 respondit
2921 2682 3181 2742 dicens:
3238 2683 3643 2755 Peregrinum

1995 2783 2308 2855 quendam
2341 2784 2540 2840 habeo
2570 2796 2762 2854 super
2793 2796 2914 2851 me,
2957 2796 3078 2840 non
3112 2795 3365 2854 possum
3409 2780 3646 2839 venire.

1994 2880 2192 2938 Senex
2241 2886 2449 2938 autem
2501 2894 2622 2938 non
2666 2881 2933 2951 expavit,
2989 2879 3095 2937 sed
3144 2878 3461 2938 conﬁdens
3512 2879 3650 2936 fun-

1993 2978 2180 3036 debat
2230 2992 2463 3049 corpus
2517 2977 2699 3045 illud,
2755 2976 2969 3036 dicens
3019 2996 3032 3035 :
3083 2977 3305 3050 Surge,
3359 2976 3534 3045 vade,
3597 2976 3650 3034 si

1995 3082 2189 3148 potes.
2239 3075 2412 3142 Quod
2448 3089 2590 3132 cum
2640 3075 2982 3133 audiissent
3026 3075 3386 3139 daemones,
3421 3073 3651 3132 clama-

1993 3178 2213 3230 verunt
2261 3187 2409 3230 voce
2459 3187 2678 3243 magna
2729 3172 3002 3230 dicentes
3061 3187 3072 3228 :
3130 3171 3339 3229 Vicisti
3392 3185 3524 3229 nos.
3578 3170 3647 3230 Et

1993 3272 2282 3343 fugerunt
2329 3270 2569 3328 confusi
2601 3267 2749 3344 (11).
2791 3292 2818 3321 ››
2881 3271 3108 3327 Eadem
3143 3284 3242 3328 res
3286 3268 3349 3326 in
3397 3269 3644 3340 ApOph-

1992 3368 2320 3441 thegmatis
2376 3382 2562 3439 saepe
2616 3367 2880 3426 laudatis
2937 3368 3204 3425 habetur
3261 3363 3409 3441 (l2).
3464 3367 3646 3423 Tere-

1993 3467 2211 3526 nuthin
2266 3482 2418 3525 vero
2489 3466 2597 3524 ubi
2652 3467 2840 3523 situm
2899 3465 3109 3531 fuerit,
3170 3464 3451 3523 invenire
3521 3478 3645 3522 non

1994 3566 2188 3639 potui.

2076 3686 2104 3720 ‹‹
2149 3665 2431 3722 Narravit
2461 3666 2655 3723 abbas
2705 3665 2939 3729 Petrus,
2987 3662 3094 3734 qui
3150 3661 3265 3720 fuit
3294 3661 3645 3733 discipulus

1994 3764 2235 3822 abbatis
2275 3763 2401 3828 Lot,
2445 3745 2704 3820 dicens:
2757 3762 2937 3819 Eram
2991 3760 3327 3832 aliquando
3373 3759 3436 3818 in
3484 3759 3643 3818 cella

1993 3861 2236 3918 abbatis
2268 3860 2623 3932 Agathonis,
2676 3864 2734 3916 et
2788 3859 2952 3915 venit
2998 3858 3188 3915 frater
3244 3857 3500 3929 quidam
3559 3855 3637 3914 ad

1991 3974 2160 4027 eum,
2211 3959 2425 4016 dicens
2476 3973 2488 4012 :
2554 3957 2702 4018 Volo
2771 3956 3054 4014 habitare
3107 3969 3252 4013 cum
3320 3955 3643 4027 fratribus,

1991 4057 2097 4114 sed
2137 4055 2237 4113 dic
2269 4056 2445 4121 mihi,
2481 4054 2800 4126 quomodo
2849 4053 3127 4110 habitem
3163 4065 3307 4112 cum
3351 4051 3448 4108 iis.
3490 4050 3645 4107 Dicit

1990 4154 2046 4212 ei
2098 4169 2282 4211 senex
2329 4169 2340 4208 :
2394 4153 2566 4212 Sicut
2597 4151 2660 4210 in
2708 4151 2911 4222 prima
2964 4149 3088 4216 die,
3142 4148 3391 4221 quando
3442 4147 3642 4219 ingre-

1989 4251 2158 4310 deris
2187 4251 2263 4308 ad
2293 4265 2422 4317 eos,
2469 4250 2550 4306 ita
2578 4248 2818 4306 custodi
2855 4245 3420 4319 peregrinationem
3463 4247 3636 4304 tuam

1988 4347 2281 4407 omnibus
2310 4348 2535 4407 diebus
2583 4346 2742 4404 vitae
2771 4349 2936 4414 tuae,
2992 4358 3105 4401 nec
3151 4356 3429 4404 assumas
3477 4340 3634 4399 ﬁduv

2061 4622 2137 4692 (6)
2198 4622 2309 4677 vv.
2343 4620 2444 4673 PP.
2488 4618 2690 4673 Rosw.
2719 4617 2819 4672 11b.
2851 4616 2924 4672 v.
2955 4613 3137 4670 libell.
3168 4620 3221 4680 7,
3259 4616 3290 4668 9
3329 4628 3390 4684 p.
3426 4610 3546 4677 585,
3584 4612 3637 4666 I.

2062 4712 2138 4781 (7)
2172 4709 2414 4765 Coteler.
2436 4708 2587 4762 Eccl.
2609 4709 2812 4762 Graec.
2847 4706 3000 4759 Men.
3023 4707 3082 4759 T.
3116 4703 3137 4756 Ι
3173 4719 3231 4772 p.
3259 4703 3360 4757 530
3396 4717 3485 4772 sq.
3512 4715 3636 4756 s.v.

1990 4800 2290 4855 Macarius
2311 4801 2348 4850 Α
2365 4796 2679 4866 egyptius§
2704 4795 2771 4848 IV
2794 4811 2808 4860 ;
2837 4792 2987 4847 infra
3011 4793 3067 4846 in
3101 4791 3314 4846 harum
3335 4789 3639 4854 Quaestio-

1988 4904 2133 4943 num
2161 4886 2502 4958 Appendice
2531 4884 2715 4940 altera
2741 4883 2852 4938 sub
2885 4882 2974 4936 lll.

2058 4977 2135 5048 (8)
2160 4976 2241 5030 Cf.
2270 4975 2587 5030 Tillemont
2618 4973 2918 5026 Memoires
2947 4970 3011 5024 Τ.
3045 4969 3138 5023 VII
3165 4968 3226 5023 P.
3259 4968 3281 5022 Ι
3314 4984 3372 5037 ρ.
3405 4966 3531 5022 228.

2056 5067 2134 5137 (9)
2189 5065 2272 5118 Cf.
2331 5062 2770 5133 Apophthegm.
2822 5058 3068 5114 Coteler.
3129 5058 3173 5113 l.
3222 5057 3264 5110 Ι.
3298 5071 3358 5126 p.
3394 5059 3495 5112 539
3546 5068 3639 5125 sq.

1983 5155 2011 5226 §
2044 5154 2194 5209 XXVI
2223 5169 2234 5217 ;
2271 5152 2423 5206 infra
2452 5150 2479 5220 §
2509 5153 2595 5206 38.

2059 5243 2173 5314 (l0)
2200 5242 2281 5296 Cf.
2313 5256 2495 5311 supra
2521 5239 2548 5309 §
2574 5241 2642 5292 24
2675 5255 2727 5308 p.
2768 5241 2863 5292 I03
2897 5251 2991 5308 sq.

2057 5333 2169 5403 (Η)
2213 5333 2318 5384 vv.
2352 5329 2454 5383 pp.
2500 5330 2696 5382 Rosw.
2726 5325 2830 5380 lib.
2857 5323 2901 5380 v
2929 5322 3109 5380 libell.
3139 5323 3192 5388 7,
3222 5321 3284 5377 l0
3317 5337 3376 5390 p.
3408 5320 3532 5386 585,
3573 5317 3632 5374 2.

2060 5421 2171 5490 (l2)
2206 5418 2453 5474 Coteler.
2496 5416 2647 5472 Eccl.
2682 5417 2887 5471 Graec.
2928 5416 3079 5470 Mon.
3119 5414 3178 5466 T.
3216 5413 3235 5466 1
3279 5425 3338 5480 p.
3369 5408 3476 5464 535
3497 5424 3545 5460 s.
3579 5421 3641 5460 ν.

1987 5509 2284 5566 Macarius
2318 5508 2644 5575 Aegyptius
2674 5504 2702 5574 §
2732 5504 2842 5558 Xlll
2873 5520 2886 5569 ;
2915 5501 3070 5557 infra
3100 5500 3159 5555 in
3189 5499 3404 5553 harum
3445 5497 3638 5560 Quae-

1989 5600 2251 5656 stionum
2282 5593 2627 5669 Appendice
2657 5591 2840 5649 altera
2870 5589 2983 5646 sub
3008 5590 3098 5644 111.
3185 5635 3189 5637 .
