4092 6256
453 276 555 335 143

1309 283 1411 339 SS.
1457 281 1937 339 MACARIOBUM
1979 278 2317 335 AEGYP'I‘II
2361 280 2444 335 ET
2480 278 2979 338 ALEXANDRINI

3751 273 3867 332 144

453 409 638 465 ciam.
675 408 831 466 Dicit
868 410 924 467 ei
957 413 1151 469 abbas
1195 411 1497 469 Macarius
1546 433 1555 469 :
1607 409 1763 478 Quid
1808 409 1976 468 enim
2020 409 2106 465 fa—
2139 407 2183 458 Α
2220 408 2354 465 ritis
2398 423 2645 480 pueros,
2703 407 2899 466 tollite
2946 407 3205 465 melotes
3248 379 3501 472 vestras,
3558 412 3619 464 et
3669 395 3876 464 disce-

455 504 540 562 cit
583 505 809 564 ﬁducia
835 503 864 560 ‘?
896 508 1045 565 Dicit
1079 511 1136 566 ei
1168 525 1393 566 senex:
1443 509 1543 564 Sic
1574 513 1663 565 est
1698 507 1858 565 sicut
1905 513 2108 564 aestus
2217 508 2344 564 dite
2390 507 2536 580 (10).
2583 528 2604 559 ι
2647 507 2913 564 Eandem
2963 507 3207 562 Macarii
3259 506 3540 577 Aegyptii
3591 505 3876 577 prophe-

456 604 707 675 grandis
740 622 755 673 ;
805 606 910 677 qui
956 608 1205 678 quando
1245 607 1566 675 exarserit,
1609 619 1826 663 omnes
1871 605 2111 677 fugiunt
2221 606 2368 662 tiam
2416 606 2477 662 in
2525 604 3080 676 Apophthegmatis
3123 619 3157 660 a
3204 604 3510 661 Cotelerio
3541 603 3725 661 editis
3757 603 3878 658 de-

459 715 494 757 a
535 701 690 758 facie
738 703 892 774 ejus,
949 705 1095 776 quia
1145 710 1346 762 aestus
1392 705 1576 760 etiam
1635 706 1932 760 arborum
1985 704 2112 760 fru-

461 803 598 855 ctus
622 802 992 871 corrumpit.
1031 801 1189 858 Dixit
1226 802 1420 859 abbas
1451 801 1748 857 Macarius
1778 816 1788 855 :
1825 800 1923 857 Sic
1951 801 2112 857 mala

463 895 688 954 ﬁducia
723 904 815 956 est
864 895 893 952 ‘I
942 899 1279 972 Respondit
1326 900 1520 956 abbas
1573 898 1845 970 Agathon
1903 914 1915 952 :
1981 898 2110 955 Non

465 999 557 1050 est
601 995 778 1065 peior
808 996 1006 1053 altera
1051 996 1256 1068 passio
1300 1011 1488 1068 quam
1546 995 1812 1060 ﬁducia;
1848 995 2114 1067 genitrix

465 1095 558 1148 est
604 1092 772 1150 enim
826 1094 1109 1151 omnium
1166 1094 1547 1166 passionum.
1614 1092 1912 1150 Convenit
1966 1106 2117 1164 ergo

466 1193 751 1260 operatio
813 1193 1118 1250 monacho
1173 1206 1293 1249 non
1347 1205 1594 1249 sumere
1651 1191 1966 1256 ﬁduciam,
2023 1191 2117 1248 vel

468 1286 520 1341 si
567 1287 738 1345 solus
777 1289 855 1346 sit
903 1287 967 1345 in
1009 1290 1166 1346 cella
1211 1287 1320 1364 (1).
1384 1309 1412 1343 n
1470 1289 1595 1346 Hoc
1649 1289 1982 1360 Agathonis
2025 1301 2118 1344 re-

472 1400 773 1458 sponsum
817 1386 993 1443 fratri
1033 1385 1245 1444 datum
1291 1387 1478 1444 etiam
1514 1387 1574 1442 in
1618 1386 1782 1444 libro
1815 1385 1997 1443 tertio
2028 1382 2119 1459 (2)

473 1488 535 1541 et
561 1484 622 1539 in
661 1483 825 1541 libro
854 1484 1123 1554 septimo
1155 1481 1238 1557 (3)
1270 1483 1420 1555 legis
1454 1505 1469 1554 ,
1499 1483 1604 1540 sed
1646 1483 1891 1541 Macarii
1934 1483 2120 1541 verba

474 1580 536 1638 in
602 1580 752 1638 solis
829 1581 1380 1653 Apophthegmatis
1453 1597 1484 1638 a
1562 1581 1868 1639 Cotelerio
1938 1580 2123 1637 editis

475 1677 791 1736 adduntur
841 1677 944 1751 (4).
1003 1679 1169 1746 Quae
1227 1693 1302 1734 an
1355 1678 1477 1734 sint
1538 1679 1819 1748 Aegyptii
1876 1678 2120 1734 Macarii

476 1776 688 1845 verba,
725 1789 843 1832 non
886 1776 1032 1832 satis
1075 1775 1476 1847 perspicuum
1527 1782 1639 1833 est.
1690 1776 1926 1832 Etenim
1975 1777 2123 1845 Aga-
2160 1752 2201 1806 Β

477 1873 626 1931 thon
656 1873 847 1930 abbas
876 1871 917 1938 l
935 1870 1044 1940 52
1067 1874 1127 1929 in
1152 1873 1325 1932 Scete
1347 1887 1468 1930 non
1491 1874 1737 1930 videtur
1753 1873 1978 1930 vixisse
1996 1871 2081 1948 (5)
2106 1891 2119 1938 ;

479 1972 694 2028 Petrus
734 1976 939 2027 autem
991 1972 1184 2028 abbas
1225 1971 1288 2027 in
1333 1971 1588 2028 Cellulis
1639 1971 1959 2028 habitabat
2010 1968 2120 2044 (6),

480 2074 541 2126 et
589 2068 695 2125 Lot
738 2068 1102 2139 magistrum
1148 2069 1284 2125 eius
1327 2068 1388 2124 in
1442 2083 1628 2140 parva
1675 2069 1900 2139 palude
1951 2069 2128 2125 Arse-

486 2165 672 2223 noitis
701 2165 971 2236 regionis
999 2165 1239 2237 degisse
1270 2165 1612 2222 credideris
1641 2164 1750 2240 (7).

569 2284 589 2313 ‹
656 2263 862 2318 Abbas
914 2262 1218 2319 Macarius
1270 2264 1481 2320 volens
1537 2263 1849 2321 consolari
1905 2263 2128 2319 fratres

481 2361 728 2419 dicebat
776 2377 788 2417 :
837 2359 1015 2418 Venit
1056 2360 1177 2418 huc
1223 2360 1558 2433 aliquando
1589 2375 1733 2419 cum
1775 2368 1969 2418 matre
2019 2376 2129 2418 sua

479 2471 661 2530 puer,
718 2457 824 2528 qui
877 2471 912 2514 a
967 2456 1298 2514 daemonio
1363 2458 1718 2527 vexabatur,
1779 2464 1839 2515 et
1885 2459 2130 2514 dicebat

480 2553 667 2612 matri
719 2567 865 2610 suae
920 2569 931 2609 :
987 2553 1204 2625 Surge,
1267 2569 1482 2612 eamus
1532 2555 1695 2613 hinc.
1756 2555 1864 2612 Illa
1920 2561 2126 2612 autem

480 2651 731 2709 dicebat
767 2667 779 2707 :
830 2651 958 2708 Non
992 2665 1244 2722 possum
1276 2653 1540 2724 pedibus
1570 2653 1910 2710 ambulare.
1942 2653 2011 2709 Et
2040 2651 2132 2708 di-

481 2749 661 2807 cebat
686 2748 742 2804 ei
777 2749 942 2806 filius
971 2764 1121 2806 suus
1154 2767 1166 2806 :
1198 2750 1322 2820 Ego
1351 2755 1409 2806 te
1449 2755 1650 2821 porto.
1689 2751 1755 2807 Et
1789 2751 2132 2806 admiratus

480 2861 619 2904 sum
670 2846 957 2903 astutiam
1015 2847 1414 2917 daemonum,
1462 2848 1781 2919 quomodo
1824 2861 1932 2905 eos
1988 2847 2132 2903 inde

483 2944 696 3016 fugare
727 2944 975 3002 volebat
1006 2941 1114 3019 (8).
1165 2963 1194 2998 »
1253 2945 1419 3001 idem
1463 2946 1524 3002 in
1579 2945 2133 3017 ApOphthegmatis

482 3056 518 3098 a
547 3041 855 3100 Cotelerio
899 3042 1082 3099 editis
1127 3043 1390 3100 habetur
1439 3037 1547 3118 (9).
1586 3043 1711 3102 Utri
1758 3049 1964 3100 autem
2013 3043 2132 3099 Ma-

482 3139 797 3198 cariorum
847 3154 947 3197 res
988 3140 1321 3198 tribuenda
1367 3141 1466 3212 sit,
1503 3141 1783 3205 historia,
1835 3155 1994 3213 quae
2041 3155 2134 3198 se-

483 3236 719 3309 quitur,
747 3236 996 3295 indicat.

569 3355 597 3384 ‹‹
659 3334 905 3391 Dicebat
959 3336 1184 3391 iterum
1243 3335 1320 3392 de
1377 3335 1758 3393 desolatione
1808 3335 1998 3392 Scithi
2055 3335 2132 3391 ad

485 3429 704 3486 fratres
760 3448 771 3486 :
832 3431 1088 3498 Quando
1147 3431 1427 3488 videritis
1479 3431 1701 3489 cellam
1747 3432 2129 3489 aediﬁcatam

484 3526 654 3584 iuxta
706 3526 1019 3597 paludem,
1069 3527 1304 3589 scitote,
1361 3527 1506 3599 quia
1563 3543 1759 3599 prope
1817 3535 1908 3586 est
1957 3529 2132 3586 deso-

485 3623 636 3680 tatio
680 3624 916 3690 Scithi;
970 3625 1218 3695 quando
1267 3631 1473 3682 autem
1519 3626 1776 3682 arbores
1825 3625 2128 3691 videritis,

485 3721 612 3779 iam
671 3727 811 3778 ante
877 3720 1127 3779 ianuam
1189 3727 1328 3792 est;
1389 3723 1640 3794 quando
1694 3729 1900 3780 autem
1966 3724 2132 3781 vide-

558 3949 639 4019 (1)
671 3949 780 4002 VV.
814 3949 910 4002 PP.
957 3951 1151 4003 Rosw.
1188 3948 1294 4002 lib.
1345 3949 1389 4001 V
1431 3948 1610 4003 libell.
1653 3950 1740 4014 10,
1768 3951 1801 4003 8
1827 3967 1886 4022 p.
1924 3952 2044 4017 596,
2077 3954 2128 4005 2.

558 4038 636 4108 (2)
662 4037 812 4092 Ibid.
835 4037 935 4092 lib.
980 4037 1048 4091 ΙΙΙ
1083 4053 1214 4108 cap.
1255 4038 1351 4092 198
1379 4054 1436 4108 p.
1465 4039 1590 4102 529,
1626 4039 1677 4093 2.

557 4125 634 4196 (3)
662 4126 812 4180 ibid.
845 4125 956 4182 lib.
993 4126 1088 4179 Vll
1113 4142 1244 4196 cap.
1280 4126 1368 4190 42,
1407 4131 1422 4180 1
1455 4126 1671 4197 p.683,
1709 4129 1757 4182 1.

559 4215 635 4283 (4)
666 4215 910 4270 Coteler.
946 4215 1096 4270 Eccl.
1140 4217 1340 4271 Graec.
1381 4218 1530 4272 Mon.
1560 4216 1622 4270 T.
1657 4217 1677 4269 Ι
1723 4232 1780 4287 p.
1811 4217 1917 4271 372
1949 4234 2043 4289 sq.
2081 4237 2130 4272 s.

486 4319 542 4356 v.
571 4303 851 4371 Αθαιὴοη
883 4303 910 4374 §
945 4305 965 4357 Ι
999 4319 1013 4368 ;
1045 4304 1198 4358 infra
1221 4305 1275 4358 in
1304 4304 1517 4359 harum
1552 4307 1982 4369 Quaestionum
2023 4312 2133 4377 Ap-

485 4391 737 4461 pendice
769 4391 952 4445 altera
983 4390 1097 4444 sub
1124 4391 1208 4444 ιν.

564 4480 644 4548 (5)
673 4480 1008 4548 Congressu
1035 4479 1095 4533 in
1124 4481 1285 4535 Scete
1301 4478 1506 4535 habito
1537 4481 1807 4550 Agathon
1836 4482 2026 4539 abbas
2045 4501 2133 4539 ve-

486 4569 572 4624 nit
600 4568 998 4639 fratribusque
1030 4583 1150 4622 non
1182 4573 1334 4622 recte
1367 4569 1658 4624 sancitum
1687 4586 1817 4625 esse
1847 4572 2032 4639 dixit;
2061 4590 2133 4629 ex

484 4672 606 4729 quo
638 4673 773 4712 eum
807 4657 864 4711 in
896 4657 1060 4712 Scete
1086 4672 1208 4712 non
1234 4657 1536 4712 habitasse
1568 4665 1721 4715 recte
1753 4661 2014 4730 colliges.
2048 4663 2128 4719 Cf.

485 4747 722 4802 Coteler.
754 4746 902 4801 Eccl.
926 4748 1125 4802 Graec.
1151 4749 1306 4802 Mon.
1341 4749 1399 4802 '1‘.
1423 4750 1438 4801 1
1462 4765 1518 4818 ρ.
1543 4748 1646 4804 377
1679 4767 1724 4804 s.
1760 4766 1810 4804 v.
1848 4753 2131 4820 Agat/ton

481 4833 676 4906 sxw.

553 4923 630 4994 (6)
663 4922 910 4980 Coteler.
953 4923 1102 4978 Eccl.
1146 4922 1349 4978 Graec.
1385 4928 1532 4981 Mon.
1575 4929 1633 4982 T.
1671 4928 1690 4980 Ι
1727 4945 1788 4998 p.
1838 4929 1943 4982 646
1979 4946 2025 4983 s.
2073 4947 2129 4983 ν.

480 5014 695 5070 Petrus
725 5013 962 5069 Pionita
999 5014 1094 5082 §l.

551 5104 628 5174 (7)
663 5102 809 5158 Ibid.
851 5119 907 5173 p.
936 5104 1028 5157 521
1070 5119 1118 5156 s.
1152 5120 1208 5158 v.
1243 5104 1348 5160 Lot
1387 5105 1570 5161 abbas
1599 5105 1626 5177 ς
1656 5109 1695 5161 Ι.

550 5191 635 5262 (8)
663 5191 779 5248 VV.
822 5193 925 5248 PP.
979 5195 1170 5248 Rosw.
1205 5193 1307 5249 lib.
1347 5193 1586 5250 Vlibell.
1619 5199 1699 5260 18,
1735 5196 1802 5250 10
1837 5215 1892 5268 p.
1918 5197 2039 5269 638,
2085 5203 2128 5252 1.

547 5281 624 5353 (9)
679 5281 920 5337 Coteler.
957 5283 1104 5338 Eccl.
1156 5285 1355 5340 Graec.
1408 5288 1556 5340 Mon.
1605 5289 1663 5342 T.
1711 5286 1818 5357 lp.
1858 5287 1949 5342 531
1991 5306 2037 5341 s.
2071 5304 2128 5341 v.

476 5370 782 5426 Macarius
807 5373 1182 5444 Aegyptius§
1208 5373 1277 5428 Vl
1305 5392 1317 5441 ;
1342 5373 1494 5430 infra
1510 5375 1567 5428 iu
1587 5374 1800 5430 harum
1821 5377 2130 5440 Quaestio-

477 5475 622 5516 num
651 5462 993 5530 Appeudice
1025 5461 1209 5518 altera
1232 5462 1345 5518 sub
1372 5464 1468 5519 ΙΙΙ.

553 5549 664 5618 (10)
698 5549 812 5607 VV.
837 5553 941 5609 PP.
963 5553 1159 5611 Rosw.
1191 5552 1291 5608 lib.
1327 5552 1368 5607 ν
1401 5552 1578 5608 libell.
1611 5556 1700 5621 18,
1729 5555 1789 5607 11
1829 5570 1884 5624 p.
1921 5554 2039 5617 638,
2084 5556 2128 5606 1.

546 5640 658 5711 (11)
688 5640 926 5698 Coteler.
960 5641 1112 5698 Eccl.
1155 5642 1362 5699 Graec.
1414 5645 1562 5698 Mon.
1591 5642 1628 5699 Ι.
1662 5642 1705 5695 Ι.
1745 5657 1802 5714 p.
1834 5643 1931 5699 531
1980 5659 2026 5700 s.
2073 5658 2129 5698 v.

2224 703 2558 775 prehendis
2598 700 2742 774 (11).
2793 702 3104 770 Quaenam
3153 701 3347 759 Scetis
3397 700 3737 758 devastatio
3787 699 3880 756 in-

2225 806 2468 867 nuatur,
2513 816 2661 859 num
2716 803 2833 857 sub
2889 800 3073 857 Lucio
3145 801 3518 857 Arianorum
3574 799 3881 870 episcopo

2229 898 2634 956 Alexandriae
2686 898 2950 956 Macario
2993 899 3327 968 superstite
3379 897 3536 954 facta
3585 894 3732 970 (12),
3792 911 3876 952 an

2226 996 2334 1052 illa
2403 996 2838 1060 barbarorum,
2895 994 2998 1066 qui
3068 995 3312 1064 Moysen
3372 994 3662 1050 abbatem
3733 1007 3880 1049 cum

2227 1093 2411 1151 sociis
2459 1093 2849 1150 trucidarunt
2881 1089 3030 1167 (13),
3066 1107 3142 1148 an
3188 1092 3370 1148 tertia
3415 1091 3724 1163 quaedam
3774 1106 3886 1147 no-

2231 1193 2327 1249 bis
2376 1191 2706 1262 incognita,
2763 1190 3034 1247 discerni
3091 1190 3191 1246 vix
3242 1190 3488 1260 poterit.
3549 1189 3888 1247 Tillemon-

2231 1289 2353 1346 tius
2408 1290 2791 1346 invasionem
2839 1288 3254 1345 barbarorum
3303 1288 3588 1349 istorum,
3641 1301 3800 1358 quos
3852 1301 3886 1343 e

2231 1387 2664 1446 crudelissima
2751 1386 3056 1444 Mazicum
3139 1391 3317 1457 gente
3402 1385 3590 1442 fuisse
3674 1385 3887 1442 nescio

2233 1487 2463 1559 quibus
2511 1487 2585 1542 de
2633 1484 2976 1543 rationibus
3014 1484 3347 1551 existimat,
3399 1487 3566 1558 153
3605 1482 3882 1554 praedici

2235 1583 2576 1641 autumavit
2624 1581 2774 1658 (14).
2825 1585 2906 1641 Ea
2961 1589 3191 1648 autem,
3255 1595 3413 1653 quae
3470 1581 3529 1638 S.
3596 1580 3886 1652 Augusti-

2235 1697 2350 1740 nus
2423 1681 2500 1738 de
2571 1682 2826 1753 Aegypti
2903 1681 3295 1739 monasteriis
3367 1678 3698 1736 devastatis
3755 1683 3886 1734 tra-

2235 1779 2390 1836 didit
2421 1776 2574 1853 (15),
2607 1780 2726 1836 huc
2759 1795 2880 1837 non
2910 1785 3190 1850 spectare
3222 1778 3530 1834 videntur.

2313 1876 2569 1945 Quando
2619 1877 2778 1934 liber
2842 1877 3095 1949 quintus
3153 1875 3538 1946 compositus
3597 1874 3696 1944 sit,
3763 1887 3886 1930 non

2235 1975 2381 2032 satis
2431 1978 2686 2031 constat.
2739 1975 3046 2033 Laudatur
3097 1981 3302 2032 autem
3357 1989 3391 2030 a
3451 1972 3664 2029 Pliotio
3727 1967 3882 2044 (16),

2235 2080 2295 2130 et
2352 2073 2664 2144 Pelagium
2735 2073 2880 2130 libri
2945 2073 3347 2142 interpretem
3408 2070 3654 2127 saeculo
3714 2073 3887 2125 sexto

2237 2171 2483 2236 vixisse,
2543 2186 2662 2228 non
2713 2177 2948 2228 temere
2999 2171 3401 2228 coniecerunt
3452 2167 3594 2242 (17).
3643 2167 3760 2224 Sed
3809 2166 3886 2223 ad

2239 2268 2472 2325 librum
2498 2275 2740 2326 sextum
2772 2269 3127 2325 transimus.

2317 2364 2346 2440 §
2407 2367 2501 2423 34.
2579 2367 2760 2423 Libro
2836 2372 3008 2423 sexto
3067 2365 3356 2424 undecim
3422 2365 3629 2421 insunt
3697 2361 3885 2420 histo-

2240 2465 2370 2521 riae
2415 2465 2490 2521 de
2539 2464 2844 2532 Macariis,
2897 2479 3162 2536 quarum
3214 2469 3454 2534 septem
3499 2462 3574 2519 de
3625 2459 3890 2518 Macario

2243 2562 2542 2634 Aegyptio
2610 2570 2936 2633 postquam
3015 2561 3296 2632 fatigatus
3365 2560 3586 2627 oravit,
3651 2558 3890 2616 elevato

2239 2666 2299 2717 et
2372 2666 2538 2717 trans
2617 2660 2844 2716 flumen
2913 2659 3184 2716 demisso
3263 2656 3412 2733 (18),
3491 2659 3567 2713 de
3642 2656 3890 2714 duobus

2241 2757 2739 2815 adolescentibus
2846 2756 3189 2828 peregrinis
3290 2755 3582 2811 eumdem
3696 2753 3886 2810 Maca-

2242 2857 2406 2913 rium
2462 2855 2834 2912 adeuntibus
2900 2860 2960 2911 et
3013 2859 3176 2911 tanta
3244 2853 3470 2910 virtute
3538 2851 3892 2909 excellenti-

2246 2955 2362 3011 bus
2417 2950 2572 3027 (19),
2627 2953 2702 3008 de
2782 2952 3186 3009 Macariorum
3255 2965 3397 3008 cum
3469 2951 3715 3007 duobus
3778 2948 3892 3005 tri-

2170 3051 2426 3154 Cbunis
2517 3063 2846 3121 congressu
2943 3049 3181 3105 adiecta
3282 3047 3388 3104 illa
3473 3045 3893 3117 descriptione

2241 3149 2434 3206 Scetis
2473 3148 2621 3223 (20),
2675 3148 2749 3202 de
2797 3147 3011 3204 cranio
3063 3147 3327 3203 Macario
3384 3144 3683 3218 Aegyptio
3736 3158 3894 3216 poe-

2243 3261 2352 3304 nas
2395 3245 2781 3303 infernorum
2839 3250 3165 3302 enarrante
3216 3242 3364 3317 (21),
3409 3243 3485 3298 de
3517 3242 3893 3299 revelatione

2242 3345 2446 3402 eidem
2481 3344 2749 3401 Macario
2799 3343 2975 3406 facta,
3035 3342 3239 3412 ipsum
3288 3340 3577 3397 virtutem
3624 3339 3892 3396 duarum

2244 3442 2582 3498 mulierum
2639 3441 2915 3498 nondum
2965 3438 3232 3510 attigisse
3283 3436 3433 3512 (22),
3479 3438 3556 3493 de
3605 3437 3887 3494 eiusdem

2244 3539 2490 3595 Macarii
2523 3540 2716 3595 verbo
2746 3539 2910 3608 quod
2942 3537 3089 3594 dixit
3126 3538 3382 3608 Evagrio
3414 3553 3424 3590 :
3483 3536 3712 3594 Umbra
3736 3549 3897 3591 con-

2243 3640 2448 3693 tentus
2497 3641 2628 3692 esto
2686 3632 2842 3709 (23),
2891 3635 2968 3692 de
3016 3635 3294 3692 eiusdem
3345 3633 3777 3702 affirmatione,
3829 3647 3893 3688 se

2245 3735 2456 3806 viginti
2496 3733 2674 3791 annis
2725 3749 2905 3805 aqua,
2953 3747 3110 3804 pane
3163 3738 3223 3789 et
3274 3747 3493 3790 somno
3547 3730 3890 3788 satietatem

2242 3953 2546 4009 Macarius
2574 3953 2942 4023 Aegyptius§
2964 3953 3003 3998 V
3034 3968 3046 4016 ;
3072 3951 3225 4005 infra
3259 3951 3314 4003 in
3341 3949 3556 4004 harum
3591 3947 3894 4011 Quaestio-

2242 4057 2386 4096 num
2413 4044 2753 4114 Appendice
2784 4043 2966 4096 altera
3006 4041 3116 4094 sub
3146 4040 3234 4092 ΙΙΙ.

2316 4132 2428 4201 (12)
2478 4132 2560 4186 Cf.
2593 4149 2774 4202 supra
2801 4132 2828 4201 ξ
2857 4133 2889 4183 6
2928 4147 2982 4199 p.
3020 4129 3085 4183 16
3117 4145 3254 4199 sqq.
3301 4127 3420 4196 527
3460 4143 3518 4198 p.
3564 4127 3666 4180 113
3709 4131 3764 4180 et
3805 4126 3895 4181 in-

2243 4219 2332 4274 fra
2363 4221 2500 4290 Cap.
2547 4221 2658 4274 Vlll
2697 4220 2835 4285 542.

2315 4309 2426 4378 (13)
2453 4311 2528 4363 De
2558 4311 2668 4363 hac
2691 4308 2870 4364 caede
2903 4307 2975 4362 cf.
3004 4308 3127 4360 VV.
3149 4306 3254 4360 PP.
3292 4307 3483 4360 Rosw.
3505 4305 3608 4359 lib.
3638 4304 3682 4357 V
3711 4303 3893 4358 libell.

2244 4398 2329 4462 18,
2379 4397 2458 4451 13.
2515 4398 2600 4452 14.
2650 4398 2897 4454 Coteler.
2963 4396 3108 4450 Eccl.
3143 4395 3347 4450 Graec.
3379 4397 3526 4450 Mon.
3561 4395 3620 4447 T.
3657 4392 3678 4446 Ι
3707 4409 3759 4463 ρ.
3792 4391 3897 4448 553

2245 4505 2290 4540 s.
2321 4503 2370 4540 v.
2405 4488 2557 4542 diose
2578 4488 2758 4542 abbas
2785 4487 2811 4557 §
2852 4489 2913 4541 X.

2315 4577 2363 4646 (1
2383 4577 2426 4646 '1)
2461 4576 2771 4631 Tillemont
2803 4574 3104 4630 Mémoires
3145 4575 3204 4628 T.
3234 4571 3353 4626 Vlll
3392 4575 3445 4625 P.
3480 4571 3543 4624 ΙΙΙ
3574 4586 3632 4641 p.
3666 4569 3792 4637 992,
3823 4569 3895 4624 cf.

2243 4667 2300 4720 T.
2335 4667 2372 4719 X
2399 4665 2498 4719 ed.
2541 4666 2722 4719 Paris.
2752 4681 2809 4734 p.
2845 4664 2937 4718 75.
2975 4663 3100 4717 728.
3143 4663 3217 4715 De
3265 4661 3552 4715 Mazicum
3600 4664 3775 4727 gente
3821 4658 3895 4713 cf.

2244 4753 2464 4809 Pallad.
2494 4755 2630 4808 Hist.
2661 4757 2833 4808 Laus.
2869 4769 3000 4820 cap.
3036 4753 3088 4805 8.
3120 4750 3387 4805 Cassian.
3423 4749 3564 4804 Coll.
3592 4748 3658 4810 ll,
3681 4748 3740 4800 6.

2316 4844 2427 4914 (15)
2463 4845 2569 4911 Ep.
2611 4845 2700 4896 111
2765 4841 2935 4912 (alias
2991 4843 3132 4908 122),
3187 4841 3238 4894 S.
3299 4841 3544 4906 August.
3593 4838 3743 4907 Opp.
3800 4836 3894 4891 ed.

2245 4933 2433 5000 Migne
2465 4933 2527 4986 T.
2561 4932 2604 4985 ΙΙ
2631 4946 2690 5001 p.
2712 4931 2840 4984 422.

2313 5021 2429 5091 (16)
2464 5021 2611 5074 Bibl.
2640 5019 2776 5074 cod.
2806 5018 3080 5074 cxcvui.

2315 5110 2432 5179 (17)
2459 5109 2570 5162 VV.
2608 5112 2710 5163 PP.
2745 5112 2938 5162 Rosw.
2962 5106 3188 5172 Proleg.
3226 5105 3306 5158 XV
3347 5119 3404 5173 p.
3435 5104 3585 5156 XLII.

2311 5200 2430 5268 (18)
2463 5197 2576 5253 vv.
2613 5198 2713 5251 PP.
2741 5197 2936 5251 Rosw.
2967 5195 3070 5249 lib.
3108 5194 3173 5248 Vl
3208 5193 3383 5248 libell.
3422 5194 3472 5255 2,
3519 5194 3635 5259 6p.
3682 5191 3886 5253 619,2.

2315 5287 2430 5356 (19)
2461 5286 2612 5343 ibid.
2648 5285 2839 5342 libell.
2872 5285 2926 5348 3,
2960 5287 2992 5337 2
3032 5302 3094 5355 p.
3131 5283 3258 5348 651,

2314 5376 2427 5445 (ρο)
2456 5375 2604 5429 ibid.
2636 5374 2817 5429 libell.
2851 5374 2994 5439 3,15
3031 5390 3093 5443 ρ.
3125 5373 3247 5435 656,
3274 5370 3330 5424 2.

2315 5463 2425 5534 (21)
2455 5462 2606 5517 Ibid.
2642 5461 2826 5518 libell.
2867 5462 3018 5528 3,16
3049 5479 3110 5532 p.
3145 5461 3269 5522 656,
3301 5464 3331 5512 2
3366 5475 3458 5529 sq.

2317 5553 2428 5621 (22)
2460 5552 2609 5607 Ibid.
2647 5550 2831 5607 libell.
2864 5552 2915 5616 3,
2947 5556 3005 5604 17
3043 5566 3104 5620 p.
3155 5550 3356 5614 657,1.

2319 5642 2426 5712 (23)
2466 5641 2618 5697 ibid.
2658 5640 2842 5698 libell.
2880 5643 2935 5709 1,
2969 5640 3033 5694 17
3068 5654 3130 5711 p.
3166 5638 3290 5702 659,
3320 5639 3389 5701 2~
