4092 6256
270 327 367 385 HS
1857 320 2090 380 VITAE.

3559 323 3666 379 146

267 471 458 528 usque
533 468 710 512 usum
788 467 909 510 non
985 469 1118 511 esse
1194 453 1308 528 (1),
1381 456 1506 513 iam
1581 454 1902 513 recensui-
1943 450 2136 511 Anex
2183 453 2384 519 illum.
2448 455 2555 526 qui
2607 459 2888 512 mortuus
2945 454 3166 524 fuerat,
3225 451 3436 510 dicens
3493 451 3584 510 illi
3650 468 3662 506 :

267 569 397 610 mus
427 549 529 626 (2).
565 553 822 609 Ceterae
847 556 1118 623 quatuor
1145 551 1260 609 hae
1291 558 1432 609 sunt
1461 571 1472 610 :

343 670 363 700 ι
419 650 697 707 Habebat
768 649 1024 720 quidam
1094 649 1288 707 ﬁlium
1365 650 1776 722 paralyticum
1841 651 1902 707 in

257 750 548 819 Aegypto,
579 755 639 805 et
683 747 942 804 adduxit
986 762 1130 805 eum
1171 749 1248 805 ad
1293 750 1515 807 cellam
1568 749 1730 806 beati
1776 749 1902 805 Ma-

249 846 420 915 carii,
484 851 546 904 et
608 846 827 903 relicto
879 860 954 903 eo
1003 847 1077 902 ad
1125 848 1356 904 ostium
1417 849 1596 905 ﬂente
1651 846 1904 904 recessit

249 946 441 1015 longe.
523 943 882 1015 Respiciens
951 958 1099 1015 ergo
1169 959 1355 1002 senex
1412 945 1565 1002 vidit
1633 959 1901 1017 puerum

249 1044 623 1114 plorantem,
653 1047 713 1098 et
760 1041 916 1098 dixit
959 1041 1014 1097 ei
1052 1059 1063 1096 :
1099 1042 1247 1111 Quis
1294 1046 1353 1099 te
1407 1043 1662 1101 adduxit
1722 1040 1902 1103 huc?

247 1139 359 1207 Qui
391 1139 548 1195 dixit
584 1159 596 1194 :
653 1140 828 1196 Pater
859 1153 1036 1196 meus
1066 1140 1329 1210 proiecit
1361 1155 1458 1197 me
1490 1140 1590 1198 hic
1621 1146 1682 1197 et
1721 1140 1894 1198 abiit.

253 1239 318 1293 lit
357 1237 502 1294 dicit
548 1237 605 1294 ei
649 1251 834 1293 senex
881 1255 893 1295 :
930 1239 1120 1310 Surge
1174 1233 1345 1306 154
1391 1243 1448 1295 et
1498 1239 1900 1310 apprehende

249 1349 408 1391 eum.
463 1335 579 1402 Qui
625 1335 833 1391 statim
884 1350 1070 1392 sanus
1118 1336 1314 1394 factus
1367 1340 1482 1402 est,
1528 1342 1588 1393 et
1643 1348 1901 1406 surgens

239 1432 663 1504 apprehendit
716 1439 954 1503 patrem
1004 1448 1208 1500 suum,
1272 1440 1333 1490 et
1376 1434 1463 1490 sic
1505 1433 1794 1491 abierunt
1839 1434 1899 1490 in

243 1529 505 1586 domum
546 1544 720 1586 suam
760 1528 867 1604 (3).
906 1550 932 1582 υ
971 1530 1138 1588 ldem
1181 1531 1242 1588 in
1288 1532 1452 1589 libro
1500 1529 1684 1588 tertio
1718 1531 1898 1587 Besa—

240 1627 407 1684 rioni
469 1628 684 1684 abbati
742 1629 805 1685 in
861 1627 1034 1686 Scete
1088 1629 1388 1686 habitanti
1449 1628 1560 1702 (4),
1609 1630 1670 1685 in
1731 1631 1885 1699 Apo-

241 1725 676 1796 phthegmatis
728 1739 874 1783 vero
935 1741 968 1782 a
1026 1726 1336 1785 Cotelerio
1391 1727 1576 1783 editis
1634 1725 1900 1782 Macario

2019 551 2132 609 Ubi
2188 550 2276 626 (7)
2311 553 2571 624 posuisti
2630 553 2904 610 alienum
2953 550 3308 623 depositum
3340 547 3501 618 εἶρυὶ
3563 564 3671 606 re—

2014 651 2327 720 spondens
2368 650 2525 708 dixit
2563 649 2619 706 ei
2668 669 2679 706 :
2717 650 2779 706 ln
2821 649 3011 707 domo
3054 663 3190 706 mea
3234 647 3664 706 absconditum

2015 752 2106 803 est
2144 747 2260 804 sub
2332 747 2488 818 pede
2545 748 2777 805 lectuli.
2814 748 2880 804 Et
2923 749 3009 805 ait
3057 746 3146 804 illi
3199 762 3422 804 senex:
3460 745 3666 802 Dormi

2015 845 2242 902 iterum
2304 859 2500 917 usque
2546 846 2604 902 in
2661 845 2827 903 diem
2890 844 3386 902 resurrectionis.
3435 843 3669 901 Viden-

2014 947 2104 1000 tes
2145 949 2351 1000 autem
2400 943 2623 1000 fratres
2674 944 3036 1001 ceciderunt
3085 944 3159 1001 ad
3219 943 3406 1015 pedes
3461 942 3596 999 eius
3647 960 3660 1007 ;

2013 1040 2242 1112 quibus
2296 1041 2453 1098 dixit
2501 1056 2688 1098 senex
2723 1057 2734 1097 :
2769 1042 2900 1098 Non
2957 1047 3212 1113 propter
3271 1053 3370 1097 me
3431 1040 3662 1096 factum

2012 1143 2103 1196 est
2151 1140 2268 1196 hoc
2310 1157 2322 1204 ;
2364 1139 2517 1196 nihil
2571 1139 2738 1196 enim
2792 1153 2982 1208 sum;
3023 1138 3127 1196 sed
3182 1143 3439 1208 prOpter
3487 1137 3664 1194 illam

2011 1236 2261 1294 viduam
2317 1242 2376 1294 et
2431 1238 2750 1308 orphanos
2818 1237 3015 1308 ipsius
3078 1237 3221 1294 fecit
3287 1235 3445 1292 Deus
3510 1235 3669 1292 hanc

2012 1347 2168 1390 rem.
2204 1334 2331 1390 Hoc
2376 1334 2544 1391 enim
2599 1340 2690 1392 est
2747 1349 3065 1406 magnum,
3121 1333 3267 1405 quia
3333 1333 3465 1390 sine
3527 1346 3668 1403 pec-

2011 1436 2148 1489 cato
2191 1431 2324 1489 vult
2370 1433 2526 1490 Deus
2570 1447 2704 1489 esse
2746 1433 3042 1498 animam,
3078 1437 3137 1488 et
3174 1431 3222 1488 si
3267 1430 3417 1503 quid
3463 1429 3667 1502 petie-

2012 1530 2113 1602 rit,
2169 1530 2416 1602 accipit.
2477 1528 2746 1589 Veniens
2796 1536 3006 1588 autem
3075 1528 3374 1587 nuntiavit
3437 1527 3660 1585 viduae

2013 1628 2126 1693 illi,
2161 1629 2269 1686 ubi
2319 1634 2450 1686 erat
2492 1630 2651 1686 illud
2704 1629 3233 1687 commendatum.
3274 1629 3347 1684 At
3391 1627 3498 1684 illa
3550 1641 3664 1684 su-

2012 1740 2187 1783 mens
2229 1724 2399 1794 155
2434 1727 2588 1784 illud
2642 1727 2912 1784 reddidit
2956 1726 3212 1784 domino
3251 1739 3365 1783 suo
3409 1730 3471 1782 et
3509 1723 3667 1782 libe-

241 1822 556 1894 Aegyptio
586 1824 880 1881 tribuitur
912 1823 1020 1899 (5).
1059 1825 1139 1880 De
1172 1823 1378 1896 puella
1408 1825 1700 1881 similiter
1730 1838 1764 1879 a
1797 1838 1901 1895 pa—
1936 1801 1980 1856 Β
2014 1824 2168 1881 ravit
2210 1824 2370 1882 filios
2404 1839 2568 1883 suos.
2602 1825 2671 1882 Et
2713 1824 2820 1899 qui
2867 1825 3200 1882 audierunt
3250 1824 3391 1893 hoc,
3423 1821 3664 1894 gloriﬁ-

242 1920 532 1977 rentibus
578 1921 652 1978 ad
694 1921 944 1980 ianuam
990 1923 1234 1979 Macarii
1294 1922 1572 1994 Aegyptii
1625 1922 1899 1993 proiecta

238 2023 296 2074 et
327 2033 360 2075 a
382 2023 604 2075 sancto
630 2025 839 2076 sanata
867 2033 1056 2090 supra
1087 2020 1443 2077 audivimus
1474 2018 1584 2095 (6).

320 2135 350 2168 «
405 2116 664 2173 Dicebat
713 2117 906 2174 abbas
957 2117 1149 2174 Sisois
1211 2136 1224 2173 :
1279 2118 1536 2185 Quando
1593 2131 1764 2174 eram
1835 2116 1898 2173 in

242 2213 431 2271 Scithi
489 2228 640 2271 cum
696 2214 918 2273 abbate
977 2215 1261 2280 Macario,
1319 2215 1716 2272 ascendimus
1765 2228 1898 2270 me-

238 2315 369 2368 tere
425 2325 578 2368 cum
646 2325 744 2376 eo,
809 2317 1048 2382 septem
1113 2313 1385 2370 nomina.
1445 2313 1514 2369 Et
1569 2327 1713 2370 ecce
1777 2325 1899 2369 una

240 2409 424 2466 vidua
488 2409 831 2481 colligebat
884 2410 1092 2481 spicas
1140 2411 1216 2466 de
1276 2415 1412 2481 post
1471 2424 1601 2479 nos,
1661 2416 1720 2468 et
1775 2425 1898 2468 non

236 2508 519 2564 cessabat
608 2509 878 2578 plorans.
942 2507 1189 2565 Vocavit
1253 2522 1401 2580 ergo
1448 2522 1636 2565 senex
1701 2508 1900 2566 domi-

240 2619 386 2661 num
436 2604 573 2676 agri
617 2603 787 2660 illius
826 2611 885 2660 et
932 2605 1086 2660 dixit
1133 2605 1188 2661 ei
1228 2624 1238 2660 :
1274 2605 1432 2673 Quid
1482 2610 1574 2662 est
1617 2605 1898 2663 aniculae

241 2700 388 2759 huic
444 2703 620 2773 quod
649 2716 900 2771 semper
955 2701 1157 2774 plorat
1200 2699 1230 2756 ‘2
1260 2703 1371 2770 Qui
1413 2703 1569 2759 dixit
1608 2703 1664 2760 ei
1704 2702 1899 2771 :Quia

244 2800 334 2856 vir
371 2800 510 2857 eius
555 2800 775 2857 habuit
816 2799 1171 2871 depositum
1221 2801 1571 2871 cuiusdam,
1607 2806 1665 2858 et
1724 2815 1896 2859 mor-

246 2903 384 2955 tuus
431 2905 528 2954 est
573 2912 694 2953 non
743 2897 1024 2969 loquens,
1056 2903 1116 2955 et
1160 2913 1281 2955 non
1325 2898 1505 2969 dixit,
1541 2897 1646 2955 ubi
1694 2898 1899 2969 posuit

246 2993 423 3063 illud,
472 3001 534 3050 et
580 2995 709 3050 vult
760 2994 1054 3052 dominus
1104 2995 1371 3064 depositi
1426 2997 1708 3067 accipere
1760 3010 1898 3053 eam

248 3098 306 3150 et
335 3092 497 3150 ﬁlios
540 3093 677 3149 eius
720 3094 782 3148 in
827 3091 1210 3149 servitutem.
1259 3093 1329 3150 Et
1371 3093 1455 3150 ait
1497 3107 1683 3150 senex
1732 3107 1744 3147 :
1797 3094 1898 3150 Dic

248 3189 366 3262 illi,
425 3196 492 3247 ut
557 3190 762 3246 veniat
817 3190 892 3247 ad
958 3204 1091 3258 nos,
1157 3190 1263 3247 ubi
1324 3190 1776 3262 requiescimus
1835 3191 1897 3247 in

248 3294 552 3344 caumate.
589 3289 656 3345 Et
684 3301 828 3345 cum
876 3287 1166 3356 venisset,
1201 3288 1350 3344 dicit
1394 3288 1451 3345 ei
1501 3302 1685 3345 senex
1736 3305 1748 3346 :
1800 3288 1898 3346 Ut-

256 3384 406 3454 quid
451 3399 696 3456 semper
743 3384 950 3456 ploras
978 3384 1197 3452 c[Quae
1241 3386 1370 3442 ait:
1411 3386 1514 3442 Vir
1559 3400 1734 3442 meus
1779 3385 1896 3442 de-

263 3473 507 3535 functus
543 3486 654 3552 est,
697 3482 1006 3554 accipiens
1050 3481 1554 3539 commendatum
1607 3481 1893 3550 alicuius,

254 3582 314 3634 et
342 3591 462 3634 non
499 3577 651 3635 dixit
690 3582 982 3649 moriens,
1016 3580 1122 3638 ubi
1172 3581 1376 3652 posuit
1420 3581 1601 3637 illud.
1637 3581 1704 3638 Et
1738 3580 1897 3638 dixit

248 3675 304 3732 ei
362 3690 588 3733 senex:
625 3677 794 3744 Veni,
829 3685 888 3735 et
945 3678 1200 3736 ostende
1249 3678 1430 3735 nobis
1486 3678 1891 3749 sepulchrum

248 3772 363 3830 viri
426 3775 536 3832 tui.
603 3776 670 3832 Et
725 3776 1060 3848 assumptis
1117 3790 1328 3834 secum
1385 3775 1682 3833 fratribus
1740 3774 1895 3832 abiit

242 3886 385 3928 cum
421 3886 516 3929 ea.
553 3873 622 3931 Et
659 3888 804 3932 cum
845 3874 1158 3931 venissent
1194 3874 1266 3930 ad
1308 3874 1537 3943 locum,
1573 3874 1683 3931 ubi
1731 3872 1894 3944 posi-

239 3972 334 4027 tus
378 3975 538 4036 erat,
589 3970 748 4028 dixit
793 3971 870 4028 ad
914 3971 1089 4028 illam
1141 3985 1326 4029 senex
1380 3986 1392 4025 :
1449 3970 1692 4029 Recede
1749 3970 1894 4028 hinc

239 4069 302 4125 in
343 4069 608 4126 domum
649 4071 841 4126 tuam.
878 4069 946 4126 Et
988 4069 1313 4128 orantibus
1351 4069 1475 4126 illis
1517 4068 1756 4127 vocavit
1802 4083 1892 4126 se-

306 4288 387 4355 (1)
430 4285 549 4339 vv.
595 4286 692 4340 PP.
721 4288 913 4341 Rosw.
949 4286 1050 4344 lib.
1089 4287 1175 4340 v1.
1209 4286 1464 4354 111)θ11.4,
1492 4289 1638 4358 18ρ.
1674 4291 1777 4343 659
1800 4303 1890 4358 sq.

304 4377 384 4445 (2)
439 4375 526 4430 Cf.
562 4391 747 4445 supra
797 4379 822 4443 §
872 4375 937 4430 32
998 4391 1054 4446 p.
1090 4376 1192 4429 146
1223 4396 1236 4441 ;
1272 4376 1371 4431 143
1425 4393 1557 4447 sqq.
1589 4388 1660 4450 ;§
1708 4378 1776 4431 24
1820 4393 1884 4447 p.

235 4463 338 4517 103
371 4481 463 4535 sq.
504 4467 666 4531 ;§28
700 4481 758 4534 p.
796 4466 894 4520 118
924 4483 935 4531 ;
970 4465 1077 4531 532
1107 4481 1163 4535 p.
1204 4467 1292 4519 141
1321 4481 1411 4536 sq.
1443 4482 1456 4530 ;
1487 4470 1583 4521 136
1612 4482 1700 4537 sq.
1731 4488 1749 4534 ,-
1781 4466 1897 4535 §29
1929 4499 1974 4552 D

233 4567 293 4622 ρ.
325 4555 429 4608 119
465 4573 477 4620 ;
519 4557 639 4608 120.

306 4643 384 4711 (3)
435 4641 560 4696 vv.
608 4644 703 4696 PP.
737 4644 937 4700 Rosw.
967 4642 1070 4698 lib.
1116 4642 1180 4697 vn
1221 4642 1398 4698 libell.
1433 4645 1484 4705 2,
1529 4644 1557 4694 7
1596 4657 1653 4713 p.
1689 4646 1811 4708 649,
1840 4646 1893 4700 2.

306 4730 383 4800 (4)
419 4731 569 4785 Ibid.
616 4730 715 4785 lib.
747 4731 814 4785 III
847 4747 975 4802 cap.
1009 4735 1106 4786 l22
1139 4748 1196 4802 p.
1235 4735 1358 4796 5l8,
1393 4733 1428 4784 l.

303 4821 382 4882 (5)
436 4819 685 4875 Coteler.
729 4820 877 4874 Eccl.
923 4822 1124 4875 Graec.
1174 4823 1324 4875 Mon.
1375 4823 1434 4875 T.
1485 4825 1593 4892 lp.
1633 4825 1734 4877 535
1801 4837 1889 4893 sq.

233 4924 279 4960 s.
329 4923 384 4961 v.
429 4908 740 4964 Macarius
789 4910 1118 4978 Aegyptius
1163 4911 1297 4981 §XV
1336 4926 1348 4975 ;
1388 4909 1539 4965 infra
1579 4911 1636 4965 in
1675 4912 1891 4966 harum

231 4997 674 5060 Quaestionum
716 4998 1058 5069 Appendice
1091 4997 1277 5054 altera
1303 4998 1417 5053 sub
1445 5000 1533 5053 ΙΙΙ.

299 5088 379 5153 (6)
413 5085 499 5140 Cf.
537 5095 770 5157 supra§
809 5090 865 5140 l7
898 5101 954 5155 p.
999 5090 1088 5140 60.

298 5175 379 5245 (7)
408 5174 505 5230 Sic
534 5173 707 5238 male,
727 5191 832 5245 pro
863 5175 1239 5239 dicenszllle,
1257 5177 1358 5230 ubi
1377 5192 1400 5241 ;
1422 5191 1630 5247 graece
1660 5175 1888 5247 λέγων·

229 5260 286 5313 '0
351 5261 565 5319 δεῖνα.
608 5263 696 5319 Cf.
784 5263 1029 5318 Coteler.
1092 5265 1240 5319 Eccl.
1299 5266 1502 5320 Graec.
1559 5267 1713 5321 Mon.
1768 5266 1893 5321 T.I

236 5367 292 5420 p.
323 5354 450 5408 815.

307 5446 379 5511 (8)
419 5444 528 5496 νν.
568 5441 666 5495 ΡΡ.
717 5443 908 5496 Rosw.
961 5441 1062 5497 lib.
1126 5443 1191 5495 VI
1238 5442 1417 5497 libell.
1477 5443 1530 5506 2,
1587 5446 1616 5497 8
1666 5460 1722 5513 p.
1769 5447 1890 5511 649,

239 5533 268 5582 2
299 5548 388 5603 sq.

306 5619 382 5685 (9)
415 5618 668 5675 Coteler.
707 5619 858 5674 Eccl.
891 5620 1096 5674 Graec.
1142 5621 1292 5673 Mon.
1339 5621 1398 5674 Τ.
1428 5619 1449 5672 Ι
1483 5635 1538 5686 p.
1586 5623 1686 5675 532
1731 5637 1783 5677 s.
1834 5636 1890 5675 v.

241 5705 542 5765 Macarius
569 5707 900 5779 Aegyptius
933 5713 958 5775 ε
991 5707 1077 5763 VlI
1111 5723 1122 5773 ;
1150 5706 1306 5764 intra
1345 5707 1406 5764 in
1445 5709 1660 5766 harum
1704 5711 1892 5774 Quae-

2010 1928 2305 1979 caverunt
2359 1923 2545 1979 Deum
2601 1920 2714 1996 (8).
2749 1943 2770 1974 ι
2809 1922 2979 1979 [dem
3012 1922 3074 1978 in
3109 1918 3667 1992 Apophthegmatis

2011 2035 2044 2076 a
2119 2019 2427 2078 Cotelerio
2496 2020 2680 2077 editis
2760 2021 3023 2078 habetur
3090 2016 3199 2094 (9).
3295 2016 3668 2075 Rosweidus

2010 2115 2166 2174 illud
2201 2123 2500 2188 «septem
2560 2118 2812 2175 nomina
2851 2139 2874 2170 ι
2921 2117 3076 2189 quid
3133 2116 3253 2173 sibi
3314 2114 3480 2186 velit,
3538 2127 3664 2172 non

2009 2213 2357 2286 intelligere
2395 2229 2461 2272 se
2501 2216 2731 2273 fatetur
2773 2213 2924 2289 (10).
2965 2215 3082 2271 Sed
3118 2229 3151 2270 e
3188 2227 3411 2285 graeco
3454 2212 3514 2270 id
3568 2213 3662 2268 fa.

2010 2311 2129 2368 cile
2168 2312 2539 2382 explicatur,
2585 2313 2691 2370 ubi
2754 2313 2904 2384 legis
2947 2333 2975 2363 «
3005 2307 3132 2360 ἑπτὰ
3175 2307 3404 2378 ὀνόματα
3442 2332 3464 2362 ι
3521 2310 3566 2368 i.
3600 2323 3656 2367 e.

2010 2414 2248 2480 septem
2304 2411 2608 2468 homines.
2668 2411 2903 2467 Etenim
2951 2423 3062 2467 vox
3119 2405 3346 2475 ὀνόματα
3398 2421 3514 2480 pro
3571 2405 3661 2455 ἄν·

2014 2504 2209 2574 θρωποι
2252 2523 2436 2580 saepe
2472 2508 2784 2580 reperitur
2830 2505 2979 2582 (11),
3015 2508 3180 2565 unde
3212 2507 3352 2566 cod.
3395 2521 3511 2562 ms.
3545 2505 3660 2563 Bo-

2010 2606 2294 2664 decensis
2347 2606 2643 2665 Bollando
2701 2611 2851 2664 teste
2915 2611 3083 2663 recte
3149 2604 3407 2677 protulit
3466 2621 3495 2655 ‹‹
3558 2617 3660 2661 se-

2012 2709 2180 2775 ptem
2234 2703 2456 2762 fratres
2500 2702 2650 2779 (l2).
2693 2723 2722 2758 »
2768 2704 2901 2761 Noli
2944 2708 3152 2760 autem
3203 2701 3444 2768 mirari,
3494 2701 3662 2773 quod

2012 2801 2312 2858 Macarius
2362 2803 2697 2873 Aegyptius
2753 2802 2944 2859 abbas
3007 2800 3233 2859 exiisse
3291 2800 3514 2872 legitur
3584 2799 3661 2857 ad

2013 2899 2394 2956 metendum.
2442 2900 2568 2957 Mos
2615 2900 2783 2956 enim
2828 2914 2949 2957 non
2999 2900 3202 2956 solum
3244 2898 3507 2955 fratrum
3552 2897 3661 2954 Se-

2011 2995 2288 3066 rapionis
2362 2997 2736 3068 presbyteri,
2806 2998 2910 3067 qui
2981 2997 3197 3052 decem
3269 2996 3397 3052 fere
3459 2993 3662 3051 millia

2013 3093 2466 3150 monachorum
2497 3095 2558 3150 in
2596 3095 2851 3164 regione
2887 3093 3214 3150 Arsenoite
3249 3093 3520 3163 regebat,
3553 3089 3660 3148 sed

2007 3190 2293 3248 omnium
2343 3205 2537 3262 paene
2589 3192 2844 3263 Aegypti
2893 3191 3348 3247 monachorum
3391 3188 3529 3253 fuit,
3591 3192 3660 3245 ut

2009 3289 2228 3346 messis
2266 3294 2549 3361 tempore
2587 3289 2662 3346 ad
2707 3288 3063 3347 metendum
3109 3302 3174 3346 se
3213 3287 3656 3356 conducerent,

2007 3389 2466 3461 mercedisque,
2541 3403 2737 3460 quum
2806 3397 3139 3459 octogenos
3217 3386 3464 3444 modios
3533 3386 3660 3442 fru-

2008 3485 2198 3544 menti
2246 3487 2387 3558 plus
2432 3489 2640 3544 minus
2681 3486 2905 3558 singuli
2964 3485 3368 3557 accepissent,
3416 3487 3658 3554 partem

2005 3583 2104 3649 iis,
2151 3599 2310 3656 quos
2372 3590 2689 3653 noverant,
2740 3584 3122 3656 pauperibus
3174 3582 3495 3652 offerrent,
3543 3595 3660 3638 nec

2005 3696 2126 3739 non
2220 3683 2654 3740 Alexandriam
2750 3697 2945 3754 usque
3035 3696 3221 3738 naves
3315 3680 3650 3748 frumento,

2004 3780 2170 3851 quod
2219 3781 2540 3851 egentibus
2583 3781 3093 3850 distribueretur,
3121 3784 3375 3836 onustas
3418 3776 3657 3848 dirige-

2005 3881 2143 3934 rent
2183 3874 2335 3951 (l3).
2385 3877 2620 3935 Pariter
2664 3891 2811 3935 vero
2855 3876 3222 3948 Spiridioni,
3272 3874 3458 3950 Cypri
3507 3873 3655 3946 epi—

2003 3989 2215 4046 scopo,
2251 3975 2376 4032 ﬁlia
2401 3975 2714 4043 defuncta,
2761 3975 2869 4032 ubi
2929 3974 3284 4045 depositum
3340 3971 3648 4044 posuerit,

2003 4085 2036 4128 e
2067 4072 2401 4144 sepulchro
2439 4072 2840 4144 respondisse
2879 4072 3146 4130 traditur
3192 4067 3346 4145 (14).

2005 4291 2264 4346 stionum
2302 4288 2641 4362 Appendice
2664 4287 2845 4343 altera
2877 4287 2988 4343 sub
3019 4287 3106 4341 lll.

2077 4381 2189 4451 (ιο)
2225 4381 2336 4435 vv.
2379 4383 2483 4434 PP.
2521 4382 2711 4433 Rosw.
2746 4377 2847 4432 lib.
2878 4377 2938 4430 v1
2969 4382 3095 4433 not.
3136 4381 3166 4431 6
3205 4391 3262 4446 p.
3310 4379 3432 4442 662,
3473 4381 3518 4429 ι.

2079 4469 2188 4539 (ll)
2222 4470 2504 4539 Exempla
2533 4467 2838 4537 congessit
2877 4465 3193 4522 Cotelerius
3222 4465 3259 4520 l.
3293 4467 3328 4518 l.
3361 4479 3419 4534 p.
3447 4467 3550 4519 814
3588 4463 3650 4518 in

2005 4565 2149 4613 nota
2174 4558 2251 4612 ad
2280 4562 2545 4616 nostram
2576 4556 2884 4611 historiam
2921 4556 3006 4625 (p.
3043 4557 3160 4619 532,
3198 4555 3286 4619 A).

2079 4648 2193 4717 (12)
2229 4652 2346 4702 AA.
2389 4647 2484 4702 SS.
2532 4645 2671 4701 Boll.
2710 4645 2840 4701 Jan.
2879 4646 2938 4698 T.
2982 4643 3000 4697 Ι
3055 4658 3119 4714 p.
3169 4642 3320 4706 l009,
3361 4647 3378 4696 l
3430 4645 3557 4697 not.
3584 4642 3649 4698 b.

2077 4734 2189 4807 (13)
2240 4736 2346 4788 VV.
2382 4737 2481 4788 PP.
2514 4738 2704 4789 Rosw.
2737 4733 2836 4787 lib.
2871 4733 2916 4786 Il
2955 4748 3088 4802 cap.
3130 4735 3188 4786 18
3222 4747 3278 4802 ρ.
3311 4735 3436 4794 476,
3470 4736 3517 4786 1.
3567 4731 3646 4786 Ct.

2003 4823 2104 4879 lib.
2155 4825 2194 4877 V
2248 4822 2423 4877 libell.
2458 4823 2543 4889 l7,
2588 4823 2657 4877 20
2679 4839 2736 4894 p.
2777 4823 2904 4890 634,
2927 4822 2977 4874 2.
3027 4821 3091 4876 In
3141 4821 3277 4875 Hist.
3332 4821 3508 4876 Laus.
3554 4819 3650 4875 ed.

2005 4915 2208 4968 Meurs.
2238 4928 2370 4982 cap.
2401 4916 2466 4966 77
2513 4914 2664 4982 Opp.
2698 4914 2904 4967 Meurs.
2937 4911 3035 4965 l.I.
3078 4925 3138 4980 p.
3183 4910 3284 4965 537
3330 4908 3651 4964 duodecim

2003 5002 2244 5056 artabas
2275 5001 2311 5055 i.
2328 5016 2380 5055 e.
2395 5002 2552 5055 circa
2567 4999 2970 5072 quadraginta
2984 4998 3218 5054 modios
3239 5015 3316 5053 un
3329 4998 3655 5070 usquisque

2003 5089 2306 5159 accepisse
2340 5089 2540 5143 fertur.
2577 5089 2688 5143 Ista
2727 5088 2902 5158 igitur
2958 5085 3290 5142 differentia
3346 5083 3655 5158 quomodo

2002 5178 2355 5248 explicanda
2404 5179 2496 5242 sit,
2532 5178 2748 5232 nescio.
2779 5179 2970 5248 Caput
3010 5191 3150 5232 vero
3191 5175 3336 5231 illud
3375 5174 3653 5230 editionis

2003 5266 2387 5330 Meursianae,
2412 5282 2601 5337 quum
2627 5267 2685 5320 in
2700 5264 2878 5321 codd.
2908 5264 3244 5320 Vindobon.
3261 5263 3650 5327 desideretur,

2005 5356 2274 5426 spurium
2303 5370 2431 5409 esse
2457 5353 2772 5410 verisimile
2794 5360 2902 5409 est.

2075 5443 2188 5514 (14)
2223 5443 2421 5499 Ruﬁn.
2487 5444 2629 5498 Hist.
2656 5443 2805 5499 Eccl.
2829 5442 2933 5499 lib.
2964 5444 2985 5497 Ι
3017 5459 3149 5513 cap.
3173 5442 3225 5505 5,
3265 5441 3360 5496 ed.
3404 5438 3572 5494 Basil.
3608 5439 3646 5490 1.

2004 5547 2064 5604 p.
2110 5533 2232 5600 218,
2282 5531 2476 5587 Ruﬁni
2525 5535 2676 5603 Opp.
2728 5533 2821 5588 ed.
2882 5531 3128 5587 Vallarsi
3178 5546 3241 5602 p.
3295 5528 3417 5583 222.
3467 5527 3653 5595 Migne

2004 5620 2218 5677 Patrol.
2258 5621 2320 5677 Τ.
2355 5620 2464 5676 XXI
2497 5637 2557 5693 p.
2598 5623 2724 5678 471.
