4092 6256
479 312 578 368 147
1351 309 1450 365 SS.
1493 305 1978 366 MACARIORUM
2016 307 2349 365 AEGYPTII
2390 306 2475 362 ET
2515 307 3010 365 ALEXANDRINI
3780 305 3880 362 148

557 460 579 492 α
631 441 807 498 Venit
852 441 1192 512 aliquando
1236 439 1428 496 abbas
1473 438 1773 496 Macarius
1827 437 1936 496 ille
1990 440 2115 496 Ae—
2147 434 2193 487 Α
2226 438 2585 495 monachus.
2648 437 2947 509 Ignoscite
3014 437 3170 496 mihi
3239 439 3462 494 fratres
3520 432 3627 510 (1).
3697 433 3868 492 Idem

468 539 718 610 gyptius
769 540 844 595 de
903 539 1090 596 Scithi
1153 539 1212 594 in
1273 543 1547 595 montem
1598 537 1830 594 Nitriae
1883 539 1945 593 in
2012 536 2114 593 die

467 637 804 694 oblationis
846 637 918 693 ad
970 635 1414 693 monasterium
1463 635 1707 692 abbatis
1751 635 2006 700 Pambo,
2055 638 2115 690 et

469 735 760 792 dixerunt
803 735 857 791 ei
903 735 1180 791 seniores
1223 731 1342 790 loci
1387 733 1559 790 illius
1605 752 1616 789 :
1672 733 1775 790 Dic
1819 733 2116 790 fratribus

471 834 731 889 verbum
795 831 1263 895 aediﬁcationis,
1321 835 1521 902 pater.
1577 832 1689 900 Qui
1751 831 1906 888 dixit
1965 831 2042 886 iis
2097 848 2110 887 :

475 931 594 1002 Ego
646 930 921 987 nondum
975 930 1168 986 factus
1215 944 1354 987 sum
1410 930 1770 1000 monachus,
1822 928 1928 984 sed
1988 927 2112 984 vidi

472 1024 827 1084 monachos.
886 1028 954 1084 Et
1008 1026 1163 1083 dixit
1216 1043 1228 1081 :
1273 1026 1536 1084 Sedente
1575 1026 1742 1083 enim
1802 1023 1974 1093 156
2016 1039 2116 1082 me

468 1125 806 1196 aliquando
849 1125 912 1181 in
957 1124 1109 1181 cella
1166 1126 1228 1180 in
1284 1124 1496 1191 Scithi,
1547 1126 1963 1196 perurgebant
2015 1137 2114 1179 me

465 1222 869 1293 cogitationes
910 1236 1084 1278 meae
1137 1222 1413 1279 dicentes
1448 1237 1459 1276 :
1493 1222 1761 1292 Surgens
1804 1222 1957 1278 vade
2000 1236 2116 1278 us—

469 1334 591 1390 que
639 1320 701 1376 in
752 1320 1090 1388 desertum,
1138 1324 1198 1376 et
1239 1320 1586 1384 considera,
1631 1318 1800 1391 quod
1845 1318 1976 1376 illic
2023 1318 2116 1375 vi-

470 1415 600 1473 des.
649 1417 716 1473 Et
767 1417 1108 1488 permansit
1154 1417 1516 1474 reluctando
1569 1417 1928 1474 huiusmodi
1979 1417 2112 1473 ani-

472 1527 612 1570 mus
673 1528 848 1571 meus
915 1528 1026 1585 per
1083 1515 1359 1586 quinque
1424 1529 1616 1572 annos
1678 1515 1891 1572 dicens
1954 1533 1965 1571 :
2033 1515 2116 1572 Ne

467 1611 624 1668 forte
684 1626 716 1667 a
781 1612 1193 1670 daemonibus
1244 1613 1323 1669 sit
1363 1613 1514 1669 haec
1575 1614 1902 1685 suggestio.
1961 1609 2114 1670 Cum

466 1723 614 1780 ergo
669 1715 1122 1780 perseverasset
1170 1710 1460 1782 cogitatio
1511 1709 1624 1767 ista
1687 1711 1750 1767 in
1807 1725 1928 1777 me,
1987 1709 2110 1767 abii

466 1808 528 1863 in
551 1821 789 1873 eremo,
819 1812 882 1864 et
925 1809 1130 1879 reperi
1179 1808 1414 1866 ibidem
1454 1813 1736 1880 stagnum
1781 1822 2111 1880 aquarum,
2153 1788 2195 1841 Β

465 1909 526 1960 et
579 1904 844 1961 insulam
900 1905 963 1961 in
1023 1906 1229 1963 medio
1272 1905 1427 1964 eius.
1480 1905 1817 1964 Veniebant
1860 1920 2115 1977 quoque

464 2001 707 2058 diversa
769 2002 1063 2059 animalia
1116 2003 1334 2071 eremi,
1397 2009 1457 2061 et
1521 2004 1817 2061 bibebant
1875 2018 1950 2060 ex
2012 2017 2108 2060 eo.

464 2098 627 2154 Inter
671 2113 830 2170 quae
869 2099 992 2156 vidi
1041 2101 1195 2158 duos
1239 2101 1525 2157 homines
1581 2102 1802 2166 nudos,
1850 2106 1906 2156 et
1958 2115 2117 2157 con—-

464 2197 719 2252 tremuit
779 2210 1010 2267 corpus
1062 2211 1271 2255 meum
1323 2213 1334 2262 ;
1387 2199 1683 2269 putabam
1727 2199 1918 2264 enim,
1967 2197 2116 2269 quia

466 2292 727 2362 spiritus
767 2299 930 2352 sunt.
981 2291 1259 2366 Cumque
1303 2295 1600 2352 vidissent
1645 2295 1733 2352 illi
1781 2310 1880 2351 me
1925 2295 2112 2366 trepi-

463 2390 734 2455 dantem,
783 2390 973 2449 locuti
1018 2399 1158 2449 sunt
1201 2392 1276 2449 ad
1323 2407 1421 2450 me
1465 2393 1739 2450 dicentes
1790 2408 1802 2449 :
1851 2392 1986 2451 Noli
2033 2393 2114 2450 ti-

462 2502 683 2557 mere;
731 2494 790 2545 et
835 2504 944 2546 nos
989 2490 1157 2546 enim
1205 2490 1489 2547 homines
1532 2505 1768 2548 sumus.
1823 2491 1952 2547 Dixi
2003 2491 2113 2546 ita-

461 2599 586 2657 que
617 2586 783 2643 illis:
822 2587 993 2644 Unde
1023 2589 1190 2652 estis.
1225 2595 1284 2645 et
1305 2589 1622 2660 quomodo
1663 2588 1725 2645 in
1772 2588 1929 2644 hanc
1974 2603 2110 2645 ere-

465 2697 636 2740 mum
669 2684 925 2741 venistis
956 2684 986 2743 εἴ
1016 2685 1127 2753 Qui
1160 2686 1452 2742 dixerunt
1491 2705 1501 2740 :
1539 2688 1615 2742 De
1652 2686 1958 2743 coenobio
1989 2685 2113 2742 fui-

466 2795 626 2847 mus,
652 2786 711 2838 et
741 2781 936 2838 factus
960 2787 1051 2839 est
1081 2783 1261 2840 nobis
1293 2798 1654 2850 consensus,
1688 2788 1747 2841 et
1771 2784 1999 2855 egressi
2016 2798 2116 2839 su-

465 2893 605 2936 mus
634 2879 775 2945 huc,
803 2894 945 2936 ecce
974 2881 1381 2953 quadraginta
1426 2882 1568 2938 anni
1616 2887 1776 2940 sunt.
1828 2882 1967 2938 Erat
2011 2896 2116 2938 au-

465 2983 586 3034 tem
616 2991 774 3034 unus
799 2991 874 3033 ex
908 2977 1058 3048 ipsis
1087 2979 1439 3050 Aegyptius,
1466 2979 1627 3038 alius
1656 2994 1804 3036 vero
1829 2979 2110 3050 Libycus.

467 3075 1004 3146 lnterrogaverunt
1061 3081 1266 3133 autem
1322 3091 1422 3134 me
1476 3084 1535 3135 et
1588 3077 1706 3149 ipsi
1764 3078 2042 3134 dicentes
2098 3094 2109 3132 :

463 3171 788 3239 Quomodo
822 3177 912 3230 est
956 3175 1244 3240 mundus,
1293 3179 1355 3232 et
1395 3175 1446 3232 si
1493 3175 1767 3232 ascendit
1813 3190 1972 3246 aqua
2017 3188 2110 3231 se-

462 3269 735 3326 cundum
769 3275 1014 3341 tempus
1056 3286 1263 3339 suum,
1297 3273 1346 3329 si
1387 3273 1574 3328 etiam
1623 3274 1808 3330 habet
1847 3272 2116 3329 mundus

463 3365 906 3422 abundantiam
983 3382 1160 3424 suam
1209 3367 1239 3425 ‘2
1293 3369 1600 3439 Respondi
1665 3369 1740 3424 iis
1798 3387 1808 3424 :
1889 3369 2108 3425 Etiam.

466 3462 629 3530 Quos
686 3468 745 3518 et
806 3478 919 3534 ego
977 3466 1350 3536 interrogavi
1411 3482 1421 3520 :
1480 3465 1807 3532 Quomodo
1861 3480 2112 3537 possum

461 3559 596 3615 ﬁeri
653 3560 992 3617 monachus
1032 3559 1062 3619 εἰ
1111 3560 1333 3618 Dicunt
1379 3563 1531 3619 mihi
1583 3582 1594 3620 :
1646 3563 1770 3618 Nisi
1823 3563 1966 3633 quis
2019 3576 2115 3618 re-

463 3656 838 3713 nuntiaverit
902 3659 1217 3724 omnibus,
1285 3674 1444 3730 quae
1510 3660 1574 3716 in
1645 3658 1880 3716 mundo
1944 3665 2109 3728 sunt,

465 3767 583 3811 non
633 3759 831 3824 potest
883 3755 1016 3811 ﬁeri
1064 3758 1427 3814 monachus.
1473 3757 1707 3826 Quibus
1750 3755 1877 3813 dixi
1930 3779 1939 3816 :
1990 3757 2112 3828 Ego

465 3850 752 3908 inﬁrmus
803 3867 942 3909 sum
996 3859 1056 3911 et
1108 3868 1230 3912 non
1287 3870 1536 3926 possum
1594 3855 1753 3911 sicut
1810 3869 1937 3912 vos.
2007 3856 2114 3913 lte-

463 3949 848 4020 sponderunt
887 3951 1043 4008 mihi
1087 3953 1187 4008 :Si
1230 3967 1348 4010 non
1400 3958 1575 4024 potes
1608 3953 1768 4011 sicut
1803 3969 1934 4021 nos,
1968 3955 2114 4012 sede

462 4047 525 4104 in
570 4047 724 4104 cella
755 4052 856 4104 tua
901 4054 960 4104 et
1006 4049 1223 4121 plange
1269 4055 1518 4122 peccata
1561 4055 1685 4108 tua.
1737 4052 2110 4124 Interrogavi

462 4157 610 4215 ergo
654 4158 759 4201 eos
803 4143 1060 4203 dicens:
1107 4146 1174 4204 In
1219 4148 1426 4204 hieme
1469 4162 1590 4206 non
1635 4149 1876 4206 sentitis
1919 4146 2116 4222 frigus

463 4245 569 4297 aut
611 4242 674 4297 in
719 4247 947 4299 aestate
991 4258 1113 4302 non
1159 4245 1510 4304 incenditur
1554 4261 1784 4318 corpus
1837 4256 2112 4305 vestrum

465 4338 526 4394 in
569 4343 852 4396 caumate
879 4338 908 4396 ἒ)
938 4341 1011 4396 At
1052 4341 1143 4398 illi
1182 4341 1510 4401 dixerunt:
1552 4345 1703 4401 Deus
1748 4344 1890 4404 fecit
1932 4345 2114 4403 nobis

2227 535 2288 590 in
2397 535 2950 608 Apophthegmatis
3041 535 3328 594 Cotelerii
3424 532 3663 604 reperis
3763 530 3873 606 (2).

2229 633 2456 690 Pambo
2500 633 2789 690 abbatem
2833 647 2977 691 cum
3022 632 3346 691 monachis
3381 632 3510 690 suis
3554 630 3616 687 in
3663 633 3872 686 monte

2225 729 2457 786 Nitriae
2536 731 2872 798 habitasse,
2956 731 3126 789 testis
3204 737 3295 788 est
3374 727 3679 787 Palladius
3765 725 3876 801 (3).

2226 828 2360 885 Duo
2401 828 2492 885 illi
2540 829 2827 886 monachi
2875 829 3121 887 fuerunt
3166 844 3200 885 e
3251 841 3477 901 genere
3530 825 3872 883 anachore-

2224 932 2451 998 tarum,
2499 941 2768 998 quorum
2812 927 3000 984 vitam
3044 942 3233 998 supra
3276 924 3724 997 descripsimus
3770 921 3877 998 (4).

2233 1021 2398 1092 157
2447 1025 2891 1082 Monachorum
2930 1031 3140 1082 autem
3182 1039 3337 1094 esse,
3367 1023 3583 1080 sedere
3620 1020 3681 1077 in
3721 1019 3883 1077 cella

2224 1127 2284 1178 et
2335 1122 2565 1180 deﬂere
2598 1128 2847 1193 peccata
2875 1138 3007 1192 sua,
3073 1122 3280 1194 ipsum
3334 1121 3620 1179 docuisse
3687 1118 3882 1175 Maca-

2227 1219 2392 1277 rium
2428 1221 2836 1292 cognovimus
2865 1219 2970 1293 (δ).

2313 1337 2335 1368 ι
2382 1318 2556 1374 Venit
2603 1317 2859 1390 quidam
2902 1319 3263 1376 adolescens
3302 1317 3379 1374 ad
3420 1315 3713 1372 abbatem
3761 1313 3884 1371 Ma-

2226 1416 2489 1476 carium.
2526 1421 2592 1472 ut
2629 1421 2953 1474 sanaretur
3010 1432 3044 1472 a
3078 1414 3431 1473 daemonio.
3471 1411 3542 1469 Et
3581 1412 3731 1470 dum
3776 1426 3881 1468 es-

2227 1520 2317 1571 set
2360 1513 2511 1571 foris
2568 1519 2754 1583 stans,
2794 1529 2936 1571 ecce
2976 1513 3224 1571 advenit
3265 1513 3523 1585 quidam
3575 1511 3764 1568 frater
3803 1509 3882 1567 de

2227 1610 2350 1667 alio
2424 1610 2800 1669 monasterio
2874 1616 2934 1668 et
3001 1609 3342 1668 concubuit
3417 1609 3480 1664 in
3554 1611 3878 1678 peccatum

2226 1721 2370 1765 cum
2425 1708 2820 1766 adolescente
2888 1708 3020 1766 illo.
3092 1708 3384 1779 Egressus
3436 1711 3642 1763 autem
3690 1717 3878 1762 senex

2226 1806 2425 1864 cernit
2481 1807 2736 1864 fratrem
2789 1806 2970 1864 illum
3015 1811 3373 1877 peccantem
3422 1817 3565 1861 cum
3615 1801 3876 1874 parvulo

2226 1904 2359 1969 illo,
2403 1911 2463 1961 et
2516 1918 2637 1961 non
2682 1918 2825 1962 eum
2884 1902 3227 1974 increpavit
3279 1901 3536 1959 dicens:
3572 1900 3632 1957 Si
3698 1900 3876 1967 Deus,

2225 2003 2332 2073 qui
2389 2002 2716 2073 plasmavit
2763 2016 2891 2066 eos,
2940 2001 3157 2059 videns
3210 1999 3572 2071 patientiam
3629 1998 3693 2056 in
3747 1997 3875 2054 illis

2225 2099 2465 2169 habuit,
2526 2100 2657 2170 qui,
2729 2100 2780 2156 si
2864 2101 3065 2164 vellet,
3131 2097 3489 2155 incenderet
3559 2110 3685 2158 eos,
3752 2108 3867 2165 ego

2225 2197 2364 2268 quis
2390 2211 2551 2262 sum,
2586 2197 2692 2268 qui
2721 2211 2976 2268 arguam
3011 2211 3120 2254 eos
3157 2194 3237 2263 (6)
3271 2191 3300 2252 εἲ
3331 2215 3355 2248 »
3398 2194 3592 2252 Huius
3631 2191 3832 2249 facino

2228 2293 2313 2350 ris
2343 2297 2535 2351 ceteri
2567 2295 2766 2352 fontes
2806 2295 3177 2351 memoriam
3210 2308 3333 2351 non
3363 2291 3615 2351 faciunt.

2306 2392 2470 2449 Libri
2554 2393 2708 2450 sexti
2779 2393 3089 2463 interpres
3163 2391 3390 2447 latinus
3455 2395 3548 2447 est
3615 2388 3874 2450 Ioannes

2225 2489 2664 2556 subdiaconus,
2722 2504 2912 2562 quem
2983 2488 3239 2563 Pelagii,
3303 2485 3662 2557 interpretis
3730 2483 3880 2542 libri

2224 2586 2451 2657 quinti,
2510 2589 2838 2660 aequalem
2894 2587 3081 2644 fuisse
3135 2586 3491 2644 existimant
3541 2580 3649 2658 (7).
3708 2582 3872 2640 Sexti

2225 2699 2477 2756 quoque
2532 2685 2677 2742 libri
2730 2690 2966 2742 textum
3020 2698 3310 2756 graecum
3369 2681 3620 2740 Photius
3671 2680 3876 2738 laudat

2229 2780 2339 2856 (8)-

2307 2877 2336 2955 ξ
2382 2881 2479 2936 35.
2513 2879 2696 2938 Libro
2744 2881 3014 2952 septimo
3057 2895 3164 2938 sex
3212 2879 3291 2936 de
3340 2876 3621 2935 Macariis
3678 2876 3882 2934 conti-

2230 2983 2452 3035 nentur
2505 2977 2822 3047 historiae,
2855 2979 3149 3051 equibus
3203 2984 3407 3035 tamen
3461 2975 3600 3032 novi
3653 2987 3874 3044 parum

2227 3075 2548 3144 discimus,
2596 3091 2792 3148 quum
2837 3091 2960 3134 una
3004 3077 3137 3134 sola
3183 3081 3439 3149 excepta
3482 3085 3704 3131 omnes
3755 3072 3881 3129 iam

2228 3175 2749 3232 recensuerimus.
2794 3174 3089 3231 Narratur
3123 3171 3291 3229 enim
3327 3172 3405 3228 de
3444 3167 3696 3227 diabolo
3746 3168 3878 3225 [νει-ψ

2226 3277 2350 3328 tres
2378 3272 2678 3329 invisente
2710 3278 2896 3343 atque
2935 3271 3200 3329 Macario
3234 3270 3534 3341 Aegyptio
3570 3282 3636 3325 se
3669 3266 3877 3325 solum

2228 3388 2256 3422 α
2296 3370 2699 3441 Theopistum
2748 3389 2776 3423 υ
2813 3370 3088 3427 amicum
3129 3369 3361 3426 habere
3403 3365 3728 3437 proﬁtente
3761 3364 3877 3439 (9),

2224 3465 2301 3521 de
2347 3467 2500 3530 fure.
2537 3482 2724 3539 quem
2768 3468 2937 3525 idem
2995 3465 3297 3524 Macarius
3341 3464 3403 3522 in
3454 3464 3611 3520 cella
3657 3463 3881 3533 depre—

2225 3563 2437 3620 hendit
2462 3561 2613 3638 (IO),
2649 3565 2725 3622 de
2766 3566 3018 3622 diabolo
3047 3564 3178 3622 sola
3208 3563 3382 3620 illius
3422 3561 3773 3619 humilitate
3813 3575 3880 3616 se

2224 3661 2385 3717 vinci
2439 3662 2662 3719 latente
2713 3660 2863 3739 (Il),
2917 3663 2992 3719 de
3057 3661 3306 3726 Cronio,
3362 3660 3470 3731 qui
3542 3659 3604 3715 in
3676 3656 3878 3729 Pispir

2221 3759 2527 3816 coenobio
2586 3760 2920 3818 Macarium
2981 3758 3230 3818 Antonii
3299 3757 3657 3815 ministrum
3728 3769 3878 3812 con-

2222 3857 2388 3913 venit
2428 3855 2575 3932 (I2),
2606 3857 2685 3914 de
2711 3858 2957 3916 Macarii
2995 3856 3277 3929 Aegyptii
3322 3852 3732 3927 expositione,
3765 3867 3881 3910 cur

2224 3955 2651 4013 recordatione
2715 3958 3024 4014 malorum
3091 3970 3126 4012 a
3173 3954 3427 4011 diabolo
3495 3951 3880 4009 inﬂictorum

2223 4054 2568 4112 memoriae
2609 4070 2730 4112 non
2777 4069 3111 4112 noceamus
3158 4048 3306 4127 (l3).
3342 4051 3638 4120 Superest
3690 4047 3880 4120 igitur

2223 4153 2352 4210 sola
2381 4153 2531 4209 haec
2565 4153 2822 4210 historia
2853 4169 2866 4208 2

2309 4270 2330 4302 ι
2366 4249 2588 4308 Beatus
2617 4250 2918 4308 Macarius
2961 4249 3159 4308 dixit:
3197 4248 3262 4306 In
3312 4248 3567 4306 veritate
3615 4244 3666 4302 si
3715 4243 3876 4300 facta

2221 4352 2310 4404 est
2350 4347 2658 4407 monacho
2725 4344 2898 4416 158
2950 4346 3266 4419 despectio
3314 4345 3491 4418 quasi
3533 4344 3689 4414 laus,
3714 4355 3882 4413 pau-

463 4434 621 4491 hanc
664 4435 1218 4508 dispensationem,
1266 4445 1331 4497 ut
1374 4455 1576 4511 neque
1631 4441 1694 4498 in
1748 4442 1953 4501 hieme
2007 4445 2110 4501 fri-
2148 4490 2189 4544 υ
2223 4451 2427 4518 pertas
2467 4446 2626 4503 sicut
2663 4446 2912 4512 divitae,
2949 4445 3157 4518 inepia
3201 4444 3361 4502 sicut
3411 4441 3658 4514 epulae,
3714 4453 3884 4497 nun-

462 4547 574 4605 gus
636 4548 838 4605 neque
899 4539 1127 4593 aestate
1187 4539 1475 4595 ardorem
1534 4541 1893 4600 sentiamus.
1943 4543 2113 4601 Ideo-

463 4645 586 4702 que
629 4629 757 4687 dixi
804 4632 1001 4698 vobis,
1049 4634 1197 4706 quia
1240 4649 1354 4706 ego
1397 4637 1679 4695 nundum
1725 4639 1919 4698 factus
1973 4656 2110 4699 sum

537 4776 616 4846 (I)
668 4778 776 4831 VV.
807 4778 906 4831 PP.
943 4781 1135 4834 Rosw.
1174 4780 1274 4836 lib.
1339 4783 1401 4837 VI
1429 4781 1602 4839 libell.
1638 4790 1690 4851 3,
1738 4791 1770 4842 4
1810 4805 1866 4858 ρ.
1897 4788 2024 4858 653,
2058 4790 2109 4843 1.

536 4865 617 4937 (2)
662 4866 901 4922 Coteler.
938 4869 1086 4923 Eccl.
1121 4871 1324 4926 Graec.
1359 4874 1506 4930 Mon.
1544 4876 1601 4932 T.
1646 4875 1665 4929 Ι
1718 4893 1776 4947 p.
1821 4880 1922 4933 5'26
1949 4897 1994 4931 s.
2052 4895 2109 4932 v.

463 4955 1102 5026 MacaﬁusAegyptius
1127 4966 1151 5028 ε
1176 4961 1222 5014 II
1257 4977 1270 5026 ;
1313 4962 1463 5018 intra
1484 4963 1543 5018 in
1569 4965 1783 5021 harum
1813 4969 2112 5032 Quaestio-

463 5061 610 5101 num
643 5047 984 5116 Appendice
1018 5048 1200 5106 altera
1232 5051 1346 5105 sub
1388 5053 1478 5107 IIl.

537 5135 614 5202 (3)
654 5135 798 5191 Hist.
838 5137 1007 5193 Laus.
1041 5137 1134 5194 ed.
1170 5141 1380 5195 Meurs.
1410 5158 1544 5212 cap.
1600 5146 1668 5200 12
1723 5146 1873 5216 Opp.
1904 5149 2111 5202 Meurs.

462 5223 500 5279 l.
535 5225 576 5280 I.
610 5241 669 5295 p.
702 5225 826 5291 373,
855 5228 878 5279 1
911 5243 1043 5298 sqq.

537 5311 614 5381 (4)
639 5312 721 5368 Cf.
765 5329 947 5384 supra
978 5325 1002 5384 §
1027 5315 1059 5369 3
1085 5331 1140 5386 p.
1168 5317 1204 5371 4
1242 5333 1332 5388 sq.

537 5402 613 5472 (5)
657 5403 848 5472 Supra
879 5403 997 5468 532
1024 5421 1080 5476 p.
1119 5407 1237 5462 143.

532 5491 610 5562 (6)
693 5493 796 5546 vv.
870 5495 964 5547 pp.
1021 5497 1219 5551 Rosw.
1283 5497 1384 5555 lib.
1447 5501 1510 5554 v1
1563 5501 1742 5558 libell.
1799 5504 1847 5567 4,
1919 5505 1986 5560 34
2056 5520 2112 5574 p.

463 5579 587 5645 661,
609 5581 650 5634 Ι.
676 5597 767 5652 sq.

534 5668 614 5740 (7)
643 5668 796 5728 Ibid.
828 5673 1060 5745 Proleg.
1091 5675 1204 5732 XIV
1238 5677 1460 5748 p.XI.lI.

2221 4558 2408 4615 quam
2463 4545 2750 4601 moritur.
2805 4542 3194 4614 lmpossibile
3243 4546 3358 4605 est,
3411 4541 3567 4596 bene
3615 4534 3880 4596 creden-

2221 4647 2346 4698 tem
2394 4647 2454 4699 et
2496 4641 2596 4714 pie
2639 4642 2945 4699 colentem
2996 4641 3186 4697 Deum
3239 4640 3466 4696 cadere
3511 4637 3573 4693 in
3635 4633 3876 4707 passio-

2293 4792 2368 4861 (8)
2396 4791 2537 4847 Bibl.
2559 4791 2691 4846 cod.
2723 4789 2992 4846 cxcvm.

2293 4881 2369 4952 (9)
2417 4879 2530 4935 VV.
2560 4880 2663 4934 PP.
2702 4882 2888 4934 Rosw.
2922 4879 3023 4934 lib.
3054 4878 3142 4932 VII
3175 4891 3309 4948 cap.
3343 4877 3392 4941 1,
3420 4873 3452 4929 8
3479 4889 3534 4945 p.
3569 4872 3694 4933 665,
3723 4871 3777 4922 2.

2291 4969 2404 5040 (10)
2433 4969 2581 5023 Ibid.
2604 4969 2707 5023 lib.
2740 4968 2829 5022 VII
2870 4984 3004 5037 cap.
3037 4968 3088 5032 3,
3120 4971 3139 5020 1
3181 4981 3236 5035 p.
3270 4964 3396 5028 666,
3427 4965 3480 5017 2.

2293 5059 2405 5129 (11)
2432 5057 2577 5112 Ibid.
2611 5057 2716 5111 lib.
2763 5056 2854 5110 VII
2887 5072 3013 5126 cap.
3042 5055 3127 5118 13,
3159 5057 3193 5108 6
3223 5071 3276 5125 ρ.
3307 5054 3432 5118 610,
3462 5053 3516 5106 2.

2292 5148 2408 5217 (l2)
2441 5146 2590 5201 Ibid.
2627 5146 2718 5200 VII
2749 5144 3002 5214 cap.lib.
3037 5146 3120 5208 19,
3156 5145 3188 5197 3
3215 5159 3273 5214 p.
3302 5143 3427 5207 673,
3460 5143 3514 5196 2.

2293 5236 2406 5305 (13)
2472 5234 2617 5290 Ibid.
2659 5234 2759 5288 lib.
2786 5233 2877 5288 VII
2926 5249 3060 5303 cap.
3095 5232 3185 5297 37,
3212 5235 3246 5286 4
3293 5248 3353 5302 p.
3399 5231 3526 5293 681,
3569 5229 3622 5282 2.
3663 5227 3891 5280 Recen-

2223 5325 2454 5379 suimus
2505 5325 2770 5393 quinque
2814 5320 2942 5376 illas
2990 5322 3264 5376 historias
3314 5335 3494 5390 supra
3523 5320 3548 5382 θ
3577 5317 3645 5370 32
3671 5330 3730 5385 p.
3780 5311 3887 5370 133

2224 5413 2370 5486 533
2423 5429 2477 5482 p.
2534 5413 2844 5480 148;§32
2913 5411 3112 5480 p.133
3165 5409 3412 5482 sq.§33
3477 5404 3892 5478 p.148;§32

2226 5520 2283 5574 p.
2348 5501 2444 5556 I39
2494 5516 2585 5571 sq.
2627 5500 2739 5562 533
2771 5501 2968 5570 p.148
3011 5501 3176 5564 ;§25
3202 5517 3258 5569 p,
3293 5499 3397 5552 106
3418 5513 3506 5568 sq.
3541 5503 3565 5563 ε
3597 5501 3662 5554 29
3686 5513 3743 5567 p.
3785 5496 3890 5550 119

2229 5591 2344 5661 §33
2375 5606 2433 5661 p.
2466 5590 2587 5648 us.
