4092 6256
205 319 298 374 149
1776 319 2004 376 VITAE.

3503 321 3606 382 150

184 446 729 506 nemimmundam
763 449 914 506 etin
941 463 1224 508 errorem
1274 450 1650 510 daemonum
1705 447 1815 525 (1).
1855 452 1889 498 Α
1930 448 2128 506 edidit
2210 447 2362 523 (13),
2428 450 2796 509 brevissime
2858 452 3027 525 loqui
3097 455 3378 513 sufﬁciet.
3439 453 3596 514 Cum

183 547 337 603 idem
403 547 460 602 in
536 546 862 603 sententiis
937 553 1182 618 patrum
1251 549 1703 622 Aegyptiorum
1785 561 1819 604 a

178 643 481 701 Rosweido
513 640 601 718 (2)
633 649 694 700 et
724 645 787 700 in
844 646 1399 719 Apophthegmatis
1425 663 1459 705 a
1503 645 1818 705 Cotelerio

177 738 258 815 (3)
287 741 466 798 editis
495 741 796 799 occurrit.

238 838 396 906 Quae
475 838 706 898 deinde
755 841 819 898 in
881 841 1044 900 libro
1097 845 1360 916 septimo
1419 845 1496 902 de
1551 842 1817 901 Macario

160 937 514 1003 camelario,
577 939 682 1010 qui
744 939 981 996 nitrum
1042 939 1278 999 iuratus
1327 943 1424 1007 sit,
1491 941 1820 998 traduntur

159 1031 263 1109 (4),
310 1034 385 1090 ad
438 1041 734 1093 neutrum
780 1053 853 1094 ex
916 1038 1161 1105 nostris,
1225 1040 1330 1096 sed
1362 1039 1438 1096 ad
1481 1039 1817 1096 Macarium

160 1132 491 1198 iuniorem,
536 1134 637 1206 qui
688 1135 762 1191 ad
797 1151 1028 1194 annum
1071 1153 1267 1209 usque
1310 1137 1526 1194 aetatis
1575 1137 1818 1194 duode—

162 1229 524 1301 vigesimum
586 1248 811 1304 pecora
869 1240 1141 1306 paverat,
1205 1237 1494 1293 videntur
1537 1242 1819 1306 spectare

166 1326 278 1403 (ὅ).
309 1329 553 1388 Latinus
597 1337 806 1389 autem
860 1333 1171 1406 intrepres
1229 1335 1375 1393 libri
1435 1335 1683 1407 septimi
1725 1339 1816 1390 est

157 1428 509 1486 Paschasius
541 1429 859 1502 diaconus,
909 1447 1096 1504 quem
1145 1433 1333 1491 etiam
1364 1434 1614 1492 saeculo
1643 1437 1815 1490 sexto

152 1527 368 1585 vixisse
397 1529 568 1586 haud
601 1535 835 1587 temere
868 1533 1129 1589 credunt
1165 1531 1267 1607 (6).

225 1622 406 1701 $36.
497 1625 584 1682 Ex
673 1627 1100 1686 Rosweidiana
1189 1630 1554 1688 collectione
1645 1632 1813 1687 solus

1927 549 2096 608 enim
2141 547 2484 608 didacticae
2541 551 2720 622 plane
2780 549 3006 608 indolis
3063 553 3206 617 sint,
3265 558 3325 610 et
3395 569 3429 610 a
3472 554 3600 610 Pri-

1931 650 2016 708 tio
2086 649 2239 727 (14),
2283 664 2394 706 nec
2469 661 2589 705 non
2675 648 2738 704 in
2819 648 3126 707 Gallandii
3211 650 3597 708 Bibliotheca

1931 749 2015 806 PP
2041 749 2192 824 (15),
2248 748 2455 805 denuo
2485 759 2711 802 excusa
2742 746 2923 804 facile
2983 748 3372 821 evolvantur,
3405 763 3476 806 ea
3505 748 3596 804 in-

1928 853 2095 918 tegra
2151 845 2511 903 adscribere
2572 843 2913 903 noluimus.
2963 845 3272 916 Leguntur
3335 859 3484 904 vero
3529 845 3596 903 in

1929 946 2006 1001 iis
2051 945 2231 1002 effata
2291 942 2542 1000 Macarii
2604 961 2634 996 ‹‹
2673 941 2897 1013 magni,
2947 961 2976 996 υ
3011 943 3051 1000 i.
3089 958 3145 1002 e.
3182 942 3465 1016 Aegyptii
3517 943 3595 999 de

1931 1043 2310 1115 perfectione
2367 1039 2679 1103 monachi,
2727 1040 2803 1096 de
2853 1040 2986 1097 eius
3029 1041 3476 1105 consolatione,
3516 1041 3596 1098 de

1927 1141 2396 1199 conversatione
2459 1152 2603 1195 cum
2647 1138 2925 1209 senibus,
2998 1138 3074 1196 de
3159 1138 3478 1210 patientia,
3518 1139 3594 1196 de

1926 1254 2140 1297 amore
2173 1251 2343 1302 vero,
2405 1237 2481 1293 de
2541 1237 2598 1293 vi
2643 1235 2949 1293 orationis
3020 1242 3081 1293 et
3112 1236 3467 1308 patientiae,
3514 1236 3594 1293 de

1926 1336 2365 1401 taciturnitate,
2424 1335 2501 1391 de
2579 1333 2901 1391 sanctitate
2980 1333 3114 1391 sine
3194 1331 3475 1391 doctrina
3533 1339 3596 1391 et

1924 1434 2206 1494 doctrina
2268 1433 2401 1490 sine
2480 1432 2823 1497 sanctitate,
2893 1431 2970 1488 de
3063 1446 3185 1488 non
3241 1430 3592 1502 appetenda

1923 1533 2312 1605 praefectura
2357 1529 2831 1593 monachorum,
2891 1529 2969 1586 de
3028 1528 3330 1586 oratione.
3395 1531 3594 1599 Atque

1922 1632 2141 1688 eadem
2174 1630 2358 1693 iniis,
2394 1643 2557 1700 quae
2619 1627 2683 1684 in
2732 1626 3011 1684 homiliis
3063 1626 3310 1685 Macarii
3355 1626 3593 1698 Aegyp~

149 1722 605 1779 sententiarum
663 1720 1114 1798 Aegyptiorum
1167 1733 1412 1800 patrum
1456 1728 1617 1784 liber
1660 1743 1811 1785 exa—
1845 1797 1872 1800 __
1920 1728 2012 1794 tii,
2064 1726 2558 1799 deprehenditur
2606 1725 2866 1782 indoles.
2911 1725 3025 1782 Sed
3076 1724 3374 1796 quoniam
3427 1737 3593 1795 opu-

147 1818 490 1877 minandus
575 1828 779 1880 restat.
869 1823 980 1882 Ubi
1053 1825 1129 1881 de
1208 1827 1491 1884 Macariis
1541 1831 1810 1898 quatuor

141 1922 376 1974 tantum
423 1919 581 1976 locis
630 1920 916 1987 traditur,
954 1937 1225 1992 quorum
1284 1930 1407 1981 tres
1439 1924 1807 1982 sententiam

141 2016 447 2088 Aegyptii,
528 2032 641 2074 cur
684 2019 1114 2077 recordatione
1184 2021 1493 2079 malorum
1562 2037 1595 2078 a
1665 2023 1809 2079 dae-

143 2127 320 2170 mone
379 2113 768 2172 infiictorum
839 2117 1180 2174 memoriae
1261 2119 1384 2175 vim
1433 2134 1554 2176 non
1604 2118 1808 2176 laeda-

143 2225 274 2266 mus
322 2210 424 2286 (7),
483 2213 770 2270 eiusdem
830 2214 1200 2281 doctrinam,
1262 2217 1630 2274 iracundum
1683 2217 1803 2274 sibi

143 2309 338 2380 ipsum
374 2323 609 2368 nocere
638 2307 748 2386 (8),
798 2311 1100 2383 illudque,
1153 2315 1320 2386 quod
1381 2315 1567 2372 modo
1619 2316 1805 2372 audi-

145 2406 356 2471 vimus,
393 2407 639 2466 dictum
698 2408 775 2467 de
821 2411 1138 2484 monacho,
1195 2412 1468 2483 perfecto
1529 2410 1614 2487 (9)
1657 2429 1803 2485 per-

144 2505 351 2562 hibent
382 2503 553 2582 (10).
591 2505 857 2573 Quartus
881 2523 1030 2566 vero
1060 2508 1161 2567 hic
1187 2515 1276 2566 est
1326 2531 1336 2564 :

217 2621 246 2655 α
285 2603 590 2661 Dicebant
621 2618 735 2675 pro
763 2606 986 2664 abbate
1021 2607 1319 2665 Macarios
1351 2608 1610 2678 maiore,
1656 2611 1804 2682 quia

140 2701 292 2759 sicut
357 2701 522 2758 Deus
578 2703 848 2774 protegit
875 2708 1070 2768 totum
1125 2705 1426 2763 mundum
1482 2711 1542 2764 et
1602 2713 1805 2779 portat

140 2807 382 2869 peccata
437 2799 795 2865 hominum,
881 2801 963 2857 ita
1017 2807 1072 2858 et
1150 2803 1257 2860 ille
1319 2805 1495 2876 quasi
1545 2805 1803 2876 quidam

144 2896 294 2954 Deus
323 2904 616 2954 terrenus
684 2898 797 2955 fuit
841 2899 904 2956 in
967 2897 1291 2968 fratribus,
1350 2903 1640 2974 Operiens
1698 2903 1804 2960 de-

144 2993 281 3049 licta
310 2995 596 3060 illorum,
633 3001 694 3052 et
747 3011 840 3064 ea,
889 3011 1047 3067 quae
1094 2997 1342 3055 videbat
1367 2999 1456 3055 vel
1486 2999 1801 3069 audiebat,

145 3092 316 3162 quasi
348 3108 472 3149 non
508 3093 725 3150 videns
755 3099 815 3151 et
873 3109 992 3151 non
1047 3096 1307 3154 audiens
1365 3100 1511 3170 (11).
1567 3118 1594 3152 ››
1628 3098 1801 3167 Quod
1843 3140 1881 3192 Ο

150 3196 434 3247 narratur
512 3193 698 3248 etiam
767 3193 829 3248 in
915 3194 1469 3266 Apophthegmatis
1541 3201 1713 3272 159
1774 3211 1806 3252 a

152 3286 456 3346 Cotelerio
516 3289 698 3346 editis
751 3288 906 3364 (12),
949 3297 1010 3348 et
1053 3305 1196 3348 cum
1246 3291 1491 3358 ceteris,
1541 3309 1700 3365 quae
1730 3294 1806 3351 de

158 3383 423 3440 Macario
459 3386 752 3457 Aegyptio
798 3387 1083 3460 legimus,
1122 3389 1278 3446 bene
1331 3391 1641 3448 convenit.

244 3478 361 3535 Sed
416 3495 576 3538 nunc
633 3485 1164 3556 Apophthegmata
1222 3503 1254 3543 a
1321 3487 1573 3545 Possino
1648 3493 1706 3545 et
1774 3503 1809 3546 a

168 3574 476 3636 Cotelerlo
522 3580 683 3638 edita
711 3583 1137 3654 inspiciamus.

828 3682 1069 3740 CAPUT
1123 3682 1243 3739 VII.

148 3787 734 3834 APOPHTHEGMATA
781 3796 819 3834 Α
852 3794 1120 3837 POSSINO
1206 3796 1287 3837 ET
1370 3797 1408 3837 A
1453 3796 1809 3841 COTELERIO

221 3881 435 3940 EDITA,
507 3889 766 3930 INEDITA
845 3891 1137 3935 CODICUM
1211 3893 1808 3938 VINDOBONENSIUM

219 3987 550 4028 APPENDIX
564 3987 907 4030 COTELERII
924 3989 1590 4043 APOPHTHEGMATUM,
1616 3993 1810 4035 VITAE

216 4082 631 4128 SANCTORUM
678 4086 759 4126 DE
828 4086 1097 4133 SANCTIS
1160 4089 1436 4132 MACARII
1483 4089 1809 4134 AEGYPTIO

221 4182 300 4223 ET
341 4183 820 4226 ALEXANDRINO
833 4212 843 4223 .

214 4261 244 4339 Ξ
309 4268 410 4324 37.
472 4263 568 4323 De
614 4266 1172 4340 Apophthegmatis
1235 4269 1509 4340 Macarii,
1575 4285 1737 4343 quae
1773 4285 1809 4330 θ

158 4362 371 4420 codice
403 4362 656 4435 collegii
687 4364 747 4422 S.
811 4365 853 4422 I.
908 4366 1166 4424 Romani
1221 4367 1508 4427 Possinus
1567 4370 1811 4440 primus

206 4546 284 4616 (1)
318 4546 434 4600 VV.
499 4546 604 4599 PP.
639 4549 832 4602 Rosw.
862 4546 967 4602 lib.
1001 4548 1108 4603 VIII
1151 4564 1282 4620 cap.
1313 4550 1399 4616 38,
1442 4554 1473 4605 2
1498 4554 1705 4622 p.682,
1757 4553 1805 4606 1.

200 4633 278 4703 (2)
300 4635 460 4690 Ibid.
491 4634 740 4706 Aegypt.
766 4641 1006 4708 patrum
1029 4639 1353 4693 sententiae
1376 4641 1442 4692 23
1472 4657 1534 4709 p.
1572 4642 1725 4703 l003,
1755 4641 1806 4697 1.

203 4722 280 4791 (3)
308 4725 560 4778 Coteler.
601 4725 748 4778 Eccl.
783 4727 987 4781 Graec.
1053 4727 1213 4782 Mon.
1275 4730 1334 4782 Τ.
1369 4729 1388 4781 I
1424 4745 1480 4798 p.
1511 4729 1613 4784 537
1647 4749 1693 4785 s.
1752 4747 1804 4785 v.

137 4811 449 4868 Macarius
481 4813 809 4883 Aegyptius
837 4824 861 4886 ε
893 4817 975 4872 XX
1010 4835 1021 4873 :
1057 4815 1212 4874 infra
1244 4816 1304 4872 in
1346 4817 1562 4872 harum
1595 4823 1808 4883 Quaes-

142 4900 369 4956 tionum
407 4903 756 4972 Appendice
786 4903 970 4960 altera
993 4905 1106 4960 sub
1146 4906 1236 4960 III.

202 4989 282 5059 (4)
329 4992 440 5044 VV.
487 4989 592 5043 PP.
631 4993 822 5046 Rosw.
856 4992 961 5046 lib.
997 4993 1097 5047 VII
1129 5011 1264 5066 cap.
1295 4996 1381 5063 12,
1435 5000 1467 5050 2
1501 5011 1557 5066 ρ.
1591 4996 1716 5062 669,
1750 5001 1802 5052 2.

206 5078 281 5147 (5)
314 5079 462 5133 Hist.
502 5079 682 5134 Laus.
744 5081 836 5136 ed.
873 5083 1080 5137 Meurs.
1137 5099 1270 5152 cap.
1312 5082 1370 5136 I8
1409 5085 1560 5154 Opp.
1592 5087 1802 5140 Meurs.

134 5166 168 5222 l.
203 5167 242 5221 Ι.
277 5184 338 5238 p.
374 5168 513 5224 385.
552 5167 633 5223 Cf.
669 5185 854 5239 supra
886 5185 941 5240 p.
977 5171 1097 5227 105.

197 5254 271 5326 (6)
301 5259 412 5310 VV.
446 5259 546 5310 PP.
581 5259 770 5312 Rosw.
799 5259 1022 5326 Proleg.
1063 5259 1175 5313 XIII
1209 5275 1266 5329 p.
1298 5260 1488 5315 XLIII.

202 5343 279 5414 (7)
305 5345 418 5399 VV.
459 5345 563 5399 PP.
609 5349 801 5401 Rosw.
844 5352 899 5402 15
931 5364 988 5419 p.
1028 5352 1180 5417 l003,
1214 5350 1266 5402 1.

208 5432 279 5499 (8)
304 5433 458 5489 Ibid.
488 5435 556 5489 16
590 5449 648 5504 p.
690 5439 846 5499 4003,
885 5442 931 5490 ς.

209 5520 281 5590 (9)
310 5522 467 5577 Ibid.
496 5526 561 5578 23
590 5524 835 5593 p.1003,
878 5529 929 5579 2.

209 5608 313 5680 (l0)
344 5612 776 5667 Recensuimus
800 5629 901 5667 eos
918 5622 1146 5684 suprag
1171 5616 1323 5688 29p.
1352 5617 1451 5672 119
1472 5623 1496 5686 ς
1514 5617 1580 5673 33
1606 5631 1664 5687 p.
1695 5617 1799 5673 147

150 5708 226 5764 sq.
260 5699 371 5760 335
410 5717 476 5771 p.
544 5701 834 5767 157;§l7
867 5702 1018 5772 ρ.65
1067 5702 1557 5776 §32p.132§33
1595 5707 1796 5776 p.147

1919 1826 2111 1894 scula,
2144 1841 2305 1897 quae
2337 1825 2455 1880 sub
2507 1822 2754 1881 Macarii
2812 1823 3096 1896 Aegyptii
3154 1821 3408 1880 nomine
3441 1822 3594 1879 Pos-

1918 1925 2092 1982 sinus
2133 1938 2209 1980 ex
2253 1922 2474 1979 eodem
2542 1920 2760 1977 codice
2817 1921 3091 1977 Romano
3141 1918 3402 1991 protulit
3433 1916 3586 1993 (l6),

1918 2021 2158 2092 codice,
2214 2033 2403 2093 quem
2452 2019 2589 2090 ipse
2629 2017 3032 2076 Vindobonae
3086 2017 3209 2074 adii
3244 2014 3389 2091 (17),
3434 2020 3590 2074 teste

1926 2117 2098 2187 160
2133 2135 2168 2176 a
2216 2118 2504 2175 Simeone
2560 2117 2891 2187 Logotheta
2923 2113 2976 2180 (e
3029 2114 3280 2186 scriptis
3334 2112 3584 2172 Macarii

1922 2216 2225 2290 Aegyptii)
2275 2214 2611 2286 compilata
2663 2217 2826 2282 sunt,
2888 2213 3423 2284 Apophthegmata
3481 2210 3588 2267 illa

1916 2315 2106 2373 simili
2164 2313 2352 2371 modo
2404 2312 2666 2370 conﬂata
2726 2326 2858 2368 esse
2915 2325 3037 2368 non
3089 2315 3328 2367 temere
3380 2308 3586 2379 suspi-

1912 2427 2040 2471 cor.
2099 2414 2298 2483 Atque
2331 2411 2483 2468 haec
2528 2409 3059 2481 Apophthegmata
3107 2422 3249 2465 cum
3297 2406 3583 2464 versione

1914 2526 1948 2567 a
2041 2509 2222 2568 nobis
2291 2510 2581 2578 castigata
2658 2507 2822 2564 infra
2886 2505 2946 2563 in
3002 2507 3224 2563 harum
3275 2503 3586 2572 Quaestio-

1915 2623 2065 2666 num
2126 2606 2495 2679 Appendice
2544 2605 2736 2662 altera
2803 2605 2920 2661 sub
2972 2604 3015 2660 II
3078 2603 3244 2675 typis
3295 2599 3585 2672 repetivi-

1920 2721 2078 2764 mus.

1995 2804 2150 2874 5‘38.
2189 2804 2254 2860 In
2319 2800 2872 2874 Ap0phthegmatis
2923 2816 2959 2856 a
3031 2797 3340 2857 (Lotelerio
3393 2794 3582 2855 editis

1918 2901 1990 2958 de
2034 2901 2300 2960 Macario
2373 2899 2678 2973 Aegyptio
2727 2897 2842 2956 XLI
2914 2896 3226 2968 capitibns
3271 2899 3582 2965 narratur,

1915 3015 2076 3072 quae
2142 3005 2349 3056 tamen
2424 2997 2575 3054 solis
2662 2996 2878 3052 decem
2975 2995 3256 3052 historiis
3310 2991 3587 3065 exceptis

1915 3097 2127 3155 omnia
2181 3096 2304 3152 iam
2362 3093 2766 3151 excussimus.
2826 3093 3034 3164 Neque
3088 3107 3159 3148 ea
3190 3091 3355 3162 apud
3379 3088 3584 3146 Palla-

1914 3195 2114 3256 dium.
2207 3193 2270 3249 in
2363 3193 2528 3249 libro
2589 3189 2888 3259 secundo,
2961 3191 3127 3261 apud
3195 3187 3578 3257 Cassianum,

1915 3293 1982 3352 S.
2045 3291 2521 3362 Hieronymum.
2570 3287 2920 3359 Evagrium,
2982 3287 3088 3345 sed
3131 3287 3194 3343 in
3253 3286 3382 3343 sola
3421 3283 3584 3342 anti-

1917 3405 2039 3464 qua
2091 3388 2396 3446 Historiae
2451 3386 2777 3445 Lausiacae
2813 3385 3098 3442 versione
3124 3391 3183 3441 et
3213 3384 3276 3440 in
3307 3383 3426 3440 VV.
3471 3382 3578 3441 PP.

1922 3489 2101 3545 libris
2132 3484 2690 3557 deprehendimus.
2752 3483 2924 3542 Unde
2979 3481 3458 3554 compilatorem
3518 3480 3582 3537 in

1918 3599 2108 3657 opere
2179 3599 2300 3642 suo
2350 3582 2746 3654 congerendo
2803 3595 2926 3638 non
2978 3579 3280 3651 operibus
3317 3577 3584 3649 scripto-

1920 3698 2081 3748 rum,
2112 3682 2219 3740 sed
2247 3679 2632 3739 secundariis
2680 3685 2918 3736 tantum
2951 3677 3247 3742 fontibus,
3299 3675 3415 3732 VV.
3464 3675 3576 3734 PP.

1920 3781 2219 3838 nimirum
2253 3778 2452 3846 libris,
2491 3778 2766 3835 innisum
2795 3792 2927 3835 esse
2973 3780 3148 3834 certo
3203 3775 3425 3834 elucet.
3461 3771 3579 3832 Sed

1919 3880 2034 3937 hae
2062 3883 2204 3935 sunt
2231 3877 2449 3934 decem
2482 3875 2628 3933 illae
2660 3874 2960 3932 historiae
2995 3892 3008 3931 :

2001 3995 2029 4029 α
2062 3974 2281 4033 Petrus
2313 3974 2508 4032 abbas
2567 3972 2859 4038 narravit,
2931 3973 3184 4030 beatum
3216 3969 3574 4039 Macarium,

1918 4088 2114 4147 quum
2170 4071 2508 4143 aliquando
2566 4070 3005 4127 anachoretam
3055 4067 3368 4140 quendam
3413 4067 3581 4125 inve-

1919 4174 2108 4230 nisset
2192 4173 2634 4242 aegrotantem,
2728 4167 3108 4225 sciscitatum
3175 4179 3308 4223 esse
3351 4179 3429 4223 ex
3477 4178 3578 4233 eo,

1917 4269 2220 4342 quidnam
2293 4265 2420 4324 cibi
2506 4278 2755 4324 sumere
2835 4264 3034 4322 vellet.
3088 4263 3202 4333 Qui
3252 4266 3579 4334 postquam

1920 4367 2237 4442 pastillum
2270 4363 2472 4437 petiit,
2505 4364 2712 4422 virum
2741 4364 2989 4433 fortem,
3065 4375 3262 4435 quum
3317 4359 3471 4419 nihil
3512 4359 3578 4418 in

1842 4495 1887 4550 D

1917 4550 1944 4622 ς
1976 4555 2063 4607 35.

1990 4639 2102 4707 (11)
2139 4637 2248 4690 VV.
2285 4638 2382 4691 PP.
2415 4638 2612 4692 Bosw.
2648 4636 2751 4690 107
2786 4650 2842 4705 ρ.
2882 4633 3040 4698 1006,
3075 4634 3096 4688 1
3131 4649 3220 4704 sq.

1987 4727 2101 4794 (12)
2127 4725 2374 4780 Coteler.
2409 4725 2442 4778 l.
2471 4725 2513 4778 Ι.
2541 4740 2598 4795 p.
2626 4724 2717 4779 541
2757 4741 2807 4777 s.
2838 4740 2892 4778 v.
2915 4722 3214 4782 Macarius
3244 4720 3580 4792 Aegyptius

1916 4816 1944 4887 ς
1986 4815 2164 4870 XXXII
2197 4813 2389 4879 ;infra
2415 4815 2474 4869 in
2506 4813 2722 4868 harum
2754 4811 3188 4879 Quaestionum
3231 4809 3578 4884 Appendice

1917 4904 2101 4961 altera
2120 4905 2234 4959 sub
2259 4904 2354 4958 IIl.

1990 4994 2102 5065 (13)
2137 4993 2215 5047 Cf.
2249 5007 2431 5063 supra
2453 5007 2512 5061 p.
2545 4991 2611 5046 37
2644 4997 2769 5046 not.
2809 4996 2856 5044 1.

1991 5082 2216 5153 (14)(31.
2255 5097 2440 5151 supra
2467 5081 2505 5133 I.
2537 5080 2579 5133 Ι.

1989 5176 2099 5237 (15)
2128 5170 2400 5227 Galland.
2438 5169 2584 5225 Bibl.
2617 5168 2721 5222 PP.
2766 5170 2825 5225 Τ.
2856 5168 2948 5226 VII
2987 5183 3046 5239 p.
3093 5165 3198 5222 222
3233 5182 3325 5239 sq.

1991 5261 2103 5331 (t6)
2139 5259 2303 5315 Libro
2325 5276 2360 5314 a
2387 5258 2561 5314 nobis
2593 5272 2777 5328 supra
2806 5272 2862 5327 p.
2894 5260 2960 5312 37
2993 5271 3052 5311 n.
3080 5261 3100 5310 1
3149 5254 3416 5311 laudato.
3464 5253 3574 5309 Ea-

1916 5351 2056 5404 dem
2077 5348 2368 5419 opuscula
2411 5363 2621 5402 recusa
2653 5351 2796 5400 sunt
2837 5345 2953 5401 hoc
2983 5344 3175 5400 indice
3213 5361 3226 5396 :
3277 5344 3336 5399 S.
3379 5341 3578 5399 Patris

1914 5438 2173 5496 Macarii
2218 5436 2486 5508 Aegyptii
2521 5436 2830 5508 opuscula,
2875 5441 2982 5490 etc.
3020 5435 3108 5490 ed.
3159 5434 3382 5489 Pritius
3414 5432 3574 5502 Lips.

1920 5532 2052 5583 1699
2092 5532 2147 5581 et
2190 5527 2250 5580 in
2283 5525 2551 5582 Galland.
2609 5523 2759 5580 Bibl.
2805 5524 2907 5582 PP.
2940 5525 2999 5580 T.
3034 5523 3126 5576 VII
3179 5539 3239 5594 p.
3291 5522 3386 5580 161
3439 5534 3574 5590 sqq.

1985 5617 2100 5686 (17)
2133 5617 2232 5670 Est
2281 5613 2414 5670 cod.
2469 5613 2617 5670 Bibl.
2675 5616 2838 5669 Caes.
2897 5610 3156 5668 Vindob.
3225 5625 3340 5666 ms.
3394 5607 3575 5665 theol.

1914 5719 2110 5776 graec.
2165 5706 2269 5760 No.
2308 5705 2408 5759 104
2449 5702 2594 5760 olim
2643 5702 2769 5768 240,
2799 5700 2899 5759 ubi
2929 5699 3031 5758 fol.
3059 5701 3146 5767 53,
3178 5700 3390 5777 gsqq.
3431 5711 3578 5777 opu-
