4092 6256
473 292 574 350 151
1330 281 1432 338 SS.
1477 271 1965 336 MACABIORUM
2015 267 2347 325 AEGYPTII
2389 268 2477 323 ET
2518 267 3007 324 ALEXANDRINI
3783 262 3898 316 153

471 427 629 488 cella
677 425 857 489 esset,
903 414 1209 490 proficisci
1265 407 1705 470 Alexandriam
1729 418 1851 462 non
1891 399 2114 474 piguit,
2160 392 2364 454 Adam
2391 397 2594 471 diligit
2625 412 2746 469 me,
2778 401 2838 455 et
2896 396 3002 455 odi
3059 410 3240 461 eum;
3295 408 3534 467 pauper
3580 406 3730 450 vero
3759 390 3900 450 odit

472 531 539 583 ut
593 534 780 593 aegro
832 516 1116 579 afferret;
1181 524 1381 583 neque
1419 508 1578 564 mira
1626 519 1724 563 res
1796 499 2117 558 manifesta
2229 510 2351 566 me,
2380 501 2440 553 et
2468 495 2660 567 diligo
2695 510 2861 554 eum.
2915 496 3047 564 Quo
3095 493 3307 551 audito
3345 505 3635 550 sermone
3691 490 3900 547 Maca-

473 587 767 692 cuiquam
831 617 986 672 facta
1054 614 1282 684 est“).
1342 628 1370 663 »
1418 609 1494 664 De
1549 606 1724 661 Petro
1780 599 2002 656 abbate
2055 595 2120 651 in
2231 595 2362 651 rius
2391 595 2583 651 abbas
2640 594 2984 651 admiratus
3041 598 3152 650 est.
3193 592 3348 649 Tum
3392 591 3656 647 fratres:
3708 587 3894 656 Quid,

476 686 750 782 Cellulis,
804 715 907 772 Lot
939 710 1180 769 abbatis
1244 705 1577 778 discipulo,
1608 715 1799 772 supra
1837 698 2122 767 disputa-
2231 691 2542 762 inquiunt,
2596 692 2713 749 hoc
2754 691 2930 748 verbi
2983 696 3096 757 est,
3150 695 3346 762 pater,
3392 688 3561 760 quod
3613 686 3900 745 admire-

482 818 686 874 vimus
716 810 822 889 (2).
2237 790 2321 847 ris
2349 788 2379 848 εἰ
2409 789 2608 847 Senex
2660 790 2982 862 respondit
3017 808 3028 844 :
3083 788 3318 845 Revera
3344 786 3637 843 Dominus
3689 786 3908 841 noster

566 936 594 966 ‹‹
651 914 876 970 lterum
932 902 1303 963 memoravit
1359 918 1371 956 :
1433 897 1682 958 Macarii
1732 891 1941 952 abbati
1979 901 2127 961 prae
2238 888 2411 944 dives
2457 893 2568 955 est,
2616 894 2676 945 et
2705 887 2906 959 diligit
2933 902 3064 952 nos,
3115 885 3233 958 ipsi
3266 889 3469 942 autem
3518 883 3812 940 nolumus
3843 879 3906 938 ei

479 1009 716 1069 cunctis
795 1004 1090 1063 fratribus
1165 1001 1226 1057 in
1290 997 1689 1070 simplicitate
1741 984 2128 1050 conversanti
2240 986 2722 1055 obtemperare;
2759 985 3051 1043 inimicus
3093 990 3308 1042 contra
3363 988 3570 1040 noster
3619 978 3914 1038 diabolus

480 1107 776 1181 quidam:
838 1102 981 1164 Cur,
1061 1098 1372 1171 inquiunt.
1441 1095 1631 1152 talem
1693 1095 1752 1147 te
1823 1078 2133 1160 praebes?
2247 1097 2484 1155 pauper
2525 1088 2635 1150 est,
2687 1083 2942 1155 oditque
3008 1087 3236 1149 nos,et
3290 1095 3402 1138 nos
3432 1078 3757 1150 diligimus
3789 1077 3913 1133 im-

482 1174 590 1264 Ille
621 1201 980 1274 respondit:
1031 1196 1363 1256 Duodecim
1394 1193 1572 1251 annis
1609 1187 1831 1247 servivi
1876 1183 2132 1241 Domino
2247 1183 2579 1254 puritatem
2635 1182 2773 1239 eius
2801 1182 2907 1251 (7).
2966 1201 2988 1233 ι
3046 1181 3231 1253 Digna
3295 1194 3443 1237 sane
3498 1178 3651 1234 haec
3705 1174 3908 1246 expli-

484 1317 648 1368 meo,
705 1307 771 1356 ut
806 1297 958 1356 mihi
1012 1298 1170 1354 hanc
1219 1293 1552 1365 largiretur
1603 1286 1889 1360 gratiam.
1934 1288 1994 1339 et
2029 1293 2137 1336 vos
2246 1280 2428 1348 catio,
2474 1295 2634 1352 quae
2669 1281 2744 1337 ad
2773 1285 3052 1352 posteros
3081 1278 3510 1337 transferatur.

492 1412 714 1459 omnes
781 1395 936 1453 mihi
1017 1393 1349 1451 consilium
1432 1386 1610 1458 datis,
1689 1390 1757 1442 ut
1826 1382 2137 1452 deponam

489 1513 628 1555 eam
661 1493 749 1570 (3)
782 1490 812 1547 ?
842 1512 872 1546 ι)
912 1494 1071 1550 Haec
1087 1505 1233 1549 sane
1277 1502 1417 1546 cum
1451 1485 1549 1550 iis,
1583 1497 1742 1556 quae
1773 1481 1850 1538 de
1874 1475 2140 1536 Macario

493 1593 793 1667 Aegyptio
839 1593 1160 1662 hucusque
1220 1583 1664 1657 comperimus,
1712 1578 1948 1650 optime
1997 1589 2141 1632 con-

488 1692 763 1750 veniunt.

575 1811 602 1841 «
667 1789 982 1846 Proditum
1031 1790 1144 1853 est,
1202 1784 1360 1841 duos
1411 1780 1630 1838 fratres
1675 1778 1736 1834 in
1794 1775 1966 1832 Scete
1992 1770 2146 1829 deli-
2183 1773 2222 1824 Β

495 1889 728 1960 quisse.
805 1887 967 1957 Quos
1036 1897 1231 1957 quum
1286 1878 1586 1938 Macarius
1654 1880 1911 1935 πολιτίκός
1955 1871 2150 1928 abbas

487 1990 885 2058 segregasset,
942 1981 1222 2040 nonnulli
1265 1978 1600 2037 Macarium
1687 1985 1978 2043 magnum
2028 1973 2151 2028 Ae-

490 2083 774 2156 gyptium
827 2082 1116 2138 abbatem
1191 2077 1486 2134 adeuntes
1571 2074 1689 2130 hoc
1762 2069 2146 2127 nuntiarunt.

501 2183 557 2239 Is
610 2199 622 2236 :
682 2180 834 2249 Non,
895 2177 1115 2249 inquit,
1175 2177 1397 2232 fratres
1466 2177 1606 2230 sunt
1663 2168 1986 2240 segregati,
2042 2163 2149 2222 sed

503 2278 1010 2342 Macarius;nam
1039 2273 1334 2344 diligebat
1382 2285 1548 2327 eum.
1603 2266 1906 2326 Macarius
1944 2269 2149 2320 autem

507 2379 720 2445 abbas,
769 2391 801 2433 a
875 2389 1021 2432 sene
1113 2386 1178 2429 se
1249 2375 1634 2442 segregatum
1667 2379 1798 2422 esse
1855 2361 2147 2425 'audiens,

504 2475 660 2546 fugit
716 2474 789 2530 ad
843 2471 1132 2544 paludem
1191 2485 1203 2537 ;
1253 2475 1438 2538 atque
1483 2466 1587 2523 ille
1641 2462 1876 2534 reperit
1922 2472 2066 2516 eum
2120 2472 2155 2512 a

515 2571 680 2639 161
740 2571 1050 2629 culicibus
1098 2567 1500 2639 perforatum.
1559 2562 1718 2619 Cui:
1777 2561 1885 2624 Tu,
1926 2555 2149 2628 inquit,

510 2668 839 2743 segregasti
874 2668 1113 2728 fratres,
1163 2665 1356 2735 iique,
1429 2676 1592 2731 ecce,
1647 2658 1938 2716 secedere
1987 2657 2156 2726 pote-

511 2775 649 2827 rant
672 2768 735 2824 in
802 2765 1028 2822 vicum.
1092 2764 1214 2833 Ego
1263 2774 1410 2818 vero
1470 2765 1529 2817 te
1581 2755 1919 2829 segregavi,
1968 2759 2160 2823 tuque

512 2866 678 2924 velut
708 2864 969 2935 pulchra
1029 2861 1199 2931 virgo
1227 2859 1289 2916 in
1320 2859 1580 2915 interius
1631 2853 1994 2913 cubiculum
2040 2852 2162 2908 huc

513 2962 743 3035 fugisti.
813 2961 882 3017 At
937 2972 1050 3030 ego
1105 2956 1336 3015 vocatis
1389 2955 1685 3012 fratribus
1729 2950 1945 3022 didici,
2007 2946 2161 3005 nihil

512 3063 738 3120 horum
817 3059 1047 3115 factum
1117 3069 1273 3113 esse.
1347 3053 1636 3123 Prospice
1707 3050 1894 3122 igitur
1959 3053 2017 3103 et
2073 3052 2160 3111 tu,

514 3161 726 3229 frater,
782 3173 856 3215 ne
915 3172 948 3212 a
995 3154 1407 3211 daemonibus

515 3257 675 3315 nihil
720 3255 953 3324 vidisti,
1000 3253 1105 3309 sed
1157 3249 1601 3323 poenitentiam
1645 3261 1754 3319 age
1802 3259 1914 3317 pro
1942 3243 2169 3300 delicto

517 3364 646 3413 tuo.
682 3354 788 3409 Ille
819 3349 1178 3422 respondit:
1232 3348 1291 3405 Si
1352 3348 1463 3417 vis,
1522 3347 1600 3403 da
1647 3344 1802 3401 mihi
1855 3341 2169 3414 poeniten-

517 3452 696 3510 tiam.
747 3449 971 3506 Videns
1028 3449 1215 3518 igitur
1272 3460 1456 3502 senex
1511 3442 1926 3500 humilitatem
1985 3439 2165 3495 eius:

519 3549 708 3614 Vade,
746 3546 968 3617 inquit,
1005 3545 1210 3600 ieiuna
1242 3543 1442 3599 tribus
1488 3538 1920 3608 hebdomadis,
1981 3544 2173 3603 semel

521 3645 778 3719 singulis
857 3643 1271 3701 hebdomadis
1366 3639 1718 3697 comedens.
1784 3637 1944 3693 Haec
2006 3636 2174 3692 enim

521 3750 652 3804 erat
700 3742 1058 3801 exercitatio
1110 3741 1247 3796 eius
1297 3744 1614 3810 perpetua,
1663 3748 1773 3807 per
1831 3733 2176 3791 hebdoma-

524 3844 634 3902 das
663 3841 945 3898 ieiunare
993 3841 1098 3913 (4).
1157 3859 1185 3889 ››
1229 3835 1566 3895 Macarium
1625 3830 1889 3882 πολιτικόν
1919 3832 2173 3890 Alexan-

524 3941 777 4000 drinum
825 3952 958 3995 esse
1019 3950 1208 4009 supra
1260 3933 1647 3993 ostendimus
1677 3934 1779 4007 (5).
1827 3931 1983 3990 Eum
2031 3943 2177 3987 vero

525 4039 754 4097 iterum
799 4036 987 4094 aliam
1040 4036 1123 4093 ob
1163 4047 1412 4092 causam
1460 4032 1521 4089 in
1580 4031 1805 4104 palude
1863 4028 2057 4087 Scetis
2085 4043 2178 4085 se-

526 4137 696 4196 disse
726 4136 959 4193 scimus
990 4135 1096 4207 (6).

613 4257 638 4285 u
704 4233 1102 4292 Proﬁciscens
1180 4230 1518 4303 aliquando
1604 4227 1908 4286 Macarius
1986 4226 2178 4284 abbas

529 4347 672 4390 cum
704 4331 1002 4388 fratribus
1041 4344 1152 4401 per
1212 4332 1557 4400 Aegyptum
1616 4339 1883 4397 puerum
1943 4324 2179 4382 audivit

531 4429 715 4487 matri
745 4443 892 4486 suae
949 4428 1032 4484 ita
1087 4428 1490 4498 loquentem:
1545 4424 1755 4488 Mater,
1816 4422 1989 4480 dives
2042 4421 2181 4494 qui—

534 4610 699 4665 scula
742 4609 890 4677 legis
929 4607 1015 4662 sic
1049 4609 1333 4679 inscripta
1380 4624 1391 4662 :
1444 4607 1766 4676 Κεφάλάια
1818 4613 1926 4659 τοῦ
1991 4605 2181 4676 ἁγίου

533 4701 876 4769 Μακαρίαν
979 4698 1525 4768 μιταφρασθέντα

534 4795 641 4838 τοῦ
716 4786 1102 4856 λογοθέντου
1177 4784 1276 4857 ρι’.

1663 4699 1833 4768 παρὰ
1943 4698 2183 4748 Σιπὲων

1363 4785 1665 4856 Opuscula
1749 4801 1886 4840 vero
2005 4785 2187 4840 maxi-

533 4893 696 4932 mam
724 4880 950 4946 partem
985 4875 1309 4946 compilata
1337 4891 1465 4930 esse
1509 4875 1628 4930 iam
1660 4875 1770 4930 levi
1802 4891 2010 4932 eorum
2049 4891 2186 4930 cum

536 4965 795 5021 homiliis
826 4965 1274 5034 comparatione
1300 4963 1662 5032 intelligitur.

609 5056 687 5126 (1)
729 5054 974 5110 Coteler.
1031 5056 1180 5108 Mon.
1228 5053 1374 5107 Eccl.
1410 5055 1610 5107 Graec.
1653 5053 1716 5107 T.
1751 5054 1771 5108 1
1827 5069 1885 5125 p.
1921 5055 2021 5109 533
2052 5070 2097 5107 s.
2133 5069 2185 5107 v.

537 5144 840 5199 Macarius
885 5142 1207 5212 Aegyptius
1239 5140 1403 5208 §Vlll
1437 5166 1446 5207 ;
1482 5142 1634 5197 infra
1659 5143 1716 5197 in
1759 5143 1973 5198 harum
1997 5145 2189 5208 Quae-

538 5237 802 5290 stionum
841 5233 1179 5304 Appendice
1210 5233 1393 5287 altera
1433 5233 1660 5290 sublIl.

610 5325 685 5396 (2)
717 5324 833 5395 §33
866 5339 928 5395 p.
973 5327 1089 5379 452.

612 5416 688 5487 (3)
719 5413 963 5470 Coteler.
990 5413 1007 5466 I
1036 5453 1050 5469 .
1083 5413 1120 5465 I.
1155 5430 1214 5485 p.
1249 5413 1348 5468 533
1379 5420 1404 5482 ε
1432 5411 1496 5466 ΙΧ
1531 5429 1543 5477 ;
1577 5413 1730 5467 infra
1760 5415 1819 5466 in
1847 5412 2114 5483 Append.
2148 5411 2191 5465 Ι.

611 5507 690 5576 (4)
708 5504 857 5560 Ibid.
891 5519 948 5574 ρ.
1035 5507 1098 5558 37
1123 5500 1282 5561 SXXI
1319 5518 1332 5567 ;
1363 5502 1517 5557 infra
1540 5503 1599 5556 in
1631 5501 1901 5574 Append.
1935 5502 1976 5555 Ι.

614 5597 692 5668 (5)
714 5597 796 5653 cr.
830 5593 905 5668 ξς.
937 5597 1002 5650 24
1063 5596 1132 5649 25
1160 5609 1217 5664 p.
1256 5591 1374 5649 ιοι.
1414 5592 1530 5648 ιοθ.

523 5700 531 5705 ·
610 5695 692 5767 (ο)
723 5692 802 5752 οι.
837 5702 1018 5768 supra
1040 5686 1174 5759 p.67
1207 5691 1312 5749 .39.

2336 1435 2359 1465 ι
2396 1416 2632 1486 Rogans
2676 1415 2939 1473 Poemen
2978 1414 3170 1471 abbas
3193 1411 3460 1469 eundem
3517 1407 3734 1466 multis
3762 1419 3910 1463 cum

2253 1514 2566 1572 lacrimis:
2628 1515 2732 1571 Dic
2789 1512 2965 1576 mihi,
3015 1512 3242 1584 inquit,
3312 1506 3630 1581 quomodo
3688 1505 3917 1561 salver.

2253 1613 2363 1671 Cui
2394 1628 2578 1671 senex
2625 1610 2988 1684 respondit:
3025 1611 3219 1679 Quam
3273 1607 3526 1680 quaeris
3576 1617 3733 1670 rem,
3784 1602 3912 1658 iam

2257 1711 2510 1769 recessit
2566 1726 2599 1767 a
2653 1709 2974 1767 monachis
3039 1706 3141 1782 (8).
3179 1727 3208 1760 ››
3245 1708 3510 1764 Poemen
3575 1710 3634 1760 et
3691 1700 3914 1770 Ioseph

2259 1811 2514 1868 abbates
2543 1808 2796 1867 Rufinus
2827 1809 2888 1864 in
2931 1807 3129 1878 Pispir
3168 1805 3397 1862 vidisse
3444 1817 3511 1859 se
3544 1801 3733 1859 tradit
3776 1800 3862 1871 (9)
3898 1813 3912 1850 :

2260 1909 2366 1966 sed
2399 1910 2660 1965 Poemen
2693 1906 2884 1963 abbas
2910 1906 3096 1960 etiam
3141 1904 3202 1960 in
3233 1903 3405 1960 Scete
3438 1901 3588 1957 vixit
3609 1898 3749 1969 (10).

2348 2065 2368 2096 α
2410 2043 2710 2100 Macarius
2740 2043 2934 2098 abbas
2985 2038 3322 2111 aliquando
3373 2035 3523 2093 adiit
3582 2031 3922 2091 Antonium

2262 2143 2574 2198 abbatem.
2620 2142 2897 2210 Quocum
2956 2137 3324 2203 collocutus,
3385 2147 3528 2191 cum
3579 2132 3642 2188 in
3691 2128 3922 2188 Scetim

2265 2244 2699 2308 reverteretur,
2752 2236 3050 2293 fratribus
3099 2234 3349 2292 obviam
3408 2233 3577 2304 162
3624 2224 3926 2284 venienti-

2265 2338 2380 2394 bus
2430 2337 2591 2394 inter
2642 2333 3238 2392 sermocinandum:
3321 2328 3608 2395 Antonio,
3695 2323 3920 2396 inquit.

2264 2434 2475 2492 abbati
2526 2433 2677 2498 dixi,
2740 2447 2850 2489 nos
2905 2446 3024 2489 non
3099 2429 3330 2486 habere
3380 2425 3442 2483 in
3503 2425 3639 2482 loco
3711 2425 3926 2479 nostro

2264 2534 2670 2593 oblationem.
2706 2531 2822 2588 Sed
2883 2531 3088 2587 Patres
3118 2527 3257 2584 aliis
3285 2525 3360 2582 de
3395 2524 3582 2581 rebus
3614 2521 3924 2578 disserere

2267 2636 2631 2704 coeperunt,
2713 2644 2824 2686 nec
2877 2627 3278 2700 quaesierunt
3329 2622 3602 2695 amplius
3681 2619 3927 2676 discere

2271 2743 2639 2804 responsum
2687 2728 2871 2790 senis.
2929 2740 3131 2797 neque
3196 2724 3329 2796 ipse
3403 2720 3763 2792 prolocutus
3813 2721 3924 2774 est.

2272 2831 2399 2888 Hoc
2434 2830 2621 2901 igitur
2652 2826 2907 2899 quidam
2955 2840 3028 2882 ex
3089 2823 3372 2896 patribus
3417 2820 3572 2876 dixit
3619 2833 3631 2873 :
3671 2816 3732 2874 Si
3763 2814 3935 2871 vide-

2275 2928 2400 2985 rint
2421 2933 2645 2998 patres,
2675 2940 2708 2982 e
2759 2926 3020 2980 fratrum
3067 2920 3370 2978 memoria
3419 2916 3731 2979 excidere,
3768 2917 3835 2969 ut
3855 2912 3931 2968 de

2277 3040 2343 3083 re
2412 3026 2487 3082 iis
2547 3024 2682 3080 utili
2741 3024 3140 3093 interrogent,
3208 3017 3462 3089 adigunt
3507 3029 3574 3071 se
3627 3013 3817 3084 ipsos,
3871 3014 3936 3067 ut

1460 3110 1679 3208 “lusus
1731 3110 1967 3216 Pueris;
2023 3110 2167 3201 nam
2203 3131 2243 3187 C
2281 3122 2660 3195 principium
2710 3119 3018 3177 sermonis
3067 3117 3386 3189 proferant
3428 3132 3441 3180 ;
3517 3110 3740 3184 quodsi
3786 3120 3933 3164 vero

2279 3237 2314 3278 a
2370 3219 2668 3278 fratribus
2745 3232 2867 3276 non
2947 3215 3297 3286 adigantur,
3379 3219 3737 3269 sermonem
3806 3218 3930 3262 non

2283 3323 2764 3392 persequuntur,
2828 3321 2893 3373 ut
2965 3328 3040 3370 ne
3108 3309 3656 3382 deprehendantur
3740 3303 3933 3362 locuti

2283 3431 2407 3474 non
2479 3414 2864 3486 interrogati,
2935 3412 3341 3480 videaturque
3423 3405 3670 3478 loquela
3735 3402 3935 3459 otiosa

2288 3529 2420 3571 esse
2449 3509 2592 3586 (Il).
2638 3532 2656 3564 ι
2737 3510 3072 3568 Macarium
3119 3506 3487 3579 Aegyptium
3537 3502 3613 3559 ad
3643 3501 3702 3558 S.
3754 3499 3940 3555 Αηιοο

2285 3613 2460 3669 nium
2523 3609 2870 3682 profectum
2935 3621 3070 3665 esse
3158 3607 3281 3662 iam
3363 3615 3552 3674 supra
3627 3595 3938 3669 comperi-

2288 3726 2426 3768 mus
2448 3703 2566 3777 (12)
2598 3729 2611 3777 ;
2648 3708 2811 3765 unde
2840 3707 3003 3764 haud
3034 3706 3239 3776 inepte
3271 3701 3616 3772 discipulus
3655 3697 3712 3754 S.
3754 3697 3944 3752 Anto-

2287 3810 2374 3867 nii
2449 3823 2632 3865 sensu
2714 3806 2932 3863 latiore
2982 3819 3015 3861 a
3089 3801 3307 3861 Rufino
3382 3794 3689 3870 appellari
3760 3792 3947 3852 nobis

2289 3908 2455 3964 visus
2479 3911 2569 3964 est
2596 3901 2742 3972 (13).

2375 4061 2398 4093 ι
2461 4040 2840 4112 Paphnutius
2892 4037 3103 4104 abbas,
3154 4031 3403 4090 Macarii
3463 4025 3705 4084 abbatis
3757 4023 3946 4081 disci-

2290 4139 2494 4213 pulus,
2545 4139 2664 4196 hoc
2717 4135 2983 4194 retulit:
3064 4130 3312 4203 Rogavi,
3418 4126 3644 4198 inquit,
3704 4125 3949 4194 patrem

2289 4252 2524 4303 meum,
2594 4242 2655 4293 ut
2732 4233 2886 4291 mihi
2913 4232 3149 4289 diceret
3203 4228 3494 4285 verbum.
3551 4220 3609 4280 Is
3672 4225 3882 4278 autem
3934 4237 3946 4273 :

2290 4335 2637 4402 Neminem,
2715 4331 2939 4405 inquit.
3002 4327 3275 4393 laeseris,
3350 4338 3463 4381 nec
3558 4332 3944 4394 quemquam

2289 4429 2825 4490 condemnaveris.
2943 4427 3101 4483 Haec
3204 4423 3466 4481 observa
3541 4423 3603 4474 et
3661 4415 3948 4473 salvabe-

2364 4621 2440 4685 (7)
2471 4614 2713 4671 Coteler.
2771 4614 2807 4667 l.
2853 4612 2890 4665 Ι.
2937 4626 2998 4680 p.
3054 4607 3153 4663 539
3217 4604 3463 4677 §XXIV,
3527 4601 3680 4656 infra
3735 4599 3794 4653 in
3837 4602 3950 4668 Ap-

2295 4707 2551 4780 peud.l.

2366 4797 2443 4866 (8)
2471 4793 2623 4850 Ibid.
2657 4810 2719 4862 p.
2752 4789 2903 4848 5395
2939 4788 3094 4852 XXV,
3120 4785 3271 4839 infra
3301 4783 3361 4837 in
3392 4777 3665 4850 Append.
3699 4777 3745 4834 Ι.

2369 4865 2662 4956 (97)Ruiin.
2695 4881 2834 4936 Hist.
2901 4877 3049 4932 Eccl.
3083 4875 3180 4929 lib.
3242 4872 3286 4925 Il
3317 4885 3449 4940 cap.
3516 4871 3565 4933 8,
3635 4866 3727 4922 ed.
3765 4865 3944 4920 Basil.

2300 4969 2817 5046 I.p.2’+6,Rufiui
2865 4968 3013 5038 Opp.
3085 4964 3179 5019 ed.
3244 4961 3487 5017 Vallarsi
3554 4974 3610 5029 p.
3673 4959 3774 5011 278
3839 4970 3954 5025 sq.,

2299 5067 2484 5132 Migue
2519 5080 2574 5132 p.
2603 5061 2728 5114 5l7.
2754 5058 2834 5112 Cf.
2865 5055 3019 5111 infra
3049 5060 3072 5122 ε
3097 5055 3165 5108 42
3189 5069 3243 5124 ρ.
3275 5052 3397 5106 176.

2371 5154 2481 5223 (10)
2517 5149 2757 5207 Coteler.
2794 5147 2829 5200 l.
2865 5145 2908 5198 I.
2963 5162 3017 5214 p.
3053 5143 3172 5198 587.
3217 5145 3316 5196 635
3372 5157 3418 5194 s.
3454 5156 3508 5192 v.
3543 5137 3834 5200 Poemen§
3863 5132 3956 5188 IV.

2302 5243 2327 5304 ς
2357 5240 2605 5298 CLXXX.

2377 5330 2489 5401 (11)
2519 5325 2761 5385 Coteler.
2795 5323 2831 5377 l.
2883 5322 2923 5379 I.
2983 5339 3043 5391 p.
3105 5320 3208 5375 539
3263 5333 3350 5389 sq.
3381 5314 3634 5384 gxxvx,
3693 5311 3852 5368 infra
3902 5312 3963 5366 in

2307 5417 2582 5491 Appeud.
2607 5417 2646 5470 Ι.

2379 5507 2491 5579 (42)
2524 5515 2546 5576 ε
2567 5508 2633 5560 33
2666 5519 2723 5575 p.
2781 5502 2896 5557 150.

2381 5598 2494 5670 (13)
2522 5596 2714 5667 Supra
2741 5594 2766 5659 ε
2791 5591 2860 5647 26
2885 5591 3107 5664 ρ.112.
