4092 6256
211 309 306 368 153
1791 301 1844 362 ν;

1970 306 2018 362 Β.
3505 312 3604 369 154

218 439 300 497 ris
366 435 471 513 (1).
527 455 555 490 ›)
637 436 1046 508 Paphnutius,
1129 446 1488 507 quanquam
1567 435 1838 494 Palladio
1871 435 1916 487 A
1956 437 2390 509 phphegmatis
2427 453 2462 495 a
2511 435 2818 497 Cotelerio
2867 435 3052 497 editis
3101 440 3216 498 hae
3252 446 3377 499 tres
3403 443 3600 502 histo-

217 536 448 609 quidem
525 539 674 592 teste
756 533 1007 591 Macarii
1093 531 1491 590 Alexandrini
1566 533 1842 606 discipu-

215 636 305 692 lus
349 630 449 707 (2),
508 633 695 690 etiam
750 633 812 689 in
873 631 1047 689 Scete
1105 630 1347 702 degisse
1405 631 1630 703 legitur
1691 629 1770 705 (3)
1820 649 1837 701 ;

207 733 466 804 primum
517 735 724 787 tamen
780 730 842 786 in
905 729 1243 786 solitudine
1298 728 1630 786 Thebaidis
1697 744 1840 787 eum

203 829 504 887 habitasse
529 826 876 885 verisimile
906 833 998 883 est
1021 825 1130 901 (4).

279 973 306 1004 ‹‹
364 951 666 1009 Macarius
716 952 911 1008 abbas
958 950 1114 1006 dixit
1166 966 1177 1003 :
1238 949 1372 1007 Noli
1440 950 1720 1009 dormire
1778 951 1840 1008 in

198 1049 346 1107 cella
372 1048 604 1114 fratris,
644 1062 829 1120 quem
864 1046 1025 1104 mala
1053 1047 1214 1104 fama
1243 1048 1418 1118 petiit
1446 1044 1556 1122 (5).
1595 1067 1624 1101 »

279 1187 304 1214 «
350 1164 436 1221 Ad
481 1163 822 1221 Macarium
869 1163 1159 1219 abbatem
1209 1163 1270 1219 in
1313 1162 1487 1220 Scete
1526 1165 1841 1235 quondam

201 1265 579 1319 accesserunt
634 1261 877 1327 fratres,
931 1274 1042 1316 nec
1089 1259 1432 1332 quidquam
1476 1261 1844 1318 invenerunt

198 1359 258 1416 in
301 1359 448 1416 cella
492 1358 635 1416 eius
683 1357 801 1414 nisi
845 1371 1070 1428 aquam
1116 1357 1452 1428 putridam.
1492 1358 1700 1430 Itaque
1729 1359 1787 1416 ei
1827 1377 1839 1414 :

197 1455 382 1525 Abba,
447 1455 764 1528 inquiunt,
827 1454 1091 1512 ascende
1166 1453 1230 1510 in
1286 1469 1532 1526 pagum,
1595 1461 1654 1512 et
1711 1455 1842 1513 reﬁ-

191 1554 423 1612 ciemus
476 1558 562 1610 te.
632 1553 871 1621 Quibus
922 1566 1108 1608 senex
1167 1552 1487 1623 respondit
1548 1569 1559 1607 :
1620 1553 1840 1620 Nostis,

188 1653 432 1721 fratres,
481 1650 816 1722 pistrinum
871 1649 1040 1706 illius
1081 1650 1356 1708 hominis
1404 1649 1464 1706 in
1514 1648 1722 1722 pago?
1751 1651 1845 1708 Di-

185 1755 332 1808 cunt
366 1765 378 1804 :
413 1748 637 1806 Etiam.
689 1748 918 1805 Deinde
960 1763 1143 1805 senex
1181 1763 1192 1802 :
1228 1748 1350 1819 Ego
1395 1762 1645 1820 quoque
1677 1750 1841 1805 novi.
1879 1770 1921 1824 Β

185 1848 385 1906 Nostis
435 1851 496 1904 et
545 1845 872 1918 praedium
921 1845 1092 1903 illius
1140 1845 1431 1910 hominis,
1509 1843 1678 1913 163
1737 1847 1844 1904 ubi

185 1946 405 2003 ﬂuvius
451 1943 656 2003 salit?
691 1945 878 2001 Aiunt
913 1965 923 1997 :
963 1944 1276 2002 Novimus.
1331 1945 1528 2002 Senex
1561 1967 1573 2002 :
1607 1945 1676 2001 Et
1709 1959 1846 2017 ego,

187 2043 407 2116 inquit,
466 2043 638 2100 novi.
693 2042 950 2111 Quando
998 2041 1188 2113 igitur
1224 2043 1444 2114 placet,
1475 2042 1651 2100 vobis
1691 2043 1846 2100 mihi

189 2156 339 2214 opus
393 2156 526 2199 non
582 2145 695 2205 est,
752 2140 858 2196 sed
917 2139 1050 2212 ipse
1109 2140 1264 2197 mihi
1319 2141 1584 2211 adporto
1643 2140 1750 2216 (6).
1814 2159 1844 2194 »

189 2239 343 2298 Haec
396 2237 866 2296 exercitationis
921 2239 1116 2294 virtus
1175 2252 1318 2295 cum
1375 2238 1622 2306 ceteris,
1687 2254 1846 2312 quae

192 2338 265 2394 de
297 2337 574 2395 Macario
627 2336 926 2409 Aegyptio
977 2336 1393 2408 percepimus,
1436 2337 1673 2408 optime
1703 2351 1847 2394 con-

190 2435 392 2493 sentit.

269 2572 295 2601 α
346 2548 739 2623 Paphnutius
787 2548 1002 2614 abbas,
1057 2548 1302 2604 Macarii
1357 2549 1600 2606 abbatis
1664 2549 1847 2607 disci-

188 2649 390 2721 pulus,
446 2647 688 2712 retulit,
750 2660 961 2704 senem
1015 2645 1248 2703 dixisse
1310 2664 1320 2702 :
1384 2646 1638 2716 Quando
1691 2662 1846 2720 puer

188 2760 378 2813 eram,
423 2744 693 2803 buculas
739 2758 884 2801 cum
935 2743 1076 2800 aliis
1107 2745 1320 2816 pueris
1349 2746 1706 2816 pascebam,
1735 2746 1844 2819 qui

188 2847 604 2917 perrexerunt
651 2842 927 2900 furatum
986 2840 1158 2898 ﬁcus.
1225 2842 1508 2914 Dumque
1558 2849 1840 2911 currunt,

189 2956 308 3000 una
349 2957 426 2999 ex
477 2941 557 2998 iis
599 2938 850 3005 cecidit,
907 2953 1094 3010 quam
1129 2938 1350 2996 tollens
1378 2941 1643 2998 comedi.
1685 2942 1846 3012 Quo-

191 3039 304 3096 ties
344 3040 539 3110 igitur
585 3037 674 3094 rei
724 3037 859 3094 eius
904 3036 1208 3093 memoria
1240 3037 1421 3102 redit,
1458 3038 1709 3110 plorans
1756 3053 1845 3098 se-

194 3136 308 3194 deo
361 3135 470 3213 (7).
510 3156 537 3190 ι
600 3136 681 3193 De
742 3134 1083 3206 Paphnutio
1135 3134 1381 3192 Macarii
1432 3137 1674 3195 abbatis
1715 3137 1846 3194 dis-
1882 3122 1921 3178 C-

195 3234 406 3306 cipulo
437 3233 800 3293 monuimus
833 3229 943 3308 (8).

283 3358 441 3414 Haec
493 3358 747 3430 quidem
821 3356 898 3414 de
951 3356 1216 3415 Macario
1275 3358 1577 3430 Aegyptio
1633 3359 1846 3419 insunt

210 3454 751 3525 Apophthegmatis
807 3471 841 3512 a
898 3454 1208 3513 Cotelerio
1262 3455 1447 3512 editis
1505 3471 1553 3513 s.
1606 3472 1661 3512 v.
1707 3454 1842 3514 Ma-

201 3548 398 3607 carius
455 3549 787 3628 Aegyptius.
850 3552 968 3610 Sed
1037 3553 1344 3610 evolventi
1417 3554 1572 3611 mihi
1641 3561 1845 3614 cetera

197 3649 802 3723 Apophthegmatum
847 3651 1051 3722 capita
1101 3651 1302 3708 tribus
1339 3651 1479 3709 aliis
1528 3653 1679 3711 locis
1719 3655 1842 3712 Ma-

195 3747 374 3819 carii,
425 3754 490 3805 ut
527 3747 796 3818 videtur,
847 3748 1128 3820 Aegyptii
1161 3750 1392 3807 mentio
1425 3753 1701 3810 occurrit
1730 3748 1841 3829 (9).

192 3847 352 3915 Quos
389 3847 649 3920 quidem
699 3847 870 3905 locos
909 3861 1099 3918 supra
1140 3846 1263 3903 iam
1312 3849 1721 3920 cognovimus
1762 3854 1848 3907 at-

193 3959 312 4017 que
341 3944 775 4002 recensuimus
805 3940 953 4020 (10).

281 4055 518 4135 164$
567 4061 663 4117 39.
709 4060 790 4116 De
837 4060 1102 4119 Macario
1135 4061 1556 4121 Alexandrino
1582 4064 1645 4121 in
1691 4065 1849 4136 Apo-

263 4261 341 4332 (1)
383 4259 633 4316 Coteler.
675 4259 716 4315 1.
750 4260 798 4315 Ι.
842 4277 898 4331 ρ.
943 4264 1044 4316 540
1096 4261 1123 4331 §
1169 4262 1405 4326 XXVIII,
1447 4262 1600 4318 infra
1640 4266 1698 4318 in
1737 4271 1850 4336 Ap-

189 4349 376 4421 pend.
418 4350 468 4407 Ι.

259 4443 339 4510 (2)
373 4437 460 4494 cr.
496 4437 524 4509 ς
557 4443 616 4494 19
641 4455 698 4508 ρ.
733 4439 822 4493 75.

261 4529 341 4599 (3)
397 4527 644 4583 Coteler.
678 4526 722 4583 l.
784 4527 831 4584 Ι.
870 4542 926 4598 p.
959 4526 1062 4582 649
1093 4544 1141 4582 s.
1176 4543 1237 4585 v.
1279 4528 1651 4596 Paphnutius
1693 4531 1720 4602 ς
1758 4532 1846 4586 IV.

196 4617 462 4672 Cassian.
499 4615 642 4671 Coll.
679 4615 771 4680 III,
809 4621 855 4669 1.

260 4706 338 4774 (4)
381 4706 525 4759 Hist.
558 4706 729 4760 Laus.
761 4705 854 4758 ed.
890 4706 1096 4759 Meurs.
1142 4722 1274 4775 cap.
1310 4706 1381 4759 63
1424 4706 1572 4777 Opp.
1623 4709 1838 4765 Meurs.

183 4792 226 4848 l.
268 4796 316 4850 .l.
357 4810 418 4863 p.
454 4795 560 4847 524
589 4808 678 4864 sq.
734 4792 1347 4848 Animadvertendum
1406 4801 1510 4858 est,
1563 4795 1621 4849 in
1655 4796 1847 4866 capite

185 4882 258 4939 de
300 4882 640 4953 Paphnutio
679 4882 994 4936 Historiam
1031 4883 1378 4938 Lausiacam
1411 4884 1686 4938 codicum
1717 4887 1848 4939 Vin-

184 4970 633 5029 dobonensium
675 4986 710 5025 a
739 4970 1072 5026 Meursiana
1102 4971 1183 5027 ita
1214 4970 1472 5038 differre,
1503 4983 1566 5027 ut
1593 4973 1690 5028 vix
1726 4989 1847 5029 uno

185 5061 372 5116 verbo
415 5059 776 5115 consentiat.
811 5057 892 5114 Cf.
925 5059 1189 5116 Palladii
1236 5061 1559 5117 Historiam
1608 5064 1847 5119 Lausia-

189 5165 313 5206 cam
341 5151 426 5206 ad
452 5148 671 5205 codicis
710 5149 1174 5206 Vindobonensis
1198 5150 1375 5219 ﬁdem
1408 5165 1443 5206 a
1468 5151 1630 5206 nobis
1663 5151 1847 5208 brevi-

191 5244 275 5296 ter
299 5240 687 5304 delineatam,
718 5237 871 5294 infra
909 5239 1047 5294 huic
1085 5238 1328 5295 editioni
1370 5239 1663 5296 Historiae
1695 5242 1848 5298 Lau-

191 5327 385 5385 siacae
414 5327 847 5400 praepositam.

260 5418 336 5489 (5)
367 5415 623 5474 Coteler.
691 5415 735 5472 l.
770 5416 817 5473 Ι.
859 5432 926 5487 p.
975 5416 1138 5487 5405
1193 5420 1391 5485 XXIX;
1429 5417 1585 5474 infra
1634 5418 1692 5474 in
1727 5425 1844 5491 Ap-

194 5507 374 5573 pend.
416 5506 466 5563 Ι.

262 5595 340 5665 (6)
371 5595 521 5651 Ibid.
555 5611 615 5667 p.
651 5597 744 5651 541
776 5596 985 5668 §XXX,
1017 5595 1171 5650 infra
1197 5596 1258 5650 in
1275 5595 1551 5668 Append.
1580 5596 1624 5653 Ι.

264 5682 338 5756 (7)
363 5683 516 5743 Ibid.
546 5701 608 5757 p.
643 5687 743 5740 546
773 5684 1092 5757 §-XXXVII,
1125 5684 1280 5743 infra
1308 5684 1368 5741 in
1396 5685 1671 5760 Append.
1704 5689 1763 5744 Ι..

1951 535 2082 591 riae
2111 537 2466 593 referuntur
2503 556 2516 593 ;

2035 654 2062 682 «
2111 633 2412 690 Macarius
2440 631 2698 690 πολιτικός
2730 634 2835 692 ille
2888 636 3080 692 abbas
3141 638 3480 708 aliquando
3525 639 3598 695 ad

1951 730 2247 788 secandos
2299 733 2646 803 palmarum
2703 747 2906 789 ramos
2954 733 3129 797 exiit,
3185 735 3482 793 fratribus
3513 737 3601 807 ip-

1950 841 2089 884 sum
2137 830 2598 886 comitantibus.
2653 831 2765 900 Qui
2827 831 3036 902 primo
3091 833 3190 889 die
3245 833 3299 889 ei
3361 852 3372 890 :
3425 834 3600 906 Veni,

1952 925 2262 996 inquiunt,
2325 933 2519 998 pater,
2587 928 2913 985 nobiscum
2974 930 3254 986 comede.
3328 931 3597 988 Accessit

1951 1022 2140 1094 igitur
2187 1023 2293 1080 ille
2339 1029 2398 1080 et
2441 1025 2734 1082 comedit.
2788 1025 2998 1083 Altero
3053 1041 3196 1084 eum
3239 1028 3341 1086 die
3371 1029 3597 1086 iterum

1953 1126 2189 1192 regant,
2246 1129 2312 1178 ut
2358 1123 2662 1180 comedat.
2717 1125 2787 1180 At
2837 1125 2886 1180 is
2938 1139 3204 1181 renuens
3253 1141 3264 1181 :
3313 1125 3450 1192 Vos,
3507 1128 3598 1183 in-

1953 1218 2109 1290 quit,
2166 1219 2299 1287 ﬁlii,
2341 1219 2554 1277 cibum
2602 1222 2860 1278 sumatis
2911 1236 3159 1280 necesse
3209 1229 3346 1292 est;
3401 1225 3603 1281 adhuc

1953 1316 2122 1374 enim
2165 1330 2312 1374 caro
2359 1319 2504 1375 estis
2539 1335 2552 1386 ;
2589 1333 2702 1389 ego
2743 1333 2888 1376 vero
2938 1335 3100 1376 nunc
3159 1323 3303 1378 nolo
3347 1321 3605 1379 mandu-

1953 1429 2096 1472 care
2141 1411 2282 1489 (11).
2324 1435 2352 1468 n
2407 1416 2566 1473 Haec
2620 1416 2877 1474 historia
2931 1417 2992 1474 in
3046 1417 3292 1476 duobus
3341 1419 3601 1492 Apoph-

1954 1513 2336 1584 thegmatum
2399 1513 2722 1571 codicibus
2769 1515 3351 1573 Vindobonensibus
3417 1532 3465 1573 s.
3537 1531 3595 1576 ν.

1957 1606 2256 1669 Macarius
2324 1609 2637 1687 Aegyptius
2708 1618 2844 1683 post
2891 1615 2921 1684 §
2974 1613 3178 1671 XXXII
3242 1629 3592 1686 perperam,

1958 1715 2023 1766 ut
2051 1709 2317 1782 quisque
2350 1711 2529 1768 facile
2573 1711 2882 1782 intelligit,
2927 1712 3155 1768 inserta
3196 1713 3420 1784 legitur
3454 1710 3604 1788 (12).

1956 1807 2347 1877 Quantopere
2403 1813 2608 1865 autem
2661 1808 2964 1865 Macarius
3027 1809 3480 1868 Alexandrinus
3524 1811 3604 1868 ci-

1960 1904 2056 1962 bis
2085 1905 2476 1972 abstinuerit,
2511 1921 2544 1961 e
2576 1905 2848 1963 Palladio
2877 1906 3214 1963 didicimus
3244 1905 3399 1982 (13).

2043 2022 2072 2056 «
2109 2002 2409 2060 Macarius
2440 2003 2632 2059 abbas
2663 2003 2949 2060 convenit
2982 2004 3382 2062 Pachomium
3415 2005 3606 2062 abba-

1958 2107 2081 2158 tem
2128 2101 2746 2159 Tabennesiotarum.
2776 2101 2971 2169 Quem
3005 2102 3372 2160 Pachomius
3418 2103 3606 2160 inter-

1960 2213 2222 2271 rogans:
2258 2199 2343 2270 Si,
2391 2198 2615 2270 inquit,
2665 2199 2885 2256 fratres
2917 2199 3287 2270 disciplinae
3317 2201 3605 2259 ordinem

1957 2311 2081 2353 non
2124 2302 2389 2363 servant,
2435 2297 2751 2354 bonumne
2799 2303 2891 2353 est
2920 2298 3243 2368 corripere
3273 2313 3378 2356 eos
3406 2297 3435 2356 ?
3470 2299 3608 2356 Res—

1960 2391 2177 2466 pondit
2246 2394 2547 2451 Macarius
2600 2394 2792 2451 abbas
2837 2409 2849 2450 :
2890 2395 3128 2467 Castiga
3180 2401 3238 2452 et
3291 2397 3450 2453 iuste
3502 2411 3609 2455 eos

1957 2491 2186 2561 iudica,
2239 2493 2347 2564 qui
2381 2491 2494 2548 tibi
2544 2492 2966 2549 subiiciuntur
2999 2515 3012 2560 ;
3045 2499 3218 2550 extra
3258 2507 3405 2551 vero
3436 2494 3604 2552 iudi-

1957 2590 2194 2647 caveris
2232 2591 2592 2658 neminem;
2636 2604 2778 2646 nam
2827 2590 3130 2662 scriptum
3187 2597 3278 2649 est
3329 2607 3340 2647 :
3394 2591 3606 2649 Nonne

1955 2687 2032 2744 de
2065 2687 2161 2756 iis,
2216 2687 2323 2759 qui
2352 2688 2518 2744 intus
2563 2693 2726 2759 sunt,
2774 2703 2882 2746 vos
2910 2688 3202 2746 iudicatis
3231 2685 3261 2743 ‘?
3291 2690 3438 2746 Nam
3472 2704 3600 2758 eos,

1956 2786 2062 2857 qui
2094 2785 2247 2843 foris
2277 2792 2439 2850 sunt,
2482 2782 2649 2843 Deus
2681 2785 2983 2843 iudicabit
3012 2784 3165 2861 (14).
3201 2806 3227 2840 ι
3271 2788 3605 2844 Macarium

1955 2883 2444 2941 Alexandrinum
2538 2897 2681 2940 cum
2773 2884 3105 2941 Pachomio
3204 2899 3605 2957 congressum

1956 2995 2109 3047 esse,
2161 2997 2195 3037 a
2248 2980 2520 3038 Palladio
2593 2981 2951 3052 accepimus
3014 2979 3164 3056 (15).
3224 2983 3512 3040 Ceterum
3572 2997 3608 3040 θ

1955 3078 2272 3150 colloquio
2353 3079 2471 3135 isto
2551 3078 2756 3134 denuo
2851 3079 3174 3149 probatur,
3265 3078 3602 3136 Macarium

1959 3176 2450 3233 Alexandrinum
2501 3175 2624 3232 iam
2671 3181 2809 3232 ante
2855 3190 3086 3232 annum
3139 3177 3276 3242 348,
3311 3191 3437 3248 quo
3469 3177 3608 3248 qui-

1955 3275 2097 3332 dem
2147 3278 2433 3331 mortuus
2463 3279 2554 3330 est
2603 3273 2987 3339 Pachomius,
3041 3289 3165 3331 non
3214 3275 3433 3346 exigua
3481 3275 3603 3331 vir-

1955 3374 2104 3431 tutis
2134 3378 2195 3429 et
2222 3387 2502 3430 asceseos
2543 3372 2703 3428 fama
2739 3372 3102 3431 excelluisse
3128 3371 3280 3448 (16).

2037 3472 2338 3529 Macarius
2379 3470 2572 3527 abbas
2611 3470 2949 3542 aliquando
3000 3485 3111 3542 per
3149 3476 3418 3543 quatuor
3447 3471 3605 3529 inte-

1955 3583 2098 3641 gros
2151 3582 2394 3626 menses
2444 3569 2725 3640 quotidie
2775 3569 3060 3626 visitabat
3105 3570 3357 3626 fratrem
3397 3585 3605 3642 quen-

1956 3669 2122 3733 dam,
2172 3681 2372 3739 neque
2431 3681 2728 3738 unquam,
2784 3681 2860 3723 ne
2908 3666 3097 3723 semel
3171 3668 3449 3739 quidem,
3509 3668 3598 3724 in-

1955 3766 2124 3822 venit
2174 3779 2318 3821 eum
2364 3770 2682 3822 vacantem
2746 3764 2824 3819 ab
2880 3765 3181 3821 oratione.
3249 3766 3605 3823 Admiratus

1958 3863 2146 3935 igitur
2188 3862 2344 3919 dixit
2396 3881 2407 3920 :
2451 3861 2628 3930 Ecce,
2683 3863 2994 3919 terrestris
3041 3865 3294 3934 angelus
3352 3861 3479 3938 (17)
3518 3863 3529 3920 1
3571 3883 3601 3917 »

1960 3961 2337 4020 Gellularum
2391 3960 2678 4017 monachi
2725 3960 2950 4032 singuli
3003 3959 3062 4017 in
3109 3961 3285 4017 cellis
3315 3962 3608 4032 degentes

1959 4060 2092 4118 sola
2138 4059 2239 4117 die
2287 4059 2526 4115 sabbati
2572 4062 2633 4115 et
2683 4057 2998 4114 dominica
3054 4055 3224 4125 165
3277 4059 3610 4115 convenire

2031 4261 2110 4331 (8)
2142 4259 2311 4316 Modo
2341 4276 2397 4330 p.
2432 4259 2553 4315 162.
2597 4264 2716 4313 not.
2749 4259 2808 4316 7.

2033 4351 2110 4420 (9)
2142 4348 2386 4404 Coteler.
2442 4348 2484 4405 l.
2544 4349 2589 4404 Ι.
2651 4350 2716 4402 Τ.
2757 4352 2769 4402 l
2822 4363 2880 4418 p.
2931 4349 3211 4404 372.1443.
3252 4349 3373 4405 451.
3431 4366 3479 4403 s.
3509 4364 3604 4402 vv.

1883 4475 1928 4528 Ι)
1960 4439 2239 4508 Agat/um
2269 4438 2296 4509 ς
2330 4441 2369 4501 l,
2419 4437 2744 4493 Zacharias
2773 4437 2799 4507 §
2847 4436 2885 4500 I,
2925 4437 3261 4492 Theodorus
3295 4439 3610 4494 Phermen-

1958 4528 2158 4589 sis§l.

2031 4617 2143 4687 (10)
2185 4617 2376 4686 Supra
2408 4615 2527 4683 532
2562 4630 2614 4686 p.
2660 4620 2780 4670 151.
2822 4615 2946 4670 148.
2991 4616 3105 4674 150.

2030 4705 2143 4776 (11)
2176 4703 2417 4759 Coteler.
2477 4703 2624 4758 Eccl.
2670 4703 2871 4757 Graec.
2930 4705 3081 4757 Mon.
3119 4707 3178 4759 T.
3216 4707 3233 4758 I
3344 4709 3445 4758 572
3473 4723 3518 4758 8.
3553 4723 3606 4760 v.

1957 4794 2254 4849 Macarius
2284 4793 2617 4854 πολιτικός
2648 4809 2752 4847 seu
2783 4793 3022 4847 urbicus
3053 4794 3126 4863 ξι
3159 4810 3171 4859 ;
3218 4793 3372 4848 infra
3410 4794 3470 4849 in
3505 4796 3609 4850 lia-

1956 4899 2091 4938 rum
2125 4883 2555 4948 Quaestionum
2588 4882 2929 4952 Appendice
2971 4882 3154 4937 altera
3186 4883 3298 4936 sub
3333 4886 3390 4936 V.

2025 4971 2139 5043 (12)
2169 4969 2414 5026 Codices
2444 4970 2828 5026 laudavimus
2863 4987 3042 5042 supra
3071 4971 3097 5042 §
3126 4972 3181 5026 11
3214 4988 3272 5043 p.
3306 4976 3371 5028 35
3407 4980 3525 5026 not.
3553 4975 3604 5025 2.

1955 5078 2014 5134 p.
2045 5065 2111 5116 36
2149 5066 2268 5115 not.
2298 5063 2349 5116 1.

2027 5150 2142 5222 (13)
2173 5151 2364 5220 Supra
2392 5165 2527 5220 cap.
2559 5149 2650 5204 III.

2027 5241 2138 5311 (14)
2163 5237 2406 5296 Coteler.
2436 5239 2471 5291 Ι.
2495 5238 2539 5291 Ι.
2562 5255 2622 5309 p.
2657 5239 2759 5292 573
2797 5239 2824 5310 §
2858 5241 2899 5293 ll
2935 5238 3128 5308 ;infra
3153 5238 3212 5293 in
3244 5238 3513 5311 Append.
3560 5237 3601 5291 I.

1956 5329 2069 5384 sub
2099 5330 2160 5383 V.
2191 5328 2272 5384 Cf.
2316 5328 2334 5381 Ι
2369 5325 2499 5382 Cor.
2536 5332 2589 5391 5,
2627 5327 2822 5382 12.13.

2026 5419 2140 5491 (15)
2173 5417 2254 5472 Cf.
2291 5433 2473 5487 supra
2500 5433 2557 5488 p.
2591 5416 2680 5472 70.
2712 5417 2783 5471 86
2813 5433 2907 5488 sq.

2027 5508 2143 5576 (16)
2176 5505 2258 5561 Cf.
2294 5521 2481 5576 supra
2511 5523 2568 5577 p.
2599 5506 2669 5560 86
2697 5522 2788 5577 sq.

2027 5596 2137 5667 (i7)
2165 5594 2409 5652 Coteler.
2436 5594 2475 5650 l.
2511 5598 2550 5650 l.
2584 5612 2642 5666 p.
2664 5595 2821 5667 5735
2861 5595 2933 5650 III
2964 5610 2976 5661 ;
3020 5592 3177 5649 infra
3229 5594 3288 5650 in
3328 5589 3600 5667 Append.

1957 5689 1998 5744 I.
2028 5684 2140 5741 sub
2169 5685 2239 5743 V.
