4092 6256
495 308 596 364 155
1359 299 1458 353 SS.
1502 295 1987 353 MACARIOHUM
2031 294 2363 353 AI‘IGYPTII
2405 299 2492 353 ET
2530 297 3025 354 ALEXANDRINI

3799 294 3905 351 {56

490 435 775 494 solebant
837 432 901 489 in
963 429 1224 488 ecclesia
1279 426 1413 503 (I);
1459 444 1491 484 e
1548 441 1819 499 quorum
1892 427 2150 484 fortasse
2182 426 2225 477 A
2259 428 2766 499 cruciﬁgentibus
2804 429 3116 486 Christum
3169 425 3470 484 iudicium
3521 438 3592 481 ex
3644 424 3924 496 Apostoli

493 545 759 591 numero
788 530 893 586 ille
939 529 1130 584 frater
1165 528 1296 593 fuit,
1330 539 1518 597 quem
1554 525 1856 583 Macarius
1892 523 2148 581 Alexan-

487 631 709 688 drinus
740 628 1124 686 Cellularum
1158 625 1482 696 presbyter
1529 628 1615 680 tot
1648 637 1888 681 menses
1939 623 2146 693 quoti-

490 729 592 786 die
624 727 838 785 adiens
863 737 1113 795 semper
1162 728 1445 780 orantem
1492 722 1744 778 invenit.

572 824 880 896 Expositis
924 822 1110 894 igitur
1144 823 1239 890 iis,
1292 835 1452 892 quae
1498 820 1557 876 in
1595 817 2148 890 Apophthegmatis

499 922 627 980 illis
681 921 756 978 de
803 920 1067 977 Macario
1121 916 1534 975 Alexandrino
1590 915 2012 987 reperiuntur,
2072 915 2146 971 ad

493 1018 903 1092 appendicem
952 1017 1560 1088 Apophthegmatum
1592 1013 1888 1070 ineditam
1943 1018 2149 1068 trans—

493 1117 588 1176 ire
638 1117 872 1174 licebit.

574 1212 729 1290 μθ.
768 1214 1009 1270 Etenim
1041 1212 1102 1268 in
1133 1225 1207 1268 ea
1246 1207 1614 1282 appendice,
1657 1208 1836 1265 cuius
1865 1209 2146 1267 codicem

493 1315 561 1372 in
592 1311 975 1368 bibliotheca
1027 1310 1322 1367 Caesarea
1373 1306 1831 1364 Vindobonensi
1873 1306 1998 1362 adii
2035 1303 2145 1380 (2),

492 1415 620 1468 tres
659 1409 957 1465 historiae
1003 1407 1080 1463 de
1113 1405 1378 1463 Macario
1427 1409 1688 1468 exstant,
1738 1417 2007 1474 quarum
2041 1403 2149 1460 ul-

492 1508 711 1564 timam
756 1505 833 1562 de
882 1510 1130 1562 mortuo
1180 1503 1254 1560 ad
1301 1500 1710 1559 refellendum
1763 1501 2146 1558 Hieracitam

488 1604 874 1662 haereticum
947 1619 981 1658 a
1063 1601 1327 1659 Macario
1406 1599 1710 1671 Aegyptio
1782 1598 2147 1656 resuscitato

489 1717 636 1760 cum
707 1701 1047 1758 lectoribus
1121 1697 1724 1755 communicavimus
1802 1697 1911 1770 (3).
1991 1697 2148 1753 Reli-

489 1815 670 1873 quae,
723 1812 992 1871 quarum
1043 1811 1165 1854 una
1216 1796 1278 1853 in
1327 1795 1560 1854 codicis
1601 1793 1705 1852 fol.
1763 1794 1894 1860 I48,
1952 1795 2148 1853 altera
2179 1779 2218 1831 Β

492 1898 600 1957 fol.
661 1901 795 1964 161,
834 1901 857 1952 1
911 1897 1198 1965 habetur,
1258 1894 1443 1952 latine
1497 1893 1775 1950 redditae
1808 1892 1921 1950 hae
1951 1899 2138 1950 sunt:

576 2017 599 2050 (
636 1995 797 2053 Dixit
855 1995 1156 2052 Macarius
1203 1994 1394 2050 abbas
1428 2010 1444 2047 :
1477 1992 1634 2060 Quid
1687 1992 1929 2049 iudicas
1956 1991 2146 2048 inter-

490 2097 761 2154 fectores
808 2099 868 2152 et
915 2093 1229 2150 adulteros
1279 2098 1341 2150 et
1383 2092 1866 2163 sepulchrorum
1911 2090 2145 2162 depila-

491 2201 679 2260 tores,
727 2197 787 2249 et
819 2193 869 2248 si
915 2191 1056 2262 quis
1106 2189 1267 2246 alius
1296 2188 1605 2246 eiusmodi
1639 2187 1789 2260 legis
1836 2186 2145 2247 violator?

493 2290 732 2348 Habent
787 2289 1062 2346 iudicem
1131 2301 1336 2344 suum.
1423 2289 1623 2343 Immo
1695 2286 1943 2357 inquire
2022 2299 2145 2342 non

491 2389 680 2448 modo
716 2388 784 2445 in
826 2387 1026 2443 aliena
1071 2386 1368 2455 facinora,
1446 2384 1554 2440 sed
1584 2384 1770 2440 etiam
1805 2384 1865 2441 in
1919 2384 2145 2440 delicta

493 2492 597 2546 tua
649 2500 834 2557 saepe
878 2483 1347 2556 praemeditata,
1395 2488 1454 2539 et
1497 2487 1555 2539 te
1587 2482 1791 2552 ipsum
1844 2496 2144 2553 saepenu-

495 2598 672 2642 mero
720 2582 997 2640 invenies
1048 2581 1170 2639 illis
1221 2581 1525 2652 peiorem.
1599 2579 1749 2637 Nam
1782 2586 1848 2638 tu
1889 2594 2145 2652 quoque

498 2681 745 2738 lascivis
787 2680 985 2738 oculis
1041 2693 1163 2736 non
1236 2692 1380 2736 raro
1444 2677 1943 2749 circumspexisti
2005 2695 2020 2743 ;
2083 2677 2145 2733 id

496 2779 688 2852 quod,
724 2783 790 2836 ut
821 2778 951 2848 ipse
997 2776 1139 2844 scis,
1180 2789 1397 2833 verum
1431 2775 1552 2831 iam
1603 2780 1695 2832 est
1739 2774 2140 2834 adulterium.

493 2875 688 2948 Saepe
741 2876 928 2933 etiam
1011 2874 1185 2932 fratri
1267 2879 1375 2931 tuo
1444 2872 1844 2936 maledixisti,
1941 2886 2146 2943 neque

492 2977 766 3047 ignoras,
817 2974 930 3030 hac
959 2972 1036 3029 de
1069 2986 1136 3029 re
1189 2971 1516 3028 Dominum
1570 2969 1899 3035 revelasse,
1934 2969 2146 3025 dicen-

493 3077 621 3131 tem
695 3084 1010 3144 quemque
1081 3069 1158 3125 ad
1215 3068 1469 3125 fratrem
1530 3082 1713 3124 suum
1776 3092 1803 3122 ‹‹
1866 3066 2054 3135 fatue,
2111 3083 2140 3118 »

495 3183 676 3229 reum
729 3183 864 3225 esse
920 3168 1237 3239 gehennae
1294 3165 1473 3236 ignis.
1539 3169 1760 3237 Atque,
1808 3164 1974 3235 quod
2013 3177 2146 3220 om-

493 3268 670 3326 nium
722 3265 1184 3324 atrocissimum
1240 3270 1352 3332 est,
1403 3265 1498 3320 vel
1552 3263 1843 3334 indignus
1887 3262 2146 3319 fortasse

495 3364 571 3421 ad
624 3369 833 3420 sancta
858 3369 919 3419 et
948 3363 1312 3419 intemerata
1355 3361 1490 3417 eius
1536 3360 1832 3431 mysteria
1877 3359 2143 3428 accedis,

495 3463 581 3519 ita
630 3466 691 3518 ut
742 3475 885 3517 reus
939 3460 1046 3515 ﬁas
1097 3457 1384 3532 corporis
1433 3463 1493 3514 et
1545 3457 1861 3527 sanguinis
1891 3456 2141 3514 Christi.

498 3558 609 3616 Ille
657 3557 868 3630 igitur,
928 3569 1116 3631 quem
1170 3554 1430 3623 iudicas,
1505 3568 1748 3612 merum
1826 3552 2146 3611 hominem

493 3654 798 3714 occidisse
855 3652 1349 3724 deprehenditur
1408 3668 1422 3718 ;
1482 3657 1544 3708 tu
1604 3666 1751 3709 vero
1803 3651 2148 3722 deprehen-

497 3753 667 3810 deris
710 3751 1023 3810 Christum
1072 3750 1279 3820 ipsum
1311 3749 1602 3806 occidens
1643 3749 1987 3820 mortisque
2013 3749 2149 3806 eius

496 3865 662 3915 reus,
720 3863 915 3920 quum
974 3847 1268 3919 indignus
1320 3846 1656 3918 participes
1709 3847 2148 3904 intemeratum

495 3961 725 4020 corpus
774 3953 834 4003 et
884 3945 1268 4017 sanguinem.
1329 3943 1500 4016 Legis
1553 3943 1721 4001 enim
1769 3961 1780 4000 :
1825 3943 1936 4013 Qui
1990 3944 2149 4001 indi-

494 4059 611 4119 gne
662 4043 995 4102 manducat
1048 4048 1107 4100 et
1165 4042 1348 4107 bibit,
1426 4055 1568 4099 reus
1619 4050 1710 4100 est
1757 4043 2043 4114 corporis
2090 4048 2150 4101 et

495 4143 814 4215 sanguinis
863 4140 1090 4199 Christi
1147 4145 1207 4197 et
1273 4140 1581 4198 iudicium
1634 4140 1754 4197 sibi
1813 4141 2150 4197 manducet

497 4245 558 4298 et
591 4240 748 4297 bibit
779 4258 794 4310 ;
827 4240 943 4295 hoc
989 4245 1080 4295 est
1115 4254 1128 4294 :
1162 4239 1334 4296 Sicut
1385 4239 1589 4295 Iudaei
1637 4239 1732 4296 illi
1781 4238 2150 4296 occiderunt

501 4351 670 4406 eum,
708 4337 789 4393 ita
822 4342 881 4393 et
924 4337 994 4407 ii,
1024 4336 1132 4407 qui
1165 4336 1400 4406 indigni
1431 4350 1665 4407 corpus
1694 4340 1754 4392 et
1783 4335 2148 4406 sanguinem

495 4432 630 4490 eius
676 4436 950 4496 sumunt,
1015 4431 1182 4489 idem
1237 4430 1496 4488 faciunt.
1560 4431 1712 4488 Nam
1753 4430 2149 4489 verisimilli-
2184 4474 2228 4528 υ

496 4544 670 4589 mum
714 4535 825 4597 est,
873 4533 932 4586 et
979 4544 1145 4595 eum,
1200 4529 1306 4602 qui
1341 4542 1688 4601 purpuram
1722 4529 1953 4602 regiam
1989 4531 2151 4586 scin-

495 4629 619 4695 dat,
651 4633 710 4686 et
741 4628 849 4700 qui
881 4642 1018 4685 eam
1050 4628 1345 4695 maculet,
1388 4624 1560 4694 166
1589 4627 1855 4684 eandem
1883 4631 2148 4686 mortem

497 4726 646 4800 pati.
701 4726 871 4784 Unde
915 4732 975 4782 et
1021 4726 1128 4798 qui
1173 4740 1402 4798 corpus
1446 4727 1581 4783 eius
1628 4726 1966 4798 aliquando
2014 4741 2151 4797 per-

497 4825 800 4897 forarunt,
853 4830 911 4879 et
956 4824 1061 4896 qui
1111 4839 1271 4881 nunc
1315 4823 1643 4896 inquinant
1687 4823 1864 4890 illud,
1915 4825 2150 4896 quippe

495 4925 745 4997 impura
795 4922 1002 4996 ipsum
1047 4929 1253 4980 mente
1298 4922 1737 4995 percipientes,
1784 4923 1952 4980 idem
2005 4936 2148 4980 cum

569 5149 649 5220 (l)
683 5149 789 5202 νγ.
823 5149 921 5202 PP.
957 5150 1147 5201 Rosw.
1177 5145 1279 5201 lib.
1317 5146 1358 5200 II
1391 5161 1518 5215 cap.
1553 5149 1620 5199 22
1648 5161 1708 5216 p,
1739 5143 1864 5210 478,
1894 5148 1913 5198 1
1959 5160 1972 5209 ;
2009 5144 2149 5199 Hist.

499 5241 670 5296 Laus.
689 5239 783 5293 ed.
817 5240 1022 5293 Meurs.
1053 5253 1180 5307 cap.
1221 5235 1290 5290 70
1317 5235 1468 5306 Opp.
1501 5237 1710 5292 Meurs.
1739 5234 1842 5289 lib.
1871 5236 1890 5288 I
1917 5249 1984 5304 p.
2025 5233 2147 5289 532.

500 5330 582 5385 Cf.
617 5343 804 5399 supra
841 5331 868 5395 §
899 5325 966 5380 28
997 5343 1056 5398 p.
1096 5327 1212 5380 I17.

568 5419 649 5492 (2)
697 5421 855 5474 Hanc
909 5416 1305 5488 appendicem
1347 5415 1779 5485 descripsimus
1812 5427 1998 5483 supra
2026 5411 2054 5482 ς
2085 5412 2147 5464 1-1

498 5524 559 5583 p.
591 5509 680 5574 36,
709 5507 977 5563 codicem
1009 5504 1158 5561 ibid.
1187 5510 1308 5560 not.
1343 5505 1396 5558 1.

567 5598 647 5671 (3)
669 5595 907 5668 Supra§
940 5597 1027 5651 14.
1062 5612 1119 5667 ρ.
1156 5598 1222 5652 49
1255 5609 1388 5666 sqq.

569 5691 645 5768 (4)
675 5690 918 5744 Textum
945 5701 1228 5758 graecum
1260 5699 1290 5740 e
1335 5682 1540 5740 codice
1580 5679 1959 5752 descriptum
1997 5678 2148 5750 legis

2261 527 2468 583 verbis
2514 527 2838 584 subibunt.
2886 546 2916 581 η

2346 644 2366 674 ι
2408 624 2571 681 Alias
2614 624 2932 682 confessus
2979 629 3070 681 est
3113 623 3413 680 Macarius
3443 622 3682 680 abbas:
3717 620 3924 688 Quum

2258 722 2472 779 iunior
2524 736 2723 780 essem
2782 723 3076 793 curisque
3134 721 3196 778 in
3256 722 3411 778 cella
3483 733 3790 788 vacarem,
3862 719 3928 774 in,

2258 834 2541 877 eremum
2594 820 2907 891 profectus
2957 834 3203 877 mecum
3261 825 3555 891 reputans
3599 817 3725 874 dixi
3764 816 3918 873 :Cui

2257 918 2558 984 occurris,
2614 932 2757 974 eum
2811 918 3123 988 interroga
3175 931 3288 988 pro
3335 916 3600 974 utilitate
3636 922 3767 972 tua.
3829 917 3926 969 At-

2258 1029 2379 1087 que
2437 1016 2771 1086 puerulum
2819 1015 3025 1074 inveni
3079 1016 3267 1073 boves
3323 1019 3699 1086 pascentem,
3764 1012 3866 1068 cui
3912 1031 3922 1067 :

2257 1113 2437 1181 Quid,
2475 1113 2755 1184 inquam,
2790 1114 3036 1182 faciam,
3068 1111 3350 1184 puerule,
3393 1110 3538 1186 quia
3573 1110 3780 1168 esurio
3806 1107 3838 1167 Ῡ
3870 1108 3927 1164 Is

2262 1211 2413 1267 mihi
2448 1227 2458 1266 ε
2492 1212 2783 1278 Comede,
2829 1211 3055 1283 inquit,
3117 1211 3388 1267 tandem.
3424 1209 3576 1265 Tum
3610 1223 3722 1280 ego
3757 1224 3767 1261 :
3807 1208 3924 1264 Co-

2261 1308 2448 1374 medi,
2481 1309 2587 1365 sed
2623 1309 2850 1365 iterum
2883 1310 3115 1365 esurio.
3158 1310 3240 1364 Ac
3270 1322 3484 1364 rursus
3527 1305 3682 1362 mihi
3713 1305 3870 1361 dixit
3908 1322 3919 1358 :

2257 1408 2661 1478 Ergoiterum
2692 1407 2972 1464 comede.
3006 1407 3306 1463 Similiter
3328 1410 3388 1461 et
3411 1420 3523 1476 ego
3555 1421 3566 1458 :
3606 1405 3930 1476 Saepenu-

2261 1520 2456 1572 mero,
2507 1506 2783 1576 inquam,
2821 1505 3090 1568 comedi,
3138 1505 3472 1575 denuoque
3502 1516 3750 1573 semper
3780 1516 3918 1557 esu-

2259 1603 2386 1674 pio.
2424 1604 2511 1660 Ad
2543 1604 2697 1659 haec
2726 1603 2836 1660 ille
2862 1602 3187 1673 respondit
3221 1620 3232 1659 :
3268 1602 3398 1658 Non
3432 1601 3699 1657 multum
3725 1599 3924 1665 abest,

2261 1706 2326 1758 ut
2373 1701 2584 1758 asinus
2632 1701 2737 1766 sis,
2794 1703 2977 1766 abba,
3027 1701 3264 1772 quippe
3308 1699 3416 1772 qui
3466 1713 3715 1770 semper
3757 1698 3922 1754 vesci

2260 1799 2432 1856 velis.
2468 1800 2678 1871 Itaque
2723 1805 2937 1856 nactus
2969 1798 3302 1855 utilitatem
3332 1797 3583 1854 discessi
3615 1792 3728 1873 (li).
3770 1816 3790 1846 ι

2341 1896 2462 1954 Etsi
2521 1896 2940 1969 perpulchrae
2987 1897 3101 1953 hae
3146 1896 3306 1952 duae
3343 1895 3641 1952 historiae
3690 1908 3914 1969 reapse

2256 1996 2507 2067 utrique
2560 1995 2974 2053 Macariorum
3024 1995 3184 2050 bene
3231 1993 3627 2057 conveniunt,
3668 1992 3912 2048 tribue-

2258 2098 2378 2150 rlm
2433 2099 2641 2151 tamen
2700 2107 2803 2150 eas
2855 2093 3156 2164 Aegyptio
3194 2109 3206 2159 ;
3242 2098 3302 2148 et
3353 2092 3615 2147 alteram
3660 2090 3921 2161 quidem

2257 2196 2512 2264 propter
2556 2189 3039 2246 similitudinem
3083 2190 3402 2247 doctrinae
3448 2203 3592 2245 cum
3637 2186 3921 2244 homiliis

2256 2289 2412 2353 eius,
2460 2289 2718 2344 alteram
2761 2289 2842 2344 ob
2877 2288 3073 2358 ipsius
3105 2301 3332 2343 nexum
3365 2301 3507 2342 cum
3551 2285 3812 2342 historia
3839 2284 3916 2341 de

2258 2392 2509 2443 mortuo
2540 2385 2614 2441 ad
2649 2384 3066 2442 refellendum
3099 2384 3474 2441 Hieracitam
3522 2382 3916 2448 resuscitato,

2256 2499 2414 2556 quae
2462 2484 2523 2541 in
2569 2483 2785 2540 codice
2831 2483 3118 2554 proxime
3149 2482 3483 2539 subiuncta
3530 2481 3604 2537 ad
3649 2479 3919 2536 eundem

2257 2582 2597 2639 Macarium
2648 2579 2905 2651 respicit
2937 2577 3040 2653 (5).

2336 2676 2492 2754 ἕω.
2549 2679 2865 2749 Superest,
2900 2683 2965 2734 ut
3006 2677 3162 2734 vitas
3202 2676 3472 2734 aliorum
3517 2676 3914 2740 Sanctorum,

2258 2777 2320 2834 in
2364 2776 2595 2848 quibus
2648 2775 3061 2832 Macariorum
3121 2780 3476 2832 nostrorum
3534 2774 3770 2831 mentio
3821 2772 3910 2834 ﬁt.

2256 2874 2706 2930 examinemus.
2760 2872 2955 2940 Quem
3007 2873 3070 2928 in
3121 2873 3307 2929 ﬁnem
3357 2872 3600 2944 singula
3641 2871 3918 2928 volumi-

2258 2987 2332 3028 na
2380 2972 2498 3028 AA.
2540 2970 2638 3028 SS.
2698 2971 2974 3028 Bollandi
3019 2970 3352 3041 diligenter
3398 2970 3766 3034 evolvimus,
3807 2969 3920 3026 sed

2259 3070 2492 3126 fructus
2543 3083 2774 3140 paucos
2826 3068 3240 3139 percepimus.
3303 3069 3603 3124 Macarius
3657 3066 3917 3123 Alexan-

2257 3167 2475 3224 drinus
2527 3166 2588 3223 in
2645 3165 2766 3222 ﬁne
2817 3165 3115 3236 epistolae
3169 3184 3197 3219 «
3254 3165 3576 3222 Ammonis
3625 3164 3911 3236 episcopi

2258 3266 2331 3322 ad
2387 3265 2803 3335 TheOphiIum
2859 3278 3082 3334 papam
3150 3263 3563 3321 Alexandriae
3616 3263 3693 3320 de
3751 3277 3904 3319 con-

2257 3363 2606 3420 versatione
2654 3366 2714 3417 et
2761 3361 3123 3433 particulari
3167 3362 3289 3417 vita
3342 3361 3401 3418 S.
3462 3360 3773 3417 Pachomii
3854 3365 3918 3416 et

2260 3460 2566 3517 Theodori
2610 3477 2639 3513 »
2685 3464 3092 3525 memoratur,
3150 3458 3259 3514 ubi
3315 3473 3458 3515 cum
3516 3458 3699 3515 beato
3747 3454 3912 3522 Pior,

2261 3557 2618 3623 Aelurione,
2677 3555 3007 3614 Ammonio
3060 3561 3119 3612 et
3169 3555 3430 3620 Isidoro,
3497 3555 3914 3612 anachoreta—

2261 3668 2399 3712 rum
2448 3654 2732 3711 omnium
2784 3653 3245 3725 antiquissimo,
3299 3653 3486 3710 etiam
3543 3649 3729 3708 beatus
3783 3647 3915 3708 Μα-

2257 3748 2453 3809 carius
2500 3751 2578 3808 iis
2626 3749 3099 3824 adnumeratur,
3149 3766 3309 3822 quos
3352 3751 3414 3807 in
3446 3756 3657 3808 monte
3686 3749 3922 3806 Nitriae

2262 3849 2627 3907 Ammonius
2701 3849 3037 3920 episcopus
3067 3849 3312 3906 viderat
3395 3852 3456 3905 et
3539 3861 3922 3920 magnopere

2258 3947 2602 4004 admiratus
2647 3951 2776 4002 erat
2824 3943 2909 4020 (6)
2956 3964 2968 4012 ;
3023 3946 3357 4003 Macarium
3409 3946 3599 4017 igitur
3649 3945 3918 4003 Alexan-

2258 4046 2510 4102 drinum
2545 4045 3018 4116 intelligendum
3051 4059 3186 4101 esse
3219 4043 3750 4101 verisimillimum
3797 4049 3915 4100 est.

2261 4145 2578 4200 Praeterea
2624 4142 2784 4199 inter
2826 4141 3126 4214 reliquias
3182 4142 3480 4198 ecclesiae
3540 4139 3919 4198 Senonensis

2268 4237 2432 4307 167
2491 4239 2738 4298 Macarii
2794 4239 3039 4297 abbatis
3107 4246 3509 4297 recensentur
3582 4238 3917 4310 reliquiae,

2259 4353 2418 4410 quae
2471 4352 2621 4394 num
2665 4337 3027 4394 alterutrius
3076 4351 3151 4394 ex
3199 4335 3428 4393 nostris
3463 4336 3744 4394 Macariis
3769 4335 3918 4406 sint,

2259 4442 2428 4493 certo
2473 4435 2684 4493 dicere
2735 4435 2955 4506 nequis
3004 4433 3115 4509 (7).
3176 4435 3407 4491 Rursus
3460 4434 3709 4491 Macarii
3745 4447 3918 4491 men-

2259 4534 2347 4592 tio
2396 4533 2461 4590 ﬁt
2502 4533 2566 4589 in
2620 4532 2747 4590 vita
2796 4531 2941 4589 Iusti
2995 4531 3274 4603 episcopi
3349 4530 3769 4602 Lugdunensis
3839 4531 3919 4588 ab

2259 4645 2572 4703 anonymo
2625 4630 2898 4702 quodam
2966 4628 3303 4701 descripta,
3372 4643 3531 4700 quae
3591 4628 3827 4699 prodiit
3885 4642 3917 4686 θ

2259 4729 2473 4787 codice
2525 4725 2760 4786 XXXIII
2826 4727 3092 4798 Reginae
3146 4726 3420 4783 Sueciae.
3481 4727 3680 4782 Iustus
3747 4727 3916 4782 enim

2261 4827 2593 4899 episcopus
2621 4831 2884 4883 exeunte
2931 4839 3092 4882 saec.
3137 4823 3208 4880 IV
3245 4826 3588 4898 Aegyptum
3626 4824 3912 4894 petierat.

2262 4925 2327 4983 In
2375 4924 2552 4982 cuius
2601 4924 2720 4981 vita
2769 4923 3040 4993 scriptor
3095 4922 3445 4994 incognitus
3509 4921 3661 4978 haec
3728 4924 3920 4978 verba

2262 5143 2416 5200 infra
2469 5145 2529 5200 in
2577 5144 2792 5199 harum
2837 5141 3268 5206 Quaestionum
3331 5139 3673 5210 Appendice
3725 5140 3921 5209 priore

2263 5233 2378 5288 sub
2401 5233 2448 5284 V
2478 5239 2524 5287 I.
2551 5237 2601 5287 2.

2333 5322 2410 5392 (5)
2444 5323 2579 5375 Eius
2607 5325 2797 5374 textus
2831 5335 3082 5388 graecus
3107 5318 3322 5388 legitur
3350 5334 3378 5372 e
3417 5317 3616 5374 codice
3650 5316 3920 5387 descrip-

2263 5416 2356 5467 tus
2386 5410 2539 5465 infra
2567 5409 2626 5464 in
2652 5409 2868 5465 harum
2900 5409 3326 5473 Quaestionum
3354 5405 3697 5478 Appendice
3721 5406 3919 5476 priore

2263 5499 2374 5554 sub
2407 5498 2469 5563 V,
2502 5503 2553 5553 3.

2333 5589 2410 5659 (6)
2444 5591 2558 5645 AA.
2587 5589 2690 5644 SS.
2716 5587 2857 5644 Boil.
2892 5588 3026 5644 Mai.
3058 5589 3117 5645 T.
3144 5587 3218 5642 III
3246 5601 3306 5658 p.
3331 5586 3454 5642 357.

2331 5678 2410 5752 (7)
2437 5678 2583 5735 Ibid.
2607 5678 2733 5738 Mai.
2766 5679 2830 5733 T.
2861 5675 2963 5734 v11
2989 5677 3201 5750 p.131,
3232 5677 3293 5732 F.
