4092 6256
281 317 377 374 1δῖ
1887 313 2119 372 VITAE.

289 448 427 506 facit
479 463 490 503 :

289 546 710 619 presbyterum
757 558 953 616 paene
1010 544 1134 601 iam
1200 543 1681 616 nonagenariam
1750 548 1918 601 aeta-

285 648 397 702 tem
429 647 704 714 agentem
765 641 916 713 vidi,
971 642 1150 699 cuius
1203 641 1358 698 mihi
1413 641 1712 698 relatione
1766 642 1921 698 haec

278 746 587 812 comperta
639 745 830 810 sunt;
887 755 1029 797 nam
1082 740 1143 796 in
1197 753 1487 798 sermone
1552 739 1686 797 eius
1743 740 1919 811 quasi

271 843 511 897 sanctae
559 839 857 896 historiae
905 838 1057 895 ﬁdes
1101 839 1317 895 inerat.
1373 837 1718 907 Referebat,
1763 853 1826 892 se
1859 838 1920 893 in

267 938 393 996 illis
437 936 637 994 eremi
687 935 970 1008 partibus
1021 936 1130 992 diu
1181 939 1492 993 moratum
1549 935 1760 999 fuisse,
1809 949 1921 992 nec

263 1035 465 1093 solum
517 1034 745 1093 vidisse
797 1030 1140 1091 beatissimi
1188 1033 1460 1090 nominis
1505 1032 1762 1103 Iustum,
1812 1032 1917 1090 sed

262 1134 447 1191 etiam
494 1131 918 1190 familiaritate
948 1132 1084 1189 eius
1128 1146 1308 1189 usum
1343 1130 1556 1202 fuisse,
1590 1146 1660 1187 ac
1687 1130 1920 1202 magni-

265 1230 448 1289 ﬁcum
503 1231 870 1303 apparuisse
913 1229 1074 1286 inter
1123 1229 1284 1298 illos,
1329 1229 1437 1300 qui
1491 1233 1634 1285 tunc
1689 1229 1749 1284 in
1786 1243 1919 1286 ere-

266 1342 369 1386 mo
426 1327 911 1386 revelationibus
971 1332 1157 1400 atque
1229 1326 1563 1384 virtutibus
1621 1333 1916 1398 tanquam

263 1440 480 1498 magna
525 1425 860 1483 luminaria
907 1424 1315 1498 refulgebant,
1359 1428 1639 1481 sanctum
1684 1425 1916 1481 Macha-

259 1525 449 1590 rium,
503 1522 853 1580 Pafnutium
913 1527 1300 1595 ceterosque,
1363 1535 1632 1594 quorum
1693 1521 1916 1578 sancti-

257 1621 398 1680 tatis
429 1621 599 1678 fama
647 1634 758 1692 per
799 1620 1115 1678 Orientem
1164 1619 1406 1691 vigebat
1451 1615 1555 1693 (1).
1617 1640 1636 1668 ι
1679 1619 1916 1676 Bollan-

253 1720 458 1778 distae
513 1719 848 1776 Macarium
908 1717 1278 1790 Aegyptium
1349 1717 1543 1775 Scetis
1593 1718 1911 1788 abbatem,

3599 334 3702 390 158

554 467 580 498 ‹‹
636 445 760 518 Ego
817 450 1023 504 autem
1083 446 1218 518 ipse
1274 449 1552 504 sanctum
1603 445 1915 518 quendam
1953 445 1995 495 A
2029 445 2227 512 Pater,
2317 461 2430 520 ego
2513 463 2546 507 a
2635 451 2699 508 te
2790 446 2932 511 volo
3015 452 3324 514 benedici.
3415 461 3695 535 Cumque

2031 543 2319 601 fecissent
2394 560 2630 618 preces,
2704 549 3017 607 sederunt.
3095 553 3237 610 Eam
3319 562 3524 614 autem
3595 575 3699 617 ro-

2031 641 2192 711 gavit
2273 643 2465 700 abbas
2535 644 2840 703 Macarius
2915 648 3128 707 dicens
3217 667 3227 707 :
3318 653 3419 710 llic
3512 657 3693 724 mihi,

2033 738 2245 808 frater,
2319 741 2630 800 undenam
2680 745 2873 811 venis,
2931 753 2990 803 et
3048 749 3214 818 quod
3271 759 3362 806 est
3413 754 3525 810 tibi
3581 769 3692 812 no-

2034 832 2226 894 men?
2255 837 2363 896 Illa
2395 854 2540 896 vero
2572 841 2726 897 dixit
2762 864 2772 900 :
2815 842 3011 900 Vocor
3057 846 3418 913 Dorotheus,
3457 857 3515 907 et
3545 867 3690 909 cum

2032 934 2370 993 audiissem
2414 936 2488 992 de
2537 939 2786 1010 sanctis,
2843 941 2950 1012 qui
2997 942 3096 999 hic
3153 951 3314 1010 sunt,
3374 946 3686 1018 Patribus,

2031 1032 2199 1089 volui
2268 1048 2389 1090 una
2452 1050 2597 1092 cum
2658 1037 2735 1093 iis
2793 1038 3094 1101 hab-itare,
3153 1042 3201 1098 si
3253 1044 3372 1100 sim
3441 1046 3683 1118 dignus.

2032 1130 2188 1188 Dicit
2244 1139 2450 1190 autem
2500 1134 2557 1190 ei
2603 1149 2821 1192 rursus
2857 1151 3040 1194 senex
3099 1155 3111 1193 :
3161 1139 3482 1208 Quodnam
3530 1159 3690 1217 opus

2030 1226 2225 1286 facis?
2265 1229 2344 1286 Ea
2380 1244 2528 1287 vero
2573 1231 2724 1289 dicit
2763 1248 2774 1286 :
2833 1232 3098 1300 Faciam,
3143 1236 3192 1293 si
3234 1240 3386 1309 quid
3432 1256 3532 1298 me
3596 1244 3687 1300 iu-

2031 1325 2158 1382 bes.
2211 1327 2262 1382 ls
2301 1332 2509 1384 autem
2552 1328 2823 1387 ostendit
2867 1330 2948 1395 ei,
2994 1338 3058 1388 ut
3103 1333 3331 1392 faceret
3378 1345 3682 1398 catenam.

2030 1423 2185 1480 Deus
2240 1439 2388 1483 vero
2441 1428 2652 1484 volens
2698 1428 3025 1486 ostendere
3072 1431 3207 1488 eius
3277 1435 3469 1493 animi
3518 1439 3690 1497 forti-

2027 1520 2330 1590 tudinem,
2389 1539 2510 1581 uon
2560 1524 2895 1583 declaravit
2943 1528 3152 1586 abbati
3207 1531 3495 1604 Macario,
3547 1551 3684 1594 eam

2024 1633 2156 1675 esse
2205 1619 2527 1688 feminam,
2587 1623 2694 1678 sed
2746 1623 2798 1680 is
2863 1630 3154 1697 tanquam
3225 1629 3428 1688 virum
3491 1649 3689 1692 eunu-

2024 1716 2213 1774 chum
2271 1733 2408 1775 eam
2465 1735 2599 1777 esse
2652 1722 2927 1792 putabat.
2991 1725 3206 1783 Multas
3253 1733 3461 1786 autem
3509 1747 3686 1790 cura-

254 1818 365 1875 ubi
413 1817 607 1874 etiam
660 1815 1038 1888 Paphnutius
1081 1816 1278 1872 abbas
1325 1815 1605 1888 degebat,
1653 1813 1911 1886 intelligi
1945 1790 1991 1847 Β
2025 1813 2224 1871 tiones
2270 1816 2426 1873 Deus
2466 1832 2576 1888 per
2622 1790 2760 1875 eam
2801 1822 3038 1891 peregit
3073 1820 3181 1896 (5).
3232 1843 3261 1877 »
3317 1827 3400 1883 Ac
3441 1837 3686 1887 sanctae

253 1915 422 1974 haud
466 1921 702 1973 temere
749 1915 1034 1971 arbitrati
1082 1919 1225 1972 sunt
1268 1911 1379 1989 (2).
1434 1913 1674 1983 Verbis,
1713 1933 1740 1963 «
1785 1919 1914 1970 tan-

249 2028 439 2086 quam
487 2027 711 2085 magna
758 2011 1092 2070 luminaria
1136 2012 1549 2084 refulgebant,
1586 2029 1612 2062 ι)
1644 2010 1912 2082 scriptor

248 2126 606 2184 anonymus
665 2111 742 2168 ad
811 2109 1010 2168 Ruﬁni
1086 2110 1317 2168 librum
1373 2111 1685 2181 respicere
1745 2109 1913 2166 vide-

249 2214 348 2268 tur
406 2206 520 2284 (3).
601 2208 874 2280 Denique
931 2208 1110 2279 plura
1164 2209 1448 2280 leguntur
1505 2207 1582 2264 de
1641 2207 1911 2264 Macario

253 2307 561 2381 Aegyptio
623 2306 686 2364 in
749 2305 875 2362 vita
933 2305 990 2363 S.
1052 2305 1432 2378 Apollinaris
1502 2304 1905 2376 Syncleticae,

252 2405 602 2464 Dorotheus
668 2407 1082 2474 nuncupatae,
1140 2418 1328 2475 quam
1386 2403 1508 2460 iam
1559 2403 1911 2460 accuratius

249 2508 740 2576 pertractemus.
781 2501 1038 2559 Summa
1085 2506 1290 2558 autem
1321 2515 1555 2568 rerum,
1586 2516 1746 2571 quae
1776 2501 1912 2558 eius

248 2602 368 2660 vita
395 2601 829 2664 continentur,
867 2599 988 2656 huc
1019 2599 1180 2656 redit
1213 2617 1224 2654 :

330 2699 717 2773 Apollinaris
747 2698 942 2769 virgo,
981 2697 1291 2754 Anthemii
1326 2697 1726 2768 imperatoris
1757 2695 1905 2768 ﬁlia,

249 2799 408 2856 vitae
482 2796 893 2855 monachicae
967 2795 1173 2852 studio
1225 2799 1379 2862 acta,
1437 2809 1632 2868 quum
1701 2799 1908 2852 sancta

249 2896 388 2955 loco
437 2895 764 2953 invisisset
811 2899 871 2951 et
919 2893 1355 2950 Alexandriam
1413 2894 1783 2966 navigasset,
1829 2892 1905 2950 ad

250 2995 659 3068 sepulchrum
741 2991 800 3049 S.
876 2991 1132 3050 Mennae
1221 2993 1407 3049 venit.
1486 2991 1634 3049 Inde
1704 2997 1906 3063 patres

253 3092 444 3150 Scetis
480 3091 752 3155 aditura,
788 3089 894 3148 ubi
937 3103 1133 3162 prope
1189 3089 1480 3161 paludem
1537 3089 1600 3145 in
1647 3088 1901 3153 fontem,

254 3190 359 3262 qui
411 3190 547 3247 fons
597 3186 976 3260 Apollinaris
1022 3190 1236 3257 postea
1292 3185 1595 3258 appellari
1642 3187 1902 3254 solebat,

255 3287 496 3354 incidit,
551 3285 872 3344 lecticario
924 3289 983 3342 et
1040 3285 1271 3342 comite
1320 3283 1561 3341 itineris
1617 3284 1906 3341 eunucho

261 3384 736 3455 dormientibus,
793 3387 989 3440 vestes
1047 3383 1307 3440 mutavit
1371 3382 1716 3453 habituque
1768 3395 1907 3438 mo-

267 3481 549 3549 nachico,
594 3496 775 3552 quem
827 3494 1040 3538 secum
1095 3480 1485 3545 reconderat,
1544 3479 1782 3544 induto,
1844 3478 1904 3536 in

263 3578 558 3650 paludem
605 3578 828 3650 effugit.
872 3575 1047 3645 168
1087 3579 1200 3637 Ubi
1255 3577 1483 3636 multos
1531 3592 1725 3634 annos
1761 3591 1904 3634 cum

259 3677 672 3735 daemonibus
727 3681 993 3748 certans,
1055 3691 1284 3748 corpus
1341 3691 1375 3733 a
1432 3675 1741 3734 culicibus
1804 3689 1907 3730 ex-

247 3789 421 3833 esum
475 3774 623 3848 pelli
687 3773 1016 3834 testudinis
1059 3774 1266 3832 simile
1309 3775 1578 3846 gerebat.
1627 3774 1836 3830 Postea
1872 3785 1905 3829 a

247 3874 366 3931 Deo
408 3874 652 3940 edocta,
690 3879 757 3932 ut
817 3872 1220 3945 interroganti
1270 3886 1497 3929 nomen
1544 3871 1740 3943 ipsius
1784 3871 1905 3928 Do-

244 3972 502 4030 rotheus
559 3971 818 4037 diceret,
875 3978 931 4028 et
992 3970 1219 4042 palude
1267 3983 1510 4040 egressa
1567 3973 1659 4026 est
1705 3983 1903 4026 eunu-

241 4070 394 4128 chus
443 4071 526 4127 ab
575 4069 871 4126 omnibus
922 4068 1160 4125 habita.
1212 4089 1233 4119 ι
1289 4068 1441 4124 Cum
1489 4071 1648 4124 esset
1695 4071 1902 4124 autem

244 4182 448 4242 mane,
501 4165 781 4226 occurrit
811 4166 867 4223 ei
899 4167 958 4224 S.
1002 4164 1330 4235 Macarius,
1361 4169 1421 4221 et
1469 4162 1622 4221 dicit
1650 4164 1706 4221 ei
1739 4180 1751 4220 :
1789 4164 1903 4220 Be-

239 4267 448 4336 nedic,
503 4268 700 4338 pater.
757 4263 851 4322 Illi
897 4270 1101 4322 autem
1153 4263 1289 4320 data
1322 4261 1439 4320 sibi
1491 4261 1755 4320 invicem
1804 4277 1902 4319 ca-

240 4364 422 4422 ritate
480 4361 888 4420 ambulabant
944 4361 1007 4418 in
1065 4360 1426 4418 solitudine.
1494 4359 1901 4431 Interrogavit

239 4476 388 4520 vero
439 4461 791 4520 Dorotheus
846 4459 1058 4516 dicens
1110 4475 1122 4514 :
1184 4459 1380 4524 Pater,
1424 4457 1568 4530 quis
1605 4471 1672 4514 es
1717 4455 1747 4514 ‘2
1790 4456 1898 4515 Ille

240 4563 448 4617 autem
501 4558 707 4615 dixit:
757 4558 880 4629 Ego
935 4571 1072 4614 sum
1121 4555 1442 4612 Macarius.
1504 4555 1556 4611 Is
1608 4568 1754 4612 vero
1806 4555 1900 4612 di-

240 4656 330 4714 xit
377 4680 390 4715 :
446 4657 730 4728 Fungere
769 4654 976 4713 ofﬁcio
1017 4653 1296 4712 caritatis
1343 4670 1355 4717 ;
1410 4653 1545 4710 sine
1586 4666 1686 4709 me
1719 4651 1897 4709 habi-

238 4759 366 4812 tare
409 4769 561 4813 cum
612 4753 927 4811 fratribus.
966 4753 1251 4810 Praebuit
1301 4757 1510 4808 autem
1555 4750 1611 4806 ei
1645 4763 1898 4823 quoque

237 4848 461 4910 cellam
497 4851 780 4924 protinus
829 4848 938 4926 (4).
995 4870 1024 4903 »
1075 4850 1192 4908 Isto
1225 4848 1413 4921 igitur
1455 4847 1590 4906 loco
1641 4847 1745 4904 die
1781 4862 1897 4905 no-

235 4957 468 5023 ctuque
515 4963 702 5008 orans
740 4949 1045 5008 acerrime
1084 4947 1382 5004 certabat.
1433 4964 1458 4998 α
1485 4945 1765 5014 Quodam
1791 4960 1897 5004 au-

237 5053 360 5108 tem
386 5050 494 5108 die
519 5047 716 5105 abbas
754 5045 1056 5105 Macarius
1085 5045 1250 5103 venit
1293 5044 1357 5103 in
1384 5043 1520 5102 eius
1548 5042 1794 5108 cellam,
1836 5046 1898 5100 et

237 5145 384 5206 dicit
435 5147 498 5206 ei
549 5162 562 5201 :
619 5145 896 5218 Fungere
945 5143 1152 5202 ofﬁcio
1204 5141 1504 5209 caritatis,
1563 5142 1724 5200 bone
1774 5140 1896 5198 fra-

239 5247 373 5314 ter;
439 5244 662 5305 emitte
733 5242 916 5300 nobis
972 5255 1212 5314 preces.
1284 5241 1392 5298 Illa
1463 5252 1610 5297 vero
1669 5238 1821 5296 dicit
1876 5253 1891 5295 :

309 5466 380 5538 (I)
415 5465 570 5522 Ibid.
606 5467 766 5536 Sept.
795 5463 857 5518 T.
885 5465 902 5517 I
933 5480 989 5534 p.
1023 5462 1124 5518 373
1157 5477 1289 5532 cap.
1320 5463 1371 5515 4.

310 5554 622 5627 (2)1bid.p.
652 5554 758 5611 374
779 5559 904 5608 not.
923 5552 963 5607 ἶ.
987 5551 1069 5607 Cf.
1099 5565 1283 5622 supra
1310 5547 1339 5611 ᾗ
1363 5549 1431 5604 38
1459 5563 1521 5620 p.
1555 5552 1674 5605 I62.

307 5645 382 5717 (3)
413 5646 525 5701 νγ.
558 5643 669 5700 PP.
701 5646 894 5699 Rosw.
930 5641 1036 5699 lib.
1069 5641 1115 5695 II
1163 5655 1297 5712 cap.
1329 5641 1397 5694 28
1422 5654 1481 5710 p.
1511 5638 1635 5704 479,
1671 5641 1744 5708 2;
1779 5636 1892 5692 Ru-

246 5729 343 5790 ﬁni
364 5737 514 5810 Opp.
544 5735 621 5795 ed
652 5733 905 5792 Vallarsi
938 5750 997 5805 p.
1027 5732 1151 5797 I93,
1182 5729 1378 5801 Migne
1413 5745 1472 5803 p.
1505 5731 1642 5784 450.

2023 1913 2279 1983 quidem
2328 1929 2449 1970 una
2477 1916 2608 1972 sola
2651 1921 2785 1972 erat
2825 1930 3028 1989 soror,
3073 1927 3251 1990 capta
3295 1937 3329 1978 a
3356 1925 3682 1995 daemone,

2023 2008 2130 2079 qui
2192 2009 2468 2068 lacerare
2527 2026 2665 2068 eam
2714 2014 2922 2084 coepit
2993 2021 3054 2071 et
3108 2016 3316 2076 dicere
3377 2039 3389 2077 :
3456 2023 3580 2079 Nisi
3622 2025 3687 2082 in

2021 2107 2425 2166 solitudinem
2476 2123 2574 2167 me
2623 2111 2913 2180 tuleritis,
2970 2128 3091 2170 non
3136 2117 3420 2187 egrediar
3476 2135 3548 2178 ex
3588 2136 3682 2179 ea.

2022 2204 2296 2262 Tandem
2348 2207 2690 2278 imperator
2740 2222 2963 2280 magno
3014 2226 3157 2268 cum
3201 2215 3500 2274 comitatu
3543 2233 3681 2276 eam

2022 2303 2098 2360 ad
2171 2309 2379 2376 patres
2444 2305 2801 2363 solitudinis
2866 2307 3128 2366 dimisit.
3202 2330 3230 2362 «
3297 2312 3578 2385 Cumque
3636 2317 3682 2374 ii

2022 2402 2332 2459 venissent
2388 2402 2451 2460 in
2507 2404 2760 2473 Scetim,
2819 2405 2989 2462 novit
3036 2406 3096 2464 S.
3158 2409 3481 2477 Macarius,
3539 2428 3690 2487 pro-

2022 2503 2160 2571 pter
2216 2515 2551 2572 quamnam
2623 2515 2878 2559 causam
2949 2504 3152 2562 adsint
3215 2506 3278 2563 in
3347 2509 3456 2568 illo
3519 2511 3682 2584 loco,

2021 2595 2223 2668 iisque
2307 2613 2669 2671 progressus
2750 2601 3023 2667 obviam,
3111 2607 3358 2678 excepit
3439 2623 3546 2666 eos
3627 2617 3689 2669 et

2020 2694 2174 2752 dixit
2229 2714 2242 2753 :
2301 2695 2456 2764 Quid
2522 2697 2643 2754 huc
2699 2698 3016 2768 acceditis,
3078 2715 3116 2757 o
3170 2699 3334 2759 ﬁlii?
3390 2705 3481 2762 Illi
3539 2721 3686 2766 vero

2018 2793 2310 2851 dixerunt
2397 2809 2408 2849 :
2480 2794 2699 2852 Noster
2764 2797 3058 2867 inprimis
3127 2800 3268 2870 pius
3341 2803 3687 2875 imperator

2022 2891 2386 2948 Anthemius
2455 2892 2624 2950 misit
2671 2893 2864 2950 ﬁliam
2935 2910 3136 2966 suam,
3206 2904 3274 2956 ut
3322 2914 3433 2971 per
3494 2903 3682 2960 Deum

2019 2994 2274 3046 curetur
2316 2994 2375 3045 et
2416 3003 2632 3059 preces
2659 2997 2910 3048 vestras.
2963 2990 3118 3050 Cum
3149 3010 3288 3052 eam
3333 3004 3540 3056 autem
3585 3016 3683 3058 ac-

2017 3085 2282 3158 cepisset
2334 3101 2367 3142 a
2422 3084 2596 3154 169
2648 3087 3062 3157 cubiculario,
3108 3092 3364 3151 deduxit
3415 3111 3553 3153 eam
3604 3099 3679 3155 ad

2017 3184 2306 3241 abbatem
2356 3185 2755 3257 Dorotheum,
2805 3190 2860 3242 et
2908 3188 3059 3245 dicit
3101 3191 3158 3248 ei
3198 3210 3208 3247 :
3248 3192 3520 3264 [iungere
3549 3196 3682 3252 ofﬁ-

2017 3282 2116 3339 cio
2158 3281 2456 3353 caritatis,
2502 3283 2800 3354 quoniam
2845 3289 2939 3342 est
2985 3285 3111 3342 ﬁlia
3155 3287 3576 3360 imperatoris,
3624 3296 3686 3351 et

2015 3393 2176 3451 opus
2206 3379 2392 3436 habet
2416 3385 2662 3451 patrum
2695 3382 2988 3452 precibus
3032 3390 3092 3442 et
3130 3388 3366 3445 vestris.
3403 3390 3521 3448 Ora
3564 3405 3680 3462 pro

2017 3491 2110 3546 ea,
2171 3481 2239 3534 ut
2308 3483 2584 3534 curetur.
2659 3478 2817 3536 Haec
2883 3486 2973 3537 est
3030 3483 3198 3540 enim
3257 3499 3498 3544 merces
3550 3495 3677 3548 tua.

2017 3573 2178 3630 Haec
2221 3578 2428 3632 autem
2473 3589 2617 3632 cum
2662 3575 2984 3644 audiisset,
3030 3582 3239 3652 coepit
3282 3583 3429 3641 ﬂere
3489 3590 3550 3643 et
3593 3586 3682 3643 di-

2016 3685 2157 3728 cere
2217 3689 2236 3727 :
2295 3673 2588 3740 Quisnam
2647 3688 2760 3744 ego
2812 3690 2949 3733 sum
3013 3686 3318 3748 peccator,
3381 3683 3548 3753 quod
3603 3685 3680 3741 de

2017 3783 2118 3827 me
2198 3771 2382 3826 talem
2462 3771 2805 3842 concepisti
2878 3774 3292 3844 opinionem?
3355 3779 3681 3853 Flexisque

2015 3867 2277 3939 genibus
2345 3868 2591 3924 dicebat
2650 3889 2662 3921 :
2740 3866 3022 3928 Concede
3093 3875 3271 3941 mihi,
3347 3884 3542 3948 pater,
3615 3884 3680 3937 ut

2016 3978 2152 4020 mea
2212 3967 2462 4034 peccata
2518 3965 2815 4035 deﬂeam;
2891 3982 3034 4024 nam
3109 3971 3302 4028 multa
3347 3979 3509 4031 sunt.
3555 3976 3678 4048 Ego

2014 4061 2180 4118 enim
2228 4075 2366 4118 sum
2411 4059 2790 4131 imbecillus,
2841 4066 3147 4136 planeque
3191 4068 3365 4124 rudis
3408 4076 3468 4126 et
3511 4071 3678 4141 igna-

2015 4172 2121 4215 rus
2149 4159 2226 4215 ad
2260 4157 2416 4215 hanc
2448 4172 2602 4215 rem.
2655 4158 2809 4216 Dicit
2837 4161 2893 4217 ei
2940 4163 3133 4220 abbas
3165 4164 3472 4224 Macarius
3521 4183 3533 4221 :
3585 4169 3675 4226 An

2013 4269 2134 4312 non
2179 4261 2321 4312 sunt
2362 4255 2550 4312 etiam
2589 4255 2695 4312 alii
2741 4263 2968 4327 patres,
3031 4260 3139 4330 qui
3187 4276 3296 4333 per
3350 4263 3540 4320 Deum
3590 4265 3674 4323 si-

2011 4367 2126 4425 gna
2178 4352 2458 4411 faciunt?
2516 4351 2634 4410 Sed
2680 4359 2887 4412 tamen
2945 4356 3095 4413 haec
3151 4361 3451 4418 remansit
3498 4376 3674 4420 mer-

2010 4465 2131 4510 ces.
2181 4449 2291 4508 Illa
2335 4465 2483 4508 vero
2521 4451 2671 4508 dicit
2719 4470 2731 4506 :
2767 4453 2896 4510 Fiat
2929 4453 3029 4511 Dei
3073 4458 3375 4530 voluntas,
3407 4467 3467 4518 et
3502 4467 3670 4519 mota

2011 4549 2388 4619 poenitentia
2451 4563 2587 4605 eam
2655 4551 2894 4622 accepit
2947 4551 3010 4609 in
3079 4555 3326 4626 cellam,
3385 4563 3446 4614 et
3501 4561 3704 4616 novit'

2007 4660 2146 4703 eam
2214 4661 2348 4704 esse
2404 4661 2709 4714 sororem,
2766 4648 3042 4721 ﬂensque
3088 4653 3464 4724 conquievit.
3520 4657 3668 4713 Eam

2009 4748 2214 4800 autem
2251 4746 2539 4816 amplexa
2566 4744 2723 4802 dixit
2773 4763 2785 4800 :
2836 4746 2994 4803 Bene
3026 4750 3269 4821 venisti,
3316 4767 3516 4810 soror.
3563 4755 3664 4812 Dei

2007 4856 2157 4901 vero
2204 4855 2397 4914 opere
2460 4843 2574 4899 fuit
2638 4857 2708 4900 os
2759 4845 3150 4903 obstructum
3221 4848 3534 4918 daemoni,
3591 4869 3666 4911 ne

2007 4945 2293 5013 argueret
2320 4940 2609 4998 ancillam
2641 4940 2774 5014 Dei,
2809 4944 2976 5014 quod
3006 4951 3165 5002 esset
3211 4947 3456 5006 femina.
3509 4951 3662 5008 Cum

2006 5044 2212 5097 autem
2254 5038 2519 5097 daemon
2566 5053 2704 5096 eam
2760 5040 2869 5098 diu
2922 5041 3238 5115 afﬂigeret,
3297 5061 3408 5118 per
3445 5063 3662 5120 preces

2007 5151 2150 5197 eum
2189 5136 2431 5194 domuit
2469 5134 2579 5214 (6).
2628 5157 2658 5192 ιι
2697 5138 2917 5196 Sanata
2947 5140 3202 5198 demum
3234 5143 3361 5202 ﬁlia
3400 5146 3660 5204 domum

2005 5235 2194 5294 rediit
2220 5249 2365 5293 cum
2395 5249 2622 5309 magna
2650 5236 2918 5296 civitatis
2942 5239 3193 5297 laetitia.
3227 5242 3344 5300 Sed
3377 5249 3664 5314 postmo-

2076 5453 2155 5524 (4)
2185 5455 2298 5508 AA.
2334 5453 2435 5509 SS.
2457 5452 2604 5510 Boll.
2637 5455 2758 5513 Ian.
2785 5457 2845 5511 T.
2880 5457 2901 5511 ι
2931 5474 2989 5529 p.
3019 5460 3124 5514 260
3155 5475 3287 5532 cap.
3320 5465 3393 5534 3._

2077 5543 2155 5615 (δ)
2181 5543 2335 5598 Ibid.

2075 5631 2154 5706 (6)
2185 5631 2336 5688 Ibid.
2373 5647 2508 5707 cap.
2536 5633 2589 5691 4.
