4092 6256
493 286 598 341 159

492 414 642 473 dum
678 413 967 472 diabolus
1021 429 1158 472 eam
1203 427 1419 471 rursus
1464 413 1546 469 ita
1587 411 1801 481 subiit,
1852 416 1920 470 ut
1961 427 2145 484 prae-
2180 421 2220 474 Α

490 527 684 584 gnans
727 513 1059 570 videretur.
1112 511 1494 569 Examinanti
1539 516 1744 567 autem
1792 510 1906 567 ista
1951 509 2139 582 impe-

491 610 683 667 ratori
738 609 1061 682 instigante
1132 609 1382 666 diabolo
1452 607 1791 678 respondit,
1851 623 1885 664 a
1931 622 2142 664 mona-

490 708 610 765 cho
672 708 974 765 Dorotheo
1016 707 1270 764 allatum
1334 706 1452 762 sibi
1499 712 1784 776 stuprum
1834 721 1986 763 esse.
2037 705 2146 762 Sa-

487 805 790 863 tellitibus
820 805 1170 878 igiturirati
1221 803 1522 876 principis
1566 805 1628 860 in
1671 803 1896 861 Scetim
1943 805 2148 860 missis

492 904 832 962 Dorotheus
883 903 1015 974 ipse
1067 919 1130 960 se
1183 901 1430 968 obtulit,
1470 903 1928 973 abeuntemque
1983 908 2148 959 totus

488 1005 823 1058 conventus
865 1000 1115 1057 tristitia
1159 999 1421 1055 afﬂictus
1479 999 1771 1068 precibus
1822 998 1950 1055 suis
2006 1013 2146 1070 pro-

485 1103 732 1156 secutus
793 1103 904 1156 est.
964 1117 992 1150 «
1041 1098 1285 1154 Sciebat
1337 1095 1508 1154 enim
1567 1097 1760 1153 abbas
1818 1096 2140 1160 Macarius,

483 1197 548 1254 in
590 1195 699 1254 illo
748 1197 900 1253 nihil
939 1211 1073 1252 esse
1120 1195 1289 1252 mali.
1348 1215 1375 1249 »
1421 1195 1508 1252 Ad
1562 1195 1766 1250 aulam
1816 1194 2143 1251 deductam

484 1308 678 1366 quum
753 1294 1092 1366 imperator
1179 1307 1460 1366 uxorque
1534 1292 1669 1349 eius
1732 1292 2139 1364 excepissent,

483 1406 554 1449 ac
602 1407 666 1448 se
735 1391 973 1448 detecta
1030 1390 1282 1448 veritate
1353 1389 1724 1447 dimissuros
1786 1404 1923 1447 eam
2007 1405 2142 1447 esse

483 1488 934 1562 promisissent,
984 1487 1174 1546 ﬁliam
1219 1489 1499 1559 ipsorum
1556 1503 1622 1548 se
1671 1487 1776 1545 illa
1832 1488 2138 1558 exhibuit,

480 1601 823 1658 sororeque
875 1591 1082 1643 sanata
1138 1590 1275 1657 post
1327 1601 1558 1658 paucos
1611 1585 1743 1642 dies
1793 1585 1857 1641 in
1909 1585 2136 1642 Scetim

479 1699 725 1742 reversa
756 1690 866 1751 est,
899 1683 1004 1740 ubi
1039 1697 1182 1740 mox
1223 1700 1254 1738 e
1299 1683 1534 1740 mundo
1577 1697 1641 1740 se
1683 1682 1990 1740 exituram
2036 1683 2138 1739 in-

473 1782 756 1854 telligens
784 1781 993 1838 abbati
1041 1781 1305 1838 Macario
1342 1797 1353 1835 :
1410 1801 1432 1832 ‹
1470 1781 1599 1843 Fac,
1653 1803 1674 1834 ι
1715 1780 1936 1852 inquit,
1968 1799 1994 1832 (ι
2045 1780 2134 1837 of-

473 1879 684 1937 ﬁcium
729 1878 1021 1935 caritatis.
1067 1877 1130 1935 Si
1173 1878 1497 1949 contigerit
1551 1893 1649 1934 me
1694 1892 1728 1934 e
1785 1878 1907 1934 vita
1957 1892 2131 1935 exce-

471 1976 640 2042 dere,
695 1992 771 2033 ne
817 1991 914 2033 me
950 1983 1326 2048 componant
1367 1977 1678 2033 monachi.
1732 1976 1784 2033 ls
1841 1990 1988 2033 vero
2039 1976 2129 2034 di-

472 2074 556 2132 cit
603 2075 659 2130 ei
710 2093 722 2132 :
778 2075 1100 2143 Quomodo
1151 2080 1351 2145 potest
1397 2075 1514 2130 hoc
1562 2069 1743 2130 ﬁeri?
1796 2075 1873 2130 Ea
1922 2080 2129 2131 autem

470 2179 902 2230 consummatu
961 2179 1262 2229 venerunt
1319 2171 1510 2228 sancti
1580 2177 1807 2242 patres,
1875 2176 1938 2228 ut
1993 2187 2129 2229 san-

472 2275 639 2327 ctum
708 2270 842 2326 eius
911 2283 1140 2338 corpus
1203 2269 1495 2325 lavarent.
1563 2267 1860 2325 Viderunt
1920 2273 2125 2325 autem

469 2381 608 2425 eam
665 2382 800 2425 esse
856 2382 1006 2424 sexu
1063 2368 1380 2435 feminam,
1441 2373 1500 2423 et
1552 2367 1977 2424 exclamarunt
2028 2364 2126 2422 di-

470 2471 681 2523 centes
728 2483 739 2520 :
787 2464 998 2522 Gloria
1029 2464 1167 2529 tibi,
1215 2465 1477 2527 Christe.
1529 2466 1633 2536 qui
1681 2465 1909 2521 multos
1938 2464 2126 2520 habes

467 2566 709 2620 sanctos
766 2561 1061 2619 occultos.
1136 2562 1490 2618 Admiratus
1552 2558 1724 2627 170
1789 2565 1880 2618 est
1918 2566 2124 2617 autem

469 2660 664 2716 abbas
733 2659 1055 2720 Macarius.
1129 2658 1296 2731 quod
1351 2659 1469 2716 hoc
1537 2659 1655 2716 sibi
1715 2672 1837 2715 non
1906 2655 2124 2715 fuisset

468 2758 830 2814 revelatum.
901 2755 1032 2813 Una
1087 2772 1233 2813 vero
1306 2763 1484 2814 nocte
1553 2755 1720 2812 videt
1792 2755 2116 2822 visionem,

466 2869 627 2926 quae
669 2855 726 2912 ei
767 2855 918 2912 dicit
963 2869 975 2909 :
1031 2855 1113 2911 Ne
1170 2854 1411 2926 angaris
1457 2859 1804 2925 propterea.
1869 2852 2121 2924 Oportet

465 2953 632 3009 enim
690 2957 748 3010 te
805 2952 1091 3010 coronari
1150 2966 1293 3009 cum
1350 2951 1574 3008 sanctis
1646 2951 1948 3022 patribus,
2009 2949 2117 3021 qui

462 3056 604 3108 sunt
651 3065 685 3107 a
722 3050 992 3109 saeculo.
1041 3051 1210 3109 Tunc
1252 3051 1307 3107 ei
1351 3051 1625 3107 narravit
1666 3049 1854 3106 vitam
1905 3054 1965 3105 et
2012 3062 2118 3105 no-

461 3163 604 3206 men
666 3151 898 3208 beatae.
963 3149 1299 3220 Allatisque
1368 3148 1591 3205 sanctis
1645 3147 1781 3204 eius
1835 3145 2119 3218 reliquiis
2157 3124 2196 3177 (ἶ

460 3261 598 3304 eam
643 3252 985 3317 posuerunt
1035 3247 1111 3303 ad
1164 3246 1474 3303 Orientem
1525 3251 1771 3301 sanctae
1819 3243 2116 3300 ecclesiae

461 3344 524 3400 in
569 3348 749 3400 antro
794 3343 1035 3399 abbatis
1079 3343 1323 3400 Macarii
1349 3357 1490 3399 cum
1523 3341 1750 3412 gaudio
1792 3345 1853 3398 et
1895 3340 2110 3411 gloria,

464 3455 656 3511 usque
684 3442 741 3497 in
789 3441 1160 3497 hodiernum
1182 3440 1368 3507 diem,
1421 3453 1532 3509 per
1566 3440 1751 3495 Deum
1783 3443 1840 3494 et
1873 3443 2114 3494 sanctos

459 3544 685 3611 patres,
770 3545 826 3594 et
901 3542 1038 3609 post
1120 3542 1362 3593 sanctae
1446 3535 1890 3593 dormitionem
1977 3548 2110 3604 per-

455 3641 720 3708 aguntur
765 3635 1118 3692 curationes
1159 3633 1350 3706 gratia
1395 3639 1455 3690 et
1494 3633 1823 3690 clementia
1870 3632 2110 3689 Domini

456 3733 650 3791 nostri
706 3734 837 3790 lesu
898 3731 1145 3802 Christi,
1201 3731 1300 3788 cui
1360 3731 1554 3802 gloria
1611 3735 1672 3787 et
1725 3729 1995 3800 potentia
2045 3729 2107 3786 in

453 3830 698 3887 saecula
747 3828 852 3905 (1).
916 3853 940 3880 ››
998 3829 1190 3898 Quem
1263 3829 1516 3900 quidem
1574 3828 1906 3884 Macarium
1957 3841 2102 3892 non,

453 3934 520 3986 ut
573 3941 901 4000 perperam
947 3927 1156 3984 statuit
1193 3925 1546 3997 Bollandus,
1597 3925 2102 3995 Alexandrinum,

451 4026 557 4084 sed
616 4026 983 4099 Aegyptium
1053 4025 1259 4096 fuisse,
1325 4024 1433 4096 qui
1493 4025 1556 4082 in
1622 4024 1795 4081 Scete
1862 4023 2102 4080 habita-

449 4124 557 4190 vit,
609 4130 669 4182 et
713 4125 1014 4196 praesagii
1054 4137 1162 4180 seu
1209 4122 1574 4195 prophetiae
1617 4122 1842 4193 spiritu
1895 4121 2102 4178 excel-

449 4222 586 4294 luit,
636 4222 816 4279 facile
855 4221 1074 4279 elucet.
1124 4219 1341 4288 Quanti
1392 4226 1600 4278 autem
1646 4218 1866 4276 feceris
1901 4218 2097 4282 illam.

446 4333 634 4392 quam
711 4319 987 4390 aequalis
1052 4318 1374 4389 scripsisse
1453 4318 1670 4382 fertur,
1747 4315 2094 4381 historiam,

1374 280 1479 338 SS.
1527 283 2012 339 MACARIORUM
2056 279 2360 338 AEGYPTI
2405 284 2485 339 ET
2525 282 3023 339 ALEXANDRINI

3802 289 3907 342 160

2339 427 2456 470 RES
2504 428 2586 470 DE
2639 428 2882 472 IISDEM.
2932 427 3202 480 QUANDO
3262 428 3564 472 MEMORIA
3629 430 3908 473 SANCTO-

2339 527 2484 570 RUM
2528 527 2976 571 MACARIORUM
3007 527 3315 568 AEGYPTII
3357 529 3433 568 ET
3463 529 3909 571 ALEXANDRINI

2337 626 2625 669 AGA'PUR.

2337 722 2365 799 ἓ
2397 728 2490 782 42.
2527 726 2784 797 Saepius
2812 726 2997 784 locuti
3041 743 3257 785 sumus
3287 729 3364 785 de
3391 729 3650 800 Aegypti
3687 743 3907 785 senum

2259 824 2692 894 persecutione
2745 840 2778 880 a
2841 825 3022 882 Lucio
3078 826 3452 884 Arianorum
3502 826 3908 883 Alexandriae

2258 921 2554 992 episcopo
2585 922 2846 979 excitata
2897 921 3006 996 (2),
3045 923 3104 979 in
3145 938 3267 995 qua
3316 924 3613 995 quoniam
3660 930 3908 994 praeter

2257 1018 2412 1076 alios
2462 1020 2717 1076 abhates
2766 1021 2951 1077 etiam
3001 1020 3247 1078 Macarii
3301 1020 3495 1077 nostri
3543 1020 3603 1077 in
3644 1021 3904 1078 exilium

2257 1117 2397 1173 misi
2451 1122 2614 1186 sunt,
2669 1118 2731 1174 id
2788 1119 3107 1188 quomodo
3154 1125 3394 1190 gestum
3451 1119 3552 1186 sit,
3601 1132 3901 1176 enarran-

2255 1213 2405 1270 dum
2449 1221 2561 1271 est.
2609 1216 2710 1273 Rei
2751 1221 2957 1272 autem
3003 1221 3185 1273 testes
3220 1221 3364 1272 sunt
3415 1215 3684 1280 Ruﬁnus,
3717 1231 3902 1287 quem

2257 1312 2719 1382 persecutiones
2761 1314 2911 1370 istae
2961 1313 3165 1385 ipsum
3209 1314 3470 1386 petiere,
3515 1314 3740 1370 deinde
3791 1315 3903 1372 So-

2253 1401 2472 1481 crates,
2525 1412 2903 1468 Sozomenus
2948 1417 3008 1468 et
3052 1411 3499 1478 Theodoretus,
3549 1412 3655 1483 qui
3703 1411 3898 1469 Ruﬁni

2251 1506 2643 1565 enarratione
2673 1508 3040 1565 innituntur.

2331 1604 2664 1662 Athanasio
2716 1621 2769 1661 a.
2821 1607 2934 1663 373
2985 1611 3236 1664 mortuo
3282 1605 3501 1663 Petrus
3529 1607 3608 1662 ab
3661 1607 3898 1677 episco-

2251 1701 2346 1774 pis
2421 1703 2783 1773 provinciae
2844 1704 3292 1775 monachisque
3359 1704 3422 1761 in
3487 1704 3694 1761 locum
3763 1705 3896 1762 eius

2178 1773 2216 1824 Β
2246 1801 2617 1858 substitutus
2645 1805 2762 1858 est.
2809 1802 3156 1859 Praefectus
3188 1773 3394 1858 autem
3443 1802 3583 1858 urbi
3640 1802 3890 1873 impius,

2244 1899 2635 1957 ethnicorum
2699 1905 2759 1956 et
2831 1899 3201 1957 ludaeorum
3271 1914 3457 1957 manu
3535 1905 3891 1966 convocata,

2243 1994 2496 2053 Petrum
2551 1997 2863 2055 eiecturus
2919 1997 3246 2054 ecclesiam
3299 1997 3650 2069 occupavit,
3706 2012 3894 2069 quam

2242 2095 2472 2151 milites
2538 2096 2805 2165 turpiter
2865 2092 3029 2160 171
3105 2095 3530 2166 profanarum,
3591 2109 3701 2152 nec
3773 2110 3894 2154 non

2240 2193 2464 2249 multas
2495 2193 2764 2265 virgines
2811 2197 3248 2264 stupraverunt
3301 2194 3583 2264 aliasque
3627 2193 3895 2250 fustibus

2237 2297 2522 2347 contusas
2580 2306 2655 2346 ne
2702 2291 2953 2362 sepeliri
3005 2290 3262 2362 quidem
3313 2290 3472 2362 passi
3533 2298 3692 2348 sunt.
3745 2291 3893 2347 Pau-

2236 2387 2325 2444 cis
2377 2393 2514 2457 post
2555 2387 2777 2444 diebus
2823 2387 3043 2445 Lucius
3096 2388 3360 2445 Arianus
3411 2388 3717 2445 militibus
3761 2388 3892 2444 cin-

2235 2489 2370 2542 ctus
2426 2486 2507 2541 ab
2564 2485 2793 2543 Euzoio
2849 2486 3210 2542 Antiochiae
3263 2487 3571 2558 praesule,
3633 2485 3892 2544 Ariano-

2236 2596 2375 2640 rum
2437 2588 2582 2640 tunc
2639 2583 2944 2655 principe,
3008 2583 3069 2639 in
3137 2584 3565 2655 episcopatum
3633 2584 3890 2641 Alexan-

2235 2680 2410 2737 driae
2449 2681 2723 2737 intrusus
2766 2685 2876 2738 est.
2917 2680 3029 2750 Qui
3076 2681 3282 2738 statim
3315 2681 3471 2737 alios
3503 2680 3711 2748 minis,
3759 2682 3887 2739 vin-

2231 2777 2408 2844 culis,
2460 2778 2806 2844 tormentis,
2861 2777 3017 2835 alios
3065 2778 3624 2850 pollicitationibus
3672 2795 3702 2835 a
3761 2779 3884 2837 fide

2233 2875 2496 2932 Nicaena
2543 2889 2802 2932 avocare
2859 2877 3116 2946 studuit,
3169 2891 3420 2948 eosque,
3466 2878 3572 2948 qui
3626 2877 3882 2935 resiste-

2232 2973 2399 3043 bant,
2463 2973 2835 3044 Heliopolim
2881 2973 2942 3030 in
2999 2974 3355 3043 Phoenicia,
3406 2975 3512 3032 ubi
3559 2975 3724 3032 idola
3765 2991 3882 3033 co-

2230 3070 2436 3128 lebant
2483 3085 2723 3142 omnes,
2785 3072 3203 3142 deportandos
3247 3072 3486 3129 curavit
3529 3094 3540 3140 ;
3600 3087 3882 3131 murmu-

2229 3174 2434 3225 rantes
2475 3183 2623 3226 vero
2677 3169 2751 3225 ad
2812 3169 3060 3226 metalla
3117 3170 3498 3227 Phennensia
3545 3179 3605 3227 et
3660 3171 3884 3229 Proco-

2229 3267 2439 3324 nensia
2497 3267 2984 3332 deducebantur,
3041 3268 3201 3324 inter
3251 3283 3409 3339 quos
3463 3269 3625 3326 haud
3695 3271 3876 3339 pauci

2231 3366 2473 3422 fuerunt
2535 3365 2826 3422 monachi
2881 3362 2992 3439 (3).
3059 3365 3430 3422 Alexandria
3482 3366 3672 3438 igitur
3723 3367 3870 3424 sub-

2225 3469 2354 3519 acta
2425 3463 2860 3534 episcopisque
2928 3463 3287 3534 provinciae
3366 3465 3873 3532 Neocaesaream,

2223 3574 2410 3631 quam
2463 3561 2684 3618 urbem
2738 3559 2942 3617 Iudaei
2998 3560 3448 3626 inhabitabant,
3504 3561 3566 3617 in
3606 3561 3874 3619 exilium

2222 3658 2450 3722 missis,
2496 3658 2724 3714 milites
2767 3659 2841 3714 ad
2890 3658 3264 3715 monasteria
3321 3659 3731 3717 solitudinum
3781 3660 3879 3717 di-

2221 3756 2370 3813 recti
2424 3762 2584 3821 sunt,
2643 3755 2742 3812 cui
2795 3756 3172 3826 expeditioni
3231 3756 3362 3828 ipse
3421 3758 3702 3814 interfuit
3753 3757 3874 3814 Lu-

2217 3854 2369 3910 cius.
2434 3854 2584 3910 Nam
2639 3859 2803 3910 recte
2856 3854 3236 3911 Sozomenus
3289 3868 3301 3909 :
3365 3873 3393 3906 «
3459 3854 3651 3918 Fidei,
3709 3876 3730 3906 ι
3781 3855 3873 3911 in-

2217 3951 2370 4022 quit,
2431 3971 2459 4002 ‹‹
2538 3964 2756 4008 senum
2831 3951 3211 4008 adhaerebat
3268 3951 3603 4009 multitudo
3662 3951 3863 4023 vulgi,

2214 4049 2451 4120 quippe
2497 4049 2664 4120 quod
2721 4048 2961 4106 veritati
3021 4048 3344 4119 indulgere
3398 4049 3681 4106 crederet
3732 4064 3866 4118 eos,

2213 4145 2318 4218 qui
2370 4146 2661 4204 virtutem
2721 4147 2896 4203 factis
2945 4147 3098 4218 ipsis
3152 4148 3613 4218 profiterentur,
3653 4167 3680 4198 υ
3729 4154 3792 4204 et
3853 4164 3868 4205 :

2215 4261 2244 4296 «
2296 4243 2467 4303 Unde
2514 4243 2756 4310 Lucius,
2817 4257 3011 4315 quum
3064 4244 3220 4300 bene
3273 4243 3666 4315 intelligeret,
3729 4243 3870 4302 ﬁeri

2212 4355 2334 4398 non
2393 4355 2594 4412 posse,
2656 4346 2720 4398 ut
2781 4340 2989 4397 Ariani
3048 4341 3447 4397 devincerent
3493 4341 3868 4411 catholicos,

447 4417 843 4528 ίβδῇνίάθξοζ
895 4416 1072 4473 Plura
1114 4413 1336 4528 “‘Y,“
1530 4413 1808 4471 Bonam“
1849 4414 1926 4471 de
1971 4413 2098 4470 Ma“
2133 4475 2176 4528 Ι)
2211 4437 2327 4495 nisi
2377 4440 2717 4496 monachos
2762 4439 2910 4496 istos
2962 4439 3038 4496 ad
3075 4444 3280 4510 partes
3324 4440 3699 4496 Arianorum
3749 4439 3870 4496 de-

443 4516 631 4576 cariis
656 4516 881 4574 nostris
899 4529 1012 4587 ego
1035 4528 1156 4571 non
1187 4513 1437 4571 offendi.

1054 4672 1290 4731 CAPUT
1339 4673 1478 4729 Vill.

439 4848 841 4895 SANCTORUM
869 4846 1307 4890 MACARIORUM
1339 4845 1643 4887 AEGYPTII
1687 4845 1768 4886 ET
1810 4845 2092 4886 ALEXAN-

522 4949 701 4991 DRINI
755 4947 1029 4988 EXILIUM
1089 4945 1214 4988 SUB
1262 4945 1453 4989 LUCIO
1511 4943 1757 4986 ARIANO
1801 4945 2089 4986 ALEXAN-

516 5047 713 5090 DRIAE
757 5044 1082 5088 EPISCOPO.
1131 5042 1476 5095 SOCRATES,
1525 5041 1928 5094 SOZOMENUS,
1978 5042 2087 5084 CE-

513 5145 802 5198 TERIQUE
831 5143 1062 5188 RERUM
1102 5141 1737 5185 ECCLESIASTICARUM
1781 5140 2085 5185 SCRIPTO‘

503 5315 580 5387 (1)
609 5313 757 5370 Ibid.
789 5330 844 5385 p.
882 5313 979 5368 261
1014 5329 1149 5382 cap.
1182 5315 1234 5367 6.

499 5407 575 5478 (2)
606 5407 799 5476 Supra
831 5402 992 5473 36p.
1033 5403 1120 5464 16,
1166 5401 1283 5464 $27
1319 5401 1928 5473 p.413,§33.p.152.

501 5495 576 5568 (3)
608 5496 755 5550 Petri
804 5493 1074 5564 episcopi
1123 5491 1374 5564 epistola
1421 5491 1481 5545 in
1527 5489 1876 5544 Theodorei.
1929 5487 2072 5544 Hist.

423 5584 579 5642 Eccl.
648 5584 750 5641 lib.
795 5583 860 5639 ιν
901 5598 1035 5653 cap.
1107 5581 1188 5648 l9,
1242 5581 1392 5653 Opp.
1462 5579 1556 5635 ed.
1591 5578 1853 5635 Noesselt
1885 5578 2068 5634 Halae

427 5677 588 5738 1771.
629 5678 706 5731 8°.
741 5675 800 5729 Τ.
835 5672 906 5728 111
938 5690 996 5746 ρ.
1033 5671 1134 5728 987
1169 5687 1305 5744 sqq.

2207 4536 2505 4603 duxisset,
2557 4551 2665 4593 eos
2721 4535 2777 4592 vi
2830 4551 3051 4608 cogere
3100 4551 3421 4608 aggressus
3459 4542 3574 4609 est,
3628 4536 3868 4608 quibus

2207 4634 2583 4706 persuadere
2641 4633 2850 4690 verbis
2902 4648 3022 4691 non
3094 4639 3334 4705 poterat
3391 4634 3500 4708 (4).
3564 4653 3592 4687 ››
3656 4639 3868 4706 Atque

2203 4731 2268 4789 in
2324 4747 2561 4800 eremo,
2617 4747 2742 4805 quo
2811 4731 3038 4789 milites
3093 4737 3414 4799 venerunt,
3477 4736 3630 4790 teste
3688 4733 3861 4790 Rufi-

2202 4844 2281 4888 no
2343 4851 2369 4880 «
2430 4830 2731 4887 Macarius
2783 4835 2843 4887 et
2900 4829 3175 4887 lsidorus
3227 4829 3510 4901 aliusque
3554 4830 3862 4888 Macarius

2200 4933 2383 4999 atque
2453 4927 2807 4984 Heraclides
2873 4932 2932 4984 et
3013 4928 3277 4984 Pambus
3347 4927 3591 4984 Antonii
3664 4927 3858 4985 disci-

2197 5025 2332 5097 puli
2380 5039 2491 5096 per
2543 5027 2886 5097 Aegyptum
2931 5029 2991 5082 et
3039 5023 3311 5081 maxime
3355 5023 3418 5081 in
3474 5024 3702 5082 Nitriae
3748 5025 3864 5082 de-

2194 5123 2343 5181 s'erti
2398 5123 2681 5195 partibus
2740 5144 2768 5176 »
2828 5123 3122 5182 sederunt
3179 5120 3291 5198 (5),
3343 5138 3413 5180 ac
3471 5123 3589 5180 tria
3647 5123 3855 5181 millia

2262 5306 2339 5376 (4)
2386 5307 2618 5362 Sozom.
2651 5305 2798 5360 Hist.
2833 5305 2979 5361 Eccl.
3015 5305 3118 5360 lib.
3155 5307 3216 5359 Vl
3263 5322 3398 5376 cap.
3441 5307 3509 5362 20
3550 5307 3645 5361 ed.
3681 5306 3850 5361 Vale-

2189 5395 2258 5450 sii
2291 5396 2445 5464 Mog.
2491 5399 2614 5451 l677
2651 5411 2708 5465 p.
2735 5394 2860 5450 662.

2259 5485 2490 5556 (5)Ruf.
2529 5484 2668 5539 Hist.
2717 5484 2866 5539 Eccl.
2901 5485 3005 5540 lib.
3038 5486 3077 5538 ll
3108 5501 3240 5555 cap.
3274 5488 3305 5539 4
3353 5485 3447 5540 ed.
3488 5483 3663 5541 Basil.
3690 5485 3729 5538 1.
3771 5500 3830 5554 p.

2184 5573 2324 5641 242;
2360 5574 2558 5631 Ruﬁni
2612 5575 2762 5646 Opp.
2798 5573 2891 5629 ed.
2953 5574 3201 5632 Vallarsi
3254 5591 3311 5645 p.
3348 5579 3474 5645 27l,
3510 5576 3698 5643 Migne
3727 5573 3840 5630 Pa-

2181 5665 2312 5720 trol.
2347 5662 2409 5718 T.
2444 5663 2558 5738 XXI
2586 5679 2645 5737 p.
2712 5665 2830 5720 511.
