4092 6256
217 359 304 414 461

1785 356 2017 412 VITAE.

3508 361 3608 415 162

217 487 384 546 simul
430 486 702 544 virorum
768 490 873 544 aut
925 485 1198 558 amplius
1257 501 1369 559 per
1427 485 1831 544 solitudinem
1868 483 1913 535 A
1946 501 2091 546 vere
2120 486 2460 546 domiciliis
2489 485 2519 545 ἢ
2561 489 2624 545 In
2675 489 2791 546 hoc
2847 489 2982 547 loco
3030 488 3278 559 depulsi
3326 489 3604 561 undique

220 587 612 658 dispersorum
671 585 1202 659 oppugnabantur
1270 585 1374 655 (t).
1436 585 1565 653 Qua
1634 584 1713 643 de
1766 598 1832 641 re

219 683 436 742 Ruﬁnus
479 681 563 740 ita
614 682 881 740 scribit:
921 702 948 735 (‹
1006 683 1171 751 Quae
1222 696 1516 756 praesens
1567 682 1693 740 vidi
1744 684 1830 740 lo-

214 794 373 854 quor,
405 785 462 838 et
513 794 735 838 eorum
778 786 946 853 gesta
994 781 1222 850 refero,
1274 795 1546 853 quorum
1591 781 1653 837 in
1696 796 1830 853 pas-

208 878 464 936 sionibus
522 879 730 937 socius
800 894 935 936 esse
993 879 1338 952 promerui.
1393 878 1464 936 lli
1524 878 1836 937 ducebant

205 977 527 1035 exercitum
589 976 854 1047 Domini,
907 992 1027 1034 non
1087 977 1459 1036 mortalibus
1509 978 1670 1046 telis,
1726 977 1834 1035 sed

202 1074 312 1133 ﬁde
357 1074 671 1148 religionis
723 1081 1054 1143 armatum,
1105 1076 1449 1134 exercitum
1509 1073 1835 1134 moriendo

201 1171 554 1240 vincentem,
618 1176 682 1229 et
762 1172 869 1245 qui
941 1173 1254 1246 sanguinis
1318 1173 1415 1232 sui
1475 1173 1836 1246 profusione

204 1268 387 1326 victor
435 1268 747 1327 Christum
793 1275 1159 1342 sequeretur
1203 1270 1278 1328 ad
1343 1271 1616 1329 coelum.
1682 1269 1836 1338 Qui-

208 1381 316 1437 que
368 1367 512 1424 dum
588 1367 653 1424 in
722 1367 1142 1427 tabernaculis
1217 1369 1400 1440 positi
1464 1375 1524 1426 et
1588 1373 1834 1426 orantes

203 1471 613 1536 exspectarent
690 1465 1118 1524 interfectores
1195 1482 1360 1536 suos,
1444 1467 1683 1524 delatus
1744 1469 1835 1523 est

197 1562 266 1618 ad
297 1577 400 1620 eos
445 1564 637 1621 homo
679 1564 834 1621 olim
866 1565 1170 1622 membris
1214 1565 1510 1622 omnibus
1558 1571 1617 1622 et
1653 1579 1833 1636 prae-

194 1657 369 1731 cipue
410 1662 678 1733 pedibus
720 1662 952 1721 aridus.
999 1661 1170 1730 1'72
1221 1665 1336 1721 Sed
1370 1679 1513 1721 cum
1545 1664 1623 1720 ab
1653 1663 1729 1719 iis
1769 1663 1831 1718 in

191 1758 441 1816 nomine
496 1759 736 1817 Domini
780 1761 919 1819 oleo
967 1760 1181 1820 fuisset
1220 1767 1578 1834 perunctus,
1625 1761 1833 1818 statim

1949 585 2315 644 latebamus.
2373 585 2699 654 Quomodo
2766 601 2873 644 vos
2946 601 3344 658 nequaquam
3409 587 3602 644 latere

1946 685 2266 756 potuimus
2295 682 2324 742 ‘P
2370 684 2663 742 Cedimus
2691 684 2966 757 antiquis
3007 683 3284 750 sedibus,
3338 685 3604 756 populos

1945 787 2180 840 vestros
2228 787 2550 855 terrasque
2610 782 2891 854 recipito.
2946 783 3100 841 Cum
3143 782 3292 839 haec
3341 782 3600 854 diceret,

1945 881 2300 952 increpatus
2361 881 2442 938 ab
2510 880 2583 938 iis
2654 880 2892 938 erroris
2949 881 3211 953 spiritus
3269 880 3594 952 etfugatur,

1946 983 2007 1035 et
2046 978 2251 1050 puella
2291 993 2436 1036 sana
2485 993 2608 1036 una
2663 993 2809 1036 cum
2853 978 3216 1050 parentibus
3261 978 3392 1036 suis
3439 977 3600 1036 iace-

1947 1077 2049 1134 bat
2079 1077 2155 1134 ad
2188 1076 2375 1148 pedes
2407 1077 2599 1136 nostri
2648 1077 2951 1148 temporis
2980 1077 3432 1149 apostolorum.
3482 1075 3594 1145 Qui

1944 1174 2173 1232 talibus
2215 1175 2491 1233 exordiis
2522 1175 2953 1247 praedicantes
2997 1173 3074 1232 iis
3120 1175 3308 1233 ﬁdem
3353 1174 3597 1233 Domini

1946 1273 2141 1331 nostri
2203 1274 2334 1330 lesu
2391 1272 2643 1344 Christi,
2702 1273 2765 1331 in
2824 1277 3054 1330 tantam
3123 1273 3594 1331 conversionem

1946 1377 2200 1441 repente
2253 1384 2360 1428 eos
2415 1371 2861 1442 perduxerunt,
2917 1376 2984 1427 ut
3041 1371 3248 1427 statim
3303 1370 3403 1427 die
3461 1370 3596 1442 ipsa

1944 1468 2234 1525 manibus
2272 1465 2441 1535 1'73
2475 1468 2603 1525 suis
2643 1467 3150 1539 antiquissimum
3185 1469 3488 1540 templum
3537 1471 3597 1522 et

1944 1566 2008 1624 in
2055 1580 2300 1623 summa
2341 1567 2735 1624 veneratione
2773 1565 3057 1623 habitum
3089 1565 3501 1637 destruerent,
3537 1571 3598 1624 et

1943 1665 2274 1722 ecclesiam
2322 1665 2649 1722 confestim
2698 1664 3118 1721 aediﬁcarent.
3180 1664 3302 1722 Nec
3356 1664 3432 1721 ad
3483 1665 3594 1722 de-

1945 1763 2341 1820 liberandum
2393 1761 2595 1834 spatio
2644 1762 2948 1833 temporis
2991 1767 3312 1834 eguerunt,
3367 1762 3600 1835 quibus

191 1856 588 1915 conﬁrmatae
639 1863 777 1915 sunt
834 1857 1079 1930 plantae
1137 1860 1291 1917 eius.
1356 1859 1428 1917 Et
1483 1859 1836 1917 dicentibus
1870 1835 1911 1888 Β
1946 1860 2130 1918 ﬁdem
2181 1875 2393 1918 rerum
2437 1858 2712 1918 fecerant
2761 1874 2883 1917 non
2933 1860 3144 1926 verba,
3208 1860 3316 1917 sed
3373 1861 3595 1919 virtus.

189 1953 264 2011 iis
325 1954 448 2012 :In
513 1955 765 2015 nomine
835 1957 970 2014 Iesu
1039 1957 1290 2025 Christi,
1357 1972 1547 2030 quem
1615 1956 1838 2015 Lucius

191 2053 607 2125 persequitur,
659 2068 841 2126 surge
891 2062 950 2112 et
1001 2061 1092 2113 sta
1149 2057 1214 2113 in
1268 2056 1536 2128 pedibus
1584 2055 1726 2122 tuis,
1780 2059 1841 2111 et

192 2151 319 2209 redi
393 2153 460 2210 in
538 2153 798 2212 domum
869 2159 1062 2222 tuam,
1141 2156 1436 2214 continuo
1504 2168 1842 2226 exsurgens

193 2260 248 2309 et
328 2251 628 2308 exsiliens
714 2252 1121 2311 benedicebat
1204 2256 1417 2320 Deum,
1510 2254 1841 2312 ostendens

193 2348 330 2419 quia
398 2363 552 2407 vere
619 2355 750 2407 erat
810 2350 871 2407 in
938 2350 1016 2408 iis
1084 2352 1241 2410 Deus
1299 2351 1402 2426 (2).
1466 2372 1495 2405 »
1569 2351 1843 2410 Narratis

191 2445 407 2504 deinde
448 2446 622 2504 caeci
666 2446 836 2505 illius
878 2448 1150 2507 hominis
1193 2454 1252 2506 et
1291 2449 1643 2508 catulorum
1675 2450 1841 2506 leae-

191 2559 298 2602 nae
361 2545 820 2611 sanationibus,
890 2560 1046 2617 quas
1111 2547 1358 2605 Macarii
1442 2547 1839 2605 Alexandrini

188 2643 407 2702 virtute
467 2643 662 2700 factas
711 2643 836 2700 iam
886 2645 1229 2718 attulimus,
1265 2645 1517 2705 Rufinus
1561 2646 1651 2702 sic
1692 2659 1843 2717 per-

188 2740 270 2813 git
302 2759 313 2798 :
353 2761 382 2795 «
426 2741 553 2799 Sed
594 2740 658 2797 in
706 2741 804 2798 his
832 2742 1128 2800 omnibus
1159 2743 1377 2801 Lucius
1407 2759 1529 2802 non
1562 2743 1838 2812 erubuit,

192 2854 298 2898 nec
349 2839 592 2912 aliquid
642 2840 1026 2898 reverentiae
1075 2841 1374 2900 virtutum
1445 2842 1846 2899 mirabilibus

191 2935 449 3003 detulit;
490 2937 640 3009 quin
685 2938 881 2995 immo
919 2937 1094 2996 iubet
1141 2945 1348 3010 patres
1394 2941 1565 3013 ipsos
1607 2939 1846 2997 ablatos

196 3048 230 3090 a
266 3049 454 3110 grege
500 3049 637 3104 suo,
692 3035 890 3093 immo
946 3037 1108 3094 clam
1165 3045 1397 3111 raptos,
1459 3038 1523 3095 in
1578 3037 1844 3095 insulam

198 3133 507 3204 quandam
556 3131 816 3205 Aegypti
864 3134 1189 3205 paludium
1229 3136 1572 3208 deportari,
1615 3136 1679 3193 in
1723 3151 1845 3208 qua

198 3235 607 3302 compererat,
683 3231 1000 3290 nemiuem
1055 3247 1312 3306 prorsus
1370 3248 1504 3291 esse
1557 3233 1844 3291 Christia-

200 3343 372 3399 num,
423 3340 548 3401 quo
601 3343 715 3402 per
776 3331 895 3388 hoc
961 3331 1056 3387 vel
1124 3332 1359 3403 absque
1428 3331 1669 3394 solatiis
1750 3329 1846 3389 vel

207 3425 437 3497 absque
488 3427 798 3485 consuetis
847 3428 1090 3486 actibus
1136 3429 1435 3486 viverent.
1494 3429 1682 3487 Senes
1738 3428 1847 3500 igi—

212 3527 314 3579 tur
344 3537 484 3579 cum
517 3524 755 3583 duobus
793 3524 945 3584 solis
986 3527 1376 3599 pedissequis
1421 3534 1605 3585 noctu
1637 3527 1713 3584 ad
1757 3527 1848 3583 in-

213 3618 412 3676 sulam
451 3621 856 3695 deducuntur,
891 3623 954 3681 in
985 3639 1108 3695 qua
1139 3630 1272 3682 erat
1301 3624 1605 3696 templum
1652 3624 1848 3698 quod-

206 3718 349 3775 dam
423 3733 664 3777 summa
733 3723 1129 3780 veneratione
1193 3739 1227 3779 a
1281 3723 1400 3781 loci
1461 3723 1684 3782 incolis
1738 3725 1846 3782 ob-

204 3822 529 3875 servatam.
594 3817 873 3892 Cumque
939 3821 1214 3892 primum
1285 3822 1572 3879 navicula
1628 3836 1848 3879 senum

203 3929 380 3973 oram
438 3917 552 3976 soli
623 3917 799 3976 illius
861 3918 1239 3990 contigisset,
1306 3934 1448 3977 ecce
1494 3919 1703 3978 subito
1759 3935 1850 3977 sa-

201 4014 472 4072 cerdotis
517 4015 738 4086 templi
779 4011 947 4073 illius
993 4016 1166 4088 virgo
1211 4015 1336 4073 ﬁlia
1391 4023 1680 4088 correpta
1718 4017 1850 4088 spi-

201 4111 348 4182 ritu,
394 4126 539 4169 cum
587 4111 818 4183 ingenti
866 4113 1308 4173 vociferatione
1360 4119 1422 4172 et
1469 4114 1853 4171 clamoribus

200 4223 399 4282 usque
449 4210 526 4267 ad
565 4211 812 4268 coelum
856 4211 1036 4279 datis,
1085 4212 1180 4284 agi
1224 4226 1336 4283 per
1373 4211 1616 4270 medios
1658 4225 1856 4284 popu-

197 4308 294 4365 los
363 4308 594 4379 coepit,
652 4314 712 4366 et
784 4310 1040 4366 crebros
1102 4309 1334 4367 ducens
1401 4315 1660 4375 rotatus,
1716 4307 1857 4366 stri-

1946 1960 2064 2017 Sed
2140 1960 2258 2017 hoc
2327 1972 2472 2016 cum
2545 1959 2760 2015 fuisset
2849 1957 3262 2015 Alexandriae
3342 1958 3598 2016 nuntia-

1949 2064 2104 2126 tum,
2164 2057 2398 2114 veritus
2448 2055 2692 2128 Lucius,
2752 2069 2828 2112 ne
2877 2055 3034 2113 forte
3089 2056 3278 2114 etiam
3337 2070 3598 2114 suorum

1951 2157 2014 2213 in
2071 2169 2215 2212 eum
2265 2154 2410 2212 odia
2459 2154 2626 2226 justa
2676 2158 3144 2225 consurgerent,
3199 2153 3308 2226 qui
3385 2160 3601 2227 aperte

1950 2256 2075 2312 iam
2126 2254 2359 2312 bellum
2417 2267 2541 2310 non
2594 2251 2974 2320 hominibus,
3038 2252 3145 2309 sed
3200 2253 3320 2310 Deo
3366 2252 3603 2311 indice-

1950 2359 2065 2423 ret,
2099 2353 2340 2411 occulte
2387 2364 2493 2408 eos
2525 2348 2804 2407 revocari
2852 2355 2912 2406 et
2959 2349 3022 2406 in
3072 2363 3357 2408 eremum
3387 2351 3601 2409 remit-

1952 2451 1996 2509 ti
2054 2451 2228 2508 iubet
2282 2446 2385 2524 (3).
2450 2466 2478 2502 »
2541 2449 2872 2519 Hucusque
2936 2447 3187 2505 Ruﬁnus
3246 2449 3324 2506 de
3381 2463 3601 2508 senum

1952 2548 2162 2608 exilio.
2220 2547 2501 2604 Socrates
2545 2545 2754 2604 claudi
2804 2543 2975 2603 illius
3017 2545 3290 2604 hominis
3327 2547 3604 2606 sanatio-

1952 2661 2095 2705 nem
2148 2660 2270 2703 non
2321 2643 2628 2716 exposuit,
2687 2644 2793 2701 sed
2852 2644 3005 2701 haec
3059 2649 3298 2702 tantum
3355 2645 3606 2718 scripsit

1953 2760 2112 2818 quae
2155 2747 2547 2815 sequuntur:
2606 2760 2635 2794 «
2695 2741 2975 2813 Cumque
3014 2740 3090 2798 ad
3136 2741 3344 2800 locum
3397 2743 3604 2815 ipsum

1956 2844 2402 2917 pervenissent,
2496 2840 2667 2898 viros
2757 2839 3309 2912 deprehenderunt
3408 2841 3608 2901 solitis

1955 2941 2178 3000 studiis
2215 2955 2292 2998 ex
2343 2937 2894 2996 exercitationibus
2944 2943 3300 3010 occupatos,
3360 2945 3609 2997 orantes

1955 3039 2215 3106 scilicet,
2277 3036 2517 3094 morbis
2574 3036 2914 3104 medentes,
2971 3036 3299 3094 daemonia
3345 3037 3608 3095 eiicien-

1956 3146 2046 3196 tes
2094 3137 2204 3211 (4).
2242 3155 2272 3190 n
2327 3136 2405 3192 De
2452 3133 2708 3190 senibus
2747 3133 2810 3189 in
2842 3133 3103 3190 exilium
3135 3133 3334 3204 pulsis
3381 3135 3610 3192 Socra—

1957 3243 2046 3296 tes
2084 3251 2095 3290 :
2130 3253 2158 3287 «
2201 3232 2505 3302 Quoniam
2539 3229 2750 3303 igitur,
2804 3249 2832 3285 »
2869 3230 3093 3303 inquit,
3130 3251 3159 3282 «
3201 3232 3610 3290 admirabiles

1956 3335 2052 3393 illi
2098 3332 2214 3390 viri
2258 3329 2430 3388 omni
2493 3328 2806 3392 violentia,
2863 3343 3023 3400 quae
3079 3329 3233 3400 ipsis
3289 3329 3611 3389 infereba-

1957 3435 2082 3502 tur,
2140 3426 2496 3500 superiores
2561 3425 2948 3493 exsisterent,
3007 3426 3290 3484 animum
3357 3429 3610 3485 tandem

1958 3525 2349 3598 despondeas
2382 3522 2600 3580 Lucius
2636 3522 2778 3580 duci
2811 3524 3121 3580 exercitus
3169 3524 3507 3592 mandavit,
3542 3530 3610 3584 ut

1959 3631 2166 3697 patres
2212 3621 2664 3680 monachorum
2717 3621 2779 3678 in
2841 3621 3101 3679 exilium
3154 3622 3447 3680 mitteret.
3511 3622 3609 3681 Illi

1959 3733 2164 3781 autem
2222 3725 2394 3778 erant
2441 3719 2687 3777 Macarii
2746 3720 2891 3790 duo,
2952 3718 3285 3792 Aegyptius
3340 3726 3399 3778 et
3469 3721 3609 3779 Ale-

1959 3819 2317 3878 xandrinus.
2353 3817 2480 3873 Viri
2513 3816 2701 3888 igitur
2727 3815 2817 3873 illi
2842 3817 3151 3888 deportati
3180 3822 3322 3876 sunt
3352 3819 3416 3876 in
3443 3819 3612 3877 insu-

1963 3920 2108 3988 lam,
2139 3916 2201 3973 in
2244 3929 2366 3987 qua
2412 3915 2619 3972 nullus
2661 3921 2794 3972 erat
2837 3914 3220 3973 Christianus
3261 3914 3366 3990 (5).
3417 3937 3440 3969 ι
3489 3917 3613 3975 Cur

1962 4019 2241 4075 Socrates
2319 4013 2485 4071 solos
2554 4013 2850 4071 Macarios
2927 4014 3226 4086 nominet,
3307 4015 3424 4072 nisi
3505 4030 3613 4074 eos

1965 4112 2280 4187 principes
2322 4125 2542 4168 senum
2585 4111 2855 4182 duxerit,
2898 4126 3022 4168 non
3066 4111 3394 4185 intelliges.
3443 4113 3612 4170 Cete-

1966 4226 2107 4268 rum
2164 4209 2228 4266 in
2277 4208 2623 4265 enarranda
2679 4208 2815 4278 ipsa
2867 4208 3038 4266 exilii
3088 4223 3307 4266 senum
3352 4209 3613 4268 historia

1969 4307 2190 4375 Ruﬁni,
2236 4319 2423 4377 quem
2477 4304 2925 4376 persecutionis
2975 4305 3152 4363 istius
3209 4312 3426 4364 testem
3477 4309 3613 4367 lau-

203 4404 358 4463 dens
443 4406 567 4464 huc
629 4412 815 4479 atque
886 4407 1040 4464 illuc
1109 4408 1329 4465 rabida
1393 4422 1503 4465 ora
1565 4407 1847 4465 vibrare.
1973 4407 2073 4465 dat
2119 4402 2234 4481 (6),
2295 4403 2566 4475 vestigiis
2619 4408 2832 4475 aperte
2900 4403 3268 4475 ingreditur.
3317 4405 3622 4464 Sozome~

207 4505 492 4577 Cumque
549 4504 622 4562 ad
691 4505 1116 4576 spectaculum
1174 4511 1299 4563 tam
1368 4505 1632 4577 ingentis
1687 4519 1860 4562 mon-
1897 4519 2088 4574 Dnus
2165 4502 2336 4560 illam
2418 4499 2624 4558 claudi
2711 4501 2983 4558 hominis
3066 4502 3452 4562 curationem
3523 4505 3623 4562 his

208 4603 343 4672 stri,
399 4602 675 4660 maxime
705 4603 874 4674 quod
913 4608 1073 4660 esset
1101 4603 1438 4661 sacerdotis
1479 4602 1624 4671 ﬁlia,
1662 4602 1768 4674 qui
1799 4602 1865 4658 in
1974 4602 2193 4673 allegat
2239 4599 2446 4657 verbis
2493 4615 2505 4653 :
2551 4616 2581 4651 «
2634 4600 2717 4656 Eo
2761 4600 2898 4668 ipso
2943 4605 3247 4671 tempore,
3291 4617 3416 4674 quo
3462 4603 3626 4660 mili-

207 4702 454 4760 honore
531 4701 872 4774 praecipuo
947 4701 1111 4773 apud
1185 4701 1326 4760 illos
1421 4707 1576 4770 erat,
1649 4699 1866 4773 populi
1975 4703 2067 4758 tes
2133 4697 2194 4753 in
2259 4711 2366 4754 eos
2441 4696 2750 4768 impetum
2810 4697 3030 4754 facturi
3106 4703 3303 4766 erant,
3363 4700 3628 4758 traditus

210 4798 670 4869 convenissent,
730 4812 843 4870 per
885 4812 1070 4856 auras
1115 4813 1255 4856 eam
1304 4803 1544 4873 raptam
1596 4811 1868 4870 sequen-
1979 4797 2132 4869 ipsis
2161 4794 2417 4867 quidam
2461 4809 2594 4851 esse
2637 4793 2891 4865 dicitur,
2941 4795 3121 4854 cuius
3165 4801 3336 4854 artus
3380 4798 3633 4856 iamdu-

210 4902 306 4955 tes
356 4896 736 4969 perveniunt
790 4911 990 4969 usque
1058 4896 1134 4954 ad
1202 4896 1552 4954 naviculam
1622 4910 1864 4953 senum.
1981 4896 2132 4954 dum
2189 4893 2272 4950 ita
2344 4891 2595 4949 arefacti
2660 4896 2836 4950 erant
2901 4897 3085 4965 atque
3150 4896 3488 4963 extenuati,
3567 4900 3636 4953 ut

213 4994 304 5052 lbi
348 5009 502 5052 vero
555 4994 831 5066 proiecta
873 5008 1093 5052 eorum
1147 4994 1414 5066 pedibus
1459 4998 1520 5051 et
1567 4999 1874 5066 prostrata
1985 4991 2251 5066 pedibus
2283 4986 2567 5046 insistere
2611 5003 2734 5046 non
2785 4994 3064 5063 posset...
3103 4993 3211 5065 (7),
3251 5013 3274 5044 ι
3332 4993 3638 5051 vocabulo

215 5093 500 5150 clamare
559 5091 769 5164 coepit
827 5109 838 5147 :
901 5091 1058 5161 Quid
1116 5091 1372 5151 venistis
1418 5092 1558 5158 huc,
1621 5106 1659 5149 o
1711 5089 1875 5149 servi
1990 5086 2253 5156 «λέγεται
2308 5107 2338 5142 ››
2390 5108 2416 5136 ‹‹
2465 5083 2686 5143 dicitur
2740 5107 2769 5141 »
2805 5087 3062 5145 fortasse
3110 5087 3396 5148 Ruﬁnum
3441 5090 3642 5163 signi—

219 5190 326 5248 Dei
387 5188 649 5262 summi,
708 5189 981 5263 antiquis
1038 5203 1154 5248 nos
1199 5193 1261 5248 et
1314 5187 1655 5247 veternosis
1706 5187 1874 5246 evol-
1987 5187 2199 5256 ﬁcans,
2229 5200 2264 5242 a
2306 5198 2432 5258 quo
2484 5184 2547 5241 id
2576 5188 2920 5257 acceperat.
2958 5185 3036 5242 De
3077 5186 3332 5245 senibus
3375 5203 3409 5245 a
3455 5188 3643 5247 Lucio

300 5374 382 5444 (1)
413 5373 566 5428 Ibid.
603 5372 704 5428 lib.
734 5372 779 5426 ΙΙ
807 5388 938 5443 cap.
1000 5373 1032 5426 3
1057 5374 1152 5428 ed.
1217 5371 1391 5428 Basil.
1423 5373 1463 5427 Ι.
1495 5387 1554 5444 p.
1591 5374 1715 5441 342,
1746 5370 1883 5427 Val-
2066 5372 2141 5442 (4)
2166 5371 2387 5424 Socrat.
2417 5367 2554 5423 Hist.
2578 5367 2733 5423 Eccl.
2756 5367 2858 5423 lib.
2886 5368 2955 5423 IV
2982 5386 3112 5441 cap.
3146 5369 3219 5426 24
3245 5370 3334 5426 ed.
3369 5374 3409 5426 l.
3439 5388 3494 5442 p.
3523 5374 3647 5427 239.

229 5460 372 5518 larsi
408 5479 472 5534 p.
502 5462 607 5516 270
639 5477 754 5533 sq.,
789 5461 984 5532 Migne
1013 5461 1052 5515 l.
1083 5465 1123 5516 l.
2067 5460 2145 5530 (5)
2184 5459 2250 5513 L.
2291 5457 2335 5511 Ι.

302 5554 385 5622 (2)
423 5551 569 5606 lbid.
603 5551 705 5606 lib.
742 5552 784 5606 11
818 5567 951 5622 cap.
986 5551 1152 5608 41.1.

2072 5549 2147 5619 (6)
2182 5548 2242 5600 L.
2277 5548 2318 5600 1.

308 5640 389 5712 (3)
419 5640 572 5696 Ibid.
609 5640 703 5695 ed.
735 5639 909 5695 Basil.
943 5640 982 5694 Ι.
1026 5655 1086 5709 p.
1119 5639 1242 5703 2113,
1278 5639 1372 5693 ed.
1405 5639 1654 5696 Vallarsi
1683 5653 1742 5710 p.
1788 5638 1893 5692 272
2075 5637 2153 5707 (7)
2203 5633 2440 5691 Sozom.
2493 5634 2636 5692 Hist.
2680 5633 2835 5692 Eccl.
2875 5634 2981 5692 lib.
3011 5636 3082 5693 VI
3123 5652 3255 5710 cap.
3290 5637 3358 5693 20
3387 5636 3484 5692 ed.
3518 5635 3562 5689 Ι.
3593 5650 3652 5705 ρ.

246 5744 410 5802 sqq.,
446 5731 642 5798 Migne
675 5746 731 5799 ρ.
761 5730 862 5784 512
895 5745 987 5800 sq.
2006 5723 2139 5781 663.

534 5826 781 5883 Parnm.
815 5826 918 5882 G11.
960 5823 1222 5882 XXXIV.
3346 5823 3381 5876 6
