4092 6256
496 273 598 328 163

1361 268 1470 323 SS.
1514 263 2011 323 MACARIORUM
2052 261 2388 322 AEGYPTII
2431 262 2518 322 ET
2555 261 3053 321 ALEXANDRINI

3803 258 3901 317 164

490 399 811 473 exagitatis
841 400 1224 458 Sozomenus
1251 398 1404 457 haec
1436 398 1622 456 refert
1658 416 1670 455 :
1709 418 1741 449 «
1777 395 2142 455 Cuiusmodi
2172 391 2214 444 A
2257 410 2401 454 rum
2465 397 2696 456 chorus
2759 395 3205 454 dimitteretur.
3272 394 3357 451 Ita
3429 388 3601 460 175
3673 389 3900 450 civium

492 505 638 558 tunc
734 498 1187 555 monachorum
1265 496 1609 570 praefectos
1699 495 1889 552 fuisse
1971 508 2145 552 acce-

492 596 702 669 pimus
765 595 1060 652 Macarios
1115 595 1298 664 duos,
1360 594 1436 651 de
1497 592 1728 666 quibus
1785 591 1911 649 iam
1964 597 2144 650 antea

492 693 788 758 diximus,
846 696 906 749 et
968 691 1198 749 Pambo
1265 687 1436 758 174
1494 696 1679 762 atque
1750 689 2142 748 Heraclidem

492 796 857 862 ceterosque
914 789 1159 847 Antonii
1229 788 1572 860 discipulos
1626 784 1736 863 (1).
1802 807 1831 840 »
1889 787 2010 846 Sed
2086 791 2143 844 et

493 889 624 960 ipse
655 901 797 945 cum
831 887 1044 945 Ruﬁno
1074 887 1400 955 consentit,
1438 885 1555 944 hoc
1585 887 1720 944 solo
1749 884 2141 956 discrimine,

491 986 658 1058 quod
725 986 789 1042 in
876 985 1203 1043 Sozomeni
1281 983 1543 1042 historia
1604 984 1682 1041 de
1750 983 1866 1040 ista
1929 996 2142 1040 sacer-

491 1083 654 1142 dotis
701 1083 827 1140 ﬁlia
873 1102 902 1137 α
958 1083 1258 1140 Macarius
1305 1083 1566 1154 eiusque
1609 1080 1870 1140 comites
1914 1100 1944 1135 »
2000 1080 2144 1137 dae-

491 1195 743 1239 monem
795 1180 1150 1252 obiurgant,
1199 1185 1261 1238 et
1331 1180 1395 1237 in
1454 1178 1572 1236 ﬁne
1631 1178 1850 1238 Lucius
1901 1177 2143 1236 occulte

491 1277 821 1350 praecipit,
898 1297 919 1329 ι
969 1283 1058 1346 ut,
1116 1277 1220 1348 qui
1277 1291 1420 1334 cum
1473 1276 1738 1334 Macario
1782 1280 2002 1341 essent,
2062 1275 2142 1332 ad

490 1376 669 1434 sedes
706 1390 848 1432 suas
877 1380 936 1431 et
984 1375 1045 1431 in
1095 1374 1498 1432 solitudinem
1543 1379 1930 1432 revertantur
1962 1371 2050 1448 (2)
2084 1395 2136 1428 ».

491 1474 917 1531 Theodoretus
963 1472 1256 1544 denique,
1303 1487 1500 1544 quum
1543 1472 1620 1529 de
1668 1471 2143 1529 crudelitatibus

491 1571 554 1628 in
623 1572 1060 1643 persecutione
1142 1573 1256 1628 ista
1343 1569 1713 1643 perpetratis
1783 1569 1859 1627 ad
1930 1570 2142 1627 literas

491 1669 652 1727 Petri
693 1668 972 1740 episcopi
1018 1667 1110 1742 (3)
1163 1669 1524 1740 delegasset,
1560 1669 1636 1726 de
1676 1667 1869 1726 exilio
1919 1682 2139 1726 senum

488 1767 641 1825 haec
693 1768 884 1824 verba
928 1766 1073 1824 facit
1128 1780 1142 1823 :
1203 1766 1368 1824 «Viri
1417 1773 1558 1824 sunt
1587 1767 1649 1823 in
1684 1768 1982 1838 Aegypto,
2030 1765 2139 1837 qui

485 1865 850 1936 angelorum
947 1864 1483 1922 conversationem
1585 1865 1968 1922 aemulantes
2059 1863 2138 1919 ab

486 1963 740 2020 urbium
790 1962 1162 2020 tumultibus
1209 1977 1273 2018 se
1322 1962 1773 2029 subduxerunt,
1822 1961 2138 2033 vitamque

482 2059 548 2117 in
589 2059 926 2118 solitudine
974 2073 1156 2131 agere
1214 2060 1588 2117 maluerunt.
1640 2060 1753 2117 Ubi
1803 2072 2135 2117 arenosum

482 2171 552 2214 ac
581 2156 793 2214 sterile
837 2156 1042 2214 solum
1084 2156 1285 2214 fertile
1318 2157 1646 2215 reddentes
1689 2157 1959 2215 fructum
2017 2157 2136 2213 Deo

481 2254 921 2312 suavissimum
984 2255 1616 2326 pulcherrimumque
1674 2255 1878 2312 ferunt
1931 2254 2137 2311 virtu-

479 2356 628 2416 tem,
676 2367 864 2424 quam
910 2352 1030 2409 sibi
1083 2357 1376 2424 tanquam
1425 2352 1623 2424 legem
1673 2351 2128 2424 imposuerunt.

479 2447 670 2508 Cuius
711 2450 968 2522 quidem
1003 2449 1370 2521 disciplinae
1402 2450 1592 2508 duces
1639 2464 1782 2508 cum
1835 2448 1943 2508 alii
1976 2448 2134 2507 mul-

479 2548 523 2605 ti
569 2546 880 2615 exstitere,
932 2553 1067 2605 tum
1126 2547 1404 2619 optimus
1455 2547 1898 2622 religiosorum
1959 2547 2130 2605 ordi-

475 2660 625 2702 num
677 2645 970 2717 magister
1000 2645 1115 2704 fuit
1169 2645 1474 2703 Antonius
1513 2645 1619 2703 ille
1649 2643 2127 2714 celeberrimus,

476 2743 582 2814 qui
652 2743 730 2800 ad
789 2743 1036 2800 virtutis
1105 2743 1479 2814 palaestram
1533 2744 1857 2801 monachis
1913 2743 2131 2801 solitu-

473 2840 684 2898 dinem
738 2841 957 2898 evexit.
1022 2841 1166 2898 Eius
1233 2840 1423 2911 igitur
1479 2841 1597 2898 viri
1655 2840 2002 2912 discipulos
2054 2871 2132 2886 -—

471 2938 606 3010 ipse
657 2939 824 2995 enim
872 2953 1015 2997 cum
1070 2938 1362 2996 maximis
1404 2942 1463 2996 et
1505 2939 1952 3011 pulcherrimis
1980 2953 2128 2998 one-

2171 1740 2214 1796 B

471 3037 648 3093 ribus
689 3036 764 3094 ad
797 3035 1168 3108 tranquillos
1200 3042 1418 3108 portus
1448 3036 1777 3109 appulerat
1818 3069 1897 3078 —
1939 3037 2130 3094 miser
2162 3083 2200 3137 Ο

467 3135 582 3192 iste
642 3140 701 3192 et
755 3132 1223 3194 infelicissimus
1283 3131 1553 3210 [Lucius]
1613 3135 1948 3193 insectatus
2012 3139 2126 3206 est,

467 3248 536 3289 ac
589 3232 948 3290 divinorum
1008 3232 1268 3290 illorum
1331 3239 1624 3290 coetuum
1677 3233 1896 3302 duces,
1957 3233 2132 3290 cele-

468 3329 645 3385 brem
711 3329 894 3386 illum
962 3329 1324 3393 Macarium,
1383 3334 1444 3386 et
1512 3329 1782 3386 alterum
1847 3330 2128 3387 eiusdem

466 3425 760 3491 nominis,
820 3441 932 3483 nec
986 3441 1109 3483 non
1165 3426 1474 3484 lsidorum
1533 3426 1818 3497 aliosque
1857 3427 1937 3483 de
1981 3442 2131 3499 spe-

465 3523 668 3580 luncis
741 3523 1043 3581 abductos
1115 3523 1178 3580 in
1253 3523 1523 3581 insulam
1585 3525 1900 3595 quandam
1967 3525 2129 3583 rele-

463 3621 649 3692 gavit,
722 3635 882 3692 quae
957 3621 1037 3676 ab
1113 3621 1333 3692 impiis
1413 3618 1782 3679 hominibus
1858 3621 2130 3680 habitata

464 3719 708 3775 nullum
756 3732 1032 3789 unquam
1081 3716 1330 3789 pietatis
1381 3719 1746 3789 magistrum
1801 3719 2124 3782 habuerat.

465 3815 747 3888 Cumque
823 3815 1064 3873 insulae
1120 3830 1269 3872 orae
1346 3816 1913 3888 appropinquasset
1965 3817 2127 3875 navi-

459 3914 654 3985 gium,
719 3914 1008 3980 daemon,
1083 3913 1193 3986 qui
1257 3912 1344 3971 ibi
1410 3913 1754 3981 colebatur,
1806 3931 2127 3974 consecra-

461 4018 595 4069 tum
661 4012 781 4068 sibi
859 4013 1151 4070 deserens
1227 4012 1662 4078 simulacrum,
1737 4015 1907 4086 quod
1969 4015 2124 4072 anti-

461 4123 658 4180 quum
726 4109 863 4167 eius
917 4111 1120 4167 fuerat
1179 4109 1600 4180 domicilium,
1659 4110 1850 4168 ﬁliam
1910 4125 2123 4170 sacer-

2254 495 2592 554 tumultum
2661 495 3070 552 extimescens
3144 492 3366 550 Lucius
3438 490 3666 548 sanctis
3730 489 3897 557 viris,

2254 599 2321 651 ut
2349 593 2427 651 ad
2458 592 2788 666 speluncas
2841 607 2984 650 suas
3037 589 3335 656 redirent,
3370 587 3675 648 concessit
3722 583 3831 663 (5).
3868 608 3895 638 ››

2334 789 2416 846 De
2458 786 2650 846 exilio
2672 786 2930 859 quidem
2973 800 3196 844 senum
3238 786 3393 844 haec
3441 783 3623 842 nobis
3665 782 3729 840 in
3778 795 3900 839 me-

2253 885 2427 943 dium
2481 886 2856 958 proferenda
2914 889 3110 942 erant.
3188 881 3688 941 Persecutionem
3756 893 3897 937 vero

2254 983 2432 1040 istam
2481 985 2933 1042 monachorum
2994 982 3232 1049 Lucius,
3294 982 3472 1039 urbis
3529 979 3893 1051 praefectus,

2252 1081 2513 1153 eiusque
2568 1081 2866 1140 satellites
2922 1095 3046 1140 non
3103 1085 3227 1138 tam
3281 1094 3395 1137 suo
3449 1078 3662 1147 Marie,
3714 1090 3897 1149 quam

2254 1178 2386 1251 lege
2426 1179 2694 1238 Valentis
2745 1179 3147 1251 imperatoris
3193 1177 3392 1235 innixi
3441 1177 3640 1244 egisse
3682 1174 3897 1232 viden-

2251 1283 2372 1335 tur.
2425 1277 2709 1336 Socrates
2748 1277 2915 1334 enim
2961 1278 3036 1334 de
3091 1277 3223 1349 lege
3274 1275 3545 1348 quadam
3598 1272 3894 1345 loquitur,

2252 1391 2375 1448 qua
2421 1375 2640 1434 Valens
2695 1376 3032 1448 praecepit,
3093 1393 3123 1428 «
3189 1380 3255 1432 ut
3328 1369 3734 1450 [orthodoxi],
3792 1371 3896 1442 qui

2254 1473 2664 1531 Alexandriae
2709 1478 2769 1531 et
2813 1473 2877 1530 in
2925 1472 3170 1545 reliqua
3216 1477 3421 1530 essent
3469 1472 3768 1543 Aegypto,
3801 1469 3898 1526 fu-

2250 1579 2544 1643 garentur
2599 1568 2708 1647 (6).
2772 1593 2792 1622 ι
2857 1572 3144 1629 Ceterum
3201 1570 3418 1628 Valens
3469 1584 3524 1626 a.
3587 1568 3725 1634 373,
3777 1565 3899 1640 pri-

2252 1684 2350 1727 ma
2404 1670 2671 1728 Ianuarii
2728 1670 2852 1740 die,
2902 1669 3098 1742 legem
3158 1668 3443 1734 sancivit,
3498 1667 3682 1725 cuius
3726 1671 3898 1724 tenor

2250 1768 2352 1826 hic
2381 1775 2472 1826 est
2525 1785 2536 1826 :
2587 1787 2618 1821 ((
2669 1769 2933 1838 Quidam
2985 1768 3262 1839 ignaviae
3315 1771 3650 1825 sectatores
3694 1764 3897 1823 deser-

2247 1867 2327 1925 tis
2381 1867 2703 1926 civitatum
2777 1866 3147 1924 muneribus
3214 1869 3462 1937 captant
3535 1863 3899 1922 solitudines

2248 1979 2318 2022 ac
2365 1969 2624 2035 secreta,
2675 1969 2736 2022 et
2787 1963 2998 2036 specie
3048 1962 3370 2035 religionis
3415 1975 3560 2020 cum
3619 1961 3897 2019 coetibus

2248 2063 2654 2120 Monazonton
2720 2067 3194 2134 congregantur.
3263 2061 3386 2118 Hos
3455 2060 3646 2132 igitur
3717 2063 3897 2132 atque

2247 2159 2606 2218 huiusmodi
2668 2159 2830 2217 intra
2891 2162 3238 2232 Aegyptum
3294 2158 3719 2231 deprehensos
3789 2170 3898 2228 per

2245 2259 2540 2316 comitem
2627 2258 2895 2316 Orientis
2969 2257 3106 2314 erui
3180 2272 3214 2314 e
3285 2255 3544 2314 latebris
3618 2253 3896 2314 consulta

2247 2357 2687 2429 praeceptione
2758 2355 3212 2424 mandavimus,
3279 2361 3466 2428 atque
3537 2353 3610 2412 ad
3687 2352 3899 2412 munia

2246 2454 2592 2526 patriarum
2645 2454 2969 2512 subeunda
3020 2454 3323 2517 revocari,
3368 2459 3472 2511 aut
3518 2467 3634 2525 pro
3683 2458 3896 2510 tenore

2244 2557 2488 2609 nostrae
2530 2552 2867 2610 sanctionis
2943 2551 3346 2610 familiarium
3402 2564 3616 2608 rerum
3681 2562 3896 2608 carere

2243 2648 2600 2715 inlecebris,
2651 2665 2806 2722 quas
2860 2663 2970 2721 per
3019 2664 3124 2708 eos
3169 2647 3532 2707 censuimus
3577 2646 3899 2704 vindican-

2241 2747 2372 2812 das,
2434 2747 2543 2820 qui
2606 2748 3000 2820 publicarum
3059 2752 3268 2805 essent
3319 2746 3589 2804 subituri
3635 2758 3901 2803 munera

2243 2846 2655 2904 functionum.
2762 2861 2866 2918 pp.
2972 2845 3224 2917 Byritho
3308 2844 3562 2902 Kalend.
3653 2844 3895 2903 Ianuar.

2242 2941 2669 3001 Valentiniano
2717 2949 2778 3002 et
2831 2944 3084 3002 Valente
3131 2943 3252 3001 AA.
3313 2945 3480 3001 Coss.
3531 2939 3643 3016 (7).
3687 2961 3706 2994 ι
3767 2941 3899 3010 Quo

2242 3040 2431 3112 igitur
2484 3041 2550 3099 in
2617 3041 2868 3100 decreto
2918 3057 3040 3101 non
3104 3046 3362 3114 propter
3427 3039 3642 3107 vitam,
3708 3053 3898 3111 quam

2241 3139 2492 3211 degunt,
2580 3139 3038 3211 monachicam,
3113 3153 3330 3196 verum
3419 3138 3567 3210 quia
3638 3150 3898 3196 munera

2241 3237 2448 3294 civilia
2505 3241 2567 3295 et
2621 3237 2884 3295 curialia
2942 3237 3213 3309 effugere
3274 3237 3432 3295 velle
3489 3237 3892 3308 putabantur,

2241 3340 2576 3394 sectatores
2621 3335 2901 3408 ignaviae
2953 3336 3267 3394 dicuntur.
3322 3333 3528 3392 Simili
3585 3349 3659 3392 ex
3713 3347 3900 3391 causa

2241 3433 2345 3489 alii
2393 3448 2646 3506 quoque
2689 3434 3124 3506 imperatores.
3179 3433 3342 3490 inter
3391 3447 3550 3504 quos
3603 3432 3901 3490 Constan-

2241 3531 2428 3598 tinus,
2479 3532 2748 3589 curiales
2799 3531 3153 3589 sacerdotes
3211 3530 3346 3588 ﬁeri
3402 3535 3722 3588 vetuerant
3774 3526 3893 3604 (8).

2241 3628 2451 3700 Neque
2513 3643 2659 3686 vero
2721 3629 2797 3686 de
2854 3629 3077 3700 quovis
3133 3628 3466 3697 monacho,
3529 3642 3732 3700 neque
3785 3643 3900 3687 no-

2241 3726 2524 3783 minatim
2565 3726 2641 3783 de
2689 3740 2950 3785 munere
2994 3727 3252 3784 militari
3297 3726 3393 3784 lex
3442 3726 3549 3783 illa
3589 3726 3893 3798 loquitur,

2239 3824 2345 3881 sed
2424 3823 2499 3881 de
2582 3823 2968 3896 hominibus,
3036 3826 3144 3898 qui
3235 3821 3465 3881 desert-is
3563 3820 3895 3881 muneribus

2231 3917 2496 3996 public-is,
2572 3923 2746 3998 specie
2819 3919 3109 3998 religionis
3179 3937 3323 3980 cum
3382 3922 3707 3980 monachis
3774 3922 3895 3981 de-

2235 4025 2384 4090 gunt
2418 4037 2431 4085 ;
2461 4034 2569 4078 eos
2597 4020 2764 4078 enim
2803 4027 2909 4079 aut
2952 4022 3028 4078 ad
3073 4020 3288 4078 munia
3327 4021 3564 4093 patriae
3593 4021 3891 4079 obeunda

2236 4117 2493 4188 retrahi,
2531 4124 2636 4176 aut
2678 4133 2745 4175 re
2792 4117 3086 4176 familiari
3131 4117 3388 4191 spoliari
3430 4117 3629 4176 iussit.
3682 4119 3892 4188 Quan-

463 4207 627 4264 dotis
697 4207 771 4264 ad
843 4206 1146 4264 insaniam
1205 4207 1538 4265 concitavit
1596 4213 1656 4264 et
1721 4208 2121 4266 turibundam
2232 4229 2421 4286 quam
2490 4215 2779 4274 inimicos
2860 4216 3312 4275 catholicorum
3395 4217 3528 4288 lege
3611 4217 3890 4288 turpiter

464 4305 539 4360 ad
591 4304 737 4361 litus
780 4305 1059 4369 deduxit,
1113 4319 1238 4376 quo
1288 4307 1494 4362 navim
1545 4305 1810 4377 remiges
1853 4306 2124 4378 appule-
2233 4312 2404 4373 abuti
2475 4313 2654 4371 facile
2723 4314 3019 4385 potuisse,
3103 4328 3287 4372 nemo
3367 4328 3488 4372 non
3565 4313 3886 4386 intelligit.

463 4407 600 4458 rant
651 4398 760 4476 (4).
821 4422 846 4454 ››
928 4401 1164 4464 Cetera,
1235 4416 1392 4473 quae
1467 4409 1839 4474 sequuntur,
1901 4403 1976 4460 ad
2030 4404 2115 4471 id,
2153 4423 2198 4478 ι)
2234 4411 2495 4482 Prosper
2541 4412 2799 4483 quidem
2867 4411 3210 4483 Aquitanus
3284 4412 3483 4484 legem
3537 4427 3572 4468 a
3634 4412 3890 4471 Valente

461 4500 628 4572 quod
691 4515 723 4557 e
779 4496 994 4558 Ruﬁno
1051 4498 1416 4566 didicimus,
1471 4500 1653 4571 plane
1708 4501 1989 4559 redeunt.
2054 4504 2118 4560 In
2229 4509 2436 4567 datam
2479 4524 2613 4568 esse
2650 4510 2952 4569 tradidit:
3012 4529 3041 4564 α
3079 4515 3143 4568 ut
3190 4510 3478 4568 monachi
3513 4511 3884 4580 militarent,

461 4597 581 4654 ﬁne
607 4597 1034 4655 Theodoretus
1069 4614 1080 4652 ε
1112 4615 1139 4649 ‹‹
1166 4597 1349 4665 Haec,
1385 4625 1404 4647 ο
1437 4597 1662 4669 inquit,
1689 4616 1718 4650 «
1745 4599 1852 4656 ubi
1875 4600 1939 4657 in
1963 4601 2118 4661 urbe

459 4694 885 4761 innotuerunt,
963 4695 1248 4752 omnium
1319 4694 1492 4752 illico
1561 4697 1754 4754 factus
1823 4704 1915 4756 est
1972 4713 2116 4757 con-

457 4806 679 4849 cursus
727 4792 982 4849 Lucium
1025 4793 1497 4864 obiurgantium
1542 4799 1604 4852 et
1655 4794 1864 4853 divina
1913 4811 1980 4854 se
2021 4798 2116 4856 ira

455 4889 816 4962 plectendos
864 4889 1234 4965 dicentium,
1284 4891 1405 4949 nisi
1445 4891 1694 4951 divinus
1737 4893 1847 4952 ille
1875 4900 2112 4955 sancto-

529 5092 615 5160 (I)
646 5090 771 5146 ibid
802 5107 860 5162 p.
891 5092 1015 5145 66-2.

533 5180 610 5250 (2)
642 5181 792 5235 Ibid.
827 5197 886 5251 p.
919 5185 1020 5236 663
1049 5180 1108 5235 in
1146 5181 1286 5236 ﬁne.

530 5270 607 5339 (3)
634 5270 957 5325 Exstantin
1001 5270 1349 5326 Theodoret.
1389 5271 1529 5327 Hist.
1562 5271 1714 5328 Eccl.
1741 5272 1842 5330 lib.
1881 5277 1944 5329 IV
1973 5291 2105 5346 cap.

451 5361 541 5423 19,
581 5362 734 5430 Opp.
765 5359 858 5412 ed.
905 5359 1166 5415 Noesselt
1190 5363 1246 5415 T.
1283 5362 1351 5415 Ill
1381 5378 1440 5433 p.
1471 5364 1571 5416 987
1602 5379 1732 5434 sqq.

526 5449 604 5519 (4)
637 5448 983 5505 Theodoret.
1015 5450 1153 5506 Hist.
1212 5450 1358 5506 Eccl.
1421 5451 1524 5508 lib.
1576 5453 1641 5509 IV’
1679 5468 1811 5526 cap.
1855 5457 1914 5508 l8
1938 5454 2034 5509 ed.
2063 5455 2103 5509 I.

453 5553 514 5610 p.
549 5540 650 5593 985
684 5555 772 5609 sq.

529 5627 614 5702 (5)
640 5627 710 5686 L.
745 5628 783 5681 I.
823 5643 883 5700 p.
917 5628 1020 5684 986
1049 5645 1144 5703 sq.

2227 4606 2506 4666 nolentes
2549 4607 2820 4666 fustibus
2864 4613 3236 4666 necarentur
3263 4607 3375 4684 (9).
3429 4628 3458 4664 »
3499 4605 3672 4676 176
3704 4608 3889 4677 Quod

2225 4705 2483 4777 quidem
2545 4706 2658 4763 etsi
2729 4707 2862 4778 lege
2927 4720 3050 4764 non
3121 4705 3519 4777 exprimitur,
3590 4721 3888 4780 magnam

2224 4806 2391 4861 certe
2438 4803 2886 4876 crudelemque
2933 4804 3122 4861 fuisse
3166 4804 3620 4863 monachorum
3661 4819 3886 4876 perse-

2222 4900 2562 4974 cutionem,
2609 4917 2644 4959 a
2694 4901 2944 4960 Valente
2996 4901 3343 4975 excitatam,
3399 4917 3434 4960 e
3485 4902 3546 4961 S.
3599 4902 3889 4975 Chryso-

2291 5099 2368 5171 (6)
2397 5099 2563 5155 Socr.
2598 5099 2740 5155 Hist.
2769 5098 2924 5154 Eccl.
2955 5099 3059 5156 lib.
3086 5100 3156 5155 IV
3187 5117 3322 5174 cap.
3378 5101 3447 5156 24
3471 5100 3545 5158 ed
3579 5100 3622 5157 I.
3653 5116 3713 5173 p.
3743 5102 3883 5160 238.

2293 5188 2370 5258 (7)
2403 5187 2547 5243 Cod.
2579 5187 2853 5244 Theodos
2880 5189 2990 5253 XII,
3023 5194 3071 5253 l,
3102 5194 3189 5245 63.

2294 5277 2371 5346 (8)
2441 5275 2871 5333 Constantinus
2913 5278 3056 5336 Cod.
3118 5279 3415 5347 Theodos,
3445 5281 3583 5348 XVI,
3637 5285 3691 5349 2,
3715 5283 3768 5338 3.
3814 5286 3883 5350 6;

2221 5365 2670 5420 Valentinianus
2698 5366 2845 5421 ibid.
2880 5367 3019 5432 XVI,
3049 5369 3213 5434 2,17.

2290 5454 2366 5525 (9)
2395 5454 2600 5525 Prosp.
2643 5457 2920 5526 Aquitan.
2952 5457 3169 5514 Chron.
3234 5459 3444 5535 integr.
3499 5461 3557 5515 P.
3593 5459 3634 5526 l,
3669 5459 3881 5531 Migne

2216 5542 2432 5600 Patro].
2467 5546 2528 5601 T.
2553 5544 2621 5600 LI
2651 5559 2716 5616 p.
2742 5546 2869 5603 583.
