4092 6256
241 278 338 335 165
1801 273 1834 329 V

1951 273 2036 331 lE.
3520 280 3620 336 l66

225 406 388 467 stomi
459 405 631 463 libris
713 398 985 461 αιίυθνειιε
1047 406 1454 481 oppugnatores
1502 401 1650 460 vitae
1713 419 1841 460 mo—
1874 402 1920 459 Α
1955 406 2218 464 millima
2247 419 2339 474 ea,
2377 421 2534 479 quae
2561 405 2638 464 de
2682 406 3025 464 virtutibus
3057 407 3465 466 Macariorum
3497 408 3615 468 Ru-

221 502 456 562 nac/zicae
481 499 563 579 (l)
581 502 901 560 discimus.

285 605 469 661 Restat
545 605 611 659 ut
680 601 1089 659 Macariorum
1170 601 1575 670 mentionem,
1653 615 1840 672 quam

210 701 334 758 data
390 699 835 772 persecutionis
888 699 1068 756 istius
1119 698 1464 757 narrandae
1517 699 1840 756 occasione

207 798 438 857 Ruﬁnus
513 797 678 869 fecit,
736 797 1008 855 breviter
1077 795 1180 854 hic
1253 797 1730 868 subiungamus.
1787 797 1841 853 is

203 896 382 965 enim,
421 910 614 968 quum
661 901 1021 967 temporum
1069 895 1324 953 illorum
1379 894 1704 952 historiam
1735 895 1840 952 de-

197 993 532 1066 scripsisset
565 1009 579 1050 :
609 1011 637 1046 «
714 994 1020 1061 Florebat,
1063 1011 1092 1046 »
1141 991 1363 1065 inquit,
1425 1014 1446 1044 ‹
1499 992 1690 1065 igitur
1718 994 1840 1052 Ae-

197 1097 409 1164 gyptus
455 1105 530 1149 ea
582 1095 947 1163 tempestate
1019 1104 1140 1148 non
1192 1091 1394 1148 solum
1449 1090 1714 1148 eruditis
1773 1091 1837 1148 in

200 1189 520 1247 christiana
551 1189 951 1261 philosophia
1000 1187 1172 1254 viris,
1231 1203 1449 1246 verum
1493 1189 1680 1247 etiam
1713 1189 1832 1253 his,

197 1287 298 1359 qui
328 1301 436 1358 per
467 1293 699 1345 vastam
743 1300 1026 1344 eremum
1065 1293 1530 1344 commanentes
1555 1287 1728 1358 signa
1777 1291 1840 1343 et

191 1385 466 1457 prodigia
519 1383 880 1458 Apostolica
929 1385 1328 1457 simplicitate
1373 1385 1530 1442 vitae
1584 1390 1644 1441 et
1689 1399 1838 1443 cor-

189 1483 280 1540 dis
316 1483 670 1542 sinceritate
720 1481 1046 1540 faciebant.
1107 1482 1195 1540 Ex
1233 1482 1467 1555 quibus
1543 1482 1835 1540 interim-

187 1594 339 1652 quos
369 1580 489 1653 ipsi
521 1579 812 1650 vidimus,
852 1586 914 1637 et
963 1595 1236 1653 quorum
1287 1579 1572 1638 benedici
1641 1580 1834 1638 manil

186 1680 301 1737 bus
322 1679 692 1743 meruimus,
730 1679 790 1736 hi
821 1683 963 1737 sunt
1014 1697 1026 1735 :
1081 1679 1384 1736 Macarius
1414 1678 1491 1736 de
1519 1678 1835 1750 superiori

1952 503 2111 561 ﬁnus
2163 505 2225 561 in
2284 505 2759 562 Continuatione
2793 505 3099 562 Historiae
3148 504 3614 564 Ecclesiasticae

1953 601 2200 659 Eusebii
2263 608 2600 674 scripserat
2670 600 2782 677 (6),
2848 603 3128 660 alludere
3197 603 3504 662 videntur.
3567 605 3612 662 E

1951 699 2225 758 fontibus
2267 700 2538 772 denique
2599 701 2928 772 incognitis
2957 701 3240 758 Socrates
3274 702 3424 759 haec
3455 717 3611 761 nova

1951 796 2178 854 adiecit
2205 815 2216 854 :
2246 819 2267 849 α
2308 797 2448 855 Erat
2473 813 2662 870 porro
2688 796 3018 874 [Macarius
3045 796 3409 877 Aegyptius]
3441 815 3612 858 reve-

1951 895 2181 952 rendus
2213 897 2449 967 pariter
2506 911 2577 953 ac
2635 910 2888 955 severus
2943 898 3007 955 in
3032 898 3190 962 illos,
3253 898 3362 970 qui
3402 899 3610 971 ipsum

1949 992 2222 1050 adibant.
2304 993 2606 1051 Macarius
2685 1009 2832 1051 vero
2915 995 3392 1066 Alexandrinus,
3464 1011 3606 1055 cum

1949 1105 2397 1164 usquequaque
2450 1092 2680 1149 similis
2740 1097 2900 1151 esset
2953 1094 3274 1165 Aegyptio,
3346 1109 3420 1153 eo
3477 1099 3605 1152 tan-

1947 1194 2079 1246 tum
2110 1188 2522 1260 discrepabat,
2559 1190 2728 1261 quod
2760 1189 2978 1247 hilaris
3024 1191 3140 1247 fuit
3187 1205 3334 1263 erga
3362 1205 3470 1250 eos
3501 1192 3608 1263 qui

1947 1286 2024 1343 ad
2045 1287 2251 1357 ipsum
2283 1293 2692 1352 accesserant,
2728 1294 2789 1345 et
2819 1288 3169 1345 urbanitate
3199 1289 3470 1361 quadam
3509 1290 3608 1348 iu-

1949 1385 2154 1442 niores
2175 1384 2251 1441 ad
2283 1384 2683 1456 disciplinam
2721 1385 3152 1442 monachicam
3176 1385 3390 1444 allexit
3417 1388 3524 1458 (7).
3574 1406 3604 1442 ››

1946 1481 2162 1540 Cetera
2230 1482 2441 1555 igitur,
2475 1497 2547 1540 ex
2595 1481 2853 1554 Evagrio
2906 1484 3299 1555 deprompta,
3336 1484 3412 1542 ad
3454 1485 3609 1544 duas

1947 1579 2196 1638 Macarii
2230 1581 2512 1651 Aegyptii
2545 1580 2836 1639 historias
2865 1582 2942 1638 de
2963 1596 3169 1651 causa,
3204 1597 3317 1640 cur
3348 1583 3606 1640 iniuria-

1949 1691 2091 1736 rum
2143 1679 2222 1735 ab
2280 1678 2644 1736 hominibus
2723 1679 3101 1737 inﬂictarum
3173 1679 3607 1739 recordatione

181 1789 416 1843 eremo,
448 1776 607 1834 alius
649 1775 949 1834 Macarius
990 1776 1069 1834 de
1109 1773 1412 1844 inferiori,
1450 1776 1725 1833 Isidorus
1773 1776 1836 1833 in
1873 1769 1913 1822 Β
1949 1777 2290 1834 memoriae
2347 1776 2473 1834 vim
2522 1789 3028 1848 corrumpamus,
3104 1793 3138 1834 a
3195 1778 3611 1836 daemonibus

182 1873 365 1946 Scyti,
447 1873 716 1931 Pambus
775 1873 838 1931 in
893 1873 1171 1943 Cellulis,
1215 1875 1452 1944 Moyses
1504 1877 1560 1931 et
1617 1873 1835 1931 Benia-

186 1971 309 2029 min
385 1972 450 2029 in
547 1971 763 2038 Nitria,
821 1971 1080 2048 Scyrion
1137 1976 1197 2028 et
1249 1970 1453 2028 Helias
1505 1977 1567 2029 et
1615 1972 1838 2029 Paulus

184 2069 245 2126 in
309 2070 618 2142 Apeliote,
702 2069 860 2127 alius
927 2070 1148 2127 Paulus
1213 2070 1277 2126 in
1321 2069 1514 2138 Focis,
1573 2070 1836 2127 Poemen

185 2172 240 2224 et
269 2167 490 2239 Ioseph
566 2167 630 2224 in
687 2166 936 2238 Pispiri,
1001 2167 1108 2238 qui
1168 2165 1603 2238 appellabatur
1656 2180 1835 2224 mons

182 2265 445 2324 Antonii.
485 2264 607 2323 Sed
645 2267 712 2322 et
733 2264 890 2323 alios
929 2265 1337 2336 quamplures
1401 2264 1836 2322 huiuscemodi

181 2364 339 2422 viros
365 2365 428 2421 in
467 2363 736 2435 Aegypti
769 2362 1052 2434 partibus
1097 2362 1401 2426 habitare,
1463 2361 1632 2418 ﬁdeli
1655 2376 1837 2419 com-

183 2463 458 2534 perimus
515 2457 874 2535 audituzz).
931 2480 961 2511 «
1017 2460 1178 2516 Inter
1234 2460 1582 2533 Aegyptum
1647 2475 1835 2530 supe-

178 2560 406 2618 riorem
437 2562 507 2618 et
535 2558 902 2616 inferiorem
931 2557 982 2615 si
1023 2557 1442 2629 distinguitur,
1494 2558 1832 2630 superiori,

172 2659 362 2717 eremi
435 2658 785 2716 Macarium
857 2655 1228 2727 Aegyptium
1307 2655 1837 2714 Scetisincolams

173 2757 494 2816 inferioris
543 2753 1032 2812 Alexandrinum
1090 2753 1468 2811 Cellularum
1508 2755 1838 2825 presbyte—

174 2869 310 2913 rum
339 2855 536 2914 fuisse
569 2851 968 2910 crediderim.

249 2954 394 3026 ξω.
453 2950 753 3016 Socratis,
815 2949 1163 3021 Sozomeni,
1200 2947 1446 3017 Suidae,
1492 2947 1833 3021 Nicephori

175 3051 429 3122 Callisti,
511 3047 910 3120 aliorumque
983 3060 1197 3104 rerum
1270 3047 1832 3104 ecclesiasticarum

173 3148 573 3220 scriptorum,
626 3145 736 3218 qui
789 3159 910 3203 non
962 3149 1089 3202 tam
1119 3158 1233 3203 suo
1285 3144 1495 3211 Marte,
1557 3159 1747 3217 quam
1799 3159 1833 3202 e

177 3246 449 3303 fontibus
525 3244 650 3301 illis
713 3242 1053 3315 primariis,
1110 3256 1268 3314 quos
1323 3242 1646 3313 hucusque
1695 3257 1832 3300 exa-

180 3342 572 3408 minavimus,
607 3341 684 3399 de
744 3340 1023 3399 Macariis
1072 3340 1342 3404 tradunt,
1389 3339 1558 3397 locos
1591 3339 1835 3398 relatio-

185 3452 416 3510 nesque
474 3439 734 3510 integras
803 3439 866 3495 in
929 3437 1209 3496 medium
1288 3438 1568 3509 proferre
1622 3452 1837 3508 super-

181 3536 376 3594 ﬂuum
408 3551 542 3594 esse
575 3542 747 3595 antea
790 3535 1076 3594 arbitrati
1113 3549 1330 3592 sumus
1387 3532 1502 3610 (3).
1551 3537 1833 3593 Attamen

175 3649 283 3693 eos
327 3635 600 3693 breviter
642 3648 967 3692 recensere
1008 3649 1041 3690 a
1087 3647 1155 3690 re
1198 3634 1471 3691 alienum
1517 3648 1638 3691 non
1691 3634 1829 3690 erit.

175 3733 244 3790 Et
283 3734 555 3792 Socratis
605 3734 862 3806 quidem
921 3737 1046 3790 tota
1124 3733 1202 3789 de
1279 3732 1559 3788 Macariis
1617 3731 1836 3789 relatio

173 3831 351 3889 libris
410 3831 654 3904 Evagrii
710 3831 1016 3901 innititur,
1073 3829 1348 3901 exceptis
1415 3829 1629 3900 paucis
1699 3828 1838 3900 qui-

172 3929 438 3987 busdam
518 3929 859 3987 sententiis.
928 3929 970 3984 E
1035 3941 1303 3999 quarum
1367 3941 1631 3984 numero
1693 3932 1836 3985 sunt

166 4025 299 4098 illa,
330 4043 499 4100 quae
526 4018 718 4098 supra
743 4026 818 4083 ad
863 4026 1094 4083 librum
1128 4025 1470 4082 secundum
1520 4024 1834 4097 respicere

161 4125 500 4183 docuimus
524 4124 612 4200 (4)
646 4143 664 4196 ;
699 4128 865 4201 177
906 4124 1014 4180 sed
1045 4123 1289 4195 ultima,
1323 4138 1484 4194 quae
1513 4138 1546 4179 e
1578 4122 1825 4179 Socrate

160 4222 248 4280 ibi
282 4224 638 4287 attulimus,
675 4222 863 4280 verba
905 4221 1057 4277 haec
1105 4237 1116 4276 :
1158 4242 1186 4272 ‹‹
1239 4220 1576 4293 Aegyptius
1609 4215 1831 4297 [Maca-

161 4318 315 4397 rius]
354 4325 448 4380 tot
475 4321 713 4378 sanavit
762 4333 1003 4391 aegros.
1037 4322 1126 4377 tot
1153 4319 1440 4376 obsessos
1489 4334 1524 4374 a
1566 4319 1832 4375 daemo-

162 4419 351 4477 nibus
378 4419 698 4488 liberavit,
749 4422 834 4483 ut,
871 4429 1031 4489 quae
1082 4430 1192 4488 per
1231 4415 1494 4487 gratiam
1546 4416 1646 4472 Dei
1679 4430 1824 4487 ges—

161 4516 332 4586 serit,
391 4520 754 4589 separatum
801 4528 961 4587 opus
1007 4510 1364 4571 desiderent
1388 4511 1498 4580 (5),
1547 4531 1577 4566 »
1612 4512 1688 4570 ad
1741 4512 1831 4568 si-

239 4763 321 4834 (1)
380 4762 464 4817 lo.
503 4759 915 4831 Chrysostomi
972 4759 1121 4830 Opp.
1154 4757 1248 4814 ed.
1281 4756 1658 4814 Montfaucon
1715 4760 1771 4813 T.
1811 4755 1828 4806 Ι

163 4855 328 5012 μέ)
345 4865 576 4994 sggﬁn.
605 4937 748 4992 Hist.
789 4935 940 4991 Eccl.
973 4935 1076 4991 lib.
1107 4937 1152 4990 II
1204 4952 1336 5007 cap.
1373 4939 1404 4992 8
1462 4936 1555 4991 ed.
1587 4936 1760 4993 Basil.
1788 4938 1830 4991 l.

164 5044 223 5100 p.
257 5030 368 5085 246
399 5045 417 5094 ;
463 5025 659 5083 Ruﬁni
693 5028 844 5097 Opp.
871 5025 965 5081 ed.
997 5025 1243 5082 Vallarsi
1267 5043 1323 5097 p.
1357 5027 1481 5091 278,
1509 5027 1695 5096 Migne
1725 5025 1832 5082 Pa-

167 5119 298 5175 trol.
337 5121 401 5175 Τ.
441 5115 554 5173 Χχι
586 5131 644 5187 ρ.
670 5115 798 5172 517.

237 5209 317 5279 (3)
356 5210 558 5278 Supra
596 5205 623 5277 ἓ
662 5205 725 5262 11
762 5220 822 5277 p.
866 5208 957 5262 37.

240 5298 320 5367 (4)
352 5299 556 5368 Supra
581 5294 609 5366 ἓ
635 5294 703 5348 24
734 5311 800 5366 p.
836 5293 933 5348 111
971 5308 1059 5364 sq.

352 5388 712 5545 [El-{.lsuprag
742 5474 806 5528 27
843 5487 902 5543 p.
945 5471 1067 5526 114.

251 5564 331 5634 (7)
367 5566 533 5619 Socr.
561 5563 706 5617 Hist.
737 5560 892 5616 Eccl.
922 5558 1025 5615 lib.
1056 5559 1124 5614 IV
1150 5573 1284 5631 cap.
1316 5561 1379 5613 23
1410 5558 1503 5614 ed.
1537 5560 1577 5614 Ι.
1621 5574 1678 5632 p.
1713 5558 1836 5612 234.

189 5650 270 5713 Cl.
299 5668 489 5725 supra
516 5653 546 5724 §
575 5653 641 5709 23
671 5665 733 5723 p.
765 5650 856 5708 97.

1947 1888 2093 1932 vero
2134 1880 2530 1945 acceptarum
2585 1875 3047 1932 reminiscendo
3100 1889 3222 1932 non
3251 1875 3598 1943 laedamus,

1946 1976 2007 2029 et
2033 1971 2110 2028 de
2136 1971 2526 2039 abstinentia,
2562 1987 2686 2044 qua
2729 1971 3060 2044 Evagrium
3101 1973 3201 2030 siti
3233 1987 3609 2045 oppressum

1948 2069 2173 2126 umbra
2189 2075 2547 2127 contentum
2576 2085 2709 2128 esse
2736 2071 3022 2137 iusserat,
3057 2071 3318 2128 redeunt
3347 2070 3456 2146 (8).
3493 2072 3608 2130 So-

1949 2181 2246 2225 zomenus
2275 2167 2352 2224 de
2403 2168 2684 2225 Macariis
2715 2183 2908 2239 pauca
2956 2169 3177 2226 retulit
3208 2183 3284 2226 ex
3341 2169 3610 2227 Historia

1948 2265 2256 2326 Lausiaca,
2295 2265 2413 2323 hoc
2453 2271 2660 2322 tamen
2704 2265 3045 2338 praemisso
3076 2267 3375 2327 exordio:
3451 2289 3480 2320 ‹‹
3505 2267 3614 2327 Or-

1947 2361 2086 2419 diar
2141 2366 2348 2420 autem
2402 2363 2480 2420 ab
2505 2363 2803 2435 Aegypto,
2844 2366 2906 2420 et
2953 2364 3257 2422 aduobus
3301 2365 3603 2434 Macariis,

1946 2460 2378 2517 celeberrimis
2408 2461 2908 2533 rectoribus,qui
2928 2462 2991 2517 in
3017 2461 3191 2519 Scete
3221 2467 3278 2518 et
3302 2461 3365 2518 in
3401 2467 3610 2520 monte

1948 2556 2219 2629 regionis
2259 2557 2428 2615 illius
2482 2558 2906 2629 praefuerunt.
2943 2560 3220 2628 Quorum
3278 2560 3434 2617 alter
3461 2561 3606 2632 qui-

1948 2654 2092 2711 dem
2139 2654 2482 2728 Aegyptius
2518 2655 2654 2722 fuit,
2691 2657 2850 2713 alter
2891 2653 3154 2714 πολιτικός
3186 2659 3226 2714 i.
3262 2672 3314 2714 e.
3353 2659 3611 2716 urbicus

1947 2752 2292 2810 dicebatur.
2331 2754 2472 2810 Erat
2503 2754 2672 2811 enim
2709 2755 3016 2812 oriundus
3042 2769 3114 2813 ex
3152 2757 3311 2813 urbe
3347 2758 3608 2814 Alexan-

1947 2851 2111 2908 dria.
2155 2852 2276 2909 Nec
2331 2866 2453 2909 non
2491 2857 2753 2924 uterque
2793 2854 2874 2911 ob
2935 2853 3212 2910 divinam
3261 2855 3614 2926 praescien-

1946 2949 2097 3007 tiam
2155 2964 2225 3006 ac
2283 2950 2748 3021 philosophiam
2799 2950 3189 3008 admirabilis
3247 2958 3307 3008 et
3364 2952 3613 3010 daemo—

1947 3047 2132 3104 nibus
2199 3045 2624 3104 formidabilis
2709 3049 2904 3105 multa
2957 3047 3258 3105 miracula
3313 3053 3373 3106 et
3423 3064 3610 3107 cura-

1947 3144 2148 3203 tiones
2215 3146 2552 3216 stupendas
2628 3145 2888 3217 perfecit
2945 3144 3047 3214 (9).
3104 3163 3139 3202 »
3191 3145 3347 3204 Illud
3398 3147 3608 3215 etiam,

1946 3243 2114 3314 quod
2173 3258 2361 3314 supra
2422 3244 2802 3309 monuimus,
2857 3243 3240 3301 Sozomenus
3294 3243 3465 3302 solus
3496 3258 3608 3302 nos

1946 3341 2184 3412 edocet,
2239 3339 2575 3399 Macarium
2607 3339 3093 3399 Alexandrinum
3153 3342 3380 3414 serius,
3417 3357 3607 3415 quam

1949 3437 2340 3510 Aegyptium,
2378 3439 2815 3510 presbyterum
2857 3440 3086 3497 factum
3117 3455 3251 3498 esse
3303 3439 3456 3516 (10).
3504 3441 3612 3499 Ce-

1946 3542 2150 3593 terum
2183 3552 2258 3593 ex
2287 3537 2556 3594 Historia
2589 3537 2872 3594 Lausiaca
2913 3537 3139 3594 famam
3190 3539 3267 3594 de
3302 3544 3551 3596 mortuo
3577 3555 3610 3595 a

1949 3633 2215 3690 Macario
2264 3634 2566 3706 Aegyptio
2625 3634 2699 3691 ad
2768 3634 3141 3691 Hieracitam
3189 3635 3606 3693 refellendum

1949 3731 2268 3802 suscitato,
2320 3732 2395 3789 de
2451 3737 2647 3789 aetate
2708 3731 2956 3788 Macarii
3014 3733 3324 3805 Aegyptii,
3385 3739 3444 3790 et
3496 3747 3612 3791 cur

1946 3841 2173 3886 nomen
2240 3825 2661 3906 παιδαριογέρωυ
2738 3831 2910 3903 178
2956 3829 3009 3885 ei
3062 3829 3327 3887 inditum
3399 3831 3606 3904 fuerit,

1946 3925 2260 3991 historias,
2291 3925 2562 3997 denique
2606 3927 2992 4002 singularem
3047 3925 3295 3984 Macarii
3352 3928 3611 3984 Alexan-

1944 4022 2110 4080 drini
2137 4023 2579 4080 continentiam
2618 4024 2873 4084 tradidit
2931 4024 3076 4101 (11).
3129 4022 3456 4082 Praeterea
3500 4025 3612 4082 So-

1945 4135 2243 4178 zomenus
2324 4119 2676 4178 Macarium
2725 4122 3220 4179 Alexandrinum
3265 4140 3294 4176 ((
3348 4122 3611 4180 Cellula-

1943 4233 2086 4276 rum
2175 4219 2608 4289 presbyterum
2672 4239 2699 4272 »
2769 4219 2974 4276 denuo
3013 4219 3243 4285 laudat,
3298 4219 3406 4292 qui
3487 4234 3609 4278 non

1942 4332 2029 4386 se,
2075 4316 2183 4374 sed
2227 4315 2516 4387 angelum
2584 4317 2787 4374 Marco
2859 4332 3108 4388 semper
3137 4333 3230 4387 ea,
3283 4336 3312 4370 «
3376 4333 3535 4390 quae
3579 4334 3612 4374 a

1940 4415 2260 4472 sacerdote
2343 4413 2631 4471 ﬁdelibus
2693 4415 2769 4471 ad
2853 4415 3047 4472 altare
3131 4415 3423 4487 praeberi
3514 4416 3615 4472 ius

1942 4513 2156 4585 fasque
2199 4518 2290 4571 est
2339 4510 2487 4585 (12),
2521 4531 2549 4566 υ
2586 4512 2942 4584 porrexisse
2982 4512 3286 4580 docuerit,
3326 4512 3388 4570 id
3443 4513 3610 4584 quod

2014 4757 2091 4829 (8)
2127 4759 2286 4813 Socr.
2321 4757 2358 4812 1.
2386 4759 2430 4812 Ι.
2468 4773 2525 4828 p.
2560 4758 2662 4814 235
2691 4774 2779 4830 sq.
2807 4758 2890 4814 Cf.
2928 4774 3114 4830 supra
3144 4760 3172 4830 §
3202 4761 3270 4815 29
3299 4775 3356 4831 p.
3394 4761 3500 4815 119
3529 4775 3615 4833 sq

2014 4846 2092 4918 (9)
2141 4847 2373 4903 Sozom.
2419 4847 2558 4902 Hist.
2595 4846 2744 4903 Eccl.
2788 4847 2893 4903 lib.
2927 4849 2999 4902 ΙΙΙ
3045 4863 3180 4922 cap.
3226 4851 3292 4905 14
3324 4849 3421 4906 ed.
3477 4851 3520 4904 Ι.
3564 4867 3604 4922 p

1943 4938 2041 4993 515
2070 4953 2160 5008 sq.

2010 5025 2125 5096 (10)
2156 5024 2236 5080 Cf.
2275 5039 2457 5096 supra
2486 5024 2514 5096 ᾗ
2543 5025 2604 5078 21
2637 5040 2696 5097 p.
2732 5026 2795 5080 87
2826 5041 2915 5098 sq.

2013 5115 2126 5184 (11)
2159 5116 2390 5170 Sozom.
2430 5112 2538 5168 1.1.

2016 5203 2129 5275 (12)
2175 5204 2407 5258 Sozom.
2444 5202 2589 5258 Hist.
2630 5201 2780 5257 Eccl.
2821 5201 2924 5258 lib.
2962 5202 3029 5257 VI
3060 5217 3192 5275 cap.
3235 5208 3304 5259 29
3341 5204 3434 5260 ed.
3469 5205 3515 5260 Ι.
3547 5220 3609 5276 p.

1947 5296 2070 5349 681.
2115 5291 2303 5347 Probe
2352 5291 2814 5353 animadvertas,
2852 5293 3251 5348 Sozomenum
3296 5291 3425 5347 11.1.
3471 5293 3620 5350 inter

1949 5402 1977 5429 (ί
2007 5381 2330 5435 Macarium
2363 5379 2718 5435 Cellularum
2743 5380 3187 5450 presbyterum,
3228 5404 3255 5430 »
3283 5387 3340 5435 et
3365 5398 3393 5430 ‹‹
3429 5382 3618 5436 Maca-

1946 5469 2106 5524 rium
2138 5491 2158 5517 ι
2197 5469 2284 5522 vel
2318 5490 2343 5518 «
2376 5469 2696 5524 Macarium
2729 5467 3028 5524 iuniorem
3063 5488 3091 5519 »
3121 5469 3510 5537 distinguere,
3540 5468 3622 5523 ita

1951 5564 2016 5612 ut
2043 5557 2261 5614 verba:
2292 5575 2319 5606 ‹‹
2344 5557 2601 5612 Macario
2629 5573 2838 5612 verum
2861 5556 3156 5612 donatum
3181 5555 3291 5611 fuit
3317 5572 3352 5611 a
3383 5557 3614 5611 Deo...»

1951 5661 2076 5704 non
2095 5645 2168 5702 de
2195 5647 2447 5703 Macario
2476 5646 2836 5703 Cellularum
2868 5643 3245 5719 presbytero,
3274 5644 3380 5698 sed
3404 5643 3477 5698 de
3502 5646 3616 5699 Ma-
