4092 6256
503 307 601 363 167
1345 303 1446 360 SS.
1489 299 1977 359 MACARIORUM
2018 295 2353 357 AEGYPTII
2398 299 2485 354 ET
2525 296 3036 358 ALEXANDRINI.

3792 304 3893 387 163

464 451 718 510 suprae
751 434 1024 494 Palladio
1081 434 1476 508 percepimus
1523 434 1628 511 (1).
1687 431 1867 505 Apud
1909 431 2116 488 Theo-
2149 425 2440 488 Abiliter
2514 429 2898 502 praedicavit
2964 429 3191 504 iisque,
3258 434 3366 506 qui
3443 433 3507 492 in
3568 435 3893 494 tormentis

467 536 759 594 doretum
816 538 1062 608 praeter
1118 549 1211 601 ea,
1268 548 1427 607 quae
1478 531 1833 589 audivimus
1881 525 1991 606 (2),
2041 528 2117 586 de

466 633 747 690 Macariis
799 632 1023 689 nostris
1071 631 1225 689 nihil
1254 630 1487 703 reperi.
1530 630 1742 701 Neque
1771 627 2115 700 quidquam

464 732 630 804 apud
661 731 946 790 Orosium
977 730 1054 788 de
1084 729 1306 788 iisdem
1337 728 1581 799 uspiam
1612 726 1838 800 legitur
1862 743 1879 795 ;
1931 731 2117 798 atque

463 843 558 900 ea,
631 842 791 901 quae
838 828 901 885 in
954 826 1303 886 Cassiodori
1363 826 1622 885 historia
1672 824 1985 899 tripartita
2040 822 2118 880 de

465 926 747 983 Macariis
826 926 1124 997 Aegyptio
1199 931 1259 983 et
1316 924 1733 983 Alexandrino
1782 925 2049 994 exstant,
2085 936 2118 977 e

463 1024 713 1082 Socrate
752 1029 810 1081 et
866 1024 1257 1083 Theodoreto
1334 1024 1662 1094 desumpta
1727 1027 1869 1080 sunt
1906 1018 2021 1096 (3).
2057 1018 2121 1077 Si

465 1121 698 1179 militer
728 1121 948 1180 Suidas
977 1120 1064 1190 id,
1099 1121 1267 1194 quod
1297 1135 1350 1192 s,
1370 1115 1734 1177 v.Macarius
1755 1118 1974 1177 scribit
2004 1112 2117 1193 (ιι),

466 1236 501 1278 e
531 1220 805 1291 Socrate,
856 1230 925 1277 ac
993 1219 1381 1291 Nicephorus
1410 1217 1699 1277 Callistus
1740 1230 1901 1291 quae
1934 1214 2122 1274 habet

467 1318 570 1394 (5),
607 1335 639 1376 e
664 1318 1009 1377 Sozomeno
1030 1322 1087 1374 et
1119 1333 1152 1374 e
1183 1316 1434 1375 Socrate
1458 1315 1907 1389 compilarunt.

550 1508 867 1566 Fabricius
943 1508 1007 1566 in
1088 1507 1470 1565 Bibliotheca
1573 1506 1804 1564 Graeca
1884 1504 2116 1578 passim

466 1608 759 1665 loannem
822 1607 1133 1679 quendam
1222 1605 1627 1678 Hagioelitam
1674 1605 1769 1662 vel
1817 1603 2117 1677 Hagiopo-

463 1705 653 1763 atiam
707 1705 755 1761 i.
808 1720 862 1762 e.
899 1703 1532 1776 Hierosolymitanum
1571 1702 1867 1773 nominat,
1927 1716 2115 1775 quem

2225 533 2421 598 erant,
2467 527 2901 595 cessationem,
2942 542 3089 586 cum
3131 544 3245 602 pro
3291 530 3420 590 illis
3456 531 3886 604 funderentur,

2226 625 2697 697 suppeditantes
2727 626 3095 684 monstravit
3142 625 3249 704 (9).
3300 649 3325 683 ι
3362 628 3450 688 Ex
3478 630 3710 704 quibus
3751 645 3891 690 con-

2226 722 2469 790 ieceris,
2551 726 2909 783 encomium
2964 723 3121 783 illud
3186 725 3532 801 hucusque,
3590 734 3889 801 quantum

2226 818 2443 890 sciam,
2488 820 2796 879 ineditum
2854 817 2981 898 (10)
3030 838 3386 883 sermonem
3439 826 3886 900 panegyricum

2226 930 2381 989 esse,
2428 933 2555 991 quo
2599 917 2901 977 Macarius
2945 921 3286 993 Aegyptius
3328 923 3623 982 laudibus
3674 924 3895 983 eti‘era.

2228 1019 2349 1072 tur.
2400 1016 2519 1074 Nec
2553 1030 2675 1076 non
2723 1017 2888 1076 idem
2926 1020 3286 1078 encomium
3334 1022 3702 1080 Assemanni
3748 1024 3880 1081 lau-

2229 1111 2434 1171 datin
2482 1113 2883 1183 Calendariis,
2938 1116 3254 1191 vitamque
3302 1119 3552 1178 Macarii
3605 1120 3888 1194 Aegyptii

2230 1224 2265 1267 a
2358 1210 2583 1269 loanne
2656 1210 3045 1285 Hagiopolita
3122 1229 3232 1274 seu
3320 1215 3885 1289 Hierosolymitano

2229 1308 2525 1381 scriptam
2556 1310 2829 1382 appellat
2866 1308 3017 1388 (11).
3053 1312 3332 1372 Eundem
3367 1328 3559 1387 porro
3592 1315 3888 1374 Joannem

2226 1404 2638 1477 Hagioelitam
2710 1422 2821 1465 seu
2903 1408 3355 1483 Hagiopolitam
3433 1412 3547 1471 Leo
3633 1413 3890 1471 Allatius

2226 1502 2377 1560 alibi
2432 1511 2569 1576 post
2620 1504 2912 1564 loannem
2972 1507 3416 1568 Damascenum
3474 1510 3558 1568 ita
3606 1525 3880 1569 comme-

2226 1606 2450 1669 morat,
2502 1608 2568 1660 ut
2622 1617 2747 1661 non
2799 1604 2997 1663 multo
3052 1606 3167 1664 hoc
3222 1608 3424 1666 serius
3477 1608 3703 1667 vixisse
3742 1623 3887 1667 eum

2226 1699 2567 1758 verisimile
2611 1701 2894 1760 videatur
2936 1699 3086 1779 (l2).
3118 1704 3352 1764 Rursus
3380 1702 3552 1774 180
3586 1707 3648 1764 in
3677 1705 3891 1766 Leonis

465 1803 534 1861 lit
620 1804 817 1860 Leone
890 1802 1111 1860 Allatio
1193 1807 1345 1859 teste
1436 1797 1775 1858 Encomz‘um
1859 1796 2116 1860 Macarii
2154 1780 2195 1834 Β
2230 1797 2435 1856 Allatii
2492 1798 2658 1857 libro
2707 1799 2979 1868 Συμμικτά
3030 1801 3330 1875 inscripto
3380 1804 3710 1877 Epiphanii
3766 1805 3887 1863 Ha-

463 1896 735 1977 Aegypti-i
770 1900 831 1957 in
864 1900 1263 1958 bibliothecis
1314 1900 1496 1959 codd.
1559 1914 1706 1959 mss.
1749 1899 2117 1958 delitescens

464 2000 817 2058 elaborasse
877 1994 983 2070 (6).
1051 1998 1240 2057 Cuius
1295 1998 1581 2071 opusculi
1662 1999 1779 2057 Leo
1856 1998 2117 2057 Allatius

464 2098 606 2155 data
668 2096 992 2155 occasione
1043 2096 1169 2154 duo
1221 2112 1374 2169 parv
1404 2097 1701 2170 aprotulit
1754 2096 2114 2169 fragmenta,

465 2210 659 2252 unum
689 2195 752 2252 in
801 2193 963 2252 libro
1011 2210 1125 2252 suo
1164 2195 1241 2252 de
1296 2195 1678 2267 purgatorio,
1735 2196 2005 2253 alterum
2054 2195 2116 2253 in

464 2293 894 2350 dissertatione
926 2288 997 2357 il,
1041 2307 1228 2364 quam
1307 2293 1385 2351 de
1436 2293 1615 2351 libris
1683 2293 2118 2351 ecclesiasticis

461 2391 837 2449 Graecorum
869 2391 1041 2464 179
1062 2390 1332 2461 scripsit.
1384 2391 1557 2449 Prius
1581 2390 1771 2464 igitur
1809 2391 2119 2463 fragmen-

460 2495 595 2546 tum
626 2489 812 2545 latine
865 2488 1181 2545 redditum
1233 2489 1349 2546 lioc
1389 2494 1523 2546 est:
1573 2506 1602 2542 «
1657 2486 1951 2561 Oportuit
2002 2506 2111 2548 au-

462 2592 591 2642 tem
620 2592 679 2643 et
728 2600 873 2642 eum
926 2591 1140 2657 utpote
1177 2585 1497 2644 hominem
1555 2601 1891 2645 commune
1942 2588 2117 2646 debi-

461 2689 594 2741 tum
666 2684 988 2740 exsolvere
1032 2689 1090 2741 et
1164 2682 1226 2742 in
1293 2685 1576 2757 requiem
1609 2685 1784 2743 illam
1824 2686 2110 2745 transire.

466 2780 815 2838 Arcessitur
870 2780 1040 2837 enim
1110 2797 1144 2838 a
1221 2789 1462 2840 rectore
1521 2782 1806 2840 omnium
1866 2784 1987 2841 Deo
2038 2783 2116 2841 ad

464 2880 707 2936 beatam
738 2877 1035 2949 quietem,
1071 2878 1203 2951 ipse
1237 2895 1381 2937 vere
1425 2880 1662 2947 beatus,
1697 2886 1758 2939 et
1797 2881 2114 2940 Dominico

460 2978 687 3035 throno
744 2976 987 3044 assistit,
1041 2978 1118 3035 ad
1175 2978 1536 3050 angelorum
1599 2985 1811 3037 coetus
1887 2993 2118 3051 prove-

463 3082 597 3133 ctus
636 3072 749 3146 (7).
795 3097 820 3124 ››
860 3074 1137 3134 Alterum
1172 3090 1320 3135 vero
1368 3076 1445 3134 ad
1481 3076 1755 3134 fabulam
1786 3076 1863 3135 de
1914 3077 2116 3149 capite

472 3172 810 3232 sacerdotis
856 3175 1100 3246 gentilis
1128 3175 1394 3233 Macario
1446 3174 1747 3248 Aegyptio
1794 3175 1872 3234 de
1902 3176 2119 3248 poenis

475 3273 702 3333 inferni
770 3276 1109 3332 disserente
1151 3269 1233 3339 (8)
1284 3272 1538 3345 respicit
1581 3272 1802 3345 hisque
1845 3272 2121 3346 concipi-

471 3377 573 3430 tur
605 3372 813 3430 verbis
844 3393 855 3424 :
901 3391 927 3423 ‹
953 3368 1142 3428 Cuius
1172 3384 1389 3441 preces
1417 3374 1477 3426 et
1500 3371 1769 3427 calvaria
1793 3370 2120 3429 cuiusdam

472 3470 719 3543 gentilis
749 3468 1088 3527 sacerdotis
1141 3467 1205 3524 in
1255 3480 1471 3525 eremo
1539 3468 1815 3541 proiecta
1853 3468 2123 3527 admira-

480 3641 642 3698 cario
671 3640 919 3705 iuniore,
966 3639 1069 3712 qui
1108 3638 1460 3695 adolescens
1506 3639 1752 3695 caedem
1795 3639 2126 3697 involunta-

479 3731 629 3785 riam
665 3731 901 3791 fecerat,
934 3728 1192 3783 valeant.

552 3819 629 3890 (1)
656 3820 682 3891 §
713 3824 773 3874 19
807 3835 863 3890 p.
897 3822 984 3873 74.
1018 3827 1041 3888 ς
1071 3822 1137 3872 23
1169 3832 1226 3888 p.
1264 3817 1382 3871 101.

552 3908 629 3981 (2)
661 3908 687 3980 ς
716 3912 783 3963 42
815 3924 873 3979 p.
908 3909 1029 3963 474.

551 3999 632 4067 (3)
672 4000 815 4052 Hist.
851 3997 1075 4067 tripart.
1109 3996 1213 4051 lib.
1246 3995 1346 4049 VII
1376 4010 1508 4066 cap.
1535 3995 1584 4048 1.
1613 3999 1643 4048 7
1668 3994 1763 4050 ed.
1793 3996 1964 4052 Basil.
1992 3997 2129 4053 1544

482 4104 539 4158 p.
582 4085 704 4142 482.
738 4087 842 4142 492
874 4085 931 4157 (e
981 4085 1263 4157 Socrate),
1302 4084 1401 4139 lib.
1440 4085 1524 4139 Vll
1555 4101 1688 4156 cap.
1731 4088 1797 4140 39
1830 4102 1886 4156 p.
1929 4088 2032 4141 475
2074 4092 2128 4158 (e

480 4175 872 4241 Theodoreto,
896 4175 987 4230 vel
1003 4177 1197 4246 potius
1211 4192 1247 4230 a
1265 4174 1726 4246 Ruﬁno,quippe
1746 4191 1928 4245 quem
1948 4176 2129 4232 Theo-

481 4264 725 4319 doretus
759 4264 1085 4335 sequatur).

554 4353 633 4423 (4)
663 4354 878 4407 Suidae
907 4352 1094 4406 Lexic.
1124 4351 1183 4405 h.
1213 4367 1269 4405 v.

2225 1897 2561 1971 giopolitae
2654 1893 2979 1955 Enarratio
3075 1894 3302 1978 Syriae,
3409 1899 3569 1960 urbis
3667 1907 3893 1961 sanctae

2225 2000 2276 2053 et
2342 2012 2638 2053 sacrorum
2704 1993 2786 2053 ibi
2855 1993 3105 2055 locorum
3176 1999 3462 2072 habetur,
3552 2001 3660 2060 ubi
3729 2007 3893 2075 post-

2227 2108 2417 2167 quam
2464 2094 2525 2152 S.
2569 2094 2778 2152 Menae
2816 2101 2875 2153 et
2922 2095 2981 2154 S.
3031 2096 3413 2165 Theodorae,
3466 2119 3496 2151 (ι
3539 2114 3701 2171 quae
3745 2114 3894 2157 mu-

2227 2197 2353 2250 tato
2384 2191 2636 2250 nomine
2680 2193 2845 2250 dicta
2888 2199 2979 2251 est
3008 2194 3371 2253 Theodorus
3400 2202 3460 2253 et
3502 2204 3806 2266 accusata,
3860 2218 3884 2251 ι

2228 2290 2566 2362 sepulchra
2630 2296 2973 2348 memorata
3038 2297 3199 2359 sunt,
3260 2294 3339 2351 de
3406 2295 3672 2354 Macario
3742 2296 3898 2354 haec

2228 2388 2515 2461 leguntur
2579 2411 2590 2449 :
2664 2410 2683 2441 ι
2744 2388 2901 2447 Hinc
2954 2390 3030 2447 ad
3092 2390 3422 2449 meridiem
3482 2394 3895 2452 Alexandriae

2226 2501 2333 2545 sex
2404 2486 2651 2545 dierum
2712 2486 2913 2558 spatio
2988 2493 3265 2546 remotus
3330 2496 3420 2547 est
3465 2489 3525 2548 S.
3593 2491 3897 2549 Macarius

2227 2599 2506 2655 magnus,
2581 2584 2689 2658 qui
2751 2585 3042 2656 paradiso
3095 2586 3644 2660 adpropinquavit.
3707 2588 3896 2648 Cuius

2227 2681 2679 2740 monasterium
2736 2683 2991 2741 abbates
3052 2684 3226 2741 mille
3276 2686 3551 2744 continet
3601 2693 3662 2745 et
3718 2687 3897 2746 mille

2226 2780 2485 2838 cellulas
2540 2798 2553 2848 ;
2617 2785 2712 2837 est
2766 2788 2975 2838 autem
3031 2782 3343 2841 munitum
3396 2785 3588 2841 instar
3632 2784 3892 2843 castelli.

2230 2878 2429 2950 Atque
2480 2892 2514 2935 a
2558 2876 2616 2936 S.
2692 2878 2957 2936 Macario
3011 2878 3242 2938 distant
3305 2880 3552 2939 dierum
3627 2888 3898 2956 quatuor

2227 2976 2453 3034 itinere
2526 2976 2899 3048 repositoria
2960 2976 3188 3035 XXXVI
3240 2977 3510 3052 Iosephi,
3563 2994 3639 3038 ex
3690 2981 3899 3054 iisque

2231 3073 2385 3131 locis
2432 3074 2913 3145 praetervehere
2986 3078 3162 3146 potes
3206 3074 3429 3135 Phison
3487 3077 3747 3137 ﬂuvium
3818 3081 3899 3138 ad

2231 3177 2507 3245 pontem,
2604 3170 2712 3244 qui
2796 3172 3136 3230 sustinetur
3215 3174 3527 3247 octoginta
3610 3176 3895 3250 navigiis,

2232 3275 2416 3343 atque
2494 3268 2639 3327 inde
2722 3268 3102 3341 Babylonem
3180 3285 3468 3345 magnam
3553 3272 3904 3334 Pharaonis

2233 3368 2468 3441 regiam
2497 3366 2842 3440 ingrederis
2874 3364 3023 3444 (13).
3062 3389 3087 3421 ι
3142 3368 3255 3427 Vix
3286 3371 3551 3429 dubium
3596 3378 3708 3441 est,
3742 3374 3901 3446 quin

2234 3466 2313 3524 de
2394 3464 2774 3524 monasterio
2858 3465 3109 3525 Macarii
3209 3468 3493 3542 Aegyptii
3576 3470 3897 3544 loquatur.

2310 3638 2389 3710 (9)
2440 3638 2516 3690 Οὗ
2572 3640 2661 3697 τὰς
2716 3640 3021 3710 προσευχὰς
3074 3644 3161 3693 καὶ
3208 3646 3417 3716 κρανίον
3468 3641 3716 3706 Ἕλληνάς
3753 3664 3903 3709 τινος

2241 3729 2408 3800 ἱερέως
2492 3726 2543 3778 ἐν
2625 3724 2799 3799 ἐρήμῳ
2874 3731 3101 3800 κείμενον
3175 3727 3489 3804 παραδόξως
3564 3730 3901 3807 ἀνεκήρυξεν,

2238 3815 2329 3869 καὶ
2380 3822 2488 3875 τοῖς
2540 3817 2588 3867 ἓν
2645 3822 2755 3876 τοῖς
2804 3813 3061 3887 βασάνοις
3090 3818 3264 3871 ἄνεσιν
3314 3823 3674 3893 χαριζομένας
3702 3819 3906 3876 ἐνέδει-

2241 3906 2339 3972 ξεν,
2381 3907 2501 3959 ὅταν
2562 3905 2687 3977 ὑπὲρ
2737 3903 2904 3955 αὐτῶν
2962 3909 3215 3975 γένοιντο.
3282 3910 3493 3964 Leonis
3554 3911 3750 3966 Allalii
3818 3913 3903 3969 de

2236 3995 2401 4053 libris
2419 3994 2748 4050 ecclesiast.
2774 3994 3134 4050 Graecorum
3173 3995 3413 4055 dissert.
3440 3997 3507 4052 ll.
3535 3998 3724 4054 Paris.
3756 4003 3905 4057 1645

2238 4102 2303 4157 p.
2347 4088 2464 4140 123.

2308 4174 2420 4246 (10)
2446 4173 2745 4229 Fabricius
2768 4185 2958 4227 unum
2986 4176 3220 4228 tantum
3250 4174 3520 4231 codicem
3544 4176 3754 4234 laudat
3766 4178 3903 4235 Na-

2236 4265 2486 4319 m‘anum
2517 4261 2762 4319 CXXXVI
2822 4262 2917 4316 Nr.
2946 4263 3032 4330 24,
3058 4276 3180 4332 qua
3215 4265 3557 4320 encomium
3601 4266 3763 4322 istud
3803 4267 3901 4324 le—

2237 4352 2414 4423 gitur,
2475 4351 2802 4422 loannique
2868 4348 3239 4420 Hagioelitae
3297 4352 3677 4411 adscribitur.
3741 4356 3895 4414 Bibl.

554 4444 630 4511 (5)
667 4442 906 4511 Niceph.
952 4440 1167 4497 Callisti
1220 4439 1369 4494 Eccl.
1411 4440 1555 4494 Hist.
1602 4438 1711 4494 lib.
1756 4441 1823 4494 lX
1870 4457 2001 4513 cap.
2058 4445 2126 4498 14
2155 4487 2201 4513 η
2236 4443 2456 4497 Graeca
2485 4440 2578 4496 ed.
2605 4438 2942 4495 Harless.T.
2976 4438 3016 4492 X
3042 4453 3101 4509 p.
3134 4440 3257 4495 27L

481 4530 574 4584 ed.
625 4529 794 4585 Basil.
852 4530 988 4584 1555
1022 4545 1078 4599 ρ.
1131 4528 1253 4594 406,
1288 4529 1390 4583 lib.
1434 4528 1498 4581 Xl
1528 4544 1661 4598 cap.
1703 4529 1771 4584 35
1814 4545 1873 4600 p.
1929 4534 2030 4585 572
2072 4531 2124 4601 (e

482 4620 831 4690 Sozomeno)
868 4619 1015 4685 ;lib.
1056 4617 1121 4673 Xl
1155 4633 1281 4688 cap.
1321 4618 1468 4689 112p.
1504 4621 1604 4672 579
1646 4617 1698 4686 (e
1730 4618 2016 4691 Socrate).

551 4710 628 4780 (6)
669 4707 918 4762 Fabricii
950 4706 1090 4761 Bibl.
1134 4705 1336 4762 Graec.
1371 4706 1464 4761 ed.
1504 4706 1756 4762 Harless.
1795 4708 2125 4780 Hamburg.

477 4799 637 4853 1801.
669 4800 728 4852 T.
761 4800 800 4852 x
826 4813 885 4868 p.
924 4800 1042 4851 106.
1069 4796 1192 4850 271.
1224 4799 1284 4852 T.
1321 4796 1385 4850 x1
1415 4812 1474 4867 p.
1502 4796 1625 4851 657.

550 4889 625 4958 (7)
683 4883 833 4941 Ἔδει
896 4882 954 4937 δὲ
1019 4891 1108 4937 καὶ
1152 4894 1328 4937 τοῦτον
1382 4888 1450 4945 ὡς
1505 4887 1774 4959 ἄνθρωπον
1833 4889 1892 4939 τὸ
1958 4892 2125 4941 κοινὸν

478 4977 727 5029 ἁποτίσαι
787 4980 963 5049 χρέος,
1041 4979 1131 5026 καὶ
1205 4978 1337 5047 πρὸς
1409 4978 1503 5034 τὴν
1578 4974 1765 5029 ἐκεῖθεν
1840 4976 2127 5048 μεταϐῆναι

475 5066 769 5117 ἀνάπαυσιν
817 5081 830 5094 ·
866 5064 1229 5136 μετακαλεῖται
1294 5066 1437 5137 παρὰ
1503 5071 1595 5117 τοῦ
1656 5073 1755 5117 τῶν
1813 5065 1939 5118 ὅλων
1994 5075 2127 5120 Θεοῦ

474 5158 598 5227 πρὸς
653 5159 746 5211 τὴν
797 5158 1059 5227 μακαρίαν
1112 5152 1279 5219 λῆξιν,
1335 5154 1360 5205 6
1427 5157 1577 5214 ὅντως
1619 5156 1874 5226 μακάριος
1916 5159 2005 5207 καὶ
2054 5164 2127 5226 τῷ

475 5240 770 5314 δεσποτικῲ
855 5246 1016 5317 θρόνῳ
1113 5242 1517 5314 μετακομίζεται
1590 5248 1824 5317 χορείαις
1899 5243 2126 5317 ἀγγέλων

468 5339 978 5407 προπομπευομινος.
1039 5333 1249 5387 Leonis
1303 5333 1494 5389 Allatii
1544 5333 1619 5387 de
1676 5334 1980 5404 utriusque
2022 5336 2128 5388 Ec-

471 5423 687 5478 clesiae
735 5420 1120 5477 occidentalis
1161 5429 1337 5493 atque
1384 5422 1685 5477 orientalis
1727 5429 2014 5493 perpetua
2065 5422 2123 5476 in

470 5513 753 5580 dogmate
781 5514 855 5568 de
890 5512 1236 5584 purgatorio
1281 5511 1695 5582 consensione,
1733 5514 1956 5568 Romae
1987 5512 2122 5567 1655

470 5618 530 5673 p.
560 5601 664 5656 734
704 5618 793 5673 sq.

542 5690 618 5767 (8)
646 5694 837 5765 Supra
865 5689 893 5764 ἓ
921 5696 986 5749 32
1013 5708 1067 5765 p.
1099 5691 1221 5749 141.

2305 4530 2419 4602 (ll)
2450 4525 3178 4585 AssemanniCalendaria
3235 4530 3526 4588 Ecclesiae
3574 4532 3905 4591 universae

2232 4622 2297 4675 T.
2336 4620 2410 4672 Vl
2442 4622 2662 4674 Romae
2696 4615 2829 4673 1755
2857 4631 2915 4687 p.
2950 4615 3039 4671 98.

2305 4707 2418 4780 (l2)
2479 4708 2658 4773 Libri,
2702 4704 2806 4777 qui
2862 4702 3207 4764 inscribitur
3256 4723 3268 4762 :
3310 4707 3569 4764 Joannes
3608 4710 3906 4768 Henricus

2237 4798 2609 4867 Hottingerus
2633 4797 2861 4853 fraudis
2887 4805 2944 4855 et
2971 4800 3344 4871 imposturae
3368 4797 3722 4856 manifestae
3754 4816 3909 4858 con-

2236 4886 2422 4941 victus
2453 4902 2490 4941 a
2509 4888 2702 4942 Leone
2731 4886 2962 4953 Allatio,
2999 4890 3223 4943 Romae
3252 4888 3383 4941 1661
3419 4903 3477 4957 p.
3503 4888 3629 4954 156,

2252 5000 2262 5008 -
2307 4978 2421 5047 (i3)
2474 4980 2575 5028 Καὶ
2628 4978 2757 5050 πρὸς
2809 4980 2953 5029 νότον
2997 4984 3093 5037 τῆς
3128 4970 3522 5049 Ἀλεξανδρείας
3578 4978 3785 5052 ἡμερῶν
3849 4980 3912 5043 ἔξ

2235 5073 2404 5118 κεῖται
2433 5065 2458 5116 ὁ
2528 5063 2674 5136 ἅγιος
2723 5067 2996 5137 Μακάριος
3071 5066 3096 5117 6
3139 5067 3320 5137 μέγας,
3373 5066 3398 5116 6
3460 5064 3760 5128 πλησιάσας
3809 5071 3909 5120 τὸν

2235 5150 2586 5225 παράδεισον.
2646 5151 2802 5224 Ἔχει
2855 5149 2914 5206 δέ
2966 5155 2996 5211 ἡ
3055 5153 3214 5207 αὐτοῦ
3254 5157 3383 5224 μονή
3431 5150 3636 5217 ἁϐάδας
3690 5156 3914 5226 χιλίους

2236 5249 2325 5296 καὶ
2356 5242 2510 5314 χίλια
2552 5241 2749 5299 κιλλία.
2814 5243 2958 5296 Ἐστὶ
3009 5240 3069 5296 δὲ
3121 5239 3477 5316 ἰδιόκαστρον,
3533 5250 3625 5297 καὶ
3670 5243 3771 5298 ἀπὸ
3806 5255 3913 5300 τοῦ

2237 5332 2389 5403 ἁγίου
2450 5336 2748 5405 Μακαρίου,
2791 5334 2859 5393 ὡς
2910 5332 3011 5385 ἀπὸ
3070 5337 3272 5407 ἡμερῶν
3324 5334 3615 5408 τεσσάρων,
3678 5333 3812 5388 εἰσιν
3848 5338 3914 5390 αἰ

2238 5420 2499 5479 amcam
2544 5429 2635 5472 τοῦ
2686 5422 2881 5493 Ἰωσὴφ
2936 5424 2992 5473 αἱ
3050 5423 3331 5496 τριάκοντα
3395 5422 3449 5484 ἔξ
3492 5442 3493 5445 ‘
3536 5428 3625 5474 καὶ
3679 5422 3736 5475 ἔκ
3794 5428 3914 5477 τῶν

2235 5510 2399 5562 ἐκεῖσε
2466 5504 2649 5584 περνᾷς
2706 5513 2792 5562 τὸν
2863 5513 3096 5582 ποταμὸν
3167 5514 3252 5562 τὸν
3317 5515 3487 5564 Φισὼν
3541 5511 3613 5571 εἰς
3666 5516 3914 5587 ’γέφυραν

2236 5596 2634 5671 βασταζομένην
2684 5600 2782 5652 ὑπό
2846 5595 3172 5671 ὀγδοήκοντα
3230 5599 3470 5675 καράϐων
3505 5616 3519 5630 ⁸
3552 5605 3643 5652 καὶ
3701 5604 3911 5656 ἐκεῖθεν

2236 5688 2533 5765 εἰσέρχεται
2592 5692 2686 5749 τὴν
2738 5689 2969 5763 μεγάλην
3034 5687 3329 5755 Βαϐυλῶνα,
3382 5688 3450 5751 εἰς
3507 5691 3566 5743 τὸ
3612 5687 3908 5764 βασίλειον
