4092 6256
289 335 388 390 169

1825 329 2057 386 VlTAE.

3573 330 3671 384 170

262 463 562 522 Theodora
642 472 793 518 vero
875 473 982 517 seu
1080 458 1712 518 Pseudo-Theodorus
1797 458 1904 516 ille
1939 454 1984 509 Α
2020 459 2378 517 monasterii
2427 459 2905 533 frequentantur
2961 479 2974 527 ;
3031 461 3246 532 ibique
3299 460 3486 518 etiam
3537 460 3664 532 epi-

264 561 415 620 haud
484 559 666 617 dubie
745 563 838 616 est
921 557 1264 616 Dorotheus
1349 559 1445 615 vel
1524 558 1907 631 Apollinaris

254 657 580 732 Syncletica
621 656 818 728 virgo,
866 655 1048 714 cuius
1090 670 1234 713 cum
1279 655 1547 715 Macario
1594 655 1902 729 Aegyptio

256 767 639 828 congressum
670 751 1078 826 exposuimus
1111 749 1218 828 (l).

313 950 398 1008 Ad
459 948 826 1007 Macrizium
884 947 1191 1014 venimus,
1256 948 1388 1006 Sec.
1449 948 1549 1006 XV
1601 947 1900 1008 historiae

234 1050 568 1122 C0ptorum
630 1047 1028 1118 scriptorem,
1101 1060 1136 1103 e
1193 1051 1373 1118 gente
1442 1047 1716 1104 Arabum
1783 1044 1894 1122 (2).

230 1147 338 1218 Qui
382 1145 494 1204 etsi
546 1145 870 1217 praeclare
916 1144 1193 1217 scripsit,
1243 1145 1319 1202 de
1367 1144 1650 1202 Macariis
1693 1152 1899 1202 tamen

237 1248 482 1317 propter
513 1242 829 1300 inscitiam
875 1242 1070 1300 multa
1112 1242 1262 1300 falsa
1308 1242 1728 1301 commiscuit.
1778 1243 1898 1300 Sed

233 1356 416 1416 quum
452 1341 616 1399 liber
657 1341 795 1398 eius
833 1339 1040 1398 rarius
1091 1341 1464 1412 inveniatur,
1505 1341 1680 1399 locus
1737 1341 1898 1399 inte-

226 1455 328 1513 ger
377 1439 562 1498 nobis
621 1437 1090 1510 depromendus
1140 1453 1272 1496 esse
1324 1438 1596 1508 videtur,
1645 1439 1752 1511 qui
1813 1439 1898 1496 la-

227 1539 351 1596 tino
389 1551 684 1596 sermone
733 1536 834 1594 hic
890 1542 983 1594 est
1040 1552 1052 1592 :
1120 1557 1148 1588 ‹‹
1208 1537 1294 1594 Ad
1355 1536 1529 1594 Wédi
1585 1536 1808 1607 Habib,
1865 1558 1886 1590 ›

221 1637 442 1711 inquit,
488 1658 514 1687 cc
569 1635 734 1708 quod
801 1634 1041 1701 attinet,
1071 1634 1132 1691 id
1178 1635 1348 1707 quod
1396 1641 1456 1692 et
1519 1636 1888 1694 Wédi-l-Na-

2015 557 2191 623 stola,
2220 557 2297 614 ab
2330 555 2499 616 ’Amr
2533 558 2899 617 Ben-el-‘Asi
2920 558 3240 616 monachis
3275 558 3445 616 Wadi
3467 557 3664 615 Habib

2013 655 2091 712 de
2156 657 2520 714 collectione
2616 653 3052 734 [decimarum]
3152 657 3213 713 in
3308 657 3667 728 regionibus

2013 752 2223 810 lateris
2298 754 2697 812 occidentalis
2756 755 2986 828 scripta
3042 754 3425 820 reconditur,
3496 754 3664 826 quod

2011 849 2165 907 mihi
2189 850 2446 922 quidam
2479 852 2774 921 narravit,
2820 853 2925 924 qui
2959 854 3037 910 ab
3081 853 3224 918 alio,
3257 851 3436 910 cuius
3465 851 3664 909 oculis

2011 946 2120 1004 illa
2148 947 2389 1006 obiecta
2421 950 2640 1014 fuerat,
2687 954 3028 1022 acceperat.
3083 949 3218 1006 Abu
3271 948 3472 1007 Macar
3517 953 3662 1006 natu

2009 1045 2212 1103 maior
2281 1047 2321 1102 i.
2388 1061 2441 1105 e.
2491 1047 2801 1106 Macarius
2855 1048 3044 1105 vitam
3105 1047 3535 1106 monachicam
3581 1047 3660 1104 ab

2012 1142 2276 1200 Antonio
2298 1143 2538 1211 didicit,
2577 1145 2685 1216 qui
2717 1145 2960 1220 primus
2989 1159 3208 1202 eorum
3255 1145 3572 1203 cucullum
3598 1150 3660 1202 et

2009 1240 2286 1297 aschkim
2342 1241 2401 1296 h.
2459 1257 2512 1298 e.
2573 1241 2890 1313 cingulum
2927 1242 3161 1299 ecorio
3218 1243 3590 1306 confectum,
3624 1256 3657 1297 e

2006 1351 2132 1409 quo
2161 1337 2394 1411 efﬁgies
2437 1338 2662 1396 Christi
2711 1339 2882 1397 cruci
2945 1339 3109 1396 afﬁxi
3157 1341 3404 1411 pendet,
3466 1343 3659 1412 gesta-

2008 1435 2130 1502 bat,
2185 1436 2339 1494 illud
2415 1436 2694 1508 quidem,
2747 1451 2872 1509 quo
2933 1438 3221 1496 monachi
3295 1437 3458 1510 cingi
3551 1452 3660 1494 so-

2005 1532 2149 1590 lent.
2197 1533 2534 1592 Antonium
2587 1535 2842 1608 quidem
2921 1536 2984 1592 in
3074 1540 3283 1594 monte
3342 1530 3654 1608 orientali,

1999 1631 2107 1689 ubi
2139 1632 2513 1690 coenobium
2562 1629 2849 1690 el’Araba
2897 1639 3009 1701 est,
3045 1633 3299 1703 invenit,
3333 1648 3656 1705 quumque

214 1735 356 1793 tm‘m
399 1734 495 1791 vel
544 1733 837 1806 planities
876 1731 1129 1790 Schihat
1177 1734 1270 1791 vel
1326 1733 1614 1805 planities
1675 1734 1888 1806 Asquit
1999 1729 2386 1802 aliquantum
2432 1730 2734 1802 temporis
2791 1730 2920 1787 illic
2982 1732 3400 1800 remansisset,
3455 1731 3532 1787 ab
3582 1745 3656 1788 eo

210 1833 304 1891 vel
365 1829 880 1890 Mizan-el-Colub
951 1827 1139 1908 [libra
1213 1829 1524 1906 cordium]
1601 1837 1883 1902 vocatur,
1918 1807 2164 1885 Bveste
2221 1827 2672 1885 monachorum
2726 1828 3000 1900 indutus,
3050 1829 3109 1885 in
3165 1827 3656 1887 Wadi-l-Natrun

209 1931 359 1989 olim
427 1935 684 1988 centum
739 1929 826 1986 ibi
885 1929 1261 1986 monasteria
1309 1935 1514 1988 erecta
1565 1935 1762 1999 erant,
1810 1945 1884 1988 ex

207 2028 434 2101 quibus
492 2032 712 2101 postea
765 2033 1004 2099 septem
1079 2027 1473 2086 Occidentem
1541 2041 1754 2085 versus
1807 2029 1883 2086 ad

207 2126 360 2185 latus
427 2124 721 2199 planitiei
804 2124 1164 2197 regionibus
1236 2125 1591 2183 el-Buheira
1667 2131 1725 2183 et
1797 2129 1882 2185 el-

207 2223 439 2297 Fejjum
503 2221 938 2281 interiacentis
1008 2221 1144 2287 sita,
1209 2223 1317 2280 ubi
1375 2223 1580 2295 campi
1634 2230 1880 2287 arenosi

208 2324 404 2381 solum
474 2321 613 2379 sale
665 2321 947 2393 plenum,
1011 2320 1142 2392 agri
1205 2335 1402 2394 aquae
1473 2321 1650 2394 egeni
1707 2337 1883 2394 prae-

205 2425 382 2492 rupta
455 2434 612 2478 saxa
692 2417 1033 2489 excipiunt,
1106 2424 1559 2476 remanserunt.
1637 2420 1883 2478 Incolae

205 2533 424 2590 aquam
498 2517 583 2574 ad
658 2515 1003 2573 bibendum
1075 2531 1109 2573 θ
1196 2515 1401 2588 puteis
1480 2516 1877 2584 hauriebant,

206 2629 460 2673 munera
530 2615 608 2671 iis
675 2615 1230 2686 eleemosynasque
1278 2614 1623 2672 offerebant
1675 2615 1882 2672 Chris-

205 2713 372 2772 tiani.
453 2713 632 2770 Nunc
715 2711 972 2783 quidem
1059 2711 1340 2769 funditus
1423 2712 1630 2770 diruta
1709 2710 1874 2781 181

206 2817 362 2870 sunt.
411 2812 621 2882 Atque
669 2808 1004 2868 Christiani
1057 2822 1270 2866 rerum
1314 2813 1628 2880 gestarum
1686 2812 1881 2883 scrip-

211 2913 376 2966 tores
439 2906 862 2971 tradiderunt,
937 2920 1010 2964 ex
1083 2905 1210 2964 illis
1281 2908 1674 2965 monasteriis
1734 2909 1884 2966 Amr

211 3005 330 3063 Ben
439 3003 661 3063 el-‘Asi
764 3001 1152 3076 septuaginta
1251 3003 1449 3062 millia
1543 3007 1883 3064 monacho-

218 3114 354 3159 rum
379 3103 636 3161 obviam
661 3101 925 3168 venisse,
956 3115 1228 3174 quorum
1273 3103 1541 3175 quisque
1588 3103 1879 3162 baculum

215 3201 505 3271 gestabat.
567 3199 806 3269 Quibus
851 3198 978 3266 ille,
1035 3214 1231 3272 quum
1290 3200 1410 3272 ipsi
1462 3215 1526 3258 se
1586 3202 1881 3260 subiecis-

218 3303 369 3366 sent,
431 3297 761 3371 epistolam
820 3297 992 3354 dedit
1053 3298 1364 3370 hodieque
1407 3299 1574 3370 apud
1624 3314 1733 3357 eos
1782 3315 1883 3359 re-

224 3400 480 3466 pertam.
556 3396 642 3452 Ad
691 3395 807 3452 ista
869 3395 1058 3467 igitur
1131 3396 1504 3453 monasteria
1580 3404 1884 3456 monaste-

231 3491 394 3548 rium
443 3491 526 3549 Bu
563 3491 757 3550 Macar
806 3499 951 3552 natu
1000 3493 1279 3551 maioris.
1332 3507 1477 3566 prae
1528 3496 1754 3553 ceteris
1787 3511 1881 3554 ce-

229 3586 557 3661 lebratum,
616 3591 904 3662 pertinet,
960 3590 1022 3648 in
1075 3589 1256 3648 cuius
1297 3597 1634 3664 conspectu
1689 3595 1882 3652 multa

225 3689 598 3747 monasteria
640 3689 851 3747 diruta
881 3687 1183 3747 adiacent.
1223 3689 1287 3746 Id
1317 3690 1470 3747 olim
1502 3693 1881 3751 coenobium

221 3787 668 3845 monachorum
731 3787 866 3853 fuit,
924 3802 1038 3844 nec
1094 3787 1467 3858 patriarcha,
1518 3789 1762 3848 etiamsi
1818 3792 1881 3848 in

217 3885 509 3943 cathedra
554 3885 961 3942 Alexandriae
1014 3885 1271 3957 positus,
1321 3888 1399 3943 ab
1457 3887 1535 3945 iis
1587 3903 1880 3960 agnosce-

219 3982 417 4049 batur,
519 3987 854 4054 antequam
952 3982 1030 4048 ei,
1129 3989 1196 4040 ut
1282 3985 1512 4042 solium
1594 3985 1879 4062 ipsorum

215 4080 505 4138 coenobii
581 4084 938 4154 occuparet,
1005 4080 1457 4152 permisissent.
1547 4083 1630 4140 Ac
1708 4083 1880 4140 mille

214 4176 536 4251 quingenti
628 4177 915 4235 monachi
1005 4179 1323 4250 quondam
1401 4179 1488 4236 ibi
1565 4180 1879 4238 habitasse

215 4276 548 4343 dicuntur;
629 4290 793 4333 nunc
875 4277 1171 4347 perpauci
1251 4281 1489 4334 tantum
1577 4279 1872 4337 incolunt.

215 4373 471 4431 Macarii
530 4377 656 4430 tres
700 4372 1186 4445 distinguuntur,
1245 4379 1390 4432 natu
1430 4375 1654 4447 maior,
1701 4377 1880 4435 cuius

212 4471 369 4529 illud
391 4471 515 4528 fuit
559 4470 956 4530 coenobium.
999 4470 1132 4528 Abu
1179 4471 1376 4529 Macar
1400 4473 1877 4548 Alexandrinus,

216 4575 273 4628 et
321 4569 463 4628 Abu
511 4567 711 4626 Macar
751 4568 1106 4640 episcopus.
1162 4570 1440 4637 Quorum
1483 4587 1622 4630 ossa
1677 4573 1881 4631 tribus

215 4666 485 4740 singulis
529 4665 751 4724 loculis
807 4665 1026 4738 ligneis
1065 4667 1386 4725 recondita
1434 4684 1470 4725 a
1519 4668 1884 4730 Christianis

1996 1926 2276 1983 habitare
2327 1925 2532 1983 iussus
2575 1930 2685 1992 est,
2721 1940 2848 1998 quo
2910 1941 3169 1998 magnus
3201 1927 3654 1984 monachorum

1995 2037 2292 2083 numerus
2344 2023 2420 2080 ad
2484 2023 3023 2095 obtemperantem
3076 2024 3393 2082 conﬂuxit.
3469 2025 3656 2082 Multa

1994 2126 2199 2178 autem
2273 2134 2472 2192 eaque
2568 2121 3066 2192 praeclarissima
3175 2126 3527 2188 narrantur,
3592 2125 3656 2180 in

1992 2220 2224 2293 quibus
2280 2225 2341 2278 et
2415 2220 2533 2277 hoc
2581 2225 2926 2278 memoratu
2978 2221 3234 2294 dignum
3292 2227 3405 2294 est,
3484 2223 3653 2295 quod

1992 2318 2440 2390 quinquaginta
2489 2317 2760 2390 integros
2805 2319 2938 2376 dies
2963 2319 3246 2377 ieiunans
3277 2335 3391 2378 nec
3415 2320 3653 2390 cibum,

1995 2430 2106 2473 nec
2159 2421 2376 2488 potum
2409 2416 2768 2488 sumpserit,
2821 2425 3158 2489 noctesque
3213 2418 3470 2490 insuper
3507 2433 3657 2490 per-

1993 2512 2356 2585 vigilaverit.
2419 2514 2742 2571 Praeterea
2825 2515 3179 2586 palmarum
3254 2515 3441 2588 foliis,
3497 2531 3657 2587 quae

1993 2610 2114 2668 sibi
2198 2617 2696 2682 praeparaverat,
2781 2612 3015 2669 victum
3081 2614 3407 2685 quaesivit,
3456 2628 3659 2685 neque

1995 2724 2270 2781 unquam
2316 2713 2630 2766 recentem
2685 2724 2910 2781 panem
2952 2712 3250 2779 comedit,
3308 2712 3415 2769 sed
3469 2711 3656 2769 oleri-

1997 2809 2110 2864 bus
2136 2803 2227 2882 (3)
2258 2821 2417 2878 aqua
2480 2809 2835 2879 palmarum
2887 2808 3053 2866 foliis
3100 2807 3433 2882 superfusa
3464 2809 3658 2867 emol-

1997 2904 2120 2962 litis
2195 2900 2364 2973 182
2435 2904 2568 2976 ipse
2645 2920 2790 2963 cum
2864 2907 3186 2964 monachis
3259 2909 3647 2974 vescebatur,

1994 3002 2297 3075 quamdiu
2372 3002 2684 3073 vivebant,
2767 3004 2899 3061 sine
2967 3005 3138 3063 omni
3209 3005 3653 3064 additamento.

1993 3099 2104 3157 Hic
2145 3099 2332 3171 igitur
2387 3100 2566 3157 cibus
2609 3115 2830 3158 eorum
2861 3117 2974 3174 per
3030 3107 3230 3160 totum
3292 3103 3453 3160 vitae
3522 3116 3656 3174 spa-

1992 3198 2151 3256 tium
2206 3197 2340 3266 fuit,
2390 3198 2743 3270 usquedum
2793 3199 2857 3256 in
2911 3199 3176 3272 patriam
3226 3201 3457 3257 reversi
3490 3204 3654 3258 sunt.

1997 3297 2132 3354 Abu
2187 3294 2386 3353 Macar
2429 3295 2881 3355 Alexandrinus
2929 3298 3299 3356 Alexandria
3329 3299 3404 3356 ad
3453 3299 3652 3367 illum,

1994 3409 2183 3467 quem
2205 3393 2498 3458 diximus,
2551 3395 2885 3453 Macarium
2910 3397 3097 3466 venit,
3133 3398 3313 3454 cuius
3341 3397 3402 3454 in
3437 3412 3656 3455 manus

1993 3495 2132 3548 vota
2202 3489 2567 3547 monachica
2643 3491 2809 3549 fecit.
2891 3493 3136 3550 Tertius
3203 3493 3459 3550 accessit
3522 3493 3654 3551 Abu

1994 3586 2218 3659 Macar,
2268 3588 2376 3659 qui
2409 3588 2744 3660 episcOpus
2804 3589 2996 3648 factus
3027 3597 3118 3649 est
3145 3589 3260 3667 (4).
3302 3611 3330 3645 »
3365 3591 3482 3648 Sed
3526 3592 3655 3648 Ma-

1992 3685 2256 3744 crizium
2276 3686 2538 3743 Macario
2575 3687 2872 3760 Aegyptio
2904 3689 3010 3747 aS.
3044 3691 3332 3756 Antonio,
3379 3704 3652 3762 quocum

1992 3783 2378 3856 aliquantum
2407 3784 2710 3856 temporis
2737 3786 2843 3844 ille
2894 3788 3139 3860 vixerit,
3169 3796 3402 3845 vestem
3437 3803 3655 3846 mona-

1990 3881 2235 3938 chicam
2306 3881 2513 3939 datam
2567 3898 2722 3946 esse.
2773 3885 2928 3942 falso
2989 3901 3244 3944 narrare
3299 3902 3489 3958 supra
3545 3887 3653 3944 do-

1989 3977 2388 4054 cuimus(5);
2452 3987 2633 4052 atque
2673 3982 2735 4039 in
2795 3982 2895 4052 iis,
2953 3999 3113 4055 quae
3182 3984 3258 4041 de
3311 3985 3649 4042 virtutibus

1991 4078 2237 4135 Macarii
2279 4078 2551 4150 scripsit,
2604 4078 2972 4151 Aegyptium
2999 4095 3145 4138 cum
3203 4081 3647 4151 Alexandrino,

1989 4175 2067 4232 de
2104 4189 2230 4248 quo
2274 4176 2492 4233 eadem
2547 4177 2853 4234 Palladius
2908 4179 3165 4235 tradidit
3222 4177 3333 4255 (6),
3393 4179 3651 4237 confun-

1989 4273 2137 4330 dere
2179 4287 2346 4338 eum,
2403 4287 2584 4331 nemo
2630 4288 2751 4331 non
2784 4275 2968 4332 videt.
3020 4276 3321 4334 Macarius
3350 4291 3495 4334 vero
3539 4278 3645 4337 ille

1987 4371 2322 4443 episcopus
2377 4371 2666 4444 quisnam
2709 4373 2915 4443 fuerit,
2981 4374 3099 4432 nisi
3157 4376 3312 4432 forte
3365 4376 3649 4436 Hieroso-

1990 4471 2306 4541 lymorum
2336 4470 2666 4542 episcopus
2697 4468 2807 4546 (7),
2837 4472 3076 4543 ignoro.

2069 4567 2165 4624 Ad
2237 4569 2617 4626 recentiores
2663 4570 2934 4642 denique
2997 4585 3208 4628 rerum
3258 4571 3651 4630 ecclesiasti-

1992 4679 2207 4724 carum
2245 4664 2578 4738 scriptores
2625 4668 2790 4739 quod
2853 4669 3088 4739 attinet,
3170 4669 3464 4728 Baronius
3537 4668 3648 4747 (8),

221 4902 312 4958 τοῦ
345 4908 562 4977 Φαραώ.
591 4903 802 4960 Leonis
855 4903 1051 4960 Allatii
1107 4910 1379 4978 Συμμικτά
1410 4908 1533 4964 sive
1569 4912 1883 4982 opusculo-

2005 4906 2337 4962 Macrizium
2365 4909 2424 4963 in
2459 4913 2666 4978 aperto
2688 4914 2794 4964 est.

225 5012 358 5052 rum
373 5010 739 5066 graecorum
754 4992 1148 5050 etlatinorum
1177 4998 1566 5053 vetustiorum
1598 5015 1666 5055 ac
1693 5018 1888 5058 recen-

227 5085 452 5141 tiorum
478 5082 614 5139 libri
644 5083 789 5151 duo,
845 5081 1127 5140 Coloniae
1162 5085 1522 5157 Agrippinae
1573 5092 1703 5145 l653
1735 5090 1836 5148 lib.
1869 5095 1886 5148 ί

229 5181 606 5334 ρ’(ῗῖέυρι-ει
643 5260 751 5322 Mi
791 5276 850 5332 p.
883 5264 977 5315 167
1009 5277 1140 5334 sqq.

297 5353 370 5422 (2)
397 5350 556 5409 Obiit
570 5350 806 5405 Macrizi
830 5365 991 5405 anno
1008 5353 1147 5420 Heg.
1161 5353 1286 5412 845.
1305 5351 1514 5408 Christi
1549 5356 1701 5424 1441,
1734 5361 1880 5414 teste

238 5441 306 5496 de
338 5441 671 5498 Schnurrer
699 5438 851 5493 Bibl.
885 5439 1140 5495 Arabica
1167 5441 1347 5496 Halae
1385 5445 1507 5497 1811
1549 5460 1608 5514 ρ.
1662 5447 1784 5501 156.

310 5531 386 5602 (3)
420 5534 528 5605 Pro
557 5527 816 5585 oleribus
848 5528 1053 5584 codice
1079 5528 1303 5585 arabici
1353 5533 1759 5592 calceamenta
1792 5537 1896 5591 tri-

249 5623 305 5674 ta
332 5620 425 5676 vel
474 5618 809 5677 anteriores
855 5623 1062 5685 partes
1110 5633 1357 5683 ocreae;
1386 5622 1609 5676 restitui
1637 5625 1893 5680 oleribus

2075 4997 2148 5066 (4)
2204 4997 2429 5052 Macrizi
2475 4998 2685 5055 Gesch.
2745 5000 2849 5053 der
2881 5001 3103 5070 Coplen
3148 5000 3268 5053 Aus
3297 5001 3414 5055 den
3461 5000 3653 5054 Hand-

2004 5086 2241 5140 scritten
2261 5103 2328 5140 zu
2352 5087 2541 5142 Gotha
2554 5088 2677 5142 und
2693 5087 2856 5144 Wien
2873 5104 2925 5142 v.
2944 5087 3341 5144 Wﬁstenfeld.
3361 5089 3649 5156 Goetting.

2004 5176 2146 5232 1845
2178 5191 2238 5247 ρ.
2279 5179 2374 5231 109
2423 5192 2512 5247 sq.

2076 5270 2152 5341 (5)
2213 5266 2336 5329 5'26
2367 5283 2424 5338 p.
2461 5267 2584 5320 112.

2077 5358 2243 5430 (6)Cf.
2289 5372 2467 5427 supra
2507 5372 2564 5427 p.
2611 5356 2701 5412 66.

2078 5449 2151 5516 (7)
2215 5447 2295 5501 De
2357 5446 2611 5501 Macario
2681 5445 3227 5517 Hierosolymorum
3268 5445 3550 5515 episcopo
3578 5441 3652 5495 cf.

2005 5537 2355 5594 Theodoret.
2399 5535 2540 5590 Hist.
2587 5535 2737 5590 Eccl.
2780 5535 2883 5591 lib.
2924 5536 3103 5605 Icap.
3141 5536 3227 5589 16.

2078 5627 2156 5697 (8)
2224 5626 2460 5680 Baronii
2528 5625 2782 5680 Annales
2811 5625 2887 5681 ad
2913 5640 2967 5680 ἃ·
3003 5624 3103 5679 372
3165 5625 3233 5676 Νο
3267 5626 3355 5688 88,
3391 5622 3483 5677 ed.
3520 5623 3655 5675 Luc.

251 5722 317 5763 ex
349 5710 486 5767 Hist.
545 5707 843 5765 Lausiaca
895 5705 1160 5772 Palladii,
1196 5723 1382 5780 quam
1423 5712 1590 5782 sequi
1622 5712 1736 5769 hoc
1762 5713 1893 5771 loco
2007 5717 2065 5770 T.
2101 5714 2145 5770 V
2175 5730 2235 5787 p.
2270 5717 2372 5770 387
2399 5731 2489 5787 sq.
