4092 6256
518 299 615 355 171
1378 302 1479 358 SS.
1522 302 2005 359 MACAHIORUM
2045 298 2373 356 AEGYPTII
2414 300 2501 355 ΕΤ
2538 300 3055 358 ALEXANDRINI.
3796 300 3890 355 172

486 427 819 488 Bollandus
849 432 956 506 (1),
987 428 1186 501 Dupin
1217 431 1324 499 (2),
1354 430 1575 502 Fleury
1610 427 1721 508 (3),
1776 427 1985 493 Oudin
2032 426 2136 506 (4),
2177 425 2219 478 Α
2252 428 2639 494 colebantur,
2711 430 3134 499 multitudine,
3214 429 3425 488 dicere
3492 442 3626 488 non
3690 429 3907 488 ausim.

490 525 648 585 Cave
675 528 780 599 (5),
815 527 918 584 alii
952 528 1029 585 de
1081 527 1359 586 Macariis
1405 528 1704 602 Aegyptio
1757 534 1818 586 et
1874 528 2142 586 Alexan-

488 624 672 682 drino
698 626 886 683 verba
934 626 1189 699 quidem
1230 627 1527 699 fecerunt,
1577 629 1681 685 sed
1738 642 1873 685 rem
1925 627 2141 685 critice

485 721 757 793 dispexit
801 725 970 781 solus
1019 724 1451 782 Tillemontius
1514 722 1620 801 (6),
1668 726 1847 784 cuius
1898 727 2141 798 exposi-

488 820 689 877 tiones
713 824 969 891 cunctis,
1024 837 1182 895 quae
1212 825 1401 882 ceteri
1442 823 1695 891 habent,
1755 823 1933 897 longe
1963 828 2142 881 ante-

488 918 739 987 cellunt,
773 918 915 977 licet
965 924 1025 977 et
1065 920 1197 991 ipse
1227 921 1524 979 nonnulla
1577 936 1906 994 perperam
1961 922 2139 979 intel-

495 1015 735 1082 lexerit,
788 1017 954 1089 183
990 1017 1051 1075 id
1087 1019 1252 1090 quod
1308 1023 1549 1077 nostras
1599 1020 1994 1091 quaestiones
2033 1018 2142 1092 qui

450 1111 730 1185 legerit,
764 1114 900 1185 ipse
951 1115 1249 1174 inveniet.
1316 1117 1440 1175 Cur
1487 1117 1822 1176 Bollandus
1880 1117 2145 1175 meliora

488 1223 612 1268 non
660 1212 959 1282 attulerit,
1022 1212 1200 1271 facile
1243 1214 1387 1273 inde
1432 1215 1803 1288 explicatur,
1856 1216 2023 1289 quod
2067 1216 2146 1274 de

491 1308 773 1367 Macariis
821 1309 1027 1380 primo
1084 1310 1347 1384 insignis
1393 1314 1571 1385 operi
1647 1314 1965 1371 volumine
2017 1314 2147 1371 dis-

491 1404 839 1475 putandum
878 1412 1030 1475 erat,
1084 1407 1353 1482 ideoque
1411 1416 1747 1483 apparatus
1790 1411 1897 1470 ille
1942 1411 2144 1469 litera-

490 1500 647 1571 rius,
694 1516 819 1574 quo
872 1504 1220 1575 posteriora
1278 1506 1593 1566 volumina
1648 1508 1943 1580 eminent,
1998 1523 2148 1567 non-

490 1596 643 1656 dum
694 1600 926 1659 aderat.
966 1602 1052 1660 Ad
1109 1610 1494 1675 postremum
1552 1606 1870 1665 Semlerus
1927 1609 1990 1667 in
2021 1610 2148 1668 dis-

488 1697 953 1766 sertationibus,
1014 1715 1168 1773 quas
1219 1702 1295 1759 de
1340 1704 1620 1763 Macariis
1673 1707 1941 1780 scripsit,
2023 1723 2145 1767 non

485 1795 700 1867 vitam,
734 1797 843 1855 sed
860 1798 1090 1869 scripta
1121 1812 1341 1859 eorum
1374 1804 1759 1863 examinavit
1786 1804 1844 1881 (7
1844 1805 1895 1881 ).

568 1892 597 1970 §
653 1897 749 1953 44.
837 1896 1151 1970 Superest,
1216 1906 1281 1957 ut
1323 1901 1400 1958 de
1452 1901 1573 1969 die,
1628 1918 1754 1976 quo
1819 1906 2144 1979 utriusque

488 1993 734 2052 Macarii
794 1997 1101 2055 memoria
1131 1998 1195 2054 in
1220 1997 1483 2058 ecclesia
1520 2001 1895 2076 celebretur,
1940 2006 2143 2064 brevi-

486 2096 582 2149 ter
632 2092 1076 2165 disquiramus.
1129 2093 1367 2153 Etenim
1428 2100 1876 2172 martyrologia
1932 2109 2141 2161 vetera

486 2186 675 2247 latina
708 2191 973 2249 Macario
1005 2194 1304 2265 Aegyptio
1334 2194 1501 2252 diem
1553 2196 1672 2263 XV,
1726 2198 2141 2262 Alexandrino

487 2286 728 2345 diemll
767 2288 1034 2347 Ianuarii
1083 2290 1395 2349 tribuunt.
1461 2291 1505 2349 E
1560 2308 1831 2365 quorum
1877 2312 2138 2360 numero

486 2389 629 2441 sunt
652 2385 809 2444 Beda
835 2386 943 2458 (8),
973 2387 1285 2447 Usuardus
1305 2390 1409 2466 (9),
1431 2389 1560 2448 Ado
1584 2387 1728 2465 (10),
1750 2392 2041 2471 Notker(l
2060 2395 2137 2468 1),

485 2484 1003 2557 martyrologium
1054 2500 1381 2544 romanum
1438 2483 1584 2565 (l2),
1640 2496 1845 2550 cetera
1898 2492 2044 2568 (13).
2094 2500 2138 2556 A

486 2578 738 2638 Graecis
770 2597 914 2641 vero
946 2590 1209 2657 uterque
1240 2587 1538 2647 Macarius
1585 2588 1712 2652 XIX
1736 2595 2006 2655 Ianuarii
2038 2611 2137 2655 co-

486 2674 658 2749 litur,
706 2683 772 2736 ut
799 2694 833 2736 e
862 2682 1127 2741 Menaeis
1149 2690 1210 2743 et
1234 2686 1577 2762 Menologio
1607 2699 1775 2764 patet
1802 2694 1948 2769 (14).
1983 2696 2141 2754 Haec

487 2774 676 2846 igitur
712 2773 884 2852 184
937 2779 1261 2841 diversitas
1314 2788 1477 2844 unde
1528 2795 1666 2848 nata
1696 2792 1797 2863 sit,
1831 2792 1948 2851 nisi
1989 2794 2145 2853 forte

487 2885 522 2930 e
548 2885 769 2946 magna
790 2875 960 2935 illius
984 2879 1255 2939 nominis
1275 2883 1576 2955 virorum,
1611 2888 1718 2960 qui
1763 2891 1843 2948 ab
1884 2892 2145 2951 ecclesia

2253 527 2589 585 Macarium
2657 542 2830 601 vero,
2900 528 3082 587 cuius
3165 530 3387 587 festum
3466 526 3729 585 Romani
3817 526 3911 585 XV

2253 625 2521 682 Ianuarii
2567 630 2774 698 agunt,
2826 627 2868 684 i.
2926 642 2980 684 e.
3044 626 3438 699 Aegyptium,
3493 624 3557 681 in
3613 626 3902 695 marter-

2253 723 2431 794 logiis
2466 723 2671 781 latinis
2712 724 2875 781 haud
2920 739 3064 783 raro
3121 725 3179 784 S.
3240 722 3488 782 Antonii
3532 720 3897 794 discipulum

2251 821 2577 892 appellari,
2641 822 2809 893 quod
2862 822 3192 881 Bollandus
3235 822 3597 881 observasse
3644 834 3708 877 se
3745 819 3899 877 arbi-

2249 920 2451 977 tratus
2489 924 2579 977 est
2623 916 2773 995 (15),
2819 933 3195 992 magnopere
3243 919 3499 992 quidem
3547 932 3671 976 non
3719 918 3898 975 offen-

2252 1015 2373 1075 dat.
2420 1030 2615 1088 quum
2664 1031 2845 1075 sensu
2886 1017 3110 1076 latiore
3158 1018 3347 1075 etiam
3388 1015 3689 1075 Macarius
3719 1017 3899 1087 Aegy-

2254 1114 2421 1186 ptius
2455 1113 2701 1172 Antonii
2734 1114 3088 1187 discipulus
3110 1115 3235 1173 dici
3267 1115 3480 1188 possit.
3518 1113 3797 1172 Ceterum
3830 1113 3899 1171 de

2255 1210 2499 1278 diebus,
2561 1212 2792 1285 quibus
2841 1218 3009 1271 recte
3061 1214 3347 1272 colantur
3398 1211 3571 1270 lastis
3626 1210 3898 1283 testibus,

2257 1313 2438 1383 plura
2488 1310 2598 1382 qui
2641 1310 2963 1369 addiscere
3010 1311 3204 1384 cupit,
3263 1311 3624 1369 Assemanni
3677 1309 3899 1367 librum

2255 1414 2315 1465 et
2360 1407 2726 1466 Bollandum
2773 1405 2900 1484 (16)
2944 1409 3207 1482 evolvat,
3253 1409 3364 1468 ubi
3408 1412 3742 1482 apparatus
3781 1406 3902 1465 ido-

2257 1519 2409 1564 neus
2438 1505 2773 1578 reperitur.

2898 1604 3137 1664 CAPUT
3182 1604 3277 1663 IX.

2256 1717 2297 1759 Α
2341 1715 2610 1760 SANC'I‘IS
2639 1717 2950 1762 MACARIIS
2981 1717 3309 1761 AEGYPTIO
3342 1718 3422 1760 ET
3453 1712 3904 1761 ALEXANDRINO

2336 1815 2690 1859 MAGARIUM
2735 1814 2790 1859 S.
2840 1816 3115 1859 ΛΝἿῸΝΙῙ
3160 1815 3551 1860 MINISTRUM
3608 1811 3906 1866 ALIOSQUE

2335 1913 2748 1957 COGNOMINES
2779 1914 3095 1958 DIVERSOS
3126 1914 3275 1959 ESSE
3304 1913 3749 1959 OSTENDITUR.

2332 1996 2362 2069 §
2408 1997 2502 2054 45.
2554 1995 2916 2065 Macarium,
2962 1998 3024 2057 S.
3074 1998 3321 2056 Antonii
3365 1997 3771 2071 discipulum,
3813 1990 3905 2051 cui

2252 2092 2611 2166 quindecim
2663 2095 2839 2152 annis
2900 2095 3293 2153 ministrabat
3348 2101 3409 2152 et
3453 2096 3641 2154 cuius
3695 2104 3908 2164 corpus

2251 2190 2559 2263 sepelivit,
2615 2207 2649 2249 a
2709 2193 2991 2251 Macariis
3040 2193 3338 2266 Aegyptio
3389 2199 3453 2253 et
3502 2189 3907 2251 Alexandrino

2251 2290 2450 2361 probe
2532 2289 3039 2362 distinguendum
3139 2306 3276 2350 esse
3366 2293 3622 2364 saepius
3711 2286 3908 2347 docui-

2251 2400 2391 2444 mus
2428 2382 2574 2462 (I7).
2622 2387 2924 2445 Macarius
2961 2388 3131 2446 enim
3172 2386 3235 2446 S.
3283 2389 3536 2447 Antonii
3580 2385 3909 2458 discipulus

2251 2484 2315 2541 in
2353 2484 2659 2543 coenobio
2710 2484 2909 2557 Pispir
2945 2500 3143 2559 prope
3189 2501 3363 2544 mare
3414 2487 3700 2545 Rubrum
3744 2480 3906 2552 vixit,

2262 2582 2545 2639 Macariis
2614 2583 2844 2641 nostris
2906 2584 2968 2641 in
3030 2584 3293 2642 desertis
3357 2584 3590 2658 Libaye
3654 2579 3911 2654 degenti-

2254 2681 2371 2737 bus
2397 2677 2546 2756 (18).
2593 2680 2713 2738 Sed
2758 2696 2918 2739 unus
2947 2695 3274 2740 remanere
3318 2682 3524 2755 potuit
3566 2678 3903 2752 scrupulus.

2252 2778 2435 2846 Quid,
2485 2777 2535 2834 si
2586 2777 2885 2836 alteruter
2930 2794 3007 2837 ex
3045 2779 3276 2839 nostris
3318 2781 3607 2839 Macariis
3646 2778 3907 2852 primum

2255 2874 2314 2932 S.
2369 2874 2617 2933 Antonii
2666 2874 3012 2948 discipulus
3066 2876 3429 2949 quindecim
3481 2878 3664 2937 annis
3711 2871 3905 2943 fuerit,

574 3110 652 3181 (1)
717 3114 830 3168 AA.
899 3113 991 3170 SS.
1057 3114 1201 3173 Boll.
1243 3117 1368 3174 Ian.
1436 3122 1495 3175 T.
1561 3120 1580 3173 Ι
1645 3137 1701 3193 p.
1742 3128 1873 3181 1005
1914 3143 2049 3201 sqq.
2081 3132 2141 3184 81

2334 3114 2417 3186 (8)
2430 3113 2781 3171 Additiones
2798 3114 3082 3171 nimirum
3105 3114 3181 3170 ad
3199 3115 3387 3171 Bedae
3400 3110 3896 3201 Martyrologium,

500 3215 643 3342 sq(‘12.)
674 3271 870 3344 Dupin
901 3274 1179 3330 Nouvelle
1208 3275 1616 3352 bibliotheque
1634 3281 1739 3337 des
1768 3286 2021 3342 Auteurs
2051 3304 2150 3344 ec-

494 3358 919 3431 clesiasthues.
942 3363 1108 3417 Paris
1136 3365 1270 3420 1693
1299 3368 1358 3420 Τ.
1391 3366 1437 3420 II
1468 3384 1525 3439 p.
1558 3374 1624 3425 69
1656 3387 1788 3443 sqq.

570 3447 663 3515 (3)
680 3447 891 3519 Fleury
922 3450 1173 3506 Histoire
1220 3452 1685 3529 ecclésiaslique.
1719 3460 1884 3517 Paris
1922 3464 2058 3519 1724
2088 3467 2148 3522 Τ.

506 3534 575 3589 lV
606 3551 667 3606 p.
691 3540 793 3593 220
818 3553 952 3609 sqq.

575 3625 652 3696 (4)
707 3624 1182 3683 Commentarius
1236 3630 1315 3685 De
1374 3634 1608 3706 Scriptt.
1639 3637 1969 3697 ecclesiast.
2028 3642 2087 3698 T.
2131 3645 2150 3698 Ι

503 3727 563 3784 p.
595 3716 699 3769 474
726 3731 771 3768 s.
808 3731 860 3768 v.
893 3716 1154 3772 Macarii
1185 3724 1303 3775 tres
1329 3724 1628 3780 monachi.

578 3802 653 3871 (5)
715 3803 944 3873 Scriptt.
991 3805 1195 3860 eccles.
1236 3809 1375 3863 Hist.
1406 3809 1514 3866 litt.
1549 3828 1599 3866 s.
1649 3830 1700 3867 v.
1733 3816 2038 3875 Macarius
2065 3836 2153 3879 se-

510 3892 648 3945 nior
685 3895 735 3947 et
766 3892 1072 3947 Macarius
1102 3894 1320 3951 iunior.

576 3979 653 4051 (6)
717 3981 1023 4036 Mémoires
1084 3984 1142 4038 T.
1213 3986 1327 4040 VIII
1358 3986 1418 4041 P.
1486 3988 1555 4043 III
1623 3996 1817 4062 p.955
1844 4012 1977 4070 sqq.
2016 3998 2146 4056 1041

509 4085 645 4142 sqq.
678 4087 817 4127 cum
845 4074 1000 4129 notis
1032 4073 1090 4129 in
1115 4074 1231 4131 ﬁne
1263 4079 1401 4132 tomi
1430 4079 1699 4136 adiectis.

576 4160 653 4232 (7)
683 4161 845 4217 Prior
870 4165 1087 4235 prodiit
1114 4166 1227 4221 sub
1257 4166 1450 4223 indice
1477 4185 1488 4222 :
1523 4168 1837 4242 Specimen
1860 4178 2152 4234 examinis

509 4248 691 4305 critici
757 4267 1031 4322 operum,
1101 4270 1256 4326 quae
1283 4256 1364 4311 ita
1424 4257 1710 4326 feruntur,
1742 4262 2002 4337 Macarii,
2040 4268 2151 4325 sub

508 4334 866 4395 laetissimos
895 4341 1195 4415 festosque
1245 4344 1372 4400 dies
1400 4346 1630 4404 Christo
1678 4352 1756 4406 ab
1784 4334 1995 4409 inferis
2021 4373 2151 4412 ma-

2258 3219 2416 3275 quas
2448 3220 2478 3258 e
2519 3203 2695 3259 codd.
2742 3203 2799 3257 S.
2835 3204 3060 3275 Cyriaci
3094 3203 3505 3260 Henschenius
3539 3211 3595 3261 et
3623 3200 3903 3274 Papebro-

2260 3291 2428 3347 chius
2488 3292 2820 3348 ediderunt.
2882 3295 2996 3347 AA.
3064 3294 3161 3349 SS.
3232 3292 3379 3349 Boll.
3423 3293 3613 3351 Martii
3652 3289 3783 3349 Τ.Ιί
3842 3300 3894 3358 p-

2264 3380 2400 3435 Vlll.
2434 3382 2524 3437 IX.

2330 3471 2409 3541 (9)
2466 3470 2943 3541 Martyrologium
2999 3470 3273 3536 Usuardi,
3304 3473 3417 3526 AA.
3470 3472 3573 3530 SS.
3608 3466 3747 3526 Boll.
3778 3461 3896 3522 Mai.

2260 3560 2321 3614 T.
2353 3559 2422 3613 v1
2455 3575 2513 3629 p.
2546 3560 2598 3613 δ.
2631 3560 2719 3614 34.

2333 3647 2445 3719 (ίο)
2477 3648 2699 3703 Adonis
2729 3648 2890 3704 arch.
2950 3648 3156 3705 Vienn.
3192 3650 3702 3722 Martyrologium,
3754 3639 3892 3700 Bibl.

2265 3736 2419 3793 Max.
2450 3737 2548 3791 PP.
2578 3737 2764 3806 Lugd.
2798 3738 2857 3792 T.
2892 3739 3003 3794 XVI
3033 3754 3090 3809 p.
3124 3742 3247 3795 832.
3278 3738 3402 3795 834.

2334 3826 2446 3897 (11)
2486 3825 2720 3881 Notkeri
2750 3827 3265 3900 Martyrologium,
3299 3828 3576 3886 Galland.
3606 3823 3765 3883 Bibl.
3806 3818 3903 3875 PP.

2262 3918 2322 3972 T.
2359 3917 2471 3969 ΧΙΙΙ
2509 3933 2566 3987 ρ.
2599 3917 2729 3974 760.
2758 3921 2882 3973 763.

2336 4005 2446 4075 (12)
2465 4005 2641 4060 Vetus
2668 4005 3011 4062 Romanum
3036 4006 3558 4078 martyrologium,
3593 4002 3733 4061 Bibl.
3761 4001 3898 4056 Max.

2264 4092 2372 4147 PP.
2401 4094 2583 4165 Ludg.
2604 4097 2663 4149 T.
2694 4095 2803 4149 XVI
2824 4112 2881 4165 p.
2902 4096 3026 4150 812.
3051 4095 3553 4168 Martyrologium
3574 4097 3899 4151 Romanum

2264 4181 2356 4237 ed.
2393 4183 2683 4237 Baronius
2713 4182 2792 4238 ad
2821 4183 2881 4238 h.
2915 4184 3017 4238 dd.

2336 4271 2447 4342 (13)
2481 4271 2650 4327 Plura
2675 4272 3108 4344 martyrologia
3138 4278 3523 4331 recensentur
3552 4290 3587 4330 a
3618 4259 3894 4327 Bollando

2261 4360 2375 4414 AA.
2410 4360 2509 4417 ss.
2544 4361 2666 4416 Ian.
2693 4363 2753 4416 T.
2783 4361 2803 4413 ι
2834 4377 2890 4432 ρ.
2924 4363 3011 4416 84.

508 4425 722 4540 gnoiﬁcie
764 4429 1041 4540 :edegnti
1083 4449 1285 4540 sacros
1318 4436 1456 4490 boni
1492 4438 1710 4494 ominis
1760 4457 1943 4499 causa
1965 4446 2152 4505 edidit
2178 4485 2225 4540 Β
2331 4449 2442 4521 (14)
2458 4449 2543 4506 Cf.
2568 4425 2960 4520 Menologium
2979 4449 3190 4515 Sirleti,
3214 4449 3664 4522 quodCanisius
3689 4436 3893 4540 edidit.

508 4514 633 4611 EST
672 4518 726 4571 δ’
762 4518 879 4611 S_al'
909 4519 1087 4611 Tum”
1117 4525 1171 4579 δ’
1208 4523 1313 4579 LL-
1349 4524 1408 4579 S'
1442 4525 1626 4583 H3189
1654 4530 2148 4605 Magdflburgicae
2178 4514 2224 4540 υ
2259 4514 2472 4593 Οείηίέὶἱ
2500 4539 2630 4594 lect.
2656 4514 2847 4611 antiq.
2872 4538 2965 4593 ed.
2988 4514 3327 4609 BasnageT.
3364 4541 3432 4595 III
3464 4556 3522 4611 p.
3547 4540 3650 4593 413
3686 4535 3743 4589 in
3761 4528 3894 4583 ﬁne.

503 4605 681 4670 1745;
751 4607 934 4663 altera
996 4610 1109 4666 hoc
1175 4612 1513 4671 inscribitur
1576 4617 1773 4675 titulo:
1831 4620 2142 4694 Specimen

502 4694 1098 4755 animadversionum
1133 4701 1191 4755 in
1220 4701 1448 4775 aliquot
1470 4708 1765 4777 opuscula
1795 4725 2009 4779 graeca
2036 4718 2145 4771 Ma-

499 4784 663 4848 carii,
685 4784 741 4838 in
771 4786 1025 4843 natalem
1043 4789 1199 4845 diem
1224 4792 1328 4847 viri
1346 4811 1579 4850 summe
1600 4800 1922 4867 reverendi,
1958 4803 2143 4859 excel-

496 4870 1176 4939 lentissimi,doctissimi
1210 4880 1577 4951 Sigismundi
1605 4887 2137 4961 IacobiBaumgar-

494 4965 588 5017 ten
623 4963 719 5019 SS.
775 4965 971 5021 Theo].
1003 4968 1160 5025 doct.
1195 4975 1249 5025 et
1274 4971 1424 5041 prof.
1461 4990 1517 5044 p.
1567 4991 1622 5032 o.
1656 4977 1809 5032 Sem.
1847 4979 2021 5035 theol.
2052 4981 2136 5036 di-

490 5053 761 5123 rectoris,
792 5058 1027 5126 patroni
1059 5064 1117 5114 et
1142 5064 1541 5135 praeceptoris
1572 5065 2009 5125 ofﬁciosissime
2043 5086 2136 5125 co-

2257 4629 2316 4679 In
2331 4626 2677 4683 Calendario
2690 4628 2973 4683 ecclesiae
2986 4628 3651 4699 ConstantinOpolitanae
3665 4618 3897 4711 editor-

2255 4714 2378 4769 celli
2409 4718 2629 4772 Romae
2658 4718 2794 4770 1788
2826 4719 2883 4772 Τ.
2938 4719 2955 4769 l
2988 4732 3046 4787 p.
3079 4718 3146 4771 85
3178 4717 3251 4773 ad
3286 4719 3391 4772 XIX
3437 4712 3691 4772 Ianuarii
3719 4708 3890 4773 legis!

2255 4822 2282 4853 ί(
2313 4811 2372 4876 τῇ
2434 4808 2565 4876 αὗτῇ
2636 4807 2803 4877 ἡμέρᾳ
2860 4810 3037 4877 μνήμη
3098 4814 3196 4857 τῶν
3250 4808 3407 4859 ὁσίων
3470 4808 3701 4877 πατέρων
3756 4796 3892 4888 ἡμῶἶ

2252 4898 2526 4964 Μακαρίαν
2552 4901 2644 4945 τοῦ
2686 4893 2940 4965 Ῥῳμαίον
2969 4894 3074 4965 (sic
3109 4894 3149 4965 Ι)
3180 4900 3267 4948 καὶ
3299 4896 3470 4971 ἑτέρου
3510 4889 3782 4961 Μακαρῖου
3808 4894 3892 4930 του

2249 4982 2566 5053 Αἰγυπτίου.
2602 5004 2631 5036 »

2319 5072 2431 5143 (15)
2466 5076 2524 5126 In
2596 5071 2825 5126 Macarii
2888 5070 3273 5129 Alexandrini
3307 5075 3420 5130 vita
3450 5074 3487 5129 I.
3519 5074 3582 5136 I.,
3621 5063 3751 5123 etin
3778 5053 3889 5109 vita

487 5137 664 5233 tendi,
702 5142 852 5201 bene
879 5148 1327 5206 ominabundus
1358 5154 1542 5210 edidit
1569 5156 1647 5210 Io.
1686 5157 1801 5212 Sal.
1833 5157 2133 5215 Semlerus
2245 5137 2483 5216 Macarii
2510 5161 2783 5231 Aegyptii
2811 5160 2849 5215 l.
2885 5162 2946 5225 1.,
2983 5178 3041 5233 p.
3079 5163 3238 5219 1005.

487 5228 747 5289 Salfelda
763 5234 1234 5307 Thuring.Halae
1258 5242 1483 5299 Salicae
1536 5246 1689 5300 1746.
1725 5248 1988 5312 Quarum
2017 5248 2133 5304 dis-

480 5323 866 5379 sertationum
883 5328 1065 5384 cardo
1088 5329 1146 5385 in
1165 5347 1234 5386 eo
1249 5333 1515 5399 vertitur,
1540 5339 1602 5390 ut
1625 5337 1990 5401 ostendatur,
2011 5340 2128 5392 Ma-

478 5410 617 5465 carii
660 5413 897 5485 scripta,
915 5417 1196 5489 imprimis
1209 5421 1335 5477 eius
1352 5423 1653 5491 Opuscula
1668 5442 1823 5495 quae
1836 5425 2003 5480 ferun
2016 5432 2122 5491 tur,

482 5502 683 5571 spuria
704 5518 851 5572 esse,
881 5506 957 5561 ad
995 5510 1158 5581 quod
1214 5512 1653 5568 ostendendum
1689 5517 1903 5584 partim
1930 5515 2124 5570 conie-

471 5590 891 5663 cturis,partim
906 5601 1270 5669 argumentis
1284 5617 1351 5658 ex
1364 5601 1493 5673 ipso
1510 5601 1943 5672 Opusculorum
1962 5608 2123 5659 textu

466 5679 661 5752 petitis
686 5682 886 5741 utitur.

2312 5250 2426 5318 (16)
2449 5224 2800 5303 Assemanni
2821 5224 3174 5306 Calendaria
3191 5252 3481 5308 Ecclesiae
3499 5247 3803 5306 universae
3816 5224 3885 5318 ad

2243 5338 2351 5392 XIX
2378 5338 2610 5391 Ianuar.
2644 5339 2701 5391 T.
2766 5338 2832 5391 VI
2871 5342 3089 5396 Romae
3150 5347 3282 5398 1755
3314 5358 3373 5413 p.
3408 5343 3477 5397 98
3513 5354 3601 5410 sq.
3650 5331 3759 5387 AA.
3792 5317 3884 5374 SS'

2240 5425 2388 5481 Boil.
2419 5426 2543 5480 Ian.
2578 5426 2646 5481 T.
2686 5431 2702 5481 l
2738 5443 2801 5497 p.
2838 5432 2926 5483 84.

2308 5516 2418 5585 (l7)
2449 5515 2476 5587 ς
2508 5516 2578 5569 24
2607 5516 2822 5587 ρ.104.
2856 5518 2978 5589 §25
3005 5524 3224 5589 p.107.
3263 5521 3384 5593 §30
3416 5537 3479 5594 p.
3525 5518 3623 5574 125
3650 5518 3783 5579 sqq.

2316 5604 2433 5675 (l8)
2462 5604 2655 5675 Supra
2676 5605 2702 5677 §
2727 5609 2795 5661 25
2824 5622 2885 5679 p.
2914 5606 3037 5663 107.
