4092 6256
276 346 376 400 173
1846 334 2080 392 VITAE.

782 471 1051 526 mortem
1135 467 1272 525 eius
1355 466 1598 525 deserta
1677 464 1903 538 Libyae
1935 461 1980 516 Α
2012 469 2233 537 pturus
2279 468 2561 538 tempore
2591 470 2968 538 opportuno.
3010 459 3182 530 186
3225 463 3392 520 Tunc
3421 467 3671 521 sanctus

274 472 488 533 deinde
565 472 701 543 post

3568 335 3670 389 174

270 567 745 646 petierit?Haec
777 567 967 639 igitur
1017 566 1330 624 dubitatio
1382 566 1563 638 plane
1613 567 1901 624 movetur
2013 570 2405 630 Posthumius
2459 571 2723 644 pedibus
2778 571 2914 629 eius
2968 570 3335 642 provolutus
3389 569 3515 626 ait:
3553 569 3662 627 Ca-

267 671 376 728 vita
423 665 783 736 Posthumii,
827 679 949 737 qua
994 665 1333 722 Macarium
1385 664 1442 722 S.
1501 664 1748 722 Antonii
1783 664 1897 722 mi-

259 768 509 824 nistrum
557 765 620 821 in
664 763 972 822 coenobio
1021 759 1192 830 185
1240 761 1448 833 Pispir
1489 762 1658 820 diem
1705 761 1894 819 etiam

252 875 613 937 supremum
637 861 868 920 obiisse
900 861 1243 919 edocemur
1274 877 1285 916 :
1323 861 1658 918 Macarium
1686 866 1894 918 autem

247 960 640 1033 Aegyptium,
695 967 759 1016 ut
811 973 846 1016 e
890 959 1163 1016 Palladio
1193 963 1449 1025 constat,
1484 959 1545 1015 in
1575 959 1749 1016 Scete
1782 956 1889 1034 (ί),

246 1065 428 1131 atque
476 1056 988 1126 Alexandrinum,
1043 1056 1208 1128 quod
1277 1070 1353 1113 ex
1401 1057 1621 1115 eodem
1671 1056 1895 1114 verisi-

243 1156 580 1214 millimum
633 1159 746 1221 est,
805 1155 868 1212 in
941 1154 1197 1212 Cellulis
1271 1154 1693 1212 obdormiisse
1774 1156 1893 1213 sci-

249 1269 381 1312 mus
403 1256 502 1327 (2).
540 1253 610 1311 In
642 1253 766 1311 vita
786 1253 956 1311 enim
984 1252 1094 1310 illa
1124 1253 1276 1311 haec
1309 1253 1597 1325 leguntur
1631 1269 1644 1308 :
1692 1273 1713 1305 ι
1742 1253 1893 1312 Nota

245 1353 425 1423 igitur
466 1353 628 1410 facta
689 1357 781 1409 est
836 1356 1047 1410 sancto
1108 1350 1397 1422 Macario,
1438 1351 1678 1410 scilicet
1728 1352 1892 1410 beati

245 1450 487 1508 Antonii
536 1449 876 1522 discipulo,
942 1449 1331 1508 conversatio
1399 1449 1773 1517 Posthumii,
1835 1456 1893 1508 et

238 1548 484 1605 celebre
529 1547 670 1605 eius
715 1548 942 1605 factum
994 1552 1085 1604 est
1129 1561 1378 1614 nomen,
1431 1547 1765 1620 visumque
1804 1556 1896 1607 est

235 1645 354 1711 illi,
389 1645 462 1702 ad
496 1647 668 1703 hunc
695 1643 870 1702 abire
901 1645 964 1701 in
1011 1659 1317 1702 eremum.
1366 1644 1522 1703 Nam
1554 1646 1721 1703 idem
1763 1647 1895 1704 Ma-

234 1745 443 1802 carius
501 1746 580 1802 ab
627 1744 852 1802 illustri
898 1744 1032 1801 viro
1098 1745 1366 1802 Antonio
1442 1746 1894 1803 monachorum

233 1843 362 1900 fere
428 1841 881 1915 quinquaginta
956 1842 1154 1898 millia
1239 1849 1596 1914 susceperat
1665 1844 1890 1914 guber-

240 1940 460 1998 nanda.
544 1941 840 1998 Eiusdem
929 1939 1118 2012 igitur
1210 1940 1456 1998 Macarii
1544 1941 1748 1999 exitus
1816 1943 1893 1999 de

236 2038 480 2097 saeculo
550 2038 1120 2111 appropinquabat,
1195 2045 1255 2096 et
1319 2039 1640 2097 Dominico
1696 2039 1892 2113 gregi,

237 2136 370 2209 quis
442 2143 590 2209 post
654 2136 790 2193 eius
861 2150 1184 2193 excessum
1241 2137 1580 2207 magisterii
1640 2138 1893 2195 nomine

235 2235 706 2307 subrogaretur,
797 2233 1258 2306 inquirebatur.
1348 2235 1604 2293 Sanctus
1684 2235 1893 2308 itaque

235 2333 538 2390 Macarius
597 2345 743 2390 cum
796 2331 870 2388 ad
934 2336 1215 2390 sanctum
1287 2333 1556 2391 venisset
1637 2333 1893 2392 Posthu-

235 2431 450 2499 mium,
504 2430 757 2502 excepit
803 2443 947 2488 eum
998 2429 1286 2498 libenter,
1335 2433 1673 2504 praecipue
1713 2434 1894 2491 cuius

231 2528 352 2586 iam
396 2531 478 2587 ab
533 2528 755 2600 angelo
799 2529 1026 2585 famam
1078 2528 1378 2586 audierat.
1437 2530 1564 2588 Non
1605 2545 1752 2603 ergo
1785 2527 1891 2589 ille

233 2631 294 2684 ut
327 2628 582 2705 hospes,
633 2626 741 2684 sed
772 2627 906 2684 eius
945 2626 1257 2685 subtiliter
1301 2629 1630 2700 explorare
1663 2644 1889 2701 propo-

233 2725 416 2782 situm
451 2730 730 2783 venerat.
770 2722 966 2782 Porro
999 2722 1247 2782 Macarii
1294 2726 1694 2797 adspectibus
1727 2728 1890 2786 Post-

233 2822 434 2881 humii
478 2821 866 2894 complacuit
905 2823 1318 2888 conversatio,
1355 2829 1413 2880 et
1449 2839 1593 2882 eum
1623 2826 1890 2884 suadere

234 2919 458 2992 coepit,
515 2925 584 2977 ut
626 2919 820 2976 sancti
863 2919 1110 2978 Antonii
1162 2921 1684 2980 anachoretarum
1721 2922 1889 2995 prin—

241 3016 398 3089 cipis
453 3033 578 3077 non
639 3024 1003 3090 gravaretur
1065 3017 1316 3076 visitare
1387 3016 1705 3093 reliquias.
1767 3021 1886 3079 Sed

238 3129 378 3171 cum
413 3115 586 3174 omni
627 3116 855 3173 virtute
899 3115 1279 3176 reniteretur
1325 3123 1384 3174 et
1427 3118 1605 3175 abire
1643 3119 1888 3190 penitus

238 3212 553 3282 noluisset,
625 3212 687 3271 in
735 3213 973 3271 somnis
1029 3215 1427 3273 Posthumius
1480 3217 1615 3274 sine
1674 3218 1886 3289 aliquo

242 3312 624 3369 cunctamine
685 3311 778 3370 ire
855 3311 1059 3370 iussus
1130 3313 1377 3370 divinae
1458 3314 1887 3373 contradicere

245 3418 367 3463 non
422 3412 657 3477 poterat
712 3409 1042 3467 maiestati.
1107 3409 1321 3482 Itaque
1390 3425 1534 3468 cum
1617 3412 1883 3470 Macario

248 3503 594 3574 aggreditur
649 3506 782 3572 iter,
849 3508 1317 3566 multitudinem
1389 3511 1884 3583 congregationis

240 3602 701 3666 monachorum.
755 3619 917 3678 quae
966 3621 999 3662 a
1051 3605 1186 3663 solo
1238 3608 1706 3678 gubernabatur
1763 3610 1881 3666 Ma-

235 3696 422 3766 cario,
503 3700 837 3774 ingressus,
922 3703 998 3760 de
1100 3719 1225 3775 quo
1309 3719 1495 3776 saepe
1580 3706 1876 3777 diximus,

236 3808 458 3868 corpus
499 3799 821 3870 sepeliisse
877 3801 1184 3874 magistri,
1236 3816 1379 3859 cum
1432 3803 1698 3874 spiritus
1748 3804 1883 3862 eius

235 3900 476 3954 vocatus
504 3903 595 3954 est
625 3912 700 3954 ex
750 3899 1022 3957 saeculo.
1075 3900 1187 3969 Qui
1220 3914 1363 3958 cum
1409 3915 1474 3958 se
1506 3902 1568 3959 in
1600 3907 1882 3961 extremo

234 3991 388 4050 vitae
418 3993 596 4052 istius
635 3997 999 4066 temporalis
1047 3997 1420 4070 adspiceret,
1473 3999 1774 4058 advocato
1806 4000 1882 4057 ad

233 4103 295 4147 se
341 4096 556 4150 sancto
609 4092 991 4167 Posthumio,
1041 4094 1122 4154 ita
1161 4110 1421 4154 exorsus
1471 4102 1562 4154 est
1591 4098 1648 4154 ei
1705 4114 1717 4154 :
1769 4097 1881 4163 En,

230 4185 441 4260 frater,
499 4196 752 4262 tempus
800 4192 1202 4252 resolutionis
1248 4209 1424 4252 meae
1457 4194 1688 4265 instat;
1738 4211 1888 4268 qua-

242 4294 499 4359 propter
554 4289 814 4347 audiens
882 4290 1115 4350 bonum
1182 4292 1610 4351 testimonium
1669 4293 1746 4350 de
1805 4301 1886 4367 te,

242 4381 425 4443 ﬁnem
521 4388 853 4445 senectutis
929 4403 1103 4447 meae
1178 4389 1518 4448 debilitatis
1585 4393 1887 4464 supposui

236 4483 550 4551 gressibus
592 4485 668 4542 ad
725 4487 1197 4559 pertingendum
1250 4503 1445 4560 usque
1476 4489 1553 4547 ad
1599 4495 1676 4548 te.
1715 4491 1888 4548 Nunc
1927 4521 1970 4574 υ
2000 4485 2248 4544 Macarii
2347 4499 2382 4542 a
2477 4482 2744 4541 Macario
2843 4480 3111 4553 iuniore,

2009 671 2254 729 rissime
2287 676 2483 744 pater.
2518 669 2836 743 quomodo
2870 668 3024 726 mihi
3061 675 3184 726 tam
3219 674 3475 739 magnae
3499 667 3667 724 mul-

2007 769 2290 826 titudinis
2315 783 2531 827 curam
2563 768 2857 840 imponis,
2889 768 3126 824 rustico
3155 765 3418 830 homini,
3453 766 3665 822 literas

2007 867 2302 926 nescienti
2333 865 2363 925 ‘2
2390 866 2650 924 Provide
2693 867 2883 938 igitur
2905 880 2979 922 ex
3024 865 3100 922 iis
3126 865 3422 922 meritum
3457 863 3660 920 homi-

2005 979 2170 1034 nem,
2219 965 2327 1036 qui
2373 964 2566 1036 possit
2607 977 2750 1021 cum
2795 963 3218 1020 sollicitudine
3275 965 3474 1018 tantas
3532 959 3665 1016 ani-

2005 1077 2137 1121 mas
2208 1077 2423 1135 regere
2493 1061 2893 1134 populorum.
2967 1061 3136 1118 Tunc
3209 1059 3509 1116 Macarius
3581 1057 3663 1114 ait

2006 1160 2412 1220 Posthumio:
2469 1160 2909 1218 Excusationes
2979 1172 3101 1216 non
3173 1157 3384 1222 audio,
3457 1169 3661 1227 neque

2003 1273 2219 1316 causas
2247 1257 2483 1330 recipio
2518 1276 2532 1325 ;
2568 1258 2631 1315 hi
2665 1258 2832 1316 enim
2864 1271 3083 1314 omnes
3114 1255 3231 1314 sub
3274 1261 3379 1313 tua
3421 1253 3659 1311 ditione

2004 1357 2366 1428 manebunt,
2422 1370 2535 1413 nec
2583 1355 2743 1414 alius
2788 1360 2880 1412 est
2963 1358 3166 1412 tantae
3248 1351 3659 1410 abstinentiae

2005 1454 2120 1520 vir,
2155 1454 2262 1526 qui
2295 1453 2489 1525 possit
2515 1453 2693 1510 istius
2733 1450 2949 1524 populi
2986 1452 3335 1524 gubernare
3391 1448 3653 1518 animas,

2005 1568 2076 1610 ac
2138 1552 2401 1610 sollicite
2451 1555 2870 1623 pertractare;
2915 1555 2974 1609 et
3019 1556 3085 1607 ut
3127 1550 3360 1607 certius
3416 1547 3646 1612 dicam,

2004 1649 2407 1707 dilectissime
2459 1650 2669 1715 frater,
2731 1654 2790 1706 te
2838 1649 3141 1706 electione
3192 1662 3302 1704 sua
3359 1645 3654 1704 Dominus

2005 1747 2345 1820 designavit
2374 1747 2450 1804 ad
2481 1747 2949 1819 suscipiendum
2982 1746 3146 1803 hunc
3189 1743 3522 1802 ministerii
3572 1744 3660 1801 lo-

2004 1861 2187 1912 cum;
2237 1860 2629 1918 nequaquam
2689 1860 2837 1918 ergo
2894 1843 3146 1903 coelesti
3205 1843 3441 1915 poteris
3511 1857 3661 1900 con-

2006 1944 2310 2001 tradicere
2378 1943 2660 2001 iussioni.
2735 1941 2898 2001 Nihil
2971 1958 3044 1999 ex
3100 1941 3218 1998 hoc
3265 1940 3662 1998 Posthumius

2006 2043 2248 2100 locutus
2309 2047 2402 2100 est
2473 2041 2759 2108 Macario,
2833 2040 2938 2098 sed
3029 2040 3178 2097 dum
3255 2039 3390 2096 eius
3470 2037 3659 2094 verba

2003 2154 2217 2198 secum
2280 2141 2343 2197 in
2419 2140 2630 2197 animo
2703 2139 3000 2204 volveret,
3078 2136 3382 2195 Macarius
3451 2134 3661 2192 emisit

2003 2237 2320 2309 spiritum,
2380 2237 2715 2313 statimque
2771 2236 3155 2309 populorum
3215 2234 3426 2306 ingens
3473 2234 3660 2290 turba

2004 2336 2235 2393 intente
2265 2335 2340 2392 ad
2375 2335 2559 2392 funus
2582 2339 2865 2392 currunt.
2919 2333 3008 2391 lbi
3057 2332 3454 2405 psallentium
3501 2331 3659 2388 mul-

2001 2433 2202 2491 titudo
2244 2432 2509 2491 diversis
2550 2433 2933 2505 hymnorum
2980 2432 3260 2500 vocibus,
3310 2429 3488 2501 quasi
3533 2442 3658 2486 uno

2004 2547 2134 2598 ore,
2194 2533 2410 2589 laudes
2471 2532 2590 2588 Deo
2647 2531 2977 2597 canebant,
3040 2529 3237 2586 donec
3292 2542 3524 2599 corpus
3581 2527 3657 2583 ad

2002 2629 2405 2701 sepulchrum
2472 2629 2890 2686 deduceretur
2961 2627 3349 2685 humandum
3403 2643 3415 2691 ;
3474 2638 3658 2682 nemo

2002 2734 2208 2786 tamen
2263 2728 2662 2785 vehementer
2718 2726 2970 2783 dolebat
3026 2740 3122 2792 eo,
3183 2723 3351 2797 quod
3415 2727 3660 2780 sanctus

2002 2825 2302 2885 Macarius
2345 2830 2470 2881 tam
2513 2823 2810 2882 velociter
2852 2823 3303 2882 monasterium
3347 2812 3660 2892 relinque-

2003 2929 2114 2990 ret,
2144 2924 2441 2996 quoniam
2478 2924 2773 2980 Dominus
2804 2921 3080 2979 similem
3121 2921 3176 2977 ei
3229 2919 3656 2978 Posthumium

1999 3023 2166 3094 gregi
2195 3036 2309 3079 suo
2344 3020 2708 3091 magistrum
2741 3019 3099 3090 providerat
3132 3016 3239 3092 (3).
3281 3039 3306 3067 »
3341 3015 3655 3088 Quidquid

2001 3119 2188 3191 igitur
2229 3118 2307 3175 de
2348 3118 2462 3174 hac
2502 3117 2623 3174 vita
2665 3117 2907 3186 statuis,
2943 3114 3056 3173 etsi
3090 3115 3238 3172 satis
3276 3113 3530 3185 antiqua
3584 3126 3656 3169 ea

1997 3231 2130 3274 esse
2220 3215 2526 3279 videatur,
2631 3218 2888 3286 apparet
2972 3220 3200 3279 tamen,
3292 3209 3651 3278 Macarium,

1995 3327 2183 3386 quem
2254 3312 2412 3369 vitae
2475 3312 2743 3383 scriptor
2815 3309 2874 3367 S.
2957 3308 3206 3367 Antonii
3275 3305 3653 3378 discipulum

1994 3416 2173 3470 vocat
2223 3415 2282 3468 et
2335 3410 2730 3476 monistrum,
2793 3407 2900 3481 qui
2961 3421 3190 3479 corpus
3234 3407 3370 3464 eius
3414 3403 3653 3475 sepeli-

1993 3510 2171 3580 verit,
2236 3507 2684 3579 monachisque
2752 3512 2889 3579 post
2957 3510 3226 3564 mortem
3284 3500 3345 3564 S.
3403 3499 3649 3560 Antonii

1996 3607 2356 3680 praefuerit,
2409 3622 2443 3661 a
2496 3605 2690 3663 nostri
2761 3603 3044 3661 Macariis
3097 3602 3414 3659 diversum
3491 3614 3645 3658 esse.

1991 3706 2381 3777 Quapropter
2429 3703 2618 3761 etiam
2672 3702 2825 3760 duas
2866 3702 3003 3759 illas
3055 3701 3131 3758 de
3187 3700 3454 3757 Macario
3507 3710 3648 3769 gra-

1991 3803 2222 3859 tiarum
2276 3801 2342 3859 S.
2386 3799 2631 3857 Antonii
2684 3799 2949 3856 haerede
2997 3797 3310 3862 historias,
3341 3809 3494 3867 quas
3551 3807 3652 3850 su-

1994 3914 2103 3972 pra
2141 3914 2175 3955 e
2219 3898 2567 3956 Meursiana
2625 3895 2927 3954 Historiae
2986 3895 3311 3953 Lausiacae
3373 3891 3649 3949 editione

1994 3997 2238 4069 spurias
2268 3994 2670 4052 exhibuimus
2717 3992 2828 4070 (li),
2879 3994 2954 4050 ad
2983 3991 3427 4064 Pispiritanum
3460 3989 3651 4046 refer-

1998 4094 2220 4152 rendas
2251 4108 2383 4150 esse
2414 4091 2816 4151 crediderim.

2080 4287 2108 4366 ξ
2163 4289 2260 4347 46.
2327 4288 2415 4345 Ad
2494 4291 2738 4344 cetoros
2799 4284 3026 4343 deinde
3091 4282 3269 4342 istius
3344 4278 3650 4353 temporis

2001 4387 2298 4447 Macarios
2421 4383 2590 4457 quod
2710 4383 2947 4452 attinet,
3069 4381 3262 4440 nostri
3393 4379 3651 4451 quidem

3207 4494 3338 4552 qui,
3453 4490 3649 4548 quum

237 4576 422 4649 igitur
455 4583 612 4640 bene
643 4583 840 4641 fecisti
882 4584 1094 4642 venire
1127 4600 1392 4644 mecum.
1449 4587 1709 4660 Suscipe
1739 4603 1887 4661 ergo
2002 4584 2190 4641 boves
2282 4597 2541 4654 pascens
2629 4581 2886 4638 caedem
2969 4579 3132 4636 haud
3238 4574 3651 4650 praemedita-

240 4681 498 4748 paterno
548 4694 764 4738 amore
810 4695 1056 4755 gregem
1105 4684 1206 4741 Dei
1245 4684 1318 4741 ad
1353 4687 1715 4757 regendum.
1753 4687 1886 4746 Noli

238 4787 561 4848 quaerere,
610 4779 779 4850 quod
819 4779 935 4838 tibi
968 4780 1120 4838 utile
1149 4787 1261 4849 est,
1306 4783 1409 4840 sed
1444 4784 1612 4856 quod
1650 4785 1884 4857 multis,

243 4876 308 4930 ut
353 4875 507 4932 salvi
557 4875 750 4946 fiant;
795 4891 872 4935 ne
919 4892 1066 4951 ergo
1115 4894 1298 4953 neges
1345 4881 1726 4954 suscipiendi
1781 4883 1892 4942 ho-

242 4973 411 5030 noris
478 4974 765 5045 gratiam,
842 4977 1199 5035 mercedem
1282 4992 1317 5034 a
1384 4979 1643 5039 Domino
1722 4995 1895 5040 rece-

309 5174 392 5247 (ί)
429 5175 671 5246 Supra§
703 5177 764 5231 l2
794 5193 852 5248 p.
884 5178 973 5232 41.

311 5265 393 5336 ('2)
420 5265 611 5336 Supra
643 5267 670 5332 §
700 5266 763 5319 21
792 5281 849 5336 p.
891 5266 979 5321 86.
1022 5267 1049 5339 δ
1079 5267 1148 5321 30
1189 5284 1246 5338 p.
1274 5269 1395 5324 127.

311 5353 388 5424 (3)
418 5353 543 5409 Vita
582 5353 640 5408 S.
676 5355 1000 5410 Posthumii
1049 5372 1184 5428 cap.
1240 5357 1293 5421 7,
1342 5359 1461 5412 VV.
1513 5360 1618 5416 PP.
1698 5364 1883 5418 Hosw.

252 5454 303 5510 p.
336 5443 440 5499 235
468 5459 560 5515 sq.

317 5532 390 5602 (4)
419 5529 446 5602 §
477 5533 545 5587 24
585 5548 648 5604 p.
687 5531 786 5589 103
821 5548 910 5605 sq.

318 5621 394 5692 (5)
442 5620 584 5677 Hist.
641 5621 815 5675 Laus.
851 5621 946 5676 ed.
989 5623 1201 5677 Meurs.
1234 5638 1367 5694 cap.
1416 5626 1477 5679 18
1498 5625 1648 5698 Opp.
1680 5628 1891 5683 Meurs.

255 5701 290 5760 l.
319 5708 359 5763 Ι.
400 5725 458 5781 p.
493 5711 625 5767 385.
666 5708 756 5766 Cf.
789 5710 1020 5768 Sozom.
1058 5711 1194 5768 Hist.
1226 5713 1373 5769 Eccl.
1406 5713 1508 5770 lib.
1553 5717 1616 5771 Vl
1648 5731 1780 5788 cap.
1804 5720 1892 5772 29.

1997 4687 2125 4738 tam
2209 4685 2645 4753 perpetrasset,
2736 4679 2799 4735 in
2881 4677 3216 4735 solitudiue
3311 4673 3653 4732 monachus

2002 4779 2447 4851 poenitentiam
2537 4777 2754 4850 agebat
2867 4772 2971 4852 (5),
3069 4783 3129 4833 et
3235 4790 3268 4830 a
3387 4770 3652 4829 Macario

2009 4873 2174 4944 187
2321 4875 2727 4933 Alexandriae
2840 4873 3205 4946 presbytero
3298 4870 3654 4944 ptochotro—

2003 4975 2263 5049 phiique
2313 4973 2711 5032 Alexandrini
2758 4973 3071 5046 praefecto
3121 4968 3225 5039 (6),
3282 4983 3395 5027 nec
3456 4961 3581 5025 no’n
3623 4980 3658 5022 a

2004 5183 2341 5240 Cassiodor.
2388 5183 2528 5238 Hist.
2571 5182 2795 5253 tripart.
2837 5181 2940 5237 lib.
2977 5180 3095 5235 Vill
3141 5194 3273 5249 cap.
3320 5185 3338 5232 i
3403 5177 3463 5232 in
3512 5174 3653 5229 ﬁne.

1999 5272 2311 5344 Nicephor.
2355 5271 2572 5328 Callist.
2603 5271 2819 5326 Eccles.
2857 5270 2996 5326 Hist.
3039 5269 3140 5325 lib.
3173 5271 3238 5325 XI
3265 5287 3397 5342 cap.
3423 5275 3513 5326 35.

2075 5363 2151 5432 (6)
2210 5362 2349 5416 Hisl.
2397 5363 2564 5416 Laus.
2613 5360 2706 5415 ed.
2750 5363 2954 5417 Meurs.
3001 5375 3134 5430 cap.
3179 5362 3206 5413 7
3271 5362 3418 5432 Opp.
3449 5363 3655 5416 Meurs.

2003 5449 2042 5508 l.
2073 5451 2113 5503 Ι.
2146 5467 2202 5520 p.
2235 5455 2336 5505 757
2356 5466 2445 5521 sq.
2468 5449 2628 5504 Idem
2650 5449 2936 5505 Macarius
2950 5446 3662 5522 presbyterAlexandriae

2008 5538 2186 5594 fuisse
2241 5539 2490 5607 videtur,
2552 5555 2732 5610 quem
2785 5539 3036 5593 laudant
3101 5540 3257 5593 Socr.
3311 5539 3448 5592 Hist.
3504 5533 3654 5590 Eccl.

2006 5626 2111 5682 lib.
2153 5629 2195 5680 Ι.
2239 5643 2377 5698 cap.
2418 5631 2484 5682 27
2518 5645 2530 5693 ;
2569 5627 2800 5684 Sozom.
2835 5626 2980 5682 Hist.
3018 5625 3166 5680 Eccl.
3196 5626 3296 5680 lib.
3330 5626 3375 5680 ll
3402 5640 3534 5695 cap.
3571 5625 3657 5681 22,

2010 5721 2141 5772 tum
2175 5716 2580 5784 Cassiodorus,
2612 5717 2977 5787 Nicephorus
3010 5714 3277 5770 Callistus
3308 5719 3418 5769 cet.
