4092 6256
474 328 576 383 1⁸75
1162 325 1263 381 SS.
1308 325 1796 382 MACARIORUM
1840 324 2176 380 AEGYPTII
2220 324 2306 379 ET
2346 324 2835 380 ALEXANDBINI
2883 324 3114 382 VITAE.
3772 320 3875 374 176

459 456 726 514 Macario
768 453 1349 526 Hierosolymorum
1408 454 1704 527 episcopo
1765 452 1872 527 (1),
1933 452 2317 526 aliis-Ane,
2387 469 2545 526 quae
2620 454 2697 512 de
2755 455 3021 512 Macario
3089 451 3506 512 Alexandrino
3562 449 3879 509 Palladius

461 569 582 627 que
637 555 721 624 (2)
756 552 1053 610 facillime
1096 551 1515 624 distinguitur.
1556 553 1671 610 Sed
1713 567 1837 610 una
1877 567 2106 624 super-
2218 552 2536 624 ceterique
2599 552 3010 619 tradiderunt,
3061 551 3116 610 ei
3162 551 3619 610 contradicunt.
3685 549 3883 606 Acce-

463 657 554 709 est
628 650 978 716 difﬁcultas,
1059 665 1247 723 quam
1315 649 1536 708 obiicit
1595 651 2008 724 fragmentum
2074 667 2107 708 e
2219 650 2329 716 dit,
2364 651 2531 723 quod
2565 649 2893 716 Palladius,
2940 651 3048 723 qui
3099 654 3226 707 tres
3263 663 3456 707 annos
3485 661 3629 705 cum
3679 647 3877 704 Maca-

462 763 752 808 sermone
809 747 1077 820 Philippi
1128 747 1402 806 Sidensis
1452 749 1628 806 XXIV
1680 750 1742 806 in
1801 749 2106 807 Gallandii
2220 747 2316 805 rio
2345 747 2762 804 Alexandrino
2794 746 2946 805 vixit
2977 744 3086 823 (5),
3122 751 3182 805 et
3210 746 3482 813 Ruﬁnus,
3519 745 3652 818 qui,
3685 743 3876 814 Didy-

462 847 846 905 Bibliotheca
884 846 989 904 PP.
1024 861 1344 910 excusum,
1379 860 1506 918 quo
1549 847 1800 905 scholae
1847 848 2109 904 Alexan-
2220 860 2324 902 mo
2372 859 2475 903 sex
2507 859 2699 903 annos
2728 846 2967 918 audito,
3001 845 3064 902 in
3105 859 3390 903 eremum
3423 844 3498 901 ad
3533 841 3874 900 Macarium

465 946 682 1003 drinae
755 948 1202 1002 enumerantur
1266 945 1630 1016 praepositi.
1692 945 1783 1002 Ab
1847 944 2110 1003 Athena-
2221 943 2536 1015 profectus
2577 947 2668 1002 est
2700 939 2807 1019 (6),
2845 943 3013 1001 illius
3055 943 3147 1001 rei
3191 958 3267 1000 ne
3300 943 3682 1000 levissimam
3722 939 3878 1013 qui-

465 1057 614 1116 gora
647 1042 840 1114 enim,
870 1041 978 1113 qui
1029 1041 1320 1098 Hadriani
1366 1047 1426 1100 et
1473 1042 1767 1100 Antonini
1811 1044 2112 1115 tempori-
2219 1041 2363 1098 dem
2415 1041 2793 1099 mentionem
2841 1041 3094 1100 faciunt.
3155 1040 3235 1098 Ex
3280 1041 3512 1114 quibus
3559 1053 3672 1112 ego
3721 1037 3875 1112 qui-

467 1143 585 1199 bus
660 1139 943 1211 ﬂorebat,
1002 1139 1330 1212 incipiens,
1393 1140 1714 1198 recensitis
1793 1141 2110 1200 nonnullis
2219 1138 2362 1195 dem
2453 1139 2743 1207 coniicio,
2848 1141 3182 1199 Macarium
3269 1154 3518 1212 quoque
3605 1133 3875 1186 πολιτικόν

466 1239 606 1296 aliis
656 1239 733 1295 ad
780 1237 1185 1309 Serapionem
1229 1239 1472 1308 transit,
1512 1259 1539 1290 «
1579 1253 1791 1310 quem,
1825 1261 1848 1292 )
1883 1240 2108 1312 inquit,
2225 1237 2426 1305 illum,
2486 1239 2736 1296 scholae
2793 1238 3246 1296 Alexandrinae
3311 1234 3484 1306 188
3530 1235 3874 1310 aliquando

475 1358 496 1388 ι
559 1335 802 1408 excepit
859 1349 1118 1406 magnus
1157 1335 1265 1393 ille
1314 1337 1526 1394 Petrus
1562 1337 1894 1410 episcopus
1942 1351 2110 1395 mar-
2219 1335 2578 1402 antistitem,
2627 1352 2662 1394 a
2700 1338 2928 1395 nostris
2975 1337 3258 1395 Macariis
3301 1337 3618 1395 diversum
3657 1335 3868 1393 fuisse.

470 1434 635 1507 tyrio
705 1432 998 1504 inclytus.
1079 1433 1216 1490 Post
1281 1433 1530 1492 Petrum
1605 1435 1926 1501 Macarius,
2003 1436 2112 1508 qui
2223 1432 2386 1490 Num
2430 1449 2577 1492 vero
2636 1435 2936 1493 Macarius
2983 1435 3311 1508 presbyter
3347 1435 3462 1492 iste
3511 1432 3875 1492 Alexandri-

467 1528 734 1587 πολιτικός
790 1546 824 1587 a
909 1531 1334 1589 conterraneis
1428 1537 1519 1590 est
1616 1531 2108 1605 cognominatus.
2225 1545 2341 1588 nus
2389 1532 2644 1590 antistes
2697 1533 2948 1591 scholae
3007 1533 3177 1592 illius
3233 1533 3593 1592 statuendus
3619 1531 3719 1599 sit,
3772 1546 3877 1588 ne-

471 1630 610 1688 Post
670 1644 813 1687 eum
873 1627 1189 1700 Didymus,
1252 1634 1391 1701 post
1445 1630 1776 1703 Didymum
1829 1632 2111 1699 Rhodon,
2229 1644 2350 1702 que
2380 1644 2602 1702 negare
2632 1645 2836 1704 neque
2865 1631 3175 1690 afﬁrmare
3206 1631 3431 1690 ausim.

465 1726 574 1800 qui
605 1727 815 1796 etiam,
845 1734 912 1784 ut
945 1725 1116 1784 testis
1152 1731 1245 1786 est
1280 1727 1413 1800 ipse
1451 1729 1796 1804 Philippus,
1840 1731 2116 1790 scholam

468 1825 778 1883 transtulit
819 1825 883 1882 in
914 1825 1086 1882 illam
1117 1826 1318 1898 ipsam
1354 1827 1668 1887 vivitatem
1691 1829 1877 1888 Siden
1922 1831 2118 1903 impe-
2152 1807 2197 1861 Β
2309 1826 2521 1899 Itaque
2567 1827 2962 1900 quaestiones
3009 1827 3087 1884 de
3137 1825 3548 1886 Macariorum
3603 1823 3885 1898 Aegyptii

467 1928 640 1982 rante
706 1937 929 1995 magno
985 1923 1355 1984 Theodosio.
1428 1926 1626 1984 Huius
1679 1927 2001 1986 Rhodonis
2054 1944 2119 1986 se
2230 1927 2291 1981 et
2356 1923 2758 1982 Alexandrini
2831 1925 2971 1982 vitis
3028 1924 3434 1982 absolvimus.
3503 1923 3590 1980 Ad
3653 1923 3886 1995 scripta

468 2021 849 2093 discipulum
896 2021 1081 2079 fuisse
1143 2021 1227 2080 ait
1272 2022 1672 2097 Philippus...
1707 2047 1734 2078 »
1803 2024 1908 2094 (3).
1961 2027 2119 2095 Quid
2231 2035 2450 2080 eorum
2473 2022 2641 2094 quod
2664 2023 2902 2092 attinet,
2934 2037 3006 2081 ea
3038 2022 3294 2095 quidem
3326 2021 3690 2095 dignissima
3716 2025 3885 2087 sunt,

471 2119 660 2192 igitur
701 2120 728 2176 ?
774 2120 931 2176 Num
973 2121 1273 2178 Macarius
1319 2121 1790 2190 Alexandrinus,
1836 2125 1943 2196 qui
1992 2126 2123 2182 Pal-
2233 2119 2310 2176 de
2353 2119 2585 2192 quibus
2615 2121 2808 2178 simili
2850 2122 3088 2179 ratione
3119 2121 3469 2179 accuratius
3501 2119 3878 2192 inquiratur.

473 2217 641 2276 ladio
703 2216 966 2288 aliisque
1035 2218 1296 2276 testibus
1349 2216 1616 2280 πολιτικός
1674 2237 1709 2278 a
1774 2223 2124 2281 coaetaneis
2236 2218 2353 2276 Sed
2406 2217 2521 2274 hac
2569 2218 3029 2290 disquisitione,
3083 2233 3280 2291 quum
3333 2220 3412 2276 ab
3465 2218 3585 2276 hoc
3634 2217 3897 2290 quidem

476 2318 726 2372 vocatus
767 2320 856 2372 est
899 2315 1005 2391 (4),
1033 2316 1388 2387 aliquando,
1416 2322 1555 2375 ante
1614 2319 1946 2391 Didymum
2001 2321 2126 2378 sci-
2239 2317 2561 2392 proposito
2615 2323 2826 2374 nostro
2876 2317 3079 2375 ahena
3130 2318 3232 2391 sit,
3265 2317 3328 2375 in
3375 2315 3725 2390 praesentia
3793 2331 3898 2373 su-

477 2413 623 2471 licet
652 2412 900 2471 scholae
922 2412 1378 2472 Alexandrinae
1422 2416 1741 2488 praefuit?
1768 2418 1986 2476 Omnia
2036 2435 2130 2478 sa-
2243 2416 2670 2489 persedemus.

553 2578 630 2648 (1)
659 2579 890 2633 Sozom.
926 2578 1068 2633 Hist.
1103 2579 1248 2634 Eccl.
1283 2579 1385 2636 lib.
1418 2581 1438 2633 Ι
1469 2597 1600 2652 cap.
1637 2583 1700 2636 17
1739 2600 1751 2649 ;
1783 2584 2129 2641 Theodoret.
2246 2583 2468 2644 laudat.
2500 2586 2609 2637 cel.

487 2667 623 2722 Hist.
659 2666 811 2721 Eccl.
844 2666 945 2722 lib.
988 2669 1008 2721 Ι
1057 2683 1189 2739 cap.
1224 2670 1310 2733 16,
1349 2671 1500 2741 Opp.
1535 2670 1628 2726 ed.
1659 2674 1923 2729 Noesselt
1971 2677 2030 2730 Τ.
2064 2677 2135 2730 llI
2316 2671 2688 2744 (3)Galland.
2725 2669 2994 2726 Biblioth.
3025 2674 3125 2726 PP.
3156 2673 3216 2726 T.
3259 2672 3324 2726 IX
3347 2671 3551 2742 p.101.

481 2771 546 2828 Po
571 2758 664 2810 79‘
705 2771 802 2826 δίῖ·
2321 2763 2398 2832 (4)
2425 2761 2510 2816 Cf.
2543 2775 2726 2830 supra
2756 2763 2783 2827 §
2809 2760 2877 2814 24
2901 2775 2960 2830 p.
2990 2761 3109 2826 104,
3143 2760 3263 2830 §25
3286 2776 3345 2832 p.
3378 2760 3481 2815 104
3503 2776 3639 2832 sqq.

557 2844 637 2916 (2)
664 2847 784 2899 Huc
816 2846 1107 2915 pertinent
1136 2848 1421 2903 Macarius
1454 2851 1778 2915 Romanus,
1811 2853 1981 2908 cuius
2015 2854 2138 2911 vita
2321 2853 2401 2920 (5)
2444 2851 2634 2921 Supra
2668 2865 2723 2920 p.
2757 2850 2945 2906 66-85.

488 2938 673 2990 exstat
702 2936 810 2989 VV.
839 2937 940 2991 PP.
975 2937 1166 2991 Rosw.
1201 2938 1303 2992 22/1
1337 2953 1452 3009 sq.,
1484 2940 1775 2996 Macarius
1807 2942 2136 3000 Mathema-
2322 2941 2402 3010 (6)
2437 2942 2628 3010 Supra
2653 2941 2684 2992 6
2709 2938 2736 3009 ς
2764 2953 2822 3009 p.
2859 2940 2943 2993 18.

492 3023 663 3089 licus,
692 3038 873 3096 quem
925 3025 1172 3082 Ruﬁnus
1219 3026 1279 3082 in
1310 3027 1561 3098 Apolog.
1605 3030 1931 3104 [lnvectiv.]
1961 3031 2066 3088 lib.
2096 3033 2142 3087 Ii
