4092 6256
245 395 3576 438 M

1048 605 2040 750 APPENDIX
2190 602 2778 748 PRIOR

1662 896 1820 953 QUAE
1868 894 2158 941 CONTINET

720 1054 1097 1163 ACTA
1179 1054 2050 1163 SANCTORUM
2128 1050 3103 1161 MACARIORUM

1367 1272 1738 1335 AEGYPTII
1783 1273 1876 1331 ET
1919 1271 2228 1331 ALEXAN
2239 1270 2418 1329 DRIN
2427 1272 2448 1329 Ι

485 1445 589 1506 Ad
615 1446 871 1508 codicum
900 1467 1033 1508 mss.
1070 1448 1237 1528 ﬁdem
1261 1449 1478 1528 partim
1509 1454 1812 1528 recognita,
1841 1448 2061 1528 partim
2083 1447 2337 1527 primum
2366 1446 2540 1516 edita,
2573 1464 2701 1506 cum
2733 1444 2980 1505 versione
3011 1441 3300 1502 Editor—is.

1702 1728 2094 1820 INDEX.

216 2070 254 2124 I.
294 2071 422 2145 Vita
450 2072 657 2145 sancti
684 2071 942 2145 Macarii
960 2075 1236 2145 Aegyptii
1260 2091 1336 2133 ea:
1361 2077 1627 2132 Historia
1654 2078 1806 2133 Lau-

284 2143 447 2197 siaca
477 2143 760 2198 Palladii
801 2145 881 2200 ad
918 2143 1185 2202 codicum
1213 2149 1470 2205 duorum
1515 2149 1799 2204 Vindobo-

284 2214 567 2269 nensium
596 2215 772 2281 ﬁdem
792 2217 970 2271 edita.

218 2285 280 2340 II.
333 2287 459 2340 vita
479 2287 686 2340 sancti
709 2287 962 2343 Macarii
989 2289 1393 2346 Alexandrini
1418 2305 1492 2347 ea:
1533 2292 1800 2346 Historia

285 2358 592 2412 Lausiaca
622 2359 895 2413 Palladii
923 2361 1004 2414 ad
1027 2362 1297 2417 codicum
1316 2363 1574 2418 duorum
1594 2364 1805 2418 Vindo-

288 2429 652 2484 bonensium
677 2431 854 2494 ﬁdem
887 2431 1066 2487 edita.

221 2499 308 2553 II].
372 2500 582 2575 Ceteri
631 2501 929 2575 Historiae
1003 2503 1336 2560 Lausiacae
1395 2505 1530 2568 loci,
1597 2505 1807 2575 quibus

285 2572 488 2627 sancti
509 2572 775 2627 Macarii
796 2575 1122 2643 Aegyptius
1146 2583 1198 2630 et
1227 2572 1682 2630 Alexandrinus
1706 2591 1812 2631 nec

286 2659 407 2698 non
425 2644 745 2698 Macarius
762 2645 823 2699 S.
841 2647 1088 2701 Antonii
1102 2647 1368 2702 minister
1381 2657 1806 2710 memorantur,

285 2716 366 2771 ad
377 2715 656 2771 codicum
668 2715 918 2771 duorum
937 2718 1460 2775 Vindobonensium
1469 2719 1639 2786 ﬁdem
1651 2719 1812 2774 editi.

1916 2077 2005 2131 IV.
2043 2077 2124 2132 De
2155 2077 2376 2132 Sancto
2403 2075 2607 2130 Marco
2639 2073 2848 2130 abbate
2877 2071 3126 2128 historia
3148 2085 3177 2126 e
3207 2069 3414 2126 codice
3447 2068 3584 2123 Vin-

1977 2147 2301 2203 dobonensi
2327 2147 2510 2202 edita.

1909 2218 1974 2273 V.
2021 2221 2102 2274 De
2128 2225 2334 2274 sancto
2363 2217 2634 2273 Macario
2679 2215 2960 2271 hisioriae
2989 2229 3018 2270 e
3048 2212 3246 2268 codice
3283 2210 3577 2267 Vindobo-

1987 2293 2157 2346 nensi
2178 2291 2386 2346 editae.

1912 2365 1998 2416 VI.
2023 2363 2331 2428 Specimen
2355 2359 2864 2429 interpretationis
2883 2355 3263 2429 germanicae
3293 2354 3582 2429 antiquae

1986 2426 2375 2489 historiarum
2428 2426 2525 2488 de“
2558 2431 2782 2486 sanctis
2837 2428 3120 2484 Macariis
3176 2426 3472 2496 Aegyptio
3526 2431 3580 2481 et

1988 2504 2403 2560 Alexandrino
2448 2519 2476 2558 e
2527 2503 2726 2558 codice
2779 2501 3164 2556 bibliothecae
3211 2498 3579 2554 Jesuitarum

1995 2575 2358 2630 Coloniensis
2386 2576 2821 2645 depromptum.

1925 2648 2035 2701 VII.
2072 2647 2328 2702 Macarii
2357 2637 2666 2701 cuiusdam
2706 2645 2935 2699 abbatis
2976 2642 3220 2698 visiones
3256 2640 3329 2695 de
3358 2637 3582 2694 sanctis

1996 2721 2225 2788 angelis
2253 2734 2283 2774 e
2307 2719 2506 2774 codice
2548 2715 2981 2772 Vindobonensi
3003 2715 3264 2783 primum
3288 2711 3506 2768 editae.

1799 2997 1974 3071 24⁵1
2010 3000 2052 3054 Ιο

1297 3160 1480 3221 VITA
1523 3161 1795 3223 SANCTI
1836 3161 2158 3223 MACARII
2199 3160 2576 3223 AEGYPTII

547 3315 645 3390 Ea:
671 3315 945 3390 Historia
967 3317 1256 3376 Lausiaca
1289 3319 1558 3376 Palladii
1581 3321 1662 3376 ad
1682 3321 1949 3378 codicum
1979 3321 2233 3378 duorum
2272 3320 2808 3378 Vindobonensium
2831 3320 3009 3390 ﬁdem
3039 3318 3221 3376 edita.

283 3383 411 3458 Cod.
441 3399 547 3434 ms.
576 3387 695 3458 bist.
724 3402 897 3452 graec.
925 3388 1191 3458 MEXXIV,
1220 3390 1554 3458 σζί-φ-Χξυς,
1590 3391 1725 3458 βίω,
1758 3392 1907 3458 Caes.
1938 3392 2249 3458 _Vindobon.
2286 3393 2649 3458 membranae.
2691 3383 3058 3456 pervetustus.
3111 3429 3121 3439 .
3172 3428 3184 3440 .
3235 3429 3246 3439 .
3296 3430 3309 3442 .
3357 3426 3370 3438 .
3422 3429 3434 3442 .
3484 3429 3500 3442 .
3539 3390 3580 3458 ᾗ

288 3444 416 3493 Cod.
445 3460 546 3495 ms.
578 3449 694 3497 hist.
725 3444 908 3514 graec.
949 3452 1032 3507 IX.
1070 3444 1198 3502 olim
1233 3453 1383 3509 XLII,
1413 3444 1550 3504 Bibl.
1583 3444 1729 3504 Caes.
1757 3454 2066 3511 Vindobon.
2109 3456 2341 3506 chartac.
2374 3457 2630 3520 antiquus
2671 3444 2704 3510 .’
2734 3495 2747 3510 .
2795 3496 2808 3508 .
2858 3495 2872 3510 .
2921 3495 2934 3508 .
2985 3491 2999 3505 .
3047 3492 3059 3503 .
3111 3491 3121 3501 .
3171 3489 3184 3503 .
3234 3494 3246 3506 .
3296 3493 3310 3506 .
3361 3488 3376 3503 .
3425 3493 3438 3506 .
3488 3489 3500 3501 .
3545 3450 3582 3498 Β

286 3733 342 3782 In
357 3733 575 3785 duobus
589 3735 942 3789 Bibliothecae
961 3739 1247 3790 Caesareae
1271 3740 1699 3792 Vindobonensis
1712 3742 1986 3792 codicibus
2003 3757 2128 3792 mss.
2145 3747 2354 3794 textum
2374 3745 2670 3794 genuinum
2688 3743 2952 3793 Historiae
2983 3742 3270 3792 Lausiacae
3289 3755 3319 3789 a
3344 3739 3581 3790 Palladio

221 3800 563 3864 conscriptae
579 3799 761 3864 haberi
779 3816 942 3864 supra
954 3805 1080 3864 p.12
1097 3817 1120 3851 s

1229 3806 1550 3872 monuimus.
1561 3806 1632 3872 Ex
1648 3805 2359 3872 hi_s_igiturcodi_cibustquos
2371 3803 2756 3872 descripsimus
2770 3819 2934 3869 supra
2947 3807 3069 3872 p._t_4
3087 3808 3204 3872 not_._
3215 3803 3346 3872 5_LCt.
3366 3803 3583 3872 Lambe-

221 3817 563 3870 cpuscnpwe
579 3817 761 3871 nauem
779 3817 942 3864 supra
954 3817 1004 3876 p.
1022 3817 1080 3851 ιτ
1097 3817 1212 3914 eaq.
1229 3817 1632 3854 monuimustsx
1649 3817 1729 3854 ms
1743 3817 2207 3868 igiturcoaicmus.
2224 3822 2359 3872 quos
2371 3817 2756 3878 descrnpsnmus
2770 3819 2934 3869 supra
2947 3821 2995 3877 ρ.
3016 3817 3069 3852 u
3087 3817 3241 3876 [λοι-..5
3255 3817 3346 3867 Lux.
3366 3817 3583 3875 Lampe-

211 3862 1001 3941 giACprnmenAtiyemdob.II§2
1021 3866 1094 3941 ΤΣ*
1144 3867 1173 3941 ‘I
1245 3882 1296 3930 p.
1321 3869 1527 3941 ϐϐξῙΒ-ᾴο
1553 3883 1562 3920 ;
1597 3868 1666 3941 de.
1693 3869 1886 3941 Nessei
1905 3869 2070 3919 Catal.
2268 3886 2319 3933 p.
2354 3872 2447 3941 143.
2472 3871 2574 3941 {3}],
2610 3873 2772 3941 vitam
2803 3873 2973 3941 sancti
2998 3869 3210 3941 Macarii
3236 3869 3583 3941 Aegyptii,_in

211 3923 484 3974 Historiae
516 3924 803 3976 Lausiacae
819 3929 990 3991 capite
1012 3939 1094 3980 xv
1108 3923 1339 3986 obviam,
1355 3930 1640 3987 odi'iimus,
1655 3931 1973 3981 lectionibus
1996 3933 2152 3982 variis
2177 3923 2452 3998 depravati
2469 3923 2804 3982 Meursianae
2827 3931 3076 3981 editionis
3096 3934 3272 3981 textus
3297 3923 3574 3993 n'ég'lectis.

216 4201 380 4272 Περὶ
436 4201 554 4247 τοῦ
603 4193 789 4266 ἁγίου
839 4201 1186 4270 Μακαρίου
1239 4205 1356 4251 τοῦ
1402 4199 1828 4271 Αὶγυπτίου¹.
1863 4202 1909 4254 Α

284 4307 366 4358 Τὰ
450 4305 587 4355 κατά
638 4306 759 4365 τοὺς
845 4303 1024 4374 ἁγίους
1089 4310 1180 4357 καὶ
1236 4305 1530 4367 ἀθανάτους
1601 4311 1831 4379 πατέρας

211 4397 498 4467 Μακάρων
530 4395 614 4444 τὸν
638 4391 922 4464 Αἰγύπτιον
951 4398 1040 4447 καὶ
1057 4397 1327 4470 Μακάριον
1353 4398 1439 4447 τὸν
1463 4394 1826 4465 Ἀλεξανδρέα,

210 4489 338 4546 τοὺς
386 4486 658 4555 γενναίους
689 4483 705 4512 ³
757 4479 950 4557 ἄνδρας
981 4489 1068 4536 καὶ
1123 4484 1583 4556 ἀκαταγωνίστους
1615 4490 1632 4520 ³
1678 4485 1833 4544 ἀθλη-

213 4577 325 4638 τὰς,
368 4581 464 4626 τοῦ
508 4582 524 4612 ⁴
558 4571 792 4644 ἐναρέτου
844 4572 1004 4624 αὐτοῦ
1037 4572 1159 4646 βίου
1201 4567 1333 4627 ἆθλα
1378 4574 1541 4627 πολλὰ
1592 4579 1715 4628 ὄντα
1742 4581 1831 4628 καὶ

212 4663 420 4736 μεγάλα
502 4661 634 4712 ὀκνῶ
707 4661 875 4714 λαλεῖν
950 4667 1040 4714 καὶ
1134 4665 1372 4735 γράφειν,
1448 4669 1650 4736 μήποτε
1723 4671 1831 4726 τοῖς

213 4752 588 4824 ἁμελεστέροις
625 4752 845 4811 ἄπιστος
898 4747 1024 4804 εἶναι
1071 4747 1208 4814 δόξω
1257 4748 1352 4804 διὰ
1402 4754 1459 4804 τὸ
1518 4751 1831 4826 ὑπερϐάλλον

209 4844 437 4916 μέγεθος
498 4848 597 4891 τῶν
658 4841 785 4913 ὑπερ
854 4843 1008 4913 φύσιν
1065 4842 1501 4915 κατορθωμάτων,
1557 4845 1718 4914 χάριν
1773 4838 1833 4896 δὲ

211 4933 356 5005 ὅμως
387 4937 498 4983 τῶν
549 4933 933 5001 πεπειραμένων
965 4930 1020 4982 ἐκ
1051 4938 1148 4982 τῶν
1196 4932 1380 5002 λογίων
1425 4938 1516 4983 τοῦ
1545 4934 1831 5003 πνεύματος

210 5025 306 5084 τὰς
391 5022 534 5080 θείας
633 5015 830 5091 δωρεὰς
903 5027 1012 5080 τοῖς
1087 5018 1254 5083 ἀξίοις
1329 5017 1764 5092 ὃιανενεμημένας
1810 5023 1829 5057 ³

212 5109 563 5182 διηγήσομαι
593 5111 659 5162 τὰ
697 5111 831 5161 κατὰ
877 5117 976 5161 τῶν
1004 5110 1159 5161 ὁσίων
1191 5113 1473 5182 Μακαρίων
1506 5111 1527 5145 ⁸
1567 5119 1665 5162 τῶν
1716 5109 1832 5162 κατ’

215 5199 369 5264 ἀξίαν
423 5207 528 5251 τῶν
578 5199 735 5250 ὁσίων
766 5197 932 5251 ἄθλων
987 5205 1080 5260 τῆς
1129 5197 1402 5260 ἀσκήσεως
1442 5198 1609 5252 αὐτῶν
1640 5203 1730 5252 καὶ
1768 5202 1834 5252 τὰ

218 5291 460 5364 ὀνόματα
526 5291 852 5360 κεκτημένων
908 5289 956 5341 ⁷.
1007 5293 1093 5340 καὶ
1168 5297 1370 5362 πρῶτον
1429 5291 1519 5361 μεν
1575 5285 1832 5360 διηγήσο-

2299 4203 2380 4258 De
2404 4205 2606 4258 sancto
2637 4200 2904 4258 Macario
2933 4197 3242 4270 Aegyptio.

2013 4309 2366 4364 Sanctorum
2420 4313 2475 4364 et
2540 4305 2970 4364 immortalium
3029 4309 3288 4378 patrum,
3350 4302 3584 4360 Macarii

1940 4397 2216 4470 Aegyptii
2239 4403 2294 4453 et
2322 4396 2558 4454 Macarii
2584 4396 2989 4461 Alexandrini,
3021 4395 3398 4465 egregiorum
3429 4399 3484 4448 et
3505 4393 3593 4448 in-

1941 4486 2232 4542 victorum
2246 4486 2913 4550 athletarum,honestae
2927 4485 3083 4540 vitae
3096 4484 3422 4539 certamina
3434 4497 3591 4555 quae

1941 4581 2080 4632 sunt
2111 4577 2296 4632 multa
2329 4581 2383 4631 et
2414 4591 2657 4645 magna,
2688 4590 2891 4630 vereor
2928 4573 3123 4629 dicere
3154 4578 3209 4628 et
3229 4571 3586 4635 describere,

1941 4679 2016 4720 ne
2064 4665 2153 4734 iis,
2197 4665 2297 4736 qui
2331 4665 2469 4722 talia
2513 4665 2714 4720 minus
2756 4670 2985 4728 curant,
3034 4662 3295 4718 mendax
3325 4677 3455 4716 esse
3505 4659 3589 4714 vi-

1940 4753 2084 4811 dear
2100 4760 2341 4826 propter
2357 4755 2716 4811 immensam
2733 4752 3212 4824 magnitudinem
3228 4749 3596 4807 exercitatio~

1941 4859 2087 4898 num
2131 4843 2284 4899 vires
2337 4850 2585 4900 naturae
2643 4843 3074 4899 excedentium.
3124 4841 3238 4897 Sed
3291 4846 3346 4896 et
3383 4855 3592 4896 eorum

1943 4933 2152 5001 gratia,
2201 4933 2306 5004 qui
2336 4932 2651 4988 virtutibus
2681 4932 2922 5003 spiritus
2951 4932 3145 4987 ornati
3186 4930 3350 4986 dona
3393 4929 3594 4984 divina

1941 5021 2168 5092 experti
2212 5027 2350 5078 sunt
2397 5021 2595 5091 dignis
2637 5021 2972 5086 distributa,
3009 5020 3253 5075 virtutes
3295 5018 3592 5075 enarrabo

1943 5116 2286 5166 sanctorum
2302 5111 2712 5175 Macariorum,
2727 5111 2832 5182 qui
2846 5108 3092 5165 nomina
3107 5124 3351 5181 quoque
3374 5108 3594 5164 sanctis

1943 5199 2065 5254 suis
2078 5199 2495 5255 certaminibus
2512 5197 2688 5272 248
2703 5214 2980 5255 asceseos
2993 5198 3177 5267 digna
3191 5196 3590 5270 possidebant.

1947 5291 2208 5344 Primum
2248 5288 2496 5360 quidem
2528 5288 2758 5346 Macarii
2801 5287 3091 5360 Aegyptii,
3125 5286 3227 5360 qui
3274 5287 3417 5342 vixit
3447 5285 3595 5341 inte-

1570 5448 1835 5506 VARIAE
1878 5448 2279 5506 LECTIONES.

295 5621 310 5652 ι
343 5618 386 5667 Α
418 5618 548 5688 Περὶ
577 5615 932 5688 Μακα-ρίου
989 5618 1104 5666 τοῦ
1144 5611 1514 5688 Αἰγυπτίου
1555 5616 1662 5665 καὶ
1711 5615 2056 5688 Μακαρίου
2118 5608 2753 5688 τοῦ-’ᾼγλεξανδρέωᾳ
2794 5619 2867 5688 ιΒ
2896 5614 3422 5688 το-ὺςμακαρίους.
3459 5611 3477 5642 ³
3513 5615 3595 5688 AP

228 5680 734 5757 ἁκαταγωὶιήστους.
767 5680 858 5735 VB
913 5688 1025 5735 καὶ
1064 5690 1174 5736 τοῦ.
1210 5680 1534 5751 ⁵Ἐωθηά.,
1567 5689 1650 5737 ΑΒ
1698 5680 2189 5757 διανεμημέν-ας.
2235 5686 2254 5718 ⁸
2305 5685 2488 5751 Corr.,
2526 5680 2730 5736 Α’κατὰ
2785 5687 2889 5735 τὸν
2939 5680 3116 5735 ὅσιον
3157 5680 3498 5755 μακάριον,
3558 5687 3595 5731 Β

231 5761 370 5811 κατὰ
429 5761 580 5817 τοὺς
620 5757 851 5818 ὁσίους
923 5759 1190 5818 τούτους
1238 5759 1622 5829 μακαρίους.

1677 5757 1695 5789 ⁷
1730 5762 1847 5808 τῶν
1890 5753 2027 5810 κατ’
2085 5753 2268 5818 ἀξίαν
2302 5787 2366 5798 -
2422 5759 2833 5827 κεκτημένων
2897 5769 3018 5811 om.
3050 5760 3103 5808 B.
