4092 6256
569 321 674 376 179

1415 321 1514 378 SS.
1552 317 2042 376 MACARIORUM
2079 316 2417 374 AEGYPTII
2462 315 2549 371 ET
2588 312 3072 372 ALEXANDRINI
3797 314 3888 370 180

560 459 700 513 gros
729 447 1061 514 nonaginta
1085 462 1299 513 annos,
1323 445 1566 501 virtutes
1595 443 1917 516 proferam.
1950 444 2004 497 Is
2029 444 2088 498 in
2118 458 2210 498 so-

2325 462 2416 515 μαι
2456 445 2476 477 ⁸
2507 449 2596 494 τοῦ
2632 441 2915 512 Αἰγυπτίου
2947 443 3222 511 Μακαρίου
3256 439 3350 499 τὰς
3376 436 3552 510 ἀρετάς
3578 454 3590 467 ·
3625 438 3717 500 ὁςο
3749 439 3890 500 ἔζησε

558 533 865 590 litudinem
905 537 1141 606 triginta
1189 551 1380 591 annos
1428 540 1600 589 natus
1646 534 1932 596 ascendit,
1981 533 2040 586 in
2087 548 2211 604 qua

563 639 755 679 annos
789 624 1091 693 sexaginta
1135 625 1375 696 peregit.
1417 626 1602 678 Tanta
1650 622 1886 677 labores
1929 623 2212 677 exercita-

558 713 732 768 tionis
760 713 886 767 tulit
911 714 1265 779 constantia,
1301 719 1359 767 ut
1382 717 1512 783 post
1545 713 1750 766 decem
1774 728 1964 766 annos
1993 711 2208 780 insigni

561 800 825 872 quadam
854 801 1229 857 distinctione
1260 802 1478 871 dignus
1509 799 1747 855 habitus
1795 797 2209 873 παιδαριογέρων

562 896 894 953 vocaretur,
917 892 1059 960 quia
1083 892 1271 953 citius,
1298 907 1482 962 quam
1516 905 1622 959 pro
1651 894 1858 953 aetate,
1896 890 2210 944 virtutibus

561 977 906 1050 profecerat.
943 979 1350 1049 Quadraginta
1391 980 1550 1033 enim
1599 994 1791 1032 annos
1838 983 2011 1032 natus
2047 984 2209 1048 pote-

560 1073 771 1122 statem
815 1067 1144 1139 expellendi
1190 1069 1536 1130 daemones,
1581 1068 1830 1135 gratiam
1864 1068 2208 1137 curationis,

563 1157 960 1228 spiritumque
988 1157 1335 1228 pr0phetiae
1363 1157 1607 1227 accepit,
1630 1162 1686 1212 et
1710 1157 2048 1214 honorabili
2068 1173 2212 1228 quo.

563 1262 681 1318 que
722 1246 1052 1301 sacerdotio
1082 1248 1300 1316 dignus
1331 1247 1703 1302 existimatus
1733 1251 1840 1301 est.
1888 1248 2030 1302 Cum
2080 1247 2209 1317 ipso

561 1336 684 1391 duo
706 1334 1064 1390 habitabant
1084 1335 1358 1405 discipuli
1379 1335 1436 1389 in
1460 1335 1669 1390 intima
1692 1335 2028 1403 solitudine,
2056 1352 2210 1408 quae

566 1429 810 1479 vocatur
849 1425 1031 1478 Scete.
1065 1426 1330 1489 Quorum
1365 1440 1516 1478 unus
1555 1441 1792 1494 semper
1817 1440 2004 1495 prope
2044 1426 2208 1480 illum

568 1517 694 1567 erat
740 1528 946 1567 eorum
979 1529 1180 1577 causa,
1230 1513 1329 1584 qui
1378 1513 1696 1568 veniebant
1727 1520 1787 1567 ut
1819 1519 2208 1579 curarentur;

568 1601 714 1656 alter
733 1617 1000 1656 seorsum
1035 1601 1273 1657 sedebat
1306 1603 1363 1656 in
1387 1603 1632 1673 propria
1655 1602 1822 1658 cella.
1859 1605 2212 1657 Procedente

565 1695 767 1746 autem
803 1694 1068 1761 tempore
1099 1693 1182 1745 vir
1212 1699 1451 1745 sanctus
1484 1691 1811 1762 perspicaci
1845 1691 2017 1747 oculo
2049 1708 2213 1762 prae-

565 1780 800 1844 videns,
834 1779 907 1845 ei,
949 1780 1050 1850 qui
1087 1780 1196 1833 sibi
1230 1780 1621 1843 ministrabat,
1655 1781 1901 1836 Joannis
1948 1783 2210 1845 nomine,
2249 1822 2285 1874 Β

565 1869 666 1940 qui
722 1875 929 1940 postea
957 1869 1265 1939 presbyter
1305 1869 1494 1925 factus
1527 1875 1615 1925 est
1647 1871 1702 1924 in
1737 1870 1924 1940 ipsius
1969 1871 2157 1925 vicem
2194 1889 2210 1932 :

566 1958 740 2023 Audi,
758 1957 967 2030 inquit,
989 1958 1185 2023 frater,
1205 1975 1398 2013 meam
1414 1959 1907 2026 admonitionem,
1923 1961 2212 2031 quoniam

567 2051 622 2101 te
654 2047 1093 2117 tentatspiritus
1126 2049 1429 2102 avaritiae.
1462 2049 1544 2103 Ita
1569 2048 1728 2103 enim
1761 2050 2039 2117 equidem
2073 2049 2210 2111 vidi,

567 2151 762 2207 neque
789 2137 1020 2205 ignoro,
1042 2136 1086 2189 si
1111 2152 1307 2190 meam
1331 2152 1525 2207 aequo
1553 2138 1755 2192 animo
1784 2137 1984 2192 tuleris
2005 2138 2213 2192 exhor-

567 2225 872 2288 tationem,
901 2224 960 2278 in
987 2240 1165 2294 opere
1208 2225 1303 2279 Dei
1336 2225 1448 2279 hoc
1480 2225 1611 2279 loco
1651 2233 2212 2281 consummaturum

567 2315 622 2366 te
653 2327 803 2375 esse,
834 2312 1282 2384 gloriosumque
1321 2313 1462 2376 fore,
1496 2320 1552 2368 et
1585 2314 1890 2384 ﬂagellum
1933 2331 2052 2370 non
2101 2333 2212 2387 ap-

564 2401 1105 2471 propinquaturum
1131 2401 1515 2457 tabernaculo
1537 2406 1660 2457 tuo.
1687 2406 1755 2457 At
1779 2405 1824 2457 si
1850 2419 1943 2458 me
1965 2419 2086 2458 non
2111 2421 2212 2459 au-

566 2489 766 2553 dieris,
797 2490 949 2544 Giezi
990 2489 1046 2542 in
1090 2496 1143 2544 te
1173 2490 1308 2544 ﬁnis
1349 2491 1560 2554 veniet,
1595 2492 1763 2562 cujus
1793 2495 1849 2546 et
1878 2493 2091 2548 morbo
2124 2494 2210 2548 la-

564 2578 763 2634 boras.
799 2580 928 2632 Haec
967 2579 1125 2633 dicta
1167 2585 1304 2633 sunt
1351 2580 1613 2650 quinque
1661 2597 1854 2636 annos
1887 2588 2211 2654 antequam

568 2673 809 2720 sanctus
861 2666 1028 2723 obiit.
1081 2669 1143 2722 Et
1179 2669 1518 2738 quindecim
1563 2670 1736 2724 annis
1773 2677 1906 2740 post
1962 2677 2210 2727 mortem

565 2753 1001 2826 Macariiquum
1033 2759 1290 2810 Joannes
1322 2756 1482 2812 bona
1511 2775 1844 2829 pauperum
1875 2760 2208 2824 avertisset,

565 2844 646 2898 ita
677 2843 968 2899 laboravit
999 2844 1412 2914 elephantiasi,
1451 2853 1510 2899 ut
1541 2847 1599 2900 in
1646 2862 1892 2918 corpore
1925 2849 2054 2918 ejus
2091 2865 2210 2904 non

564 2932 1162 3001 invenireturinteger
1184 2934 1368 2996 locus,
1387 2935 1442 2987 in
1466 2951 1586 3007 quo
1607 2937 1742 3007 quis
1755 2936 2007 3004 digitum
2034 2938 2212 3007 ﬁgere

568 3025 787 3093 posset.
814 3024 895 3076 lta
915 3021 973 3076 in
1004 3039 1094 3091 eo,
1119 3023 1220 3094 qui
1250 3038 1368 3077 non
1401 3025 1723 3088 obedierat,
1749 3027 2059 3095 prophetia
2081 3043 2212 3082 san-

567 3111 640 3166 cti
669 3111 774 3165 viri
803 3111 1045 3178 impleta
1061 3117 1166 3166 est.
1196 3115 1270 3166 De
1299 3112 1429 3167 cibo
1454 3117 1654 3168 autem
1681 3113 1858 3186 249
1882 3119 1938 3168 et
1960 3121 2102 3186 potu
2122 3133 2212 3170 su-

568 3215 1008 3270 pervacaneum
1031 3206 1117 3255 est
1139 3216 1400 3264 narrare,
1421 3203 1707 3273 quoniam
1733 3219 1804 3258 ne
1832 3204 1993 3274 apud
2019 3221 2215 3259 socor-
2250 3189 2291 3244 C

565 3288 763 3343 diores
777 3288 1020 3358 quidem
1042 3291 1370 3344 monachOs
1386 3290 2040 3364 monasteriorum,quae
2053 3299 2216 3348 extra

567 3381 722 3452 sunt,
757 3377 1004 3452 inveniri
1038 3377 1330 3445 ingluvies
1359 3380 1550 3448 possit
1575 3385 1677 3434 aut
1706 3380 1822 3434 alia
1848 3383 2146 3452 quaedam
2181 3399 2217 3437 a

567 3449 995 3519 consuetudine
1027 3451 1252 3528 eorum,
1295 3467 1396 3536 qui
1444 3467 1499 3519 in
1548 3467 1671 3521 istis
1704 3467 1847 3523 locis
1867 3449 2214 3538 imorantur,

568 3553 803 3608 diversa
835 3553 1068 3607 vivendi
1102 3554 1363 3618 libertas,
1393 3571 1528 3610 cum
1561 3561 1802 3627 propter
1835 3559 2096 3628 inopiam
2133 3576 2217 3614 re-

568 3658 703 3697 rum
735 3643 1228 3705 necessariarum,
1275 3648 1397 3698 tum
1431 3651 1671 3716 propter
1709 3645 1896 3700 zelum
1943 3648 2038 3702 Dei
2071 3648 2218 3705 inter

572 3747 694 3795 eos,
711 3731 812 3802 qui
834 3731 909 3785 ibi
927 3731 1221 3798 habitant,
1241 3748 1605 3805 unoquoque,
1621 3750 1856 3806 semper
1875 3737 2214 3808 proximum

569 3819 748 3876 variis
773 3819 923 3874 vitae
947 3821 1226 3876 institutis
1250 3823 1482 3877 vincere
1501 3825 1916 3882 contendente.
1932 3829 2120 3898 Atque
2139 3829 2214 3883 ad

572 3909 752 3965 aliam
784 3909 962 3979 hujus
991 3910 1098 3964 viri
1125 3912 1598 3968 exercitationem
1623 3915 1786 3984 quod
1818 3923 2062 3986 spectat,
2093 3918 2218 3988 ipse

569 3998 879 4054 dicebatur
909 3997 1159 4054 adsidue
1203 4000 1259 4054 in
1293 4002 1507 4056 exstasi
1537 4018 1685 4070 esse,
1734 4009 1788 4058 et
1836 4006 2043 4075 majori
2078 4013 2218 4060 tem-

569 4103 710 4158 pore
731 4088 847 4142 Deo
882 4088 1072 4156 magis
1099 4104 1282 4159 quam
1309 4089 1482 4145 rebus
1509 4093 1749 4147 terrenis
1779 4095 2078 4166 occupari.
2106 4098 2220 4150 Nec

569 4191 764 4248 pauca
796 4177 1061 4232 feruntur
1094 4178 1380 4235 miracula
1410 4181 1487 4236 ab
1515 4198 1582 4237 eo
1617 4189 1872 4252 peracta.

641 4265 1021 4320 Libidinosus
1065 4267 1313 4338 quidam
1354 4269 1557 4335 homo,
1611 4274 1938 4344 Aegyptius
1981 4289 2215 4342 genere,

571 4359 778 4424 captus
791 4359 915 4409 erat
931 4371 1136 4410 amore
1159 4359 1472 4427 cujusdam
1491 4361 1741 4430 pudicae
1766 4362 2047 4429 mulieris,
2063 4380 2218 4436 quae

572 4442 698 4496 viro
739 4450 1039 4513 nupserat.
1075 4446 1267 4511 Quum
1309 4447 1602 4504 desiderio
1647 4449 2040 4522 frustraretur,
2075 4469 2220 4509 con-

2321 535 2386 583 τὰ
2437 535 2714 604 σύμπαντα
2761 534 2846 588 ἔτη
2907 529 3202 586 ἐνενήκοντα
3241 531 3288 572 ³ο
3321 548 3333 560 ·
3363 525 3574 580 ἀνελθὼν
3626 531 3711 598 μὲν
3764 547 3894 600 τριαο

2321 625 2598 681 κονταέτης
2640 625 2897 693 νεώτερος,
2967 623 3056 669 καὶ
3118 616 3165 668 ἐν
3240 625 3301 688 τῇ
3373 616 3544 690 ἐρήμῳ
3620 623 3893 678 πεποιηκὼς

2323 709 2360 772 ξ’
2393 713 2478 767 ἔτη
2531 712 2572 746 ¹¹
2613 731 2624 743 ·
2660 711 2890 779 τοσαύτη
2946 706 3216 780 ἐχρήσατο
3242 710 3488 780 καρτερίᾳ
3535 710 3698 757 πόνων
3737 705 3895 762 ἀσκη-

2321 808 2495 863 τικῶν,
2530 803 2592 859 ὡς
2642 799 2712 860 εἰς
2760 795 2888 850 δέκα
2917 800 3000 854 ἔτη
3034 804 3213 848 τοῦτον
3243 797 3287 830 ¹³
3333 795 3524 854 πολλῆς
3553 799 3638 846 καὶ
3687 794 3899 866 μεγάλης

2324 888 2607 950 ἀξιωθῆναι
2649 885 2984 958 διακρίσεως,
3027 887 3160 938 ὥστε
3189 885 3460 936 καλεῖσθαι
3511 883 3662 934 αὐτὸν
3711 880 3898 934 παιδα-

2320 983 2622 1051 ριογέροντα
2661 974 2754 1028 διὰ
2793 980 2849 1027 τὸ
2902 978 3083 1028 θᾶττον
3137 982 3237 1035 τῆς
3292 974 3496 1034 ἡλικίας
3551 981 3661 1032 ταῖς
3707 971 3897 1043 ἀρεταῖς

2322 1066 2606 1138 προκόψαι,
2665 1065 2784 1117 ἑτῶν
2814 1068 2913 1137 γὰρ
2972 1065 3030 1134 μ’
3081 1068 3348 1135 γενόμενος
3391 1063 3438 1098 ³³
3468 1067 3557 1114 καὶ
3596 1063 3729 1112 κατὰ
3765 1079 3900 1112 πνευ-

2322 1157 2494 1227 μάτων
2539 1154 2712 1207 ἔλαϐεν
2759 1154 3156 1216 ἐξουσιαστικὴν
3206 1149 3428 1223 δύναμιν
3459 1157 3548 1203 καὶ
3591 1152 3831 1224 χάρισμα
3859 1150 3899 1184 ³⁸

2325 1245 2554 1317 ἰαμάτων
2623 1249 2712 1296 καὶ
2777 1250 2978 1314 πνεῦμα
3031 1241 3363 1316 προρρήσεων
3423 1246 3512 1292 καὶ
3565 1247 3656 1301 τῆς
3709 1237 3901 1310 ἐντίμου

2325 1337 2602 1408 ἰερωσυνης
2659 1332 2979 1394 κατηξιώθη.
3036 1335 3202 1401 τούτῳ
3260 1338 3495 1388 συνῆσαν
3541 1326 3637 1381 δύο
3689 1328 3903 1399 μαθηταὶ

2322 1424 2394 1485 εἰς
2440 1429 2527 1481 τὴν
2583 1419 2866 1480 ἓνδοτάτην
2935 1423 2978 1456 ³⁵
3028 1424 3217 1494 ἔρημον
3276 1424 3368 1478 τὴν
3418 1420 3735 1489 καλουμένην
3787 1423 3905 1473 Σκῆ-

2322 1533 2400 1564 τιν
2433 1515 2514 1548 ¹⁶ο
2551 1512 2575 1563 ὁ
2621 1515 2710 1582 μεν
2741 1512 2809 1570 εἰς
2858 1512 2902 1545 ³⁷
2938 1509 3152 1567 πλησίον
3188 1508 3348 1560 αὐτοῦ
3398 1505 3458 1566 ἧν
3503 1510 3549 1543 ³⁸
3591 1504 3683 1558 διὰ
3710 1508 3820 1564 τοὺς
3864 1505 3903 1538 ¹⁹

2325 1607 2440 1675 περὶ
2470 1604 2741 1674 θεραπείας
2771 1603 2812 1636 ³⁰
2860 1599 3170 1672 ἐρχομένους
3211 1599 3254 1633 ³¹
3293 1618 3304 1629 ·
3333 1599 3357 1648 ὁ
3391 1594 3449 1650 δὲ
3496 1597 3647 1658 ἄλλος
3677 1593 3908 1665 ἀνεχώρει

2324 1692 2437 1743 κατ’
2473 1687 2612 1742 ἰδίαν
2671 1689 2847 1741 κέλλαν
2879 1691 2924 1723 ³³
2960 1706 2971 1717 ·
2997 1707 3191 1760 χρόνου
3227 1683 3284 1738 δε
3337 1685 3700 1757 προκόψαντος
3748 1679 3906 1754 διορα-

2325 1789 2451 1851 τικῷ
2513 1784 2706 1850 ὄμματι
2771 1778 2905 1849 λέγει
2970 1785 3040 1845 τῷ
3105 1777 3451 1849 ὑπηρετοῦντι
3513 1774 3652 1842 αὐτῷ
3714 1771 3906 1842 ὀνόματι

2327 1869 2559 1941 Ἰωάννῃ,
2594 1868 2665 1929 εἰς
2711 1867 2922 1938 ὕστερον
2965 1862 3022 1918 δὲ
3072 1869 3116 1900 ³³
3163 1869 3414 1935 γενομένῳ
3467 1862 3795 1937 πρεσϐυτέρῳ
3845 1857 3907 1917 εἰς

2327 1963 2410 2010 τὸν
2465 1963 2616 2010 τόπον
2658 1965 2747 2008 τοῦ
2803 1955 2952 2026 ἁγίου
2988 1974 2999 1987 ·
3057 1957 3283 2006 ἄκουσόν
3333 1973 3431 2025 μου
3488 1964 3584 2015 τῆς
3633 1953 3905 2011 νουθεσίας,

2327 2044 2531 2118 ἀδελφέ,
2582 2041 2764 2103 ἐπειδὴ
2819 2045 3054 2119 πειράζει
3105 2063 3161 2095 σε
3199 2047 3258 2095 τὸ
3293 2051 3498 2113 πνεῦμα
3547 2051 3636 2102 τῆς
3682 2039 3908 2112 φιλαργυ-

2324 2141 2460 2210 ρίας,
2503 2136 2635 2187 οὕτω
2687 2137 2787 2208 γὰρ
2838 2133 2937 2204 ἑγὼ
2991 2133 3194 2206 ἑώρακα
3241 2138 3331 2183 καὶ
3364 2129 3512 2199 οἶδα,
3556 2134 3655 2197 ὅτι,
3713 2129 3791 2180 ἐάν
3820 2145 3908 2198 μου

2325 2225 2569 2297 ἁνάσχῃς
2625 2233 2713 2283 τῆς
2766 2223 3162 2295 παρακλήσεως,
3210 2221 3531 2294 τελειωθὴση
3588 2219 3635 2272 έν
3680 2227 3746 2288 τῷ
3792 2219 3909 2287 ἔργῳ

2325 2323 2417 2366 τοῦ
2477 2322 2609 2367 Θεοῦ
2672 2313 2720 2364 ἐν
2776 2321 2844 2382 τῷ
2898 2316 3039 2382 τόπῳ
3087 2315 3252 2383 τούτῳ
3311 2316 3399 2362 καὶ
3454 2307 3768 2378 δοξασθήσῃ
3833 2307 3911 2355 καὶ

2323 2403 2520 2476 μάστιξ
2549 2403 2642 2453 οῦκ
2690 2405 2853 2472 ἓγγιεῖ
2896 2411 2964 2470 τῷ
3002 2403 3049 2435 ³⁸
3084 2405 3390 2472 σκηνώματί
3433 2418 3554 2465 σου,
3599 2397 3682 2450 ἐὰν
3721 2392 3777 2448 δε
3822 2411 3910 2464 μου

2325 2495 2687 2568 πὰρακούσης,
2734 2498 2824 2542 τοῦ
2873 2491 3024 2551 Γιεζῆ
3084 2490 3194 2553 ἣξει
3225 2488 3304 2541 ἐπὶ
3348 2493 3404 2542 σε
3462 2493 3533 2542 τὰ
3562 2487 3703 2552 τέλη,
3754 2483 3809 2536 οὗ
3836 2485 3914 2533 καὶ

2322 2587 2378 2634 τὸ
2410 2584 2574 2642 πάθος
2604 2589 2790 2644 νοσεῖς,
2823 2585 2911 2632 καὶ
2944 2588 3109 2631 ταῦτα
3147 2583 3237 2650 μὲν
3283 2583 3380 2651 πρὸ
3431 2578 3466 2630 ε’
3515 2578 3637 2631 ἐτῶν
3685 2582 3774 2635 τῆς
3820 2589 3914 2623 κοι-

2323 2677 2520 2742 μήσεως
2583 2679 2672 2722 τοῦ
2714 2670 2862 2740 ἁγίου
2927 2672 3152 2740 εἴρηται,
3211 2673 3298 2719 καὶ
3366 2670 3500 2738 μετὰ
3561 2666 3690 2719 ἄλλα
3742 2660 3790 2714 ιε’
3836 2661 3910 2713 ἔτη

2323 2762 2482 2819 οὕτως
2538 2758 2862 2830 ἐλεφαντίασε
2937 2758 3315 2828 νοσφισάμενος
3380 2775 3446 2807 τα
3501 2764 3601 2808 τῶν
3670 2757 3902 2820 πτωχῶν,

2323 2853 2385 2908 ως
2439 2853 2510 2919 μὴ
2573 2849 2843 2918 εὑρεθῆναι
2900 2845 2946 2898 ἐν
2996 2855 3067 2916 τῷ
3131 2852 3333 2917 σώματι
3390 2845 3554 2897 αὐτοῦ
3615 2842 3842 2914 ἀκέραιον
3872 2835 3911 2868 ³⁵

2321 2958 2498 3002 τόπον,
2531 2938 2576 2988 ἐν
2609 2938 2647 3007 ᾧ
2681 2957 2755 2996 τις
2795 2933 3048 2988 δάκτυλον
3080 2935 3237 2997 πήξοι
3271 2937 3316 2970 ³⁶
3345 2957 3354 2966 -
3391 2939 3480 2986 καὶ
3517 2935 3677 2992 οὕτως
3729 2929 3807 2981 ἐπὶ
3836 2927 3912 2977 τὸν

2323 3029 2686 3100 παρακούοντα
2716 3027 2758 3060 ³⁷
2810 3026 2839 3083 ἡ
2893 3029 3185 3096 προφητεία
3239 3031 3328 3075 τοῦ
3371 3023 3529 3094 ἁγίου
3573 3021 3911 3091 πεπλήρωταιο

2326 3121 2450 3187 Περὶ
2497 3119 2587 3186 μὲν
2638 3112 2724 3166 οὖν
2783 3112 3026 3186 βρώσεως
3081 3118 3171 3164 καὶ
3239 3118 3440 3172 πόσεως
3503 3114 3741 3186 περιττὸν
3809 3105 3912 3156 ἐστι

2327 3202 2653 3275 διηγεῖσθαι,
2698 3204 2850 3254 ὁπότε
2891 3200 3013 3254 οὐδὲ
3067 3204 3210 3274 παρὰ
3249 3209 3358 3263 τοῖς
3402 3201 3777 3273 ῥᾳθυμοτέρως
3826 3197 3913 3242 τῶν

3164 3292 3433 3362 εὑρεθῆναι
3512 3288 3812 3360 ἀδηφαγίαν
3882 3277 3906 3333 ἦ

2327 3382 2484 3440 οῖλλην
2539 3384 2655 3434 τινὰ
2703 3377 3035 3454 ἀδιαφορίαν,
3088 3381 3117 3439 ἦ
3169 3383 3311 3451 παρὰ
3367 3386 3469 3440 τοῖς
3519 3375 3668 3432 οὖσιν
3725 3373 3771 3425 ἐν
3821 3373 3916 3422 τοῖς

2326 3294 2420 3356 ἔξω
2493 3297 2854 3366 μοναστηρίων
2929 3294 3068 3343 ἔστιν

2327 3477 2498 3532 τόποις
2528 3473 2755 3534 ἐκείνοις,
2810 3476 2898 3522 καὶ
2949 3465 3043 3522 διὰ
3091 3471 3137 3504 ³⁸
3181 3473 3268 3527 τὴν
3304 3470 3508 3526 σπάνην
3562 3475 3660 3519 τῶν
3712 3465 3913 3534 χρειῶν.

2327 3566 2415 3611 καὶ
2468 3557 2561 3611 διὰ
2639 3563 2724 3610 τόν
2777 3561 2907 3610 κατὰ
2968 3561 3095 3612 Θεὸν
3149 3557 3303 3617 ζῆλον
3372 3565 3470 3608 τῶν
3555 3552 3915 3608 κατοικούντων

2329 3649 2448 3712 ἐκεῖ,
2504 3647 2580 3700 ἀεὶ
2625 3652 2756 3722 πρὸς
2787 3647 3037 3709 ἀλλήλους
3082 3650 3123 3681 ³ο
3157 3647 3386 3698 ἑκάστων
3429 3643 3842 3717 φιλονεικούντων
3875 3631 3916 3663 ³⁰

2329 3737 2650 3810 ὑπερϐαίνειν
2726 3741 2811 3789 τὸν
2886 3737 3108 3794 πλησίον
3167 3744 3277 3796 ταῖς
3319 3737 3358 3770 ³¹
3442 3733 3719 3808 διαφόροις
3783 3721 3919 3778 πο)-ι’

2328 3833 2490 3890 τείαις
2522 3829 2567 3862 ³³
2597 3847 2608 3861 ·
2639 3831 2756 3899 περὶ
2811 3823 2868 3879 δε
2898 3827 2944 3860 ³³
2978 3834 3067 3886 τῆς
3099 3825 3258 3885 ἄλλης
3307 3823 3588 3885 ἀσκήσεως
3633 3827 3722 3873 τοῦ
3754 3815 3916 3883 ἁγίου,

2329 3917 2476 3979 οὗτος
2507 3915 2701 3987 ἐλέγετο
2765 3912 3108 3976 ἁδιαλείπτας
3168 3916 3213 3948 ³⁸
3259 3912 3572 3975 έξίστασθαι
3624 3912 3712 3961 καὶ
3742 3897 3918 4000 μᾶλλοξ

2327 4015 2396 4077 τῷ
2449 4008 2640 4059 πλείονι
2670 4011 2845 4080 χρόνῳ
2883 4001 3315 4078 προσδιατρίϐειν
3355 4005 3400 4038 ³⁵
3464 4011 3580 4072 Θεῷ
3629 4001 3658 4057 ἡ
3710 3998 3810 4050 τοῖς
3838 3987 3904 4080 ﬁli

2329 4097 2542 4171 οὐρανὸν
2600 4104 2906 4170 πράγμασιν
2942 4095 3039 4147 ὀὗ
3087 4099 3176 4145 καὶ
3232 4091 3462 4166 διάφορα
3516 4096 3754 4165 φέρονται
3801 4075 3920 4131 θαῦτ

2328 4205 2470 4258 ματα
2502 4187 2570 4238 ³⁸.
3872 4251 3880 4262 ,

2398 4278 2634 4336 Ἀσωτος
2706 4292 2786 4335 τις
2844 4273 2971 4345 ἀνὴρ
3031 4271 3317 4343 Αἰγύπτιος
3373 4269 3615 4343 ἐρασθεὶς
3683 4265 3915 4350 γυναικος

2328 4362 2594 4438 ὑπάνδρου
2646 4368 2736 4415 καὶ
2793 4368 3047 4435 σώφρονος
3094 4365 3182 4413 καὶ
3227 4359 3508 4430 ἀποτυχὼν
3578 4362 3672 4410 τοῦ
3727 4356 3916 4400 σκοπου

2329 4455 2700 4529 προσωμίλησε
2751 4457 2906 4522 γόητι
2957 4449 3116 4519 λέγων
3145 4466 3158 4478 ⁸
3203 4452 3424 4520 ἔργασαι
3480 4455 3542 4520 τῇ
3591 4447 3751 4529 τέχνη

572 4531 731 4586 venit
781 4548 1045 4601 magum,
1091 4536 1226 4590 cui:
1264 4539 1393 4602 Fac,
1441 4539 1648 4609 inquit,
1685 4547 1808 4595 arte
1840 4549 1958 4606 tua,
2007 4549 2108 4597 aut
2157 4547 2212 4598 ut

2329 4544 2357 4603 ἣ
2422 4546 2503 4595 ἱνα
2555 4542 2807 4613 ἀγαπήσῃ
2864 4558 2943 4610 με,
3002 4540 3030 4596 ἦ
3085 4539 3166 4589 ἵνα
3213 4537 3343 4610 ῥίψῃ
3391 4538 3432 4571 37
3497 4536 3659 4590 αὑτήν
3719 4526 3743 4576 ὁ
3796 4529 3914 4612 uane

573 4626 732 4676 amet
758 4637 873 4687 me,
904 4630 1006 4677 aut
1035 4630 1096 4678 ut
1137 4626 1384 4680 maritus
1413 4643 1544 4681 eam
1583 4627 1740 4684 foras
1776 4630 1988 4700 ejiciat.
2018 4633 2218 4701 Magus

571 4725 727 4780 quae
742 4717 1566 4786 poteratexpertus,quoniam
1579 4725 1799 4774 castum
1815 4721 1944 4790 ejus
1959 4722 2218 4776 animum

573 4799 879 4855 dimovere
903 4817 1021 4856 non
1056 4812 1272 4873 posset,
1293 4805 1503 4871 effecit,
1540 4813 1598 4863 ut
1629 4825 1786 4880 equa
1813 4810 2218 4876 videreturiis,

575 4890 678 4962 qui
714 4905 848 4946 eam
893 4891 1299 4952 intuebantur.
1333 4898 1568 4952 Maritus
1593 4913 1736 4969 ergo
1768 4899 1894 4970 ejus
1929 4900 2027 4954 ubi
2060 4899 2219 4956 foras

2330 4633 2457 4691 αὐτῆ
2473 4654 2511 4697 ς,
2546 4637 2634 4683 καὶ
2677 4628 2841 4682 λαϐὼν
2874 4630 2898 4679 ό
2930 4631 3057 4698 γόης
3102 4631 3160 4679 τὸ
3191 4629 3363 4678 ἱκανὸν
3393 4626 3516 4697 παρ’
3549 4619 3706 4677 αὑτοῦ
3736 4612 3806 4712 ⁸⁸ζ
3833 4617 3917 4654 καί

2330 4728 2400 4794 μὴ
2457 4719 2701 4780 δυνηθεὶς
2756 4724 3088 4790 μεταστῆσαι
3137 4719 3222 4768 τὸν
3279 4721 3518 4786 σώφρονα
3573 4715 3688 4763 νοῦν
3745 4698 3916 4790 uritis.

2331 4809 2740 4885 παρασκευάζει,
2799 4809 2866 4868 ὡς
2913 4802 3154 4877 φορϐάδα
3201 4805 3247 4840 ³³
3299 4803 3460 4860 αὐτὴν
3501 4793 3772 4874 φαίνεσθαι
3807 4791 3920 4885 :0.“

2334 4865 2524 4969 ὁρωσιν
2555 4920 2567 4932 ·
2610 4901 2701 4949 καὶ
2732 4864 2941 4958 ἐξελθὼν
2977 4864 3161 4957 ἔξωθεν
3211 4895 3236 4945 ὀ
3282 4892 3408 4961 ἀνὴρ
3462 4895 3625 4948 αὐτῆς
3673 4881 3759 4932 καὶ
3803 4864 3920 4922 ἰδὼν

1922 5017 2005 5073 VA
2018 5020 2177 5073 RIAE
2217 5017 2618 5072 LECTIONES.

649 5119 1127 5212 ξδιηγησομαιι
1175 5145 1296 5212 οΑω.
1331 5131 1395 5185 Β.
1430 5131 1450 5164 ³
1485 5137 1520 5184 Β
1550 5132 1753 5193 οὗτος.
1798 5134 1843 5169 ιο
1875 5139 1910 5185 Β
1951 5131 2345 5192 ἐνενήκοντα
2383 5134 2517 5188 ἔτη.
2563 5131 2603 5166 ¹¹
2648 5134 2705 5212 Β,
2733 5125 2781 5178 έν
2821 5124 3114 5212 ,ῖῇλέρημῷ
3157 5128 3414 5212 ,πεποίπ
3543 5109 3924 5212 ἐξὲξ,ίίἽέ

574 5173 887 5272 ξξρκονέα
925 5173 1055 5258 ετξ.
1116 5202 1160 5236 ³³
1193 5202 1378 5268 Coni.,
1421 5211 1657 5256 τοῦτον
1698 5173 1818 5260 όω.
1855 5212 1907 5268 Β,
1943 5207 1985 5259 Α
2018 5173 2277 5257 τοῦτου.
2323 5205 2369 5240 ³⁸
2403 5210 2437 5255 Β
2467 5173 2716 5272 γεγον-εὐ
2738 5219 2775 5259 ς·
2821 5173 3425 5272 ¹⁸ἈΓχΓοίρίσματσξ
3462 5197 3507 5231 is
3543 5173 3884 5272 31.119091:

576 5266 959 5347 ένδοδάτην.
1022 5274 1131 5324 ¹⁶Β
1190 5266 1458 5332 σκητην,
1511 5277 1555 5310 ³⁷
1593 5282 1763 5328 Βκαὶ
1811 5266 1978 5347 ὁμεν
2024 5277 2127 5336 εἷς.
2165 5279 2211 5312 ³⁸
2263 5282 2297 5326 Β
2354 5266 2500 5347 ῳκα.
2555 5266 2598 5306 ³9
2651 5268 2762 5347 διά
2799 5273 2960 5347 ιῖφὺς
3000 5266 3247 5347 ﬁnal}.

3305 5237 3737 5322 ﬁmum
3796 5237 3923 5322 153?."

580 5310 959 5329 -vvvvv~-uv-
1097 5310 1131 5324 υ
1190 5310 1458 5332 υκσιισισ.
1595 5310 1763 5328 UA“!
1811 5310 1836 5328 V
1918 5310 1977 5328 ι’
2024 5310 2127 5336 τοις·
2167 5310 2180 5312 '
2265 5310 2297 5326 υ
2354 5310 2500 5344 ⁸7⁸⁷⁸⁸⁸·
2651 5310 2762 5323 ’⁵⁸⁵
2818 5310 2960 5329 """
3015 5310 3135 5323 vw'
3194 5310 3247 5320 ”’
3392 5310 3661 5322 ⁵⁴““”“’“’

580 5345 909 5421 θεραπίας,
947 5352 982 5397 Β
1019 5348 1171 5418 πρὸς
1233 5347 1598 5418 θεραπείαν.
1658 5351 1698 5384 ²¹
1753 5355 1784 5399 Β
1831 5310 1947 5399 τὲν
2017 5347 2402 5421 ἐρχομένων.
2461 5346 2505 5378 ³³
2553 5349 2588 5394 Β
2645 5342 2760 5393 κατ’
2796 5339 2935 5421 ἰξίαν
2971 5340 3040 5401 εἰς
3073 5339 3273 5421 κέλλαν.
3320 5340 3366 5374 ³⁸
3436 5335 3508 5421 διι
3558 5345 3677 5388 Οωο
3723 5327 3782 5421 Ῑξδ
3809 5310 3923 5421 ἳιξ

576 5411 661 5465 ἒν-
691 5423 792 5485 τῷ.
851 5418 895 5453 ³⁸
932 5424 964 5468 Α
1000 5411 1188 5490 ἀκαίρ
1215 5411 1375 5486 αιόν,
1423 5421 1461 5474 Β
1503 5421 1674 5490 ὑγιῆ.
1722 5422 1765 5454 ³⁸
1797 5423 1874 5474 Ex
1903 5411 2398 5483 (Iouini-«ﬁn,
2458 5423 2494 5468 Β
2537 5417 2752 5490 θήφοφ.
2789 5414 2832 5448 ³⁷
2867 5411 3134 5490 Emend,
3172 5417 3209 5464 Α
3243 5417 3277 5462 Β
3307 5411 3702 5490 παράκξῇδξῖξ

578 5502 700 5560 om.
738 5483 796 5542 Α.
823 5492 866 5524 ³9
899 5498 1022 5541 τῶν
1076 5483 1790 5560 κατοικοῦντων-πρὸς
1822 5490 2311 5560 ἀλλήλουςρω.
2349 5495 2404 5540 Β.
2438 5490 2483 5523 ³ο
2539 5483 3510 5560 Βᾷἑκάστου’φιλονεικοῦντος

3737 5387 3782 5425 ιε
3815 5375 3924 5432 διὰ

3541 5450 3598 5511 ᾗ-
3620 5450 3723 5526 Pro
3763 5458 3867 5508 ταῖς
3891 5450 3924 5495 Β

578 5557 648 5613 ἐν·
683 5559 724 5596 ⁸³
754 5567 837 5612 ΑΒ
862 5562 1014 5614 πολι
1036 5581 1109 5614 τα
1132 5569 1283 5625 ίαις-
1315 5530 1562 5619 νη(501⁵1⁸
1615 5530 1812 5634 ABrrlzi.
1868 5563 1913 5597 3‘
1949 5530 1983 5616 Β
2013 5530 2523 5618 ὃτιῖἀδιαλείπτως.
2555 5558 2595 5591 ³⁵
2647 5565 2838 5634 Βλῇοο
2865 5530 3243 5634 σδὶξτρωξῑ
3272 5555 3317 5634 ῗδ
3350 5560 3386 5606 Β
3416 5535 3924 5634 ‘Edtii‘.i.9‘_h°§'sne

582 5611 2230 5718 [ἰείη.τοῦζίέῖὸῙλε-ἰζςνφορξάθ-ακμ-ετέϐλησθ-είσης
2281 5611 2621 5702 γυναικός.
2667 5629 2710 5664 ³⁷
2744 5611 2825 5684 Ex
2881 5611 3141 5692 coniq'A
3181 5625 3383 5699 ῥίψει,
3431 5631 3467 5676 Β
3497 5611 3756 5678 ἐκϐάλῃ·

581 5701 669 5756 ἀπ’
689 5701 879 5765 ἀύτοῦ.
915 5701 968 5746 ³³
987 5713 1031 5766 Α
1059 5701 1380 5786 φο’ράδα,’θι’
1395 5708 1481 5766 sic
1507 5701 1748 5780 ubique.
