4092 6256
214 236 307 291 181

220 354 473 414 αὐτὴννέν
525 358 762 427 σχήματι
825 345 1083 424 φορϐάδος
1137 346 1445 421 ἀπωδύρετο
1497 352 1587 401 καὶ
1626 347 1799 401 ἔκλαιε
1831 356 1872 406 Α

220 450 308 504 τήν
355 447 645 518 συμφοράν·
702 446 791 494 καὶ
853 439 1342 513 προσκαλεσάμενος
1401 442 1520 501 τοὺς
1569 438 1794 513 πρεσϐυ-

220 539 383 608 τέρους
427 543 516 595 τῆς
572 539 751 604 κώμης
804 528 1042 583 δείκνυσι
1093 529 1278 592 αὐτὴν,
1332 532 1422 581 καὶ
1479 525 1603 581 οὐδε
1647 529 1796 582 αὐτοὶ

218 631 430 682 συνῆκαν
482 628 538 675 τὸ
587 626 816 693 γεγονός,
873 624 964 671 καὶ
1006 621 1091 671 ἐπὶ
1139 625 1272 691 τρεῖς
1329 619 1526 692 ἡμέρας
1569 615 1797 690 μηδενός

211 715 524 783 γευσαμένης
574 710 762 773 αὐτῆς,
813 708 976 773 τέλος,
1034 708 1117 759 ἵνα
1160 703 1395 778 δοξασθῇ
1453 708 1478 758 ό
1533 710 1655 769 Θεὸς
1708 712 1796 760 τον

206 801 346 871 ἅγιον
392 800 576 865 αὐτοῦ,
620 798 771 856 ἀνέϐη
806 801 889 850 ἐπὶ
932 798 977 831 ⁸ο
1007 800 1092 848 τόν
1145 803 1261 847 νοῦν
1307 802 1398 848 τοῦ
1427 792 1636 868 ἀνδρὸς,
1670 795 1797 868 ἀγυι⁸

203 897 304 960 γεῑν
351 888 514 947 αὐτήν
563 890 606 925 ⁴¹
661 888 729 948 εἰς
771 891 863 944 τήν
916 888 1108 958 ἔρημον
1150 885 1196 919 ⁴²
1248 887 1372 957 πρὸς
1419 888 1506 937 τὸν
1535 885 1684 956 ἅγιον
1724 887 1793 939 ⁴³.

201 982 287 1030 καὶ
332 977 620 1051 φορϐιάσας
683 977 731 1011 ⁵⁴
827 976 991 1033 αὐτὴν
1055 977 1121 1036 ὡς
1176 974 1353 1039 ἵππον,
1418 974 1577 1035 οὕτως
1634 974 1797 1033 αὐτὴν

202 1071 407 1138 ἤγαγεν,
462 1069 586 1120 ἔνθα
622 1070 744 1137 ᾤκει
776 1067 802 1118 ό
854 1072 945 1115 τοῦ
987 1070 1121 1117 Θεοῦ
1168 1064 1459 1134 ἄνθρωπος,
1506 1068 1595 1116 καὶ
1636 1062 1684 1116 ἓν
1724 1072 1796 1135 τῷ

206 1155 491 1214 πλησιάσαι
538 1156 781 1226 λέγουσιν
830 1152 971 1223 αύτῷ
1024 1153 1073 1205 οἱ
1125 1148 1381 1223 ἀδελφοί’
1438 1156 1490 1204 τί
1543 1150 1647 1205 ὧδε
1703 1158 1798 1212 τήν

210 1240 438 1317 φορϐάδα
487 1248 736 1315 ἧγαγες;
777 1246 868 1294 καὶ
905 1240 1041 1313 λέγει
1092 1239 1277 1303 ἐκεῖνος
1308 1257 1320 1270 ·
1366 1241 1448 1292 ἵνα
1504 1240 1685 1315 ἂλεηθῇ
1731 1250 1793 1315 τῇ

208 1341 470 1406 προσευχῇ
503 1339 600 1385 τοῦ
631 1328 866 1385 δικαίου.
918 1331 967 1382 οἱ
1013 1326 1071 1382 δὲ
1110 1333 1241 1402 πρὸς
1280 1329 1435 1382 αὐτόν
1477 1331 1524 1365 ⁸⁵
1554 1346 1567 1361 ·
1606 1335 1657 1382 τί
1696 1334 1797 1405 γὰρ

201 1422 309 1493 ἔχει
329 1427 487 1474 κακόν
522 1438 537 1488 ;
570 1421 708 1492 λέγει
738 1419 915 1481 αὐτοῖς
949 1436 962 1449 ⁸
992 1418 1147 1487 αὕτη,
1186 1418 1247 1477 ἣν
1278 1420 1428 1490 ὁρᾶτε
1456 1420 1501 1454 ⁸⁸
1534 1417 1796 1492 φορϐάδα,

198 1511 225 1568 ἡ
266 1516 394 1581 γυνή
448 1529 551 1582 μου
594 1506 655 1569 ἦν
715 1511 744 1568 ἡ
803 1507 978 1573 ἀθλία,
1020 1512 1110 1559 καὶ
1159 1506 1252 1559 ούκ
1292 1504 1434 1573 οἶδα,
1478 1512 1530 1559 τί
1583 1515 1670 1559 νῦν
1711 1510 1800 1579 μὶν

198 1598 327 1658 αύτή
383 1600 426 1633 ⁴’¹
463 1615 475 1628 ·
522 1596 855 1669 ἀπεκαλύφθη
909 1593 968 1648 δε
1028 1603 1102 1666 τῷ
1133 1596 1265 1666 ἁγίῳ
1315 1597 1486 1648 πάντα
1529 1599 1597 1649 τὰ
1652 1616 1801 1668 γεγο-

194 1693 319 1741 νότα
358 1688 493 1759 αὐτῇ
540 1688 607 1752 ⁸⁸,
651 1691 738 1738 καὶ
770 1683 829 1745 ἦν
870 1682 1112 1757 δεόμενος
1152 1692 1243 1737 τοῦ
1284 1692 1418 1739 Θεοῦ
1456 1690 1576 1758 περὶ
1616 1686 1799 1747 αὐτῆς.
1834 1704 1877 1760 Β

197 1780 244 1830 οὶ
312 1772 373 1829 δε
442 1775 757 1835 ἀκούσαντες
813 1783 979 1827 ταῦτα
1028 1772 1344 1846 ἀναφέρουσι
1390 1781 1462 1844 τῷ
1534 1776 1803 1849 θεράποντι

195 1873 285 1918 τοῦ
332 1872 577 1939 Χριστοῦ
623 1868 878 1937 Μακαρίῳ
908 1863 1151 1935 λέγοντες,
1183 1864 1264 1914 ὅτι
1307 1859 1546 1934 φορϐάδα
1585 1865 1804 1917 ἐνταῦθά

197 1974 273 2017 τις
320 1958 541 2026 ἤγαγεν,
594 1953 729 2025 λέγει
781 1953 955 2013 αὐτοῖς
985 1969 997 1982 ·
1046 1954 1191 2023 ὑμεῖς
1241 1951 1359 2004 ἔστε
1406 1952 1575 2017 ἵπποι,
1616 1956 1666 2005 οἱ
1703 1962 1803 2005 τῶν

200 2045 363 2096 ἵππων
396 2047 526 2103 τοὺς
560 2042 857 2115 ὀφθαλμοὺς
884 2044 1094 2114 ἔχοντες
1128 2062 1139 2074 ·
1179 2043 1343 2098 εκείνη
1387 2036 1446 2094 δὲ
1475 2047 1605 2112 γυνή
1640 2040 1800 2110 ἐστιν,

196 2135 261 2193 ὡς
290 2135 544 2198 ἐκτίσθη,
578 2130 705 2183 ἀλλά
748 2136 900 2204 μόνον
948 2138 1102 2183 τοῦτο
1134 2134 1409 2202 φαινομένη
1454 2132 1499 2165 ‘9
1529 2149 1804 2203 μετασχη-

196 2224 526 2295 ματισθείσα
600 2228 711 2281 τοῖς
786 2220 1070 2292 ὀφθαλμοῖς
1132 2227 1232 2271 τῶν
1294 2220 1654 2290 ἠπατημένων,
1714 2227 1803 2273 καὶ

195 2313 608 2385 προσαχθείσης
660 2308 823 2369 αὐτῆς
876 2309 1165 2379 εὐλογήσας
1208 2304 1351 2381 ὕδωρ
1412 2313 1501 2361 καὶ
1560 2308 1660 2361 ἀπὸ
1712 2329 1801 2362 κο-

196 2408 359 2473 ρυφῆς
410 2401 646 2470 ἐπιχέας
687 2403 817 2471 αὐτῇ
871 2406 1065 2469 γυμνῇ,
1124 2401 1213 2449 καὶ
1252 2396 1417 2468 εύχήν
1473 2403 1703 2460 ποιήσας
1754 2399 1802 2435 ⁵ο

199 2488 277 2541 ἐπὶ
322 2494 416 2548 τήν
472 2486 708 2560 κεφαλήν
757 2488 917 2548 αὐτῆς
968 2488 1036 2549 ⁵1,
1076 2494 1409 2560 παραχρῆμα
1460 2486 1615 2559 ἐφάνη
1670 2494 1803 2540 πᾶσι

195 2582 318 2650 γυνή
369 2580 679 2648 καθορῶσιν
727 2577 795 2641 ⁸³,
846 2579 935 2627 καὶ
984 2574 1240 2627 ἓκέλευσεν
1293 2575 1423 2646 αὐτῇ
1487 2571 1708 2635 δοθῆναι
1756 2579 1801 2612 ⁵³

198 2674 396 2738 φαγεῖν,
455 2667 679 2718 ὑπέθετο
729 2660 789 2717 δε
842 2663 970 2736 αὐτῇ
1020 2665 1045 2715 ὁ
1105 2670 1195 2715 τοῦ
1236 2671 1368 2717 Θεοῦ
1425 2665 1690 2737 ἄνθρωπος
1739 2666 1805 2719 εἰ·

198 2761 304 2807 πών
355 2772 368 2784 ·
402 2750 677 2826 μηδέποτε
716 2752 1030 2824 ἀπολειφθῇς
1074 2752 1121 2787 ⁸⁴
1166 2759 1257 2812 τῆς
1302 2761 1393 2804 τοῦ
1438 2760 1572 2806 Θεοῦ
1620 2753 1806 2812 ἐκκληο

203 2850 322 2906 σίας
368 2845 417 2879 ⁵⁸
448 2848 545 2896 καὶ
583 2851 679 2905 τῆς
717 2846 987 2903 κοινωνίας
1037 2849 1136 2893 τῶν
1184 2846 1490 2914 μυστηρίων
1530 2850 1622 2895 τοῦ
1680 2845 1806 2919 Χρι-

209 2940 332 2985 στοῦ
371 2934 418 2969 ⁸⁸

426 2977 439 3000 ,
485 2940 642 2985 τοῦτο
679 2935 780 3007 γάρ
832 2951 916 2983 σοι
963 2930 1150 2988 συνέϐη
1204 2929 1297 2984 διὰ
1331 2934 1387 2983 τό
1442 2934 1526 2985 ἐπὶ
1575 2934 1622 2968 ⁵⁷
1662 2937 1810 2987 πέντε

1770 225 1976 283 ACTA.

3451 231 3559 286 182

1908 352 2087 417 venit,
2106 353 2164 410 in
2184 352 2379 413 forma
2402 370 2593 428 equae
2614 372 2748 414 eam
2766 359 3163 431 conspicatus,
3179 356 3472 427 ingemuit
3492 370 3563 411 ac

1906 440 2066 498 ﬂevit
2092 442 2166 498 de
2192 444 2286 509 iis,
2331 461 2484 516 quae
2517 446 2877 504 acciderant.
2921 448 3159 504 Vocatis
3188 444 3406 501 deinde
3444 443 3562 499 vici

1908 531 2260 603 presbyteris
2281 549 2416 589 eam
2443 537 2724 603 ostendit,
2749 537 2850 591 sed
2879 553 2951 591 ne
2978 537 3035 592 hi
3054 535 3299 607 quidem
3324 549 3448 589 rem
3478 534 3560 587 in-

1909 620 2273 677 tellexerunt.
2332 625 2526 689 Quum
2568 625 2744 695 igitur
2784 626 2883 681 illa
2930 624 3121 680 tribus
3163 623 3376 679 diebus
3416 620 3564 676 nihil

1906 711 2155 766 omnino
2193 713 2573 780 comedisset,
2636 720 3006 786 postremum
3068 716 3223 768 Deus
3284 716 3561 766 sanctum

1908 816 2085 855 suum
2129 800 2558 872 glorificaturus
2612 805 3035 873 cogitationem
3092 802 3304 857 marito
3366 796 3567 870 injecit

1909 888 2171 944 adeundi
2210 906 2345 945 curn
2388 908 2460 946 ea
2502 898 2778 947 sanctum
2824 893 3012 947 virum
3068 890 3125 945 in
3187 888 3510 944 solitudine
3546 901 3559 951 ;

1907 993 2094 1050 quare
2135 979 2182 1033 is
2214 982 2473 1051 capistro
2505 980 2747 1052 ligatam
2783 986 2845 1036 ut
2874 995 3092 1052 equam
3126 978 3314 1046 duxit,
3347 976 3447 1031 ubi
3482 974 3568 1030 vir

1912 1070 2008 1125 Dei
2056 1069 2385 1125 habitabat.
2414 1070 2933 1141 Appropinquanti
2974 1068 3223 1124 fratres:
3268 1064 3440 1132 Quid,
3483 1064 3569 1119 in'

1908 1159 2143 1231 quiunt,
2175 1160 2291 1214 huc
2321 1174 2542 1232 equam
2574 1159 2877 1215 adduxisti
2911 1158 2940 1211 ‘1
2973 1157 3068 1213 llle
3100 1154 3459 1227 respondet:
3499 1155 3569 1209 Ut

1905 1247 2045 1318 justi
2077 1248 2344 1303 oratione
2378 1248 2849 1304 misericordiam
2882 1250 3305 1318 consequatur.
3357 1244 3429 1296 At
3456 1241 3517 1297 hi
3552 1262 3564 1293 :

1912 1337 2063 1402 Quid
2086 1337 2326 1393 tandem
2354 1338 2494 1393 mali
2516 1336 2746 1393 habet?
2776 1334 3146 1408 Respondet:
3176 1334 3353 1405 250
3388 1332 3564 1394 Haec,

1912 1443 2095 1499 quam
2126 1427 2335 1482 videtis
2368 1443 2606 1499 equam,
2633 1442 2769 1482 cara
2798 1442 2934 1482 mea
2965 1440 3117 1481 uxor
3142 1428 3284 1487 erat,
3314 1428 3392 1486 et,
3419 1419 3565 1492 quid

1908 1517 2036 1587 jam
2050 1518 2098 1571 ei
2112 1516 2926 1582 acciderit,nescio.Revelata
2941 1520 3129 1570 autem
3145 1516 3354 1567 sancto
3371 1509 3570 1566 omnia

1914 1612 2102 1674 erant,
2134 1622 2289 1678 quae
2322 1605 2543 1661 femina
2574 1609 2892 1677 pateretur,
2924 1609 2980 1660 et
3007 1605 3192 1658 Deum
3221 1600 3437 1657 orabat
3459 1613 3568 1669 pro

1914 1711 2003 1751 ea.
2042 1695 2124 1750 Illi
2159 1711 2298 1749 vero
2324 1711 2459 1748 cum
2486 1694 2594 1749 ista
2626 1693 3018 1755 audivissent,
3050 1692 3314 1745 referunt
3346 1687 3423 1744 ad
3449 1701 3569 1741 ser-

1916 1800 2059 1839 vum
2100 1783 2305 1839 Christi
2346 1783 2687 1845 Macarium,
2729 1781 2994 1836 dicentes
3029 1802 3041 1833 :
3080 1778 3306 1850 Equam
3346 1774 3566 1846 aliquis

1915 1873 2032 1929 huc
2071 1872 2340 1927 adduxit.
2375 1871 2601 1936 Quibus
2628 1871 2676 1926 is
2718 1887 2730 1922 :
2789 1873 2925 1933 Vos,
2965 1868 3178 1940 inquit,
3232 1864 3375 1921 estis
3405 1863 3563 1935 equi,

1916 1962 2016 2034 qui
2042 1977 2336 2035 equorum
2358 1962 2569 2017 oculos
2592 1959 2855 2027 habetis;
2881 1958 2979 2014 illa
2995 1963 3193 2012 autem
3215 1954 3437 2010 femina
3459 1957 3565 2016 est,

1917 2061 1980 2107 ut
1999 2057 2085 2107 est
2106 2057 2327 2114 creata,
2355 2057 2410 2106 et
2434 2051 2515 2105 ita
2542 2048 2966 2105 transformata
2990 2046 3177 2102 oculis
3205 2048 3439 2100 tantum
3465 2056 3567 2111 ap-

1917 2146 2083 2212 paret
2112 2155 2340 2205 eorum,
2364 2141 2464 2210 qui
2495 2146 2631 2193 sunt
2656 2137 2909 2209 decepti.
2948 2133 3166 2191 Deinde
3194 2148 3354 2204 aqua
3384 2130 3561 2186 bene-

1914 2230 2076 2285 dicta
2102 2230 2350 2295 nudam,
2378 2244 2564 2299 quam
2590 2226 2985 2291 adduxerant,
3018 2240 3052 2279 a
3079 2236 3319 2278 summo
3350 2218 3568 2275 vertice

1916 2318 2187 2390 aspersit,
2230 2332 2540 2389 quumque
2571 2332 2749 2385 super
2788 2320 2966 2385 caput
2997 2313 3124 2383 ejus
3157 2314 3432 2382 precatus
3474 2323 3564 2361 es-

1914 2410 2224 2475 set,statim
2240 2406 2522 2462 omnibus
2535 2422 2667 2461 eam
2681 2403 3021 2460 videntibus
3036 2401 3258 2457 femina
3270 2396 3569 2470 apparuit.

1915 2500 2104 2568 Atque
2147 2496 2231 2550 vir
2286 2495 2382 2550 Dei
2413 2495 2463 2550 ei
2505 2494 2704 2549 cibum
2738 2491 2962 2564 apponi
2996 2488 3204 2561 jussit.
3240 2486 3392 2541 Tum
3435 2500 3570 2541 eam

1915 2585 2285 2643 commonuit
2315 2584 2520 2639 dicens
2554 2598 2565 2637 :
2598 2582 2927 2653 Nunquam
2976 2594 3094 2635 non
3133 2590 3486 2647 compareas
3512 2573 3572 2627 in

1915 2672 2165 2729 ecclesia
2198 2672 2295 2727 Dei
2326 2677 2380 2727 et
2404 2671 2463 2725 in
2503 2671 2928 2726 communione
2961 2665 3387 2740 mysteriorum
3409 2660 3571 2717 Chri-

1920 2763 1991 2817 sti
2026 2780 2038 2829 ;
2073 2762 2220 2817 haec
2251 2761 2409 2815 enim
2444 2758 2548 2814 tibi
2579 2759 2945 2825 acciderunt,
2979 2754 3267 2830 quiajam
3302 2751 3573 2824 quinque

1919 2849 2403 2907 hebdomadibus
2424 2863 2544 2903 non
2566 2846 2867 2903 accessisti
2891 2846 2965 2901 ad
2990 2846 3343 2901 intemerata
3356 2838 3574 2897 Christi

1921 2939 2227 3012 mysteria.
2289 2942 2371 2994 Ita
2413 2953 2548 2993 eam
2575 2952 2822 3009 corpore
2855 2940 2909 2991 et
2952 2935 3159 2990 anima
3188 2936 3463 2987 sanatam
3490 2927 3577 2983 di-

212 3018 514 3094 ἑϐδομάδας
600 3025 673 3117 μή
746 3019 1181 3095 προσεληλυθέναι
1247 3039 1304 3073 σε
1364 3028 1469 3082 τοῖς
1524 3020 1811 3094 ἀχράντοις
1849 3059 1891 3117 C
1924 3029 2103 3085 misit.

214 3115 538 3185 μυστηρίοις.
572 3109 731 3172 οὕτως
773 3110 1051 3182 ἰασάμενος
1082 3109 1241 3168 αὐτὴν
1286 3114 1492 3182 σώματι
1532 3115 1622 3163 καὶ
1652 3110 1806 3186 ψυχῇ

216 3197 460 3252 ἀπέλυσεν
487 3199 669 3257 αύτήν.

286 3286 516 3357 Ἐλέγετο
575 3284 651 3352 δὲ,
699 3289 779 3340 ὅτι
835 3285 886 3339 ἐν
935 3294 1006 3357 τῷ
1064 3294 1248 3360 μακρῷ
1300 3294 1395 3347 τῆς
1455 3286 1595 3349 ζωῆς
1652 3288 1812 3343 αὐτοῦ

224 3378 397 3446 χρόνῳ
426 3377 658 3447 ὑπόγειον
696 3377 743 3411 ⁵³
791 3380 1023 3436 ποιήσας
1054 3378 1100 3411 ⁵⁸
1130 3378 1363 3448 σύριγγα
1388 3376 1680 3448 ὀρύγματος
1708 3377 1811 3431 ἀπὸ

227 3470 315 3522 τῆς
369 3463 549 3527 κελλης
600 3465 754 3517 αὐτοῦ
811 3461 1143 3536 ἡμισταδίου
1196 3464 1361 3536 μῆξος
1415 3466 1485 3526 εἰς
1546 3468 1603 3518 τὸ
1653 3468 1811 3541 οἷκρον

224 3547 474 3606 σπήλαιον
539 3549 848 3618 ἀπετέλεσεν,
906 3555 997 3602 καὶ
1064 3553 1108 3601 εἴ
1166 3568 1290 3602 ποτε
1367 3548 1594 3614 πλείονες
1670 3552 1811 3622 αύτῷ

216 3637 440 3709 ῶχλουν,
503 3649 746 3713 κρυπτῶς
799 3639 853 3692 ἐκ
924 3648 1016 3699 τῆς
1073 3638 1254 3699 κέλλης
1328 3638 1474 3702 ἐξιὼν
1533 3639 1687 3715 ἀπῄει
1740 3642 1811 3704 εἰς

212 3730 268 3778 τό
326 3728 581 3787 σπήλαιον
632 3734 723 3781 καὶ
785 3728 891 3800 ούχ
960 3729 1223 3800 εὑρίσκετο
1267 3744 1281 3758 ⁸

215 3811 306 3869 διὰ
364 3825 463 3880 τῆς
506 3821 759 3891 σύριγγος
790 3821 957 3870 εἴκοσι
1006 3821 1264 3889 τέσσαρας
1322 3817 1484 3870 ἐποίει
1514 3817 1678 3890 εὐχὰς
1718 3820 1809 3881 ἕως

207 3913 297 3959 τοῦ
330 3908 615 3971 σπηλαίου,
637 3912 728 3959 καὶ
759 3909 1037 3981 ἐρχόμενος
1071 3906 1221 3959 πάλιν
1249 3908 1457 3979 ὁμοίως.

276 4002 404 4069 Περὶ
442 3999 632 4049 τούτου
688 3995 864 4058 ἐξῆλθε
904 4002 1071 4069 φήμη,
1110 3998 1190 4048 ὅτι
1238 4000 1328 4047 καὶ
1367 3998 1543 4070 νεκρόν
1581 4000 1806 4070 ἤγειρεν,

208 4084 289 4136 ἶνα
334 4087 600 4160 αἱρετικὸν
638 4089 792 4157 πείσῃ
853 4090 925 4157 μὴ
987 4084 1341 4156 ὁμολογοῦντα
1371 4082 1661 4136 ἀνάστασιν
1709 4103 1808 4137 σω-

205 4174 381 4244 μάτων
411 4194 424 4207 ’
470 4179 562 4227 καὶ
604 4174 734 4232 αὕτη
774 4175 805 4232 ἡ
850 4178 995 4246 φήμη
1044 4175 1245 4248 ἐκράτει
1291 4178 1410 4245 περὶ
1450 4172 1609 4226 αὐτοῦ
1661 4174 1711 4225 ίν
1742 4181 1804 4246 τῇ

205 4261 381 4336 ερήμῳ
402 4266 475 4318 ⁸ο-

277 4358 380 4407 Kal
435 4353 617 4406 ἄλλοτε
664 4354 993 4427 προσενέχθη
1040 4352 1181 4422 αύτῷ
1214 4357 1479 4414 νεανίσκος
1525 4348 1808 4424 δαιμονιῶν

203 4445 348 4516 παρὰ
395 4450 493 4503 τῆς
535 4439 678 4504 ἰδίας
703 4416 933 4514 μητρός,
981 4439 1109 4494 δυσὶ
1152 4416 1449 4503 νεανίσκοις
1499 4416 1805 4512 συνθεδεμέ-
1844 4416 1889 4470 D

1343 3733 1433 3781 καὶ
1499 3730 1579 3781 ὅτι
1646 3728 1809 3782 ἀπιὼν

204 4549 286 4593 νος
316 4530 371 4595 ἕξ
409 4532 655 4605 ἑκατέρου
687 4536 875 4607 μέρους
908 4552 920 4565 ο
952 4532 1144 4589 ταύτην
1186 4526 1245 4583 δε
1275 4532 1319 4566 ⁶¹
1356 4535 1449 4589 τήν
1491 4533 1743 4604 ἐνέργειαν
1783 4531 1808 4581 ό

207 4616 415 4692 δαίμων
457 4618 599 4691 εἶχεν
629 4637 642 4649 ο
692 4627 847 4693 τριῶν
895 4615 1095 4691 μοδίων
1139 4620 1327 4691 ἄρτους
1372 4620 1543 4683 ἤσθιε,
1598 4622 1686 4671 καὶ
1734 4638 1812 4670 κι-

202 4708 429 4763 λικίσιον
506 4707 701 4771 ὕδατος
771 4712 935 4762 ἔπινεν
976 4726 989 4737 ·
1058 4707 1186 4782 άπερ
1243 4709 1291 4743 σί
1348 4708 1679 4779 ἐρευγόμενος
1741 4708 1810 4769 εἰς

206 4797 369 4871 ἀτμὸν
403 4799 477 4835 δί’
508 4796 679 4850 ἀνέλυε
718 4800 783 4850 τὰ
805 4796 1064 4870 βρώματα
1110 4799 1179 4858 ὡς
1218 4794 1319 4849 ἀπὸ
1360 4798 1407 4831 ⁸³
1433 4800 1597 4871 πυρὸς
1640 4792 1811 4849 δαπα-

206 4893 407 4960 νώμενα
438 4888 489 4924 δ”
518 4904 530 4917 ·
557 4889 671 4939 ἔστι
707 4888 806 4960 γάρ
845 4906 893 4938 τι
944 4883 1215 4957 δαιμόνιον
1262 4888 1439 4957 τάγμα
1475 4888 1688 4959 πύρινον
1734 4884 1813 4937 λε-

205 4981 443 5049 γόμενον,
489 4975 583 5028 ούκ
635 4975 821 5038 ούσίας
878 4974 1293 5047 μεταϐληθείσης
1338 4975 1406 5041 ⁸⁵,
1450 4972 1559 5027 ἀλλ’
1602 4977 1671 5037 ὡς
1719 4978 1809 5026 καὶ

1994 3145 2172 3200 Porro
2203 3142 2515 3198 dicebatur
2545 3138 2876 3213 posteriore
2916 3137 3072 3193 vitae
3117 3150 3261 3190 suae
3301 3138 3572 3203 tempore

1924 3233 2377 3289 subterraneum
2425 3230 2646 3287 fodisse
2702 3226 3046 3284 cuniculum
3080 3225 3139 3280 in
3169 3221 3402 3278 dimidii
3436 3234 3574 3293 spa-

1921 3324 2074 3379 tium
2099 3321 2297 3388 stadii,
2320 3326 2377 3377 et
2397 3319 2745 3392 speluncam
2774 3316 3089 3388 adjecisse.
3111 3312 3171 3370 Si
3192 3311 3439 3386 quando
3463 3309 3576 3380 igi-

1920 3429 1991 3469 ur
2040 3411 2382 3483 complures
2417 3410 2467 3465 ei
2514 3414 2684 3465 erant
2738 3407 2993 3470 molesti,
3061 3402 3288 3461 occulte
3344 3416 3376 3456 e
3419 3397 3573 3455 cella

1922 3518 2193 3571 egressus
2242 3500 2387 3556 abiit
2432 3499 2490 3555 in
2548 3500 2923 3566 speluncam,
2965 3495 3063 3559 ita,
3110 3498 3169 3548 ut
3215 3505 3393 3546 nemo
3433 3503 3571 3543 eum

1922 3590 2186 3647 iveniret.
2234 3589 2448 3645 Abiens
2489 3603 2625 3643 vero
2656 3602 2762 3659 per
2795 3584 3140 3641 cuniculum
3179 3579 3383 3650 viginti
3429 3592 3565 3650 qua-

1924 3685 2057 3735 tuor
2108 3679 2407 3734 orationes
2460 3676 2696 3732 dicebat
2744 3690 2932 3746 usque
2980 3672 3059 3728 ad
3099 3670 3475 3745 speluncam,
3520 3668 3577 3722 et

1922 3768 2157 3825 rediens
2189 3766 2455 3823 totidem.

1996 3905 2071 3958 De
2102 3917 2173 3958 eo
2202 3915 2444 3973 quoque
2475 3899 2637 3955 fama
2666 3898 2822 3964 exiit,
2855 3895 3020 3968 quod
3052 3897 3355 3950 mortuum
3387 3889 3573 3946 susci-

1920 3992 2075 4057 tarit,
2122 3994 2187 4045 ut
2232 3990 2608 4045 convinceret
2636 3987 3016 4052 haereticum,
3065 3983 3167 4054 qui
3198 3978 3576 4037 resurrectio-

1920 4096 2059 4136 nem
2109 4095 2427 4151 corporum
2476 4094 2593 4133 nou
2654 4075 3067 4149 proﬁtebatur.
3122 4070 3285 4140 Quae
3328 4066 3574 4141 quidem

1920 4169 2084 4226 fama
2114 4174 2396 4225 constans
2427 4166 2535 4223 fuit
2564 4166 2622 4221 in
2650 4163 2990 4221 solitudine.

1995 4349 2046 4420 2
2059 4349 2108 4421 5
2123 4350 2166 4418 1
2186 4346 2344 4403 Alias
2361 4346 2436 4401 ad
2451 4345 2640 4416 ipsum
2661 4347 2840 4399 mater
2852 4340 3101 4397 adduxit
3115 4336 3570 4400 adolescentem,

1920 4440 2074 4511 quia
2093 4440 2388 4492 daemone
2408 4435 2761 4499 vexabatur,
2785 4430 3069 4487 aduobus
3085 4425 3569 4482 adolescentibus

1922 4527 2219 4597 utrimque
2234 4522 2642 4580 constrictum.
2661 4524 2923 4591 Eamque
2940 4518 2999 4572 in
3015 4532 3154 4572 eum
3171 4516 3290 4569 vim
3309 4513 3570 4568 daemon

1920 4614 2201 4679 exercuit,
2239 4617 2298 4669 ut
2330 4613 2508 4669 trium
2541 4610 2882 4667 modiorum
2913 4622 3100 4679 panes
3126 4603 3484 4666 comederet,
3516 4607 3572 4656 et

1883 4722 1896 4738 ο
1920 4704 2248 4775 amphorae
2288 4700 2605 4756 Ciliciensis
2644 4714 2870 4772 aquam
2899 4696 3149 4752 biberet.
3200 4694 3360 4759 Quos
3408 4688 3577 4745 cibos

1920 4793 2134 4849 exinde
2169 4796 2445 4847 eructans
2482 4790 2543 4844 in
2575 4803 2856 4859 vaporem
2893 4783 3247 4848 resolvebat,
3282 4787 3572 4851 tanquam

1918 4883 2058 4952 igne
2071 4885 2582 4937 consumerentur.
2605 4876 2867 4932 Estenim
2886 4873 3036 4931 ordo
3057 4870 3307 4945 quidam
3325 4870 3573 4925 daemo-

1922 4986 2090 5038 num,
2113 4971 2214 5042 qui
2234 4970 2445 5041 igneus
2465 4972 2735 5031 vocatur,
2754 4964 2857 5037 qui
2878 4963 3125 5036 quidem
3147 4975 3267 5017 non
3290 4957 3572 5026 essentia,

1536 5063 1793 5119 VARIAE
1839 5060 2251 5118 LECTIONES.

276 5155 372 5228 f°B
396 5155 518 5228 sig:
586 5153 697 5228 “_B
722 5152 884 5228 αύτήν
914 5158 1077 5228 πρός
1106 5153 1319 5228 αὐτόν.
1397 5154 1445 5189 ⁴²
1547 5156 1786 5228 ἔριμον,
1815 5158 1871 5206 et
1896 5150 1978 5228 s_i_c
2004 5149 2123 5228 fere
2155 5147 2398 5228 ubique.
2478 5147 2524 5228 ‘3_
2558 5147 2715 5217 πρὸς
2748 5147 2856 5228 τόν
2896 5142 3228 5228 ἆγρρνοω.
3256 5140 3317 5193 Β.
3394 5137 3442 5172 ⁴⁸
3484 5134 3577 5191 Sic

215 5226 317 5279 AB.
397 5228 444 5262 ‘5
485 5226 608 5280 Βοὶ
640 5222 922 5279 διεῖπον.

214 5301 558 5369 φαινομένη
596 5300 632 5351 Β
672 5298 833 5349 οὕτω
875 5294 1296 5385 δεῖφαίνεται.

268 5368 279 5383 .
341 5378 363 5385 _
532 5373 542 5385 .
723 5373 735 5385 .
1058 5371 1068 5384 .
1203 5368 1242 5385 ..

1000 5227 1050 5261 ⁴⁶
1073 5232 1112 5278 Α
1141 5227 1394 5297 ὁρᾶται.
1444 5225 1519 5297 _"
1542 5225 1627 5279 ΑΒ
1655 5226 1835 5297 αὕτη.

1914 5222 2027 5275 ⁴⁸Α
2054 5219 2233 5292 αὐτῇ,
2267 5212 2303 5273 Β
2335 5218 2423 5278 εἰς
2454 5212 2679 5292 αὑτήν.-
2743 5216 2790 5251 ⁴⁹
2826 5212 3121 5292 Proerna:
3159 5215 3347 5283 μόνον
3386 5214 3576 5292 τοῦτο

1372 5296 1415 5330 ⁵ο
1444 5295 1556 5350 Pro
1607 5300 1714 5347 καὶ
1765 5293 1887 5375 ἀπό
1933 5282 2529 5375 κορφιῆςὲποιήσας
2577 5291 2612 5343 Β
2661 5286 2925 5375 ἐπέχεεν
2967 5282 3575 5375 ἐπὶὶιξήνὲκορυθήν

216 5350 413 5431 αὐτῆς.
442 5373 550 5422 καὶ
590 5373 869 5429 ποιήσας
908 5350 1122 5440 εὐχάς.
1201 5368 1244 5403 ⁸³
1280 5366 1479 5427 αύτῆς
1507 5382 1607 5422 om
1629 5371 1736 5440 Α,ῗῄ
1774 5367 1820 5440 1⁵³
1840 5350 2182 5440 -Ρι“ο-ἰ’φ’άνη
2224 5367 2386 5414 πᾶσι
2422 5350 2579 5431 γυνή
2621 5350 2984 5431 καθορῶσιν
3016 5357 3054 5410 Β
3093 5350 3337 5440 fiatﬁat;
3365 5350 3576 5406 αὐτὴν

215 5450 487 5507 γυναῖκα
515 5443 679 5493 κατὰ
718 5442 928 5513 φύσιν.
981 5435 1055 5475 ’³³
1084 5435 1360 5497 δοθῆναι
1389 5454 1509 5494 om.
1563 5442 1615 5493 Β.

218 5519 319 5563 τοῦ
357 5530 479 5569 om.
514 5515 572 5568 B.
653 5513 696 5548 ⁵⁷
745 5514 845 5565 ἓπὶ
884 5527 1005 5567 om.
1050 5513 1106 5566 Β.

1696 5438 1744 5472 ⁵⁸
1774 5434 2326 5505 Βάπολειφθῆναι.

1186 5511 1234 5547 ⁵⁸
1274 5509 1538 5569 Emend.,
1591 5512 1680 5565 AB
1728 5510 1978 5577 ὑπόγηον.

2406 5426 2453 5467 ⁵⁸
2483 5440 2593 5485 τοῦ
2632 5426 2798 5485 Θεοῦ
2826 5446 2949 5484 om.
2992 5432 3056 5481 Α.
3134 5426 3182 5461 ⁵⁸
3222 5432 3337 5478 τοῦ
3376 5430 3578 5495 Χρισ-

2058 5496 2104 5541 ⁵’⁹
2136 5508 2181 5560 Α
2230 5509 2495 5577 ποιήσῃ.
2576 5505 2617 5538 °°
2658 5505 2693 5556 Β
2722 5497 3170 5577 addithtitulum
3213 5498 3439 5577 suaet
3465 5496 3577 5577 τοῦ

223 5578 686 5656 δαιμονιῶντος
713 5584 821 5656 uti
858 5582 1057 5637 πολλά
1086 5563 1494 5656 marches."
1520 5563 1563 5617 δί
1592 5563 1695 5656 Βιᾯ
1722 5563 1966 5656 ταύτην
2009 5574 2075 5630 δὲ
2114 5579 2160 5632 Α
2195 5577 2349 5632 male
2378 5563 2742 5638 ὅς’ταύτην.
2821 5574 2867 5607 ⁸³
2901 5569 3122 5656 Βοέίπερ
3162 5572 3295 5619 καὶ.
3361 5563 3439 5600 ’δι’
3464 5563 3577 5616 Pro

222 5654 410 5728 ἀτμόν
446 5659 484 5714 Β
512 5655 673 5715 male
704 5655 915 5709 αὐτόν.
995 5656 1040 5691 ⁸³
1070 5656 1110 5710 Β
1139 5655 1285 5713 ύπό.

1370 5639 1417 5690 δέ
1449 5654 1635 5722 Corr.,
1658 5651 1749 5707 AB
1774 5648 2244 5722 δαπανόμεναι.
2322 5648 2369 5685 ⁸⁵
2402 5649 2584 5718 Corn,
2615 5648 2661 5701 A
2693 5647 2730 5700 Β
2753 5639 3036 5715 μεταϐλη
3058 5639 3283 5698 θήσης.
