4092 6252
569 273 667 331 183

1412 273 1516 330 SS.
1556 275 2045 334 MACABIORUM
2083 273 2417 331 AEGYPTII
2458 273 2545 329 ET
2582 273 3070 330 ALEXANDRINI

3798 273 3891 330 184

560 399 690 463 sed,
723 404 788 455 ut
814 399 874 454 in
903 399 1251 455 hominibus
1278 415 1519 473 quoque
1549 401 1865 469 invenitur,
1898 406 2096 459 mente
2121 417 2225 473 po-
2252 448 2254 453 ,

2336 399 2416 453 ἰπὶ
2480 398 2757 474 ἀνθρώπων
2816 405 3030 472 γνώμης
3082 399 3273 471 μᾶλλον
3340 397 3701 471 ἀλλοιουμένης
3724 418 3736 432 ⁸
3768 398 3907 460 οὗτος

561 490 676 545 tius
693 487 1001 543 diﬂ'erunt.
1030 489 1141 544 Iste
1164 488 1338 559 igitur
1358 488 1725 556 adolescens,
1752 491 1800 545 si
1824 507 1859 546 a
1890 495 2077 546 matre
2098 506 2221 546 non

562 578 705 634 satis
718 578 770 633 ei
785 576 1299 647 suppeditabatur,
1310 593 1487 647 saepe
1501 580 1802 651 propriam
1818 596 1990 636 suam
2005 579 2220 635 edebat

564 666 830 736 corporis
882 666 1268 735 egestionem,
1333 670 1388 721 et
1447 666 1658 723 lotium
1696 668 1961 725 bibebat.
2020 669 2216 724 Flente

564 759 754 810 matre
769 758 823 809 et
843 754 1228 818 lamentante,
1251 760 1648 828 sanctumque
1669 756 1839 812 enixe
1859 757 2212 820 obtestante,

564 845 745 899 istum
777 847 1020 899 sanctus
1060 843 1307 915 excepit,
1356 848 1413 899 et
1460 844 1716 916 suppLx
1758 862 1868 917 pro
1911 862 1982 901 eo
2031 849 2215 902 Deum

565 932 774 989 oravit.
808 936 887 987 Ac
913 936 1046 1002 post
1094 932 1247 987 duos
1289 932 1418 987 dies
1465 932 1749 989 miserum
1798 935 2057 991 daemon
2089 951 2217 990 cru-

566 1020 785 1077 ciatum
811 1020 1054 1076 remisit.
1074 1020 1237 1076 Tunc
1266 1021 1582 1093 matriejus
1608 1039 1619 1076 :
1646 1024 1965 1089 Quantum,
2000 1024 2211 1096 inquit,

564 1109 670 1172 vis,
698 1115 761 1163 ut
780 1109 1324 1174 comedat?0uam,
1347 1125 1535 1181 quum
1553 1110 1760 1167 decem
1785 1111 1970 1167 libras
1994 1111 2217 1182 signiﬁ-

567 1202 786 1262 casset,
836 1198 1189 1266 increpavit,
1230 1199 1374 1269 quia
1412 1199 1668 1255 nimium
1706 1201 1980 1266 dixisset;
2037 1206 2216 1272 atque

567 1288 782 1343 iterum
800 1300 979 1358 super
994 1286 1370 1342 adolescente
1392 1294 1666 1357 precatus
1679 1304 1817 1345 cum
1830 1290 1906 1360 jej
1919 1291 2058 1345 unio
2082 1305 2216 1362 sep-

565 1381 687 1431 tem
716 1373 951 1429 dierum
981 1374 1340 1432 daemonem
1370 1376 1652 1445 ingluviei
1683 1378 1756 1434 ab
1782 1394 1850 1434 eo
1879 1380 2117 1451 expulit,
2162 1384 2219 1436 et

568 1462 775 1519 cibum
800 1462 852 1517 ei
880 1462 1183 1518 constituit
1211 1464 1389 1520 trium
1430 1465 1719 1521 librarum
1751 1483 1994 1539 panem,
2034 1484 2217 1539 quem

571 1550 885 1607 comedere
915 1551 1176 1621 deberet,
1228 1554 1277 1607 si
1316 1559 1681 1625 operaretur.
1720 1559 1801 1611 lta
1832 1562 1889 1611 et
1917 1557 2078 1612 hunc
2105 1559 2219 1614 vir-

571 1644 693 1696 tute
718 1639 950 1695 divinae
980 1641 1204 1709 gratiae
1236 1647 1517 1698 sanatum
1542 1643 1712 1699 matri
1744 1645 2019 1701 reddidit.

2330 494 2498 542 τοίνυν
2541 494 2611 562 μὴ
2659 491 3039 563 ἐπαρκούμενος
3075 492 3219 565 παρὰ
3265 497 3359 549 τῆς
3408 492 3608 562 μητρὸς
3653 492 3743 546 τὴν
3774 484 3901 540 ἰδίαν

2328 584 2517 653 κόπρον
2556 577 2801 640 πολλάκις
2830 580 2985 636 ἤσθιε
3013 584 3101 630 καὶ
3140 582 3197 630 τό
3238 580 3286 614 ⁸³
3326 575 3475 651 οὖρον
3525 580 3677 645 ἔπινε,
3708 576 3901 629 κλαιού-

2330 687 2428 729 σης
2477 665 2564 721 οὖν
2604 670 2648 704 ⁸⁷
2705 676 2799 729 τῆς
2856 671 3051 741 μητρός
3095 673 3184 720 καὶ
3244 664 3562 741 ὀδυρομένης
3602 670 3687 718 καὶ
3732 666 3776 701 ⁸⁸
3820 670 3897 717 τὸν

2324 756 2470 827 ἅγιον
2525 758 2858 817 ἱκετευούσης
2904 756 3073 808 λαϐὼν
3113 756 3299 809 ἐκεῖνον
3342 758 3367 808 ό
3419 757 3580 827 ἅγιος,
3631 758 3717 807 καὶ
3763 753 3901 806 ἐπευ-

2324 846 2538 916 ξάμενος
2568 841 2707 915 αὗτῷ
2750 850 2840 897 καὶ
2880 846 2927 881 ⁶⁰
2969 848 3057 897 τόν
3090 848 3217 898 Θεὸν
3260 846 3494 897 ἱκετεύων
3534 842 3617 896 ἐπὶ
3648 839 3741 895 δύο
3782 843 3903 915 ἡμέ-

2322 954 2437 1008 ρας,
2486 934 2787 1006 ὑπελὼφησε
2841 941 2933 986 τοῦ
2985 930 3157 986 δεινοῦ
3207 935 3409 995 πάθους
3447 934 3473 985 ό
3520 928 3721 1005 δαίμων
3752 947 3764 959 ·
3800 934 3905 983 τότε

2322 1023 2457 1093 λέγει
2504 1031 2566 1095 τῇ
2608 1027 2770 1097 μητρὶ
2811 1022 2971 1074 αὐτοῦ
2999 1040 3011 1052 ·
3062 1027 3225 1075 πόσον
3267 1022 3424 1082 θέλεις
3472 1022 3554 1074 ἶνα
3584 1022 3728 1092 ἐσθίῃ
3765 1036 3778 1086 ;
3823 1025 3905 1071 καὶ

2323 1112 2487 1174 αὐτῆς
2533 1108 2662 1164 δέκα
2725 1111 2906 1184 λίτρας
2981 1112 3231 1174 εἰπούσης
3290 1110 3597 1183 ἐπετίμησεν
3672 1109 3796 1181 αὐτῇ
3844 1112 3907 1171 ὡς

2323 1201 2453 1255 πολὺ
2503 1201 2789 1275 εἰρηκυίας,
2828 1206 2919 1253 καὶ
2966 1200 3306 1273 ἐπευξάμενος
3352 1200 3506 1252 πάλιν
3549 1207 3622 1269 τῷ
3668 1203 3905 1268 νεανίσκῳ

2325 1292 2455 1363 μετὰ
2501 1294 2746 1347 νηστείαν
2791 1290 2877 1342 ἐπὶ
2933 1290 3062 1342 ἑπτὰ
3101 1293 3300 1363 ἡμέρας
3352 1288 3583 1353 ἐξέλασεν
3631 1287 3716 1340 ἀπ’
3758 1287 3905 1339 αὐτοῦ

2324 1383 2411 1432 τόν
2443 1376 2671 1452 δαίμονα
2696 1386 2792 1441 τῆς
2828 1379 3175 1452 πολυφαγίας,
3207 1384 3296 1431 καὶ
3327 1381 3545 1436 ἔστησεν
3584 1379 3628 1413 7°
3664 1376 3795 1447 αὐτῷ
3821 1379 3906 1433 τὴν

2324 1472 2518 1543 τροφὴν
2556 1474 2711 1541 τριῶν
2749 1468 2935 1543 λιτρῶν
2976 1470 3163 1541 ἄρτους
3189 1470 3258 1534 τι,
3301 1470 3369 1529 ὡς
3416 1466 3677 1541 ὀφείλοντα
3708 1464 3908 1540 ἐργαζό-

2326 1576 2473 1630 μενον
2510 1564 2664 1609 τοῡτο
2704 1556 2913 1613 ἐσθίειν.
2942 1558 3100 1617 οὕτως
3126 1553 3214 1611 οὖν
3242 1562 3332 1609 καὶ
3357 1564 3537 1609 τοῦτον
3565 1564 3627 1629 τῇ
3661 1563 3754 1616 τῆς
3782 1557 3906 1614 θείας

2328 1655 2550 1719 χάριτος
2567 1651 2839 1719 συνεργείᾳ
2860 1648 2880 1681 ⁷
2893 1652 2912 1682 ⁸
2928 1646 3204 1719 ἰασάμενος
3223 1648 3345 1718 ὑγιῆ
3362 1653 3423 1718 τῇ
3449 1650 3616 1720 μητρὶ
3645 1640 3912 1698 ἀπέδωκεν.

644 1727 806 1784 Talia
828 1729 982 1783 Deus
1004 1729 1300 1800 stupenda
1324 1730 1615 1788 miracula
1638 1732 1775 1789 fecit
1801 1749 1904 1805 per
1932 1735 2218 1792 dilectum
2252 1743 2254 1793 ἶ

2397 1742 2576 1789 Ταῦτα
2604 1737 2671 1787 τά
2708 1732 2988 1809 παράδοξα
3029 1738 3271 1809 θαύματα
3305 1739 3589 1793 πεποίηκεν
3615 1736 3640 1786 ό
3681 1737 3803 1794 Θεὸς
3832 1728 3916 1784 διὰ

574 1833 751 1874 suum
812 1816 1150 1885 Macer-ium,
1195 1820 1366 1890 cujus
1414 1820 1766 1877 immortalis
1815 1824 2021 1879 anima
2060 1840 2220 1880 nunc

573 1910 661 1962 est
685 1922 821 1961 cum
853 1906 1103 1976 angelis.
1129 1910 1251 1977 Ego
1280 1914 1555 1966 sanctum
1584 1911 1711 1982 ipse
1755 1928 1877 1967 non
1921 1915 2173 1970 conveni
2205 1932 2219 1981 ;

571 2010 734 2053 anno
764 1996 943 2058 enim.
976 2001 1302 2068 antequam
1333 1998 1390 2054 in
1417 1998 1799 2056 solitudinem
1824 2002 2223 2077 ingrediebar,

574 2083 831 2142 obierat.

2330 1833 2422 1879 τοῦ
2470 1830 2694 1896 γνησίου
2735 1825 2897 1877 αὐτοῦ
2945 1827 2992 1860 ⁷³
3033 1825 3182 1897 φίλου
3222 1828 3520 1897 Μακαρίου,
3564 1823 3624 1876 οὗ
3672 1825 3701 1881 ἡ
3743 1820 3917 1873 ἀθάνα-

2332 1935 2419 1975 τος
2468 1916 2518 1950 ’⁷⁸
2582 1914 2737 1987 ψυχή
2794 1922 2882 1966 νῦν
2937 1917 3065 1987 μετὰ
3120 1913 3346 1986 ἀγγέλων
3402 1915 3450 1949 ⁷⁵
3499 1912 3641 1966 ἐστίν
3683 1910 3818 1982 ’ἐγὼ
3855 1916 3918 1977 τῷ

2335 2005 2469 2076 ἁγίῳ
2498 2006 2665 2075 τούτῳ
2703 2003 2762 2055 οὐ
2800 2004 2849 2039 ’⁷⁸
2892 2008 3179 2075 συνέτυχον
3211 2024 3223 2037 ·
3270 2006 3372 2077 πρὸ
3418 2001 3660 2055 ὶνιαυτοῦ
3701 2003 3798 2074 γὰρ
3843 2005 3923 2058 τῆς

2338 2094 2407 2153 εἰς
2430 2097 2523 2151 τὴν
2554 2096 2741 2167 ἔρημον
2781 2091 2907 2165 ἐμῆς
2935 2090 3147 2145 εἰσόδου
3178 2091 3481 2164 ἐκεκοίμητο
3516 2093 3586 2145 ⁷⁷.

2126 2316 2301 2388 252
2334 2319 2407 2377 ΙΙ.

1546 2432 1727 2491 VITA
1768 2432 2039 2495 SANCTI
2081 2434 2400 2495 MACARII
2441 2433 2978 2495 ALEXANDRINI

941 2596 1037 2656 Ea:
1069 2596 1333 2657 Historia
1375 2596 1661 2659 Lausiaca
1697 2598 1955 2659 Palladii
1984 2600 2061 2660 ad
2099 2600 2352 2662 codicum
2387 2600 2634 2660 duorum
2675 2598 3180 2659 Vindobonensium
3206 2598 3375 2679 ﬁdem
3402 2597 3585 2659 edita.

642 2712 749 2761 Cod
761 2748 775 2762 .
826 2726 924 2761 ms.
956 2712 1079 2761 hist.

1109 2726 1285 2774 graec.
1305 2713 1966 2781 ἑΧΧξζΙνε-οΙ-ἱιη-ΧΧΙΧ.
1988 2717 2118 2766 Bibl.
2158 2717 2633 2781 Caes.Vindobon.
2663 2717 3025 2767 membranac.
3062 2719 3420 2781 pervetustus.
3495 2753 3509 2767 .
3584 2755 3595 2766 .
3666 2753 3678 2765 .
3746 2750 3758 2762 .
3825 2751 3834 2761 .
3897 2713 3931 2781 ξ

638 2773 765 2824 God.
804 2789 901 2824 ms.
938 2775 1061 2824 bist.
1096 2773 1269 2839 graec.
1305 2776 1388 2836 1x,
1420 2777 1547 2825 olim
1576 2778 1725 2835 XLII,
1766 2778 1894 2828 Bibl.
1932 2779 2078 2830 Caes.
2118 2780 2680 2830 Vindobon.chartac.
2714 2781 2995 2844 antiquus.
3065 2773 3084 2828 ἶ
3155 2816 3168 2829 .
3239 2816 3250 2827 .
3321 2814 3335 2827 .
3406 2815 3418 2828 .
3492 2816 3505 2829 .
3579 2814 3592 2827 .
3663 2816 3677 2829 .
3748 2816 3758 2826 .
3828 2810 3838 2822 .
3902 2774 3932 2821 Β

642 2873 779 2924 Sunt
801 2874 1413 2942 iide_m_codices_atqu_e
1452 2891 1631 2942 supra.
1668 2877 1725 2925 [n
1751 2878 1947 2942 quibus
1976 2879 2145 2928 sancti
2182 2878 2399 2929 Macarii
2429 2880 2677 2942 Aegyptii
2715 2880 2881 2942 vitam
2915 2879 3085 2929 altera
3126 2877 3261 2928 haec
3298 2877 3500 2941 excipit
3536 2878 3707 2928 sancti
3736 2871 3933 2926 Macarii

581 2936 941 2987 Alexandrini.
972 2938 1169 2988 Textus
1198 2936 1487 2989 Meursiani
1516 2936 1781 2990 lectiones"
1794 2942 1986 2999 varias,
2015 2955 2153 3006 quae
2179 2936 2655 2998 innumeraef'non
2686 2941 3102 3006 adscripsimus.

878 3184 961 3241 De
991 3188 1190 3241 sancto
1221 3184 1492 3242 Macario
1523 3185 1943 3243 Alexandrino.

654 3310 934 3363 Sanctum
960 3322 1101 3363 vero
1122 3309 1440 3364 Macarium
1463 3307 1931 3366 Alexandrinum
1959 3308 2236 3373 conveni,

579 3399 684 3471 qni
704 3396 1010 3468 presbyter
1026 3401 1151 3451 erat
1163 3395 1499 3465 Celliorum,
1519 3412 1674 3469 quae
1687 3397 1983 3454 dicuntur.
2001 3398 2066 3452 In
2084 3412 2241 3469 quae

583 3501 695 3556 ego
726 3501 946 3540 novem
976 3501 1169 3541 annos
1209 3485 1447 3551 secessi,
1479 3502 1551 3541 ex
1581 3486 1803 3558 quibus
1854 3492 1970 3542 tres
2002 3503 2240 3542 mecum

584 3574 731 3631 vixit
754 3574 849 3630 ille
872 3574 1157 3630 Macarius
1179 3573 1238 3628 in
1264 3574 1461 3646 quiete
1487 3576 1736 3645 degens.
1758 3579 1948 3647 Atque
1968 3575 2084 3631 alia
2113 3575 2240 3647 qui-

586 3663 724 3720 dem
756 3664 884 3735 ipse
909 3663 1027 3719 vidi
1054 3662 1219 3734 apud
1248 3679 1385 3718 eum
1418 3665 1681 3735 optimae
1710 3664 1839 3736 ejus
1870 3665 2107 3719 vivendi
2141 3680 2230 3719 ra-

587 3752 976 3833 tionisopera
1008 3758 1062 3808 et
1092 3753 1283 3824 signa,
1316 3752 1435 3808 alia
1465 3752 1543 3808 ab
1570 3753 1662 3819 iis,
1694 3754 1797 3825 qui
1842 3769 1960 3808 una
1997 3769 2136 3808 cum
2168 3768 2239 3808 eo

586 3842 881 3906 vixerunt,
922 3840 1124 3908 didici,
1158 3841 1275 3897 alia
1304 3841 1563 3913 denique
1595 3859 1631 3897 a
1660 3842 2073 3913 compluribus
2110 3840 2240 3897 aliis

587 3930 811 3988 audivi.
844 3930 1193 3986 Exercitatio
1222 3931 1399 4001 igitur
1424 3932 1660 3987 Macarii
1695 3931 1919 4000 magni,
1948 3935 2014 3986 ut
2044 3946 2153 4001 ego
2187 3934 2243 3985 et

587 4019 756 4077 multi
778 4020 943 4093 apud
958 4036 1097 4076 eum
1118 4020 1459 4091 didicimus,
1487 4020 1636 4077 haec
1661 4019 1771 4077 fuit
1790 4038 1803 4076 :
1822 4021 1879 4078 Si
1898 4022 2061 4092 quod
2084 4036 2241 4092 opus

589 4109 1024 4167 exercitationis
1058 4108 1320 4183 aliquem
1377 4126 1646 4182 unquam
1697 4109 1905 4166 fecisse
1953 4111 2237 4175 audierat,

589 4200 750 4256 idem
780 4198 1016 4255 efﬁcere
1047 4198 1324 4255 ardenter
1353 4200 1600 4256 studuit.
1633 4199 1731 4255 Hic
1762 4200 1938 4271 igitur
1975 4203 2239 4266 sanctus,

592 4304 782 4361 quum
807 4288 1114 4352 audiisset,
1137 4288 1606 4344 Tabennesiotas
1636 4304 1739 4359 per
1766 4294 1950 4344 totam
1977 4289 2245 4359 quadra-

594 4376 888 4447 gesimam
910 4375 1074 4431 nulla
1092 4393 1154 4432 re
1170 4376 1327 4432 vesci
1350 4393 1507 4448 quae
1527 4377 1649 4446 igni
1670 4376 1916 4434 admota
1935 4381 2243 4445 esset,sta-

590 4466 702 4522 tuit
731 4469 787 4521 et
818 4465 942 4535 ipse
973 4466 1277 4535 septennio
1305 4465 1469 4532 nihil,
1493 4471 1657 4536 quod
1689 4481 1793 4536 per
1819 4464 2021 4535 ignem
2050 4470 2240 4521 trans-

593 4554 782 4624 iisset,
809 4554 1138 4620 comedere,
1166 4559 1464 4625 etseptem
1490 4554 1664 4610 annis
1684 4554 1827 4610 nihil
1856 4555 2020 4610 aliud
2044 4561 2248 4624 gusta-

600 4644 702 4709 vit,
722 4642 832 4699 nisi
852 4643 1032 4699 cruda
1055 4642 1237 4713 olera,
1258 4649 1313 4699 et
1333 4643 1381 4698 si
1398 4659 1554 4716 quae
1565 4643 1715 4701 forte
1735 4645 1909 4717 253
1926 4645 2252 4701 invenisset

592 4730 902 4805 legumina
926 4732 1295 4792 humectata.
1335 4734 1413 4789 De
1442 4732 1557 4790 alio
1583 4734 1870 4799 audierat,
1903 4734 2006 4806 qui
2033 4733 2251 4791 libram

2280 4524 2324 4578 D

2276 3182 2501 3258 ΟΠερὶ
2584 3189 2694 3236 τοῦ
2760 3186 2941 3255 αγίου
3013 3185 3350 3253 Μακαρίου
3408 3187 3524 3233 τοῦ
3590 3170 3907 3241 Ἀλεξανδ-

2997 3276 3169 3346 ρίνου
3212 3272 3282 3323 ⁷⁸.

2418 3406 2502 3469 Τῷ
2535 3394 2594 3450 δε
2629 3397 2763 3469 ἁγίῳ
2806 3401 3062 3470 Μακαρίῳ
3097 3404 3170 3467 τῷ
3206 3390 3545 3461 Ἀλεξανδρεῑ
3585 3394 3938 3463 συντετύχηκα

2349 3486 2685 3559 πρεσϐυτέρῳ
2732 3490 2843 3538 ὄντι
2888 3493 2987 3537 τῶν
3028 3484 3309 3556 λεγομένων
3353 3482 3583 3550 κελλίων,
3630 3483 3703 3543 εἰς
3759 3479 3793 3533 ἂ
3839 3478 3923 3549 ἐγὼ

2348 3582 2644 3649 παρῴκησα
2673 3577 2812 3627 ἐννέα
2849 3576 2936 3632 ἔτη
2985 3576 3055 3627 ⁷9.
3096 3576 3146 3625 ἐν
3185 3573 3262 3633 οἷς
3310 3576 3431 3646 τρία
3480 3575 3569 3631 ἔτη
3616 3591 3706 3644 μοι
3753 3568 3931 3628 ἐπέζη-

2353 3683 2436 3717 σεν
2467 3665 2511 3701 ⁸ο
2547 3666 2572 3715 ό
2616 3665 2889 3737 Μακάριος
2927 3662 3096 3731 οὗτος,
3150 3658 3349 3733 διάγων
3380 3660 3428 3712 ἓν
3477 3663 3713 3733 ἡσυχίᾳ,
3762 3662 3847 3711 καὶ
3880 3656 3939 3706 τὰ

2350 3757 2439 3827 μεν
2472 3755 2515 3788 ⁸¹
2549 3749 2686 3805 εἶδον
2717 3754 2814 3823 ἐγὼ
2844 3753 2967 3826 παρ’
3003 3752 3168 3805 αὐτοῦ
3207 3753 3254 3787 ⁸³
3302 3758 3396 3812 τῆς
3429 3748 3658 3822 ἀρίστης
3696 3748 3936 3802 πολιτείας

2350 3843 2512 3895 αὐτοῦ
2539 3843 2587 3877 ⁸³
2618 3844 2746 3916 ἔργα
2772 3861 2825 3895 τε
2870 3847 2960 3894 καὶ
3002 3848 3214 3914 σημεῖα,
3244 3843 3311 3893 τὰ
3349 3836 3408 3892 δὲ
3439 3840 3487 3875 ⁸⁴
3520 3844 3667 3912 παρὰ
3704 3845 3800 3891 τῶν
3832 3834 3938 3886 τού·

2349 3951 2441 3984 του
2513 3930 2923 4003 συμϐιωσάντων
2987 3932 3289 4002 μεμάθηκα,
3353 3931 3420 3980 τὰ
3468 3925 3530 3982 δὲ
3590 3927 3715 4002 παρ’
3773 3925 3938 3996 ἑτέρων

2348 4021 2591 4075 πλειόνων
2645 4021 2691 4055 ⁸³
2746 4019 2951 4079 ἀκήκοα
2983 4037 2995 4050 ·
3025 4022 3055 4078 ἡ
3112 4022 3201 4090 μὲν
3251 4014 3339 4069 οὖν
3382 4019 3611 4079 ἄσκησις
3656 4023 3746 4069 τοῦ
3797 4010 3942 4084 μεγά-

2349 4110 2439 4163 λου
2479 4114 2781 4182 Μακαρίου,
2828 4112 2892 4170 ὡς
2930 4111 3030 4179 ἐγὼ
3078 4113 3168 4160 καὶ
3223 4106 3402 4159 πολλοὶ
3448 4109 3573 4179 παρ’
3626 4105 3766 4175 αὐτῷ
3805 4103 3939 4173 ἠκρι-

2353 4199 2614 4271 ϐώσαμεν,
2647 4195 2707 4256 ἧν
2745 4198 2876 4256 αὕτη
2907 4200 2954 4233 ⁸⁸
2981 4213 2994 4226 ’
3046 4200 3091 4249 εἶ
3128 4216 3180 4248 τι
3219 4194 3411 4253 ἀκήκοε
3460 4198 3670 4248 πώποτέ
3719 4210 3831 4244 τινα
3864 4204 3941 4240 πε-

2355 4292 2615 4346 ποιηκότα
2661 4288 2703 4322 ⁸⁷
2757 4290 2901 4360 ἔργον
2946 4284 3242 4353 ἀσκήσεως,
3285 4281 3380 4337 διὰ
3426 4281 3669 4345 σπουδῆς
3718 4282 3765 4317 ⁸⁸
3802 4284 3938 4331 τοῦτο

2352 4379 2726 4449 κατώρθωσεν·
2772 4374 3005 4437 ἀκούσας
3046 4374 3092 4410 ⁸⁸
3145 4370 3253 4439 οὖν,
3304 4375 3385 4426 ὅτι
3427 4376 3477 4426 οἱ
3536 4372 3941 4428 Ταϐεννησιῶται

2355 4464 2450 4519 διὰ
2504 4467 2675 4526 πάσης
2740 4472 2835 4527 τῆς
2902 4470 3331 4537 τεσσαρακοστῆς
3401 4464 3601 4537 ἄπυρον
3669 4462 3936 4519 ἑσθίουσιν,

2356 4559 2544 4627 ἔκρινεν
2603 4555 2646 4590 ⁹⁰
2683 4554 2828 4615 οὗτος
2866 4555 2892 4605 ὁ
2946 4553 3097 4625 ἅγιος
3133 4556 3219 4605 ἐπι
3267 4556 3539 4605 ἑπταετίαν
3601 4551 3627 4603 ὃ
3667 4547 3759 4603 διὰ
3794 4544 3939 4618 πυρὸς

2359 4642 2654 4717 διέρχεται,
2698 4648 2769 4717 μὴ
2824 4649 3000 4715 φαγεῖν
3032 4644 3102 4708 θί,
3135 4642 3268 4700 πλὴν
3304 4641 3546 4713 λαχάνων
3591 4640 3740 4712 ὠμῶν
3770 4640 3855 4687 καὶ
3901 4631 3939 4682 εἰ

2358 4754 2461 4787 που
2520 4733 2660 4809 εὗρεν
2719 4732 2943 4807 ὀσπρίου
2998 4733 3045 4769 9⁸
3104 4730 3352 4805 βρεκτοῦ,
3400 4726 3626 4803 μηδενὸς
3688 4728 3737 4763 ’³
3795 4721 3937 4776 ἄλλον

1920 4843 2133 4897 νΑΗιΑ
2145 4844 2182 4897 E
2230 4840 2527 4897 LECTION
2536 4840 2615 4896 ES
2628 4883 2640 4896 .

674 4949 721 4986 ⁸⁸
755 4949 937 5017 Corr.,
982 4952 1073 5007 ΑΒ
1104 4954 1231 5003 τόν.

596 5022 823 5097 λίτρας

1311 4951 1355 4985 ⁸⁷
1389 4954 1431 5006 Α
1464 4953 1707 5006 τοίνυν.
1792 4951 1839 4985 ⁸⁸
1870 4955 1978 5003 καὶ
2017 4967 2140 5006 om.
2186 4955 2249 5006 Α.

1170 5025 1213 5097 7³
1247 5021 1434 5097 Corn,
1461 5024 1572 5097 ΔΑΒ
1626 5028 1893 5097 συνεργία.

603 5185 788 5241 μητο.
869 5167 915 5203 ⁷⁸
948 5165 1207 5241 indicem
1258 5166 1418 5241 bunc
1469 5182 1591 5241 o_m.
1626 5165 1699 5222 Ἀ.

604 5239 802 5291 αὐτοῦ
842 5253 970 5295 om.
1032 5240 1089 5294 Β.

606 5310 876 5364 πλεόνων
923 5312 970 5383 Β
998 5309 1183 5383 ἔτερα
1221 5306 1291 5363 δὲ
1335 5315 1443 5383 καὶ
1481 5306 1638 5382 παρ’
1675 5309 1878 5363 ἄλλων
1917 5308 2181 5362 πολλῶν.

604 5384 907 5457 πλείονες
948 5382 1165 5457 ἕτεροι
1219 5382 1694 5457 ἠκριϐώσαν-το.
1734 5382 1892 5457 αὕτη
1933 5384 2143 5457 ίστίν.

864 5024 1088 5092 ἄρτου.
1170 5025 1213 5058 ⁷³
1247 5021 1434 5092 Corr.,
1484 5024 1572 5077 AB
1626 5028 1893 5092 συνεργία.
1970 5024 2018 5057 ⁷³
2050 5028 2094 5078 Α
2128 5019 2241 5075 διὰ
2278 5030 2392 5075 τοῦ
2435 5027 2672 5074 σαυτοῦ
2712 5019 2882 5092 (forte
2925 5017 3154 5092 ictu-rati
3184 5016 3235 5089 ?)

598 5042 823 5097 Λιτρας
864 5042 1088 5149 αὲτου.
1173 5042 1213 5058 ¹¹
1247 5042 1434 5092 bona,
1484 5042 1572 5077 AD
1626 5042 1893 5097 συνεργια.
1977 5042 2018 5057 ⁸³
2050 5042 2094 5078 Α
2128 5042 2241 5075 οια
2278 5042 2301 5074 τ

598 5114 703 5157 τος
742 5110 863 5150 om.
944 5137 954 5149 .
1032 5096 1080 5167 7⁵
1122 5096 1213 5151 Sic
1245 5096 1332 5167 AB
1378 5136 1390 5147 .
1427 5094 1552 5149 sine
1585 5094 1975 5167 apostropbo,
2011 5099 2076 5149 ut
2100 5110 2301 5165 saepe.

1776 5167 1824 5202 ⁷9
1881 5168 1919 5221 Β
1957 5168 2309 5221 ἑνναετίαν.

1169 5240 1215 5275 ⁸³
1260 5239 1300 5292 Β
1352 5246 1441 5298 τῆς
1492 5236 1711 5312 ἀρίστης
1769 5238 1968 5291 αὐτοῦ
2026 5237 2387 5297 πολιτείας.
2467 5236 2514 5271 ⁸⁸
2562 5236 2607 5290 Β
2651 5236 2851 5287 πολλὰ
2889 5236 2968 5286 δέ.
3046 5236 3093 5269 ⁸⁵
3147 5236 3259 5288 Pro
3313 5236 3394 5284 τὰ
3446 5236 3512 5283 δὲ
3563 5247 3577 5281 7

1169 5332 1183 5364 ι
1221 5306 1291 5363 δὲ
1335 5315 1443 5363 καὶ
1481 5331 1565 5364 πα
1586 5309 1638 5366 ρ’
1675 5309 1878 5363 ἄλλων
1917 5308 2181 5362 πολλῶν.
2261 5310 2308 5345 ⁸⁸
2339 5308 2447 5363 Pro
2478 5309 2543 5366 ὡς
2590 5306 2692 5366 ἐγὼ
2728 5310 2841 5357 καὶ
2876 5303 3101 5359 πο)λοὶ
3132 5334 3197 5345 -
3247 5304 3407 5362 αὕτη
3439 5303 3477 5356 Β
3508 5302 3577 5361 ὡς

2261 5326 2308 5345 ’³ο
2339 5326 2447 5363 ι’Γο
2478 5326 2543 5366 ως
2590 5326 2692 5378 εγω
2728 5326 2841 5357 και

2223 5380 2267 5413 ⁸⁷
2303 5382 2341 5435 Β
2390 5378 2855 5453 ἐργασάμενον.

2896 4948 2939 4987 ⁷ο
2968 4945 3012 5000 Β
3041 4950 3131 4999 καὶ
3158 4947 3547 4999 τετύπωκεν.

3285 5020 3580 5090 γνησίου.

2378 5094 2429 5128 ⁷⁸
2459 5096 2569 5149 ΑΒ.
2602 5090 2735 5145 οὐκ.
2812 5091 2855 5124 ⁷⁷
2890 5092 2969 5145 Ex
3009 5090 3189 5154 coni.,
3227 5094 3293 5144 Α.
3336 5091 3568 5157 κεκοίμ

2387 5166 2429 5203 ⁸ο
2462 5168 2499 5219 Β
2530 5163 2809 5235 ἐπέζησε
2849 5181 2978 5235 μοι.
3050 5164 3099 5235 fl
3138 5163 3287 5235 Βκαὶ
3319 5159 3518 5235 πολλα
3556 5159 3698 5235 μέν..

2467 5236 2514 5271 ⁸⁸
2562 5235 2607 5290 Β
2651 5224 2858 5287 πολλᾶ
2889 5230 2968 5286 δέ.
3046 5233 3093 5269 ⁸⁵
3147 5233 3259 5288 Pro
3313 5236 3394 5284 τὰ
3446 5227 3512 5283 δὲ
3556 5224 3698 5299 ’παρ’
3738 5224 3944 5299 ἑτέρων

2330 4951 2376 4985 ⁸⁸
2434 4954 2542 5002 καὶ
2591 4964 2713 5005 om.
2749 4948 2816 5002 A-

3585 5102 3691 5142 ητε
3729 5081 3771 5135 Β
3796 5074 3946 5131 ntei-

3742 5152 3786 5186 ει
3816 5142 3943 5215 παρ’

3622 5288 3711 5346 ἒσνὼ
3755 5288 3946 5345 τεκαὶ

2933 5317 3101 5357 νηοὶ
3132 5334 3197 5345 -
3247 5317 3407 5362 αυτη
3439 5317 3477 5356 u
3508 5319 3577 5361 ως
3674 5317 3711 5346 ω
3755 5317 3814 5345 τι
3851 5317 3942 5338 ιυ-

2933 5377 2981 5413 ”
3012 5378 3052 5431 Β
3095 5373 3188 5429 διὰ
3211 5376 3454 5437 πολλῆς
3494 5317 3744 5425 σπουιοζῆς.
3819 5361 3862 5395 ⁸⁸
3890 5357 3942 5410 Β.

608 5438 922 5517 ἀκηκοώς.
999 5438 1135 5509 90'B
1182 5438 1415 5527 ἓκρίνε.
1494 5456 1538 5491 ⁹¹
1583 5438 1695 5510 Pro
1748 5455 1773 5507 ὃ
1810 5438 1957 5527 ίδίιόι
2023 5455 2226 5527 πυρός
2272 5482 2343 5527 _-—
2387 5438 2611 5527 φἀγ-εἰν
2651 5438 2814 5527 ltiti:
2848 5454 3117 5527 λφαγεῖν
3158 5447 3183 5499 ὃ
3224 5444 3338 5500 διὰ
3375 5446 3574 5527 πυρὸς
3617 5438 3945 5527 διξΡᾈ-ξῖέξ

607 5530 655 5564 ⁹²
687 5529 863 5600 Corr.,
899 5530 946 5585 A
970 5528 1277 5600 ὀσπρέου,
1308 5529 1344 5581 Β
1375 5528 1691 5600 ὀσπρίων.

1776 5526 1824 5560 ’³
1855 5530 1901 5582 Α
1940 5530 2047 5577 καὶ
2085 5520 2330 5597 μηδενός.

2408 5497 2608 5580 δῖβιξδ
2640 5497 2812 5578 τῖλΈᾷ
2848 5497 3603 5593 λὲιξξάῖωγέγὲῦάάρξνο
3632 5532 3653 5573 ς
3690 5497 3735 5561 θ’
3763 5497 3943 5593 ἑίξζδῗ

606 5603 711 5660 νὸς
746 5578 936 5652 ἄλλον
978 5578 1897 5671 έπὶἓπτὰῖἓτεσιγευσάμενος
1937 5578 2095 5671 πλὴν
2135 5596 2434 5671 λαχάνων
2467 5594 2642 5671 ὠμῶν
2669 5578 3432 5671 καὶόσπρνίωνβρίκτῶν,
3468 5590 3519 5642 εἴ
3546 5578 3942 5637 ποτετοὺτων

613 5671 952 5745 εὐπόρησε.

1031 5673 1077 5708 θ’
1102 5672 1208 5729 Pro
1235 5675 1264 5731 ἣ
1286 5664 1780 5725 κουσεᾶλλουΒ
1811 5674 1957 5741 περὶ
1996 5665 2066 5721 δι
2096 5664 2269 5729 τινος
2299 5664 2492 5721 ἄλλον
2520 5664 2846 5727 ἀκούσας.
