4092 6252
215 335 325 394 185

220 467 344 520 ἑπτὰ
385 469 513 519 ἔτεσι
549 466 862 536 γευσάμενος
903 465 974 517 ⁹⁴.
1028 467 1249 520 ἤκουσεν
1295 461 1449 514 ἄλλου
1490 463 1558 526 9⁸,
1611 462 1691 513 ὅτι
1725 462 1799 513 λί-
1830 471 1874 518 Α

214 577 334 630 τραν
353 557 505 626 άρτου
534 554 714 616 ἐσθίει,
747 558 836 604 καὶ
866 552 1061 611 κλάσας
1110 554 1177 603 τὰ
1226 549 1537 622 βουκελάτα,
1569 552 1603 600 οἱ
1634 547 1797 621 εἶχεν,

214 643 428 698 ἐνέϐαλεν
495 643 564 704 εἰς
632 645 856 717 κεράμα,
923 645 1101 713 κρίνας
1171 648 1418 692 τοσοῦτον
1480 638 1670 691 ἐσθίειν
1729 641 1797 704 ⁸⁸,

209 737 322 786 ὅσον
363 733 422 783 ἂν
451 733 480 789 ἡ
535 737 658 804 χεὶρ
716 731 876 782 αὐτοῦ
909 729 1150 800 ἀνενέγκη
1179 743 1192 758 ⁸
1229 729 1426 800 μεγάλη
1463 725 1521 781 δε
1547 732 1636 779 καὶ
1666 729 1798 786 αὕτη

203 824 475 895 ἐγκράτεια
509 843 522 854 ·
557 818 795 891 διηγεῖτο
864 823 964 892 γὰρ
1025 820 1149 889 ἡμῖν
1200 818 1672 890 χαριεντιζόμενος,
1722 820 1802 869 ὅτι

199 907 658 984 περιεδρασθομην
706 913 796 980 μεν
844 909 891 942 9⁷
941 907 1182 959 πλειόνων
1213 906 1544 978 κλασμάτων,
1579 907 1636 958 οὐ
1685 925 1802 958 συν-

199 1002 516 1073 εχωρούμην
549 995 608 1050 δὲ
635 1001 682 1033 9⁸
712 997 984 1067 ἐξενεγκεῖν
1023 998 1123 1048 ὑπὸ
1160 1004 1247 1047 τοῦ
1280 1004 1457 1048 στενοῦ
1494 1005 1584 1055 τῆς
1611 995 1741 1055 ὀπῆς
1777 1007 1793 1025 ⁶

197 1089 473 1150 ὀτελώνης
545 1090 643 1161 γάρ
699 1106 810 1158 μοι,
867 1090 1025 1157 φησὶν
1092 1087 1162 1148 9’,
1243 1085 1300 1137 οὐ
1352 1087 1680 1158 συνεχώρει¹
1742 1087 1800 1135 τὸ

201 1177 457 1239 παντελῶς
543 1181 614 1248 μὴ
650 1181 669 1211 ³
719 1174 929 1238 ἐσθίειν,
1013 1174 1147 1225 οὕτω
1228 1172 1314 1226 οὖν
1346 1176 1366 1207 ³
1414 1173 1497 1225 ἐπὶ
1543 1178 1664 1247 τρία
1712 1177 1798 1231 ἔτη

205 1263 382 1331 ἐποίει,
431 1270 703 1338 τέσσαρας
743 1265 772 1322 ἢ
829 1267 974 1315 πέντε
1023 1262 1240 1334 οὖγκίας
1272 1264 1291 1296 ⁴
1323 1262 1509 1315 ἐσθίων
1552 1267 1642 1314 καὶ
1668 1266 1754 1315 τὸν
1779 1266 1800 1298 ⁵

203 1358 314 1406 ἴσον
347 1356 368 1389 ⁶
420 1357 657 1425 σταθμὸν
711 1350 855 1425 ὕδωρ
915 1357 1112 1404 πίνων*
1170 1352 1354 1414 ξέστην
1397 1349 1454 1404 δὲ
1508 1352 1678 1405 ἐλαίου
1733 1353 1802 1414 εἰς

197 1448 390 1516 τροφὴν
449 1452 546 1495 τοῦ
625 1442 860 1493 ἐνιαυτοῦ
924 1440 1194 1498 ἀνήλισκεν
1229 1458 1240 1470 ·
1294 1443 1456 1513 ἔκρινε
1525 1438 1629 1492 δὲτ
1681 1461 1804 1493 ποτε

195 1533 357 1584 ῦπνου
389 1534 780 1604 περιγενέσθαι,
831 1534 899 1592 ὡς
956 1530 1107 1589 αὐτὸς
1162 1527 1484 1600 διηγήσατο,
1547 1532 1626 1581 ὅτι
1658 1532 1678 1563 ⁸
1709 1530 1802 1581 οὐκ

194 1622 442 1680 εἰσῆλθον
476 1625 498 1656 9
553 1623 652 1673 ὑπὸ
707 1625 893 1690 στέγην
941 1619 1022 1671 ἐπὶ
1063 1623 1229 1671 εἰκοσι
1259 1621 1637 1692 νυχθημέροις,
1696 1628 1802 1680 τοῖς

193 1713 286 1782 μὲν
319 1713 571 1781 καύμασι
623 1709 922 1780 φλεγόμενος
979 1711 1176 1782 ἡμέρας
1231 1709 1298 1774 ιθ,
1339 1716 1412 1777 τῷ
1444 1704 1503 1759 δὲ
1531 1716 1803 1782 νυκτερινῷ

1803 323 2008 385 ACTA.

3469 335 3571 390 186

1916 462 2086 533 panis
2104 463 2470 530 comederet;
2491 480 2679 537 quare
2694 464 2886 537 fregit,
2907 482 3063 538 quae
3080 467 3312 534 habuit,
3332 469 3568 526 buccel-

1911 550 2048 618 lata,
2075 558 2130 607 et
2151 554 2210 608 in
2229 552 2507 623 lagenam
2532 555 2793 619 immisit,
2820 561 3084 610 statuens
3108 563 3344 612 tantum
3371 575 3567 615 come-

1911 639 2071 706 dere,
2087 648 2379 712 quantum
2397 659 2614 698 manus
2635 645 2820 714 ipsius
2838 661 3074 699 sursum
3093 646 3342 702 tulisset.
3360 650 3572 716 Magna

1912 735 2110 785 autem
2159 732 2305 786 haec
2335 747 2578 802 quoque
2618 732 2732 787 fuit
2759 734 3148 788 continentia.
3179 734 3327 790 Nam
3368 736 3572 793 festive

1911 818 2086 872 nobis
2111 820 2395 875 narrabat
2423 838 2435 875 :
2467 821 2642 876 Plura
2669 821 2914 893 quidem
2943 822 3132 878 frusta
3157 825 3566 896 apprehende-

1912 907 2075 970 bam,
2106 908 2211 961 sed
2243 908 2449 964 efferre
2483 925 2604 965 non
2640 915 2908 980 poteram
2935 915 3014 966 ob
3046 915 3387 981 angustiam
3420 914 3574 970 fora-

1913 996 2108 1050 minis.
2138 996 2517 1052 Publicamus
2549 999 2728 1064 enim,
2761 999 2977 1070 inquit,
3008 1001 3155 1055 mihi
3183 1017 3302 1056 non
3333 1004 3576 1073 permit-

1911 1084 2075 1148 tebat
2129 1086 2378 1140 omnino
2431 1102 2551 1141 non
2604 1088 2781 1140 vesci.
2836 1088 2926 1143 Sic
2976 1088 3153 1157 igitur
3208 1094 3326 1144 tres
3380 1106 3573 1147 annos

1913 1172 2158 1243 peregit,
2183 1180 2444 1245 quatuor
2468 1174 2713 1246 quidem
2739 1175 2830 1230 vel
2847 1177 3115 1247 quinque
3145 1179 3354 1233 uncias
3378 1194 3574 1234 come-

1913 1262 2060 1315 dens
2091 1269 2147 1317 et
2179 1263 2487 1317 modicum
2521 1280 2717 1334 aquae
2743 1263 2957 1319 libens.
2993 1266 3112 1320 Olei
3145 1273 3346 1322 autem
3380 1274 3575 1324 sexta-

1913 1350 2068 1404 rium
2102 1355 2223 1406 toto
2247 1367 2407 1406 anno
2437 1353 2496 1406 in
2530 1352 2882 1407 alimentum
2913 1355 3327 1410 consumebat.
3363 1358 3575 1412 Statuit

1915 1437 2243 1509 aliquando
2263 1457 2546 1510 superare
2563 1442 3080 1512 somnum,utipse
3102 1443 3274 1498 nobis
3290 1446 3572 1500 narravit:

1912 1529 2066 1582 Totis
2082 1530 2281 1596 viginti
2307 1529 2522 1584 diebus
2542 1537 2597 1584 et
2621 1530 2897 1585 noctibus
2915 1532 3028 1585 sub
3054 1537 3271 1587 tectum
3290 1549 3410 1588 non
3440 1549 3574 1589 sum

1914 1627 2241 1687 ingressus,
2261 1619 2514 1672 interdiu
2532 1620 2778 1689 quidem
2796 1628 2964 1674 aestu
2990 1622 3228 1690 urebar,
3244 1629 3424 1677 noctu
3439 1638 3575 1678 vero

1917 1704 2064 1760 febri
2095 1706 2387 1776 rigebam.
2423 1707 2593 1771 Quod
2634 1708 2745 1762 nisi
2789 1713 3005 1763 tectum
3040 1710 3212 1764 citius
3243 1727 3441 1765 essem
3495 1713 3579 1767 in-

192 1806 406 1870 πυρετῷ
437 1803 760 1869 στυφόμενος
783 1815 794 1826 °
855 1802 946 1849 καὶ
985 1796 1124 1868 εἰμὴ
1154 1798 1362 1867 τάχιον,
1396 1799 1510 1866 ἔφη,
1562 1797 1660 1848 ὑπὸ
1695 1802 1806 1849 στέ-

1925 1810 2182 1862 gressus,
2198 1795 2526 1866 inquiebat,
2549 1803 2606 1850 et
2623 1812 2834 1852 somno
2861 1815 3003 1852 usus
3023 1813 3239 1877 essem,
3265 1800 3578 1856 cerebrum

195 1909 298 1958 γην
358 1887 608 1946 εἰσῆλθον
653 1892 742 1939 καὶ
795 1885 1110 1959 ἐχρησάμην
1174 1886 1336 1957 ὕπνῳ,
1391 1885 1554 1946 οὑτως
1627 1904 1726 1956 μου
1761 1887 1803 1920 ¹¹

194 1976 458 2048 ἐξηράνθη
521 1978 548 2027 ὁ
600 1975 892 2047 ἐγκέφαλος,
973 1977 1040 2036 ὡς
1097 1975 1168 2036 εἰς
1233 1977 1442 2026 ἕκτασίν
1506 1993 1568 2045 με
1628 1975 1811 2026 ἐλάσαι

193 2066 377 2118 λοιπόν
407 2083 420 2095 ·
453 2070 549 2117 καὶ
589 2069 646 2116 τὸ
706 2067 826 2116 ὅσον
884 2067 931 2116 ἓν
974 2065 1111 2130 ἐμοὶ,
1159 2069 1339 2134 φησὶν,
1374 2062 1590 2120 ἐνίκησα
1633 2064 1808 2129 ὕπνον,

196 2159 252 2206 τὸ
281 2159 569 2226 χρήσιμον
610 2154 769 2205 αὐτοῦ
801 2161 861 2210 τῆ
896 2155 1045 2224 φύσει
1066 2157 1489 2226 παραχωρήσας.
1562 2211 1564 2214 τ

266 2251 372 2296 Τοῦ
401 2244 562 2314 ἁγίου
597 2246 782 2294 τούτου
840 2241 888 2293 ἐν
932 2250 993 2312 τῇ
1042 2241 1191 2313 κέλλη
1225 2242 1571 2312 καθεζομένου
1597 2243 1734 2312 πρωί
1766 2242 1810 2275 1³

196 2333 384 2404 κώνωψ
417 2333 506 2385 ἐπὶ
566 2340 658 2384 τοῦ
711 2328 871 2390 ποδὸς
921 2331 1074 2382 αὑτὸν
1127 2334 1415 2396 ἑκέντησεν,
1457 2335 1546 2381 καὶ
1579 2329 1814 2400 ἀλγήσας

198 2430 257 2495 τῇ
293 2428 447 2494 χειρὶ
506 2428 693 2472 τοῦτον
752 2419 992 2481 κατέαξεν
1049 2420 1096 2454 ³³
1152 2421 1590 2490 κεκορεσμένοννο
1615 2426 1704 2471 τοῦ
1736 2417 1814 2470 αἱ·

197 2531 356 2582 ματος
392 2530 405 2556 ?
442 2510 668 2582 ὕστερον
743 2505 802 2561 δε
857 2513 1167 2579 κατγνωκώς
1259 2508 1443 2560 ἑαυτοῦ
1479 2510 1524 2543 1⁵
1584 2510 1647 2567 ὡς
1702 2507 1813 2559 ἐαυ-

196 2605 282 2652 τὸν
317 2603 364 2636 “
395 2596 790 2659 ἐκδικήσαντος
820 2595 1169 2657 καταδικάζει
1231 2597 1433 2661 ἐαυτὸν,
1462 2599 1595 2648 ὥστε
1634 2597 1705 2658 εἰς
1753 2600 1810 2647 τὸ

197 2689 306 2750 ἕλος
345 2697 440 2750 τῆς
493 2694 751 2752 Σκήτεως,
811 2690 836 2739 ὃ
890 2686 1030 2739 ἐστιν
1071 2687 1118 2738 ἐν
1167 2695 1229 2758 τῇ
1275 2691 1554 2760 πανερήμῳ
1587 2687 1656 2752 Π,
1688 2688 1813 2738 καθ-

198 2781 422 2836 εσθῆναι
471 2781 672 2848 γυμνὸν
731 2777 814 2828 ἐπὶ
888 2784 1057 2846 μῆνας
1132 2774 1202 2838 ἐξ,
1261 2777 1382 2826 ἔνθα
1455 2777 1504 2827 οἱ
1576 2781 1812 2834 κώνωπες

203 2861 458 2919 δύνανται
489 2866 540 2901 ³⁸
599 2870 688 2916 καὶ
746 2867 988 2936 συάγρων
1039 2861 1276 2935 δέρματα
1328 2870 1632 2937 τιτρώσκειν
1686 2865 1810 2916 ὡσεὶ

207 2962 395 3023 σφῆκες
428 2959 568 3015 ὄντες
600 2953 838 3026 μεγάλοι,
893 2953 1056 3013 οὓτως
1084 2952 1173 3004 ὑπ’
1213 2952 1381 3004 αὐτῶν
1426 2955 1620 3024 ἐτρώθη
1679 2953 1808 3021 ὅλος,

209 3043 277 3102 ὡς
318 3048 409 3095 καὶ
453 3039 782 3114 σφονδύλους
831 3041 1106 3112 ἐξενεγκεῖν
1146 3042 1263 3093 καθ’
1313 3041 1432 3092 ὅλου
1490 3049 1580 3093 τοῦ
1631 3047 1812 3113 σώμα-

210 3149 316 3195 τος,
365 3137 457 3183 καὶ
505 3151 648 3192 τινας
698 3136 912 3203 νομίσαι
939 3132 985 3166 ³³
1035 3132 1112 3182 ὃτι
1162 3129 1515 3201 ἐλεφαντίησεν
1555 3133 1620 3196 ³ο,
1656 3130 1807 3182 ἐπαν-
1842 3171 1882 3225 C

210 3217 364 3270 ελθὼν
398 3217 457 3272 δὲ
504 3221 573 3281 είς
629 3225 687 3272 τὸ
745 3219 939 3272 κελλίον
993 3220 1152 3271 αὑτοῦ
1212 3218 1312 3271 ἀπὸ
1356 3226 1452 3279 τῆς
1499 3226 1668 3290 φωνῆς
1718 3225 1810 3291 μο-

212 3327 294 3358 νον
333 3311 378 3344 “
405 3310 707 3381 ἐγνωρίζετο
737 3309 893 3361 αὐτὸν
925 3310 1053 3360 εἶναι
1079 3311 1164 3359 τὸν
1196 3310 1483 3381 Μακάριον.

293 3393 618 3466 Ἐπεθὺμησέ
648 3401 692 3432 ³³
732 3418 875 3463 ποτε,
918 3400 983 3458 ὡς
1032 3397 1187 3458 αὐτὸς
1219 3399 1343 3468 ἡμῖν
1393 3394 1716 3466 διηγήσατο,
1745 3398 1812 3458 εἰς

224 3486 283 3534 τὸ
329 3487 646 3556 κηποτάφιον
704 3486 942 3539 εἰσελθεῖν
1005 3486 1199 3538 Ἰαννοῦ
1230 3487 1278 3520 ³³
1342 3490 1429 3537 καὶ
1466 3486 1712 3558 Ἰαμϐροῦ
1743 3489 1811 3550 ³⁸,

218 3580 320 3623 τῶν
357 3574 540 3644 μάγων
590 3583 686 3626 τῶν
729 3574 812 3628 ἐπὶ
867 3583 959 3627 τοῦ
1014 3579 1224 3649 Φαραὼ,
1289 3576 1529 3647 ἱστορίας
1585 3576 1808 3648 χάρινή

219 3667 513 3733 συντυχίας
544 3671 641 3714 τῶν
680 3663 846 3716 ἐκεῖσε
891 3661 1171 3734 δαιμόνων.
1207 3663 1404 3734 ἐλέγετο
1457 3666 1558 3736 γὰρ
1597 3664 1816 3726 πολλοὺς

215 3757 298 3803 καί
340 3751 608 3822 χαλεποὺς
647 3751 1115 3824 ἁποκεκληρῶσθαι
1157 3751 1204 3803 ἐν
1239 3752 1381 3822 αὐτῷ
1411 3753 1534 3826 παρ’
1569 3753 1736 3804 αὐτῶν
1769 3756 1814 3789 ³⁵

216 3836 474 3914 δαίμονας
534 3838 607 3893 δι’
660 3841 946 3914 ὑπερϐολὴν
1001 3851 1232 3914 μαγικῆς
1281 3846 1485 3912 τέχνης,
1543 3839 1697 3904 δι’ἧς
1727 3848 1816 3894 καὶ

213 3932 279 3982 τὰ
303 3939 491 4002 πρῶτα
521 3928 667 4002 εἶχον
698 3940 796 3983 τῶν
845 3931 958 3982 κατ’
1013 3930 1204 3983 ἐκείνου
1239 3932 1285 3966 ³⁸
1317 3939 1504 4002 καιροῦ
1557 3935 1701 4005 παρά
1744 3941 1815 4002 τῷ

215 4025 404 4093 Φαραώ
440 4040 453 4051 ·
490 4021 558 4080 ὡς
615 4015 702 4069 οὖν
751 4024 843 4076 τὴν
901 4019 948 4070 ἐν
987 4019 1240 4090 Αἰγύπτῳ
1294 4016 1606 4071 δυναστείαν
1638 4039 1818 4077 κεκτη-

214 4113 358 4180 μένοι
399 4111 450 4160 ἐν
496 4115 567 4177 τῷ
600 4116 691 4167 τῆς
731 4107 866 4168 ζωῆς
904 4108 1069 4160 αὐτῶν
1114 4114 1291 4182 χρόνῳ
1320 4110 1364 4144 ³τ
1399 4107 1452 4159 ἐκ
1491 4105 1818 4182 τετραπέδων

213 4197 370 4250 λίθων
395 4201 611 4250 ἔκτισαν
654 4201 712 4249 τὸ
766 4200 912 4271 ἔργον
952 4196 1130 4262 ἐκεῖνο,
1186 4196 1234 4248 ἐν
1269 4198 1410 4267 αὐτῷ
1438 4206 1618 4268 μνῆμα
1657 4198 1702 4232 ³⁸
1734 4217 1818 4249 πε-

215 4305 495 4346 ποιηκοτες
541 4292 630 4338 καὶ
685 4291 890 4361 χρυσὸν
942 4287 1098 4338 πολὺν
1139 4289 1465 4358 ἀποθέμενοι,
1497 4292 1587 4339 καὶ
1623 4283 1822 4358 δένδρα

215 4383 444 4428 παντοῖα
499 4375 861 4447 ἐφυτεύσαντο,
939 4381 1027 4427 καὶ
1107 4382 1264 4448 φρέαρ
1336 4373 1527 4436 ὓδατος
1578 4380 1821 4448 μέγιστον

218 4466 424 4538 ὤρυξαν
448 4466 496 4499 ³9
554 4463 844 4526 ἐλπίζοντες
905 4463 1062 4523 δῆθεν
1090 4468 1220 4536 μετὰ
1272 4470 1362 4523 τήν
1413 4464 1636 4517 ἐντεῦθεν
1662 4465 1824 4516 ἐκεῖσε

218 4553 393 4624 ἄφιξιν
427 4556 477 4588 ³ο
505 4552 551 4604 ἐν
596 4557 763 4624 τούτῳ
793 4555 836 4588 ³³
871 4563 941 4624 τῷ
980 4551 1288 4626 παραδείσῳ
1341 4559 1536 4626 τρυφᾷν
1571 4571 1584 4583 ⁸
1615 4558 1706 4611 τήν
1737 4550 1824 4604 οὖν

219 4642 302 4696 ἐπὶ
354 4647 446 4696 τὸν
492 4649 657 4701 κῆπον
715 4650 895 4695 τοῦτον
945 4640 1067 4695 ὁδὸν
1109 4642 1304 4714 ἀγνοῶν
1368 4645 1393 4694 ὁ
1451 4651 1541 4695 τοῦ
1593 4650 1824 4715 Χριστοῦ

1920 1883 2002 1938 ita
2016 1883 2160 1938 mihi
2178 1891 2329 1939 esset
2347 1884 2693 1948 arefactum,
2711 1891 2792 1948 ut,
2818 1887 2966 1956 quin
2991 1888 3049 1941 in
3065 1891 3326 1942 exstasin
3345 1904 3576 1958 agerer,

1923 1988 2136 2042 parum
2166 1973 2424 2029 abesset.
2455 1975 2517 2028 Et
2539 1982 2856 2044 quantum,
2886 1977 3175 2046 inquit,in
3191 1993 3283 2032 me
3305 1977 3432 2043 fuit,
3467 1979 3577 2034 vici

1923 2076 2227 2126 somnum,
2259 2067 2551 2132 quantum
2597 2077 2752 2130 opus
2785 2069 2891 2127 est,
2929 2070 3178 2120 naturae
3215 2065 3572 2121 concedens.

1994 2151 2189 2213 Quum
2206 2151 2301 2205 hic
2328 2158 2571 2205 sanctus
2598 2167 2774 2206 mane
2799 2152 2857 2205 in
2885 2153 3031 2207 cella
3059 2154 3309 2218 sederet,
3339 2156 3396 2209 in
3424 2155 3576 2226 pede

1923 2252 2063 2292 eum
2111 2239 2280 2293 culex
2312 2241 2588 2310 pupugit,
2635 2255 2839 2310 quem,
2886 2243 3177 2311 sanguine
3217 2247 3576 2308 saturatum,

1923 2327 2127 2381 dolore
2161 2334 2349 2383 tactus
2388 2345 2574 2383 manu
2602 2329 2770 2383 elisit.
2807 2329 3095 2401 Deinceps
3126 2347 3265 2387 vero
3296 2349 3357 2387 se
3383 2349 3581 2403 repre-

1922 2417 2144 2482 hendit,
2165 2418 2266 2488 qui
2292 2434 2352 2471 se
2377 2419 2507 2488 ipse
2537 2418 2694 2472 ultus
2723 2423 2895 2485 esset,
2919 2435 3103 2490 seque
3130 2421 3574 2487 condemnavit,

1925 2504 2104 2576 254
2126 2511 2183 2560 ut
2209 2506 2437 2561 sederet
2458 2505 2655 2561 nudus
2685 2523 2788 2562 sex
2811 2510 3118 2563 mensesin
3139 2509 3357 2581 palude
3373 2510 3572 2575 Scetis,

1921 2611 2076 2664 quae
2099 2600 2184 2650 est
2203 2594 2260 2649 in
2288 2601 2456 2650 vasta
2483 2595 2816 2666 solitudine,
2835 2596 2935 2651 ubi
2964 2598 3183 2652 culices
3210 2603 3461 2669 possunt
3485 2597 3578 2654 vel

1922 2699 2206 2753 aprorum
2241 2684 2423 2755 pelles
2456 2686 2743 2748 sauciare,
2777 2701 2966 2756 quum
3006 2687 3120 2741 sint
3149 2703 3338 2759 aeque
3371 2689 3574 2758 magni

1923 2781 1986 2828 ut
2015 2790 2256 2844 vespae.
2276 2775 2362 2827 Ab
2387 2774 2650 2842 iisigitur
2679 2781 2833 2829 totus
2856 2776 2935 2829 ita
2958 2777 3262 2830 sauciatus
3286 2783 3393 2842 est,
3427 2784 3488 2831 ut
3520 2786 3577 2832 et

1922 2863 2108 2919 aculei
2125 2864 2186 2919 in
2211 2869 2325 2918 toto
2340 2879 2587 2934 corpore
2610 2864 2803 2934 ipsius
2830 2865 3194 2931 viderentur,
3212 2883 3280 2921 ac
3300 2866 3573 2921 nonnulli

1923 2952 2247 3014 crederent,
2299 2951 2691 3022 elephantiasi
2732 2968 2868 3007 eum
2911 2953 3204 3008 laborare.
3249 2956 3574 3009 Reversum

1924 3057 2065 3096 vero
2112 3042 2170 3095 in
2203 3041 2479 3096 cellulam
2511 3056 2684 3095 suam
2728 3056 2793 3096 ex
2827 3040 2955 3098 sola
2987 3058 3129 3097 voce
3162 3049 3576 3111 cognoverunt

1925 3130 2243 3186 Macarium
2274 3144 2424 3185 esse.

1999 3395 2193 3466 Cupiit
2223 3393 2570 3466 aliquando,
2603 3399 2661 3449 ut
2683 3394 2859 3449 nobis
2887 3395 3015 3465 ipse
3038 3397 3322 3463 narravit,
3345 3400 3576 3468 ingredi

1928 3491 2410 3549 monumentum,
2456 3482 2622 3554 quod
2659 3483 2876 3538 dicitur
2905 3487 3227 3558 κηποτάφιον
3265 3487 3488 3544 Jannes
3520 3493 3578 3546 et

1927 3575 2196 3631 Jambres
2210 3588 2549 3642 magorum,
2565 3573 2668 3644 qui
2691 3572 3208 3646 fuerunttempore
3222 3576 3576 3644 Pharaonis,

1927 3663 2169 3718 videndi
2196 3677 2400 3730 causa,
2426 3667 2528 3715 aut
2554 3661 2905 3727 daemones,
2936 3663 3040 3732 qui
3063 3663 3143 3717 ibi
3174 3671 3331 3731 sunt,
3365 3681 3580 3722 conve-

1929 3751 2151 3806 niendi.
2183 3751 2539 3805 Dicebantur
2561 3750 2720 3805 enim
2755 3750 2915 3804 multi
2949 3751 3104 3822 iique
3137 3752 3360 3809 feroces
3392 3755 3474 3810 ibi
3505 3758 3581 3812 ab

1929 3841 2040 3896 illis
2058 3839 2324 3895 collocati
2358 3854 2487 3893 esse
2519 3839 2845 3894 daemones
2878 3855 2981 3909 per
3010 3841 3422 3899 excellentiam
3456 3861 3583 3901 ma-

1932 3932 2096 4000 gicae
2122 3930 2282 3992 artis,
2308 3943 2430 3999 qua
2453 3928 2677 3998 primas
2706 3929 3063 3998 quoqueillo
3095 3937 3362 4002 tempore
3385 3940 3582 4004 partes

1933 4020 2095 4091 apud
2123 4019 2490 4072 Pharaonem
2513 4016 2867 4070 habuerunt.
2901 4018 3010 4080 Qui
3035 4018 3114 4074 ita
3144 4023 3300 4075 nacti
3324 4028 3582 4090 potesta-

1933 4109 2131 4165 temin
2173 4112 2454 4175 Aegypto,
2490 4111 2750 4175 tempore
2784 4105 2935 4159 vitae
2975 4123 3119 4162 suae
3159 4124 3228 4162 ex
3269 4109 3581 4180 quadratis

1933 4196 2235 4268 lapidibus
2265 4200 2723 4249 construxerunt
2751 4193 2897 4247 illud
2929 4210 3102 4265 opus,
3135 4197 3193 4250 in
3223 4213 3345 4266 quo
3373 4214 3586 4253 monu-

1935 4292 2204 4340 mentum
2260 4283 2522 4338 fecerunt
2563 4290 2618 4336 et
2674 4283 2924 4338 multum
2978 4284 3108 4338 auri
3153 4285 3584 4356 deposuerunt,

1937 4375 2132 4430 omnis
2162 4387 2402 4444 quoque
2434 4374 2662 4442 generis
2697 4372 2942 4427 arbores
2976 4373 3342 4444 plantarunt,
3383 4381 3440 4431 et
3470 4393 3584 4448 pu-

1939 4469 2096 4519 teum
2120 4477 2314 4533 aquae
2337 4461 2669 4516 maximum
2690 4461 2987 4526 foderunt,
3009 4469 3316 4533 sperantes
3338 4464 3584 4535 quidem

1939 4552 2080 4616 fore,
2103 4557 2164 4606 ut
2186 4558 2322 4622 post
2351 4566 2526 4605 suum
2549 4550 2688 4604 hinc
2716 4549 2852 4605 illuc
2885 4550 3219 4605 discessum
3249 4551 3586 4609 fruerentur

1939 4641 2162 4696 deliciis
2195 4642 2254 4695 in
2280 4640 2394 4695 hoc
2426 4639 2728 4710 paradiso.
2765 4641 2980 4695 Servus
3007 4640 3184 4709 igitur
3223 4639 3438 4698 Christi
3466 4646 3585 4700 Ma-

1583 4822 1814 4879 VARLE
1842 4822 2134 4878 LECTION
2142 4822 2244 4876 ES.

292 5006 342 5038 ⁹⁶
371 5003 491 5058 ΡΓο
529 5005 633 5053 καὶ
666 5000 915 5060 κλάσας
942 5031 1008 5039 -
1048 4997 1302 5051 ἐσθίειν
1333 4997 1374 5050 Β
1405 4995 1481 5048 τὰ
1507 4994 1896 5067 βουκελάτα,
1924 4993 2308 5077 οἶὲμέκςζοξρ,
2353 4991 2666 5077 εἰςυμικρῆἀ
2692 4991 2932 5077 τρίψας
2958 4994 3269 5077 ἀπέϐᾼαλεν
3302 4999 3388 5061 εἰς
3417 5002 3593 5077 κερά-

220 5095 339 5146 μια
397 5080 720 5126 τοσοῦτον
749 5076 962 5147 μόνονΔ
997 5073 1244 5147 ἐσθίειν
1302 5060 1587 5147 κρίναςλ.
1621 5069 1806 5147 Πιμ-εν
1846 5081 1967 5147 om.
1996 5067 2052 5118 Β.
2132 5060 2275 5147 "fi":
2301 5079 2422 5147 om.
2457 5060 2540 5147 B.’
2591 5060 2639 5098 δί’
2673 5060 3124 5147 φὴςὲοωηὰηί
3153 5071 3198 5124 Α
3233 5060 3598 5147 συνεχώρει

223 5136 404 5218 ἱρησὶ.
438 5147 462 5180 ³
516 5145 558 5197 Β
597 5147 664 5196 τὸ
720 5136 872 5218 μηθ’
913 5141 1090 5204 ὅλως.
1170 5136 1488 5218 ³ΑΒέοῦτως
1520 5136 1606 5218 65".
1687 5136 2109 5218 ξΒηοῦγκέοξς
2136 5144 2207 5194 τῆ
2232 5157 2296 5218 ςη
2347 5136 2685 5218 ἡμετέρας.
2765 5138 3148 5218 δβοτιζεητόν
3184 5157 3308 5218 om.
3344 5136 3594 5209 ΒξἈ”τὸ.

223 5206 413 5270 εἷσον
447 5232 568 5270 om.
601 5222 669 5270 A.
720 5206 764 5248 ’⁷
798 5211 868 5266 δὲ
898 5230 1019 5268 om.
1055 5221 1119 5268 A.
1199 5213 1219 5246 ⁸
1261 5213 1359 5263 ὅτι
1411 5227 1534 5267 om.
1569 5206 2167 5289 13.8“9‘l3‘siaﬁ196v.
2200 5278 2211 5289 ‘
2249 5208 2296 5242 ¹⁰
2351 5206 2598 5289 ἡμέράς
2629 5222 2751 5289 9m.
2788 5211 2853 5263 A.
2930 5211 2977 5289 f1
3004 5213 3296 5289 ξφη,ὑπο
3359 5206 3597 5289 στέγην

225 5319 288 5328 __
320 5309 446 5362 μου
479 5303 600 5343 οω,
637 5287 699 5340 Β,
743 5288 790 5321 1³
815 5290 920 5339 Pro
949 5292 1071 5337 Τοῦ
1119 5283 1308 5354 ἁγίου
1335 5313 1403 5322 -
1433 5283 1596 5354 πρωί
1722 5279 1983 5362 ὶΑλλοτέὶ
2016 5296 2165 5330 ποτε
2193 5278 2250 5329 ἐν
2295 5277 2494 5362 κέλλή
2542 5282 2780 5362 ¹ἰίοιτξότου
2834 5277 3329 5362 καθεζομένου,-
3374 5288 3419 5322 1:
3453 5277 3597 5344 p'r0_

226 5349 462 5414 τοῦτον
533 5357 840 5420 κατέαξεν
874 5349 1555 5428 Βσυνέτρὶψετοῡτὸν-
1637 5352 1986 5428 “Cm-1A5
2018 5349 2467 5428 κορειετέιέῖνοξθέ
2542 5349 2909 5428 “Comi-2A3
2955 5349 3383 5428 κατἐιγνωκὼς
3417 5379 3598 5411 παν*

231 5442 361 5484 τοῦ.
415 5432 460 5467 ιε
494 5431 584 5483 ΑΒ
618 5417 920 5482 σεαρτόν.
970 5429 1011 5463 11
1052 5417 1318 5490 Emend”
1353 5428 1398 5478 A
1449 5427 1816 5493 πανηρέμῳ,
1855 5425 1906 5496 Β,
1946 5417 2177 5496 ἐρήμῳ.
2224 5417 2268 5455 ίέ
2325 5417 2690 5496 Αᾳδυναντε.
2735 5423 2780 5456 ¹⁹
2813 5428 2858 5477 Α
2919 5417 3244 5496 νομίζειν.
3285 5429 3333 5462 ²⁰
3364 5429 3523 5484 Corr.
3559 5434 3597 5485 Β

230 5503 604 5576 ἱλεφοιντία,
658 5504 854 5576 ἐστίν.
899 5501 942 5535 ³1
1057 5497 1158 5550 ἀπὸ
1185 5503 1516 5576 μόνηςτῆις
1732 5489 1777 5555 ςξ
1816 5495 1934 5576 ²²ῌΒ
1966 5489 2297 5576 .”Ηθέ’λρξε
2353 5489 2533 5576 del":
2575 5492 2614 5545 Β
2660 5492 2881 5576 defieri-7'.
2926 5489 3053 5576 ³4
3083 5497 3366 5576 Ἰαμϐρῆ,
3410 5503 3457 5576 2-5
3487 5502 3596 5556 pro

236 5572 292 5624 ἐν
343 5564 518 5642 αὐτῷ
553 5573 692 5642 παρ’
734 5572 938 5624 αὐτῶν
974 5573 1009 5624 Β
1057 5564 1198 5642 παρ⁵
1231 5568 1430 5620 αὐτῶν
1464 5569 1522 5620 ἐν
1553 5564 1773 5635 ἓκείνῳ
1804 5573 1883 5634 τῷ
1913 5569 2102 5634 τόπῳ.
2149 5567 2198 5598 ³⁸
2225 5565 2412 5629 Corr.,
2445 5564 2537 5618 AB
2569 5565 2683 5614 κατ’
2724 5564 2973 5642 ἐκείνῳ,
3008 5569 3053 5602 ³⁷
3086 5571 3143 5642 έν
3168 5564 3391 5642 τῷτῆς
3424 5572 3600 5632 ζωῆς

237 5625 453 5698 αὐτῶν
489 5625 716 5718 ’χρόῦῳ
779 5659 900 5698 om.
938 5642 1004 5694 Β.
1046 5644 1091 5676 ³⁸
1124 5625 1163 5695 Β
1191 5639 1239 5692 ἐν
1288 5640 1530 5724 αὑτῷῆτρ
1587 5625 1769 5724 μνῆμα
1812 5625 2062 5688 «iit-abin.
2107 5637 2151 5670 ”
2184 5638 2223 5690 Β
2251 5625 2408 5710 φρέαρ
2441 5639 2748 5707 μέγιστον
2806 5625 3052 5712 ὤρυξαν
3110 5625 3595 5704 ὒδάτοςίδδΡιλό

238 5715 444 5772 ἐκεῖσε
496 5699 722 5794 ἓῴιξίν
768 5717 806 5770 Β
854 5714 1290 5787 μετάστασιν.
1341 5699 1460 5767 ³¹’Β
1493 5711 1544 5763 ἐν
1584 5699 1825 5780 ἐκείνῳ.
