4092 6252
510 339 659 396 «187

1401 328 1500 385 SS.
1546 323 2035 383 MACARIORUM
2073 320 2411 380 AEGYPTII
2450 319 2538 377 ET
2576 317 3070 378 ALEXANDRINI

3795 325 3886 381 188

554 463 751 519 carius
784 474 973 531 quum
1013 456 1189 520 viam.
1224 470 1381 528 quae
1432 454 1509 509 ad
1547 452 1710 509 hunc
1741 453 1981 507 hortum
2013 449 2198 516 ducit,

2321 444 2499 510 δοῦλος
2553 448 2828 521 Μακάριος
2885 467 3179 520 στοχασμῳ
3253 451 3393 520 μόνῷ
3464 448 3731 507 ἠκολούθει
3794 458 3893 513 τοῖς

554 552 876 623 ignoraret,
910 545 1039 602 sola
1069 544 1410 614 conjectura
1448 544 1688 598 secutus
1726 546 1813 596 est
1842 547 2024 605 astra,
2058 540 2206 594 sicut

555 643 797 704 nautae,
825 637 930 709 qui
961 632 1589 689 mariatransmittunt.
1613 632 1705 686 Sic
1727 636 1908 685 totam
1944 626 2205 700 pervasit

558 721 1338 784 solitudinem.Fasciculum
1359 736 1499 776 vero
1521 719 1883 775 arundinum
1905 718 2109 783 tenuit,
2134 732 2205 772 ex

557 817 776 890 quibus
805 829 989 870 unam
1022 813 1080 867 in
1122 825 1489 882 unoquoque
1536 807 1769 863 milliari
1812 812 2100 878 tanquam
2134 806 2205 861 si-

557 921 746 975 gnum
784 902 1004 976 posuit,
1042 900 1214 972 cujus
1247 914 1360 971 ope
1398 902 1707 954 remearet.
1742 899 1963 952 Novem
1994 895 2204 950 diebus

557 1007 743 1067 prope
773 991 939 1047 illum
962 989 1200 1045 hortum
1228 986 1409 1051 venit,
1444 991 1499 1040 et
1540 991 1712 1041 nocte
1742 999 2067 1056 oppressus
2100 1000 2205 1055 pa-

558 1099 691 1138 rum
722 1079 1024 1136 dormivit.
1065 1076 1383 1149 Improbus
1411 1090 1549 1129 vero
1587 1074 1848 1129 daemon
1880 1073 2207 1141 arundines

557 1172 688 1227 illas
702 1169 979 1226 collectas
995 1166 1071 1222 ad
1086 1164 1406 1235 caputejus
1420 1164 1618 1236 posuit
1635 1162 2090 1235 255,fortasse
2105 1161 2203 1217 Dei

556 1260 852 1332 permissu
878 1256 955 1312 ad
977 1255 1263 1325 majorem
1297 1252 1483 1307 sancti
1511 1253 2012 1314 exercitationem,
2039 1266 2113 1306 ne
2143 1252 2205 1306 in

560 1346 958 1404 arundinibus
981 1344 1236 1399 ducibus
1251 1357 1419 1413 spem
1436 1357 1607 1395 suam
1628 1339 2009 1408 haberet,sed
2025 1340 2206 1409 magis

558 1438 620 1492 in
652 1434 841 1505 gratia
895 1432 1015 1496 Dei,
1064 1432 1165 1503 qui
1223 1446 1327 1501 per
1356 1431 1698 1484 columnam
1740 1429 1892 1497 ignis
1944 1435 2000 1483 et
2028 1430 2207 1483 nubis

558 1522 958 1597 quadraginta
982 1535 1176 1576 annos
1191 1519 1249 1573 in
1264 1519 1378 1573 ista
1397 1516 1710 1572 solitudine
1725 1517 2009 1589 populum
2026 1517 2206 1572 Israel

559 1629 682 1670 non
712 1611 1085 1667 obedientem
1111 1614 1163 1664 et
1192 1613 1623 1679 repugnantem
1646 1606 1914 1661 deduxit.
1950 1609 2207 1675 Surgens

559 1700 742 1772 igitur
759 1698 1085 1756 arundines
1106 1697 1414 1766 colligatas
1432 1695 1673 1750 invenit.
1691 1694 1943 1750 Sanctus
1969 1701 2169 1750 autem
2190 1712 2203 1750 :

2315 540 2553 611 ἄστροις,
2612 539 2844 612 καθάπερ
2893 543 3128 591 ναυτικοὶ
3174 534 3527 601 διαϐαίνοντες
3573 541 3640 591 τὰ
3666 539 3849 612 πελάγη
3878 558 3890 570 °

2314 630 2469 690 οὑτως
2528 624 2585 681 δὲ
2617 630 2663 663 ⁸³
2728 632 2819 685 τήν
2876 630 3064 701 ἔρημον
3135 634 3310 681 πᾶσαν
3391 624 3675 681 διώδευσεν

2317 714 2452 790 δέμα
2477 719 2525 752 ³⁸
2548 716 2790 785 καλάμων
2819 720 2980 789 χάριν
3013 722 3231 789 σημείου
3280 718 3366 770 ἕνα
3403 720 3537 769 κατά
3570 717 3735 789 μίλιον
3762 719 3895 783 ῖστα,

2314 809 2453 868 ὅπως
2483 808 2531 842 ³⁴
2582 803 2656 859 δι’
2687 806 2852 868 αὑτῆς
2913 806 3223 880 ὑποστρέψῃ
3256 808 3321 878 ³⁵,
3371 811 3461 860 καὶ
3518 805 3655 867 ἐντὸς
3710 809 3897 879 ἡμερῶν

2318 894 2361 948 θ’
2388 896 2435 931 ³⁸
2479 894 2700 953 πλησίον
2748 902 2839 947 τοῦ
2887 899 3057 952 κήπου
3086 900 3282 967 γέγονε,
3330 899 3419 947 καὶ
3458 898 3639 956 νυκτὸς
3686 894 3901 948 καταλα-

2316 984 2514 1047 ϐούσης
2572 986 2756 1058 μικρὸν
2818 981 3166 1043 ἐκαθεύδησεν
3199 1003 3212 1015 θ
3244 986 3269 1037 ό
3321 982 3380 1038 δὲ
3432 989 3659 1060 πονηρὸς
3710 981 3899 1056 δαίμων

2319 1078 2622 1145 συναγαγὼν
2663 1077 2780 1137 τοὺς
2831 1073 3098 1145 καλάμους
3154 1072 3378 1136 ἐκείνους
3428 1078 3557 1148 πρὸς
3608 1081 3667 1147 τῇ
3718 1072 3897 1145 κεφαλῇ

3724 649 3735 662 ·
3769 632 3894 700 ἔχων

2316 1163 2473 1215 αὑτοῦ
2498 1165 2737 1227 τέθεικεν,
2793 1165 2942 1235 τάχα
2982 1170 3073 1215 τοῦ
3112 1167 3239 1216 Θεοῦ
3296 1169 3751 1236 συγχωρήσαντος
3783 1166 3903 1236 πρὸς

2315 1256 2528 1325 μείζονα
2558 1255 2741 1305 τούτου
2767 1256 3082 1325 γυμνασίαν,
3118 1253 3199 1304 ἵνα
3245 1258 3315 1324 μὴ
3356 1249 3558 1324 όδηγίᾳ
3588 1254 3631 1287 ³⁷
3674 1252 3903 1324 καλάμων

2317 1342 2527 1416 ἐλπίζῃ,
2580 1342 2706 1394 ἀλλά
2760 1350 2822 1414 τῇ
2865 1350 2957 1395 τοῦ
3007 1347 3134 1396 Θεοῦ
3173 1346 3363 1417 χάριτι
3428 1342 3645 1415 μᾶλλον,
3703 1350 3792 1394 τοῦ
3820 1339 3903 1398 διὰ

2320 1432 2507 1485 στύλον
2560 1435 2726 1507 πυρὸς
2782 1436 2871 1483 καὶ
2942 1432 3151 1504 νεφέλης
3228 1431 3313 1485 ἐπὶ
3372 1435 3767 1507 τεσσαράκοντα
3821 1433 3901 1489 ἔτη

2317 1520 2507 1593 μᾶλλον
2538 1518 2585 1572 ἐν
2641 1520 2803 1593 ἐκείνῃ
2863 1528 2925 1593 τῇ
2996 1520 3169 1593 ἐρὴμω
3220 1524 3303 1573 τὸν
3336 1520 3556 1575 ἀπειθέα
3583 1526 3675 1574 καὶ
3714 1520 3907 1574 ἀντίλο-

2316 1629 2409 1681 γον
2469 1616 2561 1661 τοῦ
2616 1609 2830 1683 Ἰσραήλ
2902 1609 3023 1662 λαὸν
3090 1606 3460 1681 ὁδηγήσαντος
3494 1627 3507 1640 ⁶
3546 1615 3637 1663 καὶ
3699 1609 3905 1670 ἀναστὰς

2319 1700 2456 1773 εὗρεν
2510 1697 2558 1750 ἐν
2604 1695 2783 1770 δεσμῷ
2841 1702 2961 1761 τοὺς
3018 1698 3304 1771 καλάμους,
3358 1700 3503 1771 ἔλεγε
3566 1696 3625 1753 δε
3678 1701 3703 1752 ὁ
3751 1699 3904 1771 ἅγιος,

560 1790 691 1854 Ubi,
706 1789 914 1861 inquit,
930 1788 1004 1841 ad
1018 1786 1259 1842 hortum
1288 1784 1534 1856 propius
1548 1784 1787 1848 accessi,
1806 1800 1873 1838 ex
1899 1799 1965 1839 eo
1983 1784 2207 1853 egressi

2321 1790 2397 1841 ὅτι
2428 1788 2736 1858 ἐγγίσαντός
2785 1807 2884 1859 μου
2936 1796 3008 1857 τῷ
3075 1792 3226 1854 κήπῳ
3270 1788 3482 1850 ἐξῆλθον
3540 1787 3628 1842 ἀπ’
3657 1788 3811 1841 αὑτοῦ
3846 1786 3905 1848 εἰς

558 1886 695 1935 sunt
712 1878 963 1948 mihique
981 1878 1365 1931 occurrerunt
1378 1872 1749 1944 septuaginta
1763 1872 1880 1927 fere
1895 1874 2207 1929 daemones

556 1966 738 2023 variis
765 1964 972 2020 formis
1002 1962 1270 2034 praediti,
1305 1961 1404 2016 alii
1444 1960 1693 2033 quidem
1724 1961 2074 2027 clamantes,
2108 1962 2205 2017 alii

557 2071 699 2111 vero
730 2053 1082 2117 exsilientes,
1135 2051 1230 2106 alii
1286 2066 1424 2106 cum
1475 2063 1698 2117 magno
1739 2050 1975 2105 fremitu
2008 2052 2068 2106 in
2110 2068 2205 2106 me

558 2143 839 2199 dentibus
895 2140 1229 2195 stridentes.
1291 2138 1469 2193 Ceteri
1521 2142 1814 2209 tauquam
1888 2140 2050 2194 corvi
2106 2157 2206 2195 vo-

555 2232 753 2288 lantes
800 2230 1101 2286 audebant
1145 2227 1333 2283 vultui
1374 2242 1509 2281 meo
1550 2226 1833 2281 insultare
1876 2227 2140 2285 dicentes
2188 2244 2202 2282 :

560 2320 712 2387 Quid
734 2320 848 2389 vis,
872 2318 1107 2385 Macari,
1137 2316 1383 2373 tentatio
1424 2315 1858 2370 monachorum
1892 2317 1919 2372 ?
1946 2317 2097 2381 Quid
2128 2318 2207 2374 ad

558 2426 671 2465 nos
703 2408 1001 2465 accessisti
1027 2406 1054 2460 ‘i’
1072 2408 1159 2461 An
1188 2421 1297 2460 nos
1319 2419 1561 2477 quoque
1583 2410 1790 2459 contra
1816 2405 2051 2477 aliquos
2085 2422 2208 2462 mo-

558 2499 892 2554 nachorum
943 2494 1267 2551 machinati
1299 2509 1504 2548 sumus
1539 2494 1565 2547 ?
1604 2494 1744 2557 Qua:
1797 2500 2001 2550 nostra
2046 2500 2205 2561 sunt,

556 2585 745 2642 habes
774 2586 890 2641 illic
923 2601 1059 2640 cum
1093 2583 1175 2638 tui
1208 2581 1529 2641 similibus.
1563 2581 1948 2639 solitudinem
1990 2585 2145 2649 dico,
2178 2601 2209 2640 e

559 2691 682 2747 qua
697 2679 985 2743 cognatos
1015 2676 1248 2728 nostros
1274 2670 1605 2739 fugavistis.
1633 2674 1848 2727 Tecum
1878 2672 2025 2727 nihil
2051 2690 2210 2729 com-

561 2780 744 2818 mune
771 2763 1086 2827 habemus,
1112 2760 1256 2833 quid
1276 2765 1480 2815 nostra
1499 2760 1633 2816 loca
1657 2760 1984 2829 ingrederis
2008 2761 2035 2816 ‘l
2058 2770 2211 2818 Ana-

562 2852 803 2908 choreta
830 2856 1145 2907 contentus
1174 2855 1304 2905 esto
1327 2849 1665 2905 solitudine.
1692 2850 1798 2915 Qui
1828 2850 1987 2905 hunc
2012 2851 2213 2907 locum

560 2940 973 3005 aediﬁcarunt,
1016 2956 1152 2994 eum
1185 2938 1359 2994 nobis
1388 2938 1799 3008 adsignarunt.
1831 2942 1957 2994 Non
1994 2942 2213 3012 poteris

558 3031 655 3089 hic
702 3045 969 3085 manere.
1010 3028 1160 3094 Quid
1192 3028 1433 3100 quaeris
1486 3028 1717 3098 ingredi
1757 3027 1979 3095 locum,
2030 3045 2212 3101 quem

562 3136 740 3175 nemo
762 3118 1100 3180 hominum,
1128 3118 1231 3190 qui
1258 3117 1546 3182 vixerunt,
1577 3133 1647 3171 ex
1669 3132 1790 3188 quo
1815 3123 2079 3189 tempore
2101 3118 2213 3174 fra-

560 3213 699 3273 tres,
729 3208 833 3280 qui
860 3224 998 3263 eum
1013 3206 1427 3270 condiderunt,
1451 3222 1485 3261 a
1504 3205 1675 3260 nobis
1703 3206 1797 3260 hic
1820 3208 2209 3278 sepultisunt,

560 3304 647 3353 est
676 3298 979 3366 ingressus
1010 3294 1037 3349 ?
1065 3296 1318 3351 Sanctus
1345 3295 1588 3362 :Quum,
1609 3294 1824 3360 aiebat,
1848 3295 2102 3351 multum
2128 3297 2213 3350 in-

560 3386 1062 3456 superturbarent
1077 3384 1665 3454 lamentarenturque
1683 3382 2032 3449 daemones,
2048 3384 2171 3439 dixi
2196 3401 2207 3439 :

563 3473 865 3543 Ingrediar
897 3478 1150 3539 tantum,
1186 3471 1424 3537 videbo,
1459 3477 1515 3525 et
1552 3471 1690 3526 hinc
1733 3476 2030 3527 recedam.
2065 3473 2212 3528 Dae-

563 3577 775 3617 mones
819 3577 831 3615 :
880 3561 1020 3625 Hoc,
1087 3560 1386 3631 inquiunt,
1428 3558 1603 3614 nobis
1645 3561 1917 3630 promitte
1962 3561 2021 3616 in
2074 3577 2209 3617 con-

562 3650 807 3706 scientia
840 3655 957 3704 tua.
990 3651 1052 3703 Et
1080 3664 1267 3719 quum
1300 3647 1588 3703 dixissem
1616 3665 1628 3703 :
1662 3648 1780 3703 Hoc
1810 3647 2047 3715 faciam,
2072 3665 2212 3705 con-

561 3738 759 3795 festim
799 3747 1187 3794 evanuerunt.
1236 3738 1541 3807 Ingressus
1590 3737 1786 3805 igitur,
1821 3737 2042 3806 aiebat,
2092 3740 2211 3795 vidi

563 3828 787 3883 omnia.
818 3827 925 3883 Ubi
964 3827 1162 3881 inveni
1202 3825 1422 3880 cadum
1476 3840 1750 3892 aeneum,
1782 3833 1992 3882 catena
2024 3827 2213 3884 ferrea

562 3916 926 3988 pendentem
948 3932 1017 3971 ex
1035 3922 1233 3987 puteo,
1263 3914 1365 3969 sed
1395 3920 1658 3986 tempore
1681 3922 2128 3986 consumptum,
2156 3922 2214 3972 et

563 4005 788 4061 fructus
802 4004 1100 4060 malorum
1121 4004 1432 4068 siccat-um,
1448 4004 1966 4076 quaeintrinsecus
1986 4019 2212 4062 vacuae

562 4098 751 4150 erant.
777 4096 1031 4149 Sanctus
1070 4093 1248 4163 igitur
1284 4108 1475 4164 quum
1506 4092 1735 4164 absque
1770 4094 2213 4164 perturbatione

561 4182 720 4239 illinc
759 4184 1116 4252 recessisset,
1160 4198 1266 4253 per
1306 4182 1509 4253 viginti
1556 4182 1683 4237 dies
1722 4184 2025 4238 remeavit.
2068 4184 2215 4238 Con-

563 4272 815 4343 sumptis
840 4288 977 4327 vero
1001 4271 1243 4326 cibariis
1269 4270 1649 4326 solitudinem
1676 4286 2002 4342 peragrans
2024 4288 2214 4343 paene

560 4359 708 4415 nihil
733 4360 979 4415 omnino
1003 4360 1286 4429 gustavit,
1317 4358 1481 4430 quod
1506 4376 1597 4414 res
1624 4375 1866 4431 quoque
1899 4360 2211 4430 probavit;

560 4453 740 4520 atque
757 4453 978 4504 tentata
994 4452 1082 4503 est
1097 4446 1409 4502 tolerantia
1424 4448 1471 4515 ej
1485 4463 1570 4501 us.
1598 4449 1795 4512 Quum
1813 4448 2084 4517 verojam
2110 4465 2214 4520 pa-

559 4515 686 4592 rum
699 4534 1102 4607 abesset,quin
1118 4534 1723 4597 collaberetur,eieisa
1736 4542 1822 4589 est
1844 4515 2020 4608 256
2038 4515 2213 4591 unum
2248 4515 2293 4570 Β

562 4625 682 4680 fere
713 4623 973 4679 stadium
1002 4623 1234 4677 distans
1265 4621 1462 4693 puella
1480 4621 1781 4693 quaedam
1806 4625 2038 4679 munda
2060 4624 2217 4681 linea

558 4719 717 4768 veste
750 4713 979 4778 induta,
1004 4727 1158 4783 quae
1176 4726 1389 4766 urnam
1418 4710 1659 4766 tenebat
1682 4727 1844 4783 aqua
1868 4712 2204 4785 stillantem,

562 4808 745 4874 atque
775 4817 912 4857 eum
939 4799 1329 4872 provocabat.
1372 4799 1510 4855 Tres
1542 4801 1719 4871 igitur
1754 4801 1879 4856 dies
1909 4801 2216 4873 ingressus

562 4905 699 4945 eam
718 4888 881 4960 vidit,
908 4904 1103 4961 neque
1121 4889 1362 4960 assequi
1378 4888 1567 4959 potuit
1591 4904 1604 4955 ;
1626 4905 1733 4959 spe
1747 4895 1945 4945 autem
1969 4891 2216 4948 bibendi

559 4978 913 5050 languorem
929 4978 1223 5034 sustinuit.
1244 4977 1578 5050 Postquam
1605 4980 1884 5050 apparuit
1901 4980 2216 5038 multitudo

560 5068 924 5127 bubalorum
954 5085 968 5137 ;
1000 5068 1379 5139 reperiuntur
1402 5067 1562 5122 enim
1603 5067 1663 5124 in
1702 5066 1813 5124 illis
1842 5069 2211 5141 regionibus.

2321 1879 2636 1934 συνάντησίν
2667 1897 2766 1949 μου
2799 1879 2923 1930 ὡσεὶ
2948 1879 2990 1928 0’
3019 1880 3065 1912 ³⁸
3098 1878 3341 1949 δαίμονες
3378 1883 3614 1949 παντοίῳ
3654 1882 3907 1950 σχήματι,

2318 1968 2367 2017 οἱ
2407 1968 2495 2037 μεν
2551 1964 2797 2037 βοῶντες,
2830 1968 2880 2018 οἱ
2913 1962 2972 2017 δὲ
3003 1962 3296 2033 πηδῶντες,
3344 1966 3496 2019 ἄλλοι
3545 1966 3751 2039 μεγάλῳ
3787 1963 3911 2039 βρυ-

2316 2063 2434 2125 γμῷ
2485 2054 2749 2126 τρίξοντες
2817 2056 2933 2106 κατ’
2978 2052 3103 2126 ἐμοῦ
3153 2058 3271 2115 τοὺς
3336 2052 3583 2121 ὀδόντας,
3644 2056 3803 2129 ἕτεροι
3854 2056 3911 2114 ὡς

2317 2148 2535 2216 κόρακες
2590 2149 3003 2217 πτερυσσόμενοι
3035 2146 3080 2179 ³9
3141 2143 3364 2216 ἐτόλμων
3441 2148 3587 2199 κατά
3661 2152 3753 2206 τῆς
3801 2142 3912 2216 ἐμῆς

2318 2231 2483 2303 ὄψεως
2519 2231 2751 2303 λέγοντες
2779 2248 2795 2262 ·
2850 2237 2902 2285 τί
2976 2232 3155 2301 θέλεις,
3197 2235 3461 2305 Μακάριε,
3517 2236 3774 2307 πειρασμὲ
3821 2240 3909 2285 τῶν

2316 2328 2601 2393 μοναχῶν;
2664 2326 2716 2372 τί
2770 2324 2901 2394 πρὸς
2930 2323 3067 2393 ἡμᾶς
3116 2327 3461 2396 παραγίνους
3508 2328 3581 2395 μὴ
3638 2328 3727 2376 καὶ
3778 2324 3910 2393 ἡμεῖς

2318 2413 2390 2471 εἶς
2418 2428 2563 2470 τινας
2591 2418 2689 2461 τῶν
2720 2419 2967 2482 μοναχῶν
3018 2410 3379 2485 ἐνηργήσαμεν
3414 2428 3426 2479 ;
3465 2411 3574 2466 ἐκεῖ
3606 2415 3673 2465 τὰ
3700 2414 3911 2484 ἡμέτερα

2317 2502 2476 2570 ἔχεις,
2508 2503 2604 2557 τήν
2656 2501 2866 2573 ἔρημον,
2924 2503 3056 2571 μετά
3091 2509 3192 2553 τῶν
3229 2502 3418 2573 όμοίων
3480 2521 3600 2569 σου,
3634 2501 3779 2574 ἀφ’ᾖς
3801 2503 3910 2560 τοὺς

2322 2594 2584 2658 συγγενεῖς
2636 2589 2781 2658 ήμῶν
2830 2584 3097 2652 ἐδιώξατε,
3147 2586 3298 2643 οὐδὲν
3344 2593 3521 2643 κοινὸν
3562 2594 3751 2663 ἔχομεν
3789 2588 3908 2661 μετὰ

2323 2684 2418 2729 σοῦ
2454 2677 2520 2738 ¹⁸⁰,
2573 2681 2624 2728 τί
2667 2675 2946 2739 ἐπιϐαίνεις
2994 2680 3139 2749 ήμῶν
3169 2686 3274 2739 τοῖς
3321 2683 3508 2743 τόποις
3542 2697 3557 2748 ;
3590 2682 3660 2743 ὡς
3712 2682 3911 2749 ἀναχω-

2321 2770 2488 2839 ρητής
2540 2764 2827 2837 ἀρκέσθητι
2871 2774 2930 2839 τῇ
2978 2770 3152 2839 ἐρήμῳ
3190 2782 3203 2795 ’
3239 2773 3363 2839 ημῖν
3421 2776 3610 2822 τοῦτον
3649 2773 3735 2821 τόν
3768 2772 3909 2820 τόπον

2323 2856 2666 2914 οἰκτίσαντες
2718 2853 3093 2927 ἀπεκλήρωσαν
3133 2871 3147 2885 ·
3194 2856 3252 2908 οὑ
3302 2853 3515 2931 δυνήσῃ
3571 2855 3675 2929 ᾧδε
3705 2864 3864 2930 μεῖναι
3895 2872 3907 2886 °

2322 2947 2374 2995 τί
2409 2946 2583 3005 ζητεῖς
2610 2942 2872 3010 εἰσελθεῖν,
2918 2945 2989 3006 εἰς
3036 2944 3062 2996 ὃ
3103 2946 3146 2980 ⁴¹
3207 2941 3378 3006 οὐδεὶς
3418 2955 3523 2998 τῶν
3589 2951 3788 3010 ζώντων
3836 2942 3912 2995 ἀν-

2326 3034 2541 3106 θρώπων
2613 3032 2862 3098 εἰσῆλθεν,
2935 3032 3019 3105 ἀφ’
3104 3035 3261 3107 οὑπερ
3324 3036 3373 3087 οἱ
3447 3044 3608 3090 τοῦτο
3666 3041 3911 3093 κτίσαντες

2325 3116 2535 3192 ἀδελφοὶ
2564 3122 2613 3155 ⁴²
2644 3122 2725 3193 ὑφ’
2767 3123 2912 3194 ἡμῶν
2961 3118 3146 3176 ἐνθάδε
3175 3120 3645 3183 κατεκηδεύθησαν
3688 3142 3702 3192 ;
3734 3128 3820 3177 καὶ
3848 3124 3913 3174 ἔτι

2321 3208 2483 3262 πολλά
2538 3217 2637 3261 τῶν
2696 3206 2956 3282 δαιμόνων
3040 3217 3429 3286 ταραττομένων
3490 3220 3584 3268 καὶ
3624 3213 3915 3288 ὀλοφυρομέ-

2321 3319 2417 3349 νων
2471 3295 2609 3350 εἰπον
2640 3298 2837 3363 αὑτοῖς,
2899 3305 3079 3370 φησὶν,
3142 3300 3357 3353 εἰσέλθω
3390 3302 3437 3335 ⁸³
3462 3308 3624 3375 μόνον
3654 3308 3743 3355 καὶ
3790 3302 3915 3353 ἱστο-

2321 3392 2465 3461 ρήσω
2520 3392 2607 3440 καὶ
2653 3386 2956 3461 ἀπέρχομαι
3015 3391 3175 3456 ἔνθεν,
3234 3391 3283 3442 οἱ
3331 3386 3391 3443 δε
3448 3388 3736 3463 δαίμονες’
3778 3395 3914 3443 τοῦτο

2322 3478 2446 3547 ἡμῖν
2490 3476 2812 3549 ὁμολόγησον
2869 3476 2918 3528 ἐν
2962 3474 3269 3536 συνειδήσει
3303 3497 3398 3531 σου
3437 3480 3489 3515 ⁴⁸
3536 3503 3549 3516 -
3582 3486 3672 3535 καὶ
3708 3480 3918 3536 εἰπόντος

2323 3584 2422 3637 μου
2457 3585 2470 3597 ·
2522 3573 2675 3618 τοῦτο
2730 3572 2962 3632 ποιήσω,
3031 3567 3184 3629 εὐθὺς
3241 3568 3620 3640 ἠφανίσθησαν
3655 3568 3917 3622 ἐἰσελθὼν

2323 3653 2434 3717 οὖν,
2476 3659 2654 3725 φησὶν,
2694 3654 2991 3728 ἐθεασάμην
3024 3658 3214 3721 πάντα,
3263 3660 3312 3709 ἓν
3363 3658 3441 3719 οἷς
3501 3660 3650 3732 εὗρον
3696 3654 3851 3711 κάδον
3876 3654 3916 3688 ⁸⁵

2323 3742 2556 3813 χαλκοῦν
2626 3740 2829 3818 σιδηρᾷ
2875 3744 3058 3798 ἁλύσει
3113 3748 3429 3819 κρεμάμενον
3495 3751 3635 3801 κατὰ
3664 3754 3754 3801 τοῦ
3784 3748 3919 3818 φρέα-

2322 3850 2427 3895 τος,
2494 3831 2672 3884 λοιπὸν
2718 3834 2767 3868 ⁴⁶
2818 3843 2890 3905 τῷ
2947 3839 3124 3905 χρόνῳ
3188 3835 3536 3901 ἀναλωθέντα,
3583 3842 3675 3890 καὶ
3736 3835 3919 3909 καρπόν

2322 3920 2452 3993 ῥοῶν
2506 3919 2673 3992 ξηρῶν
2731 3920 2883 3975 οὐδὲν
2935 3925 3162 3994 ἑχόντων
3256 3921 3402 3976 ἔνδον
3434 3941 3445 3953 ·
3514 3925 3799 3999 ἀταράχως
3844 3917 3921 3974 οὖν

2324 4007 2510 4061 ἐκεῖθεν
2540 4010 2583 4043 ⁴⁷
2640 4009 2992 4085 ἀναχωρήσας
3045 4014 3070 4063 ό
3117 4011 3265 4083 ἅγιος
3332 4009 3424 4065 διὰ
3504 4018 3679 4068 εἴκοσι
3734 4016 3922 4085 ἡμερῶν

2322 4098 2640 4171 ὑπέστρεψεν
2674 4117 2686 4130 ·
2722 4100 3118 4153 ἀναλωσθείσων
3188 4099 3247 4154 δε
3307 4110 3407 4153 τῶν
3482 4113 3689 4178 τροφῶν
3738 4096 3923 4173 σχεδόν

2325 4183 2439 4238 οὐδ’
2480 4185 2607 4249 ὅλως
2635 4190 2887 4259 ἐγεύσατο
2934 4186 3128 4242 ὁδεύων
3158 4194 3254 4248 τήν
3306 4192 3514 4263 ἔρημον,
3565 4196 3636 4255 ὡς
3674 4196 3763 4244 καὶ
3789 4190 3832 4225 ιε
3869 4188 3921 4238 τό

2325 4281 2544 4348 πρᾶγμα
2608 4273 2819 4343 ἔδειξεν,
2873 4284 2963 4331 καὶ
3012 4278 3078 4339 εἰς
3128 4281 3390 4351 ὑπομονὴν
3462 4279 3804 4358 ἐπειράζετο·
3844 4278 3924 4329 καὶ

2326 4366 2395 4427 ὡς
2425 4362 2581 4435 ἐγγὺς
2611 4363 2805 4436 ἐγένετο
2844 4374 2937 4419 τοῦ
2985 4367 3230 4433 ὀκλάσαι,
3262 4370 3407 4440 ὤφθη
3444 4369 3588 4442 αύτῷ
3632 4371 3795 4431 τιςὼς
3830 4364 3921 4417 ἀπὸ

2329 4450 2549 4506 σταδίου
2581 4454 2793 4508 ἑστῶσα
2849 4462 3003 4531 κόρη,
3058 4458 3292 4530 καθαρὰν
3351 4458 3535 4516 ὀθόνην
3568 4464 3812 4534 φέρουσα,
3842 4454 3922 4504 καὶ

2327 4542 2605 4594 καυκάλιον
2676 4541 2873 4605 ὑδατος
2955 4549 3267 4617 κατέχουσα
3325 4547 3552 4613 στάζον,
3616 4552 3705 4599 καὶ
3752 4550 3921 4597 τοῦτον

2326 4630 2799 4705 προσκαλουμένη’
2830 4637 2921 4686 καὶ
2976 4631 3061 4686 ἰπὶ
3118 4642 3253 4708 τρεῖς
3305 4637 3499 4707 ἡμέρας
3554 4633 3774 4701 ὥδευσε,
3814 4629 3920 4704 βλέ-

2326 4739 2433 4772 πων
2490 4723 2580 4792 μεν
2620 4720 2801 4789 αὑτήν,
2866 4721 3175 4775 καταλαϐεῖν
3224 4720 3284 4776 δε
3339 4728 3410 4796 μή
3456 4720 3716 4791 δυνηθεὶς,
3766 4727 3825 4792 τῇ
3867 4713 3920 4768 δῖ

2327 4804 2501 4861 ἐλπίδι
2556 4818 2646 4861 τοῦ
2689 4818 2823 4863 πιεῖν
2881 4813 3163 4882 ὑπομείνας
3219 4821 3281 4885 τῇ
3344 4812 3524 4886 ἀτονίᾳ
3557 4814 3705 4886 ’μέθ’
3758 4810 3816 4868 ἦν
3845 4805 3917 4858 ἀν·

2329 4898 2483 4969 εφάνη
2516 4897 2709 4959 πλῆθος
2734 4900 2781 4934 ⁴⁹
2815 4898 3087 4971 βουϐάλων
3130 4918 3142 4930 ⁸
3198 4901 3300 4954 εἰσὶ
3356 4904 3458 4977 γὰρ
3518 4901 3567 4954 ἐν
3616 4907 3719 4960 τοῖς
3746 4901 3918 4951 τόποις

2327 4988 2537 5049 ἐκείνοις
2580 5008 2592 5020 ·
2627 4986 2682 5051 ἐξ
2720 4988 2787 5040 ὧν
2812 4994 2912 5060 μία
2940 4991 3144 5061 ἔχουσα
3194 4995 3401 5064 μόσχον
3458 4989 3593 5055 ἐστὶ,
3624 4992 3774 5062 φησὶ,
3803 5000 3916 5036 κατ-

2327 5078 2493 5127 έναντί
2522 5095 2623 5148 μου
2654 5098 2667 5111 ·
2710 5082 2801 5130 καὶ
2836 5074 2983 5147 ἰδὼν,
3042 5079 3124 5131 ὅτι
3162 5078 3295 5154 ἔρρει
3324 5078 3490 5141 αὐτῆς
3533 5082 3592 5134 τὸ
3641 5076 3796 5150 γάλα,
3821 5074 3915 5124 ὑπ’

1903 5268 2166 5326 VARIAE
2204 5270 2498 5329 LECTION
2506 5275 2605 5330 ES.

640 5446 685 5482 ³³
718 5440 953 5503 Αοῦτως
990 5443 1145 5511 καὶ.⁸
1195 5440 1243 5475 ³³
1282 5438 1323 5493 Β
1382 5434 1641 5511 δεσμόν.
1722 5438 1769 5473 ³⁴
1802 5438 1840 5493 Β
1874 5441 2032 5511 πρὸς
2101 5443 2190 5493 τό.

568 5514 837 5588 ὀδηγίῳ.
876 5515 921 5550 ³⁸
949 5515 988 5569 Β
1040 5508 1557 5588 ἐϐδομήκοντῖαξ-
1592 5513 1638 5588 ³-⁸
1708 5512 1787 5588 Ex_
1818 5508 2089 5588 ορρὶ.,-ᾼ
2117 5512 2157 5564 Β
2204 5508 2789 5588 πτεροιοςούμενοι.⁷
2848 5515 2895 5550 ⁴⁰
2934 5516 2974 5569 Β

569 5573 762 5657 Et?"
791 5573 834 5643 Β
876 5588 1049 5657 ἡμῶν
1080 5573 1367 5656 ἀδελφοί.
1398 5584 1493 5657 *⁸³
1524 5583 1579 5657 Β-
1601 5582 1697 5657 ότι
1743 5580 1974 5657 είσίλθω.
2010 5581 2104 5657 Sic
2135 5597 2237 5657 pro
2270 5573 2387 5657 -ὃτι
2422 5573 2898 5657 εἰσελεύσομαι.
2978 5573 3037 5622 η’
3079 5589 3117 5641 Β

566 5651 839 5715 κάδδον.
894 5643 964 5694 Ἵλ⁶
993 5658 1215 5710 λοιπόν
1245 5643 1367 5713 om.
1396 5655 1453 5709 Β.
1532 5654 1579 5688 ⁸⁵⁸⁸
1612 5652 1861 5705 ἐκεῖθεν
1888 5668 2009 5709 om.
2055 5655 2113 5708 Β.

568 5730 638 5789 δὲ
667 5739 859 5787 τοῦτο
888 5729 1134 5793 πλῆθος
1172 5731 1338 5800 αὐτῷ
1376 5725 1673 5798 ἀνεφάνη.

3437 5446 3484 5482 ³⁷
3512 5446 3588 5500 Ex
3622 5437 3794 5501 coni.,
3823 5432 3905 5486 AB

3491 5518 3534 5552 41
3568 5514 3677 5569 Pro
3710 5509 3787 5588 ii;
3814 5503 3902 5588 ὃ

3618 5584 3663 5618 ιι
3708 5582 3747 5634 Β
3801 5582 3899 5627 καί

2984 5446 3031 5479 ³⁸
3064 5446 3101 5498 Β
3165 5442 3358 5497 ἐννέα.

3028 5514 3157 5586 μεθ’
3225 5518 3413 5588 ὑμῶν.

3173 5606 3287 5653 σου,
3344 5594 3541 5644 εἶπον.

2271 5440 2317 5475 ³⁸
2370 5440 2409 5493 Β
2472 5440 2904 5513 ὑποστρέψαι.

2190 5653 2238 5690 ⁴⁸
2270 5654 2311 5708 Β
2342 5656 2415 5715 ὡς
2475 5650 2559 5710 δέ.
2642 5658 2688 5692 ⁴⁹
2720 5644 2978 5731 Ρὲομεθ¹
3005 5660 3076 5717 ἣν
3106 5644 3380 5733 ἀνεφάνη
3423 5659 3659 5718 πλῆθος
3687 5655 3725 5707 Β
3751 5644 3898 5723 μετὰ
