4092 6252
226 329 323 387 189

225 453 441 508 εισελθὼν
469 455 549 504 καὶ
590 448 826 510 θηλάσας
864 447 1126 520 ἠρκέσθην
1156 465 1168 479 ο
1199 445 1230 504 ἣ
1269 447 1311 488 ⁵ο
1339 450 1428 496 καὶ
1485 446 1598 514 θείῳ
1628 462 1790 517 προσ·
1820 446 1866 499 Α

225 545 437 612 τάγματι
462 541 827 613 πειθαρχοῦσα
877 536 1147 594 ἠκολούθει
1195 536 1286 597 ἕως
1318 543 1412 596 τῆς
1441 533 1638 596 κε’λλης,
1667 531 1790 604 ἐμοῦ

225 634 306 703 μὲν
342 630 628 691 θηλάζοντος
672 629 714 663 ⁵¹
774 627 958 696 αὐτὴν,
1009 629 1094 678 τὸν
1155 621 1212 677 δε
1255 629 1463 696 μόσχον
1511 623 1666 682 αὐτῆς
1717 625 1787 693 μὴ

227 718 480 792 δεχομένη.

279 984 474 1038 Ἀλλοτε

210 1075 431 1148 ὀρύσσων
480 1076 526 1109 ⁵²
585 1078 741 1148 φρέαρ
775 1074 801 1124 6
855 1073 1084 1144 ἐνάρετος
1116 1071 1164 1104 ⁸³
1209 1070 1357 1131 οὗτος
1396 1069 1468 1130 εἰς
1501 1068 1794 1120 ἀνάπαυσιν

576 983 730 1036 πάλιν
804 982 1026 1040 πλησίον
1103 983 1268 1056 θρύων
1362 984 1448 1032 καὶ
1523 979 1794 1052 φρυγάνων

210 1172 439 1236 μοναχῶν
461 1165 559 1215 ύπὸ
595 1158 826 1223 ἀσπίδος
856 1158 1066 1231 ἐδήχθη
1099 1178 1110 1190 ·
1143 1159 1464 1234 ἀναιρετικὸν
1495 1155 1552 1210 δε
1583 1158 1656 1210 ἰόν
1681 1161 1794 1228 ἔχει

212 1261 353 1306 τοῦτο
389 1257 444 1305 τό
477 1255 657 1326 θηρίον
688 1273 698 1284 ·
745 1248 1062 1324 δραξάμενος
1090 1246 1178 1302 οἶν
1219 1259 1308 1310 τῆς
1340 1244 1566 1308 ἀσπίδος
1597 1248 1622 1298 6
1648 1246 1798 1316 άγιος

215 1351 321 1402 ταῖς
367 1348 548 1413 χερσὶν
599 1341 700 1393 ἀπὸ
747 1350 846 1393 τῶν
901 1340 1175 1410 χελυνείων
1226 1340 1272 1374 ⁵⁴
1333 1337 1498 1399 αύτῆς
1529 1333 1796 1410 διέρρηξεν

212 1431 360 1488 αὐτὴν
406 1431 556 1482 εἰπών
613 1450 626 1462 ο
678 1435 749 1502 μὴ
799 1429 1195 1488 ἀποστείλαντος
1239 1429 1286 1463 ⁵⁵
1343 1447 1399 1480 σε
1455 1430 1651 1498 Κυρίου
1698 1445 1796 1498 μου

207 1529 303 1580 πῶς
330 1520 610 1592 ἐτόλμησας
645 1524 710 1572 σὺ
732 1525 862 1592 πρός
891 1537 954 1589 με
991 1518 1185 1583 ἐλθεῖν;

269 1609 428 1669 Οὗτος
475 1611 500 1660 6
542 1613 706 1680 μέγας
765 1609 1038 1681 Μακάριος
1111 1604 1394 1678 διαφόρους
1440 1603 1614 1663 κέλλας
1660 1601 1799 1673 εἶχεν

198 1697 244 1749 ἐν
270 1706 330 1770 τῇ
374 1701 572 1772 ἐρήμῳ,
605 1697 651 1748 ἐν
683 1699 766 1759 αἶς
803 1701 922 1758 τοὺς
949 1697 1140 1757 ἄθλους
1167 1703 1258 1755 τῆς
1292 1694 1472 1766 ἀρετῆς
1505 1693 1795 1768 εἰργάζετο,

197 1792 318 1858 μίαν
392 1791 440 1838 ἓν
515 1795 578 1858 τῇ
658 1792 832 1844 Σκήτει
908 1794 968 1857 τῇ
1048 1781 1294 1857 ἕνδοτέρᾳ
1370 1785 1418 1818 ⁵⁸
1498 1781 1874 1854 πανερημῳ,Β

197 1881 317 1947 μίαν
378 1876 444 1936 εἰς
521 1874 722 1934 Λιϐύην
798 1877 844 1910 ⁵⁷
899 1874 964 1934 εἰς
1021 1877 1086 1926 τά
1137 1873 1385 1945 λεγόμενα
1440 1871 1636 1938 κελλία,
1712 1875 1801 1922 καὶ

198 1963 348 2020 α’ἷλλην
388 1964 456 2024 εἰς
497 1969 556 2016 τὸ
606 1967 719 2035 ὅρος
761 1971 854 2025 τῆς
903 1968 1143 2035 Νιτρίας.
1189 1967 1280 2014 καὶ
1329 1963 1383 2012 αἱ
1431 1965 1520 2033 μέν
1564 1960 1694 2012 εἰσιν
1753 1961 1800 1993 ⁵³

197 2049 523 2125 αθυρίδωτοι,
606 2053 672 2112 εἰς
747 2052 810 2111 ἃς
857 2052 1053 2122 ἐλέγετο
1110 2053 1134 2102 ό
1187 2058 1460 2125 Μακαριος
1500 2048 1546 2101 ἓν
1607 2057 1667 2120 τῇ
1746 2047 1799 2119 μ’

197 2144 499 2206 καθέζεσθαι
545 2143 595 2177 ⁵⁸
636 2141 686 2194 ἐν
722 2146 910 2212 σκοτίᾳ
998 2143 1027 2198 ἡ
1065 2137 1123 2193 δε
1167 2140 1293 2198 άλλη
1329 2139 1480 2193 κέλλα
1521 2140 1798 2194 στενοτάτη

197 2232 396 2306 ὑπῆρχε
427 2235 590 2296 πάνυ,
619 2231 691 2293 εἰς
722 2231 782 2289 ἣν
813 2234 1034 2284 εκτεῖναι
1073 2233 1188 2290 τούς
1221 2233 1270 2271 ⁸ο
1299 2225 1467 2288 πόδας
1499 2229 1590 2280 ούκ
1620 2226 1680 2286 ἦν
1707 2249 1718 2260 ·
1768 2230 1796 2286 ἠ

201 2316 252 2372 δὲ
293 2326 442 2393 τρίτη
477 2321 779 2395 πλατυτέρα
809 2321 849 2356 ⁶¹
904 2317 982 2384 ἦν,
1025 2318 1072 2371 ἐν
1106 2321 1136 2392 ᾖ
1177 2324 1267 2371 καὶ
1313 2320 1668 2390 συνετύγχανε
1697 2325 1802 2378 τοῖς

199 2414 318 2480 πρός
357 2409 517 2462 αὑτὸν
552 2418 826 2481 φοιτῶσιν.

264 2499 424 2561 Οὗτος
501 2501 528 2550 6
600 2497 828 2569 φιλόθεος
907 2505 1150 2550 τοσοῦτον
1239 2495 1434 2556 πλῆθος
1495 2494 1805 2568 ἐθεράπευσε

200 2582 585 2659 δαιμονῶντων,
653 2589 717 2647 ὡς
766 2607 836 2658 μη
887 2583 1086 2660 ῥᾳδίως
1148 2588 1356 2645 τούτους
1423 2582 1807 2636 ύποϐἀλλεσθαι

199 2675 398 2748 ἀριθμῷ
435 2695 446 2706 ·
478 2680 755 2745 παρόντων
812 2671 870 2726 δε
920 2676 1066 2745 ἡμῶν
1123 2677 1252 2745 πρὸς
1300 2681 1480 2727 τοῦτον
1538 2677 1624 2725 τὸν
1665 2674 1806 2724 ὅσιον

198 2768 444 2836 παρθένος
491 2785 577 2825 τις
632 2762 734 2815 ἀπὸ
799 2762 1207 2828 Θεσσαλονίκης,
1272 2762 1480 2833 εὐγενὴς
1535 2770 1607 2831 τῷ
1650 2767 1804 2832 γένει,

195 2852 420 2906 πλουσία
464 2863 541 2925 τῷ
597 2851 699 2926 βίῳ
757 2853 824 2916 ⁸³,
889 2847 1126 2924 φοράδην
1191 2853 1470 2922 ἐκομίσθη,
1538 2851 1807 2902 πολυετίαν

195 2946 398 3013 ἔχουσα
471 2943 522 2994 ἐν
601 2941 893 3015 παραλύσει
956 2962 969 2974 ·
1019 2946 1109 2993 καὶ
1196 2944 1360 3011 τούτῳ
1434 2941 1809 3012 προσαχθεῖσα

199 3028 372 3104 ἐρρίφη
435 3034 663 3088 πλησίον
707 3038 798 3089 τῆς
847 3029 1004 3081 αὐτοῦ
1053 3029 1232 3090 κέλλης
1267 3050 1279 3061 ·
1305 3029 1371 3088 εἰς
1413 3028 1471 3085 ἢν
1517 3027 1808 3098 σπλαγχνι-

203 3123 336 3180 σθεὶς
395 3127 480 3172 καὶ
552 3119 907 3191 ἐπευξάμενος,
962 3117 1113 3189 ἐλαίῳ
1169 3119 1300 3190 ἁγίῳ
1381 3117 1595 3189 ἀλείφων
1645 3117 1807 3175 αὐτὴν
1839 3142 1879 3197 C

201 3216 310 3268 ταῖς
339 3217 494 3262 αὑτοῦ
543 3214 754 3282 χερσὶν,
813 3212 905 3260 καὶ
938 3206 1148 3267 ἐκτενῶς
1193 3209 1320 3279 ὑπὲρ
1369 3207 1534 3268 αὐτῆς
1583 3225 1805 3281 προσευ·

202 3301 422 3369 χόμενος
473 3306 682 3368 συχνῶς
727 3298 771 3330 ⁸³
836 3295 920 3348 ἐπὶ
968 3299 1136 3348 εἰκοσι
1206 3297 1398 3367 ἡμέρας
1448 3299 1639 3351 ταύτην
1684 3295 1803 3364 ύγιῆ

208 3385 274 3444 εἰς
327 3390 418 3442 τήν
482 3385 667 3446 ἑαυτῆς
734 3384 1000 3436 ἀπέστειλε
1062 3383 1210 3436 πόλιν
1278 3385 1346 3446 5‘,
1430 3380 1589 3444 ἰδίοις
1653 3388 1808 3434 ποσὶν

213 3470 535 3524 ἀπελθοῦσαν
566 3475 634 3538 ⁸⁵,
684 3477 796 3535 ἧτις
844 3473 1036 3531 πολλὴν
1080 3476 1435 3546 καρποφορίαν
1469 3470 1734 3524 ἀπέστειλε
1762 3472 1807 3506 ⁸⁸

219 3567 330 3621 τοῖς
360 3559 545 3631 ἁγίοις.

283 3650 450 3711 Οὗτος
479 3652 504 3702 ὁ
546 3655 699 3724 μέγας
742 3654 1014 3725 Μακάριος
1064 3649 1289 3711 ἀκούσας
1342 3652 1408 3716 ⁸⁷,
1461 3652 1541 3703 ὅτι
1586 3651 1812 3722 μεγάλην

208 3742 399 3811 ἔχουσι
464 3741 724 3794 πολιτείαν
783 3745 833 3794 οἱ
900 3740 1346 3808 Ταϐεννησιῶται,
1400 3744 1814 3812 μεταμφιεσάμε·

205 3847 287 3889 νος
343 3830 390 3864 ⁸⁸
439 3836 530 3881 καὶ
583 3829 852 3882 ἀναλαϐὼν
913 3833 1170 3901 κοσμικόν
1227 3837 1419 3902 σχῆμα
1457 3829 1699 3902 ἐργάτου,
1743 3823 1815 3880 δι’

205 3920 404 3993 ἡμερῶν
439 3919 499 3972 ιε’
535 3919 771 3979 εἰσῆλθεν
804 3920 870 3980 εἰς
896 3925 990 3978 τήν
1026 3915 1287 3977 Θηϐαΐδα
1334 3919 1429 3971 διὰ
1474 3927 1568 3980 τῆς
1623 3918 1816 3993 ἐρήμου

205 4004 428 4070 ὁδεύσας
461 4009 509 4043 ⁶⁹
549 4030 560 4041 ·
597 4014 688 4060 καὶ
727 4007 881 4060 ἐλθὼν
913 4007 960 4060 ἐν
992 4016 1064 4078 τῷ
1117 4007 1423 4082 ἀσκητηρίῳ
1449 4016 1546 4060 τῶν
1567 4007 1818 4064 Ταϐεννη·

212 4105 413 4149 σιωτῶν
485 4099 731 4158 ἐπεζήτει
790 4100 876 4149 τὸν
922 4093 1351 4170 ἀρχιμανδρίτην
1396 4096 1564 4148 αὐτῶν
1631 4101 1822 4167 Παχώ-

200 4205 338 4256 μιον,
407 4183 591 4258 ἄνδρα
683 4183 1062 4257 δοκιμώτατον,
1139 4191 1224 4238 καὶ
1275 4189 1556 4260 ηχάρισμα
1632 4187 1823 4255 ἔχοντα

633 4273 898 4347 ἀπεκρύϐη
943 4276 989 4309 ⁷⁵
1023 4271 1081 4327 δε
1109 4278 1276 4346 τούτῳ
1305 4277 1350 4309 ’¹¹
1389 4277 1456 4327 τὰ
1481 4276 1615 4326 κατά
1656 4275 1704 4308 ⁷³
1737 4276 1822 4325 τὸν

210 4369 373 4435 μέγαν
432 4366 484 4400 ⁷³
530 4367 824 4438 Μακάριόν,

210 4281 540 4349 προφητικὸν
579 4290 591 4302 ⁸

899 4368 1201 4436 περιτυχὼν
1258 4365 1305 4398 ⁷⁴
1352 4363 1442 4416 οὖν
1496 4363 1637 4433 αύτῷ
1689 4363 1824 4433 λέγει

1039 317 1146 376 SS.
1189 312 1687 375 MACARIORUM
1727 313 2065 375 AEGYP’I‘II
2112 314 2198 374 ET
2237 317 2724 376 ALEXANDRINI

3452 326 3556 385 190

1903 445 1942 497 Ε
1971 443 2215 514 quibus,
2243 443 2460 509 aiebat,
2488 461 2606 501 una
2636 445 2884 502 vitulum
2916 447 3147 504 habens
3180 450 3322 507 mihi
3354 467 3426 508 ex
3443 453 3550 510 ad-

1901 548 2074 588 verso
2109 533 2283 587 stetit.
2319 534 2498 604 Cujus
2531 541 2762 591 uterum
2794 553 2981 606 quum
3005 538 3154 595 lacte
3177 540 3359 595 ﬂuere
3392 542 3553 598 vide-

1901 636 2047 688 rem,
2082 623 2325 686 accessi,
2349 626 2405 676 et
2433 638 2626 695 usque
2657 623 2732 678 ad
2759 625 3090 681 satietatem
3117 632 3374 683 nutritus
3394 647 3550 686 sum.

1902 715 1981 765 Ac
2012 709 2214 764 divino
2259 710 2458 779 jussui
2493 727 2706 782 parens
2754 730 2848 769 me
2890 721 3093 772 secuta
3133 722 3224 771 est
3256 734 3444 790 usque
3476 719 3554 774 ad

1903 797 2134 863 cellam,
2160 804 2214 853 et
2247 814 2338 854 me
2359 799 2603 870 quidem
2637 803 2893 869 nutrivit,
2924 819 3117 876 neque
3134 821 3271 862 vero
3302 807 3554 864 vitulum

1904 904 2083 942 suum
2114 887 2374 943 admisit.

1977 978 2199 1030 Rursus
2257 976 2405 1031 alias
2456 977 2551 1032 hic
2600 979 2806 1035 virtute
2859 983 3162 1053 praeditus
3210 984 3318 1051 vir,
3365 1001 3556 1057 quum

1905 1081 2092 1137 prope
2123 1064 2264 1120 folia
2290 1070 2347 1120 et
2372 1072 2676 1122 sarmenta
2715 1075 2959 1140 puteum
2984 1071 3208 1128 foderet
3234 1074 3292 1128 in
3325 1090 3553 1130 recrea-

1906 1154 2127 1209 tionem
2158 1155 2621 1225 monachorum,
2655 1159 2732 1213 ab
2756 1160 2965 1229 aspide
2994 1178 3225 1217 morsus
3248 1170 3354 1219 est.
3385 1163 3555 1230 Quod

1907 1244 2133 1299 animal
2162 1244 2334 1299 letale
2357 1261 2651 1302 venenum
2678 1247 2876 1303 habet.
2903 1251 3352 1320 Apprehensam
3379 1254 3554 1322 igitur

1909 1350 1943 1389 a
1959 1332 2234 1388 faucibus
2253 1334 2526 1403 aspidem
2547 1341 2788 1390 sanctus
2812 1337 3111 1394 ambabus
3135 1340 3417 1395 manibus
3438 1342 3560 1396 dis-

1909 1422 2147 1491 cerpsit,
2181 1429 2280 1476 et:
2326 1424 2541 1490 Quum,
2585 1425 2793 1495 inquit,
2830 1432 2882 1480 te
2931 1443 3051 1482 non
3099 1429 3322 1484 miserit
3369 1431 3560 1485 Domi-

1909 1527 2024 1565 nus
2058 1527 2246 1577 meus,
2275 1513 2585 1583 quomodo
2616 1529 2764 1568 ausa
2791 1531 2853 1568 es
2886 1516 2964 1570 ad
2997 1533 3091 1572 me
3121 1519 3401 1574 accedere
3425 1519 3454 1570 ‘2

1981 1600 2082 1654 Hic
2099 1601 2385 1656 Macarius
2405 1617 2662 1669 magnus
2683 1603 2950 1658 diversas
2965 1605 3140 1660 cellas
3159 1607 3215 1661 in
3240 1607 3561 1663 solitudine

1911 1688 2140 1757 habuit,
2161 1689 2455 1760 inquibus
2477 1691 2805 1746 certamina
2831 1693 3059 1748 virtutis
3085 1696 3346 1765 peregit:
3377 1712 3560 1752 unam

1911 1778 2158 1849 quidem
2188 1778 2244 1832 in
2281 1779 2464 1843 Scete,
2498 1796 2652 1850 quae
2683 1781 2845 1849 regio
2875 1788 2960 1836 est
2993 1784 3050 1837 in
3083 1785 3356 1840 interiore
3397 1791 3566 1842 vasta

1914 1867 2253 1932 solitudine,
2278 1883 2459 1922 unam
2483 1869 2540 1922 in
2567 1869 2748 1940 Libya
2772 1871 2829 1924 in
2859 1871 3242 1944 Celliis,quae
3262 1874 3560 1942 dicuntur,

1912 1962 1967 2011 et
1994 1955 2173 2011 aliam
2198 1958 2254 2010 in
2289 1962 2488 2012 monte
2519 1958 2751 2013 Nitriae.
2788 1959 2865 2014 Ex
2896 1960 3120 2031 quibus
3144 1962 3296 2017 aliae
3318 1963 3563 2033 quidem

1911 2046 2066 2100 ostio
2096 2045 2402 2110 carebant,
2437 2046 2494 2100 in
2526 2046 2744 2117 quibus
2770 2048 3058 2103 Macarius
3084 2049 3392 2105 dicebatur
3423 2057 3565 2106 tem-

1913 2150 2056 2204 pore
2087 2134 2588 2205 quadragesimae
2613 2137 2819 2191 sedere
2850 2138 2908 2191 in
2943 2137 3219 2194 tenebris.
3248 2139 3442 2196 Altera
3464 2157 3566 2196 au-

1914 2229 2031 2278 tem
2063 2223 2209 2278 cella
2242 2223 2426 2278 multo
2458 2227 2766 2293 angustior
2795 2231 2921 2281 erat
2952 2228 3174 2294 ceteris,
3209 2228 3268 2282 in
3295 2244 3417 2300 qua
3456 2245 3566 2286 nec

1894 2313 2129 2384 'pedem
2148 2313 2463 2368 extendere
2487 2319 2736 2384 poterat.
2767 2316 2955 2371 Tertia
2978 2331 3116 2371 vero
3139 2316 3397 2389 amplior
3421 2323 3563 2384 erat,

1916 2401 1976 2456 in
2007 2418 2127 2473 qua
2158 2403 2334 2458 etiam
2353 2418 2454 2458 eos
2477 2403 2894 2470 conveniebat,
2927 2405 3031 2477 qui
3055 2405 3132 2461 ad
3156 2407 3352 2477 ipsum
3384 2407 3568 2462 venti-

1916 2489 2142 2544 tabam.

1989 2580 2088 2634 Hic
2127 2580 2212 2633 vir
2270 2584 2511 2634 sanctus
2552 2584 2780 2635 tantam
2825 2582 3265 2637 multitudinem
3325 2582 3566 2640 sanavit

1916 2683 2144 2731 eorum,
2186 2667 2287 2739 qui
2322 2683 2357 2722 a
2383 2668 2782 2724 daemonibus
2817 2671 3202 2737 vexabantur,
3235 2677 3295 2726 ut
3325 2687 3427 2727 eos
3464 2688 3570 2727 nu-

1919 2756 2207 2812 merando
2233 2756 2396 2812 haud
2421 2757 2588 2812 facile
2613 2773 3016 2827 percenseres.
3042 2763 3236 2824 Quum
3271 2777 3380 2816 nos
3403 2760 3571 2816 ades-

1917 2845 2212 2910 semus,ad
2226 2845 2385 2900 hunc
2400 2854 2663 2900 sanctum
2681 2848 2845 2916 virgo
2862 2847 3284 2905 Thessalonica
3296 2849 3567 2915 oriunda,

1918 2935 2136 2990 nobilis
2177 2950 2392 3002 genere
2419 2941 2474 2988 et
2514 2935 2571 2988 in
2598 2935 2710 2990 hac
2743 2937 2860 2992 vita
2891 2938 3077 3004 dives,
3111 2944 3427 3009 apportata
3461 2944 3569 3007 est,

1916 3039 2072 3095 quae
2113 3023 2315 3078 multis
2364 3023 2536 3078 annis
2580 3023 2845 3094 paralysi
2888 3025 3223 3080 laborabat.
3270 3030 3462 3098 Atque
3492 3027 3569 3082 ad

1918 3129 2056 3168 eum
2085 3113 2366 3176 adducta,
2399 3129 2586 3182 prope
2609 3112 2818 3168 cellam
2846 3116 3034 3168 sancti
3059 3118 3319 3185 projecta
3347 3117 3573 3181 est.Qui

1918 3202 2331 3257 misericordia
2344 3209 2682 3256 commotus
2695 3218 2883 3273 quum
2901 3204 2951 3272 2
2965 3204 3071 3275 57
3095 3221 3299 3274 preces
3315 3204 3573 3260 fundens

1917 3296 1972 3346 et
2012 3292 2142 3346 oleo
2175 3294 2385 3345 sancto
2415 3305 2547 3345 eam
2582 3291 2835 3360 prOpriis
2866 3293 2990 3345 suis
3018 3293 3297 3347 manibus
3320 3308 3570 3362 ungeus,

1919 3380 2123 3451 viginti
2141 3379 2355 3434 diebus
2378 3395 2556 3450 super
2573 3394 2707 3434 eam
2729 3379 2937 3435 sedulo
2959 3396 3028 3435 ac
3049 3381 3300 3436 multum
3320 3388 3569 3446 orasset,

1920 3485 2131 3526 sanam
2156 3469 2211 3522 in
2244 3468 2540 3524 civitatem
2573 3469 2702 3538 ejus
2728 3469 2967 3524 dimisit.
3004 3471 3165 3535 Quae
3195 3471 3450 3542 propriis
3477 3486 3576 3542 pe-

1921 3558 2100 3614 dibus
2127 3573 2415 3626 regressa,
2437 3558 2744 3626 copiosam
2773 3559 2992 3614 sanctis
3009 3560 3376 3615 oblationem
3397 3560 3578 3615 misit-

1993 3649 2095 3702 Hic
2127 3663 2380 3715 magnus
2411 3647 2696 3701 Macarius
2717 3664 2906 3718 quum
2939 3650 3245 3714 audiisset,
3269 3651 3575 3706 Tabenne-

1925 3739 2107 3793 siotas
2138 3736 2508 3808 praeclarum
2535 3735 2757 3791 habere
2789 3739 2938 3792 vitae
2969 3739 3320 3804 institutum,
3353 3745 3580 3796 mutata

1929 3834 2086 3882 veste
2104 3826 2498 3897 etadsumpto
2519 3827 2832 3881 mundano
2854 3827 3112 3897 operarii
3128 3828 3358 3895 habitu,
3384 3829 3579 3899 spatio

1926 3914 2272 3987 quindecim
2301 3915 2534 3970 dierum
2567 3915 2624 3970 in
2655 3914 3037 3984 Thebaidem,
3063 3933 3166 3987 per
3197 3917 3580 3974 solitudinem

1929 4004 2246 4075 profectus,
2294 4004 2580 4074 pervenit.
2635 4004 2740 4058 Ubi
2788 4020 2976 4074 quum
3033 4006 3091 4059 in
3146 4006 3580 4061 monasterium

1929 4093 2498 4148 Tabennesiotarum
2534 4092 2806 4156 venisset,
2844 4093 3225 4148 Pachomium
3253 4109 3462 4149 eorum
3492 4110 3582 4149 ar-

1931 4180 2395 4237 chimandritam
2408 4180 2715 4250 quaesivit,
2740 4180 2928 4234 virum
2945 4181 3458 4251 probatissimum,
3478 4181 3583 4252 qui

1933 4270 2186 4339 gratiam
2219 4269 2562 4339 prOphetiae
2592 4268 2872 4324 habebat.
2904 4268 3007 4324 Cui
3031 4276 3231 4324 tamen
3263 4271 3582 4326 Macarium

1936 4373 2225 4427 magnum
2256 4373 2390 4412 esse
2412 4357 2916 4413 abscondebatur.
2943 4361 3089 4414 Eum
3115 4358 3291 4430 igitur
3312 4376 3449 4414 cum
3472 4360 3582 4415 Ma-

209 4453 352 4524 αύτῷ
393 4456 419 4506 ό
462 4457 734 4528 Μακάριος
771 4470 784 4482 ·
837 4449 1024 4523 δέομαί
1079 4472 1188 4514 σου,
1245 4455 1410 4524 κύριε,
1465 4448 1614 4514 δέξαι
1659 4470 1722 4522 με
1755 4451 1826 4513 εἰς

1934 4448 2131 4504 carius
2160 4447 2570 4501 convenisset:
2599 4452 2709 4502 Oro
2735 4453 2805 4510 te,
2832 4447 3039 4520 inquit,
3065 4449 3329 4513 domine,
3350 4450 3586 4520 suscipe

206 4548 302 4600 τὴν
341 4549 511 4615 μονήν
554 4563 671 4608 σου,
732 4544 815 4594 ἵνα
855 4547 1084 4613 γένωμαι
1133 4548 1366 4614 μοναχός
1401 4559 1411 4570 ’
1443 4540 1575 4611 λέγει
1614 4540 1751 4610 αύτῷ
1799 4542 1824 4591 ὁ

208 4638 508 4704 Παχὼμιος
548 4650 560 4661 ’

210 4717 486 4789 δύνασαι;
519 4717 731 4792 ἀδελφοί
772 4721 902 4773 εἰσιν
957 4719 1057 4772 ἀπὸ
1093 4724 1336 4780 νεότητος
1365 4718 1696 4779 ἀσκήσαντες
1735 4737 1825 4768 και

607 4632 784 4684 λοιπὸν
815 4631 882 4692 εἰς
931 4639 1100 4706 γῆρας
1157 4631 1378 4695 ἣλασας,
1424 4638 1526 4689 πῶς
1556 4632 1620 4681 σύ
1648 4628 1824 4681 ἀσκεῖν

205 4818 310 4871 τοῖς
363 4817 548 4872 πόνοις
610 4814 1100 4884 συνανατραφέντες,
1165 4815 1252 4861 καὶ
1297 4812 1356 4860 ού
1388 4809 1436 4842 ⁷⁵
1495 4811 1709 4880 φέρουσι
1738 4808 1825 4856 τόν

207 4903 446 4972 κάματον
483 4919 496 4930 ·
535 4903 602 4952 σύ
681 4896 738 4951 δὲ
788 4901 837 4952 ἐν
913 4902 1074 4972 ταύτῃ
1128 4905 1188 4971 τῇ
1239 4898 1418 4969 ἡλικίᾳ
1491 4896 1550 4948 ού
1597 4893 1825 4948 δύνασαι

213 4990 518 5062 ὑπενεγκεῖν
594 4989 642 5024 ’⁷⁸
698 4992 822 5050 τούς
875 4996 963 5048 τῆς
1014 4986 1286 5050 ἀσκήσεως
1345 4988 1691 5058 πειρασμοὺς,
1735 4987 1826 5035 καὶ

1939 4552 2031 4590 me
2059 4535 2116 4589 in
2153 4533 2585 4588 monasterium
2616 4541 2803 4599 tuum,
2836 4542 2897 4590 ut
2929 4537 3260 4591 monachus
3293 4537 3456 4592 tiam.
3484 4538 3587 4592 Cui

1937 4623 2298 4679 Pachomius
2332 4639 2344 4677 :
2380 4627 2579 4678 Aetate
2607 4628 2727 4679 tam
2759 4631 3075 4694 provectus
3096 4625 3198 4697 qui
3225 4625 3510 4698 deinceps
3535 4633 3587 4681 te

1936 4729 2206 4769 exercere
2240 4711 2456 4782 poteris
2482 4711 2511 4762 ‘?
2539 4713 2766 4767 Fratres
2792 4729 2827 4768 a
2847 4714 3151 4781 juventute
3181 4731 3244 4769 se
3288 4719 3586 4780 exercent,

1936 4808 1991 4858 et
2016 4803 2074 4857 in
2107 4801 2413 4856 laboribus
2433 4800 2840 4866 adoleverunt,
2867 4818 3060 4874 neque
3077 4803 3272 4859 ferunt
3291 4803 3583 4860 laborem.

1934 4895 2017 4948 Tu
2043 4907 2183 4946 vero
2205 4891 2317 4944 hac
2350 4894 2541 4944 aetate
2566 4905 2685 4945 non
2715 4896 2884 4961 potes
2910 4891 3202 4947 sustinere
3234 4893 3586 4949 tentationes

1937 4978 2388 5036 exercitationis.
2449 4977 2801 5043 Otfenderis,
2863 4980 3068 5050 exibis,
3134 4987 3190 5038 et
3264 4981 3587 5040 maledicas

1568 5126 1824 5182 VARIAE
1863 5122 2266 5180 LECTIONES.

285 5270 659 5328 ‘°ﬁom.A.
736 5266 779 5301 ⁵¹
838 5272 944 5322 Pro
1003 5263 1411 5325 θηλάζοντος
1469 5268 1506 5314 Β
1564 5256 1888 5332 δεχομένη

222 5339 266 5374 ⁵⁴
296 5339 493 5404 Corr.,
519 5340 612 5394 AB
640 5337 1014 5404 χελυννίων.

223 5411 305 5471 εἰς
342 5411 593 5467 λιϐύην
635 5406 676 5463 Β
705 5409 925 5482 ἑτέραν
966 5407 1023 5459 ἓν
1055 5406 1270 5482 λιϐύῃ.

226 5483 425 5567 ⁶ξΒέν
480 5482 692 5566 βίῳκ⁶³
723 5475 980 5567 συχνῶς
1036 5475 1384 5567 om.“Bn“
1426 5478 1474 5567 Bg
1525 5483 1776 5560 κώμην..
1845 5475 1890 5562 ξδ

1093 5337 1140 5371 ⁵⁵
1171 5337 1216 5389 Α
1249 5327 1750 5396 ἀποστέλαντοςς
1786 5331 1824 5385 Β
1855 5327 2324 5382 ἀποστίλλοντο
2343 5346 2383 5387 ς.

1350 5408 1396 5442 ⁵⁸
1427 5405 1466 5457 Β
1499 5401 1658 5462 ἦσαν
1735 5405 1781 5438 ⁵⁹
1831 5404 1870 5456 Β
1903 5397 2269 5454 καθεύδειν.

1960 5256 2286 5333 θηλάζειν.
2367 5255 2414 5292 ⁸³
2445 5252 2947 5333 ᾼΒόῤῥύσσων.
3028 5258 3144 5311 ⁸³Β
3196 5259 3596 5333 μακάριος

2463 5327 2585 5402 “VA
2712 5325 2768 5378 ἐν
2814 5325 3126 5402 ἑνδοτέρᾳ.
3197 5331 3240 5402 ’7⁷
3276 5325 3404 5385 ῬΓΟ
3442 5325 3596 5402 μίαν

2351 5386 2391 5434 3°
2420 5401 2585 5473 τοὺς
2619 5386 2738 5473 om.
2795 5399 2862 5453 Α.
2942 5402 2984 5473 έί
3163 5386 3592 5473 πλατυστίρα.

1923 5472 1965 5526 Β
2022 5469 2656 5544 βα-δίζουσαγνηξδΒ
2695 5468 3031 5544 ἀπέσταλε.
3110 5473 3223 5544 VB
3279 5468 3591 5533 ἀκηκοώς.

228 5553 270 5628 ξ⁸
300 5556 392 5610 AB
455 5537 1099 5628 μετάμφιαξάμενος.
1180 5551 1236 5628 δ’,
1280 5551 1386 5605 Pro
1440 5537 1709 5628 (fieri;
1758 5537 2336 5628 ffﬁpou'éé‘lﬁau;
2393 5543 2432 5595 Β
2489 5537 2916 5628 “wgf
2957 5551 3073 5628 τῆς
3116 5543 3505 5628 inﬁmiin"

229 5618 573 5700 ἀπεκρύϐε.
625 5618 698 5658 ’τί
734 5624 772 5677 Β
803 5618 1058 5676 δῖ’τότε
1103 5630 1182 5694 τῷ
1215 5621 1378 5693 ἁγίῳ
1434 5618 1680 5691 ἐκείνῳ.

229 5697 433 5770 μόλις.
528 5699 578 5732 ⁷⁸
613 5697 652 5750 Β
683 5697 986 5768 ἐνεγκεῖν.

1758 5617 1806 5653 ⁷³
1836 5621 1880 5672 Α
1911 5617 2091 5689 μετά.

2168 5615 2215 5648 73
2247 5618 2447 5686 μέγαν
2496 5629 2617 5669 om.
2659 5614 2720 5668 Β.
2799 5614 2846 5648 ⁷⁴
2878 5615 2918 5668 Β
2950 5613 3255 5688 ἕντυχήών.
3332 5614 3379 5647 ⁷⁵
3412 5613 3453 5666 Β
3483 5616 3598 5667 καὶ
