4092 6252
613 265 706 322 ιοι
2194 245 2402 303 ACTA.
3816 253 3903 308 192

614 392 808 450 nobis.
832 390 1035 460 Neque
1063 401 1200 442 eum
1226 381 1513 455 suscepit.
1554 379 1651 435 Ille
1681 383 1882 435 autem
1914 374 2160 449 perstitit
2190 387 2249 427 ac

2375 368 2725 460 σκανδαλίζῃ,
2776 377 2866 426 καὶ
2919 373 3127 449 έξέρχη,
3183 380 3276 430 καὶ
3320 377 3607 449 κακολογεῐς
3644 379 3788 449 ἡμᾶς,
3829 386 3906 431 καὶ

606 483 854 554 jejunus
901 474 1186 533 remansit
1224 477 1451 545 septem
1503 469 1653 525 dies.
1706 465 1925 522 Deinde
1972 462 2259 519 Macarius

611 551 912 640 magnus:
967 568 1073 630 Me,
1124 562 1332 635 inquit,
1367 560 1625 629 suscipe,
1658 556 1838 621 abba,
1870 560 1926 610 et
1956 553 2070 609 nisi
2109 551 2257 622 jeju-

610 673 852 722 navero,
877 656 1020 711 sicut
1040 651 1139 709 illi.
1160 657 1215 706 et
1229 654 1509 722 operatus
1524 645 1711 708 fuero,
1731 659 1888 716 quae
1905 647 2252 711 operantur,

609 752 738 804 tum
756 746 901 818 jube
924 759 1021 800 me
1044 741 1173 812 ejici
1197 756 1229 796 e
1256 735 1641 794 monasterio.
1665 728 1914 802 Magnus
1946 730 2121 801 igitur
2144 732 2253 784 Pa-

609 836 876 893 chomius
924 832 1202 889 fratribus
1242 826 1577 899 persuadet,
1613 828 1674 877 ut
1722 837 1857 877 eum
1900 818 2249 889 suscipiant.

608 929 943 983 Conventus
988 924 1187 977 autem
1236 916 1391 972 illius
1436 910 1780 969 monasterii
1819 913 2053 965 constat
2096 906 2252 962 mille

605 1010 1057 1090 quadringentis
1080 1008 1218 1064 viris
1244 1007 1303 1061 in
1324 1003 1683 1060 hodiernum
1710 1014 1903 1070 usque
1929 998 2108 1052 diem.
2133 997 2251 1051 Hoc

604 1086 781 1176 igitur
798 1099 1225 1159 monasterium
1237 1092 1528 1150 Macarius
1542 1106 1800 1161 magnus
1814 1086 2070 1143 intravit.
2088 1086 2252 1141 Brevi

605 1200 804 1251 autem
820 1197 1085 1261 tempore
1094 1190 1231 1257 post
1242 1178 1949 1254 eratquadragesima.Ac
1964 1177 2252 1231 Macarius

605 1294 1059 1352 magnusquum
1075 1274 1318 1329 vidisset
1334 1274 1384 1342 2
1398 1273 1511 1344 58
1528 1281 2007 1339 unumquemque
2020 1264 2253 1319 diversa

606 1370 944 1439 suscepisse
961 1364 1197 1422 vivendi
1213 1363 1496 1425 instituta,
1522 1358 1706 1413 alium
1724 1356 1965 1428 quidem
1985 1369 2248 1424 vespere,

605 1460 790 1517 alium
808 1456 1131 1530 postduos,
1150 1452 1329 1507 alium
1349 1455 1483 1521 post
1497 1444 1900 1519 quinquedies
1915 1442 2248 1507 comedere,

605 1548 790 1605 alium
810 1546 986 1603 etiam
1010 1549 1161 1598 stare
1180 1556 1285 1612 per
1302 1546 1483 1595 totam
1500 1542 1757 1600 noctem,
1778 1532 2031 1588 interdiu
2049 1535 2249 1586 autem

604 1637 683 1694 ad
707 1653 860 1709 opus
889 1633 1095 1689 sedere
1119 1648 1135 1685 :
1159 1630 1305 1702 ipse,
1334 1642 1521 1700 quum
1543 1640 1745 1679 ramos
1773 1622 1880 1676 sibi
1909 1621 2248 1692 palmarum

2369 460 2463 512 ούκ
2510 459 2721 524 ἐδέξατο
2762 463 2914 515 αὐτόν
2943 484 2955 497 ·
2981 466 3007 515 6
3038 461 3097 516 δὲ
3137 464 3391 523 ηὐτόνησε
3418 471 3714 539 παραμείνας
3753 476 3908 528 νῆστις

2368 550 2461 612 ἕως
2525 553 2729 624 ἡμερῶν
2791 553 2833 587 ⁷⁷
2903 553 3033 606 ἑπτά
3071 574 3087 587 ο
3128 554 3343 628 ὕστερον
3406 553 3463 608 δὲ
3518 555 3645 627 λέγει
3707 556 3833 627 αὐτῷ
3884 558 3906 608 6

2366 643 2524 711 μέγας
2553 644 2855 714 Μακάριος·
2888 638 3036 704 δέξαι
3065 663 3146 715 με,
3177 642 3331 711 ἀϐϐᾱ,
3364 650 3449 698 καὶ
3480 646 3557 697 ἐὰν
3579 650 3644 716 μή
3671 648 3908 703 νηστεύσω

2364 729 2479 781 κατ’
2524 731 2709 792 αὐτοὺς
2768 733 2817 767 ⁷⁸
2867 737 2957 785 καὶ
3010 732 3334 807 ἐργάζωμαι,
3370 734 3405 787 ἃ
3455 736 3763 807 ἐργάζονται,
3814 740 3910 787 τότε

2362 819 2601 873 κέλευσόν
2665 841 2728 893 με
2792 820 3062 895 ἐκριφῆναι
3117 825 3166 859 ’⁷9
3223 833 3314 885 τῆς
3376 833 3531 897 μονῆς
3576 841 3589 855 ·
3632 826 3784 877 πείθει
3837 820 3910 876 οὖν

2361 912 2484 971 τοὺς
2531 907 2779 983 ἀδελφοὺς
2826 912 2851 963 6
2901 916 3062 984 μέγας
3121 919 3410 987 Παχώμιος
3456 911 3697 976 δέξασθαι
3726 912 3862 965 αὐτόν
3893 928 3903 941 ⁸

2364 998 2475 1050 ἐστὶ
2503 996 2562 1051 δὲ
2595 1004 2653 1051 τὸ
2697 1004 2945 1073 σύστημα
2982 1011 3076 1063 τῆς
3127 1011 3289 1074 μονῆς
3327 1001 3514 1064 ἐκείνης
3550 1003 3708 1075 χίλιοι
3753 1020 3913 1074 τετρα-

2362 1091 2536 1140 κόσιοι
2578 1088 2625 1126 ⁸ο
2652 1086 2839 1164 ἄνδρες
2884 1095 3048 1164 μέχρι
3086 1098 3182 1152 τῆς
3213 1096 3453 1167 σήμερον.
3505 1091 3723 1151 εἰσῆλθεν
3769 1087 3846 1142 οὖν
3873 1090 3908 1124 ⁸¹

2362 1176 2433 1237 εἰς
2488 1179 2683 1235 ταύτην
2733 1181 2779 1214 ⁸⁸
2833 1180 2858 1230 6
2923 1182 3087 1251 μέγας
3141 1182 3450 1254 Μακάριος·
3492 1179 3811 1253 παρελθόντος
3865 1174 3913 1229 δε

2364 1263 2540 1336 ὀλίγου
2578 1272 2775 1340 χρόνου
2825 1271 2989 1326 ἑπστη
3056 1271 3085 1326 ἡ
3142 1268 3195 1341 μ’
3252 1272 3321 1335 ⁸³,
3376 1274 3464 1322 καὶ
3518 1267 3637 1321 ἰδὼν
3683 1270 3707 1320 6
3764 1271 3903 1339 μέγας

2361 1357 2630 1431 Μακάριος
2683 1357 2729 1392 ⁸⁴
2782 1359 2999 1410 ἕκαστον
3052 1359 3218 1411 αὐτῶν
3271 1360 3321 1395 ⁸⁵
3371 1356 3642 1434 διαφόρους
3690 1356 3915 1415 πολιτείας

2364 1445 2782 1518 ἀναλαμϐάνοντα
2821 1448 2889 1513 ⁸⁸,
2940 1451 3026 1499 τὸν
3054 1448 3095 1482 ⁸⁷
3127 1452 3217 1514 μὲν
3267 1448 3508 1501 ἐσθίοντα
3541 1447 3588 1499 ἓν
3616 1447 3812 1519 ἑσπέρᾳ,
3846 1447 3915 1496 τὸν

2364 1531 2423 1586 δὲ
2454 1532 2546 1586 διὰ
2576 1531 2693 1601 δύο,
2724 1540 2811 1587 τὸν
2839 1532 2898 1589 δὲ
2928 1533 3023 1589 διὰ
3049 1541 3215 1601 πέντε,
3250 1537 3399 1590 ἄλλον
3433 1535 3491 1590 δὲ
3515 1537 3661 1589 πάλιν
3685 1536 3729 1571 ⁸⁸
3753 1534 3918 1588 ἐστῶια

2364 1620 2457 1675 διὰ
2493 1625 2666 1684 πάσης
2718 1633 2813 1687 τῆς
2841 1630 3042 1692 νυκτὸς,
3092 1632 3186 1685 τὴν
3235 1623 3294 1679 δὲ
3324 1628 3521 1701 ἡμέραν
3548 1627 3819 1697 καθήμενον
3858 1622 3917 1683 εἰς

605 1726 827 1783 multos
858 1720 1286 1782 madefecisset,
1326 1717 1384 1771 in
1422 1713 1642 1787 angulo
1677 1728 1795 1768 uno
1831 1712 2003 1776 stetit,
2034 1726 2249 1782 neque,

2361 1714 2527 1785 ἔργον,
2592 1714 2737 1775 οὗτος
2795 1712 2987 1788 βρέξας
3049 1715 3258 1776 θαλλοὺς
3319 1720 3436 1777 τοὺς
3488 1714 3542 1767 ἐκ
3589 1718 3809 1786 φοινίκων
3862 1710 3916 1769 εἰς

603 1818 794 1872 donec
815 1809 1281 1885 quadragesima
1306 1804 1549 1877 impleta
1568 1809 1723 1859 esset
1747 1808 1801 1857 et
1829 1800 2053 1872 pascha
2075 1800 2251 1854 adve-

601 1904 808 1969 nisset,
850 1916 1067 1973 panem
1116 1912 1310 1969 neque
1347 1909 1572 1966 aquam
1612 1892 1814 1960 tetigit,
1847 1904 2041 1961 neque
2094 1903 2250 1957 genu

601 1993 781 2057 ﬂexit,
809 2006 1002 2061 neque
1026 1987 1195 2052 sedit,
1230 2000 1423 2055 neque
1446 1981 1749 2046 accubuit,
1772 1995 1966 2050 neque
2001 1979 2249 2033 omnino

603 2081 765 2137 aliud
780 2079 1116 2152 quidquam
1135 2074 1411 2145 gustavit,
1440 2072 1553 2126 nisi
1577 2070 1762 2124 cruda
1788 2068 2063 2123 crambes
2086 2067 2246 2131 folia,

603 2185 759 2242 quae
782 2166 1033 2237 sumpsit
1054 2165 1149 2219 die
1166 2163 1488 2224 dominica,
1516 2165 1578 2214 ut
1600 2160 1894 2213 videretur
1913 2156 2245 2211 comedere.

604 2272 799 2329 neque
821 2258 879 2311 in
903 2256 1166 2326 aliquam
1185 2253 1259 2307 de
1274 2268 1335 2306 se
1353 2251 1695 2322 opinionem
1719 2247 2023 2301 incideret.
2038 2251 2244 2317 Atque,

604 2348 652 2402 si
672 2345 918 2418 quando
931 2348 1173 2417 propter
1188 2340 1598 2397 necessitatem
1618 2352 1793 2391 suam
1813 2335 2245 2405 egrediebatur,

604 2437 774 2493 citius
795 2432 1133 2504 regrediens
1155 2430 1309 2485 stetit
1329 2428 1406 2483 ad
1438 2444 1591 2498 Opus
1621 2442 1835 2482 manus
1859 2441 2027 2491 suae,
2056 2440 2248 2496 neque

603 2541 671 2580 os
699 2522 955 2595 aperuit,
978 2537 1086 2576 nec
1116 2534 1307 2590 pauca
1330 2517 1561 2573 locutus
1582 2531 1689 2570 nec
1722 2514 1931 2581 multa,
1964 2512 2067 2569 sed
2095 2513 2252 2568 stetit

607 2612 804 2668 silens.
835 2613 1037 2683 Neque
1064 2624 1308 2681 prorsus
1334 2605 1495 2661 aliud
1513 2604 1870 2677 quidquam,
1901 2603 2010 2657 nisi
2036 2602 2251 2658 oratio-

606 2717 746 2757 nem
767 2702 885 2771 egit
906 2701 963 2754 in
982 2698 1182 2762 corde,
1201 2703 1255 2752 et
1278 2711 1477 2750 ramos
1505 2694 1793 2760 tractavit,
1816 2708 1969 2763 quos
1992 2691 2251 2747 habebat

604 2789 665 2845 in
694 2790 995 2845 manibus.
1026 2790 1174 2843 Haec
1196 2788 1398 2841 autem
1424 2798 1635 2838 omnes
1665 2781 2074 2836 exercitatores
2096 2780 2250 2835 illius

607 2878 950 2935 monasterii
966 2892 1155 2950 quum
1176 2874 1482 2937 vidissent,
1505 2871 1947 2926 insurrexerunt
1963 2870 2251 2925 adversus

604 2967 972 3040 praefectum
985 2980 1182 3027 suum,
1197 2969 1374 3034 atque
1392 2984 1403 3014 :
1421 2960 2057 3031 Undenam,inquiunt,
2075 2959 2248 3014 nobis

2359 1799 2557 1864 πλῆθος
2581 1804 2705 1861 ἔστη
2738 1802 2786 1854 ἐν
2815 1809 2974 1875 γωνίᾳ
3027 1810 3125 1875 μιᾷ
3162 1809 3273 1869 καὶ,
3308 1809 3504 1878 μέχρις
3533 1804 3591 1856 οὗ
3628 1805 3657 1860 ἡ
3712 1799 3760 1873 μ’
3788 1798 3918 1856 ἐπλη-

2358 1893 2502 1963 ρώθη
2555 1896 2644 1943 καὶ
2692 1911 2749 1943 το
2801 1894 2995 1964 πάσχα
3046 1897 3414 1965 παραγέγονεν,
3471 1893 3564 1945 οὐκ
3618 1893 3789 1963 ἄρτου,
3831 1886 3918 1958 οὐχ

2360 1977 2554 2043 ὕδατος
2598 1981 2792 2052 ἥψατο,
2851 1981 2910 2034 ού
2948 1986 3072 2053 γόνυ
3101 1981 3346 2054 ἔκαμψεν,
3392 1983 3489 2035 οὐκ
3536 1981 3800 2042 έκαθέσθη,
3842 1975 3919 2029 οὐκ

2361 2068 2618 2137 ἀνέπεσεν,
2670 2069 2879 2133 οὐδενὸς
2931 2071 3088 2123 ἄλλου
3138 2072 3389 2141 ἐγεύσατο
3452 2074 3703 2145 παρεκτὸς
3752 2066 3919 2140 φύλλων

2360 2159 2600 2234 κράμϐης
2627 2162 2800 2233 ὠμῶν,
2830 2162 2897 2213 ὧν
2928 2161 3204 2234 ἐλάμϐανεν
3234 2166 3368 2214 κατά
3394 2166 3669 2235 κυριακὴν,
3704 2162 3780 2211 ἶνα
3809 2153 3917 2226 δόξῃ

2360 2249 2571 2315 ἐσθίειν,
2624 2255 2713 2303 καὶ
2751 2255 2821 2322 μὴ
2872 2252 2941 2313 εἰς
3002 2255 3173 2309 οἴησιν
3215 2250 3413 2325 ἐμπέσῃ
3452 2256 3573 2304 ’καὶ
3604 2254 3763 2303 εἴποτε
3807 2245 3923 2318 ἐξῄει

2361 2338 2427 2398 εἰς
2472 2342 2565 2396 τὴν
2612 2344 2799 2412 χρείαν
2843 2340 3024 2408 αὐτοῦ,
3068 2343 3250 2392 θᾶττον
3310 2340 3487 2393 εἰσιὼν
3538 2343 3717 2392 ἵστατο
3772 2336 3836 2397 εἰς
3873 2335 3921 2385 τὸ

2359 2426 2661 2501 ἐργόχειρον
2702 2428 2770 2493 ⁸9,
2799 2432 2870 2500 μὴ
2918 2427 3134 2499 ἀνοίγων
3190 2448 3377 2500 στομα,
3419 2435 3491 2501 μή
3524 2429 3745 2488 λαλήσας
3784 2428 3846 2498 μὴ
3882 2424 3924 2463 ⁹⁰

2358 2520 2544 2591 μικρὸν
2576 2522 2648 2589 μὴ
2695 2518 2739 2553 ⁹¹
2790 2522 2941 2589 μέγα,
2995 2516 3100 2569 ἀλλ’
3142 2517 3307 2578 ἑστὼς
3349 2516 3576 2583 ἐσιώπα,
3618 2514 3774 2589 μηδὲν
3826 2511 3928 2566 ἄλλο

2361 2614 2517 2657 ποιῶν
2568 2609 2819 2678 παρεκτὸς
2884 2614 2978 2667 τῆς
3033 2605 3080 2657 ἐν
3139 2614 3201 2678 τῇ
3257 2603 3459 2681 καρδίᾳ
3510 2612 3807 2683 προσευχῆς
3855 2604 3931 2653 καὶ

2360 2702 2460 2746 τῶν
2509 2694 2701 2746 θαλλῶν
2736 2697 2804 2760 9³,
2855 2692 2920 2745 ὧν
2952 2691 3091 2767 εἶχεν
3134 2696 3183 2747 ἑν
3235 2702 3351 2757 ταῖς
3404 2702 3620 2771 χερσί·
3657 2696 3930 2765 θεασάμενοι

2362 2778 2421 2835 δὲ
2468 2784 2514 2818 ⁸³
2562 2790 2743 2835 τοῦτον
2798 2785 2983 2845 πάντες
3028 2785 3077 2835 οἱ
3124 2781 3355 2840 ἀσκηταὶ
3414 2793 3517 2846 τῆς
3572 2792 3730 2857 μονῆς
3766 2780 3932 2837 ἐκείνης

2360 2874 2682 2926 ἐστασίασαν
2707 2876 2841 2925 κατὰ
2872 2876 2956 2925 τὸν
3006 2874 3287 2945 ἡγούμενον
3318 2875 3366 2909 ⁹⁴
3396 2874 3573 2928 αὐτῶν
3604 2876 3650 2910 9⁵
3680 2873 3888 2939 λέγοντες
3913 2884 3922 2895 ·

2360 2964 2512 3014 πόθεν
2578 2964 2703 3034 ἡμῖν
2768 2965 2960 3033 ἤγαγες
3004 2970 3188 3015 τοῦτον
3255 2966 3339 3016 τὸν
3401 2965 3637 3039 ἄσαρκον
3691 2963 3931 3035 ἄνθρωπον

608 3056 907 3114 adduxisti
938 3055 1097 3111 hunc
1134 3053 1438 3109 hominem
1469 3057 1756 3121 tanquam
1790 3049 1913 3103 sine
1945 3063 2123 3102 carne
2153 3049 2249 3104 de-

2361 3052 2431 3113 εἰς
2474 3053 2726 3125 ἡμετέραν
2772 3054 3124 3126 κατάκρισινς
3160 3052 3187 3109 ἡ
3239 3052 3447 3105 ἔκϐαλλε
3503 3062 3681 3107 τοῦτον
3711 3050 3929 3109 ἐντεῦθεν,

606 3149 844 3217 gentem
858 3144 935 3201 ad
947 3149 1211 3200 nostram
1226 3139 1787 3196 condemnationem
1804 3136 2099 3192 ‘IAuteum
2114 3137 2253 3193 hinc

608 3235 773 3305 ejice,
806 3239 909 3289 aut
934 3234 1085 3289 bene
1103 3232 1269 3295 scito,
1291 3244 1402 3284 nos
1427 3243 1637 3284 omnes
1649 3226 1788 3281 hinc
1812 3226 1990 3281 hodie
2021 3242 2145 3280 esse
2166 3242 2253 3281 re-

609 3323 1075 3387 cessuros.Quae
1089 3335 1275 3391 quum
1293 3317 1960 3385 Pachomiusmagnusa
1974 3313 2252 3370 fratribus

612 3412 920 3475 audiisset,
955 3410 1287 3465 sciscitatus
1315 3411 1405 3462 est
1426 3406 1499 3461 de
1522 3421 1611 3460 eo.
1647 3408 1917 3475 thuum
1946 3404 2253 3459 didicisset

609 3501 738 3571 ejus
780 3501 930 3554 vitae
977 3497 1265 3561 instituta,
1308 3497 1490 3549 Deum
1537 3493 1747 3561 oravit,
1781 3498 1861 3555 ut,
1911 3492 2045 3563 quis
2074 3499 2249 3557 esset,

608 3589 720 3645 sibi
741 3586 1116 3644 revelaretur.
1134 3583 1475 3640 Revelatum
1503 3587 1589 3636 est
1615 3581 2022 3650 ei,Macarium
2047 3598 2252 3638 mona-

608 3677 789 3734 chum
815 3691 965 3732 esse.
985 3674 1132 3728 Tum
1158 3672 1439 3727 dominus
1472 3669 1829 3724 Pachomius
1852 3670 1980 3739 ejus
2001 3686 2248 3725 manum

607 3764 919 3839 prehendit
936 3777 1196 3834 eumque
1217 3760 1374 3815 foras
1396 3758 1637 3822 eduxit;
1662 3765 1839 3828 atque
1855 3774 2043 3831 quum
2069 3758 2126 3813 in
2150 3760 2249 3815 do-

608 3871 778 3911 mum
808 3852 1068 3917 oratorii,
1102 3850 1201 3905 ubi
1228 3855 1319 3904 est
1342 3848 1543 3918 altare,
1573 3862 1709 3902 eum
1737 3847 2096 3920 deduxisset,
2126 3866 2251 3906 am-

608 3943 937 4016 plexusque
968 3944 1127 3996 esset
1160 3959 1174 3995 ε
1201 3941 1383 4003 Tune,
1413 3937 1511 4002 ait,
1544 3952 1629 4002 es,
1663 3938 1999 3992 venerande
2026 3954 2203 3994 senex
2232 3940 2245 3995 Ξ

604 4036 687 4090 Τιι
700 4048 763 4087 es
778 4028 1275 4099 Macarius,idque
1296 4026 1514 4089 celasti,
1538 4040 1643 4082 nec
1656 4026 1799 4081 mihi
1823 4027 2242 4084 manifestasti!

604 4124 682 4177 Ex
708 4121 910 4177 multis
941 4117 1115 4175 annis
1139 4116 1298 4189 cupii
1328 4121 1381 4171 te
1410 4114 1631 4181 videre,
1659 4131 1848 4187 quum
1896 4115 1970 4170 de
2002 4121 2054 4172 te
2085 4118 2249 4173 audi-

602 4226 753 4267 rem.
772 4209 968 4265 Habeo
989 4207 1090 4263 tibi
1110 4206 1352 4276 gratias,
1370 4204 1534 4276 quod
1558 4205 1862 4273 subegeris
1885 4205 2036 4260 ﬁlios
2065 4222 2245 4273 meos,

605 4315 680 4355 ne
710 4298 826 4355 alte
857 4298 1114 4353 sentiant
1141 4294 1215 4349 de
1245 4294 1661 4349 exercitatione
1692 4309 1825 4348 sua.
1866 4296 2031 4361 Rogo
2060 4299 2136 4358 te,
2165 4311 2250 4350 re-

2360 3141 2391 3198 ἡ
2446 3142 2559 3193 ἴσθι
2609 3142 2679 3209 95,
2737 3142 2818 3192 ὃτι
2864 3143 3015 3212 ἡμεῖς
3066 3140 3279 3202 ἅπαντες
3329 3142 3376 3177 ⁸⁷
3426 3141 3799 3216 ἀναχωροῠμέν
3852 3155 3930 3188 σου

2363 3234 2584 3305 σήμερον
2622 3244 2634 3257 ⁸
2676 3228 2907 3290 ἀκούσας
2982 3226 3042 3282 δὲ
3113 3237 3280 3282 ταῦτα
3336 3232 3361 3282 6
3428 3237 3599 3304 μέγας
3672 3234 3934 3301 Παχώμιος

2358 3322 2499 3392 παρὰ
2572 3327 2671 3371 τῶν
2747 3315 2978 3391 ἀδελφῶν
3055 3319 3295 3390 ἠρώτησε
3345 3322 3412 3373 τὰ
3470 3321 3585 3374 κατ’
3640 3320 3808 3383 αὐτὸν,
3858 3318 3932 3366 καὶ

2358 3410 2534 3480 μαθὼν
2573 3410 2639 3460 τὰ
2685 3413 2802 3481 περὶ
2848 3416 2938 3468 τῆς
2990 3408 3150 3461 αὐτοῦ
3205 3408 3468 3471 πολιτείας
3513 3409 3840 3486 προσηύξατο
3873 3411 3933 3474 τῷ

2360 3505 2495 3567 Θεῷ,
2552 3499 2633 3549 ἵνα
2679 3498 2818 3566 αύτῷ
2875 3497 3185 3571 ἀπόκαλύψη
3240 3503 3298 3551 τὸ
3357 3500 3404 3535 ⁸⁸
3451 3506 3528 3562 τίς
3586 3504 3724 3553 ἐστιν
3774 3496 3925 3553 οὗτος.

2361 3584 2693 3659 ἀπεκαλύφθη
2758 3584 2817 3640 δὲ
2876 3589 3036 3657 αὓτῷ,
3086 3589 3165 3640 ὅτι
3219 3588 3362 3649 οὗτός
3428 3587 3545 3643 ἐστι
3602 3590 3865 3660 Μακάριος
3915 3582 3935 3632 ὁ

2358 3682 2594 3749 μοναχός
2617 3693 2631 3706 ·
2671 3677 2778 3729 τότ’
2810 3678 3011 3750 ἐκράτει
3044 3680 3091 3713 ⁹⁹
3124 3677 3278 3730 αὐτὸν
3310 3683 3403 3736 τήν
3429 3687 3593 3753 χεῖρα
3622 3681 3639 3717 ί
3674 3681 3699 3731 ὁ
3728 3680 3893 3749 κύριος
3918 3676 3935 3706 ¹

2360 3772 2649 3837 Παχώμιος
2705 3771 2794 3819 καὶ
2848 3765 3016 3838 ἐξάγει
3069 3767 3092 3800 ³
3149 3770 3304 3819 αὐτὸν
3358 3767 3473 3833 ἔξω,
3517 3774 3608 3821 καὶ
3663 3766 3937 3837 εἰσαγαγὼν

2359 3854 2512 3907 αὐτὸν
2568 3856 2634 3916 εἰς
2662 3860 2718 3907 τὸ
2761 3856 3030 3930 εύκτήριον
3082 3859 3249 3922 οἴκου,
3283 3856 3331 3909 έν
3383 3857 3421 3927 ᾧ
3471 3862 3531 3911 τὸ
3577 3860 3935 3927 θυσιαστήριον

2358 3940 2418 4002 ἧν
2475 3946 2518 4009 ⁴,
2571 3949 2660 3997 καὶ
2717 3944 3080 4016 ἀσπασάμενος
3133 3945 3289 3997 αὐτὸν
3343 3945 3479 4016 λέγει
3535 3947 3718 4018 αὐτῷ’
3776 3940 3936 4014 δεῦρο,

2355 4033 2613 4108 καλόγηρε
2639 4049 2659 4067 ⁸
2689 4037 2754 4086 σὺ
2802 4031 2850 4085 εἶ
2874 4037 3142 4107 Μακάριος
3194 4039 3284 4086 καὶ
3334 4033 3644 4109 ἀπέκρυψας
3674 4038 3695 4071 ⁸
3726 4038 3813 4086 καὶ
3856 4030 3939 4082 οὐκ

2356 4126 2679 4198 ἑφανέρωσάς
2753 4142 2842 4195 μοι
2879 4138 2896 4153 ⁶
2930 4122 2985 4173 ἐκ
3060 4122 3257 4175 πολλῶν
3334 4122 3456 4175 ἐτῶν
3533 4127 3819 4196 ἐπεθύμουν
3890 4135 3939 4171 σε

2360 4209 2509 4277 ἰδεῖν,
2541 4211 2739 4264 ἀκούων
2775 4214 2841 4264 τά
2889 4218 3006 4287 περὶ
3039 4220 3156 4269 σοῦ.
3204 4214 3367 4287 χάριν
3401 4232 3486 4266 σοι
3528 4217 3660 4287 ἔχω,
3695 4216 3773 4266 ὃτι
3812 4210 3939 4264 έκονο

2358 4297 2579 4363 δύλισας
2631 4304 2697 4353 τὰ
2738 4298 2932 4354 παιδία
2969 4320 3091 4374 μου,
3141 4302 3223 4353 ἵνα
3268 4306 3340 4374 μὴ
3373 4307 3508 4373 μέγα
3564 4310 3819 4377 φρονῶσιν
3865 4297 3939 4349 ἐπὶ

605 4389 751 4444 cede
794 4388 853 4442 in
884 4386 1080 4441 locum
1114 4389 1279 4438 tuum
1316 4398 1328 4448 ;
1376 4398 1488 4437 nos
1520 4382 1679 4436 enim
1714 4383 1851 4437 satis
1896 4382 2245 4450 aediﬁcasti,

2360 4396 2418 4462 τῇ
2476 4389 2666 4442 ἑαυτῶν
2707 4390 2933 4448 ἀσκήσει
2973 4392 2993 4425 ⁸
3019 4407 3036 4424 ο
3062 4391 3346 4463 παρακαλῶ
3377 4410 3451 4456 σε,
3494 4392 3688 4445 ἄπελθε
3743 4390 3812 4451 εἰς
3865 4390 3942 4439 τὸν

602 4483 781 4551 atque
809 4491 914 4531 ora
946 4491 1053 4546 pro
1084 4472 1277 4529 nobis.
1312 4471 1529 4527 Deinde
1554 4471 1631 4526 ab
1657 4487 1727 4526 eo
1753 4476 2014 4540 rogatus,
2052 4479 2248 4544 peten-

603 4568 759 4625 tibus
789 4580 1032 4639 quoque
1062 4560 1343 4620 omnibus
1373 4559 1674 4623 fratribus,
1701 4560 1963 4616 recessit.

674 4764 726 4834 2
739 4763 852 4836 59
874 4763 1097 4818 Rursus
1114 4758 1261 4815 alias
1278 4758 1377 4814 hic
1399 4758 1484 4813 vir
1500 4756 1846 4829 impatibilis
1861 4758 2036 4815 nobis
2051 4777 2253 4819 narra-

605 4854 928 4917 vit.0mne,
944 4850 1155 4922 inquit,
1169 4848 1320 4904 vitae
1334 4846 1719 4903 monachicae
1731 4848 2253 4923 institutum,quod

2356 4484 2514 4531 τόπον
2575 4498 2668 4532 σου
2712 4498 2724 4509 ·

2776 4479 3045 4552 αὐτάρκως
3085 4482 3186 4553 γὰρ
3245 4477 3603 4552 ᾠκοδόμησας
3657 4484 3813 4553 ἡμᾶς,
3865 4476 3944 4526 καὶ

2360 4570 2522 4639 εὔχου
2554 4568 2680 4643 ὑπὲρ
2718 4570 2863 4640 ἡμῶν
2894 4588 2906 4601 ο
2944 4574 3059 4621 τότε
3099 4567 3335 4631 ἀξιωθεὶς
3364 4570 3383 4603 ’⁷
3418 4569 3503 4622 ὑπ’
3551 4571 3716 4624 αὐτοῦ
3757 4566 3949 4625 δεὴθέν·

2359 4673 2458 4707 των
2485 4656 2653 4708 αὐτῶν
2680 4660 2882 4710 πάντων
2905 4666 3003 4709 τῶν
3034 4654 3265 4729 ἀδελφῶν
3294 4656 3650 4731 ἀνεχώρησεν.

2432 4761 2646 4818 Ἀλλοτε
2675 4763 2827 4816 πάλιν
2857 4763 2898 4799 7'
2942 4761 3244 4835 διηγήσατο
3275 4764 3296 4798 ⁸
3325 4765 3449 4837 ἡμῖν
3499 4764 3650 4826 οὗτος
3681 4766 3705 4817 6
3737 4761 3950 4819 ἀπαθὴς.

2364 4852 2443 4905 ὅτι
2506 4858 2679 4906 πᾶσαν
2727 4853 2988 4906 πολιτείαν
3052 4853 3337 4913 ἀσκητικὴν
3389 4853 3448 4911 ἢν
3508 4856 3816 4926 ἐπεθύμησα
3873 4851 3954 4901 καὶ

1926 5031 2181 5086 VARIAE
2240 5032 2636 5091 LECTIONES.

629 5279 732 5336 δέ.
819 5276 1311 5339 ⁸²Βεὶςα⁷ὖτήικ
1392 5276 2074 5347 ⁸³Βτεσσαρακοστή.

693 5209 808 5266 77B
848 5210 940 5269 ἓως
994 5207 1255 5287 ἡμέρας.
1336 5204 1385 5239 Ἷθ
1422 5203 1555 5256 κατ’
1607 5203 1838 5266 αὐτούς
1895 5220 2015 5260 om.
2068 5208 2125 5261 Β.
2205 5205 2701 5281 Ἦ’Βέκριφῆναί
2749 5224 2841 5278 με.
2918 5206 3279 5278 ⁸⁰Βχίλιοι
3319 5212 3771 5262 πεντακόσιοι.
3848 5204 3960 5256 ¹¹Α

693 5286 732 5330 ί-
819 5280 934 5330 ⁸²Β
976 5279 1311 5330 ειςαύτήν.
1392 5276 2074 5330 ⁸³Βτεσσαοακοστή.
2154 5276 2397 5330 8"PI‘06
2434 5284 2633 5330 μέγα(
2680 5280 3080 5330 ΜακάοιοςΒ
3119 5280 3374 5330 ὁγέοων
3440 5282 3486 5317 ⁸⁸
3514 5280 3726 5330 αὐτῶν
3754 5292 3873 5330 om.
3903 5277 3960 5328 Α.

2273 5294 2397 5333 1‘00

2430 5277 2653 5353 pref/at;~
2680 5277 3080 5353 ΜακάριοςΒ
3119 5280 3374 5353 ὁνγέρων
3440 5282 3486 5317 εδ
3514 5280 3726 5353 αὐτῶν
3754 5292 3873 5334 οω.
3903 5277 3963 5353 ,ᾗ

628 5355 748 5409 ⁸⁶Β
781 5350 1197 5423 ἀναλαϐόντα
1264 5349 1312 5423 ἔτ
1348 5351 1383 5401 ll
1424 5353 1543 5423 καὶ
1597 5352 1703 5402 τὸν.
1760 5345 1812 5383 -δθ
1842 5348 2203 5423 ΑΒπάλλιν.
2262 5351 2308 5383 ⁸⁹
2342 5345 2569 5423 είςέΑΒ.
2639 5351 2815 5423 ⁰⁰γμὴ
2849 5345 2975 5423 (5m,
3115 5345 3324 5410 “'B'i}.
3385 5353 3501 5406 "B
3547 5351 3865 5404 θαλλίων.
3921 5345 3965 5379 ⁸³

628 5423 698 5479 δὲ
755 5441 876 5481 οω,
910 5430 975 5478 Α,
1009 5424 1057 5457 ⁹⁴
1088 5421 1285 5475 Βκατά
1311 5421 1871 5492 τοὺ-ἡγουμένου,
1929 5422 1976 5455 9⁵
2026 5421 2229 5472 αὐτῶν
2257 5435 2379 5474 om.
2407 5422 2466 5475 Β.

2550 5423 2671 5474 ⁹⁶Α
2703 5418 2737 5480 ἡ
2786 5423 2885 5495 ῖ-να
2929 5418 3177 5474 εἰδέναι
3234 5424 3408 5495 ἔχῃς.
3468 5423 3579 5477 ⁹⁷Α
3616 5422 3969 5495 ὅτγιψπάντες

628 5501 851 5571 ἡμεῖςἒ
897 5497 944 5531 ⁸⁸
980 5498 1042 5571 r_6
1072 5509 1192 5549 om.
1242 5494 1301 5571 ιξ.
1367 5490 1490 5571 ξθῃΒ
1522 5482 2083 5571 ἐδτι-’κρατνήσαςη
2121 5494 2136 5571 ξ
2180 5495 2216 5546 Β
2263 5498 2736 5571 τῇςχβιΜς.)
2798 5493 2837 5546 Β
2868 5494 2893 5544 ὀ
2946 5482 3383 5571 μακάριοςῗῖ
3427 5497 3464 5549 Β
3519 5498 3609 5546 καὶ
3663 5493 3967 5571 ἐξήγαγεν

627 5571 649 5604 ⁴
676 5556 686 5571 ’
711 5569 771 5621 έν
882 5597 950 5606 -
987 5563 1050 5638 ἦν
1080 5581 1208 5621 om.
1249 5565 1309 5619 Β.
1359 5564 1391 5638 ,⁵
1423 5556 1812 5638 Emend.,_'AB
1841 5556 2253 5638 ἀποκρύψας.
2313 5556 2619 5638 “ﬁniat-ty

2669 5562 2956 5623 ἀσκήσει
3005 5562 3230 5622 αὐτῶν.
3286 5567 3304 5600 ⁷
3342 5568 3421 5622 Ex
3447 5568 3624 5631 coni.,
3657 5571 3705 5621 Α
3735 5562 3967 5627 ἐξωθσίςι

626 5656 737 5718 pro
785 5632 940 5692 τοτε
997 5637 1303 5701 ἀξιωθείς
1354 5636 1609 5696 Βοῦτως
1666 5632 1773 5687 οὖν
1807 5632 2279 5709 παρακληθείς.
2342 5635 2383 5669 ’τ’
2428 5636 2520 5692 ΑΒ
2547 5632 2793 5691 πάλλιν.
2854 5637 2874 5671 ⁸
2924 5634 3332 5711 Αδιηγεῑτο.
