4092 6252
260 273 362 328 193
1849 268 1876 320 Α

2008 269 2050 321 1.
3026 234 3031 239 ’
3523 279 3624 343 494

258 400 508 471 ορθώσας,
558 400 672 446 τότε
716 395 737 428 ⁸
795 393 863 455 εἰς
921 391 1078 449 ἄλλην
1162 392 1440 462 ἑπιθυμίαν
1497 394 1845 462 πνευματικήν

2005 395 2344 467 xpetebam,
2360 402 2637 469 expertus
2660 400 2737 455 ad
2756 400 2917 456 aliud
2936 404 3180 459 tandem
3206 405 3509 474 spirituale
3523 407 3621 461 de—

264 484 415 555 ᾔλθον
464 486 522 552 ³),
580 488 669 534 καὶ
726 483 979 550 ἠθέλησα,
1043 485 1191 553 φησί,
1274 482 1423 530 πέντε
1485 481 1681 551 ἡμέρας
1770 483 1855 531 τὸν

2009 482 2251 540 iderium
2282 488 2435 542 veni.
2472 488 2656 544 Statui
2685 489 2844 544 enim
2873 491 2949 545 ad
2978 492 3095 547 tale
3116 508 3369 563 operum
3396 495 3625 551 deside-

261 585 376 628 νοῦν
414 577 454 610 ¹¹
486 593 585 645 μου
619 572 721 624 ἀπό
752 580 844 624 τοῦ
879 578 1013 625 Θεοῦ
1064 569 1457 643 ἀπερίσπαστον
1493 576 1739 634 ποιῆσαι,
1768 574 1856 621 καὶ

2004 572 2119 626 ium
2152 576 2453 630 accedere.
2492 579 2682 642 Volui,
2716 578 2927 649 inquit,
2970 581 3236 653 quinque
3265 582 3391 637 dies
3432 583 3620 640 solam

254 662 419 739 μηδὲν
448 664 577 725 ὅλως
608 662 730 714 ἄλλο
776 682 826 713 τι
868 663 913 696 ³³
946 660 1188 719 ἐννοῆσαι
1236 661 1305 724 ¹⁹,
1340 656 1446 708 ἀλλ’
1497 656 1672 729 έκείνῳ
1720 664 1857 729 μόνῳ

2002 667 2228 716 cientem
2270 679 2465 719 meam
2496 665 2745 720 reddere
2778 683 2811 721 a
2843 669 2962 723 Deo
2992 669 3390 735 individuam,
3428 687 3618 743 neque

251 758 650 829 προσανασχεῖν
707 751 775 800 ¹⁴.
842 756 931 802 καὶ
991 756 1142 801 τοῦτο
1213 752 1389 819 κρίνας
1447 746 1495 797 έν
1552 745 1756 817 ἐμαυτῷ
1810 749 1854 782 ¹⁵

2008 748 2131 803 liud
2169 750 2505 821 quidquam
2546 755 2794 809 omnino
2825 757 3113 823 cogitare,
3156 759 3259 813 sed
3292 760 3341 813 ei
3375 759 3485 813 soli
3518 759 3619 815 ad-

249 842 535 894 ἀπέκλεισά
582 859 684 912 μου
731 844 823 897 τὴν
853 838 1034 890 κέλλαν
1081 841 1168 888 καὶ
1201 835 1385 897 ἔξωθεν
1432 839 1519 891 τὴν
1578 834 1740 892 αὐλήν
1787 836 1854 901 1⁸,

2013 853 2229 893 aerere.
2260 840 2428 904 Quod
2461 858 2647 911 quum
2681 844 2845 912 apud
2879 861 2973 899 me
3014 847 3376 909 statuissem.
3410 848 3621 904 cellam

247 934 383 984 ὥστε
436 935 507 1002 μὴ
563 926 747 981 δοῦναι
806 927 1057 1001 ἀνθρώπῳ
1111 926 1309 977 ἐλθόντι
1391 922 1690 996 ἀπόκρισιν.
1768 928 1858 975 καὶ

2010 941 2165 981 leam
2194 932 2375 999 atque
2402 930 2762 985 extrinsecus
2788 933 2992 987 aulam
3020 934 3228 1002 clausi,
3266 940 3325 990 ut
3353 936 3496 992 nulli
3519 937 3626 993 ad-

247 1023 403 1077 ἔστην
452 1018 732 1093 ἀρξάμενος
777 1015 877 1069 ἀπὸ
927 1024 1017 1075 τῆς
1065 1012 1333 1087 δευτέρας,
1369 1013 1724 1085 παραγγείλας
1756 1033 1855 1085 μου

2007 1016 2224 1070 enienti
2250 1032 2610 1087 responsum
2633 1020 2863 1075 darem.
2890 1025 2971 1075 Ac
3001 1023 3132 1077 steti
3158 1025 3449 1095 incipiens
3471 1041 3507 1080 a
3533 1042 3623 1081 se-

251 1117 322 1178 τῷ
352 1116 424 1178 νῷ
479 1112 568 1159 xui
617 1106 775 1159 εἰπὼν
806 1105 947 1175 αὐτῷ
998 1124 1009 1135 ·
1052 1102 1210 1175 βλέπε
1244 1106 1315 1174 μὴ
1355 1101 1609 1173 κατέλθης
1655 1100 1709 1152 ἐκ
1758 1109 1857 1153 τῶν

2006 1104 2187 1169 unda,
2221 1106 2396 1160 menti
2426 1122 2595 1162 meae
2622 1110 2992 1180 praecipiens
3019 1113 3297 1167 etdicens
3331 1129 3343 1167 :
3374 1114 3516 1169 Vide
3546 1131 3620 1170 ne

255 1196 481 1270 οὐρανῶν
514 1217 527 1229 ·
573 1198 716 1267 ἔχεις
749 1194 851 1246 ἐκεῖ
896 1192 1163 1264 ἀγγέλους,
1197 1197 1286 1243 καὶ
1342 1190 1723 1263 ἀρχαγγέλους,
1770 1193 1858 1250 τὰς

2008 1193 2295 1248 escendas
2326 1210 2357 1249 e
2389 1195 2569 1249 coelis
2605 1213 2617 1261 ;
2661 1196 2739 1251 ibi
2775 1199 3022 1267 angelos
3054 1200 3243 1255 habes
3282 1206 3338 1255 et
3370 1202 3621 1258 archan-

258 1288 361 1337 οῐνω
416 1282 684 1357 δυνάμεις,
742 1286 806 1335 τὰ
853 1281 1114 1357 χερουϐὶμ
1153 1286 1243 1332 καὶ
1290 1281 1357 1331 τὰ
1384 1281 1427 1315 ¹⁷
1483 1284 1729 1351 σεραφίμ,
1770 1283 1857 1330 τὸν

2000 1280 2154 1351 :elos,
2179 1298 2471 1353 supernas
2488 1289 2833 1355 potestates,
2860 1287 3165 1343 cherubim
3197 1305 3266 1344 ac
3292 1291 3616 1360 seraphim,

257 1378 384 1427 Θεὸν
415 1383 513 1426 τῶν
562 1374 803 1426 ἁπάντων
855 1375 900 1408 ¹³
946 1375 1139 1424 τούτων
1189 1374 1414 1427 ποιητήν
1448 1386 1459 1397 ·
1508 1371 1612 1421 ἐκεῖ
1658 1365 1858 1441 διάτρι-

2000 1374 2152 1425 leum
2182 1372 2394 1427 horum
2426 1373 2698 1428 omnium
2722 1374 3083 1431 etfectorem.
3115 1377 3229 1432 lllic
3252 1394 3504 1434 versare.
3538 1382 3616 1435 Ne

250 1462 350 1533 ψον
377 1483 388 1493 ·
436 1468 508 1536 μὴ
561 1462 814 1534 κατέλθῃς
854 1463 1100 1513 ὑποκάτω
1139 1466 1230 1510 τοῦ
1279 1458 1499 1529 οὐρανοῦ
1534 1473 1546 1485 '
1579 1461 1651 1529 μὴ
1709 1456 1856 1529 ἐμπέ-

2001 1460 2080 1513 ub
2098 1459 2330 1514 coelum
2354 1462 2707 1528 descendas;
2733 1479 2803 1517 ne
2825 1464 3053 1519 incidas
3078 1466 3135 1520 in
3161 1467 3503 1523 mundanas
3524 1484 3617 1523 co-

253 1564 354 1624 σῇς
406 1554 452 1587 ιν
505 1553 571 1612 εἰς
612 1553 901 1623 λογισμοὺς
959 1550 1231 1621 ψυχικούς
1265 1564 1276 1575 ’
1333 1551 1422 1599 καὶ
1458 1543 1738 1620 διαρκέσας
1790 1548 1853 1612 ³⁰,

2001 1547 2306 1602 ’ίῙᾶῐίΟΠ68.
2362 1550 2476 1618 Sic,
2526 1551 2737 1621 inquit,
2780 1569 2968 1623 quum
3010 1554 3249 1609 duobus
3288 1555 3501 1610 diebus
3548 1571 3617 1611 ac

251 1647 407 1712 φησὶ,
464 1638 560 1693 δύο
607 1644 803 1712 ἡμέρας
855 1645 944 1691 καὶ
998 1641 1183 1696 νύκτας
1235 1636 1393 1696 οὕτως
1444 1634 1723 1707 παρώξυνα
1770 1638 1853 1687 τόν

2000 1635 2202 1690 .uabus
2223 1638 2496 1692 noctibus
2512 1655 3005 1711 perseverassem,
3026 1643 3105 1697 ita
3118 1643 3478 1699 daemonem
3496 1645 3616 1700 irri-

252 1726 503 1798 δαίμονα,
544 1733 611 1781 ὡν
642 1730 802 1802 φλόγα
832 1733 997 1800 πυρὸς
1045 1728 1287 1798 γενέσθαι
1333 1732 1510 1777 τοῦτον
1559 1729 1648 1776 καὶ
1697 1743 1853 1775 κατα-

2001 1725 2105 1792 ivi,
2127 1730 2187 1779 ut
2207 1724 2456 1780 ﬂamma
2474 1727 2627 1794 ignis
2645 1727 2829 1795 ﬁeret,
2857 1730 3120 1801 mihique
3134 1734 3357 1798 omnia,
3382 1750 3537 1804 quae
3558 1734 3617 1788 in

247 1824 451 1870 καῦσαί
495 1838 595 1890 μου
643 1821 804 1870 πάντα
848 1820 892 1853 ²¹
927 1819 990 1868 τά
1035 1818 1084 1867 ἓν
1128 1823 1199 1885 τῷ
1230 1813 1430 1884 κελλίῳ,
1465 1814 1531 1872 ὡς
1577 1814 1622 1847 ³³
1653 1814 1852 1864 καὶτὸν

2002 1812 2181 1867 ellula
2212 1821 2396 1877 erant,
2430 1815 2824 1881 combureret,
2866 1817 2949 1871 ita
2996 1825 3055 1872 ut
3084 1820 3263 1874 etiam
3308 1826 3525 1884 storea,
3560 1822 3618 1876 in

243 1906 458 1976 ψίαθον,
540 1906 615 1978 ἐφ’
697 1908 749 1958 ὃν
807 1906 1083 1967 εἱστήκειν,
1168 1900 1593 1972 καταφλεχθῆναι
1644 1901 1712 1964 ’³,
1764 1905 1853 1952 xui

1994 1916 2085 1972 [ua
2100 1903 2357 1970 stabam,
2373 1910 2877 1970 concremaretur,
2894 1913 2948 1960 et
2962 1908 3045 1961 sic
3062 1924 3154 1961 me
3167 1923 3408 1979 quoque
3426 1915 3610 1965 totum

244 1995 380 2046 οὕτω
425 1995 471 2029 ²⁴
528 1999 744 2067 νομίσαι
801 2013 883 2064 με,
939 1994 1019 2044 ὅτι
1090 1990 1232 2061 κάγὼ
1302 1989 1428 2050 ὅλως
1484 1987 1841 2061 έμπίπραμαι,

2002 1992 2131 2044 duri
2154 1992 2576 2047 existimarem.
2605 1996 2975 2049 Postremum
2994 1996 3204 2051 timore
3226 1996 3477 2053 affectus
3503 2004 3615 2053 ter-

242 2083 400 2149 τέλος,
461 2083 682 2155 πληγεὶς
726 2086 824 2154 ἑγὼ
882 2090 953 2152 τῷ
1006 2079 1165 2152 φόϐῳ,
1223 2078 1452 2135 ἀπέστην
1495 2084 1589 2138 τῆς
1640 2078 1684 2111 ²⁵
1728 2097 1851 2149 προ-

1992 2078 2043 2132 io
2074 2079 2167 2133 die
2198 2079 2396 2133 destiti
2430 2081 2507 2135 ab
2539 2082 2652 2135 hoc
2685 2084 2996 2154 proposito
3031 2100 3161 2139 meo
3189 2091 3389 2156 atque,
3419 2102 3608 2157 quum

248 2175 432 2235 θέσεως
464 2177 658 2234 ταύτης
689 2180 751 2240 τῇ
810 2177 956 2246 τρίτη
1006 2172 1194 2243 ἡμέρᾳ,
1229 2172 1417 2239 μηκέτι
1450 2164 1694 2226 δυνηθεὶς
1741 2166 1848 2220 λοι-

1996 2173 2222 2222 Jentem
2245 2184 2439 2223 meam
2460 2169 3094 2239 ampliusindivulsam
3119 2178 3316 2229 tenere
3338 2190 3451 2229 non
3473 2191 3612 2245 pos-

242 2267 337 2315 πόν
372 2261 769 2335 ἀπερίσπαστον
827 2280 927 2332 μου
978 2266 1201 2316 ποιῆσαι
1249 2260 1335 2308 τὸν
1365 2264 1483 2307 νοῦν
1529 2256 1596 2320 ³⁸,
1649 2253 1774 2306 ἀλλὰ
1802 2255 1845 2290 ³⁸⁸

1998 2271 2108 2321 em,
2157 2257 2335 2328 260
2382 2256 2664 2312 descendi
2709 2258 2766 2312 in
2817 2259 3383 2331 contemplationem
3433 2263 3614 2333 hujus

238 2350 494 2410 κατῆλθον
563 2350 637 2412 εἰς
692 2352 909 2423 θεωρίαν
967 2355 1057 2399 τοῦ
1106 2350 1308 2418 κόσμου
1368 2347 1578 2410 τούτου,
1635 2343 1717 2395 ἵνα
1773 2348 1845 2415 μὴ

1828 2348 1845 2401 il
1962 2345 2190 2410 mundi,
2224 2361 2297 2400 ne
2329 2345 2388 2400 id
2423 2345 2565 2401 mihi
2588 2352 2963 2418 reputaretur
2985 2349 3049 2404 in
3079 2349 3444 2421 superbiam.

240 2440 461 2512 λογισθῇ
490 2460 581 2511 μοι
613 2446 762 2491 τοῦτο
786 2438 853 2498 εἰς
880 2445 1036 2509 τῦφον
1068 2436 1137 2491 ²⁸.

315 2530 632 2603 Παραϐαλὼν
659 2547 782 2581 ποτε
824 2530 869 2562 ³⁸
899 2535 969 2586 τῶ
1015 2526 1147 2597 ἁγίῳ
1198 2527 1245 2559 ³ο
1286 2522 1429 2596 εὗρον
1472 2522 1565 2584 ἔξω
1612 2530 1709 2582 τῆς
1736 2523 1844 2574 κέλ-

2030 2524 2345 2589 Quondam
2360 2540 2548 2597 quum
2565 2526 2641 2581 ad
2655 2526 2816 2582 hunc
2829 2532 3104 2583 sanctum
3121 2531 3610 2601 venissem,extra

234 2620 330 2682 λης
375 2620 537 2671 αὐτοῦ
582 2616 929 2692 πρεσϐύτερον
959 2621 1138 2687 κώμης
1184 2616 1318 2672 τινός
1371 2616 1756 2683 κατακείμενον,
1787 2612 1847 2663 οὗ

1995 2612 2166 2670 ellam
2194 2614 2322 2684 ejus
2339 2616 2637 2685 jacentem
2661 2615 2863 2672 inveni
2884 2617 2992 2672 vici
3019 2619 3334 2687 cujusdam
3363 2622 3611 2692 presby-

234 2712 264 2768 ἠ
321 2708 512 2782 κεφαλὴ
557 2707 830 2781 έϐέϐρωτο,
886 2707 950 2766 ὡς
1003 2709 1091 2755 καὶ
1143 2702 1270 2754 αὐτὸ
1311 2705 1367 2753 τὸ
1417 2702 1604 2752 ὀστοῦν
1652 2699 1751 2752 ἀπὸ
1798 2702 1840 2736 ³¹

1995 2704 2349 2771 3rum,cujus
2368 2704 2638 2774 caputita
2649 2710 2775 2761 erat
2789 2721 3034 2761 exesum
3050 2708 3383 2779 morbo.qui
3397 2725 3611 2766 cancer

232 2808 324 2859 τῆς
367 2807 595 2871 κορυφῆς
644 2797 913 2868 φαίνεσθαι
982 2793 1118 2845 ἅπαν
1173 2793 1273 2843 ὑπὸ
1319 2791 1519 2850 πάθους
1566 2797 1653 2841 τοῦ
1703 2788 1843 2860 λεγο-

1999 2791 2189 2854 icitur,
2221 2797 2280 2845 ut
2311 2797 2366 2845 et
2397 2792 2596 2863 ipsum
2626 2808 2692 2848 os
2725 2798 2912 2849 totum
2945 2804 3259 2866 appareret
3286 2798 3344 2851 in
3374 2799 3606 2853 vertice.

231 2892 387 2960 μένου
416 2891 687 2959 καρκίνον,
716 2889 806 2935 καὶ
837 2890 1017 2934 τοῦτον
1058 2877 1181 2932 οὔδε
1211 2878 1259 2929 έν
1294 2884 1554 2949 συντυχίᾳ
1579 2877 1792 2948 ἐδέχετο
1825 2898 1837 2911 ·

1994 2881 2151 2949 eque
2170 2896 2306 2934 eum
2322 2882 2398 2935 ad
2413 2880 2780 2953 colloquium
2802 2882 3175 2939 admittebat.
3194 2885 3414 2953 Rogavi
3433 2886 3610 2954 igitur

232 2976 599 3048 παρακαλέσας
654 2976 701 3009 ³³
753 2978 923 3025 τοίνυν
972 2971 1128 3022 αὐτόν
1180 2968 1312 3039 λέγω
1365 2968 1432 3020 ⁸³.
1483 2970 1839 3037 κατοικτείρη-

1991 2982 2021 3021 c
2050 2984 2060 3021 :
2092 2966 2317 3031 Precor,
2348 2970 2617 3041 inquam,
2642 2973 2924 3025 miserere
2954 2972 3135 3042 hujus
3157 2974 3378 3043 miseri,
3412 2981 3468 3029 et
3491 2974 3607 3029 sal-

237 3084 347 3129 σον,
406 3061 591 3136 δέομαί
637 3082 754 3127 σου,
802 3068 983 3114 τοῦτον
1032 3063 1115 3111 τόν
1165 3058 1365 3122 ἄθλιον,
1430 3060 1520 3106 καὶ
1562 3051 1655 3115 δός
1696 3055 1837 3125 αὐτῷ

1985 3070 2070 3110 am
2093 3072 2448 3127 responsum
2466 3057 2628 3113 eida.
2654 3059 2969 3130 Respondit
2989 3062 3129 3115 mihi
3160 3061 3476 3130 :Indignus
3498 3067 3601 3129 est,

240 3110 347 3129 ""
410 3110 589 3136 "'r'"-
641 3110 754 3127 '--1
809 3110 947 3114 ντί-ί
1042 3110 1045 3111 ν
1354 3110 1365 3122 1
1640 3110 1653 3115 -
1808 3110 1817 3125 ι

231 3153 327 3206 κᾶν
372 3154 675 3227 ἀπόκρισιν,
706 3156 797 3202 καὶ
842 3150 889 3184 ³⁸
936 3149 1068 3220 λέγει
1097 3167 1187 3219 μοι
1219 3164 1229 3175 ·
1266 3148 1342 3197 ὅτι
1388 3146 1437 3179 ³⁸
1488 3142 1691 3206 ἀνάξιός
1725 3141 1838 3195 ἐστι

2191 3110 2206 3127 ι
2244 3110 2249 3111 κ
2294 3110 2331 3111 κν
2373 3110 2443 3112 τίκ
2475 3110 2607 3113 η-ν-
2658 3110 3129 3130 --ρτν--η-κ--ω
3160 3110 3474 3130 -----σ-πν
3502 3110 3602 3129 ν--ι

1996 3145 2049 3197 ui
2074 3150 2330 3199 sanetur.
2367 3147 2520 3202 Haec
2549 3148 2708 3201 enim
2741 3148 2792 3201 ei
2831 3149 3100 3203 immissa
3140 3155 3229 3204 est
3267 3149 3605 3221 disciplina.

231 3252 325 3295 τοῦ
374 3244 605 3301 ἰαθῆναι.
666 3236 884 3292 παιδεία
935 3240 1035 3308 γὰρ
1086 3237 1226 3306 αὐτῷ
1277 3232 1541 3289 ἀπεστάλη
1592 3232 1746 3289 αὕτη,
1794 3231 1839 3283 εἰ

1989 3233 2049 3287 in
2076 3248 2211 3287 eum
2238 3235 2322 3288 vis
2346 3235 2569 3301 sanari,
2599 3236 2787 3290 suade
2812 3236 2884 3299 ei,
2916 3243 2976 3292 ut
2997 3237 3280 3308 deinceps
3306 3238 3603 3295 abstineat

236 3329 297 3384 δι
332 3332 490 3392 θέλεις
541 3331 691 3382 αὐτὸν
734 3330 947 3386 ἰαθῆναι
993 3326 1084 3390 ⁸⁸⁸,
1116 3332 1296 3377 πεῖσον
1344 3323 1501 3374 αὐτόν
1544 3320 1837 3378 ἀποστῆναι

1996 3322 2466 3392 sacriﬁcio.Ego:
2486 3324 2620 3389 Cur,
2640 3322 3209 3395 inquam,obsecro?
3225 3328 3600 3397 Respondet:

238 3428 339 3479 τῆς
365 3418 704 3490 λειτουργίας.
736 3422 823 3469 καὶ
855 3412 995 3469 εἷπον
1046 3413 1144 3486 ἐγώ
1182 3431 1193 3442 ·
1230 3409 1323 3464 διὰ
1366 3416 1436 3475 τί,
1472 3406 1658 3479 δέομαί
1695 3428 1787 3461 σου
1818 3426 1832 3476 ;

1985 3411 2267 3466 ‘ornicans
2320 3428 2557 3467 sacrum
2585 3414 2809 3483 peregit
2838 3413 3254 3481 ministerium,
3290 3415 3448 3471 unde
3474 3417 3601 3487 jam

239 3508 376 3578 λέγει
405 3527 495 3579 μοι
528 3525 539 3536 ·
572 3510 821 3579 πορνεύων
847 3507 1133 3578 λειτουργεῐ
1161 3503 1276 3565 ⁸⁵⁸⁸,
1307 3507 1395 3553 καὶ
1422 3496 1515 3552 διὰ
1544 3507 1695 3551 τοῦτο
1715 3518 1837 3549 παι-

1987 3500 2290 3568 astigatur.
2327 3500 2551 3565 Quodsi
2585 3507 2743 3556 metu
2774 3503 3021 3557 desistat
3060 3503 3138 3558 ab
3168 3504 3260 3569 iis,
3310 3520 3465 3576 quae
3500 3520 3603 3575 per

234 3593 445 3650 δεύεται
500 3603 601 3649 νῦν.
652 3595 733 3648 ἐὰν
783 3592 870 3648 οὖν
932 3593 1135 3664 ἀποστῇ
1194 3590 1353 3664 φόϐῳ,
1397 3589 1464 3640 ὧν
1504 3596 1834 3661 καταφρονῶν

1984 3594 2354 3659 ontemptum
2396 3606 2577 3643 ausus
2620 3596 2707 3644 est
2737 3590 2948 3656 facere,
2988 3593 3141 3647 Deus
3173 3609 3311 3648 eum
3344 3595 3600 3649 sanabit.

228 3686 611 3758 κατετόλμησεν
642 3688 710 3751 ³⁸,
741 3687 766 3735 ό
798 3688 923 3743 Θεὸς
956 3684 1097 3734 ἰᾶται
1133 3681 1288 3732 αὐτόν
1320 3681 1387 3732 ³⁷.
1422 3678 1566 3749 κάγώ
1607 3679 1653 3712 ³⁸
1694 3675 1832 3729 εἷπον

1984 3693 2063 3732 ,oc
2084 3676 2155 3741 ei,
2180 3679 2282 3748 qui
2304 3676 2704 3747 aﬂligebatur,
2720 3680 2862 3734 dixi.
2889 3681 2994 3745 Qui
3014 3682 3416 3751 jurejurando
3437 3683 3600 3753 apud

224 3784 297 3846 τῷ
330 3778 618 3847 πάσχοντι.
653 3777 679 3825 ὁ
712 3771 771 3826 δὲ
813 3775 1050 3824 συνέθετο
1100 3770 1295 3842 ὀμόσας
1348 3768 1431 3819 ἐπὶ
1460 3775 1613 3834 Θεοῦ,
1648 3770 1832 3837 μηκέτι

1994 3783 2127 3821 eum
2152 3766 2449 3837 pollicitus
2470 3772 2576 3831 est,
2609 3784 2671 3822 se
2694 3784 2814 3823 non
2836 3769 3094 3839 amplius
3122 3772 3451 3826 sacerdotis
3478 3789 3603 3827 mu-

224 3867 543 3937 ἱερατεῠσαι.
600 3868 691 3914 καὶ
744 3867 861 3914 τότε
928 3857 1138 3922 ἐδέξατο
1192 3863 1282 3910 καὶ
1329 3858 1463 3927 λέγει
1515 3855 1653 3924 αὐτῷ
1683 3873 1696 3886 ·
1748 3874 1833 3905 πι-

1990 3870 2087 3909 era
2107 3870 2235 3909 esse
2261 3855 2586 3910 obiturum.
2616 3859 2758 3911 Tum
2783 3873 2921 3912 eum
2949 3860 3212 3929 suscepit
3234 3861 3407 3932 eique
3432 3876 3447 3915 :
3474 3863 3606 3917 Cre-

223 3957 441 4018 στεύεις,
488 3955 571 4005 ὅτι
620 3954 730 4003 ἔστι
774 3956 921 4013 Θεός,
978 3950 1029 4000 ὃν
1076 3945 1226 3999 οὐδὲν
1273 3947 1550 4009 λανθάνει;
1596 3948 1682 3995 καὶ
1735 3942 1828 3995 ἀπ-

1985 3943 2132 4008 isne,
2188 3944 2398 4013 inquit,
2448 3960 2576 3999 esse
2628 3947 2833 4010 Deum,
2866 3961 3049 4017 quem
3083 3948 3225 4002 nihil
3254 3949 3394 4005 latet
3441 3948 3469 4005 7
3505 3950 3600 4006 Ille

221 4048 461 4117 εκρίνατο
497 4043 544 4076 ³³
577 4061 589 4073 ·
639 4045 727 4091 xui
779 4036 965 4110 δέομαί
1022 4056 1138 4092 σου.
1197 4033 1309 4089 εἶτα
1351 4035 1486 4103 λέγει
1534 4032 1673 4102 αὐτῷ
1705 4048 1716 4061 ·
1761 4037 1829 4103 μὴ

1982 4032 2263 4102 espondet
2286 4048 2296 4085 :
2321 4033 2592 4101 Maxime,
2616 4048 2763 4102 rogo
2789 4039 2861 4088 te.
2890 4034 3112 4091 Deinde
3136 4055 3149 4094 :
3183 4040 3354 4102 Num,
3381 4036 3598 4108 inquit,

219 4128 495 4191 ἠδυνήθης
536 4126 816 4190 διαπαίξαι
846 4133 931 4179 τόν
963 4132 1091 4179 Θεόν
1118 4142 1131 4191 ;
1163 4130 1252 4176 καὶ
1281 4124 1417 4194 λέγει
1461 4121 1649 4182 ἐκεῖνος
1682 4138 1693 4149 ·
1737 4120 1830 4171 οὐκ

1984 4119 2187 4175 otuisti
2214 4119 2458 4175 illudere
2492 4123 2609 4176 Deo
2651 4120 2680 4175 i’
2711 4123 3048 4193 Respondet
3079 4142 3092 4182 :
3130 4127 3255 4179 Non
3283 4125 3464 4194 potui,
3514 4126 3598 4181 mi

219 4217 518 4284 ἠδυνήθην,
574 4220 719 4290 κύριέ
771 4236 891 4288 μου.
948 4216 1080 4285 λέγει
1132 4216 1156 4265 ὁ
1208 4217 1410 4285 μέγας⁹
1466 4211 1507 4261 εἰ
1558 4209 1831 4282 γνωρίζεις

1982 4208 2198 4262 omine.
2242 4207 2537 4277 Magnus:
2572 4209 2628 4264 Si
2676 4210 2977 4277 agnoscis,
3024 4211 3235 4282 inquit,
3282 4219 3595 4283 peccatum

219 4328 318 4361 σου
349 4314 444 4367 τὴν
489 4308 748 4379 ἁμαρτίαν
797 4310 886 4357 καὶ
935 4309 1027 4363 τὴν
1066 4310 1155 4354 τοῦ
1198 4310 1329 4356 Θεοῦ
1361 4296 1626 4365 παιδείαν,
1663 4294 1733 4350 δι’
1768 4296 1827 4355 ἢν

1984 4312 2129 4363 ium,
2153 4312 2223 4351 ac
2244 4295 2621 4367 disciplinam
2651 4297 2767 4363 Dei,
2801 4314 2925 4369 qua
2939 4300 3085 4355 haec
3113 4301 3365 4369 subiisti,
3394 4306 3448 4357 te
3476 4318 3600 4357 cor-

214 4406 387 4450 ταῡτα
430 4399 678 4463 ὑπέστης,
718 4392 1012 4469 διόρθωσαι
1064 4392 1130 4453 εἰς
1183 4396 1239 4442 τό
1283 4390 1397 4452 ἑξῆς
1439 4406 1450 4418 ⁸
1503 4394 1592 4440 καὶ
1630 4387 1828 4460 ἐξωμο-

1990 4400 2099 4454 gas
2134 4384 2191 4439 in
2220 4391 2544 4455 posterum.
2572 4385 2679 4450 Qui
2722 4386 3029 4442 confessus
3060 4394 3145 4443 est
3178 4396 3510 4460 peccatum,
3543 4396 3599 4447 et

214 4487 485 4557 λογήσατο
536 4490 625 4543 τὴν
673 4484 932 4557 ἁμαρτίαν
966 4484 1027 4546 ⁸ο,
1077 4486 1166 4532 καὶ
1211 4476 1371 4531 ἔδωκε
1417 4478 1565 4548 λόγον
1611 4483 1700 4528 τοῦ
1730 4495 1825 4547 μη-

1980 4473 2117 4528 dem
2135 4473 2315 4536 dedit,
2338 4489 2401 4528 se
2420 4489 2538 4529 non
2553 4475 2812 4544 amplius
2829 4491 2960 4531 esse
2978 4484 3382 4547 peccaturum,
3399 4495 3594 4551 neque

216 4581 330 4628 κέτι
368 4576 675 4648 ἀμαρτῆσαι
728 4578 856 4645 μήτε
903 4572 1277 4644 λειτουργῆσαι
1319 4577 1391 4637 τῷ
1432 4569 1534 4619 θυσ
1567 4570 1822 4638 αστηρίῳ,

1975 4561 2106 4617 ltari
2122 4562 2617 4631 ministraturum,
2640 4566 2743 4618 sed
2758 4564 2893 4620 laici
2913 4573 3131 4620 sortem
3151 4568 3589 4638 amplexurum.

216 4665 349 4717 ἀλλὰ
406 4668 490 4715 τόν
550 4664 723 4714 λαῖκόν
804 4661 1151 4713 ἀσπάσασθαι
1211 4659 1400 4729 κλῆρον
1435 4676 1447 4688 ’
1514 4651 1605 4707 εἶθ’
1662 4654 1825 4714 οὕτως

1977 4651 2156 4706 >einde
2185 4656 2427 4706 sanctus
2444 4653 2491 4707 ei
2520 4668 2734 4708 manus
2765 4653 3074 4724 imposuit.
3100 4657 3207 4721 Qui
3236 4659 3443 4728 paucis
3473 4658 3593 4715 die-

213 4756 463 4812 ἐπέθηκεν
511 4751 651 4822 αὐτῷ
688 4758 876 4824 χεῖρας
934 4751 959 4801 ό
1008 4748 1172 4820 ἅγιος,
1215 4752 1304 4798 καὶ
1350 4746 1397 4798 έν
1450 4744 1649 4803 ὀλίθαις
1698 4744 1825 4814 ἡμέ-

1983 4756 2048 4796 us
2069 4746 2313 4797 sanatus
2324 4748 2442 4809 est;
2464 4740 2781 4814 capillique
2795 4743 3004 4815 capitis
3024 4746 3077 4802 ei
3098 4751 3429 4815 creverunt,
3451 4754 3507 4804 et
3530 4747 3591 4804 in

1545 4905 1799 4961 VARIAE
1838 4902 2248 4960 LECTIONES.

289 5073 372 5127 93
410 5071 794 5124 τελευταῖον,
874 5070 917 5109 to
944 5070 1050 5123 pro
1099 5063 1251 5125 ἦλθον
1298 5073 1344 5121 Α
1375 5062 1550 5130 ἦλθον,
1586 5064 1643 5116 έν
1684 5070 1770 5123 οῖς
1810 5063 2033 5137 ἔκρινά
2070 5079 2221 5137 ποτε
2261 5059 2347 5119 εἰς
2387 5063 2787 5137 ταύτην-τῶν
2829 5064 3032 5137 ἔργων
3071 5068 3184 5121 τὴν
3224 5062 3591 5137 ἐπιθυμίαν

210 5144 436 5198 ἐλθεῖν,
516 5144 558 5179 ιι
595 5144 847 5214 Αμὸνον
887 5144 971 5191 τὸν
997 5146 1133 5192 νοῦν,
1213 5140 1258 5174 il
1286 5156 1344 5188 τι
1384 5137 1578 5192 ονΠ.Β.
1658 5137 1705 5171 1³
1742 5138 1833 5189 Ex.
1860 5132 2035 5214 (So-ni“
2066 5134 2347 5214 Αῑξιννοὴ
2375 5150 2468 5214 σεἒ
2519 5132 2717 5214 _“’EI.
2742 5132 2928 5214 coni,
2956 5132 3584 5214 {XBn'poouvuu'chm

209 5220 257 5254 η
281 5221 335 5270 ἐν
378 5202 795 5288 ἐμαυτῷ-θαι.
846 5214 903 5269 Β.
982 5212 1026 5246 ιδ
1058 5213 1093 5263 3
1134 5209 1349 5266 ἄλλην,
1432 5209 1473 5243 ιτ
1518 5212 1583 5258 τὰ
1621 5222 1743 5261 (πη,
1780 5210 1840 5259 Α,
1922 5206 1967 5241 ιε
1996 5212 2038 5259 Α
2070 5204 2343 5288 τιθέντων.
2422 5205 2469 5237 ¹⁹
2594 5202 2895 5288 ἕμλπέσις,
2933 5206 3018 5260 sic
3045 5202 3337 5288 saepiusi
3379 5202 3486 5278 pro
3530 5229 3585 5265 η.

208 5291 254 5327 ὀ
281 5269 556 5351 Eménd"
584 5269 666 5339 ΑΒ
700 5282 1109 5356 διαρκίίσας·
1188 5283 1234 5317 ἰ
1270 5281 1527 5333 Βπέντα
1568 5300 1706 5349 μου·
1770 5279 1830 5356 ,³³
1864 5280 1929 5337 ὡς
1970 5291 2091 5331 om-
2129 5277 2200 5356 B',
2268 5278 2312 5310 ³³
2346 5269 3108 5356 καῖῗῗζίχθῆν-αιο-τξιλίί.
3156 5269 3235 5356 ξ³⁴
3265 5269 3429 5356 οὔτ-’ω
3461 5296 3582 5335 om.

212 5361 269 5414 Β,
300 5362 347 5397 25
389 5364 435 5415 Α
465 5346 684 5415 ἧκ’τῆς,
758 5346 942 5409 ⁸θῬιιο
996 5360 1268 5408 ποιῆσαι
1309 5356 1411 5403 τόν
1451 5346 1593 5402 νοῦν
1642 5354 1675 5402 Β
1721 5352 1825 5421 τ-όν
1866 5356 2009 5398 νοῦν
2050 5355 2366 5421 τηοῆσαι.
2448 5346 2490 5379 ²Ἶ
2531 5350 2567 5399 Β
2599 5348 2853 5421 λοιπόν.
2935 5350 2980 5384 ³⁸
3014 5349 3124 5404 Pro
3156 5350 3434 5421 λογισθῇ
3479 5370 3586 5421 μοι

211 5441 399 5485 τοῦτο
439 5431 529 5490 εἰς
568 5436 760 5499 τῦφον
799 5430 833 5481 Β
862 5426 949 5486 εἰς
990 5428 1179 5494 τύφου
1221 5424 1502 5491 ἐμπέσω.
1582 5425 1627 5457 ²⁹
1661 5426 1697 5475 Β
1729 5417 1796 5470 δέ
1842 5438 1981 5471 ποτε.
2061 5418 2156 5499 ³οβ
2188 5417 2587 5499 ἁγίῳῺτόύτῳ.
2666 5416 2854 5499 ³¹ἀπξ
2895 5423 3097 5499 ριηηβ..
3176 5424 3585 5499 3:83:19de-

212 5484 390 5559 λεσω.
468 5484 799 5570 “Bisi/an.
880 5484 1219 5549 “uui'O-u.
1252 5484 1313 5547 Β.
1395 5495 1439 5527 ³⁵
1472 5495 1561 5543 ὅτι
1602 5508 1723 5546 om.
1764 5498 1811 5544 Β.
1834 5492 1929 5570 3⁵⁸
1970 5484 2595 5570 παιδείαξ-ὶαθῆναι
2628 5505 2763 5570 ρω.
2810 5490 2873 5543 Β.
2911 5492 3006 5570 ³⁵2
3033 5494 3128 5570 8λο
3151 5484 3445 5570 A_B,_fot't:e
3475 5508 3582 5563 pro

213 5560 676 5643 auroooyuo'
719 5571 764 5604 se
809 5572 918 5623 pro
945 5575 1276 5638 καταφοονῶν
1308 5566 1794 5633 κατετόλμησεν
1832 5565 1867 5615 Β
1897 5560 2323 5643 κατατολμῶν
2364 5564 2878 5633 κατεφρόνησεν,
2963 5561 3094 5643 '1
3128 5562 3324 5642 αὐτόν
3360 5560 3570 5643 ἰᾶται.

213 5628 259 5683 εε
289 5628 582 5703 ιζηηιθηᾉί,
611 5641 704 5698 ΑΒ
733 5640 936 5712 κ’ὶγώ,
1016 5640 1064 5673 ³³
1090 5628 1277 5703 Corn,
1310 5639 1372 5691 Α.
1402 5628 1807 5709 ἀποκρίνετο,
1841 5635 2055 5704 Βλέγει.
2136 5628 2314 5684 “xui
2355 5636 2465 5690 τὴν
2506 5628 2614 5684 τοῦ
2658 5640 2819 5686 Θεοῦ
2853 5629 3573 5703 παιδείαν-ἁμαρτίαν

508 5749 751 5804 Pauca.
792 5748 894 5802 Gn.
932 5743 1181 5801 XXXIV.
3274 5736 3307 5797 7
