4092 6252
523 278 624 334 195

1353 276 1455 332 SS.
1497 278 1979 335 MACARIOBUM
2020 276 2348 335 AEGYPTII
2388 279 2473 334 ET
2514 277 3034 339 ALEXANDRINI.
3766 285 3859 344 496

517 404 769 460 domum
789 418 964 459 suam
978 416 1257 459 reversus
1272 401 1621 473 gloriﬁcavit
1639 407 1844 472 Deum,
1860 421 1930 464 ac
1948 405 2170 478 gratias

2297 425 2397 467 ›αις
2450 405 2569 464 ἰάθη
2624 411 2715 459 καὶ
2763 404 3025 479 ἓτρίχωσε
3073 410 3163 461 καὶ
3210 406 3436 467 ἀπῆλθεν
3488 409 3557 474 εἰς
3598 413 3682 463 τὸν
3734 430 3864 466 οικον

524 494 642 563 egit
668 496 897 547 sancto.

594 584 817 636 Rursus
834 580 1044 636 vidiad
1061 595 1199 636 eum
1218 580 1437 636 adduci
1454 597 1706 653 puerum
1731 599 1767 638 a
1781 585 1990 655 spiritu
2011 583 2177 639 mali-

524 685 644 741 gno
658 676 956 724 vexatum.
980 670 1081 725 Cui
1106 675 1348 724 sanctus
1371 686 1618 726 manum
1637 672 1908 728 dextram
1924 673 1983 727 in
1999 679 2179 745 caput

524 759 814 830 imposuit
844 759 1015 828 261
1053 764 1109 813 et
1140 758 1445 815 sinistram
1477 776 1657 831 supra
1691 777 1813 824 eor,
1847 778 1917 817 ac
1947 763 2179 818 tamdiu

526 849 737 913 oravit,
769 846 961 901 donec
991 847 1223 902 fecisset
1261 862 1400 901 eum
1434 849 1695 919 pendere
1735 851 1795 905 in
1830 866 1987 905 aere.
2033 854 2180 905 Puer

526 935 724 1006 igitur,
759 935 912 990 sicut
942 940 1068 991 uter
1097 935 1366 1001 inﬂatus,
1400 935 1459 990 in
1493 953 1741 1007 corpore
1773 939 2179 1011 maximopere

525 1024 827 1090 intumuit,
879 1025 1117 1089 deinde,
1151 1040 1340 1094 quum
1373 1025 1573 1081 subito
1613 1026 2024 1093 exclamasset,
2078 1044 2181 1099 per

524 1128 736 1170 omnes
763 1128 974 1167 sensus
998 1129 1223 1184 aquam
1248 1114 1474 1180 emisit;
1500 1130 1657 1185 quae
1682 1131 1869 1186 quum
1892 1116 2179 1180 desiisset,

529 1204 589 1258 in
611 1218 767 1268 eam,
791 1218 912 1273 qua
929 1202 1095 1257 initio
1109 1201 1319 1267 fuerat,
1350 1218 1692 1258 mensuram
1706 1205 1894 1259 rediit.
1916 1205 2183 1276 Eumque

529 1307 719 1363 quum
751 1291 883 1345 oleo
910 1296 1118 1346 sancto
1148 1291 1413 1346 unxisset
1438 1297 1494 1346 et
1527 1308 1688 1363 aqua
1716 1292 2033 1349 benedicta
2059 1309 2184 1364 per-

530 1380 802 1444 fudisset,
834 1380 985 1450 patri
1014 1378 1295 1447 reddidit,
1343 1396 1411 1434 ac
1458 1382 1663 1446 vetuit,
1696 1397 1770 1436 ne
1806 1397 2044 1437 carnem
2078 1399 2185 1439 nec

535 1470 631 1523 vin
642 1486 739 1523 um
754 1469 1478 1540 attingeretquadraginta
1490 1470 1724 1525 diebus.
1738 1472 1925 1526 Puero
1938 1472 2182 1542 quidem

534 1559 617 1613 ita
638 1563 850 1613 sanato
878 1572 980 1612 eos
999 1557 1242 1612 dimisit.

604 1736 771 1791 Hunc
790 1734 1112 1791 Macarium
1133 1749 1425 1803 magnum
1442 1736 1754 1807 quondam
1776 1741 2071 1793 vexarunt
2085 1753 2182 1794 co-
2217 1772 2255 1826 Β

532 1825 843 1897 gitationes
870 1839 1065 1879 vanae
1100 1823 1341 1892 gloriae,
1376 1840 1538 1896 quae
1563 1841 1698 1880 eum
1734 1841 1764 1881 e
1795 1826 1944 1882 cella
1974 1828 2184 1897 ejicere

530 1913 1987 1984 tentarunt,etsuggesseruntei,utdispensationis
1999 1917 2187 1987 gratia

531 2006 782 2060 Romam
805 2009 1091 2073 pergeret,
1108 2001 1455 2073 justamque
1473 2018 1721 2058 causam
1742 2004 2075 2074 allegarunt
2096 2021 2187 2061 sa-

531 2094 838 2147 nationem
861 2107 1091 2155 eorum,
1120 2091 1225 2160 qui
1255 2091 1335 2145 ibi
1377 2097 1533 2155 sunt,
1562 2091 1959 2148 inﬁrmorum.
2005 2094 2187 2150 Valde

530 2182 691 2236 enim
721 2181 781 2234 in
803 2195 873 2234 eo
900 2178 1188 2233 adversus
1210 2179 1449 2249 spiritus
1473 2180 1833 2250 operabatur
1854 2183 2048 2250 gratia
2080 2185 2181 2237 Do-

531 2271 697 2325 mini.
721 2272 918 2339 Longo
941 2274 1141 2323 autem
1172 2275 1436 2338 tempore
1459 2270 1536 2324 ab
1567 2270 1637 2323 iis
1661 2276 1971 2336 tentatum,
1993 2288 2185 2344 quum

533 2374 654 2414 non
699 2358 1043 2423 obediisset,
1071 2361 1137 2410 ut
1187 2359 1585 2426 egrederetur,
1619 2359 1815 2413 acrius
1862 2363 2180 2429 agitarunt.

534 2450 869 2502 Prostratus
892 2447 1068 2515 igitur
1085 2452 1324 2500 sanctus
1348 2446 1405 2499 in
1419 2446 1622 2501 limine
1643 2447 1820 2503 cellae
1839 2464 1981 2503 suae
2001 2450 2183 2520 pedes

529 2536 688 2591 foras
702 2534 1445 2605 emisit,daemonibusque
1463 2551 1651 2590 vanae
1664 2535 1886 2606 gloriae
1903 2556 1914 2595 :
1930 2538 2181 2602 Trahite,

532 2623 748 2695 inquit,
782 2638 877 2677 me
925 2629 981 2677 et
1018 2621 1230 2687 vellite,
1280 2624 1626 2688 daemones,
1673 2626 1720 2679 si
1763 2627 2028 2696 potestis.
2064 2628 2184 2697 Ego

533 2714 693 2767 enim
720 2714 867 2766 meis
913 2711 1169 2782 pedibus
1219 2711 1366 2766 alias
1395 2727 1515 2767 non
1542 2713 1750 2768 abibo.
1788 2715 1887 2769 Sin
1942 2716 2183 2785 potestis

530 2802 709 2857 talem
739 2815 832 2855 me
850 2800 1186 2871 deportare,
1209 2815 1332 2870 quo
1354 2800 1571 2864 dicitis,
1597 2803 1961 2871 perveniam.
1992 2808 2183 2874 Atque

526 2890 747 2961 juravit
766 2890 837 2943 iis
869 2906 881 2940 :
913 2889 1024 2953 Sic,
1058 2889 1268 2960 inquit,
1291 2888 1504 2958 jaeebo
1534 2904 1724 2960 usque
1753 2892 1830 2945 ad
1850 2907 2179 2962 vesperam.

531 2980 648 3035 Nisi
665 2995 760 3033 me
784 2978 1107 3044 moveritis,
1142 2978 1311 3033 vobis
1338 2994 1457 3032 non
1492 2979 1799 3035 obediam.
1824 2978 2020 3046 Quum
2044 2996 2185 3037 vero

531 3069 820 3124 immotus
848 3068 1196 3132 mansisset,
1224 3083 1354 3122 sero
1384 3069 1609 3138 vesperi
1635 3069 1878 3124 tandem
1909 3071 2181 3125 surrexit.

532 3160 638 3215 Sed
655 3165 824 3213 nocte
840 3157 911 3211 ad
922 3162 1195 3211 ventante
1214 3172 1419 3211 rursus
1432 3171 1568 3210 eum
1586 3158 1991 3211 vehementius
2004 3158 2187 3213 etiam

530 3248 803 3302 insectati
834 3253 990 3301 sunt.
1020 3248 1213 3309 Quare
1240 3249 1479 3299 sanctus
1513 3247 1781 3309 surrexit,
1806 3246 2189 3317 duorumque

532 3337 651 3390 fere
665 3335 1007 3390 modiorum
1024 3343 1291 3404 sportam
1306 3349 1487 3387 arena
1501 3333 1915 3404 implevit,qua
1928 3335 2190 3389 humeris

533 3424 817 3492 imposita
858 3429 1041 3477 totam
1073 3422 1455 3476 solitudinem
1489 3422 1763 3491 pervasit.
1807 3423 1909 3478 Cui
1938 3424 2194 3477 occurrit

536 3513 712 3582 262
741 3512 1103 3566 Theosebius
1127 3513 1429 3564 Cosmetor
1445 3511 1869 3574 Antiochenus,
1895 3517 1950 3565 et
1974 3527 1986 3565 :
2015 3511 2189 3575 Quid,

534 3602 749 3673 inquit,
782 3606 1009 3671 portas,
1045 3599 1206 3653 abba
1234 3599 1261 3652 ?
1301 3599 1451 3653 Cede
1486 3598 1627 3651 mihi
1652 3615 1830 3662 onus,
1866 3615 2013 3653 neve
2065 3600 2193 3670 ipse

537 3691 767 3744 vexeris
802 3688 813 3739 ι
859 3688 956 3742 Ille
1006 3695 1207 3742 autem
1239 3703 1251 3740 :
1290 3689 1465 3753 Vexo,
1514 3689 1722 3758 inquit,
1755 3703 1913 3753 eum,
1963 3688 2067 3759 qui
2102 3704 2195 3742 me

538 3786 737 3833 vexat.
764 3781 889 3848 Ipse
906 3778 1064 3831 enim
1079 3792 1268 3847 quum
1292 3776 1549 3830 lascivus
1575 3775 1670 3840 sit,
1691 3776 1832 3830 mihi
1853 3780 2196 3848 peregrina-

540 3868 731 3922 tiones
774 3867 1056 3936 suggerit.
1102 3867 1192 3921 Sic
1237 3880 1376 3920 vero
1420 3880 1610 3936 quum
1655 3881 1717 3919 se
1768 3866 2023 3920 multum
2070 3882 2198 3937 per-

542 3956 848 4020 movisset,
889 3959 949 4009 in
970 3955 1183 4011 cellam
1209 3954 1451 4010 intravit
1475 3954 1725 4008 contrito
1746 3970 2017 4026 corpore.

617 4156 696 4208 De
772 4159 978 4208 sancto
1055 4153 1249 4208 Marco
1334 4166 1553 4221 magno
1642 4152 2023 4207 exercitatore
2101 4153 2198 4209 hic

545 4240 918 4297 admirabilis
932 4240 1217 4295 Macarius
1234 4240 1347 4294 hoc
1360 4239 1701 4294 incredibile
1716 4240 1890 4294 nobis
1906 4243 2193 4298 narravit:

550 4333 745 4394 Quum
774 4345 965 4392 sacro,
986 4330 1197 4399 inquit,
1220 4343 1464 4381 munere
1483 4328 1778 4396 fungerer,
1802 4336 2066 4399 tempore
2084 4330 2200 4384 dis-

549 4420 888 4473 tributionis
949 4418 1367 4487 mysteriorum
1426 4416 1633 4471 Christi
1690 4432 1801 4487 ego
1854 4419 2195 4486 observavi,

551 4510 743 4563 Marco
786 4505 1152 4561 exercitatori
1184 4520 1495 4575 nunquam
1544 4520 1636 4559 me
1667 4505 1905 4560 dedisse
1945 4508 2200 4563 oblatio-

551 4612 713 4660 nem,
729 4597 830 4650 sed
854 4596 1101 4663 angelus
1125 4595 1175 4648 ei
1192 4594 1462 4648 dabatde
1484 4593 1676 4649 altari.
1703 4596 1823 4665 Ego
1843 4612 1978 4651 vero
2003 4596 2198 4654 solum

554 4684 932 4756 splendorem
984 4699 1202 4738 manus
1236 4683 1353 4736 vidi
1401 4686 1548 4754 ejus,
1577 4685 1679 4755 qui
1738 4685 1787 4740 ei
1836 4685 2198 4743 oblationem

2287 495 2446 547 αὐτοῦ
2478 491 2714 558 δοξάζων
2744 496 2788 531 ⁴¹
2823 499 2909 547 τὸν
2955 499 3085 550 Θεὸν
3125 502 3215 550 καὶ
3256 497 3585 571 εὐχαριστῶν
3614 507 3684 571 τῷ
3720 499 3865 573 ἀγίῳ.

2358 581 2513 637 Εἶδον
2566 585 2719 636 πάλιν
2787 586 2855 651 δ’,
2917 586 2996 638 ὅτι
3044 589 3389 659 προσηνέχθη
3445 587 3583 659 αὐτῷ
3633 585 3870 663 παιδαρί-

2289 691 2416 736 σκος
2445 674 2489 708 ’⁸³
2535 673 2894 747 ἐνεργούμενος
2924 676 3023 726 ὑπό
3053 678 3341 747 πνεύματος
3380 684 3625 749 πονηροῦ.
3659 678 3870 739 Ἐπιθεὶς

2289 758 2349 815 dit
2377 762 2514 832 αὐτῷ
2544 768 2638 820 την
2672 758 2848 825 δεξιὰν
2880 762 2964 815 ἐπι
2996 772 3091 824 τῆς
3131 763 3357 837 κεφαλῆς
3387 770 3476 817 καὶ
3505 770 3599 824 τὴν
3630 765 3871 837 εὐώνυμον

2289 850 2375 903 ἐπὶ
2402 856 2496 909 τὴν
2522 848 2768 922 καρδίαν,
2795 850 2877 904 ἐπὶ
2921 859 3167 904 τοσοῦτον
3195 854 3220 905 6
3259 853 3409 924 άγιος
3438 855 3486 889 “
3530 853 3869 927 προσηύξατο,

2291 942 2380 999 ἓως
2405 940 2466 991 οὗ
2510 939 2665 991 αὐτὸν
2713 939 2814 992 ἀπὸ
2865 940 3013 1014 ἀέρος
3047 940 3264 999 ἐποίησε
3310 945 3669 1015 κρεμασθῆναι
3712 944 3780 998 ⁴¹.
3809 942 3875 995 οἰ-

2294 1024 2464 1088 δὴσας
2491 1024 2577 1079 οὖν
2609 1030 2634 1079 6
2666 1037 2789 1090 παῖς
2830 1031 2897 1090 ὡς
2929 1032 3094 1089 άσκός
3123 1031 3477 1104 ὑπερμεγέθης
3504 1033 3552 1067 ⁴⁶
3583 1040 3653 1103 τῷ
3685 1038 3875 1104 σώματι

2293 1116 2513 1187 ὠγκώθη
2569 1116 2637 1180 ⁵⁷,
2681 1122 2771 1169 καὶ
2803 1115 3061 1190 αἰφνίδιον
3108 1117 3397 1193 ἀνακράξας
3437 1116 3531 1172 διὰ
3575 1128 3753 1173 πασῶν
3788 1128 3875 1173 τῶν

2294 1206 2590 1263 αἰσθήσεων
2619 1203 2763 1278 ὕδωρ
2805 1210 3013 1278 ἤνεγκεν
3058 1208 3127 1277 ¹⁸⁸,
3159 1213 3247 1260 καὶ
3290 1208 3535 1281 λωφήσας
3562 1208 3630 1271 εἰς
3662 1209 3688 1261 ὃ
3712 1207 3771 1267 ἧν
3797 1208 3875 1261 ἀπ’

2296 1294 2472 1367 ἀρχῇς
2522 1299 2725 1366 γέγονεν
2768 1297 2837 1351 ⁸⁸.
2893 1302 2984 1348 καὶ
3037 1296 3254 1368 ἀλείψας
3302 1297 3455 1350 αύνόν
3494 1299 3625 1371 ἁγίῳ
3654 1300 3697 1335 ⁸ο
3737 1298 3877 1370 ἐλαίῳ

2294 1384 2645 1456 ηύλογημένον
2695 1386 2738 1419 ⁶¹
2791 1381 2937 1457 ὕδωρ
2991 1384 3218 1456 ἐπιχέων
3251 1384 3629 1457 παραδίδωσιν
3659 1388 3705 1423 ⁵³
3734 1386 3877 1439 αὐτὸν

2292 1481 2365 1543 τῷ
2410 1478 2571 1546 πατρὶ
2623 1472 2798 1543 αὐτοῦ,
2850 1474 3219 1546 παραγγείλας,
3272 1479 3343 1547 μὴ
3402 1484 3584 1550 κρεῶν,
3634 1480 3703 1548 μὴ
3751 1478 3876 1527 οἶνον

2293 1560 2535 1631 ἅψασθαι
2577 1561 2733 1612 αὐτὸν
2776 1562 2864 1613 ἐπὶ
2907 1564 3103 1638 ἡμέρας
3152 1563 3227 1635 μ’⁶
3276 1569 3365 1617 καὶ
3413 1565 3574 1625 οὕτως
3626 1564 3878 1637 ἰασάμενος

2293 1648 2542 1703 ἀπέλυσεν
2569 1649 2760 1711 αὐτούς
2797 1651 2864 1705 ⁵³.
3220 1715 3226 1722 ,

2364 1738 2661 1811 Ὠχλησαν
2706 1741 2871 1811 τούτῳ
2916 1742 3037 1792 ποτε
3097 1749 3169 1811 τῷ
3228 1741 3436 1813 μεγάλῳ
3499 1745 3748 1817 Μακαρίῳ
3803 1740 3882 1793 λο-

2294 1832 2480 1900 γισμοὶ
2533 1824 2828 1890 κενοδοξίας
2894 1834 3198 1902 πειρώμενοι
3264 1838 3448 1882 τοῦτον
3528 1830 3750 1883 ἐκϐαλεῖν
3801 1838 3881 1892 τῆς

2294 1917 2497 1979 κίλλης,
2550 1918 2907 1988 ὑποτιθέμενοι
2980 1917 3277 1990 οἰκονομίας
3347 1920 3516 1993 χάριν
3573 1918 3885 1992 καταλαμϐά-

2294 2024 2395 2057 νειν
2439 2010 2531 2063 τὴν
2581 2004 2802 2077 Ῥώμην,
2853 2007 2922 2066 ὡς
2966 2005 3049 2057 ἐπὶ
3098 2009 3354 2079 προφάσει
3398 2005 3564 2066 δῆθεν
3615 2009 3888 2081 εὐεργεσίας

2295 2102 2394 2146 τῶν
2442 2093 2545 2146 ἐκεῖ
2584 2092 3006 2167 ἀρρωστούντων,
3061 2097 3234 2170 ἄκρως
3280 2100 3381 2169 γὰρ
3430 2101 3573 2151 κατά
3615 2106 3712 2149 τῶν
3746 2116 3886 2150 πνευ-

2295 2186 2471 2256 μάτων
2501 2183 2571 2244 εἰς
2610 2184 2766 2234 αὐτὸν
2806 2185 3009 2256 ἐνήργει
3054 2185 3102 2220 ⁵4
3133 2188 3162 2242 ἡ
3196 2188 3361 2258 χάρις
3413 2195 3515 2239 τοῦ
3567 2192 3775 2258 Κυρίου.
3806 2190 3884 2239 καὶ

2296 2276 2364 2333 ὡς
2413 2275 2491 2325 ἐπὶ
2526 2272 2655 2324 πολὺ
2705 2270 2982 2343 ὀχλοῦντες
3013 2273 3119 2345 οὐχ
3158 2276 3391 2332 ὑπήκουε
3420 2277 3499 2342 ⁸⁸,
3554 2274 3889 2349 σφοδροτέρως

2296 2362 2436 2433 αὐτῷ
2496 2361 2911 2435 προσελάσαντες
2966 2371 3148 2414 τοῦτον
3216 2364 3524 2426 ἐξήλαυνον.
3596 2370 3762 2418 πεσὼν
3811 2361 3888 2417 οὖν

2295 2449 2378 2502 ἐπὶ
2426 2454 2520 2507 τὴν
2561 2450 2708 2521 φλιάν
2768 2459 2862 2511 τῆς
2924 2450 3112 2502 ἑαυτοῦ
3166 2452 3349 2514 κέλλης
3405 2454 3430 2503 6
3496 2454 3645 2525 ἅγιος
3694 2457 3809 2514 τοὺς
3846 2452 3887 2487 ⁵⁸

2292 2535 2462 2600 πόδας
2510 2539 2733 2598 ἐκτείνας
2790 2538 2982 2610 ἀφῆκεν
3036 2540 3120 2592 ἐπὶ
3159 2543 3225 2592 τὰ
3278 2541 3391 2605 ἔξω,
3437 2541 3606 2613 λέγων
3656 2550 3760 2603 τοῖς
3805 2549 3886 2602 τῆς

2292 2624 2590 2689 κενοδοξίας
2616 2624 2867 2698 δαίμοσιν
2890 2647 2902 2660 ·
2948 2630 3115 2681 ἕλκετε
3152 2649 3214 2698 με
3246 2634 3497 2702 σύροντες
3525 2634 3593 2698 ⁵⁷,
3638 2630 3884 2704 δαίμονεςν

2293 2719 2378 2769 ἓάν
2427 2714 2656 2769 δύνασθε
2708 2718 2776 2768 ⁵³.
2835 2720 2933 2788 ἐγὼ
2973 2721 3072 2792 γὰρ
3115 2726 3228 2781 τοῖς
3277 2719 3419 2791 ἐμοῖς
3469 2724 3626 2774 ποσὶν
3672 2721 3889 2792 ἀλλαχοῦ

2295 2806 2390 2857 οὐκ
2441 2804 2766 2878 ἀπέρχομαι.
2800 2805 2843 2857 εἰ
2881 2803 2968 2857 οὖν
3010 2803 3239 2861 δύνασθέ
3291 2809 3339 2843 ⁶⁹
3378 2828 3441 2880 με
3481 2810 3644 2873 οὕτως
3695 2809 3889 2880 ἀπενεγ-

2295 2901 2420 2964 κεῖν,
2474 2896 2601 2944 ὅπου
2640 2893 2829 2965 λέγετε,
2864 2893 3238 2968 ἀπελεύσομαι,
3287 2893 3638 2971 διομνύμενος
3683 2899 3887 2959 αὐτοῖς’

2299 2984 2380 3034 ὅτι
2429 2982 2587 3042 οὕτως
2637 2985 2823 3053 ἔσομαι
2864 2988 3095 3055 κείμενος
3153 2986 3246 3047 ἕως
3286 2985 3556 3058 ἑσπέρας·
3612 2990 3696 3040 ἰὰν
3742 2990 3810 3059 μή
3839 3003 3893 3057 με

2303 3070 2608 3138 σαλεύσητε,
2642 3071 2700 3123 ού
2750 3076 2820 3141 μὴ
2864 3073 3009 3143 ὑμῶν
3061 3072 3368 3127 ύπακούσω.
3421 3081 3518 3128 καὶ
3559 3082 3730 3149 μείνας
3775 3074 3896 3126 ἀσά-

2299 3159 2473 3220 λευτος
2531 3161 2575 3194 ⁶⁰
2625 3158 2811 3217 ἀνίστη
2881 3161 3059 3212 λοιπὸν
3127 3160 3351 3234 ἑσπέρας
3434 3168 3603 3225 οὔσης
3671 3163 3890 3237 βαθείας.

2299 3252 2486 3309 νυκτὸς
2517 3244 2575 3299 δὲ
2608 3248 2764 3300 πάλιν
2812 3248 3175 3322 ἐπιγενομένης
3232 3247 3607 3328 σφοδροτέρως
3636 3252 3896 3324 ἐνὼχλουν.

2304 3336 2531 3399 ἀναστὰς
2577 3333 2663 3388 οὖν
2695 3339 2720 3388 6
2752 3337 2898 3408 ἅγιος
2929 3340 2995 3403 ⁸1,
3033 3343 3124 3390 καὶ
3172 3342 3217 3375 ⁶²
3247 3338 3416 3390 λαϐὼν
3451 3339 3694 3414 σπυρίδα
3721 3344 3784 3401 ὡς
3813 3336 3898 3391 δύο

2302 3424 2500 3497 μοδίων
2550 3426 2792 3497 ψάμμου,
2845 3430 3037 3485 ταύτην
3079 3417 3366 3501 ἐπῗηρωσε,
3423 3436 3519 3483 καὶ
3551 3434 3782 3491 τεθεικὼς
3825 3427 3898 3480 ἐπὶ

2303 3518 2390 3565 τὸν
2435 3514 2625 3565 ἑαυτοῦ
2673 3513 2809 3587 ὦμον
2838 3513 3049 3568 διεκίνει
3098 3518 3146 3553 ⁸³
3197 3522 3290 3575 τὴν
3331 3520 3548 3589 ἔρημον.
3593 3524 3754 3590 τούτῳ
3793 3537 3901 3570 συν·

2305 3610 2525 3659 ηντησεν
2602 3604 2648 3638 ⁶⁴
2708 3603 2980 3665 Θεοσίϐιος
3047 3607 3071 3657 6
3136 3611 3419 3679 κοσμήτωρ
3508 3608 3807 3680 Ἀντιοχεύς
3856 3605 3898 3640 ⁸⁵

2304 3696 2393 3742 καὶ
2422 3690 2558 3761 λέγει
2605 3693 2746 3762 αὐτῷ
2782 3710 2793 3721 ·
2826 3698 2877 3745 τί
2929 3692 3238 3766 βαστάζεις,
3288 3693 3426 3746 ἀϐϐᾶ
3458 3712 3472 3762 ;
3518 3702 3899 3770 παραχώρησον

2306 3779 2417 3850 ἐμοὶ
2455 3783 2512 3831 τὸ
2558 3785 2765 3855 φορτίον
2810 3787 2898 3833 καὶ
2951 3787 3022 3853 μὴ
3058 3782 3281 3835 σκύλλου
3321 3786 3484 3846 αὐτὸς
3519 3803 3530 3813 ·
3560 3787 3588 3837 6
3633 3783 3692 3837 δε
3729 3783 3858 3853 ἔλεγε
3886 3796 3896 3809 ·

2308 3868 2508 3920 σκύλλω
2554 3873 2641 3919 τὸν
2688 3870 2968 3923 σκύλλοντά
2994 3891 3055 3943 με
3084 3889 3097 3901 ⁶
3144 3873 3316 3933 ἄνετος
3347 3873 3447 3945 γὰρ
3494 3874 3565 3925 ὢν
3616 3869 3903 3943 ἀποδημίας

2307 3976 2397 4028 μοι
2473 3956 2770 4013 ὑποϐάλλει.
2852 3965 2942 4011 καὶ
3026 3960 3109 4012 ἐπὶ
3182 3960 3313 4013 πολύ
3379 3958 3696 4023 διακινήσας
3751 3960 3903 4019 οὕτως

2308 4045 2542 4104 εἰσῆλθεν
2569 4047 2643 4107 εἰς
2670 4053 2763 4106 τὴν
2792 4048 2970 4100 κε’λλαν
3004 4048 3295 4122 συντρίψας
3319 4052 3377 4101 τὸ
3409 4059 3585 4123 σῶμα.

2380 4158 2504 4225 Περὶ
2536 4155 2582 4189 ⁸⁸
2615 4156 2839 4227 Μάρκου
2894 4162 2984 4207 τοῦ
3025 4158 3115 4227 μὲν
3148 4154 3381 4213 ἀσκητοῦ
3416 4160 3474 4208 τὸ
3533 4154 3830 4232 παράδοξον
3858 4152 3898 4187 ⁸⁷

2307 4249 2460 4295 τοῦτο
2491 4244 2515 4293 6
2547 4245 2834 4315 θαυμάσιος
2864 4244 3010 4305 οὗτος
3054 4248 3327 4319 Μακάριος
3359 4242 3665 4317 διηγήσατο
3707 4246 3857 4316 λέγων
3891 4254 3903 4269 ⁸

2309 4332 2388 4382 ὅτι
2440 4331 2488 4381 ἐν
2542 4340 2611 4403 τῷ
2660 4331 2974 4406 λειτουργεῖν
3028 4351 3091 4404 με
3148 4332 3563 4406 ἐπεσημηνάμην
3618 4337 3718 4405 ἑγὼ
3780 4330 3903 4383 κατὰ

2308 4423 2393 4471 τὸν
2433 4424 2612 4495 καιρὸν
2660 4430 2751 4481 τῆς
2795 4418 3086 4482 διαδόσεως
3141 4430 3240 4474 τῶν
3269 4430 3357 4475 τοῦ
3418 4431 3656 4496 Χριστοῦ
3713 4438 3901 4494 μυστη-

2307 4515 2450 4585 ρίων,
2516 4513 2596 4563 ὅτι
2652 4513 2850 4583 Μάρκῳ
2913 4519 2984 4581 τῷ
3042 4510 3245 4583 ἀσκητῇ
3324 4509 3574 4565 οὐδέποτε
3630 4509 3802 4565 ἔδωκα
3854 4505 3897 4541 ⁸⁸

2308 4600 2408 4669 ἐγὼ
2461 4601 2506 4633 ⁶⁰
2548 4603 2872 4674 προσφοράν,
2924 4599 3031 4651 ἀλλ’
3081 4601 3297 4672 ἄγγελος
3343 4601 3482 4672 αύτῷ
3523 4598 3688 4654 ἕδίδω
3727 4600 3770 4641 το
3807 4595 3899 4647 ἀπό

2306 4696 2398 4740 τοῦ
2431 4690 2813 4763 θυσιαστηρίου
2852 4687 3145 4761 λαμϐάνων.
3198 4692 3293 4760 ἔγω
3345 4686 3405 4742 δε
3442 4693 3531 4742 τὸν
3581 4683 3898 4761 ἀστράγαλον

1880 4892 2141 4951 VARIAE
2178 4894 2581 4953 LECTIONES.

554 5104 672 5143 om.
702 5086 764 5141 Β.
843 5088 885 5122 ⁴¹
924 5090 1241 5159 Βχαίρων,
1276 5084 1532 5151 δοξάζων.
1611 5091 1656 5125 ⁴²
1679 5090 1773 5143 ΑΒ
1793 5089 1997 5155 πάλλιν,
2024 5089 2107 5144 sic
2141 5089 2258 5145 fere
2280 5089 2522 5160 ubique.
2562 5158 2570 5160 _
2601 5088 2646 5122 ⁴³
2671 5088 2706 5141 Β
2735 5092 2905 5148 παῖς.
2973 5085 3299 5160 ’ῦὸ-ἅγιος
3320 5085 3532 5160 o_m.B.
3611 5085 3660 5120 ⁴⁸
3676 5079 3900 5160 PN)?“

555 5160 623 5212 οὗ
663 5190 730 5199 -
777 5153 1223 5232 κρεμασθῆναι
1266 5164 1302 5215 Β
1352 5162 1444 5222 ἕως
1478 5161 1673 5214 αὐτὸν
1714 5162 1803 5224 εἰς
1839 5153 1994 5233 ἀέρα
2048 5153 2515 5235 κρεμασθῆναι
2554 5158 2888 5215 ἐποίησεν.
2964 5157 3012 5193 ⁴⁶
3070 5153 3253 5224 Corn,
3296 5157 3389 5212 ΑΒ
3448 5153 3891 5279 ὑπερμεέίθη.

555 5233 600 5267 ⁸⁷
634 5233 669 5279 Β
700 5231 962 5279 (Emathiam
998 5232 1112 5279 ὀλω
1144 5242 1221 5279 τῶ
1255 5238 1503 5279 σώματι
1587 5235 1633 5269 ιε
1676 5238 1711 5279 R
1742 5234 2055 5279 ἐξένεσνκε-
2107 5233 2153 5267 ‘9
2201 5233 2479 5279 Emend-.
2510 5237 2552 5279 A
2582 5234 2825 5279 γέγονε.
2870 5236 2905 5279 Β
2934 5232 3245 5279 κατέστη.
3281 5230 3323 5267 ⁸ο
3350 5229 3515 5279 ἁγίω
3548 5244 3672 5279 om.
3762 5265 3775 5279 .
3849 5221 3891 5256 ⁶¹

555 5233 600 5315 t3
632 5233 669 5284 Β
700 5221 1112 5315 ὠγκωθηρλῳ
1144 5242 1221 5303 τῷ
1255 5221 1528 5305 σώματι.
1587 5235 1633 5269 ⁴⁸
1676 5238 1711 5288 Β
1742 5221 2056 5304 ἐξένεγκε.
2090 5221 2479 5315 "Vlinlendq
2510 5237 2553 5315 ὲ
2582 5234 2825 5315 γέγονε,
2870 5236 2905 5282 Β
2934 5221 3248 5315 κατίσοτρξ
3281 5230 3323 5267 ⁸ο
3350 5229 3518 5315 ἀγίχ
3709 5221 3775 5313 Β..
3849 5221 3869 5255 ⁸

554 5304 735 5377 C01‘t‘.,
768 5307 858 5358 ΑΒ
908 5304 1376 5377 εὐλογειμένον.
1458 5308 1504 5341 ⁵³

554 5375 880 5438 -αὐτοὺς
919 5375 1114 5449 Qm.B.
1174 5375 1240 5413 ‘5‘
1284 5380 1547 5448 Emend,
1582 5380 1668 5432 AB
1698 5375 1954 5449 ἐνηργη.

558 5450 680 5501 θαι.
759 5450 803 5482 ⁵³
837 5453 882 5504 Α
922 5447 1268 5504 δύνασθαι.

555 5522 603 5556 ⁸⁸
634 5522 675 5574 Β
704 5527 1060 5580 συνήντησε
1102 5520 1167 5576 δε
1206 5527 1426 5594 τούτῳ.
1507 5524 1552 5556 ⁸⁵
1588 5524 1625 5575 Β
1658 5524 1683 5572 6
1723 5520 2018 5607 ἀντιοχεύς.

1542 5307 1650 5361 Pro
1683 5295 1961 5377 ἐπιχέων
2002 5300 2470 5377 παραδίδωσιν
2515 5305 2550 5356 Β
2582 5295 2851 5372 ἐπιχέας
2890 5295 3414 5373 παραδέδωκεν.’
3470 5295 3897 5377 fingam»;

1353 5380 1547 5448 neud.,
1582 5380 1668 5432 AB
1698 5376 1954 5449 ἐνήργη.
2031 5376 2213 5431 “Sic.
2238 5376 2342 5430 AB.

1353 5453 1394 5485 ⁶⁰
1424 5452 1690 5498 Emend“
1739 5452 1828 5498 AB
1858 5446 2260 5498 ἀσαλεύτως.

1654 5492 1691 5503 ..
1738 5469 1828 5503 ΑΒ
1858 5469 2260 5503 ασαΑευτως,

1423 5452 1691 5517 Emend.,
1738 5452 1828 5503 ΑΒ
1858 5452 2260 5508 ἀσαλεύτως.
2346 5452 2388 5481 σι
2423 5452 2656 5515 ὸοὶγιος
2697 5460 2819 5499 om.
2866 5452 2924 5497 Β.
3002 5452 3181 5496 "xui.
3222 5461 3345 5500 om.
3380 5452 3448 5499 Α,
3526 5452 3572 5475 ⁵³
3617 5452 3657 5495 β
3690 5452 3889 5508 dign.

1423 5567 1426 5576 .
1507 5524 1552 5556 ⁸⁵
1588 5524 1625 5575 Β
1658 5524 1683 5572 ὁ
1723 5520 2018 5595 ἀ-ιτιοχεύς.
2095 5520 2141 5555 ⁸⁸
2170 5516 2712 5595 a_literis_miniatis
2749 5516 2826 5595 ad
2860 5518 3194 5595 marginem
3230 5513 3603 5595 adscripsit:
3631 5516 3746 5583 περὶ
3769 5511 3895 5595 [fair

2422 5375 2469 5408 ⁵⁸
2562 5378 2671 5423 καὶ
2696 5365 2846 5432 τοὺς.
2880 5444 2891 5445 7
2922 5365 3051 5427 ⁸⁷Ἀ
3083 5375 3419 5445 σύραντες.
3496 5372 3545 5445 ἐξ
3586 5365 3897 5445 Α-δρνασ-

2346 5448 2388 5481 ⁶¹
2423 5444 2656 5515 ὁᾶγιος
2697 5460 2819 5499 om.
2866 5444 2924 5497 B.
3002 5435 3181 5496 “xui
3222 5461 3345 5500 om.
3380 5446 3448 5499 Α.
3522 5443 3572 5515 _"
3617 5442 3657 5495 Β
3690 5435 3889 5515 διῃε-ι.

553 5611 667 5672 κου,
714 5595 751 5647 Β
799 5578 1097 5672 inscripsit
1134 5612 1145 5650 :
1181 5602 1297 5672 περὶ
1345 5578 1435 5647 τὸς
1477 5596 1679 5672 μάρκου
1720 5578 2111 5672 τονῃάἷξκητοῡ.
2188 5591 2459 5672 ‘LArfse‘i
2500 5594 2613 5639 τοῦ
2642 5586 2840 5672 Διὲιίγίοξι
2880 5578 3119 5672 rapio?
3157 5590 3405 5663 μάρκου
3438 5578 3577 5639 ’τοῦ
3616 5578 3895 5656 μεγάλου

556 5655 841 5723 ἀσκητοῦ
870 5655 1257 5743 παράδοξονί
1335 5669 1445 5721 ⁶⁸Β
1472 5655 1752 5721 δέδωκα.
1829 5663 2014 5734 ⁶⁹ἒγὼ
2045 5678 2172 5718 om.
2210 5660 2276 5716 Β.
2351 5655 2717 5724 ⁷⁰ῸοιϊηΛΒ
2748 5659 2907 5712 αὐτὸ
2948 5655 3209 5714 ἓδίδού.
