4092 6252
268 268 361 328 191

275 400 413 467 μόνον
448 401 536 455 τῆς
582 394 769 467 χειρὸς
810 391 1058 467 ἐθεώρουν
1086 396 1179 444 τοῦ
1212 385 1545 451 ἑπιδιδόντος
1583 389 1723 460 αὐτῷ
1749 394 1846 448 τὴν
1876 392 1923 446 Α

274 488 539 537 κοινωνίαν.
597 481 744 542 οὗτος
783 478 843 534 δὲ
878 483 903 532 6
942 482 1146 555 Μάρκος
1178 480 1222 515 ⁷¹
1266 484 1506 551 νεώτερος
1546 482 1613 530 ὤν
1654 480 1722 515 ⁷⁷⁸
1747 500 1850 531 πα-

272 574 404 625 λαιὰν
442 578 527 624 καὶ
564 576 747 629 καινὴν
795 574 999 644 γραφὴν
1048 567 1397 625 ἀπεστὴθισεν
1437 573 1597 643 πρᾶος
1635 572 1701 619 ὧν
1732 570 1849 621 καθ’

269 660 550 732 ὑπερϐολήν,
574 660 732 731 ἁγνός
771 656 830 712 δὲ
854 659 899 711 εἰ
929 664 1020 710 καί
1048 677 1124 717 τις
1149 656 1319 719 ἄλλος.

328 754 457 809 Μιᾶς
509 744 570 800 δὲ
625 755 725 799 τῶν
769 748 974 819 ἡμερῶν
1023 748 1361 818 διαιρούμενος
1400 746 1446 779 ⁷³
1500 743 1598 815 ἐγὼ
1654 744 1727 805 εἰς
1791 748 1848 795 τὸ

259 841 474 909 ἔσχατον
517 836 681 888 αὐτου
711 843 880 909 γῆρας
924 835 1103 887 λοιπόν
1154 834 1457 906 ἀπέρχομαι
1505 837 1634 905 πρός
1673 833 1844 887 αὐτόν.

256 926 805 999 καὶπαρακαθέςομαι
864 932 925 996 τῇ
988 926 1122 998 θύρᾳ
1191 931 1287 984 τῆς
1325 923 1501 982 κέλλης
1556 922 1739 986 αὐτοῦ,
1782 924 1849 982 ὡς

253 1016 337 1069 ἇτι
374 1014 467 1086 ἐγὼ
522 1013 782 1087 ἀρχάριος
811 1015 861 1048 ⁷⁸
920 1016 987 1064 ὦν
1018 1016 1244 1083 νομίζων
1276 1012 1323 1046 ⁷⁴
1375 1011 1531 1063 αὐτόν
1580 1013 1707 1084 ὑπὲρ
1765 1009 1849 1061 ἆν-

258 1108 448 1177 θρωπον
495 1102 648 1169 εἶναι,
700 1106 874 1176 ὧσπερ
933 1108 1023 1155 καὶ
1076 1099 1158 1160 ἦν.
1222 1106 1308 1153 καὶ
1338 1103 1637 1176 ἠκροώμην,
1669 1105 1720 1153 τί
1750 1102 1851 1172 ἄρα

256 1194 387 1245 λαλεί
422 1197 452 1251 ἤ
510 1197 561 1244 τί
613 1189 925 1263 διαπράττει
949 1192 1018 1244 ⁷⁵.
1075 1196 1163 1241 καὶ
1235 1195 1529 1260 μονώτατος
1582 1190 1649 1239 ὢν
1706 1185 1850 1239 ἔνδον

259 1288 367 1356 περὶ
416 1285 479 1333 τὰ
547 1280 729 1333 ἑκατὸν
786 1278 873 1337 ἓτη
932 1279 1120 1339 ἐλάσας
1176 1275 1283 1337 ἤδη
1333 1284 1422 1330 καὶ
1468 1282 1588 1339 τοὺς
1635 1274 1852 1336 ὀδόντας

256 1370 505 1432 ἀπολέσας
538 1370 707 1439 ἐαυτῷ
738 1366 1027 1440 διεμάχετο
1081 1373 1170 1419 καὶ
1201 1376 1272 1437 τῷ
1309 1364 1557 1437 διαϐόλῳ,
1591 1366 1749 1437 λέγων
1778 1367 1849 1415 ⁷⁵.

252 1467 299 1512 τί
338 1460 493 1520 θέλεις
541 1459 742 1525 λοιπόν,
800 1464 1112 1529 κακογηρε;
1166 1453 1283 1508 ἰδοὺ
1331 1462 1420 1508 καὶ
1485 1459 1624 1507 οἶνον
1680 1453 1853 1514 ἔλαϐες

250 1554 336 1601 καὶ
368 1549 541 1601 ἐλαίου
594 1547 733 1617 ἣψω.
777 1546 955 1598 λοιπόν
985 1550 1037 1597 τί
1074 1544 1232 1605 θέλεις
1256 1546 1301 1579 ⁷⁷
1360 1549 1568 1601 ποιήσω
1610 1563 1716 1611 σοι,
1756 1562 1853 1595 πο-

247 1637 480 1709 λιοφάγε,
558 1632 878 1687 κοιλιόδουλε
944 1633 1125 1686 ἑαυτὸν
1212 1632 1542 1705 ἑξυϐρίζωνς
1608 1628 1720 1683 εἶτα
1780 1639 1851 1701 τῷ

253 1721 465 1797 δαίμονι
500 1744 512 1756 ⁸
548 1724 751 1789 ἄπελθε,
810 1724 991 1795 λέγων,
1051 1722 1138 1774 ἀπ’
1195 1725 1319 1793 ἐμοῦ
1366 1723 1437 1785 ⁷⁸,
1481 1718 1689 1773 διάϐολε
1722 1740 1855 1791 συγ·
1888 1750 1930 1805 Β

246 1815 552 1887 γεγήρακάς
608 1832 697 1884 μοι
745 1812 791 1863 ἐν
830 1809 1197 1885 νὰδιαφορίαις,
1269 1809 1533 1862 ἀσθένειάν
1605 1829 1696 1881 μοι
1763 1816 1853 1860 τοῦ

250 1908 493 1972 σώματος
545 1900 847 1975 ἐπιρῥίψας,
904 1904 1044 1952 οἴνου
1101 1901 1229 1972 με⁷⁹
1262 1899 1515 1961 ἐποίησας
1547 1897 1852 1970 μεταλαϐεῖν

246 1998 333 2044 καὶ
412 1992 612 2057 ἐλαίου,
696 1987 971 2062 φιλήδονόν
1042 2008 1106 2061 με
1186 1988 1630 2061 ἀπεργασάμενος.
1703 1992 1774 2058 μὴ
1807 1987 1853 2020 ⁸ο

246 2082 415 2153 ἀκμὴν
478 2084 567 2131 σοί
629 2098 681 2130 τι
734 2087 1034 2151 χρεωστώ;
1076 2074 1227 2129 οὐδὲν
1281 2078 1539 2149 εὑρίσκεις
1589 2078 1637 2127 ἐν
1691 2074 1855 2147 ἐμοὶὸ

248 2170 402 2229 θέλεις
468 2168 706 2226 συλῆσαι
737 2170 804 2220 ⁸³.
873 2167 1060 2219 ἆπελθε
1106 2167 1284 2219 λοιπόν
1338 2165 1424 2217 ἀπ’
1470 2168 1613 2237 ἐμοῦ,
1660 2167 1855 2236 μισάν-

244 2260 430 2331 θρωπε,
495 2262 587 2308 καὶ
647 2260 718 2318 ὡς
795 2258 1046 2329 στερίζων
1123 2255 1289 2324 ἑαυτῷ
1340 2251 1595 2324 διελέγετο
1628 2270 1639 2282 ·
1700 2250 1855 2325 διῡρο

235 2346 464 2415 λοιπόν,’
498 2348 645 2418 λῆρε,
704 2344 1014 2416 πολιοφάγε,
1080 2348 1371 2415 φαγόγηρε,
1429 2345 1517 2404 ἓως
1571 2348 1696 2395 πότε
1736 2345 1852 2394 ἔσο-

238 2457 330 2508 μαι
350 2418 493 2509 μετὰ
526 2441 625 2487 σοῦ
654 2451 669 2502 ;

311 2530 476 2597 Διηγή
495 2544 629 2577 σατο
660 2524 708 2559 ⁸³
759 2519 818 2576 δε
842 2525 968 2595 ἡμῖν
1018 2527 1106 2573 καὶ
1138 2524 1163 2573 ό
1196 2519 1375 2581 δοῦλος
1422 2529 1511 2573 τοῦ
1540 2529 1775 2595 Χριστοῦ
1808 2522 1852 2555 ⁸³

244 2618 573 2687 Παφνούτιος
634 2616 660 2665 ὁ
718 2620 810 2665 τοῦ
848 2617 1084 2684 γενναίου
1117 2613 1163 2646 ⁸⁸
1215 2614 1399 2663 τούτου
1466 2612 1727 2682 μαθητής,
1777 2612 1855 2662 ὅτι

242 2710 364 2776 μιᾶς
394 2712 495 2755 τῶν
559 2705 765 2774 ἡμερῶν
805 2701 1155 2772 καθεζομένου
1217 2707 1310 2751 τοῦ
1376 2704 1646 2773 Μακαρίον
1672 2699 1719 2733 ⁸⁵
1784 2701 1856 2750 οἰ-

243 2812 335 2846 κου
367 2795 417 2830 ”
478 2795 527 2844 ἓν
592 2799 653 2863 τῇ
714 2790 867 2862 αὐλῇ,
932 2794 1019 2841 καὶ
1085 2797 1156 2860 τῷ
1224 2797 1338 2860 Θεῷ
1422 2788 1857 2861 προσομιλοῦντος

244 2882 396 2933 ὖαινα
447 2879 689 2933 λαϐουσα
746 2884 831 2929 τόν
882 2886 1070 2939 εαυτῆς
1133 2881 1358 2948 σκύμνον
1385 2879 1431 2913 ⁸⁷
1490 2878 1676 2949 τυφλόν
1738 2881 1859 2928 ὅντα

250 2971 454 3042 ἣνεγκε,
481 2975 575 3021 καὶ
635 2978 707 3040 τῷ
767 2964 991 3041 θυριδίῳ
1035 2977 1124 3028 τῆς
1173 2967 1335 3029 αὐλῆς
1377 2970 1653 3041 κρούσασα
1684 2975 1744 3039 τῇ
1775 2986 1860 3018 κε-

253 3066 382 3131 φαλῇ
436 3057 673 3116 εἰσῆλθεν
763 3059 837 3108 ἔτι
914 3056 1073 3108 αὐτοῦ
1148 3056 1254 3107 ἐκεῖ
1332 3056 1697 3127 καθεζομένου.
1770 3059 1860 3107 καὶ
1895 3099 1935 3155 C

252 3148 428 3221 ῥίπτει
455 3148 612 3199 αὐτὸν
656 3148 757 3198 ὑπὸ
798 3149 916 3206 τοὺς
948 3142 1116 3206 πόδας
1176 3144 1337 3196 αὐτοῦ
1363 3161 1374 3173 ’
1408 3152 1590 3196 τοῦτον
1620 3148 1703 3196 τόν
1738 3148 1861 3195 σκύ-

257 3256 381 3308 μνον
411 3235 582 3288 λαϐὼν
621 3237 645 3286 6
698 3235 849 3307 ἅγιος
898 3236 1161 3306 Μακάριος
1192 3234 1237 3269 ⁸⁸
1278 3240 1365 3285 καὶ
1428 3233 1718 3293 ἐπιπτύσας
1756 3241 1862 3295 τοῖς

265 3324 555 3395 ὀφθαλμοῖς
626 3324 782 3375 αὐτοῦ
865 3322 1145 3387 ἐπηύξατο,
1228 3327 1318 3374 καὶ
1398 3331 1733 3394 παραχρῆμα
1781 3321 1863 3373 ἀν-

270 3412 471 3482 έϐλεψε,
512 3417 598 3463 καὶ
632 3412 927 3470 θηλάσαντα
975 3412 1130 3464 αὐτὸν
1162 3413 1208 3447 ³9
1237 3412 1390 3464 ὕαινα
1416 3411 1633 3470 ἀπῆλθε.
1681 3417 1771 3463 καὶ
1798 3420 1859 3484 τῇ

270 3500 390 3563 ἑξῆς
446 3502 611 3573 ἡμέρᾳ
675 3498 862 3553 κώδιον
948 3502 1175 3573 μεγάλου
1229 3500 1491 3575 προϐάτου
1549 3502 1728 3572 ἤνεγκε
1791 3509 1864 3571 τῷ

262 3589 401 3662 ἁγίῳ
434 3594 683 3666 Μακαρίώ
738 3593 785 3626 ⁹⁰
820 3612 832 3622 ·
904 3592 1025 3666 ὅπερ
1064 3587 1253 3643 κώδιον
1296 3592 1452 3651 αὐτὸς
1503 3595 1743 3643 κατέλιπε
1794 3599 1867 3661 τῷ

270 3679 409 3750 ἁγίῳ
463 3678 751 3751 Ἀθανασίῳ
808 3687 880 3749 τῷ
960 3679 1245 3750 ἐπισκόπῳ.
1303 3685 1393 3732 καὶ
1431 3681 1460 3737 ἡ
1511 3685 1747 3755 μακαρία
1810 3677 1869 3732 δὲ

268 3769 478 3826 Μελάνη
530 3765 637 3821 εἶπέ
687 3788 777 3840 μοι
820 3788 832 3801 ⁸
891 3770 970 3820 ὃτι
1014 3772 1158 3843 παρὰ
1200 3777 1291 3820 του
1345 3769 1497 3840 ἁγίου
1556 3770 1869 3821 Ἀθανασίου

265 3858 432 3911 έκεῖνο
485 3862 543 3909 τό
600 3854 795 3908 κώδιον
848 3855 1114 3924 ἔλαϐονθί,
1157 3857 1314 3919 ξένιον
1366 3864 1461 3929 τῇς
1502 3858 1684 3920 ὑαίνης
1730 3856 1871 3928 λεγό-

1826 261 2028 322 ACTA.

3502 270 3605 328 198

1952 391 2159 448 dabat.
2189 393 2292 449 Hic
2321 408 2459 449 vero
2502 396 2726 450 Marcus
2758 411 2947 467 quum
2974 396 3177 466 junior
3213 405 3385 463 esset,
3439 402 3606 453 vetus

1953 486 2007 536 et
2036 498 2260 537 novum
2292 488 2714 539 testamentum
2747 487 3086 541 memoriter
3116 486 3341 551 didicit,
3374 487 3608 559 fuimue

1950 569 2259 639 insigniter
2296 572 2454 625 mitis
2480 577 2658 644 atque
2689 580 2908 638 castus,
2942 577 2990 629 si
3016 576 3151 647 quis
3178 575 3359 634 alius.

2022 749 2296 813 Quodam
2318 750 2412 804 die
2442 766 2631 820 quum
2673 752 2860 807 otium
2887 752 3031 807 mihi
3056 758 3230 817 esset,
3261 754 3338 809 ad
3368 770 3509 809 eum
3548 755 3609 809 in

1951 842 2213 891 extrema
2243 838 2370 907 ejus
2402 843 2701 894 senectute
2735 841 2987 911 perrexi.
3022 844 3207 907 Quem
3250 858 3439 914 quum
3472 858 3609 913 ego,

1954 931 2154 996 utpote
2175 925 2275 996 qui
2301 926 2464 980 rudis
2487 943 2703 999 essem,
2731 945 2914 1000 supra
2934 930 3243 985 hominem
3263 946 3394 985 esse
3418 931 3614 986 existi-

1955 1028 2203 1079 marem,
2238 1016 2496 1070 utetiam
2526 1016 2655 1084 fuit,
2688 1018 2839 1073 ostio
2866 1018 3048 1074 cellae
3079 1020 3268 1090 ipsius
3295 1020 3506 1075 adsedi
3533 1024 3610 1085 et,

1952 1102 2096 1173 quid
2114 1102 2454 1174 loqueretur
2485 1104 2573 1159 vel
2597 1110 2817 1175 ageret,
2844 1107 3208 1163 auscultavi.
3235 1108 3410 1164 Solus
3434 1108 3614 1179 igitur

1952 1191 2109 1245 intus
2138 1206 2329 1261 quum
2349 1192 2479 1261 jam
2510 1200 2747 1248 centum
2782 1194 2901 1250 fere
2933 1211 3124 1251 annos
3157 1196 3424 1261 haberet,
3466 1197 3615 1251 den-

1954 1284 2160 1349 tesque
2191 1280 2507 1343 amisisset,
2538 1296 2742 1336 secum
2784 1289 2838 1337 et
2869 1299 3007 1338 cum
3039 1283 3283 1340 diabolo
3318 1284 3613 1355 pugnavit

1956 1383 2026 1423 ac
2058 1384 2070 1421 :
2103 1368 2258 1432 Quid
2282 1370 2544 1434 tandem,
2578 1371 2787 1442 inquit,
2816 1373 2926 1437 vis,
2964 1373 3118 1427 male
3152 1389 3335 1428 senex
3365 1372 3379 1427 Ῑ
3414 1376 3495 1427 En
3528 1374 3613 1427 vi-

1955 1471 2101 1510 num
2124 1457 2321 1512 bibisti
2349 1466 2401 1511 et
2424 1458 2620 1513 oleum
2643 1460 2898 1529 tetigisti.
2928 1462 3077 1526 Quid
3112 1463 3198 1516 vis
3220 1461 3484 1532 amplius
3508 1460 3614 1516 tibi

1957 1544 2195 1609 faciam,
2227 1562 2406 1600 vorax
2452 1548 2511 1601 in
2542 1548 2778 1613 canitie,
2830 1550 3095 1605 serviens
3146 1553 3337 1605 ventri
3369 1550 3396 1604 ?
3423 1554 3507 1605 lta
3555 1565 3618 1604 se

1960 1632 2088 1703 ipse
2106 1634 2481 1688 contumeliis
2498 1636 2827 1706 castigavit.
2847 1636 3093 1693 Diabolo
3114 1645 3343 1696 autem:
3369 1639 3616 1704 Recede,

1962 1721 2217 1794 inquit,a
2233 1722 2610 1787 ine,diabole.
2629 1726 3005 1780 Consenuisti
3028 1742 3263 1781 mecum
3280 1727 3340 1781 in
3362 1728 3619 1798 pigritia.

1966 1811 2373 1866 infirmitatem
2388 1813 2654 1883 corporis
2672 1814 2812 1868 mihi
2830 1815 3333 1870 inﬂixisti.Vinum
3352 1815 3618 1871 etoleum

1966 1915 2061 1953 me
2088 1900 2268 1971 263
2297 1901 2595 1970 percipere
2626 1901 2834 1956 fecisti.
2865 1902 3275 1973 Voluptarium
3302 1919 3395 1957 me
3418 1902 3617 1958 reddi—

1966 1988 2125 2043 disti.
2150 1990 2301 2053 Quid
2317 1989 2423 2043 tibi
2452 1992 2696 2061 insuper
2717 1991 2907 2045 debeo
2932 1992 3131 2047 ?Nihil
3158 1992 3390 2047 invenis
3412 1992 3473 2047 in
3496 2007 3614 2057 me,

1964 2077 2125 2148 quod
2156 2077 2426 2147 deripere
2448 2077 2611 2133 velis.
2633 2080 2855 2133 Recede
2885 2095 3027 2149 ergo
3050 2097 3085 2136 a
3111 2096 3229 2149 me,
3252 2081 3489 2135 inimice
3511 2079 3623 2135 ho-

1965 2167 2217 2220 minum.
2252 2170 2331 2220 Ac
2358 2165 2535 2220 veluti
2566 2166 2716 2221 latro
2749 2168 2861 2221 sibi
2887 2169 3013 2237 ipse
3040 2184 3051 2223 :
3081 2169 3377 2239 Agedum,
3406 2168 3619 2241 inquit,

1966 2262 2239 2324 nugator,
2275 2257 2335 2309 in
2363 2256 2574 2310 canitie
2603 2262 2859 2321 vorator,
2890 2259 3022 2313 etin
3046 2258 3388 2314 heluatione
3422 2274 3622 2314 senex.

1966 2344 2266 2409 Quamdiu
2297 2344 2474 2400 etiam
2507 2352 2703 2400 tecum
2735 2362 2837 2401 ero
2858 2346 2886 2401 *ἲ

2038 2523 2409 2593 Paphnutius
2440 2538 2681 2594 quoque
2731 2524 2942 2579 Christi
2983 2540 3191 2581 servus
3240 2530 3296 2581 et
3330 2524 3623 2597 praeclari

1964 2612 2146 2683 hujus
2165 2612 2269 2665 viri
2291 2610 2619 2682 discipulus
2640 2612 2787 2667 haec
2806 2613 2979 2669 nobis
2997 2614 3260 2670 narravit
3284 2631 3297 2668 :
3319 2614 3623 2681 Quodam,

1967 2701 2175 2772 inquit,
2207 2700 2326 2765 die,
2357 2716 2547 2771 quum
2578 2702 2866 2757 Macarius
2900 2702 3065 2757 domi
3096 2704 3157 2757 in
3203 2702 3340 2759 aula
3371 2703 3621 2769 sederet,

1967 2796 2023 2845 et
2046 2789 2317 2844 animum
2335 2789 2455 2844 Deo
2475 2792 2769 2846 intentum
2798 2791 3064 2857 haberet,
3093 2793 3332 2864 hyaena
3357 2792 3623 2848 catulum

1968 2894 2214 2933 caecum
2248 2894 2427 2933 suum
2455 2878 2666 2946 attulit,
2698 2885 2756 2935 et
2784 2883 2934 2936 ostio
2965 2881 3136 2937 aulae
3160 2882 3354 2953 capite
3387 2882 3625 2953 pulsato

1968 2972 2237 3038 ingressa
2267 2972 2375 3032 est,
2408 2966 2506 3021 illo
2547 2968 2723 3022 etiam
2767 2968 3027 3026 sedente.
3057 2970 3239 3040 Cujus
3269 2976 3405 3024 ante
3437 2970 3623 3041 pedes

1969 3074 2105 3114 eum
2122 3056 2386 3126 pi-ojecit.
2406 3057 2652 3110 Sanctus
2666 3057 3140 3125 igiturMacarius
3152 3075 3343 3129 quum
3357 3059 3623 3114 catulum

1970 3146 2315 3217 accepisset,
2360 3144 2609 3215 ejusque
2662 3145 2719 3198 in
2751 3146 2957 3201 oculos
2993 3148 3270 3219 spuisset,
3325 3147 3537 3213 oravit,
3571 3154 3626 3203 et

1972 3235 2172 3290 statim
2195 3232 2423 3288 catulus
2452 3232 2613 3287 vidit.
2639 3234 2827 3298 Quem
2850 3249 3039 3305 quum
3060 3234 3363 3305 iactasset,
3384 3236 3624 3307 hyaena

1971 3324 2135 3381 abiit.
2156 3322 2255 3377 Die
2270 3328 2468 3377 autem
2483 3324 2755 3393 sequenti
2777 3322 2991 3393 pellem
3008 3339 3264 3393 magnae
3278 3326 3404 3380 ovis
3419 3330 3624 3382 sancto

1971 3415 2165 3469 Marco
2191 3412 2403 3475 attulit,
2425 3427 2613 3483 quam
2637 3413 2881 3483 quidem
2907 3414 3119 3485 pellem
3148 3416 3198 3469 is
3224 3420 3431 3471 sancto
3453 3415 3627 3471 Atha-

1975 3502 2143 3557 nasio
2172 3501 2456 3572 episcopo
2488 3501 2723 3573 reliquit
2749 3519 2761 3567 ;
2790 3503 2967 3558 beata
2990 3510 3189 3560 autem
3214 3503 3459 3561 Melania
3480 3504 3627 3559 mihi

1977 3591 2140 3655 dixit,
2190 3605 2252 3645 se
2282 3607 2316 3644 a
2360 3597 2567 3645 sancto
2612 3591 2936 3647 Athanasio
2985 3592 3144 3647 illam
3180 3592 3417 3663 pellem,
3468 3608 3626 3664 quae

1982 3696 2200 3735 munus
2221 3680 2494 3749 hyaenae
2519 3678 2957 3749 appellabatur,
2982 3683 3306 3753 accepisse.
3340 3683 3403 3737 Id
3425 3690 3627 3738 autem

1980 3768 2270 3824 Dominus
2289 3766 2441 3836 fecit,
2461 3766 2860 3837 utgloriosuin
2884 3768 3403 3826 redderetservum
3424 3787 3622 3837 suum,

1985 3858 2135 3913 sicut
2165 3858 2344 3911 etiam
2370 3855 2430 3909 in
2462 3856 2585 3910 Elia
2615 3861 2671 3911 et
2700 3856 2759 3910 in
2785 3856 3026 3913 Daniele
3052 3858 3206 3913 fecit.

261 3966 413 4021 μενον
481 3948 551 3997 9!,
602 3953 754 3997 τοῦτο
808 3947 909 4020 γὰρ
965 3950 1243 4004 πεποίηκεν
1300 3947 1324 3996 ὁ
1371 3949 1566 4020 κύριος,
1615 3948 1748 3998 ὥστε
1802 3944 2027 4009 δοξάσαι
2078 3949 2165 3997 τὸν
2205 3941 2388 3997 δοῦλον
2438 3943 2618 4009 αὐτοῦ,
2679 3947 2746 4005 ὡς
2788 3949 2877 3996 καὶ
2934 3944 3019 3997 επὶ
3073 3953 3164 3998 τοῦ
3222 3946 3398 3998 Ἠλίου
3454 3948 3502 3982 93
3540 3951 3630 4000 καὶ

260 4044 356 4089 τοῦ
380 4034 579 4093 Δανιὴλ
607 4038 910 4090 πεποίηκεν.

336 4125 580 4195 Ἐλὲγετο
630 4119 689 4175 δε
715 4123 763 4158 ⁰⁴
819 4126 932 4195 περὶ
980 4122 1140 4175 αὐτοῦ
1186 4130 1279 4175 τοῦ
1320 4123 1367 4157 9⁵
1404 4122 1577 4193 ἁγίου,
1639 4124 1740 4189 ὅτι,
1791 4120 1864 4195 ἀφ

2048 4122 2363 4177 Dicebatur
2401 4122 2494 4176 hic
2529 4124 2795 4187 sanctus,
2821 4137 2893 4177 ex
2925 4138 3048 4193 quo
3078 4122 3413 4193 baptizatus
3458 4130 3631 4192 esset,

260 4210 324 4267 οὖ
385 4211 713 4277 ἐϐαπτίσθη,
779 4211 873 4264 οὐκ
935 4215 1124 4264 ἔπτυσε
1150 4214 1197 4248 ⁹⁶
1257 4218 1435 4283 χαμαὶ
1489 4213 1573 4265 ἐπὶ
1631 4211 1879 4275 ἐξήκοντα

261 4306 377 4361 ἔτη.
431 4307 953 4375 τεσσαρακονταετὴς
1010 4304 1112 4375 γὰρ
1154 4300 1446 4358 ἐϐαπτίσθη
1489 4303 1557 4355 ³⁷.
1604 4298 1664 4359 ἦν
1710 4298 1768 4353 δὲ
1820 4304 1876 4352 τό

261 4389 410 4452 εἶδος
479 4400 577 4453 τῆς
644 4390 803 4442 αὐτοῦ
836 4393 884 4426 9⁸
938 4390 1142 4450 ἡλικίας
1202 4389 1536 4457 ὐποκὸλοϐον,
1587 4394 1779 4442 σπανόν
1806 4392 1876 4454 ⁸9,

261 4480 348 4533 ἰπὶ
409 4486 508 4532 τοῦ
563 4478 771 4550 χείλους
808 4483 961 4552 μόνον
1012 4482 1133 4549 ἔχον
1165 4484 1371 4551 τρίχας,
1405 4484 1492 4531 καὶ
1538 4479 1607 4541 εἰς
1633 4483 1690 4531 τό
1722 4481 1878 4552 ἄκρον

261 4566 324 4623 δὲ
355 4577 455 4622 τοῦ
503 4573 700 4639 γενιίου
737 4570 877 4640 εἶχεν
929 4568 1104 4639 ὀλίγας
1134 4585 1147 4598 “
1211 4567 1466 4642 ὑπερϐολῇ
1521 4570 1621 4641 γὰρ
1657 4568 1879 4626 ἀσκητι-

259 4667 367 4711 κῶν
407 4662 585 4710 πόνων
625 4654 749 4710 οὐδὲ
798 4659 853 4710 αἱ
906 4663 1091 4730 τρίχες
1149 4664 1239 4717 τῆς
1291 4654 1557 4729 γενειάδος
1606 4657 1769 4710 αὐτοῦ
1804 4656 1882 4719 ἐξ·

258 4746 355 4821 ἔφυ
365 4765 467 4800 σοιν
478 4785 492 4799 .

1987 4212 2154 4268 humi
2174 4227 2293 4267 non
2315 4211 2551 4282 spuisse
2565 4226 2668 4281 per
2694 4211 3005 4280 sexaginta
3023 4227 3233 4266 annos.
3256 4220 3455 4267 Annos
3473 4212 3634 4269 enim

1986 4300 2388 4373 quadraginta
2434 4307 2609 4355 natus
2639 4300 2971 4369 baptizatus
3021 4308 3127 4355 est.
3176 4303 3411 4358 Statura
3436 4308 3635 4359 autem

1987 4390 2086 4445 illa
2115 4393 2307 4444 aetate
2336 4390 2481 4443 satis
2514 4388 2744 4443 minuta
2784 4404 2854 4444 ac
2884 4404 3022 4444 rara
3047 4389 3154 4444 fuit
3191 4407 3208 4459 ;
3246 4390 3396 4461 pilos
3420 4391 3479 4446 in
3512 4391 3639 4446 solo

1986 4477 2157 4532 labro
2186 4476 2626 4547 babuit,-atque
2655 4475 2833 4547 264
2868 4478 2929 4531 in
2958 4492 3242 4547 suprema
3263 4485 3429 4548 parte
3458 4479 3640 4532 menti

1988 4566 2198 4622 habuit
2223 4580 2469 4636 paucos.
2504 4567 2648 4620 Nam
2690 4572 2930 4635 propter
2961 4566 3178 4621 nimios
3207 4567 3641 4622 exercitationis

1987 4654 2227 4711 labores
2254 4669 2326 4710 ne
2358 4653 2459 4725 pili
2484 4654 2733 4726 quidem
2761 4655 2943 4711 menti
2969 4653 3019 4725 ej
3034 4670 3099 4710 us
3128 4654 3289 4712 enati
3314 4660 3473 4713 sunt.

1624 4869 1884 4927 VARIAE
1903 4867 2300 4924 LECTIONES.

320 4999 371 5034 ’τι
405 4997 456 5070 Β
478 4993 631 5070 οὗτος
656 4989 715 5047 δε
751 4996 777 5047 6
834 4996 1153 5070 μακάριος
1225 4996 1467 5070 μάρκᾼον
1496 5012 1510 5061 ;
1543 4993 1649 5050 sed
1680 4993 1844 5070 haud
1863 4992 2044 5070 dubie
2183 4990 2508 5070 legendum
2534 4997 2616 5070 est
2642 4992 2667 5043 ὁ
2697 5010 2950 5070 μκκαριρς
2994 4992 3207 5070 μάρκρ
3223 5013 3263 5054 ς.
3309 4995 3376 5070 ⁷⁷·
3409 4997 3486 5045 ὧν
3513 5011 3640 5052 om.

248 5070 313 5124 Β.
340 5070 391 5104 7’
428 5068 469 5121 Β
498 5060 990 5141 ἀκοιιρούμὶνος.
1020 5060 1081 5102 ’⁷⁸
1114 5060 1349 5122 3ιοἈΒ.
1394 5068 1437 5101 ⁷⁵
1477 5060 1659 5132 Corn,
1696 5068 1782 5121 AB
1836 5065 2157 5141 νόμιςονητδ
2225 5060 2267 5117 Β
2346 5060 2942 5141 διαττρξίλττἑεῖοιι-ᾸΑ⁷6
2972 5060 3120 5141 _Pt_‘d_
3160 5061 3529 5141 διεμάχετο
3570 5097 3636 5141 έ-

248 5140 456 5211 λίγων
501 5133 924 5211 Βῗδίελίγετο
964 5147 1044 5211 τῷ
1108 5136 1393 5211 διαϐόλῳ
1451 5133 1902 5211 μαχόμενοςη-
1932 5137 1979 5170 ⁷⁷
2011 5135 2214 5194 θέλεις
2261 5133 2679 5211 ραιηΒι-ίτεμβ
2728 5135 2925 5211 ἀςπελθε
3102 5133 3532 5211 ἑμοῦλέγιι.-
3577 5140 3627 5173 ⁷9

248 5216 294 5268 Α
329 5232 472 5268 μοι.

248 5233 294 5268 Α
326 5233 472 5284 μοι.
564 5233 607 5244 ὐ
643 5233 723 5281 μη
754 5233 874 5265 om.
907 5233 967 5264 D.
1048 5233 1089 5245 υ·
1115 5233 1263 5262 auos

247 5292 346 5345 τῆς
386 5287 485 5336 τὸν
520 5282 708 5353 τυφλόν
744 5284 970 5353 σκύμνον
1008 5283 1263 5353 ἐχούσης.

249 5375 386 5410 κου.
476 5354 525 5388 ⁸⁸⁵
557 5356 737 5405 οἶκοῠ
779 5369 898 5409 om.
936 5356 993 5408 Β.
1077 5355 1122 5389 ⁸⁷
1164 5353 1426 5413 Βαῦτῆς
1456 5358 1555 5404 τόν
1606 5355 1859 5422 σκύμνον.

1341 5282 1388 5316 ⁸³
1421 5283 1461 5335 Β
1487 5283 1648 5334 θεοῦ.

250 5496 629 5569 λεγόμενον.
686 5497 767 5552 De
799 5500 909 5569 hac
945 5498 1113 5569 pellis
1142 5496 1265 5552 don
1287 5498 1466 5569 ttioni
1498 5496 1798 5569 disp‘itayi

260 5641 463 5697 αὐτοῦ
504 5646 575 5700 τῆ
596 5658 640 5703 ς.
718 5639 766 5674 ⁹⁹
807 5642 877 5696 20
907 5642 1094 5712 Corr.,
1123 5641 1215 5696 AB
1248 5640 1476 5702 σπανός.

564 5210 607 5244 ⁸ο
643 5214 723 5281 μὴ
754 5194 874 5265 θ’[Ιι.
907 5212 967 5264 Β.
1015 5194 1089 5245 ’⁸1
1115 5206 1300 5262 οὐδὲν
1342 5194 1668 5281 {apio-£36;
1695 5238 1758 5282 -έ
1788 5194 2071 5266 συλῆσαι
2103 5221 2235 5282 οω.Δ
2400 5206 2573 5282 εξξῌ-ἱϐ
2600 5208 2635 5259 Β
2668 5206 2848 5261 habet
2872 5194 3148 5282 titulum?
3184 5214 3297 5282 περὶ
3319 5194 3414 5269 τῆς
3445 5208 3634 5269 ὑαίνης

1729 5281 1775 5314 ⁸³
1809 5282 1895 5333 ΑΒ
1921 5287 2135 5350 γενεοὺ
2167 5277 2325 5348 (sic).

1945 5353 1991 5386 ³⁸
2022 5352 2060 5404 Β
2089 5350 2353 5421 μάρκος.

249 5431 341 5483 An
374 5424 648 5497 praefers
678 5440 829 5480 corr.
864 5428 1142 5484 θηλάσασα
1172 5426 1326 5477 uiror
1356 5424 1382 5479 Τ
1458 5428 1506 5460 ⁹⁰
1545 5424 1729 5487 Corn,
1776 5424 1861 5476 AB
1894 5424 2112 5497 μάρκῳ
2144 5422 2219 5475 cf.
2273 5435 2458 5490 supra
2493 5436 2546 5489 p.
2577 5422 2644 5474 75
2678 5436 2810 5493 sqq.

250 5497 629 5549 λινόαενον.
686 5497 767 5549 De
799 5500 909 5549 hac
945 5498 1113 5549 pellis
1142 5496 1265 5549 don
1287 5498 1466 5549 itioni
1498 5496 1798 5549 disn‘itaw
1828 5510 1883 5549 ο.
1920 5496 1984 5549 16
2021 5499 2145 5549 not.
2188 5492 2239 5544 2.
2318 5494 2364 5526 9³
2398 5493 2485 5547 ΑΒ
2521 5492 2697 5549 ἡλία.
2782 5493 2802 5525 ⁹

253 5509 629 5569 λεγόμενον.
686 5509 767 5552 υό
799 5509 909 5553 n10
945 5509 1113 5569 pellis
1142 5509 1265 5552 (1.)?!
1287 5509 1466 5551 ιῐιοαῦ
1498 5509 1798 5567 ιιιῦρλλιᾶνι
1828 5510 1883 5566 ρ.
1920 5509 1984 5549 10
2021 5509 2145 5549 Ποῐ.
2188 5509 2239 5544 Ζ.
2319 5509 2364 5526 ³³
2398 5509 2485 5547 ΑΒ
2521 5509 2697 5549 ηΛια.
2783 5509 2828 5525 "
2866 5509 2902 5545 lli
2931 5509 3133 5559 08110.,
3177 5509 3266 5547 AU
3293 5509 3417 5561 ελεγι

253 5571 301 5605 ³⁸
326 5576 443 5622 τοῦ
478 5582 604 5624 om.
638 5569 703 5622 A.
782 5569 829 5603 ⁸⁵
865 5568 945 5624 Ex
974 5569 1155 5633 conL,
1183 5569 1268 5621 AB
1318 5568 1483 5619 ἔπεσε.
1561 5569 1606 5602 ⁸⁷
1640 5568 1678 5620 Β
1714 5565 1999 5623 ἐϐαπτίσθη
2046 5567 2071 5615 ό
2105 5567 2215 5635 γνή
2240 5581 2370 5623 ne;
2404 5569 2510 5614 τοῦ
2548 5569 2837 5635 Χριστοῦ
2880 5559 3111 5625 δοῦλος
3140 5565 3417 5639 μάρκος.

2409 5278 2456 5312 ⁸⁵
2496 5280 2534 5331 Β
2574 5283 2900 5351 μακαρίου
2941 5282 3046 5330 καὶ
3098 5278 3626 5355 ἀθανάτουΔμάρ-

2435 5351 2480 5382 ⁸9
2510 5350 2604 5402 Sic
2638 5349 2947 5405 AB.Forte
2986 5350 3339 5407 adiendum
3362 5349 3624 5403 λαϐοῦσα.

2890 5422 3009 5474 91B
3049 5421 3262 5478 ἔλαϐε.
3348 5422 3458 5475 ⁹⁸Β
3495 5422 3631 5473 ἐπι-

2782 5490 2828 5525 δ⁶
2866 5491 2902 5545 E
2931 5491 3133 5559 uend.,
3177 5496 3266 5547 ΑΒ
3293 5492 3430 5561 ἑλέγι
3469 5490 3627 5549 τόδε.

2782 5569 2837 5615 νῦ
2880 5559 3111 5617 δοῦλος
3144 5565 3417 5617 αάοκος.
3506 5564 3553 5600 ⁸⁸
3587 5566 3628 5617 Β

2318 5494 2364 5526 9³
2398 5493 2485 5547 ΑΒ
2521 5492 2697 5549 ἡλία.
