4092 6252
247 298 348 352 291

1814 295 2022 349 ACTA.

3499 308 3603 359 '202

253 425 456 485 κοσίας,
506 424 589 472 καὶ
645 421 690 455 ¹²
733 417 1078 477 ἀπευδόκησα
1108 418 1206 490 ἐγὼ
1232 418 1456 489 ἰμαυτοῦ
1483 424 1633 468 τοῦτο
1663 418 1826 488 μαθὼη

1953 421 2116 490 poris
2149 421 2376 478 viribus
2418 425 2793 493 instructum,
2835 426 3034 495 plures
3075 428 3344 482 trecentis
3381 430 3600 487 oratio-

252 509 593 581 λογιζόμενος,
647 509 725 561 ὅτι
782 509 909 581 ἀνὴρ
972 507 1322 578 δυνατώτερος
1373 506 1484 558 κατ’
1536 505 1729 564 ἐκείνην
1775 514 1836 577 τῇ

247 600 395 672 ῥώμη
444 606 532 650 τοῦ
580 604 823 668 σώματος
872 596 1280 671 δημιουργηθεὶς
1331 598 1456 667 ὑπὲρ
1499 598 1585 656 τὰς
1629 615 1838 667 τριακο-

249 694 359 746 σίας
399 689 562 758 εὐχὰς
601 688 695 738 οὐκ
744 685 1014 745 ἠδυνήθην
1058 688 1212 739 πλείω
1260 694 1479 743 ποιῆσαι
1524 687 1589 734 ¹³.
1626 684 1838 757 ἀποκρί-

238 795 376 827 νεται
425 776 567 846 αὐτῷ
607 779 632 828 ὁ
662 776 806 846 άγιος
848 778 1118 848 Μακάριος
1157 775 1314 845 λέγων
1355 775 1494 825 αὐτῶ
1528 791 1540 803 ·
1577 773 1675 844 ἐγὼ
1728 773 1838 835 ἑξη-

233 868 422 917 κοστὸν
477 869 580 926 ἔτος
631 869 758 936 ἔχω,
814 865 895 938 ἀφ’
952 865 1011 918 οὗ
1059 869 1387 935 τεταγμένας,
1440 863 1618 914 ἑκατὸν
1674 863 1838 933 εὐχὰς

229 963 383 1018 ποιῶ,
447 960 538 1007 καὶ
602 957 668 1006 τὰ
723 959 852 1027 πρὸς
924 959 1018 1012 τὴν
1076 959 1264 1026 τροφὴν
1324 952 1664 1024 ἐργαζόμενος
1720 960 1836 1014 ταῖς

228 1049 410 1114 χερσὶ,
447 1049 538 1096 καὶ
591 1052 702 1105 τοῖς
749 1041 991 1115 άδελφοίς
1049 1048 1140 1100 τὴν
1190 1042 1514 1114 ὀφειλομένην
1545 1047 1834 1112 συντυχίαν

230 1129 551 1196 ἀποδιδούς,
600 1138 688 1184 καὶ
720 1133 778 1184 οὐ
811 1138 971 1207 κρίνει
1002 1152 1064 1204 με
1105 1137 1158 1184 τὸ
1203 1128 1440 1192 συνειδὸς
1469 1149 1568 1202 μου
1600 1133 1669 1191 ὡς
1707 1131 1832 1201 ἀμε-

228 1221 464 1278 λήσαντα
498 1239 508 1250 ·
567 1226 632 1273 σὺ
665 1219 724 1274 δὲ
753 1221 846 1294 [εἰ]
876 1223 923 1257 ¹⁴
967 1226 1273 1293 τριακοσίας
1323 1220 1486 1290 εὐχὰς
1532 1228 1689 1271 ποιῶν
1733 1221 1832 1271 ὑπὸ

231 1317 322 1360 τοῦ
377 1307 679 1372 συνειδότος
738 1314 912 1382 κρίνῃ,
945 1306 1105 1370 δῆλος
1154 1306 1228 1367 εἷῆ
1263 1310 1504 1381 καθαρῶς
1557 1307 1719 1368 αὐτὰς
1758 1315 1828 1380 μὴ

228 1397 536 1469 εὐχόμενος,
599 1400 629 1458 ἣ
688 1397 928 1460 πλείονας
987 1395 1274 1470 δυνάμενος
1317 1399 1570 1469 εὔχεσθαι
1617 1402 1705 1449 καὶ
1758 1403 1828 1469 μὴ

223 1505 385 1539 ποιων
399 1530 411 1542 .

1000 1615 1053 1667 2.

222 1740 381 1808 Περὶ
429 1735 744 1822 Εῦλργίου
783 1741 888 1822 καί
931 1744 1038 1822 τοιξ
1079 1735 1670 1822 λελωϐημένουικαὶ
1718 1746 1828 1799 τῆς
1858 1771 1896 1822 Β

457 1813 735 1882 κρίσεως
779 1815 887 1860 τοῦ
923 1809 1118 1879 ἁγίου
1169 1809 1605 1862 Ἀντωνίου¹⁵.

403 1973 414 1984 .
462 1933 574 1983 ἔστι
607 1927 664 1983 δὲ
697 1931 777 2002 (τὸ
822 1935 941 2003 ὅρος
970 1938 1062 1983 τοῦ
1107 1931 1259 2002 ἁγίου
1294 1931 1592 2002 Ἀντωνίου)
1631 1932 1824 2002 μεταξὺ

213 2018 524 2081 Βαϐυλῶνος
576 2024 664 2072 καὶ
718 2019 1026 2092 Ἡρακλέους
1080 2021 1151 2082 εἰς
1208 2025 1301 2079 τὴν
1357 2023 1671 2092 πανέρημον,
1732 2026 1824 2078 τὴν

211 2113 474 2181 φέρουσαν
505 2110 643 2160 κατὰ
684 2113 778 2167 τὴν
826 2109 1043 2183 ἐρυθρὰν
1091 2109 1381 2174 θάλασσαν,
1429 2112 1498 2169 ὡς
1546 2109 1646 2161 ἀπὸ
1677 2112 1823 2184 τριά-

208 2217 367 2250 κοντα
416 2203 651 2268 σημείων
698 2205 788 2250 τοῦ
832 2206 1089 2268 ποταμοῦ.
1139 2199 1295 2250 ἐλθὼν
1345 2199 1411 2258 εἰς
1454 2202 1511 2250 τὸ
1560 2203 1826 2270 μοναστή-

204 2305 314 2359 ριον
348 2289 408 2338 τὸ
442 2289 594 2361 παρὰ
642 2290 725 2338 τὸν
775 2292 1026 2357 ποταμόν,
1070 2286 1117 2338 ἐν
1243 2289 1290 2339 οἱ
1323 2290 1556 2358 μαθηταὶ
1589 2288 1746 2339 αὐτοῦ
1779 2289 1823 2323 1⁸

204 2374 544 2442 ἐκαθέζοντο,
606 2375 678 2436 εἰς
733 2377 789 2427 τό
846 2374 1114 2446 λεγόμενον
1177 2380 1372 2449 [Ιίσπιρ
1425 2377 1493 2440 ¹“¹,
1555 2376 1825 2449 Μακάριος

205 2469 290 2516 καὶ
345 2464 617 2534 Ἀμάτας.
667 2463 714 2515 οἳ
767 2468 855 2515 καὶ
916 2463 1113 2533 ἔθαψαν
1180 2467 1265 2514 τὸν
1320 2466 1576 2534 μακάριον
1633 2465 1824 2518 Ἀντώ·

203 2573 306 2605 νιον
384 2554 432 2590 ¹⁸
505 2554 842 2624 κοιμηθέντα,
906 2548 1218 2623 ἐξεδεξάμην
1268 2555 1460 2624 ἡμέρας
1518 2557 1684 2617 πέντε,
1743 2554 1825 2604 ἶνα

210 2644 472 2714 συντύχω
520 2649 590 2710 τῷ
623 2640 756 2711 ἁγίῳ
811 2642 1085 2711 Ἀντωνίῳ.
1141 2640 1335 2712 ὶλίγετο
1383 2638 1441 2694 δὲ
1481 2641 1822 2713 παραϐάλλειν

215 2730 372 2783 αὐτὸν
409 2739 489 2801 τῷ
531 2733 869 2801 μοναστηρίῳ
896 2731 1063 2801 τούτῳ
1094 2733 1217 2781 ποτὲ
1257 2733 1344 2801 μεν
1376 2727 1470 2782 διὰ
1504 2729 1574 2801 ιβ’
1600 2732 1668 2794 ¹⁹,
1702 2734 1823 2782 ποτε

215 2816 272 2872 δὲ
304 2816 400 2871 διὰ
425 2819 474 2870 κ’
528 2821 594 2883 ³ο,
632 2822 756 2871 ποτε
787 2815 846 2870 δὲ
877 2814 972 2870 διὰ
1013 2817 1054 2869 ν’
1104 2820 1148 2854 ²¹
1203 2821 1424 2891 ἡμερῶν,
1467 2821 1635 2880 καθὼς
1671 2819 1822 2871 αὐτὸν

215 2911 240 2959 ὁ
281 2914 408 2968 Θεὸς
449 2908 537 2960 ἐπὶ
586 2908 856 2981 εὐεργεσίᾳ
907 2915 1005 2958 τῶν
1052 2912 1563 2979 παρατυγχανόντων
1606 2904 1725 2978 ἦγεν
1775 2907 1822 2959 ἐν

217 3006 287 3066 τῷ
341 3002 696 3069 μοναστηρίῳ,
768 2993 1012 3070 διάφοροι
1070 2993 1156 3048 οὖν
1219 2999 1558 3068 συνήχθημεν
1614 2993 1823 3068 ἀδελφοὶ

223 3083 505 3160 διαφόρους
554 3089 759 3159 ἔχοντες
811 3091 1019 3160 χρείας,
1074 3087 1121 3138 ἓν
1170 3085 1247 3148 οἷς
1302 3091 1389 3138 καὶ
1445 3085 1692 3156 Εὐλόγιός
1750 3106 1823 3148 τις
1855 3126 1893 3180 C

219 3194 270 3228 κ.
301 3176 454 3232 τ.λ.’

224 3349 247 3372 ο
283 3355 295 3368 .
342 3358 352 3369 .
401 3358 412 3369 .
458 3316 640 3374 συνέϐη
675 3313 732 3370 δε
775 3321 869 3374 τὴν
916 3316 1072 3374 ἄλλην
1120 3318 1314 3390 ἡμέραν
1347 3315 1506 3368 ἐλθεῖν
1546 3320 1631 3368 τὸν
1663 3321 1822 3389 μέγαν

227 3398 496 3456 ’Λντώνιον
546 3405 754 3477 ἑσπέρας
807 3404 1042 3477 βαθείας,
1076 3408 1144 3467 ὡς
1185 3407 1275 3476 ἔφη
1329 3407 1354 3456 6
1403 3410 1630 3478 Κρόνιος,
1676 3405 1823 3477 ἐμπε-

235 3491 557 3563 φιϐωπμένην
614 3495 682 3529 ³1⁸
741 3492 999 3566 χλαμύδα
1056 3490 1372 3566 δερματίνην
1414 3503 1596 3566 φορῶν.
1649 3495 1824 3569 εἰσήρ-

225 3599 354 3650 χετο
407 3581 476 3643 εἰς
522 3585 577 3634 τό
606 3588 956 3656 μοναστήριον
998 3582 1176 3645 αὑτοῦ,
1224 3587 1309 3634 καὶ
1356 3585 1548 3641 ταύτην
1589 3579 1700 3655 εἶχε
1729 3589 1822 3643 τὴν

227 3671 497 3727 συνήθειαν
540 3670 588 3723 ἐν
627 3678 698 3741 τῷ
755 3670 946 3745 ἐρωτᾷν
991 3675 1078 3723 τόν
1141 3673 1381 3743 μαθητὴν
1426 3672 1584 3724 αὐτοῦ
1633 3677 1822 3726 Μακά-

220 3777 328 3830 ριον
380 3764 496 3832 περὶ
544 3768 644 3812 τῶν
693 3759 1006 3832 ἐρχομένων,
1062 3763 1179 3819 τοὺς
1225 3763 1315 3831 μὲν
1363 3765 1631 3832 μοναχοὺς
1670 3761 1822 3834 Ἱερο-

221 3847 502 3920 σολυμίτας
573 3849 762 3913 καλεῖν,
817 3853 938 3910 τοὺς
999 3846 1057 3902 δὲ
1132 3853 1419 3920 κοσμικούς
1480 3855 1815 3921 Αἰγυπτίους.

217 3937 390 4009 ἠρώτα
446 3935 534 3990 οὖν
590 3939 615 3988 ὁ
672 3942 833 4009 μέγας
866 3955 879 3968 ’
939 3935 1122 4010 ἀδελφὴ
1174 3941 1431 4011 Μακάριε,
1489 3939 1642 3996 ὴλθόν
1691 3959 1819 4001 τινες

216 4023 428 4099 ἀδελφοὶ
490 4023 717 4096 beside;
774 4031 862 4078 καὶ
914 4026 1166 4098 ἀπεκρίθη
1202 4045 1212 4057 ’
1263 4025 1435 4086 ἦλθον.
1496 4032 1584 4080 καὶ
1635 4029 1769 4099 λέγει
1802 4047 1812 4058 ·

214 4117 497 4186 Αἰγύπτιοί
532 4115 663 4169 εἰσιν
689 4116 718 4174 ἣ
756 4115 1164 4190 Ἱεροσολυμῖται
1207 4133 1219 4180 ;
1254 4113 1415 4168 ἔδωκε
1466 4114 1522 4169 δε
1551 4117 1691 4188 αὐτῷ
1725 4138 1816 4178 σησ

212 4212 351 4275 μεῖον
415 4209 535 4266 τοὺς
594 4207 985 4278 άπραγοτέρους
1028 4211 1116 4256 καὶ
1167 4208 1213 4240 ³³
1272 4205 1466 4277 ἀεργεῖς
1519 4206 1681 4277 λέγειν
1735 4209 1815 4260 ὅτι

211 4293 493 4364 Δίγυπτιοί
546 4294 698 4355 εἰσιν,
753 4298 842 4345 καὶ
898 4293 1061 4363 ἔλεγεν
1129 4293 1268 4363 αὐτῷ
1327 4300 1444 4366 περὶ
1500 4303 1597 4346 τῶν
1656 4297 1816 4368 Αἰγυο

209 4387 366 4434 πτίων
399 4386 446 4418 ³³
530 4387 754 4440 ποίησον
786 4386 945 4453 φακὸν
996 4388 1083 4434 καὶ
1132 4379 1227 4444 δὸς
1271 4383 1444 4443 αὐτοῖς
1485 4392 1690 4455 φαγεῖν.
1722 4391 1815 4438 καὶ

1952 509 2129 563 nibus
2179 511 2367 566 facere
2418 530 2534 567 non
2592 515 2872 584 potuisse.
2920 517 3307 585 Respondeas
3356 526 3596 576 sanctus

1951 600 2234 654 Macarius
2267 619 2277 655 :
2314 604 2454 666 Ego,
2486 603 2695 673 inquit,
2727 605 3168 672 sexagesimum
3201 621 3316 673 ago
3345 623 3598 679 annum,

1950 703 2017 741 ex
2061 705 2181 758 quo
2229 696 2479 745 statutas
2514 699 2750 746 centum
2803 695 3102 747 orationes
3156 695 3327 759 facio,
3384 712 3595 768 eaque,

1947 792 2104 846 quae
2145 786 2280 833 sunt
2323 783 2397 834 ad
2449 780 2796 834 alimentum
2862 786 3217 846 necessaria,
3265 786 3410 838 meis
3454 787 3600 841 mihi

1947 867 2230 921 manibus
2245 885 2555 938 comparo,
2571 886 2638 924 ac
2653 869 2931 925 fratribus
2945 871 3206 925 debitam
3225 889 3317 927 me
3333 874 3598 929 ade.:ndi

1945 957 2184 1024 copiam
2212 957 2417 1020 reddo,
2450 974 2554 1012 nec
2581 977 2672 1013 me
2703 977 2832 1014 mea
2863 962 3226 1016 conscientia
3255 962 3474 1017 iudicat
3501 979 3598 1017 ne-

1945 1044 2262 1112 gligentem
2288 1062 2436 1100 esse.
2468 1049 2547 1101 Tu
2582 1064 2736 1110 vero,
2761 1065 2948 1120 quum
2980 1056 3267 1103 trecentas
3295 1053 3596 1104 orationes

1943 1131 2165 1187 faciens
2194 1151 2227 1187 a
2259 1135 2683 1190 conscientiam
2712 1138 3014 1201 iudicaris,
3043 1145 3142 1191 aut
3170 1154 3286 1191 non
3322 1154 3467 1208 pure
3492 1154 3594 1193 eas

1944 1227 1996 1276 te
2027 1222 2216 1277 facere
2263 1225 2484 1292 prodis,
2520 1232 2642 1293 aut,
2681 1227 2957 1296 quamvis
3002 1225 3197 1295 plures
3235 1226 3426 1281 facere
3459 1243 3594 1297 ρος-

1943 1311 2041 1375 sis,
2078 1327 2195 1366 non
2224 1311 2433 1367 facere.
2811 1300 2824 1310 ’

2738 1617 2791 1669 2.

1944 1736 2022 1790 De
2064 1735 2320 1805 Eulogio
2351 1742 2405 1791 et
2429 1735 2718 1798 mutilata,
2755 1739 2809 1789 et
2841 1736 2912 1792 de
2941 1736 3286 1794 discrimine
3314 1753 3350 1793 α
3380 1743 3587 1794 sancto

2533 1806 2788 1861 Antonio
2816 1808 3000 1875 facto.

2010 1934 2104 1986 Est
2133 1936 2330 1986 autem
2361 1932 2561 2002 (mons
2594 1933 2648 1987 S.
2683 1932 2935 1999 Antonii)
2965 1933 3113 1987 inter
3146 1933 3510 2004 Babylonem
3538 1941 3592 1988 et

1938 2019 2277 2075 Heracleam
2313 2021 2458 2074 situs
2492 2021 2549 2075 in
2598 2025 2762 2076 vasta
2803 2020 3145 2085 solitudine,
3176 2037 3334 2094 quae
3371 2020 3480 2076 fert
3513 2023 3589 2077 ad

1939 2125 2099 2164 mare
2134 2110 2398 2164 Rubrum
2430 2124 2500 2164 ac
2543 2110 2826 2178 tringinta
2867 2107 2984 2165 fere
3027 2111 3302 2167 milliaria
3345 2110 3525 2166 distat
3554 2127 3590 2166 a

1935 2198 2138 2254 ﬂuvio.
2193 2199 2276 2253 Ad
2339 2201 2767 2255 monasterium
2822 2201 3001 2270 igitur
3053 2215 3239 2271 quum
3293 2199 3585 2255 venissem

1936 2302 2121 2358 prope
2160 2287 2410 2343 ﬂuvium
2442 2289 2619 2342 situm
2647 2305 2714 2343 ac
2735 2291 2924 2361 Pispir
2949 2295 3252 2354 vocatum,
3276 2288 3374 2342 ubi
3409 2287 3589 2342 disci-

1935 2377 2056 2448 puli
2098 2377 2222 2432 eius
2257 2377 2548 2432 sedebant
2578 2378 2864 2432 Macarius
2897 2385 2954 2435 et
2981 2382 3247 2441 Amatas,
3277 2377 3381 2448 qui
3408 2377 3586 2432 etiam

1937 2472 2211 2520 sanctum
2227 2467 2546 2520 Antonium
2566 2466 2914 2522 defunctum
2931 2465 3307 2538 sepelierunt,
3321 2464 3586 2535 quinque

1933 2555 2166 2615 diebus.
2200 2559 2260 2609 ut
2294 2559 2567 2609 sanctum
2599 2557 2922 2610 Antonium
2965 2555 3368 2618 convenirem,
3399 2567 3581 2623 expe-

1934 2645 2105 2700 ctavi.
2138 2645 2244 2708 Qui
2278 2644 2351 2697 ad
2385 2643 2499 2698 hoc
2531 2646 2960 2700 monasterium
2990 2644 3170 2700 modo
3202 2648 3334 2713 post
3354 2642 3587 2711 decem,

1936 2734 2116 2790 modo
2145 2739 2278 2804 post
2307 2732 2529 2802 viginti,
2566 2734 2869 2788 interdum
2907 2740 2961 2787 et
2989 2738 3119 2803 post
3143 2730 3586 2803 quinquaginta

1934 2823 2059 2878 dies
2092 2823 2374 2878 accedere
2392 2822 2723 2887 dicebatur,
2749 2827 2924 2893 prout
2949 2824 3101 2876 Deus
3121 2837 3255 2875 eum
3283 2823 3485 2888 ageret
3508 2818 3582 2873 ad

1935 2912 2402 2966 subveniendum
2434 2912 2523 2975 iis,
2556 2913 2658 2981 qui
2698 2927 2768 2966 eo
2797 2912 3182 2966 advenerant.
3224 2909 3393 2978 267
3434 2906 3585 2962 Varii

1934 3008 2130 3057 autem
2159 3001 2365 3056 fratres
2385 3001 2462 3054 ob
2481 3001 2668 3055 varias
2685 3001 3062 3054 necessitates
3082 3013 3581 3059 conveneramus,

1935 3107 2005 3147 ex
2035 3089 2256 3162 quibus
2288 3096 2343 3146 et
2383 3089 2657 3159 Eulogius
2687 3089 3126 3143 Alexandrinus
3153 3086 3402 3140 fuit......

2125 3318 2344 3382 Evenit,
2372 3323 2433 3372 ut
2462 3317 2646 3373 altero
2674 3317 2767 3372 die
2801 3331 3057 3386 magnus
3093 3316 3401 3382 Antonius,
3427 3315 3586 3370 chla-

1936 3409 2134 3480 myde,
2158 3408 2304 3462 sicut
2332 3407 2579 3462 Cronius
2598 3406 2877 3471 narravit,
2905 3405 3148 3475 pellicea
3171 3406 3428 3460 amictus
3453 3420 3585 3458 sero

1934 3497 2160 3568 vesperi
2192 3498 2436 3551 veniret.
2471 3499 2660 3567 Atque
2691 3495 2993 3564 ingressus
3023 3500 3112 3548 est
3154 3495 3581 3549 monasterium

1935 3604 2132 3642 suum.
2177 3587 2292 3641 Hac
2325 3593 2523 3642 autem
2551 3585 2610 3639 in
2636 3587 2887 3640 Macario
2919 3583 3212 3655 discipulo
3241 3600 3346 3637 suo
3378 3583 3453 3638 de
3485 3583 3583 3647 iis,

1932 3678 2034 3748 qui
2064 3676 2447 3739 advenerant,
2479 3673 2904 3742 interrogando
2945 3673 3222 3727 utebatur
3258 3676 3581 3727 consuetu-

1931 3765 2090 3832 dine,
2127 3771 2186 3819 ut
2213 3764 2539 3820 monachos
2570 3767 2808 3818 vocaret
2835 3762 3424 3833 Hierosolymitanos,
3459 3777 3584 3817 sae-

1931 3854 2159 3910 culares
2199 3869 2338 3908 vero
2394 3853 2734 3923 Aegyptios.
2788 3853 3033 3920 Magnus
3084 3850 3262 3918 igitur
3314 3867 3325 3904 :
3370 3849 3581 3905 Macari

1929 3944 2127 4008 frater,
2169 3944 2380 4014 inquit,
2415 3948 2779 3996 veneruntne
2820 3941 2936 3994 huc
2967 3939 3151 4010 aliqui
3181 3939 3387 3993 fratres
3421 3940 3448 3994 ?
3480 3941 3582 3994 Re-

1930 4032 2204 4104 spondit:
2239 4035 2548 4086 Venerunt.
2586 4030 2682 4083 Ille
2712 4045 2723 4082 :
2756 4030 2978 4083 Suntne
3008 4028 3306 4098 Aegyptii,
3339 4043 3413 4080 an
3458 4028 3582 4081 Hie-

1928 4121 2340 4192 rosolymitani
2368 4119 2395 4173 εἴ
2426 4119 2602 4190 Eique
2631 4118 2870 4185 signum
2907 4115 3170 4180 dederat,
3209 4121 3270 4169 ut
3295 4129 3416 4179 eos,
3451 4115 3582 4186 qui-

1929 4211 2040 4266 bus
2080 4213 2279 4265 minus
2326 4209 2544 4276 negotii
2585 4212 2756 4270 esset,
2791 4206 3116 4275 Aegyptios
3168 4219 3296 4258 esse
3336 4203 3580 4260 diceret.

1927 4304 2113 4371 Atque
2145 4299 2219 4353 ad
2247 4297 2566 4368 Aegyptios
2603 4294 2766 4366 quod
2798 4298 3044 4365 spectat,
3079 4292 3329 4350 Macario
3363 4307 3375 4345 :
3410 4295 3577 4358 Para,

1927 4389 2137 4460 inquit,
2179 4387 2420 4448 lentem,
2471 4391 2524 4440 et
2561 4385 2639 4439 da
2678 4384 2747 4438 iis
2787 4382 3121 4438 comedere.
3171 4380 3394 4438 Deinde
3438 4396 3575 4437 cum

212 4473 370 4524 ἑποίει
430 4472 610 4531 αὐτοῖς
663 4472 827 4542 εὐχὴν
895 4473 943 4506 ³⁸
1018 4476 1105 4523 καὶ
1173 4470 1385 4523 ἀπέλυεν
1445 4476 1652 4534 αὐτούς.
1717 4474 1812 4526 ἁπ-

1939 4480 1996 4532 is
2041 4475 2372 4532 orationem
2416 4474 2689 4536 faciebat,
2739 4487 2960 4543 eosque
3011 4471 3367 4526 dimittebat.
3416 4472 3577 4526 Tunc

212 4564 447 4634 εκρίνατο
485 4558 544 4612 δε
583 4567 697 4613 τότε
747 4563 771 4611 ό
811 4563 1080 4635 Μακάριος
1118 4566 1234 4634 περὶ
1278 4563 1422 4633 ἡμῶν
1470 4559 1563 4614 διὰ
1608 4567 1692 4614 τόν
1730 4563 1810 4616 λεο

211 4646 524 4720 λωϐημένον,
595 4651 672 4701 ὅτι
732 4647 951 4720 μιγάδες
1008 4649 1158 4703 εἰσίν.
1226 4648 1310 4700 ἐὰν
1379 4646 1436 4702 δὲ
1493 4650 1677 4722 ἔλεγεν,
1735 4654 1814 4704 ὅτι

209 4734 620 4808 Ἱεροσολυμῖται
669 4737 798 4789 εἰσιν
845 4739 914 4801 ³⁵,
960 4738 1228 4798 ἔκαθεζετο
1278 4733 1369 4790 διὰ
1420 4740 1594 4800 πάσης
1631 4746 1813 4802 νυκτὸς

212 4830 299 4877 καὶ
343 4825 510 4878 ἐλάλει
555 4826 727 4886 αὐτοῖς
778 4829 842 4878 τὰ
903 4830 1033 4899 πρὸς
1088 4831 1370 4898 σωτηρίαν,
1423 4829 1470 4878 ἓν
1513 4827 1675 4901 ἐκείνη
1726 4825 1813 4881 οὖν

211 4922 272 4985 τῇ
323 4915 520 4988 ἑσπέρᾳ
568 4917 855 4981 καθεσθείς,
909 4920 1060 4986 φησί,
1110 4915 1484 4990 προσκαλεῖται
1540 4918 1736 4979 πάντας
1790 4920 1813 4969 ὁ

214 5006 375 5073 μέγας
401 5024 451 5058 κ.
497 5023 547 5058 τ.
582 5003 630 5056 λ.

1926 4565 2214 4623 Macarius
2241 4565 2312 4619 de
2346 4563 2520 4619 nobis
2553 4562 2630 4617 ob
2666 4560 3003 4615 mutilatum
3033 4559 3198 4614 illum
3230 4559 3536 4630 respondit
3563 4575 3575 4612 :

1924 4655 2074 4711 Mixti
2106 4653 2344 4709 adsunt.
2391 4651 2488 4705 Sin
2519 4648 2758 4706 dicebat
2801 4667 2812 4703 :
2861 4647 3379 4719 Hierosolymitani
3419 4652 3575 4713 sunt,

1925 4749 2167 4799 sanctus
2216 4757 2317 4812 per
2366 4745 2548 4796 totam
2603 4743 2838 4794 noctem
2887 4737 3151 4800 sedebat,
3210 4736 3288 4791 ad
3337 4750 3576 4808 eosque,

1923 4847 2080 4904 quae
2103 4830 2180 4887 ad
2209 4829 2459 4885 salutem
2487 4829 2799 4899 pertinent,
2824 4826 3202 4898 loquebatur.
3240 4824 3340 4881 llla
3372 4829 3576 4880 autem

1927 4937 2178 4993 vespera
2205 4919 2455 4987 Magnus
2488 4917 2703 4972 sedens
2733 4931 2944 4971 omnes
2977 4915 3399 4971 arcessivit.....

1547 5159 1804 5214 VARIAE
1842 5157 2246 5216 LECTIONES.

286 5309 330 5343 ¹²
362 5312 471 5360 καὶ
503 5323 632 5362 om.
666 5309 736 5362 Α.

223 5377 422 5449 εὐχῶν
457 5379 567 5431 οὐκ
608 5375 951 5437 ἠδυνήθην
991 5388 1241 5438 ποιῆσαι.

824 5307 870 5343 1⁸
902 5307 1013 5362 Pro
1043 5309 1176 5359 κατ’
1219 5308 1554 5365 ἒκείνην-
1590 5312 1928 5368 ποιῆσαιΒ
1958 5312 2114 5383 ὑπὲρ
2154 5316 2435 5380 γυναῖκα
2475 5310 2582 5359 καὶ
2622 5309 2742 5383 ἐγὼ
2783 5304 2975 5383 πλείω
3005 5309 3126 5356 τῶν
3164 5304 3580 5383 τριακοσίων

1328 5380 1373 5415 ¹⁴
1401 5380 1456 5432 εἰ
1488 5395 1607 5434 om.
1643 5384 1688 5435 A
1717 5385 1776 5445 Β,
1801 5382 2005 5437 addidi
2039 5380 2106 5435 ex
2147 5381 2300 5435 coni.

2382 5381 2429 5414 ¹⁵
2459 5373 2735 5449 Bprofért
2767 5375 3002 5449 titulum
3040 5373 3232 5449 :Ampt
3272 5373 3578 5449 εὐλογίαν

222 5447 329 5501 ruﬁ
360 5451 821 5522 σχολαστικοῡ
860 5455 1114 5504 καὶτοῦ
1152 5450 1618 5523 λελωϐημένου,
1663 5455 1764 5507 1⁴⁵Β
1789 5455 2019 5525 μαθηταὶ
2061 5460 2172 5504 τοῦ
2213 5447 2864 5525 μεγάλου-ἀντωνίου.
2895 5447 3578 5525 ¹⁷,ἐκαιθίςοντο-.Πίσπιρ

225 5535 338 5575 om.
375 5529 428 5577 B.
510 5523 556 5558 ³⁸
604 5522 715 5577 Pro
764 5525 871 5574 τὸν

230 5591 372 5662 (sic).

237 5661 274 5716 Β
315 5661 476 5739 εὐχὴν
508 5670 684 5739 μίαν.
763 5661 1016 5720 "item
1046 5681 1167 5726 om.
1201 5670 1272 5724 A.

899 5526 1235 5645 ἴακάριον
1276 5523 1617 5575 ’Λντώνιον
1661 5526 1700 5579 Β
1743 5523 1933 5577 αὖτόν
1972 5528 2098 5578 τόν.

929 5594 1066 5645 λοὺν.
1101 5595 1176 5645 cf.
1209 5594 1492 5645 Stephani
1521 5597 1802 5645 Thesanr-
1880 5599 1927 5632 ²²
1977 5600 2089 5645 καὶ

451 5595 523 5629 ²¹¹
552 5593 807 5668 Averbo
838 5587 1066 5668 φιϐλοὺν.
1098 5587 1176 5650 cf.
1209 5594 1492 5665 Stephani
1521 5597 1802 5654 Thesaur.
1880 5599 1927 5632 ²²
1977 5600 2089 5649 καὶ
2123 5611 2242 5652 om.
2277 5600 2341 5650 A.
2422 5594 2468 5629 ³³
2495 5597 2636 5668 περὶ
2667 5601 2785 5646 τῶν
2830 5591 3205 5662 Αἰγυπτίων
3237 5601 3356 5641 om.
3394 5589 3453 5642 Β.
3530 5587 3581 5628 ³⁸

2600 5527 2642 5557 ³ο
2696 5524 2928 5574 εἴκοσι.
3018 5520 3058 5553 ²¹
3110 5520 3148 5573 Β
3190 5519 3579 5569 πεντίκοντα

2181 5519 2225 5558 ¹9
2258 5519 2310 5577 Β
2340 5519 2517 5575 δέκα.
