4092 6252
517 276 620 333 203

1311 400 1363 454 3.

1155 519 1240 576 De
1274 517 1532 575 Valente.

534 650 539 657 '
587 646 804 703 Valens
833 646 1104 719 quidam,
1141 660 1351 717 genere
1384 643 1775 708 Palaestinus,
1812 642 1869 698 in
1900 644 2166 699 solitudi-

518 752 656 793 nem
679 736 980 808 profectus
998 735 1243 806 longum
1269 739 1505 804 tempus
1523 732 1839 787 nobiscum
1857 734 2161 789 habitavit.

519 828 627 892 Qui
675 842 863 897 quum
918 824 1184 879 maxima
1232 822 1468 877 vivendi
1506 822 1816 877 severitate
1862 839 2163 878 summam

518 915 836 971 asceticam
878 914 1060 969 vitam
1094 912 1472 984 suscepisset,
1501 928 1653 967 vana
1692 912 1765 966 de
1793 928 1852 965 se
1884 914 2165 982 opinione

518 1020 588 1061 ac
633 1003 916 1074 superbia
961 1020 995 1058 a
1024 1003 1321 1058 daemone
1370 1002 1575 1056 irrisus
1608 1006 1662 1055 et
1696 1001 1797 1055 tali
1828 1002 2167 1071 perniciosa

520 1094 703 1149 animi
752 1092 1088 1148 calamitate
1130 1091 1293 1145 brevi
1344 1097 1610 1161 tempore
1643 1090 1926 1160 deCPptus
1962 1096 2067 1154 est,
2105 1096 2168 1145 ut

519 1181 766 1250 angelos
789 1197 925 1236 cum
952 1180 1084 1251 ipso
1102 1179 1464 1242 conversari,
1496 1185 1549 1232 et
1576 1177 1635 1231 in
1665 1177 1880 1249 quovis
1906 1178 2168 1233 ministe-

518 1271 607 1325 rio
656 1271 766 1341 ipsi
827 1269 1110 1324 inservire
1158 1269 1414 1322 iactaret.
1452 1266 1503 1319 Is
1534 1266 1844 1337 quondam
1902 1274 2167 1338 sportam

522 1374 847 1423 consuens,
884 1363 948 1412 ut
986 1358 1113 1412 eius
1159 1357 1301 1411 socii
1333 1359 1675 1419 narrarunt,
1707 1356 1885 1426 263
1917 1356 2165 1426 vesperi,

522 1464 710 1519 quum
728 1447 947 1502 multae
961 1446 1239 1501 tenebrae
1252 1450 1464 1512 essent,
1480 1461 1651 1499 acum
1665 1461 1805 1516 ,qua
1818 1445 2167 1510 consuebat,

526 1536 747 1591 amisit.
780 1537 906 1601 Qua
930 1550 1051 1590 non
1083 1535 1347 1595 inventa,
1372 1534 1633 1589 daemon
1657 1534 1706 1587 ei
1731 1534 2072 1605 lampadem
2095 1534 2173 1589 fe-

527 1626 623 1691 cit,
677 1640 797 1697 qua
846 1640 1023 1679 acum
1072 1623 1306 1694 reperit,
1359 1621 1437 1677 ita
1493 1628 1553 1676 ut
1603 1624 1779 1676 miser
1820 1624 1924 1677 iste
1978 1624 2170 1691 magis

1387 271 1492 327 SS.
1533 270 2021 327 MACAHIOBUM
2067 267 2401 324 AEGYPTII
2444 266 2531 322 ET
2572 266 3056 325 ALEXANDRINI
3757 274 3850 330 204

2196 393 2246 448 Δ

3059 398 3091 451 3

2792 524 2944 593 Περὶ
2983 518 3352 583 Οὐάλεντος.

2347 644 2556 705 Ούάλης
2601 664 2681 706 τις
2710 664 2767 696 το
2815 664 2960 716 γενος
3007 645 3353 708 Παλαιστινὸς
3404 650 3494 704 τὴν
3542 649 3721 719 ἔρημον
3766 666 3842 697 κα-

2276 732 2509 785 ταλαϐὼν
2565 738 2737 803 ᾤκησε
2818 735 2933 805 μὲθ⁹
2999 736 3144 806 ἡμῶν
3205 734 3287 786 ἐπὶ
3350 735 3585 787 πλεῖστον
3644 739 3842 807 χρόνον,

2276 823 2419 881 ὅστις
2466 822 2662 894 μεγάλη
2717 821 2868 893 βιοὺς
2900 825 2944 858 ²⁶
3001 823 3377 896 σκληραγωγίᾳ
3426 828 3483 875 τὸ
3518 824 3669 897 ἀκρον
3699 825 3739 859 ιτ
3770 832 3854 883 τῆς

2277 909 2547 972 ἀσκήσεως
2599 913 2938 982 κατορθώσας
2993 913 3060 975 ⁸⁸,
3115 915 3163 964 ἓν
3222 912 3391 969 οἰήσει
3446 918 3534 964 καὶ
3583 914 3718 983 τύφῳ
3764 912 3853 963 ὑπὸ

2278 995 2524 1071 δαίμονος
2576 1000 2909 1071 χλευασθείς,
2952 1005 3041 1053 καὶ
3089 1002 3188 1053 ὑπὸ
3242 1010 3330 1053 τοῦ
3361 1004 3595 1053 τοιούτου
3641 999 3854 1073 ὀλεθρίου

2276 1086 2469 1144 πάθους
2519 1090 2649 1136 κατὰ
2691 1089 2874 1159 μικρὸν
2925 1084 3277 1157 ἀπατώμενος,
3310 1090 3402 1143 τὴν
3450 1082 3679 1137 διάνοιαν
3711 1085 3859 1135 αὑτοῦ

2276 1177 2635 1245 παρεσκεύασε
2716 1175 3192 1247 μεγαλοφρονῆσαι,
3283 1177 3350 1235 ὡς
3435 1175 3655 1245 άγγελων
3733 1172 3860 1242 αύτῷ

2282 1267 2746 1335 συντυγχανόντων
2796 1268 2885 1316 καὶ
2926 1267 2989 1315 τὰ
3018 1268 3145 1337 πρὸς
3177 1263 3403 1321 ἑκάστην
3442 1260 3704 1315 διακονίαν
3734 1261 3862 1332 αύτῷ

2280 1353 2703 1425 εύτρεπιξόντων.
2775 1358 2864 1404 καὶ
2940 1372 3061 1404 ποτε
3144 1349 3382 1426 σπυρίδα
3454 1354 3735 1428 ῥάπτοντος
3784 1350 3864 1401 αύ-

2280 1450 2371 1493 τοῦ
2403 1444 2472 1506 ”,
2513 1444 2581 1503 ὡς
2607 1438 2885 1511 διηγοῦντο
2913 1443 2961 1493 οἱ
2988 1444 3177 1493 τούτου
3213 1444 3478 1505 συνήθεις,
3509 1444 3587 1493 ὅτι
3614 1439 3659 1491 ἐν
3687 1440 3865 1510 ἑσπέρᾳ

2284 1530 2501 1603 βαθείας
2558 1535 2771 1590 σκοτίας
2818 1533 2983 1590 οὔσης
3034 1538 3125 1590 τῆς
3182 1528 3396 1601 βελόνης
3438 1533 3754 1588 ἐκπεσούσης
3806 1528 3863 1593 ⁸ο,

2284 1619 2391 1690 ἕνῇ
2433 1616 2929 1693 κατέῥραπτ[ασ]εν,
2983 1623 3073 1669 καὶ
3141 1623 3212 1689 μὴ
3263 1620 3591 1691 εὑρίσκοντος
3618 1617 3772 1674 αύτήν
3801 1616 3862 1677 ³¹,

527 1714 704 1770 etiam
736 1711 1479 1769 vanotumoreinﬂaretur.
1513 1711 1609 1765 Dei
1642 1719 1839 1767 autem
1863 1712 2175 1781 providen-

2291 1705 2539 1781 λαμπάδα
2586 1707 2725 1779 αὐτῷ
2771 1709 2795 1760 6
2847 1704 3049 1779 δαίμων
3108 1713 3409 1773 πεποίηκεν,
3455 1711 3527 1771 ὡς
3577 1711 3664 1759 καὶ
3719 1706 3866 1776 εὑρεῖν

527 1804 609 1858 tia
626 1802 970 1858 fraternitati
1001 1801 1313 1856 calamitas
1329 1800 1455 1855 eius
1482 1800 1651 1854 citius
1676 1800 1988 1856 manifesta
2016 1800 2175 1857 facta

527 1896 633 1947 est.
682 1895 827 1947 Nam
882 1891 1113 1954 accidit,
1160 1894 1221 1944 ut
1265 1889 1533 1961 hospites
1586 1890 1833 1961 quidam
1894 1889 2174 1945 fratribus

528 1979 753 2035 fructus
785 1979 1042 2035 aestivos
1059 1977 1352 2033 aﬁerrent.
1377 1979 1640 2042 Quorum
1665 1977 2040 2047 manipulum
2069 1978 2175 2033 do-

531 2068 729 2123 minus
780 2068 1067 2123 Macarius
1100 2067 1411 2137 presbyter
1453 2067 1773 2137 unicuique
1809 2068 1865 2120 in
1903 2066 2175 2123 cellulam

533 2158 713 2219 misit,
759 2158 1097 2227 pariterque
1143 2155 1363 2209 misero
1412 2154 1654 2209 Valenti.
1712 2156 1809 2209 Hic
1852 2170 2012 2218 eum,
2075 2155 2177 2226 qui

535 2246 830 2309 attulerat,
873 2244 1201 2299 verberavit
1230 2248 1285 2298 et
1314 2242 1677 2299 contumelia
1712 2242 1977 2299 afﬁciens
2012 2261 2022 2298 :
2057 2245 2176 2309 Dic,

534 2335 748 2406 inquit,
784 2333 1036 2389 Macario
1084 2349 1097 2387 :
1148 2338 1200 2387 te
1251 2331 1507 2387 deterior
1550 2347 1671 2387 non
1721 2349 1875 2395 sum,
1909 2333 2069 2403 quod
2118 2338 2177 2388 tu

536 2424 679 2480 mihi
713 2438 965 2478 munera
990 2422 1210 2477 mittas.
1259 2422 1452 2485 Quum
1497 2421 1676 2490 igitur
1715 2426 1955 2476 sanctus
1994 2424 2181 2477 Maca-

537 2513 659 2568 rius
688 2528 825 2567 eum
852 2512 1170 2581 deceptum
1196 2525 1327 2563 esse
1358 2510 1753 2577 cognovisset,
1785 2510 1931 2565 abiit
1952 2510 2182 2565 adeum

537 2599 998 2664 cohortandum,
1023 2604 1109 2653 et:
1135 2598 1348 2652 Valens
1375 2597 1573 2663 frater,
1603 2597 1813 2669 inquit,
1845 2598 2054 2653 illusus
2082 2615 2144 2653 es
2170 2616 2182 2667 ;

538 2688 745 2746 desine
768 2692 824 2743 et
841 2687 1162 2759 deprecare
1187 2690 1369 2741 Deum
1402 2686 1413 2740 ι
1435 2687 1545 2751 Qui
1563 2686 2036 2742 admonitionem
2055 2687 2184 2743 eius

539 2793 661 2835 non
679 2776 927 2841 audivit,
947 2776 1048 2831 sed
1073 2774 1426 2830 inobediens
1445 2774 1761 2830 oblocutus
1780 2781 1884 2830 est.
1905 2775 2186 2831 Diabolus

539 2867 716 2937 igitur
756 2881 945 2937 quum
999 2870 1374 2935 compertum
1416 2864 1680 2929 haberet,
1716 2864 2042 2920 maximam
2075 2866 2185 2920 sibi

540 2956 720 3011 ﬁdem
750 2971 889 3010 eum
916 2953 1217 3022 habuisse,
1252 2954 1505 3022 ﬁguram
1537 2953 1855 3009 Salvatoris
1886 2954 2098 3019 induit,
2132 2960 2187 3011 et

540 3049 721 3101 noctu
747 3043 821 3125 ad
851 3060 986 3098 eum
1021 3042 1078 3097 in
1111 3043 1531 3114 phantasmate
1570 3058 1705 3097 cum
1739 3042 1895 3097 mille
1938 3044 2186 3098 daemo-

2284 1803 2375 1862 τὴν
2430 1796 2662 1868 βελόνην,
2708 1802 2797 1849 καὶ
2841 1796 2923 1849 ἐπὶ
2954 1800 3119 1868 τούτῳ
3164 1797 3315 1849 πάλιν
3368 1799 3414 1833 ⁸⁸
3446 1801 3587 1869 ὄγκῳ
3635 1802 3755 1863 κενῷ
3787 1812 3867 1865 φυ-

2288 1888 2515 1945 σηθῆναι
2554 1889 2639 1937 ⁴τὸν
2670 1886 2865 1939 ἄθλιον.
2900 1886 3013 1937 κατ’
3045 1886 3337 1957 οἰκονομίαν
3391 1883 3448 1938 δὲ
3482 1893 3573 1938 τοῦ
3602 1891 3731 1937 Θεοῦ
3762 1884 3869 1933 θᾶτο

2286 1996 2371 2027 τον
2402 1984 2462 2047 τῇ
2508 1972 2821 2047 ἀδελφότητι
2862 1977 2890 2032 ἡ
2930 1977 3114 2026 τούτου
3148 1973 3318 2046 βλάϐη
3361 1972 3661 2035 κατάδηλος
3688 1974 3866 2043 γέγονε.

2291 2064 2476 2123 συνέϐη
2531 2064 2697 2126 ξένους
2778 2066 2918 2124 τινὰς
2984 2063 3193 2138 ὀπώρας
3266 2063 3484 2137 ἐνεγκεῖν
3548 2071 3608 2134 τῇ
3676 2057 3867 2130 ἀδελφό-

2289 2173 2409 2211 τητι
2459 2155 2533 2209 ”.
2597 2155 2621 2203 6
2673 2149 2730 2205 δὲ
2778 2155 2957 2227 κύριος
3013 2155 3277 2225 Μακάριος
3329 2154 3353 2205 6
3398 2151 3741 2227 πρεσϐύτερος
3785 2146 3872 2199 ἀπ·

2291 2242 2480 2295 ἐστειλε
2506 2244 2636 2315 πρὸς
2668 2238 2842 2316 δράκα
2890 2241 3090 2312 ἑκάστῳ
3133 2242 3199 2303 εἰς
3229 2243 3293 2294 τὰ
3340 2242 3540 2307 κελλία,
3578 2242 3762 2312 ὁμοίως
3795 2238 3875 2286 καὶ

2292 2334 2458 2402 τούτῳ
2486 2339 2557 2401 τῷ
2598 2330 2757 2401 ἀθλίῳ
2788 2330 2960 2403 Ούάλη
3011 2332 3086 2386 ³⁸,
3136 2336 3161 2381 6
3191 2328 3248 2382 δὲ
3292 2334 3374 2382 τὸν
3418 2336 3713 2404 κομίσαντα
3736 2323 3878 2394 ἔτυψε

2294 2425 2383 2471 καὶ
2421 2419 2603 2492 ὕϐρισε
2641 2420 2688 2454 ³⁵
2721 2419 2878 2491 λέγων
2908 2439 2920 2451 ·
2974 2420 3080 2471 εἰπε
3120 2428 3190 2490 τῷ
3237 2422 3283 2455 ³⁸
3322 2426 3605 2493 Μακαρίῳ,
3657 2417 3747 2470 ούκ
3783 2414 3879 2483 εἰμί

2299 2529 2391 2562 σου
2441 2514 2633 2581 χείρων
2665 2510 2732 2573 ³⁷,
2785 2509 2866 2559 ἵνα
2915 2512 2979 2560 σύ
3033 2528 3123 2580 μοι
3164 2508 3394 2580 εὐλογίαν
3426 2510 3475 2544 ⁸³
3544 2513 3764 2579 πέμπῃς.
3801 2505 3880 2553 καὶ

2295 2602 2450 2669 γνοὺς
2503 2600 2528 2649 6
2603 2598 2751 2667 ἅγιος
2805 2600 3075 2670 Μακάριος
3136 2603 3227 2656 την
3289 2598 3487 2656 πλάνην
3547 2597 3727 2659 αὐτοῦ,
3778 2590 3879 2665 μεθ’

2298 2690 2494 2759 ἡμέρας

2297 2776 2437 2845 αὐτῷ
2470 2793 2481 2805 ·
2514 2772 2699 2847 ἁδελφε
2752 2774 2950 2842 Ούάλη,
3007 2774 3322 2846 ἐνεπαίχθης
3356 2793 3366 2803 ·
3403 2785 3611 2829 παῦσαι
3649 2776 3737 2824 καὶ
3775 2766 3882 2825 δεή-

2572 2688 2618 2721 ”
2670 2686 2866 2745 ἀπῆλθε
2934 2686 3295 2759 παρακαλέσαι
3374 2687 3554 2753 αὐτόν,
3614 2689 3702 2737 καὶ
3764 2682 3880 2750 λέγει

2300 2866 2419 2922 θητι
2470 2871 2562 2916 τοῦ
2612 2872 2769 2921 Θεοῦ,
2812 2864 2837 2915 ὁ
2893 2860 2950 2915 δὲ
3004 2864 3063 2915 ού
3112 2868 3409 2936 προσέσχεν
3448 2874 3514 2938 τῇ
3573 2862 3881 2935 παραινέσει,

2298 2952 2519 3005 ἀπειθῶν
2571 2960 2660 3004 καὶ
2712 2952 3005 3024 ἀντιλέγων.
3062 2952 3470 3027 πληροφορηθεὶς
3524 2951 3611 3006 οὖν
3657 2953 3681 3002 6
3719 2944 3884 3002 διάϐο·

2295 3042 2401 3111 λος,
2434 3043 2510 3094 ὅτι
2541 3043 2609 3105 είς
2654 3043 2810 3117 ἄκρον
2856 3042 2996 3113 αύτῷ
3040 3045 3292 3107 πείθεται,
3348 3044 3675 3116 σχηματίζει
3716 3038 3882 3091 ἑαυτὸν

521 3134 701 3190 nibus
719 3120 1039 3202 lampadas
1066 3110 1395 3187 ferentibus
1417 3132 1594 3196 venit,
1611 3137 1927 3203 rotamque
1943 3134 2178 3200 igneam

2297 3132 2369 3193 εἰς
2415 3133 2459 3167 ⁴⁰
2508 3136 2593 3183 τὸν
2638 3139 2872 3204 Σωτῆρα,
2924 3136 3011 3185 καὶ
3060 3137 3406 3205 παραγίνεται
3453 3136 3585 3206 πρὸς
3619 3130 3769 3183 αὐτόν
3812 3144 3885 3175 νυ-

520 3222 799 3286 ostendit,
827 3222 886 3276 in
917 3236 1042 3292 qua
1074 3220 1275 3276 media
1302 3220 1620 3276 Salvatoris
1649 3221 1901 3290 ﬁguram
1939 3222 2182 3277 simula-

525 3313 624 3369 vit.
674 3313 835 3367 Unus
868 3314 1069 3366 autem
1103 3310 1290 3365 accito
1344 3327 1357 3360 :
1403 3308 1605 3363 Dilexit
1646 3314 1718 3376 te,
1763 3310 1976 3381 inquit,
2024 3311 2181 3365 Chri-

525 3404 653 3455 stus
670 3399 749 3453 ob
772 3399 919 3453 vitae
939 3402 1071 3452 tuae
1093 3397 1494 3467 integritatem
1510 3396 1965 3469 institutumque
1985 3403 2178 3463 tuum,

527 3493 583 3545 et
614 3487 854 3543 advenit
882 3490 944 3540 ut
982 3490 1034 3539 te
1062 3485 1263 3539 videat
1291 3501 1304 3548 ;
1340 3485 1619 3553 egredere
1650 3502 1680 3539 e
1722 3486 1867 3541 cella
1896 3502 2179 3557 eumque,

530 3577 578 3633 si
636 3573 846 3647 procul
896 3576 1151 3628 stantem
1207 3572 1443 3637 videris,
1502 3573 1907 3643 procumbens
1972 3574 2179 3630 adora.

532 3669 818 3735 Egressus
848 3663 1025 3731 igitur
1051 3676 1083 3715 e
1115 3660 1261 3716 cella
1294 3660 1646 3716 comitatum
1682 3662 1826 3716 vidit
1866 3662 2185 3735 lampadas

532 3751 848 3811 ferentium
874 3755 931 3805 et
960 3750 1156 3821 spatio
1181 3748 1300 3805 fere
1324 3749 1499 3805 stadii
1529 3749 1972 3819 Antichristum,
2003 3768 2185 3825 quem

535 3840 941 3914 procumbens
972 3838 1259 3894 adoravit.
1293 3838 1463 3894 Miser
1487 3844 1686 3894 autem
1714 3845 2020 3911 tantopere
2043 3842 2188 3898 sub-

540 3934 707 3988 actus
732 3934 787 3985 et
826 3928 1112 3998 deceptae
1154 3927 1370 3982 mentis
1399 3926 1526 3995 fuit,
1560 3933 1622 3982 ut
1648 3928 1742 3984 die
1784 3929 2186 4001 subsequente

537 4018 764 4075 veniret
794 4018 855 4073 in
889 4016 1198 4072 ecclesiam
1247 4022 1302 4071 et
1338 4032 1540 4072 coram
1581 4018 1864 4072 omnibus
1909 4019 2130 4076 diceret
2171 4037 2183 4076 :

538 4108 675 4165 Mihi
718 4107 1141 4162 communione
1176 4121 1331 4177 opus
1375 4121 1495 4161 non
1528 4112 1615 4161 est
1644 4122 1656 4171 ;
1700 4107 1994 4163 Christum
2027 4110 2186 4165 enim

540 4196 661 4252 vidi
692 4195 890 4251 hodie.
924 4197 1084 4249 Tune
1130 4199 1324 4264 patres
1364 4195 1866 4265 comprehensum
1909 4212 2044 4251 eum
2087 4214 2191 4269 per

543 4288 779 4352 tempus
823 4282 1067 4355 aliquod
1105 4282 1257 4338 ferro
1293 4282 1625 4337 vinxerunt.
1662 4284 1840 4355 269
1870 4285 1971 4341 Cui
2008 4286 2191 4341 conti-

541 4371 677 4427 nuis
711 4370 929 4427 deinde
969 4371 1247 4441 precibus
1285 4387 1393 4442 pro
1424 4387 1495 4426 eo
1539 4371 1708 4427 factis
1739 4379 1791 4427 et
1834 4374 2193 4430 multimoda

2296 3225 2418 3282 κτός
2465 3220 2513 3272 ἐν
2557 3227 2818 3293 φαντασίᾳ
2864 3224 2993 3293 μετὰ
3048 3217 3306 3293 δαιμόνων
3360 3222 3553 3292 χιλίων
3619 3210 3883 3290 λαμπαδη-

2300 3315 2465 3384 φόρων
2504 3312 2572 3375 ⁴¹,
2618 3307 2865 3363 δεικνύων
2912 3314 3107 3383 τροχὸν
3140 3314 3373 3383 πύρινον,
3407 3316 3500 3364 καὶ
3539 3313 3589 3363 ἐν
3634 3313 3773 3381 μέσῳ
3807 3306 3895 3355 τόκ

2296 3407 2514 3472 Σωτῆρα
2570 3402 2944 3471 σχηματίζων,
2998 3404 3087 3451 καὶ
3117 3400 3203 3452 ἕνα
3230 3398 3701 3472 προσλαμϐάνοντα
3734 3397 3777 3431 ’θ’
3806 3385 3897 3444 καῖ’

2293 3488 2504 3559 λέγοντα
2551 3489 2690 3559 αύτῷ
2724 3505 2735 3517 ·
2779 3489 2986 3559 ἠράσθη
3042 3508 3135 3540 σου
3183 3490 3208 3539 6
3264 3492 3493 3561 Χριστὸς
3540 3496 3602 3561 τῇ
3654 3493 3743 3538 τοῦ
3775 3481 3886 3555 βίου

2295 3580 2616 3651 καθαρότητι
2668 3584 2755 3629 καὶ
2808 3578 3043 3649 πολιτείᾳ
3099 3597 3214 3642 σου,
3275 3583 3362 3629 καὶ
3417 3581 3730 3650 παρεγίνετο
3769 3570 3890 3644 πρὸς

2298 3670 2354 3719 σε
2405 3674 2496 3718 τοῦ
2536 3663 2664 3718 ἰδεῖν
2719 3684 2792 3719 σε.
2837 3665 3001 3728 ἔξελθε
3048 3673 3143 3727 τῆς
3193 3665 3370 3725 κίλλης
3425 3685 3545 3733 σου,
3580 3670 3671 3716 καὶ
3723 3667 3887 3713 τοῦτον

2295 3754 2553 3829 πόῤῥωθεν
2610 3754 2816 3807 ἑστῶτα
2871 3752 2997 3807 ἰδών
3064 3754 3239 3825 κύψας
3293 3760 3689 3829 προσκύνησον.
3744 3752 3768 3802 6
3834 3742 3889 3798 δὶ

2296 3843 2506 3907 ίξελθὼν
2578 3840 2683 3895 εἶδε
2753 3844 3043 3916 παράταξιν
3095 3840 3493 3918 λαμπαδηόρων
3552 3845 3621 3910 ⁵³,
3677 3844 3764 3892 καὶ
3826 3836 3887 3893 ὡς

2298 3932 2398 3985 ἀπὸ
2449 3929 2671 3985 σταδίου
2703 3936 2788 3984 τὸν
2835 3932 3193 4005 ἀντίχριστον,
3235 3938 3324 3985 καὶ
3377 3938 3548 3985 πεσὼν
3581 3928 3889 4003 προσεκύνη-

2300 4042 2403 4077 σεν.
2484 4021 2567 4075 ἐπὶ
2620 4030 2868 4074 τοσοῦτον
2948 4019 3007 4074 δὲ
3073 4021 3508 4096 ἓφρενοϐλάϐησεν
3569 4016 3889 4092 αἰχμαλωτι-

2301 4113 2442 4171 σθεὶς
2484 4112 2509 4162 6
2553 4110 2751 4177 ἄθλιος,
2795 4114 2863 4172 ὡς
2893 4111 3003 4180 μεθ’
3051 4112 3245 4182 ἡμέραν
3304 4109 3517 4163 ἐλθόντα
3564 4111 3634 4171 εἰς
3689 4110 3778 4163 τὴν
3816 4100 3887 4153 ἐκ·

2298 4199 2517 4257 κλησίαν
2571 4202 2654 4251 ἐπὶ
2715 4201 2919 4251 πάντων
2973 4198 3130 4251 εἰπεῖν
3160 4219 3172 4231 ·
3242 4199 3339 4270 ἕγώ
3391 4204 3662 4259 κοινωνίας
3713 4194 3889 4266 χρείαν

2300 4289 2393 4339 οὐκ
2449 4290 2558 4358 ἔχω
2592 4304 2603 4317 ’
2654 4291 2739 4340 τόν
2796 4291 3025 4359 Χριστὸν
3070 4291 3171 4361 γὰρ
3230 4288 3435 4360 ἑώρακα
3485 4294 3733 4359 σήμερον.
3784 4284 3890 4332 τότε

2299 4375 2534 4437 λαϐόντες
2591 4377 2745 4429 αὐτὸν
2804 4379 2852 4429 οἱ
2905 4380 3120 4449 πατέρες
3169 4379 3214 4413 “
3261 4374 3521 4447 δεσμοῡσι
3564 4372 3771 4447 σιδήρῳ
3812 4364 3890 4419 ἐπὶ

544 4459 925 4528 despectione
954 4460 1194 4531 vitaque
1232 4460 1556 4516 austeriore
1596 4477 1813 4515 vanam
1844 4463 2178 4531 opinionem

2303 4467 2387 4518 ἕνα
2416 4470 2624 4538 χρόνον,
2666 4472 2754 4518 καὶ
2787 4471 3036 4537 συνεχέσι
3066 4474 3180 4527 ταῖς
3221 4468 3348 4539 ὑπερ
3386 4466 3547 4518 αὐτοῦ
3578 4465 3759 4535 εὐχαῖς
3804 4458 3886 4507 καθ

548 4549 923 4613 ademerunt,
960 4548 1041 4604 ita
1068 4554 1130 4602 ut
1164 4553 1493 4603 sanaretur.
1525 4549 1841 4604 Contrariis
1868 4552 2026 4607 enim
2050 4567 2195 4607 con-

546 4638 728 4695 traria
758 4638 1119 4693 conveniunt
1145 4637 1602 4693 medicamenta.

2304 4555 2511 4626 ποικᾶη
2546 4551 2895 4629 ἀδιαφορὴσει
2922 4556 2990 4589 ⁸⁸⁸
3022 4561 3109 4607 καὶ
3156 4554 3495 4626 ἁπραγοτέρῳ
3520 4553 3626 4626 βίῳ
3654 4554 3710 4603 τὸ
3738 4550 3892 4615 οἴημα

2305 4642 2464 4695 αὐτοῦ
2510 4644 2804 4705 καθελόντες
2856 4643 3275 4715 ἀπεθεράπευσαν
3322 4644 3387 4697 ⁸⁵.
3437 4651 3547 4704 τοῖς
3594 4644 3695 4713 γὰρ
3753 4634 3890 4687 ἔναν-

550 4731 685 4787 τίσις
739 4728 806 4779 τὰ
852 4726 1057 4778 ἐναντία
1113 4725 1328 4797 ἰάματα.
1385 4725 1666 4797 ἀναγκαῖον
1728 4724 1814 4780 οὖν
1880 4730 2166 4801 ἡγησάμην
2223 4736 2311 4783 καὶ
2362 4735 2483 4794 τοὺς
2548 4742 2647 4784 τῶν
2700 4735 3043 4805 ἠπατημένων
3103 4732 3256 4805 βίους
3313 4733 3530 4785 ἐνθεῖναι
3574 4739 3645 4800 τῷ
3709 4722 3887 4800 βιϐλίῳ

552 4816 681 4887 πρὸς
732 4814 1013 4886 ἆσφοίλειαν
1062 4822 1163 4867 τῶν
1215 4818 1305 4887 μεν
1343 4817 1781 4887 ἐντυγχανόντων.
1838 4818 1915 4869 ὃτι
1965 4824 2050 4870 καὶ
2111 4822 2291 4894 ἀρεταὶ
2346 4822 2593 4883 ὑπόθεσις
2649 4827 2877 4893 γίνονται
2930 4828 3169 4883 πτώσεως
3220 4830 3329 4883 τοῖς
3374 4819 3695 4893 ἁδιακρίτως
3740 4810 3889 4866 αὐτὰς

556 4906 981 4979 μετερχομένοις.

1878 5115 2137 5171 νΑΒιΑΕ
2180 5114 2584 5174 LECTIONES.

631 5336 677 5410 εε
712 5335 905 5410 βιοὺς
944 5350 1065 5392 om.
1098 5335 1183 5410 Βτ-
1239 5334 1281 5410 ξ’
1318 5334 1361 5388 Α
1402 5334 1488 5410 τὸν
1516 5334 1673 5406 ἄκρον
1706 5332 1871 5407 βίον.

559 5488 695 5542 τοῖς
734 5478 1029 5553 ἀδελφοῖς
1068 5478 1361 5549 ἐνεγκεῖν.
1441 5479 1489 5512 ³⁸
1540 5479 1575 5531 Β
1626 5479 1939 5529 ούάλεντι.

565 5557 803 5589 νηπίω..
905 5550 1339 5589 δοηρνῖληηίην
1447 5550 1715 5589 εθιξηςιν
1761 5552 1939 5589 hui/aa

560 5557 824 5625 χρείων.
903 5550 1013 5607 ³⁸Β
1046 5550 1365 5621 εὐλογίας.
1447 5551 1555 5603 ³⁹Β
1588 5550 1715 5620 μεθ’
1761 5552 2019 5620 ἡμέραν,

566 5625 611 5657 ⁸³
654 5626 743 5682 ΑΒ
773 5621 1298 5699 λαμπαδεφόρων.
1328 5623 1497 5693 ὧδκΒ
1517 5624 1565 5673 οἱ
1590 5622 1764 5695 ἅγιοι
1794 5625 2027 5697 πατέρες.

1328 5672 1373 5693 λιλ-
1431 5668 1451 5693 ιι

1952 5334 1997 5371 ⁸⁸
2040 5337 2080 5391 Β
2114 5339 2556 5409 κατορθωκὼς.

560 5409 608 5444 ³⁸
638 5408 683 5463 Α
712 5405 1086 5482 πεσοῦσαςη
1144 5407 1186 5441 ⁸¹
1241 5406 1351 5461 Pro
1384 5405 1808 5482 εὑρίσκοντος
1850 5405 2124 5482 αὐτὴν-β
2168 5405 2682 5482 εύρισκομένης,
2746 5414 2791 5446 ⁸³
2839 5405 2939 5464 ἐπὶ
2978 5416 3179 5482 τούτῳ
3219 5414 3410 5463 πάλιν
3450 5405 3571 5467 οιηί
3627 5410 3687 5482 Br.

2020 5480 2065 5513 ³⁵
2170 5478 2351 5553 ύϐρισε
2380 5478 2488 5532 καὶ
2529 5481 2752 5552 ἔτυψε.

2100 5552 2206 5603 ⁴⁰Β
2238 5556 2329 5610 ως.

2110 5623 2175 5654 ³⁸⁸
2206 5619 2705 5701 Βάδιαφορίᾳ.¹
2751 5628 2795 5661 ⁸⁵
2828 5627 2906 5681 Βέ

2638 5341 2683 5376 ²⁹
2710 5340 2820 5395 Pro
2850 5340 3211 5414 ῥάπτοντος
3256 5340 3452 5393 αὐτοῦ
3489 5342 3528 5397 Β
3558 5338 3883 5414 ῥάπτοντι.

2638 5431 2645 5453 r
2746 5414 2791 5446 ⁸³
2839 5416 2936 5453 ἔτι-ἱ
2978 5416 3179 5453 τούς-ω
3219 5414 3410 5453 πάλιν
3450 5429 3545 5453 nm
3627 5410 3686 5453 Β-
3764 5403 3809 5439 ³³
3847 5400 3883 5453 Β

3337 5487 3378 5519 ³⁷
3419 5485 3492 5538 Ex
3550 5481 3727 5539 coni.,
3776 5479 3813 5526 A
3849 5470 3883 5523 Β

3230 5557 3277 5589 ⁴²
3311 5556 3357 5612 Β
3398 5549 3877 5627 προσλαϐόντα.

2964 5646 3357 5703 εραπευσαν,

2833 5486 2878 5518 ³⁸
2912 5494 2980 5534 τῶ
3012 5470 3249 5537 οιιι.Ἀ.

2412 5554 2454 5587 ⁴¹
2496 5554 2582 5607 AB
2614 5552 2910 5625 λαμπαδι
2952 5552 3150 5626 όρων.

2412 5630 2669 5679 κφοοία.
2751 5577 3150 5679 ⁸⁵Βέθεοαπε
