4092 6252
277 293 384 352 205
1873 296 1893 347 ί

2025 298 2077 349 Α.
3538 299 3641 354 206

1061 420 1098 472 4
1908 417 1957 472 Α
2788 423 2843 475 4.

824 542 988 614 Περὶ
1024 536 1321 610 Ἠρωνος.

2629 545 2712 600 De
2737 544 2993 600 Herone.

346 660 508 733 Ἥρων
572 680 654 723 τις
726 666 928 734 γέγονεν
992 658 1383 731 Ἀλεξανδρεύς,
1452 670 1688 732 γειτνιῶν
1765 683 1873 735 μοι,

2060 666 2188 720 Fuit
2226 666 2377 721 Hero
2420 665 2667 737 quidam
2702 665 3154 726 Alexandrinus,
3195 666 3340 720 mihi
3384 666 3634 731 vicinus,

278 749 494 813 ἀστεῖος,
546 756 804 823 νεώτερος,
844 751 1037 823 εὐφυής
1080 755 1173 807 τήν
1215 746 1473 814 διάνοιαν,
1518 754 1741 826 καθαρὸς
1789 756 1877 806 τόν

2016 754 2277 821 urbanus,
2322 754 2692 819 adolescens,
2726 755 2887 809 bono
2938 755 3198 823 ingenio,
3232 755 3462 823 integra
3492 756 3632 825 vita,

272 836 405 911 βίον,
458 838 577 891 καθ’
607 838 895 913 ὑπερϐολήν
943 838 1125 901 λεπτὸς
1176 846 1237 910 τῇ
1289 837 1478 912 ἀρίστῃ
1515 840 1766 912 πολιτείᾳ,
1810 843 1878 903 ὡς

2011 844 2436 897 :onversatione
2462 860 2643 914 supra
2663 843 2911 898 modum
2938 842 3135 897 subtili
3160 859 3350 914 eaque
3382 845 3627 915 Optima,

267 926 478 988 πολλοὺς
523 928 648 969 ⁴⁶-⁴⁷
686 937 785 979 τῶν
832 930 1068 985 συνήθων
1100 926 1261 979 αὐτοῦ
1300 927 1480 998 λέγειν,
1531 930 1610 980 ὅτι
1635 928 1877 994 πολλάκις

2016 937 2071 986 la
2115 938 2175 985 ut
2226 932 2390 986 multi
2441 949 2471 987 e
2517 931 2914 986 familiaribus
2978 932 3099 985 suis
3149 932 3432 996 dicerent,
3494 948 3632 988 eum

267 1012 359 1068 διὰ
396 1024 557 1091 τριῶν
587 1025 761 1089 μηνῶν
801 1018 983 1075 ἤσθιεν
1030 1017 1097 1082 ⁴⁸,
1126 1022 1256 1088 μόνῆ
1299 1036 1361 1088 τῃ
1396 1022 1644 1090 κοινωνίᾳ
1687 1017 1874 1091 ἀρκούο

2021 1036 2167 1091 aepe
2194 1022 2345 1075 intra
2376 1026 2492 1075 tres
2516 1036 2754 1075 menses
2785 1019 2968 1075 semel
2987 1021 3318 1084 comedere,
3349 1020 3475 1076 sola
3496 1037 3636 1076 con-

265 1124 412 1177 μενος
468 1108 562 1157 καὶ
617 1107 663 1157 εἶ
709 1126 811 1157 που
856 1110 1176 1177 παραφανείη
1230 1104 1631 1178 ἀγριολάχανον.
1691 1115 1873 1181 πεῖραν

2015 1115 2211 1164 autum
2268 1110 2693 1163 communione
2737 1115 2789 1164 et
2837 1108 3030 1164 sicubi
3082 1110 3457 1179 apparuisset
3500 1110 3631 1164 olus

268 1189 326 1246 δε
354 1196 542 1246 τούτου
588 1196 750 1266 ἔσχον
796 1194 939 1266 κάγὼ
974 1197 1067 1246 σὺν
1107 1201 1179 1264 τῷ
1220 1200 1488 1266 μακαρίτῃ
1532 1194 1747 1267 Ἀλϐίνῳ
1789 1195 1871 1249 ἐπὶ

2013 1205 2231 1266 ,greste.
2279 1199 2759 1267 Experimentum
2807 1198 2984 1252 huius
3031 1198 3111 1252 rei
3155 1198 3281 1267 ipse
3336 1196 3446 1252 feci
3492 1214 3629 1253 cum

262 1287 356 1340 τήν
404 1290 593 1342 Σκῆτιν
629 1282 838 1335 ἀπιόντι
886 1281 1193 1355 ἀπέχουσαν
1226 1282 1308 1354 ἀφ’
1349 1285 1494 1355 ἡμῶν
1526 1284 1572 1318 ⁸9
1620 1283 1703 1336 ἐπὶ
1744 1285 1799 1355 μ’
1828 1287 1873 1320 ⁵ο

2016 1293 2154 1342 eato
2202 1287 2414 1341 Albino
2452 1286 2709 1341 abeunte
2765 1289 2823 1341 in
2877 1285 3109 1351 Scetim,
3165 1301 3320 1357 quae
3363 1287 3632 1343 aberata

260 1376 520 1441 σημείοις.
578 1377 669 1425 καὶ
721 1372 770 1424 ἒν
836 1376 1038 1433 τούτοις
1099 1369 1367 1434 ὁδεύοντες
1428 1374 1573 1444 ἡμεῖς
1632 1370 1869 1445 δεύτερον

2011 1376 2153 1431 ιοὺὶε
2189 1376 2309 1430 fere
2352 1376 2753 1447 quadraginta
2787 1375 3158 1430 milliaribus.
3194 1378 3381 1446 Atque
3422 1377 3480 1428 in
3512 1374 3627 1430 hoc

254 1460 508 1533 ἐφάγομεν
562 1465 652 1514 καὶ
699 1465 872 1534 τρίτον
899 1463 942 1497 ⁸1
979 1461 1207 1533 ἐπίομεν,
1245 1461 1432 1523 ἐκεῖνος
1475 1458 1533 1514 δὲ
1578 1459 1709 1534 μηδ’
1741 1463 1868 1526 ὅλως

2010 1466 2184 1520 tinere
2231 1480 2337 1519 nos
2386 1464 2479 1518 bis
2530 1464 2902 1519 comedimus
2948 1469 3002 1517 et
3050 1468 3132 1518 ter
3164 1462 3429 1517 bibimus
3467 1479 3478 1516 :
3534 1462 3626 1519 ille

251 1553 577 1621 γευσάμενος
654 1550 882 1611 πεζεύων
949 1552 997 1585 ⁸³
1078 1549 1424 1611 ἀπεστήθιζεν
1492 1550 1727 1622 ψαλμοὺς
1781 1554 1866 1603 τόν

2009 1569 2117 1608 ’ΘῙὌ
2143 1570 2330 1623 quum
2366 1552 2511 1607 nihil
2536 1569 2783 1623 prorsus
2816 1557 3133 1622 gustasset,
3171 1552 3319 1605 inter
3357 1550 3625 1606 eundum

254 1642 421 1709 μέγαν
469 1643 563 1691 καὶ
617 1638 803 1700 ἄλλους
857 1639 932 1704 ιε’,
992 1644 1085 1697 τήν
1138 1644 1262 1713 πρὸς
1292 1638 1562 1713 Ἐϐραίους
1594 1640 1865 1699 ἐπιστολὴν

2006 1642 2317 1697 nemoriter
2330 1642 2757 1712 pronuntiabat
2772 1641 3071 1712 psalmum
3100 1655 3277 1708 magn
3290 1657 3387 1694 um
3402 1645 3457 1695 et
3474 1639 3622 1694 alios

254 1733 347 1780 καὶ
391 1727 643 1796 Ἡσαΐαν,
685 1734 774 1780 καὶ
819 1733 972 1800 μέρος
1009 1727 1262 1801 Ἱερεμίου
1312 1736 1403 1780 τοῦ
1452 1734 1743 1803 προφήτου,
1776 1736 1861 1783 καὶ

2011 1730 2342 1801 ςυίυάοοὶω,
2359 1729 2675 1799 epistolam
2693 1730 2769 1784 ad
2787 1729 3102 1793 Hebraeos,
3119 1734 3173 1783 et
3187 1716 3481 1792 Isaiam,et
3496 1743 3627 1799 par-

254 1822 468 1870 Λουκᾶν
514 1820 601 1869 τὸν
648 1817 1057 1888 Εὐαγγελιστήν,
1124 1823 1215 1870 καὶ
1266 1820 1363 1879 τὰς
1417 1823 1722 1889 Παροιμίας,
1775 1824 1865 1871 καὶ

2008 1835 2083 1874 em
2102 1819 2371 1873 leremiae
2389 1820 2732 1889 prophetae,
2748 1818 2964 1872 deinde
2985 1817 3624 1885 Lucamevangelistam

248 1912 434 1957 τοῦτον
490 1904 804 1959 καταλαϐεῖν
875 1906 968 1959 οὐκ
1023 1903 1365 1979 ἠδυνήθημεν
1432 1904 1752 1979 βαδίζοντα.
1815 1908 1864 1969 ὃς

2013 1908 2361 1963 tProverbia
2386 1922 2613 1979 :neque
2634 1923 2773 1961 eum
2798 1912 3144 1977 poteramus
3172 1906 3461 1976 consequi
3485 1921 3625 1976 pro-

249 1999 336 2046 καὶ
389 1995 555 2056 αὐτὸς
604 1997 737 2067 μετά
788 2000 974 2056 πόνους
1026 1997 1277 2067 μεγάλους
1325 2001 1414 2048 καὶ
1471 1992 1699 2069 ἱδρῶτας
1751 2016 1862 2068 γεν-

2006 1997 2363 2062 ςτθάὶθυιοω.
2389 1996 2551 2050 ldem
2583 2002 2719 2067 post
2744 2010 2999 2063 magnos
3022 1994 3259 2049 labores
3286 2000 3341 2048 et
3366 1993 3622 2065 praecla-

246 2088 425 2144 ναίους
464 2090 542 2153 τῷ
583 2086 726 2156 τύφῳ
767 2093 860 2146 τῆς
903 2083 1148 2147 ἀπονοίας
1199 2083 1375 2158 ἀρθεὶς
1425 2084 1491 2145 εἰς
1522 2084 1655 2156 ὕψος
1679 2090 1862 2157 μετέω-

2008 2102 2072 2140 os
2114 2086 2362 2140 sudores
2407 2083 2563 2139 fastu
2609 2090 2665 2139 et
2721 2083 2963 2139 stultitia
2994 2084 3053 2137 in
3096 2099 3401 2137 summum
3465 2082 3624 2137 fasti-

249 2190 357 2243 ρον,
416 2171 661 2224 κάκεῖθεν
709 2170 914 2224 ἔλεεινόν
958 2178 1092 2225 πᾶσι
1138 2182 1333 2245 πτῶμα
1379 2176 1729 2245 κατενεχθεὶς,
1775 2178 1864 2226 καὶ

2008 2177 2143 2233 rium
2186 2174 2399 2238 elatus,
2442 2178 2498 2227 et
2540 2172 2755 2227 dehinc
2804 2170 3128 2227 miserabili
3158 2170 3440 2226 omnibus
3479 2187 3624 2228 casu

248 2263 384 2313 κατὰ
442 2270 550 2313 τῶν
600 2259 762 2332 ἁγίων
809 2265 1042 2335 πατέρων
1086 2261 1257 2319 οἰήσει
1304 2267 1501 2335 ματαίᾳ
1550 2262 1864 2335 μεγαλοφρο-

2006 2264 2155 2334 ιῚο
2182 2262 2625 2333 praecipitatus,
2651 2262 2826 2316 etiam
2860 2266 3098 2315 sanctos
3122 2264 3319 2330 patres
3346 2276 3502 2315 vana
3532 2260 3622 2315 sui

247 2355 435 2417 νήσας,
500 2352 707 2410 πάντας
766 2348 1003 2423 ἕξὺϐρισε
1062 2349 1221 2420 λέγων
1255 2372 1266 2384 ·
1338 2353 1417 2403 ὅτι
1475 2353 1523 2403 οἱ
1572 2354 1863 2423 πειθόμενοι

2007 2354 2254 2421 ιρίηἰοιιθ
2278 2351 2355 2406 ita
2382 2350 2749 2421 contemptui
2772 2348 3002 2413 habuit,
3042 2355 3100 2402 ut
3129 2348 3413 2403 omnibus
3446 2348 3623 2403 insul-

246 2436 388 2508 ὑμῶν
418 2445 483 2510 τῇ
548 2433 887 2511 διδασκαλίᾳ
936 2437 1233 2491 ἀπατῶνται
1270 2457 1281 2469 ·
1314 2440 1372 2491 οὐ
1400 2444 1512 2513 χρὴ
1568 2443 1667 2512 γὰρ
1704 2436 1862 2494 διδα-

2008 2446 2126 2497 aret
2163 2442 2367 2495 dicens
2411 2457 2425 2495 :
2455 2440 2563 2504 Qui
2598 2443 2805 2510 parent
2833 2443 3059 2493 vestrae
3100 2435 3428 2504 doctrinae,
3470 2437 3624 2493 deci-

248 2527 463 2588 σκάλοις
495 2526 697 2601 ἑτέροις
747 2529 992 2599 χρῆσθαι
1021 2528 1068 2562 ⁵⁸
1098 2532 1349 2602 παρεκτὸς
1380 2536 1469 2580 τοῦ
1501 2536 1736 2601 Χριστοῦ
1775 2534 1864 2601 μό-

2006 2530 2266 2600 iiuntur;
2314 2544 2508 2600 neque
2555 2529 2715 2583 enim
2751 2531 2982 2598 oportet
3023 2526 3320 2595 magistris
3361 2526 3491 2581 aliis
3541 2525 3622 2582 uti

246 2635 353 2679 νου,
387 2619 471 2669 ὅτι
498 2615 657 2677 αὐτὸς
690 2617 911 2689 ὁΣωτήρ
936 2613 1069 2669 εἶπεν
1103 2635 1113 2646 ·
1149 2640 1178 2669 ι(
1219 2623 1289 2689 μή
1323 2619 1574 2677 καλέσητε
1602 2617 1635 2671 δ
1642 2617 1862 2673 ιδάσκα-

2000 2626 2209 2673 η’δθῐθι*
2238 2618 2431 2672 solum
2454 2616 2774 2681 Christum,
2807 2616 2948 2687 quia
2970 2615 3100 2686 ipse
3129 2614 3398 2670 Salvator
3429 2613 3576 2668 dixit
3605 2630 3616 2669 :

245 2704 332 2766 λος
375 2704 461 2757 ἐπὶ
491 2713 593 2766 τῆς
644 2712 767 2775 γῆς.
820 2724 848 2757 ›)
881 2704 935 2766 ὃς
984 2708 1067 2758 ἐπὶ
1105 2714 1354 2759 τοσοῦτον
1396 2712 1486 2761 καὶ
1524 2708 1681 2771 αὐτὸς
1720 2708 1861 2762 ἐσκο-

2005 2709 2062 2764 Ve
2077 2706 2418 2763 vocaveritis
2431 2704 2778 2775 magistrum
2794 2720 2975 2774 super
2987 2709 3229 2759 terram.
3247 2702 3409 2757 Idem
3424 2706 3621 2758 mente

246 2796 404 2852 τίσθη
465 2799 565 2850 τήν
621 2790 861 2846 διάνοιαν
930 2796 978 2829 ⁶⁴
1032 2802 1095 2867 τῇ
1156 2792 1429 2868 κενοδοξία
1498 2805 1592 2858 τῆς
1645 2798 1862 2860 οἰήσεως

2004 2802 2279 2867 antopere
2306 2795 2666 2850 obcaecatus
2688 2800 2773 2848 est
2802 2809 2957 2848 vana
2973 2793 3362 2865 persuasione
3388 2792 3620 2862 opinio-

252 2885 440 2936 ἄνωθεν
489 2884 633 2936 κάτω
679 2883 837 2936 ἐλθών
886 2884 953 2949 ⁵⁵,
989 2885 1058 2945 ὡς
1106 2884 1262 2937 αὐτὸν
1299 2883 1439 2958 μηδὲ
1491 2887 1537 2922 ⁸⁸
1570 2895 1678 2949 τοῖς
1711 2890 1861 2949 θείοις

2005 2886 2087 2951 κίε,
2129 2885 2407 2940 deorsum
2448 2898 2734 2953 praeceps
2777 2881 2985 2945 factus,
3030 2887 3093 2937 ut
3124 2881 3302 2935 nollet
3340 2880 3621 2936 accedere

257 2978 573 3045 μυστηρίοις
626 2972 784 3024 θέλειν
835 2975 1248 3046 πρόσέρχεσθαι.
1306 2974 1595 3027 τελευταῖον
1658 2973 1734 3045 δὲ,
1786 2980 1856 3039 ὡς

2012 2976 2049 3028 d
2077 2974 2277 3028 divina
2309 2972 2608 3042 mysteria.
2650 2971 3021 3025 Postremum
3055 2969 3207 3024 sicut
3234 2985 3268 3023 a
3311 2970 3624 3024 vehemen-

259 3060 358 3112 ὑπὸ
396 3057 759 3135 σφοδροτάτου
814 3064 979 3132 πυρὸς
1017 3063 1117 3114 ὑπό
1158 3069 1249 3114 τοῦ
1304 3059 1548 3135 δαίμονος
1605 3065 1855 3130 ᾶλασθεὶς,

2007 3062 2207 3117 lssimo
2252 3063 2387 3131 igne
2428 3076 2463 3114 a
2506 3060 2803 3114 daemone
2847 3059 3124 3126 agitatus,
3169 3059 3329 3112 venit
3368 3057 3623 3112 Alexan-

258 3148 508 3207 κατῆλθεν
560 3149 627 3210 εἰς
669 3147 1066 3224 Ἀλεξάνδρειαν
1119 3155 1342 3224 προνοίᾳ
1380 3160 1475 3215 τῆς
1526 3155 1668 3215 θείας
1724 3154 1860 3206 οἰκο-

2002 3153 2163 3206 lriam
2205 3149 2411 3205 divino
2440 3148 2710 3221 quodam
2755 3146 3025 3214 consilio,
3067 3152 3128 3199 ut
3167 3144 3334 3200 clavo
3379 3147 3618 3199 clavum

261 3240 444 3308 νομίας
472 3238 541 3302 ⁸⁷,
574 3240 707 3291 ὥστε
754 3237 861 3309 ἥλῳ
904 3242 990 3289 τὸν
1030 3238 1151 3310 ἧλον
1196 3237 1632 3314 ἀποκρούσασθαι
1668 3260 1679 3271 ·
1714 3261 1862 3316 περι-

2007 3240 2326 3295 xtruderet.
2358 3237 2628 3292 lncidens
2658 3235 2816 3290 enim
2850 3235 2910 3289 in
2954 3234 3387 3289 indifferentem
3422 3248 3621 3289 rerum

270 3328 442 3377 ίπεσεν
493 3328 591 3400 γὰρ
650 3323 1003 3401 ἀδιαφορίαις,
1082 3333 1172 3380 καὶ
1242 3330 1538 3403 θεατρικαῖς
1595 3332 1641 3366 ⁵⁸
1712 3333 1862 3384 ἱππο-

2006 3345 2170 3392 rsum,
2191 3329 2249 3382 in
2277 3326 2524 3382 scenicis
2546 3324 2982 3395 hippodromis,
3016 3327 3070 3378 et
3093 3324 3151 3377 in
3178 3321 3469 3393 cauponis
3499 3337 3622 3375 ver-

278 3407 535 3483 δρομίαις,
585 3419 674 3466 καὶ
720 3416 1012 3477 καπηλείοις
1051 3420 1145 3479 τὰς
1198 3414 1479 3491 διατρτϐἀς
1512 3416 1652 3491 εἶχεν
1684 3422 1753 3476 ⁵9.
1787 3426 1863 3473 τέ-

2005 3418 2244 3473 abatur.
2285 3415 2617 3485 Deniqueet
2645 3413 2703 3467 in
2727 3411 3117 3482 cupiditatem
3152 3409 3620 3466 mulieriositatis

276 3499 364 3562 λος
405 3505 492 3553 καὶ
522 3502 588 3562 εἰς
614 3506 708 3560 τὴν
751 3502 1026 3575 ἐπιθυμίαν
1067 3514 1159 3567 τῆς
1199 3513 1612 3579 γυναικομανίας
1651 3508 1863 3581 ληφθεὶς

2006 3521 2180 3577 ipsus
2210 3521 2398 3577 quum
2415 3501 2797 3558 meditaretur
2820 3515 3086 3571 peccare,
3102 3515 3238 3554 cum
3259 3500 3443 3555 mima
3469 3515 3622 3571 qua-

274 3591 383 3655 καὶ,
413 3590 484 3651 ὡς
520 3592 562 3627 ⁶⁰
589 3590 861 3646 ἐσκέπτετο
891 3593 1216 3666 ἁμαρτήσαι,
1260 3592 1437 3668 μιμάδ
1442 3618 1459 3648 ι
1497 3602 1599 3649 τινὶ
1632 3606 1864 3669 συνεχῶς

2001 3595 2116 3650 lam
2136 3594 2374 3649 assidue
2397 3590 2818 3646 confabulatus
2843 3591 2893 3643 ei
2926 3588 3145 3644 vulnus
3165 3603 3342 3644 suum
3366 3587 3617 3659 aperuit.

270 3678 335 3729 τὰ
384 3681 509 3749 πρὸς
559 3684 617 3732 τὸ
668 3680 809 3743 ἕλκος
853 3681 1013 3734 αὑτοῦ
1081 3680 1335 3756 διελέγετο
1390 3686 1457 3737 ⁸³.
1512 3690 1601 3737 καὶ
1660 3684 1709 3738 ἓν
1763 3694 1865 3747 τοῖς

2006 3690 2166 3755 itque
2216 3697 2406 3754 quum
2458 3679 2558 3737 tali
2608 3678 3039 3734 consuetudine
3080 3682 3363 3742 uteretur,
3411 3679 3622 3732 enatus

268 3770 516 3830 τοιούτοις
546 3771 592 3807 ⁸³
624 3774 732 3823 ὄντι
761 3771 809 3806 ⁸⁸
838 3776 1040 3843 γέγονεν
1072 3772 1213 3843 αὐτῷ
1251 3775 1385 3825 κατά
1416 3794 1531 3826 τινα
1570 3774 1865 3847 οἰκονομίαν

2012 3777 2063 3826 st
2129 3771 2184 3825 ei
2230 3770 2434 3825 divino
2491 3767 2757 3840 quodam
2811 3767 3060 3822 consilio
3112 3764 3514 3823 carbunculus
3563 3765 3625 3820 in

268 3856 465 3930 ἄνθραξ
510 3861 643 3911 κατὰ
689 3867 784 3922 τῆς
836 3859 1092 3932 βαλάνου,
1136 3867 1224 3914 καὶ
1255 3860 1339 3914 ἐπὶ
1381 3862 1434 3926 ἓξ
1461 3871 1631 3935 μῆνας
1676 3872 1867 3917 τοσοῦ-

2009 3859 2216 3925 :lande,
2244 3862 2301 3913 et
2330 3873 2433 3929 per
2453 3873 2555 3912 sex
2573 3871 2809 3911 menses
2838 3854 2990 3910 adeo
3017 3854 3357 3923 aegrotavit,
3381 3859 3441 3909 ut
3465 3870 3625 3909 com-

266 3962 350 3997 τον
395 3947 442 3982 ⁵⁸
472 3947 738 4014 ἐνόσησεν,
785 3951 854 4010 ὡς
891 3952 1262 4010 κατασόιπῆναι
1293 3951 1454 4004 αὐτοῦ
1482 3956 1545 4004 τὰ
1588 3957 1750 4027 μόρια
1778 3958 1867 4005 καὶ

2004 3948 2307 4003 iutruerint
2356 3946 2483 4016 ejus
2523 3943 2709 3999 virilia
2752 3948 2808 3998 et
2846 3958 2955 3998 sua
3002 3948 3216 4012 sponte
3272 3942 3620 3997 deciderint.

269 4032 573 4107 αὐτομάτως
627 4035 925 4091 ἀποπεσεῖν.
987 4038 1202 4113 ὕστερον
1263 4036 1320 4091 δε
1373 4042 1591 4110 ὑγιάνας
1651 4046 1740 4093 καὶ
1799 4042 1867 4102 εἰς

2010 4035 2365 4093 'ostmodum
2401 4049 2539 4089 vero
2568 4048 2759 4104 quum
2790 4030 3192 4086 convaluisset
3220 4035 3275 4085 et
3314 4031 3393 4085 ad
3424 4029 3626 4086 melio-

270 4128 621 4183 συναίσθησιν
670 4125 828 4178 ἐλθὼν
869 4125 1146 4187 ἔπανῆλθεν
1194 4129 1312 4180 ἄνευ
1379 4137 1477 4180 τῶν
1531 4130 1692 4200 μελῶν
1747 4132 1866 4183 τού-

2009 4142 2103 4181 em
2152 4124 2385 4194 frugem
2442 4138 2503 4176 se
2564 4126 2898 4192 recepisset,
2946 4134 3215 4175 reversus
3268 4123 3358 4173 est
3391 4117 3625 4189 absque

267 4230 385 4278 των,
434 4218 527 4266 καὶ
566 4214 634 4275 είς
662 4219 873 4286 μνήμην
923 4222 1016 4277 τῆς
1069 4217 1311 4291 οὐρανίου
1358 4219 1618 4279 πολιτείας
1649 4218 1696 4271 ἓν
1748 4221 1864 4290 θείῳ

2012 4212 2263 4269 nembris
2301 4211 2433 4281 illis,
2487 4214 2541 4266 et
2595 4225 2730 4264 cum
2772 4209 2833 4263 in
2887 4207 3239 4263 memoriam
3288 4210 3628 4263 revocasset

266 4305 562 4372 φρονήματι
595 4308 839 4372 γεγονώς,
890 4308 979 4356 καὶ
1026 4305 1532 4378 ἐξομολογησάμενος
1563 4314 1665 4367 τοῖς
1695 4308 1867 4378 ἁγίοις

2013 4303 2296 4359 oelestem
2323 4298 2857 4362 conversationem,
2886 4301 2951 4351 ut
2971 4310 3041 4352 ea
3072 4294 3314 4351 sentiret
3338 4310 3495 4366 quae
3524 4294 3626 4350 Dei

264 4392 497 4462 πατράσι
558 4391 725 4443 πάντα
784 4394 849 4444 τὰ
906 4392 1277 4465 συμϐεϐηκότα
1351 4394 1513 4466 αὐτῷ,
1590 4395 1865 4471 ἐνεργῆσαι

2014 4398 2135 4458 unt,
2186 4396 2241 4445 et
2292 4388 2602 4444 confessus
2658 4391 2815 4442 esset
2867 4385 3090 4441 sanctis
3130 4385 3420 4456 patribus,
3469 4398 3623 4456 quae

262 4485 323 4550 τῇ
364 4478 605 4552 πολιτείᾳ
650 4484 722 4551 μὴ
774 4483 977 4558 φθάσας
1010 4484 1122 4554 μετ’
1155 4483 1332 4556 ὀλίγας
1384 4486 1581 4559 ἡμέρας
1611 4466 1865 4556 κεκοίμη-

2016 4481 2321 4537 cciderant
2370 4478 2442 4543 ei,
2497 4476 2575 4533 ad
2619 4492 2773 4547 opus
2812 4475 3280 4532 conversationis
3330 4488 3453 4530 non
3503 4489 3628 4529 am-

264 4585 369 4621 ται.
1977 4571 2132 4643 plius
2157 4567 2444 4641 pervenit,
2465 4566 2571 4622 sed
2603 4564 2814 4637 paucis
2842 4569 2977 4637 post
2994 4563 3206 4621 diebus
3237 4562 3624 4620 obdormivit.

1597 4725 1854 4781 VABIAE
1896 4720 2189 4779 LECTION
2197 4720 2295 4775 ES.

335 4869 460 4909 ⁴⁶ο⁴⁷
492 4869 782 4944 Α-πολύς.
823 4872 976 4944 "WA
1024 4873 1065 4927 Β
1097 4875 1330 4927 ἕσθιεν.
1410 4877 1455 4910 ⁴⁹
1488 4878 1565 4930 Ex
1607 4877 1857 4940 coni.,A
1891 4874 2172 4944 ἀπεχοὺς
2212 4870 2305 4941 ἀφ’
2347 4870 2539 4938 ἡμῶν,
2653 4866 2851 4944 ἀγέφξ
2892 4864 3232 4944 ἀτῖιχρὺση
3264 4864 3417 4944 ﬁgi?)
3498 4864 3545 4900 ⁸ο
3574 4864 3617 4944 ἓ

265 4940 777 5027 τεσσαράκο“ντᾳ.
820 4942 864 4977 ⁵1
899 4947 1115 5016 τρίτον
1154 4961 1281 5001 om.
1322 4948 1392 5001 Α.
1453 4948 1500 4981 ⁵³
1532 4936 1815 5007 πεζεύων
1850 4936 2089 5027 0:11.33.
2135 4944 2181 4977 ⁵³
2211 4936 2923 5027 Βχρήσασθαιᾏ⁵⁴ιξτπρ
2950 4936 3620 5027 ὃςίὲπὶῖ-διάνοιανΒ

265 4960 777 5015 τεσσαρακοντα.
820 4960 864 4977 ἠ
899 4962 1115 5016 τριτον
1154 4961 1281 5001 om.
1322 4960 1392 5001 Α.
1453 4960 1500 4981 ³³
1532 4960 1815 5007 πεςευων
1850 4962 1977 5001 om.
2023 4960 2089 4998 ὕ.
2135 4960 2181 4977 ⁰⁰
2214 4960 2249 4995 D
2282 4960 2691 5062 χρησασυαι.
2732 4960 2782 4973 υτ
2819 4960 3014 4999 [ψυος
3054 4960 3616 4990 επι-σιανοιανυ

265 5020 579 5087 τοσοῦτον
620 5007 687 5063 δε
727 5012 1078 5087 ἕσκοτίσθη
1119 5019 1222 5067 τόν
1260 5018 1592 5087 λογισμόν.
1636 5020 1683 5087 δέ
1717 5025 1786 5087 τῇ
1826 5013 2169 5078 κενοδοξία
2218 5014 2493 5087 οἶγε-θὼν
2534 5026 2658 5087 om:
2799 5010 2847 5043 ⁵⁸
2872 5009 2946 5087 E_X
2972 5011 3218 5087 coni.,AA
3245 5007 3616 5087 chius-refer

270 5080 726 5160 σιδηρωθήναι
765 5090 872 5137 καὶ
911 5086 1108 5138 αὐτὸν
1147 5076 1416 5158 μηδε,’Β
1457 5076 1533 5150 ὧς
1562 5076 1961 5160 μηὸεξαύτᾲόν
1993 5076 2161 5155 0nd,).
2222 5085 2282 5160 _57
2330 5085 2441 5137 Pro
2468 5080 3333 5160 κατῆλθεν-οἰκ-ονιομφίαςἎῌ
3361 5086 3434 5151 τῇ
3481 5076 3623 5160 θμείᾳ

272 5150 543 5228 προνοίᾳ
582 5150 1436 5228 οἰκονομήμενοςκατῆλθεν
1477 5150 1569 5221 εἰς¹
1601 5150 2383 5228 Ἀλεξανδρείανξείθϐοΐΐη
2419 5155 2506 5209 ΑΒ
2540 5153 3004 5228 θεατρικοῖς-..βξ³
3030 5150 3621 5228 Αεῖχ-ε-Βέποιεῖτο.

272 5180 543 5227 προνοιᾳ
582 5180 1083 5228 υικονομημσνος
1122 5180 1436 5219 κατηΑυεν
1477 5180 1564 5221 εις
1604 5180 1895 5223 ΑΛεςανσ
1958 5180 2111 5212 ειαν.
2139 5180 2383 5218 ’νυυιτη
2419 5180 2506 5209 AD
2540 5180 3001 5223 vsarpucucg."
3030 5180 3621 5223 Λιιχευυιυιιιιυο

271 5225 441 5281 “nati
482 5230 563 5288 ὡς
597 5242 719 5282 om.
745 5228 807 5283 Β.
831 5228 876 5263 ⁸1
908 5225 1150 5302 μιμάδι
1188 5228 1730 5303 τινὶ-διελέγετο
1756 5180 1974 5289 om.
2006 5231 2116 5285 6’B
2157 5228 2213 5280 ἰν
2246 5228 2523 5286 τούτοις.
2552 5226 2667 5280 ⁶³Α
2693 5227 2867 5281 ὄντα.
2904 5224 2950 5259 ⁶⁴
2970 5226 3153 5291 Corr.,
3179 5223 3269 5279 ΑΒ
3301 5227 3626 5275 τοιοῦτον.
