4092 6252
537 290 639 345 207

1420 286 1521 342 SS.
1568 284 2042 342 MACARIOBUM
2084 283 2417 340 AEGYPTII
2459 281 2545 337 ET
2584 280 3069 337 ALEXANDHINI

2068 601 2177 672 2⁷
2197 602 2239 672 ι
2286 601 2373 656 IV.

1465 738 1565 795 DE
1612 734 1903 796 SANCTO
1948 735 2209 795 MARCO
2254 735 2556 795 ABBATE
2601 734 2962 797 HISTORIA

1718 869 1770 922 E
1810 866 2006 923 codice
2057 866 2484 923 Vindobonensi
2520 866 2696 922 edita.

526 1126 650 1177 Cod.
676 1140 775 1174 ms.
808 1125 968 1175 theol.
1007 1138 1188 1188 graec.
1232 1136 1490 1180 GCLXXIV,
1524 1124 1650 1174 olim
1680 1133 1978 1179 coxxxvn,
2016 1121 2143 1171 Bibl.
2177 1120 2323 1171 Caes.
2352 1120 2655 1170 Vindobon.
2689 1120 3022 1178 chartaceus,
3056 1121 3181 1170 in-b.

528 1358 585 1405 In
608 1357 708 1406 hoc
734 1357 913 1405 codice
926 1357 990 1404 de
1011 1360 1197 1405 sancto
1226 1356 1401 1403 Marco
1418 1354 1609 1403 abbate
1634 1355 1856 1403 historia
1875 1354 2088 1407 haecce,
2110 1367 2135 1400 e
2153 1351 2369 1400 Palladii
2398 1352 2625 1400 Historia
2654 1351 2906 1414 Lausiaca
2928 1350 3233 1414 desumpta,
3254 1354 3305 1399 et
3328 1364 3360 1399 a
3389 1364 3555 1399 manu
3577 1348 3769 1397 recenti
3790 1360 3865 1414 pe-

590 1420 856 1483 gligenter
887 1420 1102 1481 scripta,
1138 1423 1397 1480 tanquam
1434 1417 1690 1480 prologus
1726 1416 1967 1464 asceticis
2002 1414 2159 1462 Marci
2191 1414 2471 1462 cuiusdam
2504 1413 2778 1476 Capitibus
2813 1408 3231 1477 praeﬁgitur'ita
3264 1414 3537 1476 inscriptis
3579 1424 3595 1460 :
3623 1418 3723 1463 Τοῦ
3747 1408 3869 1461 άϐϐᾶ

603 1494 819 1560 Μάρκου
838 1495 1059 1560 περὶτοῦ
1083 1497 1427 1559 πνευματικοῦ
1446 1494 1621 1559 νόμου,
1644 1488 1847 1560 ᾳυᾶογίη
1880 1488 2078 1560 Magna
2104 1485 2225 1560 Bibl.

2275 1486 2512 1560 veterum
2536 1485 2757 1560 Patrum
2788 1486 2946 1560 Paris.
2975 1486 3030 1532 Τ.
3073 1484 3137 1560 xl
3160 1499 3211 1560 p2
3237 1486 3325 1560 888_
3358 1498 3475 1560 sqq.
3510 1496 3703 1560 excusa
3734 1484 3862 1529 sunt.

592 1562 839 1611 Codicem

590 1638 644 1688 p.
680 1626 739 1672 16
774 1628 890 1678 not,
923 1625 953 1671 2
988 1627 1105 1687 etp.
1132 1624 1191 1671 76
1224 1637 1340 1686 sqq.

925 1552 1287 1624 escripserunt
1332 1552 1643 1609 Lambecius
1671 1560 1728 1607 T.
1756 1559 1799 1606 V
1825 1573 1875 1621 p.
1915 1558 2021 1613 194,
2050 1557 2114 1605 de
2138 1556 2313 1605 Nesse]
2347 1557 2409 1608 T.
2444 1556 2461 1603 Ι
2498 1570 2548 1618 p.
2582 1556 2698 1609 379.
2727 1556 2798 1605 De
2839 1556 2937 1605 hac
2963 1557 3134 1604 sancti
3164 1556 3324 1604 Marci
3358 1555 3583 1603 historia
3625 1552 3689 1602 cf.
3722 1564 3867 1614 supra

602 1918 702 1974 Hic
730 1919 1083 1974 immortalis
1123 1925 1177 1973 et
1220 1919 1427 1973 beatus
1469 1919 1719 1981 Marcus,
1747 1932 1938 1988 quum
1967 1916 2169 1986 junior

527 2014 699 2069 esset,
748 2012 915 2061 vetus
966 2012 1021 2060 et
1072 2021 1296 2060 novum
1351 2010 1773 2059 testamentum
1836 2004 2174 2058 memoriter

525 2095 748 2158 didicit,
777 2095 1001 2167 fuitque
1032 2095 1340 2163 insigniter
1376 2094 1532 2147 mitis
1566 2099 1621 2147 et
1653 2093 1910 2147 sobrius.
1943 2092 2021 2145 De
2053 2107 2174 2163 quo

527 2184 815 2238 Macarius
841 2183 1294 2249 Alexandrinus,
1319 2183 1419 2252 qui
1448 2189 1570 2236 erat
1594 2180 1933 2251 presbyter:
1962 2182 2171 2244 Marco,

526 2272 737 2341 inquit,
772 2272 1129 2327 exercitatori
1149 2286 1461 2342 nunquam
1490 2270 1625 2324 dedi
1650 2285 1758 2339 ego
1786 2269 2172 2333 oblationem,

526 2361 630 2415 sed
662 2361 909 2429 angelus
948 2360 999 2414 ei
1036 2360 1221 2415 dabat
1249 2359 1322 2413 de
1364 2359 1533 2413 altari
1577 2376 1844 2423 sumens,
1893 2373 2004 2427 ego
2039 2375 2175 2413 vero

526 2450 719 2505 solum
754 2449 1133 2520 splendorem
1163 2463 1378 2503 manus
1420 2448 1538 2502 vidi
1569 2448 1721 2518 ejus,
1754 2448 1856 2519 qui
1888 2448 2071 2503 dabat
2100 2451 2171 2502 ei.

528 2538 619 2593 Sic
642 2553 900 2606 magnus
917 2542 973 2592 et
996 2536 1346 2592 immortalis
1368 2538 1617 2591 Marcus.
1639 2536 1973 2607 Aliquando
1986 2553 2174 2608 quum

527 2626 760 2680 sederet
785 2626 842 2680 in
870 2626 1009 2681 aula
1040 2625 1219 2681 cellae
1252 2641 1419 2687 suae,
1460 2632 1514 2679 et
1542 2626 1812 2681 animum
1836 2625 1953 2680 Deo
1984 2626 2173 2680 inten-

526 2720 651 2769 tum
684 2714 948 2778 haberet,
979 2716 1216 2785 hyaena
1247 2716 1509 2770 catulum
1541 2731 1786 2770 caecum
1820 2732 1996 2769 suum
2028 2720 2172 2771 attu-

527 2804 613 2867 lit,
645 2819 904 2874 eumque
952 2811 1089 2858 ante
1138 2804 1319 2875 pedes
1359 2805 1546 2859 sancti
1590 2804 1859 2875 projecit.
1896 2805 2079 2869 Quem
2122 2808 2177 2858 et

528 2892 758 2947 sanavit
785 2897 1046 2947 sanctus.
1066 2891 1167 2947 Die
1184 2899 1381 2947 autem
1408 2893 1675 2964 sequenti
1708 2894 1946 2963 hyaena
1959 2892 2173 2962 pellem

527 2999 784 3054 magnae
814 2986 942 3038 ovis
973 2988 1179 3038 sancto
1209 2984 1419 3047 attulit,
1453 3000 1637 3054 quam
1676 2989 1919 3038 sanctus
1948 2986 2173 3039 Marcus

526 3072 761 3143 reliquit
791 3078 998 3129 sancto
1030 3072 1285 3128 Macario
1318 3088 1563 3143 magno,
1591 3080 1645 3127 et
1676 3074 1724 3127 is
1758 3073 1965 3127 beatae
2002 3072 2174 3128 Mela-

526 3162 658 3216 niae
690 3162 931 3216 tradidit
955 3178 1086 3217 eam
1115 3177 1271 3232 quae
1290 3178 1511 3216 munus
1532 3163 1805 3233 hyaenae
1832 3161 2171 3233 appellaba-

525 3255 635 3307 tur.
673 3250 773 3303 Hic
816 3251 1219 3321 quadraginta
1268 3266 1460 3305 annos
1500 3256 1675 3305 natus
1725 3252 2055 3321 baptizatus
2090 3256 2174 3305 est

526 3340 754 3411 probus
786 3340 990 3395 Christi
1024 3354 1253 3395 servus.

2206 1916 2253 1970 Α
2356 1914 2521 1977 Οὗτος
2571 1917 2596 1967 ὁ
2652 1915 2904 1977 ἀθάνατος
2942 1921 3031 1968 καὶ
3068 1919 3326 1988 μακάριος
3375 1918 3595 1989 Μάρκος
3636 1915 3683 1949 ⁸⁵
3715 1917 3872 1964 νεώτε-

2282 2024 2366 2079 ρος
2419 2006 2485 2054 ὧν
2538 2005 2762 2057 παλαιὰν
2820 2010 2909 2057 καὶ
2985 2011 3166 2064 καινὴν
3232 2010 3437 2077 γραφὴν
3514 2004 3870 2067 ἁπεστήθισσν,

2284 2098 2449 2164 πρᾶος
2486 2094 2552 2143 ὠν
2602 2096 2717 2145 καθ’
2770 2093 3057 2168 ὑπερϐολὴν
3111 2100 3198 2146 καὶ
3241 2100 3485 2166 σώφρων,
3537 2098 3655 2167 περὶ
3704 2093 3872 2142 τούτου

2285 2183 2373 2252 ἔφη
2407 2183 2431 2232 ὁ
2473 2186 2561 2252 μὲν
2612 2184 2660 2217 ⁸⁸
2708 2186 2978 2257 Μακάριος
3018 2185 3043 2235 ό
3095 2181 3496 2255 Ἀλεξανδρῖνος
3550 2179 3875 2252 πρεσϐύτερος

2284 2274 2371 2335 ὤν,
2432 2273 2510 2322 ὅτι
2571 2272 2771 2343 Μάρκῳ
2827 2280 2887 2344 τῇ
2962 2274 3175 2342 ἀσκητῷ
3241 2269 3497 2325 οὐδέποτε
3549 2268 3720 2324 ἔδωκα
3785 2266 3871 2336 ἐγὼ

2284 2362 2601 2433 προσφοράν,
2652 2359 2760 2411 ἀλλ’
2827 2362 3043 2431 ἄγγελος
3093 2360 3229 2431 αὐτῷ
3286 2357 3534 2413 ἀπεδίδω
3572 2362 3614 2395 ⁵⁷
3671 2357 3766 2410 ἀπὸ
3795 2361 3876 2406 τοῦ

2286 2449 2665 2521 θυσιαστηρίου
2730 2449 3023 2520 λαμϐάνων,
3101 2453 3253 2520 μόνον
3311 2447 3369 2501 δὲ
3420 2454 3511 2501 τὸν
3564 2443 3874 2522 ἀστράγαλον

2284 2545 2376 2598 τῆς
2427 2541 2605 2611 χιιρὸς
2652 2539 2900 2610 ἐθεώρουν
2958 2537 3056 2609 ἐγὼ
3106 2547 3197 2590 τοῦ
3238 2534 3596 2600 ἐπιδιδόντος,
3653 2535 3808 2594 οὕτως
3853 2532 3874 2582 ὁ

2285 2629 2448 2697 μέγας
2486 2632 2574 2678 καὶ
2608 2625 2860 2687 ἀθάνατος
2910 2629 3141 2698 Μάρκος.
3187 2631 3308 2679 ποτὲ
3345 2629 3700 2698 καθεζομένου
3727 2626 3773 2675 ἓν
3810 2628 3866 2691 τῇ

2286 2713 2413 2787 αὐλῇ
2456 2722 2551 2775 τῆς
2593 2716 2769 2775 κέλλης
2808 2719 2969 2768 αὑτοῦ
3009 2722 3098 2768 καὶ
3150 2726 3223 2787 τῷ
3263 2724 3377 2786 Θεῷ
3416 2714 3875 2791 προσομιλοῦντος,

2285 2803 2438 2855 ὕαινοι
2475 2807 2561 2855 τὸν
2619 2806 2665 2840 ⁸⁸
2712 2804 2891 2865 ἕαυτῆς
2932 2808 3155 2876 σκύμνον
3193 2806 3379 2879 τυφλὸν
3401 2809 3530 2859 ὅντα
3570 2810 3766 2875 ἤνεγκε,
3797 2801 3877 2850 καὶ

2282 2892 2452 2966 ῥίπτει
2483 2892 2637 2945 αὐτὸν
2677 2893 2743 2953 εἰς
2780 2897 2894 2954 τοὺς
2941 2890 3105 2954 πόδας
3147 2903 3236 2947 τοῦ
3275 2895 3448 2966 ἁγίου,
3486 2896 3540 2947 ὃν
3584 2898 3672 2945 καὶ
3719 2888 3877 2962 ἐθερά-

2284 2999 2469 3032 πευσεν
2517 2983 2563 3017 ⁶⁹
2605 2983 2629 3033 ὁ
2678 2981 2846 3053 ἅγιος,
2890 2991 2950 3054 τῇ
3006 2983 3118 3046 ἑξῆς
3168 2986 3337 3058 ἡμέρᾳ
3386 2982 3585 3037 κώδιον
3625 2978 3874 3055 προϐάτου

2285 3070 2511 3142 μεγάλου
2561 3070 2693 3141 ἁγίῳ
2752 3075 2951 3142 ἤνεγκε,
3014 3074 3133 3143 ὅπερ
3190 3075 3214 3123 ὁ
3272 3072 3417 3142 ἅγιος
3470 3076 3683 3145 Μάρκος
3732 3084 3878 3120 κοιτα-

2284 3158 2482 3212 λέλοιπε
2529 3167 2601 3228 τῷ
2656 3159 2788 3231 ἁγίῳ
2820 3166 3074 3234 Μακαρίῳ
3126 3169 3196 3231 τῷ
3236 3161 3467 3233 μεγάλῳ,
3503 3168 3592 3214 καὶ
3631 3159 3778 3215 οὗτος
3818 3160 3869 3224 τῇ

2208 3288 2251 3343 Β
2286 3254 2519 3321 μακαρίᾳ
2582 3249 2781 3322 Μελάνῃ
2843 3249 3034 3321 ἀφῆκεν
3081 3253 3139 3301 τὸ
3188 3250 3345 3313 ξένιον
3403 3260 3503 3313 τῆς
3549 3253 3727 3308 ὑαίνης
3780 3242 3874 3295 ἔπι-

2286 3338 2573 3410 λιγόμινον.
2654 3338 2800 3399 οὗτος
2877 3342 3268 3412 τεσσαράκοντα
3315 3342 3438 3391 ἑτῶν
3520 3329 3874 3393 ἑϐαπτίσθηδ

2284 3432 2496 3497 γνήσιος
2535 3424 2721 3489 δοῦλος
2747 3434 2838 3479 τοῦ
2867 3435 3120 3500 Χριστοῦ.

1838 3551 2094 3606 VABIAE
2136 3551 2538 3608 LECTIONES.

599 3673 646 3746 οξ
676 3673 930 3746 Nomina
977 3674 1220 3746 propria
1249 3674 1307 3730 in
1339 3674 1543 3729 codice
1573 3674 1753 3729 literis
1786 3676 1985 3745 parvis
2006 3676 2365 3731 scribuntur.

528 3740 746 3799 δίδον.
784 3746 829 3781 ⁸⁸
854 3740 1040 3811 Cori,
1083 3740 1220 3802 (30d.
1264 3750 1359 3804 τό.
1445 3748 1491 3782 ⁸⁸
1520 3746 1663 3803 Cod.
1695 3740 1996 3820 θεροὶπιυσι.

2463 3677 2511 3711 ⁶⁶
2539 3676 2682 3733 Cod.
2717 3682 2818 3731 aut
2848 3680 2961 3748 μὲν
3002 3683 3102 3734 aut
3131 3678 3401 3749 μέγ(ας),
3490 3681 3533 3715 ⁸⁷
3570 3675 3710 3733 Cod.
3745 3670 3875 3723 ἁπι-

528 3868 3865 3896 W

1553 4152 1653 4210 DE
1699 4150 1995 4212 SANCTO
2039 4151 2382 4211 MACARIO
2428 4151 2841 4213 HISTORIAE

1694 4314 1749 4367 E
1788 4311 1984 4368 codice
2030 4309 2465 4366 Vindobonensi
2503 4311 2715 4368 editae.

524 4556 651 4608 Cod.
677 4571 777 4607 ms.
810 4557 934 4606 hist.
959 4571 1131 4620 graec.
1157 4558 1242 4615 IX,
1279 4559 1407 4609 olim
1435 4559 1586 4618 XLII,
1609 4558 1741 4612 Bibl.
1781 4560 1929 4610 Caes.
1955 4558 2255 4609 Vindobon.
2280 4559 2514 4609 chartae.
2547 4562 2802 4625 antiquus
2840 4561 3011 4612 in-fol.

524 4786 583 4835 In
615 4785 715 4834 hoc
746 4786 927 4837 codice
953 4786 1039 4850 [οἲ.
1067 4788 1402 4857 Lambec._'l‘.
1423 4790 1833 4857 VlIl_p.A84(_),d‘e
1855 4790 2040 4839 Nessel
2066 4791 2121 4839 T.
2145 4791 2188 4835 V
2216 4805 2267 4853 p.
2295 4791 2372 4853 31]
2396 4792 2746 4857 appendicem
2770 4793 2835 4841 ad
2875 4792 3339 4857 ApOphthegmata
3370 4808 3398 4841 a
3430 4791 3688 4843 Cotelerio
3716 4779 3867 4857 adiit}.

585 4862 745 4911 quam
772 4864 967 4913 eorum
996 4851 1383 4913 compilatorin

584 4912 736 4960 cuius
763 4912 852 4960 fol.
887 4914 963 4967 8t),
1002 4914 1204 4969 1-115,
1235 4916 1263 4961 2
1292 4915 1356 4963 de
1389 4912 1605 4963 senibus
1642 4916 1943 4970 anonymis,
1983 4915 2172 4964 deinde

587 4930 736 4960 cuius
763 4930 852 4960 lOl.
887 4930 963 4967 δυ,
1002 4930 1204 4969 ι-Ηθ,
1235 4930 1263 4961 z
1292 4930 1356 4963 ae
1389 4930 1605 4963 senibus
1642 4930 1780 4963 anon

587 4978 729 5032 sunt,
765 4979 1029 5031 narratur,
1059 4979 1164 5024 tres
1194 4976 1258 5025 de
1285 4978 1510 5026 Macario
1528 4930 1825 5026 historiasli

586 5036 654 5087 ad
680 5036 842 5085 ﬁnem
868 5051 1038 5101 usque
1069 5039 1379 5102 appendicis
1413 5040 1625 5103 legitur.

1416 4854 1759 4917 praefationis
1794 4853 1897 4917 fine
1927 4859 2201 4917 memorat,
2230 4853 2489 4917 contineri
2518 4868 2679 4917 supra

2708 4870 2754 4917 p.
2785 4858 2842 4902 36
2871 4842 3269 4905 docuimusi’ln
3304 4842 3366 4905 ea
3384 4842 3547 4918 igitur
3566 4842 3867 4918 αρρωιιᾴξςξδ;

2204 4930 2373 4978 usque
2407 4916 2471 4964 ad
2510 4904 2600 4964 fol:
2636 4904 2740 4972 163;.
2768 4920 2783 4965 1
2812 4919 2890 4981 ide
2922 4920 3159 4981 senibus.
3188 4904 3667 4981 quoruuiJnomina‘

1831 4961 1950 5027 is...
1976 4961 2627 5041 p‘55ieaaag',‘.iua}u‘au
2638 4961 3629 5037 ἱιέἱὲοάἶὲίεῖῐόιζἾὶἑ,Ίαῖῐεέτῖἶὶοῖἶὶῖῑῐζ
3650 4976 3693 5027 1,
3722 4961 3866 5017 tertia

589 5385 737 5442 Dixit
766 5385 1053 5443 Macarius
1084 5386 1275 5442 abbas
1313 5404 1325 5441 :
1369 5386 1519 5452 Quid
1562 5387 1793 5441 iudicas
1826 5387 2165 5443 interfecto-

519 5492 610 5532 res
638 5480 693 5531 et
720 5474 1020 5531 adulteres
1048 5480 1103 5530 et
1144 5475 1590 5546 sepulchrorum
1622 5475 1998 5544 depilatores,
2033 5483 2089 5530 et
2118 5479 2165 5529 si

520 5566 655 5635 quis
670 5565 818 5619 alius
849 5564 1148 5619 eiusmodi
1172 5564 1316 5634 legis
1343 5563 1632 5618 violator?
1661 5565 2161 5619 Habentiudicem

524 5669 727 5708 suum.
750 5655 1185 5725 lmmoinquire
1208 5669 1328 5709 non
1359 5652 1535 5708 modo
1558 5653 1615 5707 in
1651 5652 1843 5709 aliena
1876 5655 2159 5721 facinora,

2202 5308 2244 5363 C
3054 5304 3104 5355 1.

2348 5385 2497 5441 Εἶπεν
2544 5391 2569 5440 ὁ
2637 5387 2800 5452 ὰϐϐᾶς
2842 5394 3113 5464 Μακάριος
3146 5407 3158 5417 ⁸
3199 5397 3249 5442 τί
3311 5398 3503 5464 κρίνεις
3553 5391 3663 5444 τοὺς
3708 5373 3861 5448 φονεῖς

2276 5482 2363 5528 καὶ
2416 5482 2642 5548 μοιχοὺς
2690 5484 2779 5531 καὶ
2832 5479 3215 5552 τυμϐωρύχους
3264 5486 3353 5533 καὶ
3410 5484 3453 5533 εἶ
3515 5495 3627 5533 τινα
3677 5464 3861 5552 δήποξί

2276 5574 2372 5616 τῶν
2415 5572 2722 5640 παρανόμων
2757 5585 2770 5633 ;
2802 5571 3020 5639 ἔχουσιν
3074 5566 3215 5621 ἴδιον
3270 5568 3549 5627 δικαστήν.
3594 5555 3776 5637 μᾶλλον
3806 5539 3858 5643 δέ

2275 5660 2344 5727 μὴ
2388 5666 2679 5727 μονοιιεοώς
2742 5658 2947 5724 ἐξέταζε
2998 5662 3063 5711 τὰ
3119 5662 3425 5734 πράγματα,
3487 5657 3622 5710 ἀλλὰ
3674 5645 3758 5699 καὶ
3806 5646 3869 5687 τα
