4092 6252
253 326 360 382 209

1832 316 2045 375 ACTA.

3505 322 3611 379 210

248 448 477 505 ’σεαυτοῦ
518 454 824 521 πταίσματα
863 445 1027 499 πολλά
1076 448 1422 518 προγενόμενα
1450 443 1509 507 τυ,
1566 446 1651 495 καὶ
1689 443 1835 515 εὑρή-

1958 444 2064 500 sed
2096 446 2274 501 etiam
2306 446 2365 501 in
2396 445 2610 503 delicta
2641 450 2745 503 tua
2784 463 2962 520 saepe
2989 449 3441 520 praemeditata,
3473 455 3526 504 et
3558 454 3611 506 te

265 560 362 601 σεις
400 542 442 577 τί
495 542 706 591 σεαυτὸν
764 536 965 589 ἐκείνων
1013 534 1259 594 πολλάκις
1307 537 1542 605 χείρονα.
1594 536 1684 584 καὶ
1741 534 1843 604 γὰρ

260 634 320 682 σύ
344 629 584 689 πολλάκις
626 623 760 689 εἶδες
784 625 1091 684 ἀκολάστοις
1124 622 1409 695 ὀφθαλμοῖς
1435 639 1447 650 ·
1480 628 1633 673 τοῦτο
1661 617 1719 673 δι
1757 626 1847 673 καὶ

253 718 401 780 αὐτὸς
436 714 583 778 οἶδας
630 717 711 768 ὅτι
748 720 969 787 μοιχεία
1012 712 1371 787 ἀπαρτισμένη
1419 713 1576 762 ἱστίν.
1610 714 1698 762 καὶ
1727 709 1848 762 πολ-

247 807 387 869 λάκις
428 803 771 877 ἑλοιδόρησας
810 807 896 856 τὸν
939 800 1159 874 ἀδελφόν
1194 819 1287 853 σου
1310 816 1323 829 ·
1356 800 1449 851 οὐκ
1501 798 1721 870 ἀγνοεῖς,
1768 800 1848 850 ὅτι

243 902 329 949 καὶ
386 902 506 969 περὶ
557 899 744 948 τούτου
802 896 828 946 ό
877 896 1057 967 κύριος
1121 890 1433 964 ἀπεφήνατο,
1477 891 1558 941 ὅτι
1610 892 1635 941 ὁ
1694 889 1846 941 εἰπὼν

238 989 324 1038 τόν
358 982 583 1058 ἀδελφόν
616 986 776 1037 αὑτοῦ
830 987 1014 1055 μωρέ,
1047 983 1230 1053 ἔνοχός
1269 982 1383 1032 ἐστι
1414 979 1480 1039 εἰς
1530 983 1617 1037 τὴν
1646 982 1845 1050 γέενναν

238 1083 329 1127 τοῦ
380 1081 564 1145 πυρός.
620 1078 678 1125 τό
732 1070 790 1125 δὲ
841 1073 1046 1123 πάντων
1100 1065 1532 1143 φρικωδέστερον,
1585 1072 1709 1129 ἴσως
1758 1068 1843 1119 ἀν-

239 1163 391 1226 αξίως
447 1167 726 1235 προσέρχῃ
795 1168 903 1223 τοῖς
958 1160 1125 1230 ἁγίοις
1182 1163 1271 1210 καὶ
1330 1156 1617 1231 ἀχράντοις
1684 1157 1845 1209 αὐτοῦ

239 1258 567 1326 μυστηρίοις,
610 1256 700 1303 καὶ
740 1253 924 1322 ἔνοχος
950 1253 1064 1322 γίνῃ
1110 1254 1203 1300 τοῦ
1236 1253 1477 1318 σώματος
1516 1252 1605 1298 καὶ
1644 1254 1734 1298 τοῦ
1766 1247 1845 1298 αἶ-

240 1361 402 1412 ματος
453 1349 546 1393 τοῦ
590 1347 853 1413 Χριστοῦ.
906 1344 997 1389 καὶ
1037 1338 1088 1389 ὃν
1137 1340 1228 1409 μεν
1278 1341 1489 1410 κρίνεις,
1547 1337 1843 1409 εὑρίσκεται

238 1430 313 1481 ὅτι
363 1428 517 1500 ψιλόν
569 1431 843 1501 ἄνθρωπον
881 1430 1138 1498 ἐφόνευσε,
1192 1430 1257 1477 σὺ
1309 1422 1368 1477 δὲ
1416 1426 1643 1496 εὑρίσκει
1688 1424 1842 1475 αὐτόν

232 1512 322 1583 τὸν
406 1521 643 1590 Χριστὸν
711 1520 952 1588 φονεύων,
1025 1520 1115 1566 καὶ
1192 1523 1280 1574 τῆς
1357 1512 1550 1566 ἐκείνου
1635 1521 1842 1585 σφαγῆς

233 1606 551 1669 ὑπεύθυνος,
600 1609 662 1666 ὡς
711 1604 925 1667 ἀναξίως
985 1608 1219 1675 μετέχων
1276 1609 1368 1654 τοῦ
1419 1600 1687 1674 ἀχράντον
1743 1607 1840 1653 σώο

233 1715 396 1767 ματος
420 1699 514 1746 καὶ
543 1701 635 1746 τοῦ
666 1695 881 1765 αἳματος
913 1710 924 1721 ·
956 1695 981 1745 ὀ
1011 1695 1112 1765 γὰρ
1158 1691 1393 1756 ἀναξίως,
1428 1696 1607 1763 φησὶν,
1653 1692 1840 1743 ἐσθίων

1958 534 2157 606 ipsum
2182 550 2618 607 saepenumero
2646 537 2911 592 invenies
2934 538 3046 594 illis
3072 540 3357 609 peiorem.
3384 541 3530 593 Nam
3551 544 3610 593 tu

1956 638 2195 696 quoque
2219 624 2462 680 lascivis
2486 625 2673 681 oculis
2700 642 2820 681 non
2848 642 2985 682 raro
3012 626 3525 698 circumspexisti;
3552 626 3612 681 id

1956 713 2138 784 quod,
2200 720 2263 769 ut
2301 714 2426 784 ipse
2479 715 2612 781 scis,
2659 731 2866 771 verum
2922 716 3041 771 iam
3090 720 3178 770 est
3227 715 3611 770 adulterium.

1960 803 2145 874 Saepe
2173 803 2352 858 etiam
2386 802 2548 859 fratri
2582 810 2684 858 tuo
2714 804 3091 869 maledixisti,
3124 820 3319 875 neque
3346 806 3609 874 ignoras,

1957 891 2067 946 hac
2098 891 2173 946 de
2195 908 2256 947 re
2290 895 2606 948 Dominum
2635 893 2955 957 revelasse,
2986 894 3285 949 dicentem
3307 909 3611 965 quemque

1958 980 2032 1035 ad
2065 980 2305 1037 fratrem
2355 998 2531 1037 suum
2563 1003 2592 1032 «
2645 981 2803 1037 fatue
2852 1004 2881 1033 »
2921 999 3089 1038 reum
3139 999 3269 1038 esse
3301 983 3613 1051 gehennae

1956 1070 2129 1139 ignis.
2163 1076 2370 1141 Atque,
2410 1071 2573 1142 quod
2603 1072 2876 1127 omnium
2910 1074 3349 1127 atrocissimum
3381 1077 3487 1137 est,
3520 1072 3611 1127 vel

1954 1159 2233 1225 indignus
2284 1158 2529 1215 fortasse
2590 1160 2662 1215 ad
2715 1167 2920 1216 sancta
2975 1166 3031 1216 et
3082 1162 3430 1216 intemerata
3485 1161 3610 1216 eius

1957 1248 2238 1320 mysteria
2268 1250 2527 1315 accedis,
2562 1250 2641 1305 ita
2673 1256 2736 1304 ut
2765 1266 2903 1306 reus
2934 1250 3045 1306 ﬁas
3084 1250 3356 1321 corporis
3385 1256 3441 1305 et
3479 1265 3611 1306 san-

1954 1338 2150 1408 guinis
2196 1337 2425 1393 Christi.
2479 1338 2573 1393 Ille
2606 1339 2799 1408 igitur,
2852 1355 3032 1411 quem
3078 1340 3330 1400 iudicas.
3375 1354 3606 1394 merum

1952 1424 2258 1481 hominem
2290 1426 2580 1481 occidisse
2606 1426 3109 1498 deprehenditur;
3144 1433 3207 1482 tu
3237 1443 3376 1482 vero
3403 1428 3609 1498 depre—

1950 1513 2229 1569 henderis
2257 1515 2553 1570 Christum
2586 1516 2783 1586 ipsum
2815 1516 3096 1571 occidens
3132 1519 3456 1587 mortisque
3484 1516 3610 1570 eius

1948 1618 2106 1668 reus,
2129 1619 2319 1676 quum
2340 1604 2624 1672 indignus
2646 1605 2820 1676 273
2842 1605 3160 1677 participes
3192 1607 3608 1661 intemeratum

1952 1707 2171 1763 corpus
2183 1698 2240 1748 et
2260 1693 2635 1763 sanguinem.
2651 1694 2819 1764 Legis
2836 1695 2994 1749 enim
3015 1693 3159 1761 :Qui
3176 1694 3419 1764 indigne
3442 1708 3611 1749 man-

229 1788 323 1837 καὶ
358 1789 523 1836 πίνων
568 1786 752 1855 ἔνοχός
801 1782 911 1834 ἰστι
947 1789 1039 1834 τοῦ
1095 1786 1333 1852 σώματος
1361 1784 1451 1831 καὶ
1498 1786 1591 1831 τοῦ
1623 1780 1835 1851 αἵματος

1952 1780 2132 1837 ducat
2158 1786 2213 1837 et
2242 1781 2409 1846 bibit,
2442 1798 2579 1837 reus
2604 1788 2695 1837 est
2721 1783 2988 1855 corporis
3019 1789 3075 1838 et
3105 1782 3415 1853 sanguinis
3449 1782 3609 1838 Chri-

228 1880 323 1926 τοῦ
383 1880 647 1946 Χριστοῦ,
714 1876 804 1924 καὶ
866 1878 1031 1946 κρῖμα
1084 1869 1250 1940 ἑαυτῷ
1331 1868 1493 1921 ἐσθίει
1542 1874 1627 1920 καὶ
1684 1874 1837 1922 πίνει.

228 1962 370 2013 τοῦτ’
426 1965 571 2014 ἔστιν
601 1979 612 1990 ·
657 1963 831 2033 ὥσπερ
877 1960 1057 2012 έκεῖνοι
1098 1961 1147 2011 οἱ
1198 1955 1452 2012 Ἰουδαῖοι
1486 1960 1716 2030 ἔτρωσαν
1747 1959 1842 2010 αὐ-

223 2055 329 2117 τόν,
381 2051 521 2103 οὕτω
585 2054 673 2102 καὶ
720 2053 769 2102 οἱ
822 2049 1044 2112 ἀναξίως
1096 2053 1403 2121 μετέχοντες
1454 2055 1545 2099 τοῦ
1605 2054 1841 2119 σώματος

229 2145 317 2192 καὶ
352 2148 447 2192 τοῦ
482 2140 712 2211 αἵματος
744 2139 904 2191 αὐτοῦ
942 2142 1000 2190 τὸ
1033 2138 1159 2189 αὐτὸ
1192 2145 1454 2190 ποιοῦσιν.
1506 2141 1595 2188 καὶ
1626 2137 1745 2208 μάλ’
1775 2138 1840 2190 εὶ-

224 2234 410 2294 κότως,
446 2230 533 2282 ὅτι
580 2226 870 2302 διαρρήξας
929 2229 1198 2300 πορφύραν
1251 2224 1536 2297 βασιλικὴν
1579 2230 1667 2278 καὶ
1699 2228 1723 2277 ὁ
1752 2226 1841 2300 ῥυ-

223 2324 406 2380 πώσας
462 2318 633 2374 αὐτὴν
686 2321 773 2368 τόν
822 2316 975 2367 αὐτόν
1018 2317 1235 2367 θάνατον
1283 2316 1652 2386 ὑπομένουσιν.
1703 2317 1839 2369 ὥστε

223 2404 309 2459 οὖν
372 2412 465 2459 καὶ
525 2409 576 2458 οἱ
628 2411 1001 2477 κατατεμόντες
1054 2408 1108 2456 τό
1164 2412 1317 2474 σῶμα
1365 2403 1527 2456 αὐτοῦ
1580 2408 1696 2455 τότε
1751 2409 1839 2457 καὶ

222 2499 268 2548 οἱ
314 2504 403 2547 νῦν
452 2496 741 2569 ῥυποῦντες
787 2493 912 2544 αὐτὸ
965 2491 1012 2544 ἓν
1067 2492 1343 2565 ἀκαθάρτῳ
1382 2492 1536 2563 ψυχῇ
1579 2491 1839 2563 μεταλαμ-

222 2583 458 2645 ϐάνοντες
531 2582 662 2634 αὐτὸ
712 2587 804 2640 τὴν
876 2580 1038 2639 αὐτὴν
1096 2588 1201 2641 τοῖς
1257 2587 1628 2652 στανρὼσασιν
1685 2583 1839 2633 αὐτόν

217 2679 304 2725 καὶ
358 2675 762 2731 ὑποστήσονται
837 2666 1014 2734 δίκην,
1075 2672 1206 2722 κατὰ
1261 2674 1354 2728 τὴν
1408 2677 1501 2722 τοῦ
1549 2668 1837 2723 ἀποστόλου

222 2761 512 2834 ἀπόφασιν.

1011 2852 1043 2902 2

296 2940 473 3012 Ἐλεγε
519 2941 546 2991 ὁ
594 2937 760 2999 ἀϐϐᾶς
801 2940 1093 3009 Μακάριος,
1137 2938 1210 2989 ὅτι
1258 2938 1339 2989 ὅτε
1385 2940 1525 3009 ἤμην
1578 2943 1833 3011 νεώτερος,

229 3026 524 3089 ἀκηδιάσας
579 3028 627 3080 ἓν
678 3036 753 3098 τῷ
806 3026 987 3098 κελλίῳ
1042 3026 1255 3089 ἔξῆλθον
1295 3026 1365 3088 εἰς
1394 3030 1488 3084 τὴν
1520 3028 1728 3101 ἔρημον,
1760 3027 1835 3079 λέ-

230 3138 333 3188 γων
380 3126 453 3188 τῷ
500 3117 737 3189 λογισμῷ
790 3135 911 3187 μου,
964 3116 1042 3167 ὅτι
1162 3112 1222 3165 ἂν
1264 3113 1587 3187 ἀπαντήσῃς,
1642 3114 1833 3188 ἕρώτη-
1868 3144 1909 3199 C

235 3224 326 3277 σον
359 3206 512 3257 αὐτόν
560 3207 721 3277 χάριν
767 3204 1029 3276 ὠφελείας.
1060 3207 1149 3255 καὶ
1204 3202 1348 3264 εὖρον
1379 3200 1593 3255 παιδίον
1636 3202 1832 3276 βόσκον

240 3292 365 3364 βοῦς
391 3296 465 3359 τ’,
506 3300 592 3345 καὶ
631 3294 759 3364 λέγω
792 3293 931 3363 αὐτῷ
964 3310 976 3321 ³
1003 3296 1054 3344 τί
1086 3296 1316 3357 ποιήσω,
1347 3289 1584 3357 παιδίον,
1613 3294 1693 3344 ὃτι
1720 3313 1831 3345 πεις-

239 3388 308 3431 νῶ
339 3398 352 3447 ;
389 3382 525 3450 λέγει
576 3401 697 3453 μοι·
748 3387 835 3433 καὶ
882 3383 1027 3454 φάγε.
1080 3380 1235 3432 πάλιν
1293 3376 1455 3448 εἶπον,
1510 3382 1591 3432 ὅτι
1621 3384 1827 3453 ἔφαγον,

249 3473 337 3519 καὶ
380 3468 530 3521 πάλιν
584 3478 757 3523 πεινῶ.
805 3469 956 3521 πάλιν
1006 3469 1143 3541 λέγει
1190 3488 1280 3541 μοι
1311 3486 1321 3497 ·
1356 3472 1444 3521 καὶ
1480 3469 1634 3521 πάλιν
1666 3472 1821 3543 φάγε,

242 3563 329 3608 καὶ
385 3557 534 3610 πάλιν
583 3556 739 3625 εἷπον,
800 3560 878 3611 ὅτι
952 3558 1195 3619 πολλάκις
1256 3559 1462 3630 ἔφαγον,
1533 3564 1623 3611 καὶ
1674 3561 1828 3614 πάλιν

237 3655 407 3701 πεινῶ.
438 3652 550 3700 τότε
578 3646 711 3719 λέγει
760 3667 851 3719 μοι
880 3667 891 3679 ·
932 3649 1078 3719 τάχα
1126 3650 1235 3708 ὄνος
1282 3648 1343 3716 εἰ,
1393 3646 1550 3713 ἀϐϐᾶ,
1597 3650 1675 3701 ὅτι
1706 3650 1829 3702 πάν-

232 3754 343 3788 τοτε
373 3742 586 3810 τρώγειν
620 3736 794 3799 θέλεις.
836 3741 925 3789 καὶ
956 3735 1231 3808 ὠφεληθεὶς
1272 3734 1608 3807 ἀνεχώρησα.

1952 1871 2024 1925 sti
2059 1876 2115 1925 et
2154 1870 2439 1925 iudicium
2480 1871 2593 1926 sibi
2632 1871 2957 1927 manducat
2984 1878 3039 1927 et
3078 1872 3227 1927 bibit
3259 1889 3273 1937 ;
3321 1871 3434 1927 hoc
3473 1877 3561 1927 est
3594 1893 3606 1924 :

1954 1960 2110 2015 Sicut
2162 1959 2361 2015 Iudaei
2406 1959 2485 2015 illi
2537 1961 2883 2016 occiderunt
2939 1977 3099 2025 eum,
3148 1960 3229 2015 ita
3283 1966 3337 2015 et
3388 1960 3445 2025 ii,
3504 1960 3607 2031 qui

1952 2048 2179 2118 indigni
2230 2065 2447 2119 corpus
2489 2055 2544 2104 et
2570 2050 2926 2121 sanguinem
2972 2049 3102 2104 eius
3135 2053 3400 2114 sumunt,
3450 2048 3604 2103 idem

1950 2138 2193 2193 faciunt.
2226 2138 2375 2192 Nam
2407 2139 2905 2194 verisimillimum
2939 2143 3043 2201 est,
3073 2144 3129 2193 et
3154 2155 3314 2203 eum,
3343 2138 3446 2209 qui
3471 2152 3607 2208 pur-

1951 2242 2159 2296 puram
2201 2228 2428 2294 regiam
2461 2228 2712 2293 scindat,
2754 2233 2809 2282 et
2838 2229 2943 2298 qui
2980 2243 3113 2282 eam
3156 2227 3432 2291 maculet,
3468 2241 3610 2281 ean-

1949 2315 2087 2370 dem
2128 2321 2379 2371 mortem
2430 2317 2572 2387 pati.
2628 2316 2793 2371 Unde
2833 2322 2891 2371 et
2926 2316 3028 2387 qui
3070 2332 3289 2386 corpus
3333 2318 3459 2370 eius
3507 2315 3608 2371 ali-

1948 2405 2191 2474 quando
2223 2404 2619 2475 perforarunt,
2663 2410 2713 2459 et
2746 2404 2849 2475 qui
2881 2420 3040 2459 nunc
3082 2404 3398 2475 inquinant
3436 2402 3605 2467 illud,

1948 2493 2173 2564 quippe
2223 2493 2461 2563 impura
2501 2494 2698 2564 ipsum
2747 2498 2943 2548 mente
2991 2492 3402 2563 percipientes,
3445 2492 3605 2547 idem

1950 2597 2085 2635 cum
2132 2581 2615 2650 cruciﬁgentibus
2664 2582 2957 2638 Christum
3015 2582 3302 2637 iudicium
3346 2596 3418 2636 ex
3468 2596 3608 2651 apo-

1952 2670 2085 2725 stoli
2118 2672 2316 2725 verbis
2341 2671 2651 2726 subibunt.

2751 2853 2802 2903 2.

2017 2936 2175 2992 Alias
2224 2936 2530 2992 confessus
2584 2942 2670 2991 est
2722 2936 3010 2991 Macarius
3070 2935 3263 2991 abbas
3324 2951 3338 2991 :
3408 2937 3603 3002 Quum

1941 3024 2141 3096 junior
2182 3040 2376 3080 essem
2419 3025 2695 3097 curisque
2743 3026 2801 3079 in
2847 3024 2991 3079 cella
3037 3040 3336 3091 vacarem,
3380 3025 3437 3079 in
3482 3040 3605 3080 ere-

1950 3131 2115 3169 mum
2154 3113 2450 3184 profectus
2478 3129 2714 3169 mecum
2746 3120 3034 3184 reputans
3068 3113 3187 3167 dixi
3223 3130 3235 3167 :
3268 3113 3367 3167 Cui
3401 3128 3607 3169 occur-

1944 3202 2047 3268 ris,
2076 3218 2219 3258 eum
2252 3203 2552 3273 interroga
2591 3218 2699 3273 pro
2742 3201 2984 3257 utilitate
3012 3207 3133 3257 tua.
3165 3206 3354 3273 Atque
3390 3217 3605 3272 pueru-

1943 3293 2068 3348 lum
2105 3293 2303 3347 inveni
2337 3293 2514 3347 boves
2552 3296 2917 3363 pascentem,
2947 3290 3042 3347 cui
3073 3310 3085 3349 :
3122 3290 3295 3356 Quid,
3329 3292 3603 3363 inquam,

1942 3381 2180 3443 faciam,
2213 3381 2479 3452 puerule,
2527 3381 2669 3452 quia
2700 3380 2944 3435 esurio?
2982 3380 3034 3433 Is
3078 3379 3222 3434 mihi
3256 3398 3268 3434 :
3319 3380 3603 3446 Comede,

1942 3471 2151 3541 inquit,
2204 3470 2468 3525 tandem.
2515 3472 2660 3525 Tum
2713 3484 2873 3538 ego:
2917 3468 3180 3533 Comedi,
3237 3469 3339 3523 sed
3391 3468 3604 3525 iterum

1941 3559 2160 3616 esurio.
2209 3562 2288 3613 Ac
2331 3574 2542 3614 rursus
2582 3558 2727 3614 mihi
2774 3558 2920 3613 dixit
2966 3574 2981 3611 :
3034 3560 3187 3626 Ergo
3241 3557 3456 3613 iterum
3510 3572 3603 3613 co-

1942 3648 2134 3705 mede.
2181 3648 2457 3704 Similiter
2496 3654 2550 3702 et
2585 3664 2693 3717 ego
2737 3664 2748 3701 :
2793 3649 3261 3717 Saepenumero,
3322 3647 3596 3718 inquam,

1943 3736 2198 3802 comedi,
2232 3736 2555 3808 denuoque
2578 3751 2813 3807 semper
2839 3737 3059 3791 esurio.
3092 3736 3176 3789 Ad
3204 3735 3351 3791 haec
3383 3735 3477 3790 ille
3508 3751 3601 3791 re-

232 3825 509 3897 spondit:
542 3827 673 3881 Non
715 3824 969 3880 multum
1001 3824 1191 3890 abest,
1228 3829 1288 3880 ut
1316 3825 1525 3880 asinus
1554 3826 1654 3893 sis,
1692 3827 1872 3895 abba,
1907 3827 2134 3900 quippe
2164 3826 2267 3897 qui
2299 3840 2536 3896 semper
2565 3826 2722 3880 vesci
2753 3824 2917 3882 velis.
2955 3829 3158 3896 Itaque
3192 3830 3405 3880 nactus
3444 3824 3607 3879 utili-

229 3916 403 3970 tatem
437 3914 706 3970 discessi.

296 4092 459 4165 Γέρων
491 4110 574 4153 τις
605 4085 640 4143 δ
646 4094 909 4161 ιηγήσατο
936 4094 1054 4162 περὶ
1100 4095 1195 4141 τοῦ
1247 4087 1386 4142 ἀϐϐᾶ
1412 4096 1713 4165 Μακαρίου,
1749 4093 1826 4145 ὅτι

224 4184 337 4255 περὶ
374 4183 463 4232 τὸν
515 4180 852 4253 ’Δρσενοῖτην
901 4178 1172 4239 ἓκαθέξετό
1216 4198 1297 4240 τις
1325 4180 1563 4250 μονάζων
1612 4179 1694 4232 ίπὶ
1737 4182 1821 4240 ἔτη

222 4268 399 4336 πολλὰ,
450 4272 538 4321 τόν
589 4276 688 4320 τῶν
731 4267 892 4339 ἁγίων
933 4266 1177 4330 ἀσκήσας
1217 4266 1357 4340 βίον,
1495 4276 1697 4341 πνεῦμα
1724 4271 1824 4321 πύ-

2746 4002 2797 4057 3.

2009 4093 2197 4149 Senex
2240 4089 2479 4146 tradidit
2509 4089 2583 4144 de
2628 4089 2847 4145 abbate
2892 4089 3163 4146 Macario.
3200 4094 3259 4144 In
3303 4093 3458 4145 terra
3504 4094 3592 4146 Ar-

1936 4179 2167 4236 senoita
2214 4179 2546 4235 monachus
2608 4178 2861 4250 quidam
2912 4177 3175 4241 sedebat,
3231 4179 3333 4249 qui
3374 4177 3595 4234 multos

1934 4286 2126 4325 annos
2158 4269 2343 4324 vitam
2375 4273 2723 4323 sanctorum
2757 4274 2979 4337 egerat.
3024 4267 3126 4322 Cui
3152 4282 3341 4338 quum
3376 4267 3596 4337 gloriae

227 4359 377 4420 θωνος
427 4357 785 4431 προσεπέλασε
838 4353 1096 4428 κενοδόξῳ
1145 4360 1253 4409 ὄντι
1305 4352 1398 4408 διὰ
1444 4362 1537 4417 τὴν
1576 4364 1691 4431 περὶ
1731 4363 1824 4418 τὴν

1948 4358 2191 4429 :upidus
2249 4363 2422 4427 esset,
2484 4358 2727 4428 propter
2787 4355 3115 4428 superbam
3164 4355 3483 4411 elationem
3544 4360 3600 4413 et

225 4446 574 4519 ὑπερηφανίαν
631 4450 936 4519 κουφότητα
963 4466 976 4478 ·
1016 4450 1102 4496 καὶ
1145 4452 1351 4517 πρῶτον
1399 4448 1489 4518 μεν
1519 4445 1689 4518 πλανᾷ
1734 4448 1825 4500 αὗ-

225 4539 308 4587 τὸν
356 4535 457 4589 ἀπὸ
502 4543 599 4597 τῆς
651 4534 872 4595 ἀληθοῦς
915 4539 1156 4599 πίστεως,
1189 4538 1278 4586 καὶ
1324 4534 1522 4606 εἰσάγει
1568 4536 1723 4588 αὐτόν
1754 4537 1825 4599 εἰς

224 4627 279 4675 τό
341 4630 582 4700 φρόνημα
625 4632 725 4677 τῶν
782 4623 1066 4696 λεγομένων
1132 4620 1444 4695 Ἱερακιτῶν,
1524 4625 1702 4686 οἵτινες
1748 4625 1825 4679 λέ·-

224 4731 404 4783 γουσιν
462 4717 595 4785 μήτε
650 4716 737 4764 τόν
786 4720 999 4785 Σωτῆρα
1042 4710 1359 4785 ἀνθρώπινον
1408 4712 1727 4783 ἀνειληφέναι
1775 4715 1821 4750 ⁷³

226 4809 391 4871 σῶμα,
439 4806 573 4873 μήτε
635 4800 929 4875 ἐγείρεσθαι
983 4804 1041 4852 τό
1096 4802 1340 4873 ἡμέτερον
1398 4809 1569 4872 σῶμα,
1612 4800 1638 4852 ὁ
1682 4820 1824 4873 περι-

223 4893 449 4961 κείμεθα,
484 4895 571 4941 καὶ
623 4891 703 4941 ὅτι
740 4897 877 4962 τρεῖς
916 4890 1045 4941 εἰσιν
1089 4888 1275 4964 ἀρχαὶ,
1312 4893 1437 4950 Θεὸς
1488 4897 1576 4942 καὶ
1605 4890 1700 4948 ὕλη
1734 4895 1821 4944 καὶ

221 4984 394 5043 κακία,
452 4979 507 5041 ἐξ
580 4978 647 5028 ὧν
714 4978 1186 5043 κατασκευάζεται,
1241 4983 1373 5050 μήτε
1440 4979 1822 5052 ᾐνθρωπικέναι

221 5069 299 5116 τόν
332 5072 459 5120 Θεὸν
510 5070 676 5136 Λόγον
722 5072 809 5117 καὶ
848 5065 1033 5118 τελειον
1085 5064 1401 5138 ἀνειληφέναι
1448 5068 1491 5101 “¹⁴
1526 5068 1818 5140 ἄνθρωπον,

221 5158 343 5223 μήτε
380 5160 483 5226 μὴν
535 5154 802 5215 σώζεσθαι
846 5157 904 5206 τὸ
952 5152 1081 5206 εἶναι
1118 5162 1218 5206 τῶν
1275 5156 1323 5190 ⁷⁵
1374 5156 1580 5208 πάντων
1628 5158 1818 5211 αἴτιον.

222 5242 373 5305 οὕτως
419 5242 479 5297 δέ
529 5240 875 5315 διαστραφεὶς
926 5242 1144 5314 ἀποσπᾷ
1190 5243 1378 5315 ψυχὰς
1443 5249 1815 5306 πεντακοσίας.

222 5332 408 5402 ἴσχυσε
438 5330 500 5386 δι
538 5328 630 5385 διὰ
678 5335 737 5385 τό
770 5331 932 5403 λεγειν
971 5331 1178 5394 πολλοῖς
1216 5332 1398 5403 πολλὰ,
1442 5339 1531 5386 καὶ
1563 5333 1818 5396 ἀπωλείας

1937 4448 2321 4502 temeritatem
2356 4447 2597 4517 spiritus
2624 4446 2908 4517 pythonis
2935 4443 3169 4511 insedit,
3199 4444 3300 4515 qui
3329 4444 3593 4516 primum

1935 4552 1971 4592 a
1992 4552 2132 4590 vera
2152 4535 2270 4590 ﬁde
2293 4551 2430 4590 eum
2456 4534 2718 4606 depulit,
2752 4539 2879 4589 tum
2903 4532 2981 4588 ad
3004 4533 3337 4589 doctrinam
3362 4549 3596 4601 eorum,

1934 4626 2036 4697 qui
2070 4624 2390 4680 Hieracitae
2421 4629 2731 4686 vocantur,
2772 4622 3043 4677 adduxit.
3081 4627 3268 4694 Atque
3308 4622 3367 4677 hi
3397 4621 3603 4678 Salva-

1935 4719 2122 4769 torem
2136 4714 2469 4768 humanam
2484 4712 2889 4782 assumpsisse
2903 4717 3595 4782 carnem,nostrumque,

1933 4818 2052 4874 quo
2083 4803 2272 4857 vestiti
2302 4818 2536 4865 sumus,
2575 4817 2792 4871 corpus
2820 4800 3159 4856 resuscitari
3196 4805 3435 4869 negant.
3467 4801 3598 4855 Tria

1933 4906 2065 4947 esse
2098 4906 2316 4960 genere.
2346 4890 2524 4945 iidem
2549 4891 2770 4953 dicunt,
2804 4893 3010 4953 Deum,
3048 4891 3359 4945 materiam
3383 4896 3439 4945 et
3471 4905 3604 4946 ma-

1932 4979 2078 5045 lum,
2104 4980 2325 5052 quibus
2343 4979 2599 5051 quisque
2621 4984 3020 5046 construatur,
3048 4995 3241 5050 neque
3266 4981 3451 5034 Deum
3466 4980 3597 5033 Ver-

1934 5068 2079 5124 bum
2092 5069 2402 5124 hominem
2418 5082 2545 5122 esse
2572 5068 2795 5122 factum
2818 5067 3267 5139 perfectumque
3288 5068 3595 5122 hominem

1933 5157 2358 5228 assumpsisse,
2394 5171 2587 5229 neque
2607 5158 2857 5212 omnino
2880 5157 3100 5212 servari
3137 5171 3383 5211 causam
3414 5154 3594 5227 2⁵14

1931 5247 2205 5302 omnium
2241 5262 2437 5301 rerum
2472 5244 2850 5301 effectricem.
2886 5248 2969 5301 lta
3008 5260 3147 5301 vero
3182 5245 3305 5317 ipse
3355 5258 3598 5316 perver-

1932 5351 2035 5389 sus
2064 5337 2299 5391 animas
2329 5334 2563 5390 seduxit
2587 5335 2967 5407 quingentas.
2997 5333 3169 5400 Quod
3186 5332 3377 5390 effecit
3405 5333 3596 5390 multa

1550 5485 1642 5541 VA
1653 5485 1761 5541 RIA
1774 5487 1813 5540 Ε
1855 5485 2252 5542 LECTIONES.

297 5627 344 5661 7°
374 5630 451 5683 Ex
483 5626 672 5692 coni.,
717 5625 864 5683 cod.
913 5645 1309 5698 πταισματα
1349 5626 1513 5681 πολῡ
1548 5647 1667 5733 προ
1731 5632 1913 5684 νόνα.
1958 5628 2003 5683 f.
2070 5627 2655 5703 πολυπράγμοναῖ
2732 5632 2773 5666 ⁷1
2825 5628 2964 5685 Cod.
3003 5630 3301 5701 εὑρῑσει,

297 5702 411 5756 ὃας.
487 5700 537 5735 ⁷⁸
570 5698 650 5753 Ex
678 5698 857 5756 coni..
891 5698 1023 5754 cod.
1061 5697 1503 5756 ἀνηλαφέναι.
1609 5701 1632 5735 ⁴
1684 5649 1826 5756 Eod.
1860 5699 2292 5756 ἀνηλαφέναι.
2378 5702 2426 5736 ’³⁸
2461 5702 2731 5756 Emend.
2762 5701 2897 5756 cod.
2929 5705 3049 5754 τόν.
3108 5728 3111 5731 -

1728 5706 1826 5755 Od.
1860 5706 2292 5773 ἀνηλαφέναι,

244 5692 411 5771 βόας.
487 5700 537 5735 ⁷⁸
570 5698 650 5753 Ex
678 5698 857 5766 coni.,
891 5698 1023 5754 cod.
1061 5692 1503 5775 ἀνηλαφέναι.

3384 5627 3429 5662 ⁷³
3485 5589 3604 5682 Cod

2378 5701 3111 5769 ’³⁸Εωε11ό.,οο(1.τόν.·
3368 5704 3375 5710 '
3458 5720 3471 5738 ι
3556 5714 3566 5723 ’
