4092 6252
561 287 660 342 211

1444 285 1524 340 SS
1592 279 2447 351 MACARIORUM'AEGYPTII
2493 279 2577 332 ET
2617 280 3107 335 ALEXANDRINI

3793 282 3893 342 212

563 412 766 468 multis
796 418 854 468 et
890 412 1135 483 quidem
1167 411 1348 467 variis
1386 426 1628 482 prorsus
1662 411 1857 467 modis
1892 408 2215 481 loquendo,

2330 408 2420 458 καὶ
2483 405 2707 478 εὑρέσεις
2758 409 2847 458 καὶ
2906 404 3162 466 ἀποϐολάς
3235 406 3453 458 Θανάτου
3524 405 3574 457 ἕν
3642 404 3889 485 διαφόροις

561 504 868 558 interitum
900 502 1136 564 scilicet,
1180 501 1424 555 inventa
1461 501 1789 572 mortisque
1829 501 2210 570 despectum.

561 595 677 647 Nec
725 606 843 645 non
890 590 1212 645 daemonia
1261 591 1506 660 ejecisse
1547 589 1844 644 ferebatur
1885 587 2216 643 secundum

563 680 706 734 illud
745 681 801 734 in
839 679 1170 747 Evangeliis
1203 698 1213 735 :
1262 679 1437 742 Signa
1466 678 1680 733 facient
1708 685 1762 732 et
1795 677 2088 747 prodigia,
2134 680 2216 740 ut,

563 768 612 823 si
668 769 790 823 ﬁeri
849 768 1055 839 possit,
1100 768 1277 822 etiam
1332 767 1500 822 electi
1549 769 1932 822 seducantur.
1973 765 2216 820 Multum

564 859 722 913 enim
767 858 1064 928 principes
1114 857 1480 911 daemonum
1528 856 1587 910 in
1615 857 1727 912 hoc
1769 871 1980 925 genere
2021 856 2220 910 valent

565 948 640 1001 ad
700 947 796 1001 illa
852 946 1136 1000 nimirum
1196 947 1325 1017 ipsa
1367 945 1711 1010 abolenda;
1770 962 1909 999 nam
1969 945 2218 999 libenter

563 1037 947 1090 consentiunt
985 1035 1045 1088 in
1105 1036 1402 1089 interitum
1459 1035 1820 1090 animarum.
1858 1034 1986 1088 Loci
2041 1033 2218 1101 igitur

560 1125 881 1194 episcopus
912 1139 1048 1177 cum
1082 1123 1237 1177 clero
1268 1140 1377 1177 suo
1410 1124 1602 1176 virum
1637 1123 1732 1177 Dei
1766 1123 2084 1178 Macarium
2115 1121 2216 1176 ab-

560 1212 761 1267 batem
787 1213 953 1277 adiit,
977 1228 1099 1282 quo
1123 1228 1364 1266 summa
1391 1227 1528 1265 cum
1558 1212 1883 1266 reverentia
1917 1210 2210 1264 salutato:

561 1301 617 1356 Si
653 1302 760 1364 vis,
817 1301 1028 1372 inquit,
1062 1301 1194 1353 veni
1227 1300 1522 1371 nobisque
1563 1316 1856 1354 succurre.
1901 1301 2046 1353 Nam
2084 1300 2130 1353 si
2161 1305 2213 1353 te

562 1389 873 1459 superstite
905 1389 1266 1444 vicinitatem
1291 1395 1553 1443 nostram
1584 1403 1699 1442 non
1733 1404 2214 1458 purgamus,om-

565 1493 670 1532 nes
720 1476 798 1530 illi
855 1477 1286 1542 adhaerebunt,
1314 1482 1369 1530 et
1420 1476 1695 1531 facillime
1753 1477 1869 1541 ﬁet,
1903 1482 1963 1530 ut
2015 1476 2213 1546 plures

564 1565 766 1630 etiam,
789 1581 972 1636 quam
995 1565 1324 1635 hucusque,
1349 1566 1529 1620 errori
1554 1566 1803 1634 subjecti
1827 1566 2209 1620 seducantur.

567 1654 665 1708 Cui
695 1653 786 1708 ille
818 1653 1140 1723 respondet
1174 1673 1184 1710 :
1221 1654 1362 1708 Ecce
1397 1669 1508 1722 ego
1541 1653 1808 1724 plebejus
1841 1656 2022 1709 homo
2067 1653 2209 1724 quid

2330 499 2562 566 τρόποις.
2606 494 2733 546 ἀλλά
2780 499 2869 546 καὶ
2917 491 3188 566 δαιμόνια,
3237 499 3414 567 φησίν,
3447 493 3641 557 ἐξέϐαλε
3682 501 3808 552 κατά
3844 504 3890 552 τὸ

2330 586 2377 635 ἓν
2425 584 2757 655 Εύαγγελίοις
2811 584 3096 660 εἰρημένον,
3155 587 3236 636 ὅτι
3293 582 3528 637 δωσουσι
3581 595 3766 656 σημεῖα
3817 595 3892 642 καὶ

2329 676 2537 743 τέρατα,
2571 676 2705 726 ὥστε
2737 673 2778 725 εἰ
2809 670 3029 726 δυνατὸν
3062 675 3325 732 πλανῆσαι
3345 679 3432 725 καὶ
3463 678 3583 734 τοὺς
3609 672 3855 738 ἐκλεκτούς
3879 695 3889 706 '

2331 757 2537 835 σφόδρα
2563 765 2663 835 γὰρ
2697 765 2761 813 τά
2783 761 3071 833 ἀρχοντικά
3100 759 3350 834 δαιμόνια
3379 768 3493 826 περὶ
3520 770 3681 814 ταῦτα
3714 764 3889 834 ἰσχύει,

2328 854 2384 900 τό
2429 850 2561 902 αύτά
2591 851 2756 902 ἐκεῖνα
2804 848 2959 910 δῆθεν
2989 853 3036 887 ⁷⁸
3069 859 3361 925 καταργεῖν.
3396 854 3528 902 πάνυ
3569 855 3665 926 γάρ
3699 872 3891 924 συμφω-

2327 947 2502 991 νοῦσιν
2534 939 2618 992 ἐπὶ
2666 939 2919 992 ἀπώλειαν
2949 940 3160 1012 ψυχῶν.
3208 943 3232 991 6
3264 937 3350 991 οὖν
3388 948 3476 992 τοῦ
3521 945 3677 992 τόπου
3721 945 3892 993 ἐκείνου

2327 1031 2610 1089 ἐπίσκοπος
2679 1033 2810 1099 μετά
2868 1037 2958 1080 τοῦ
3005 1029 3197 1101 κλήρου
3251 1034 3592 1100 παραγίνεται
3652 1033 3773 1103 πρὸς
3821 1034 3893 1081 τὸν

2327 1119 2593 1190 οῐνθρωπον
2647 1126 2737 1170 τοῦ
2780 1126 2912 1170 Θεοῦ
2961 1117 3122 1169 ἀϐϐᾶν
3169 1120 3460 1191 Μακάριον,
3514 1117 3665 1181 ἀξιῶν
3710 1119 3851 1169 αὐτόν
3880 1135 3890 1146 '

2327 1209 2404 1259 ὅτι
2448 1210 2511 1266 ὡς
2564 1207 2722 1269 θέλεις
2774 1208 2883 1260 ἐλθὲ
2922 1213 3010 1260 καὶ
3059 1207 3328 1278 βοήθησον
3381 1210 3525 1280 ἡμῖν.
3575 1211 3660 1279 ἐάρ
3689 1210 3783 1280 γὰρ
3831 1211 3889 1278 μή

2327 1304 2421 1348 σοῦ
2475 1297 2664 1357 ζῶντος
2721 1302 2814 1354 τὴν
2858 1302 3113 1368 γειτονίαν
3162 1299 3306 1367 ἡμῶν
3360 1299 3682 1370 καθάρωμεν,
3735 1298 3895 1353 πάντες

2324 1385 2462 1456 αὐτῷ
2523 1391 2875 1459 πρόσκεινται,
2927 1391 3016 1437 καὶ
3069 1386 3296 1457 εὐχερῶς
3357 1391 3476 1459 περὶ
3525 1389 3586 1436 τά
3644 1389 3895 1456 φαινόμενα

2323 1481 2382 1544 τῇ
2411 1473 2573 1545 πλάνη
2608 1476 2924 1546 ὑπαγόμενοι
2956 1475 3264 1544 ἀπάγονται.
3299 1475 3323 1525 6
3357 1471 3415 1525 δὲ
3448 1478 3575 1545 πρὸς
3605 1473 3750 1525 αὐτὸν
3777 1475 3855 1543 ἔφη
3879 1492 3890 1504 ⁸

2323 1567 2410 1614 καὶ
2446 1560 2560 1614 ἰδού
2602 1565 2828 1635 ἔρχομαι
2864 1559 3082 1622 ἰδιώτης
3107 1565 3393 1634 ἄνθρωπος,
3428 1568 3479 1614 τί
3506 1563 3643 1631 αύτῷ
3666 1560 3890 1618 ποιήσωῖ

2324 1653 2348 1700 6
2383 1647 2439 1702 δε
2479 1654 2760 1710 ἐπίσκοπος
2793 1650 3020 1721 ἐπέμενεν
3063 1649 3216 1713 ἀξιῶν
3266 1656 3354 1701 καὶ
3400 1651 3579 1722 λέγων,
3637 1652 3711 1700 ὅτι
3753 1649 3893 1705 οὕτως

565 1742 618 1796 ei
652 1741 866 1796 faciam
894 1741 922 1794 ἳ
966 1743 1286 1813 Episcopus
1331 1748 1533 1797 autem
1564 1744 1811 1813 perstitit
1843 1743 2214 1797 venerabun-

2326 1743 2571 1803 πιστεύω,
2633 1742 2731 1803 ὃτι,
2792 1740 2874 1790 ἐάν
2934 1741 3104 1813 ἔλθῃς,
3154 1742 3177 1791 6
3227 1743 3355 1801 Θεὸς
3409 1740 3689 1812 εἰρηνεύσει
3741 1739 3781 1770 77
3815 1742 3892 1793 τήν

564 1830 679 1885 dus
713 1837 766 1885 et
795 1847 807 1885 :
854 1831 954 1894 ita,
1005 1831 1214 1902 inquit,
1247 1831 1508 1897 conﬁdo,
1539 1832 1583 1885 si
1630 1839 1689 1886 tu
1723 1831 1972 1895 veneris,
2031 1834 2213 1886 Deum

564 1920 1017 1990 paciﬁcaturum
1063 1920 1377 1975 ecclesiam
1412 1938 1587 1976 suam
1616 1937 1628 1985 ;
1665 1936 1843 1991 saepe
1874 1922 2033 1975 enim
2068 1920 2212 1974 mihi

564 2025 1020 2079 proposueram,
1067 2009 1144 2064 ad
1183 2015 1235 2064 te
1267 2010 1582 2080 proﬁcisci,
1634 2010 1738 2063 sed
1775 2010 2076 2078 prohibuit
2105 2025 2215 2079 cle-

565 2112 686 2161 rus,
719 2113 792 2152 ne
836 2097 1158 2152 mundanis
1189 2098 1532 2153 hominibus
1581 2098 1801 2152 derisui
1834 2098 2058 2153 ﬁerem.
2086 2100 2214 2152 Jam

566 2200 703 2239 vero
751 2201 868 2239 non
903 2185 1163 2255 amplius
1205 2185 1400 2240 ferens
1448 2187 1652 2258 populi
1686 2187 2125 2258 corruptionem
2161 2191 2217 2240 et

565 2275 743 2328 etiam
776 2274 896 2337 Dei,
933 2275 1037 2345 qui
1069 2275 1149 2328 ait
1180 2290 1193 2326 :
1231 2276 1597 2342 Sanguinem
1646 2276 1831 2345 ipsius
1863 2291 2150 2345 quaeram
2185 2291 2214 2329 e

566 2377 748 2418 manu
782 2371 998 2428 vestra,
1027 2365 1470 2418 accusationem
1503 2365 1718 2418 timens
1749 2369 1800 2418 te
1823 2364 1964 2428 adii,
1999 2364 2217 2418 missus

564 2467 598 2507 a
634 2454 769 2506 Deo.
802 2453 945 2505 Tum
984 2452 1077 2505 ille
1119 2453 1390 2516 surrexit,
1424 2469 1682 2524 eumque
1725 2453 1799 2508 ad
1842 2453 2214 2508 seductorem

564 2545 800 2594 secutus
848 2545 956 2593 est.
1001 2542 1186 2604 Quem
1247 2541 1344 2595 ubi
1393 2542 1555 2602 vidit,
1602 2543 1884 2613 episcopo
1919 2560 1928 2593 :
1963 2543 2083 2606 Hic,
2131 2542 2216 2596 in-

562 2627 708 2698 quit,
738 2629 1011 2696 spiritum
1049 2629 1375 2700 principem
1422 2631 1620 2696 habet,
1653 2647 1911 2701 eumque
1944 2631 2216 2701 ejiciendi

566 2731 765 2770 meum
799 2731 950 2785 Opus
983 2732 1099 2771 non
1131 2732 1264 2770 esse
1292 2718 1471 2779 scito;
1503 2735 1640 2772 nam
1674 2725 1880 2774 contra
1905 2720 2013 2774 hos
2041 2721 2210 2789 spiri-

564 2806 658 2856 tus
702 2804 973 2858 nondum
1013 2805 1261 2859 omnino
1310 2807 1546 2860 certavi.
1610 2809 1732 2862 Duo
1764 2807 1919 2861 cnim
1973 2809 2215 2877 agmina

565 2891 929 2946 daemonum
977 2909 1104 2948 esse
1156 2895 1339 2948 sancti
1372 2897 1561 2963 ajunt,
1613 2913 1795 2950 unum
1827 2912 2055 2961 eorum,
2112 2897 2212 2967 qui

562 2979 839 3034 libidines
887 2983 1117 3051 corpori
1151 2983 1491 3052 infundunt,
1545 2985 1795 3039 alterum
1831 3002 2060 3052 eorum,
2111 2987 2213 3058 qui

561 3069 895 3140 spirituales
928 3071 1182 3126 afferunt
1209 3089 1456 3128 errores.
1488 3074 1658 3138 Quod
1685 3075 1929 3146 quidem
1959 3075 2209 3130 alterum
2243 3109 2282 3165 Ο

562 3173 750 3228 genus
777 3158 1013 3214 difﬁcile
1039 3167 1130 3215 est
1159 3161 1235 3216 ad
1268 3163 1692 3230 subigendum.
1734 3166 1842 3218 Eos
1874 3165 2031 3218 enim
2057 3168 2208 3218 sata-

563 3263 672 3301 nas
718 3247 956 3302 immitit
1005 3249 1197 3317 magis
1228 3256 1283 3304 et
1335 3251 1748 3306 seductoribus
1802 3257 1857 3307 et
1887 3253 2212 3308 haeresiar-

563 3335 687 3388 chis
737 3342 794 3390 et
845 3338 1120 3392 veneﬁcis
1171 3340 1302 3392 etsi
1352 3340 1455 3410 qui
1510 3341 1604 3394 alii
1645 3341 1701 3394 id
1766 3344 1996 3409 generis
2051 3349 2206 3396 sunt.

563 3426 631 3478 At
673 3426 992 3495 episcopus
1026 3446 1037 3483 :
1070 3427 1220 3490 Quid
1262 3444 1423 3498 ergo,
1459 3430 1668 3499 inquit,
1720 3430 2008 3483 faciemus
2035 3429 2062 3484 ?
2103 3433 2206 3485 Re-

559 3511 812 3582 spondet
837 3529 1016 3567 senex
1043 3531 1054 3566 :
1085 3515 1361 3568 Precibus
1388 3533 1541 3586 opus
1568 3524 1676 3587 est;
1703 3533 1841 3572 nam
1871 3534 2065 3572 sermo
2091 3535 2209 3573 non

560 3600 813 3670 proﬁcit.
829 3603 1044 3656 Jubent
1067 3603 1245 3670 igitur
1270 3605 1378 3674 27
1395 3606 1444 3676 5
1465 3606 1781 3674 procedere
1809 3607 2204 3676 seductorem,

559 3690 728 3758 isque
753 3690 830 3744 ad
867 3705 966 3744 eos
992 3707 1271 3761 egressus
1297 3700 1402 3747 est.
1433 3695 1619 3758 Quem
1650 3696 1845 3749 statim
1891 3697 2207 3766 episcopus

559 3776 766 3846 lingua
790 3779 1034 3833 adortus
1071 3796 1083 3834 :
1121 3783 1252 3846 Cur,
1283 3781 1491 3852 inqunt,
1519 3789 1678 3838 tanto
1713 3785 1992 3854 temporis
2014 3786 2208 3856 spatio

559 3866 875 3920 nobiscum
913 3884 1028 3923 non
1058 3872 1559 3927 communicasti?
1594 3873 1692 3927 Cui
1728 3873 1861 3928 ille:
1909 3872 2077 3940 Quia,
2121 3876 2209 3928 in-

559 3954 705 4025 quit,
758 3971 876 4010 non
915 3962 1068 4012 recte
1108 3959 1352 4013 sentitis.
1395 3963 1538 4015 Tum
1579 3969 1822 4016 sanctus
1867 3963 2152 4018 Macarius
2191 3982 2202 4021 :

555 4043 718 4098 Tune
767 4045 961 4114 igitur,
1004 4047 1214 4118 inquit,
1262 4055 1415 4104 recte
1468 4050 1701 4104 sentis?
1731 4054 1882 4107 Sane
1931 4052 2203 4124 quidem,

553 4130 648 4186 ille
683 4135 1024 4202 respondet.
1069 4138 1352 4192 Macarius
1387 4157 1399 4193 :
1443 4139 1593 4203 Quid
1631 4155 1766 4194 vero
1799 4146 1904 4205 est,
1948 4142 2108 4211 quod
2145 4147 2202 4194 tu

561 4221 739 4276 sentis
763 4220 791 4276 ?
818 4222 917 4276 Ille
959 4243 970 4282 :
1007 4227 1157 4279 Num
1189 4232 1344 4281 recte
1384 4228 1660 4291 creditur,
1693 4245 1932 4283 carnem
1975 4235 2028 4284 et
2068 4245 2205 4284 ossa

558 4310 880 4366 suscitari?
913 4315 1163 4366 Sanctus
1207 4316 1531 4384 respondet
1561 4331 1572 4370 :
1609 4317 1664 4371 Si
1695 4334 1764 4371 ex
1797 4317 1969 4371 nobis
2020 4318 2204 4388 loqui-

554 4412 689 4450 mur
728 4397 878 4453 bene
930 4399 1208 4470 loqueris.
1263 4403 1363 4457 Sin
1415 4404 1624 4458 veritas
1679 4405 1734 4458 id
1798 4406 1997 4469 voluit,
2051 4407 2197 4477 quid

556 4484 895 4557 obloqueris
915 4486 943 4540 7
973 4489 1082 4544 Sed
1108 4506 1180 4543 ne
1210 4491 1396 4546 multa
1417 4493 1598 4546 verba
1628 4493 1969 4563 perdamus,
1999 4494 2200 4551 dicam

554 4571 678 4637 tibi,
721 4576 863 4645 quid
905 4579 1230 4632 sentiamus
1258 4595 1270 4645 ;
1298 4579 1518 4651 quibus
1572 4581 1619 4635 si
1658 4584 2014 4646 assentieris,
2049 4583 2201 4639 bene

555 4660 751 4729 facies,
786 4665 872 4720 sin
916 4667 1134 4731 minus,
1166 4667 1283 4722 Deo
1332 4684 1653 4739 repugnas,
1697 4671 1868 4742 cujus
1911 4673 2200 4742 dogmata

557 4753 808 4821 spernis.
846 4759 916 4808 At
964 4754 1100 4810 ille:
1139 4757 1275 4824 Ego,
1320 4759 1528 4830 inquit,
1578 4762 1736 4831 prior
1767 4761 1948 4817 ﬁdem
1999 4778 2197 4818 meam

555 4854 874 4910 exponam.
905 4845 1049 4898 Tum
1083 4847 1369 4901 Macarius
1404 4865 1413 4900 ;
1451 4852 1651 4914 Prava,
1683 4850 1783 4914 ait,
1817 4851 1964 4906 ﬁdes
1996 4868 2067 4906 ne
2095 4868 2194 4908 no-

552 4927 831 4996 minetur,
865 4932 970 4986 sed
991 4933 1265 4989 dicamus
1292 4937 1648 4995 catholicam
1677 4941 1961 4996 ecclesiae
1991 4941 2194 4996 ﬁdem.

550 5019 616 5073 Et
641 5019 840 5075 statim
866 5020 1056 5078 innuit
1085 5023 1387 5097 episcopo,
1422 5033 1482 5082 ut
1511 5043 1644 5084 eam
1688 5029 2050 5101 proﬁteatur.
2089 5032 2196 5095 Qui

549 5107 971 5166 circumstante
1020 5113 1242 5184 populo
1289 5117 1494 5188 incipit
1521 5117 1699 5174 ﬁdem
1739 5120 1818 5176 ita
1844 5135 2136 5191 exponere
2180 5136 2190 5171 :

551 5196 739 5254 Credo
761 5198 820 5255 in
844 5215 1030 5257 unum
1058 5205 1264 5274 Deum,
1290 5211 1518 5278 patrem
1542 5209 2033 5281 omnipotentem,
2058 5214 2113 5265 et
2135 5209 2195 5264 in

2323 1829 2600 1886 ἐκκλησίαν
2673 1829 2847 1881 αὐτοῦ.
2909 1829 3156 1890 πολλάκις
3213 1831 3314 1899 γάρ
3375 1831 3684 1902 προθέμενος
3757 1825 3892 1876 ἐλθεῖν

2325 1918 2581 1975 ἐκωλύθην
2633 1917 2732 1968 ἀπὸ
2763 1925 2850 1968 τοῦ
2888 1917 3103 1990 κλήρου,
3137 1921 3205 1978 ὡς
3261 1917 3675 1988 καταγελώμενος
3726 1915 3771 1948 ⁷⁸
3810 1911 3893 1962 ἀπὸ

2324 2016 2422 2058 τῶν
2474 2015 2757 2078 κοσμικῶν.
2792 2015 2877 2057 νῦν
2930 2004 3015 2057 οὖν
3048 2011 3117 2076 μὴ
3171 2010 3330 2079 φέρων
3385 2011 3479 2064 τὴν
3531 2005 3774 2057 ἀπώλειαν
3818 2007 3894 2051 τού

2324 2096 2469 2161 λαοῦ,
2504 2095 2664 2154 ἄλλως
2693 2093 2750 2147 δὲ
2793 2100 2881 2146 καὶ
2925 2098 2981 2146 τό
3014 2095 3247 2166 ἔγκλημα
3284 2102 3376 2146 τοῦ
3427 2101 3561 2147 Θεοῦ
3612 2091 3898 2165 φοϐούμενος

2324 2185 2556 2257 λέγοντος
2587 2203 2598 2212 ⁸
2653 2187 2728 2236 ὅτι
2759 2188 2815 2235 τὸ
2861 2186 2993 2254 αἷμα
3041 2184 3200 2235 αὐτοῦ
3257 2184 3543 2244 ἐκζητήσω
3588 2182 3641 2233 ἐκ
3672 2189 3761 2240 τῆς
3798 2196 3901 2249 κη’

2325 2278 2409 2346 ρὸς
2449 2275 2610 2344 ὑμῶν,
2645 2270 2797 2331 ἦλθον
2841 2277 2968 2346 πρὸς
3018 2276 3074 2324 σε
3125 2272 3420 2344 πέμψαντός
3458 2292 3521 2344 με
3561 2279 3648 2324 τοῦ
3692 2276 3835 2322 Θεοῦ.
3879 2267 3899 2316 6

2327 2361 2385 2415 δὲ
2416 2362 2646 2423 ἀναστὰς
2680 2363 3002 2420 ἠκολούθησε
3033 2361 3194 2430 αύτῷ.
3241 2367 3329 2413 καὶ
3369 2365 3621 2436 ἔρχονται
3651 2361 3735 2417 ἕως
3783 2359 3897 2408 ἑκεί-

2326 2473 2412 2505 νου
2445 2461 2535 2504 τοῦ
2573 2452 2786 2505 πλάνου.
2834 2457 2922 2503 καὶ
2970 2453 3066 2523 ὁρᾷ
3095 2451 3250 2502 αύτὸν
3302 2457 3390 2502 καὶ
3433 2452 3570 2522 λέγει
3615 2457 3682 2519 τῷ
3716 2447 3902 2498 ἐπισκό-

2326 2563 2404 2612 πῳ
2439 2563 2450 2573 ⁸
2495 2541 2645 2602 οὗτος
2695 2548 2894 2611 πνεῦμα
2939 2543 3051 2611 ἔχει
3095 2539 3432 2612 ἀρχοντικόν,
3483 2546 3573 2591 καὶ
3622 2540 3702 2589 ἵνα
3748 2530 3898 2595 οἶδας,

2327 2634 2406 2683 ὅτι
2454 2631 2571 2703 ἐμὸν
2622 2634 2765 2703 ἔργον
2820 2637 2971 2680 τοῦτο
3020 2629 3112 2680 οὐκ
3167 2632 3332 2683 ἔστιν.
3393 2626 3522 2681 οὐδὲ
3568 2631 3666 2698 γὰρ
3715 2627 3758 2658 ’⁷⁸
3789 2623 3898 2693 πρὸς

2326 2728 2492 2772 ταῦτα
2522 2722 2586 2770 τά
2615 2721 2880 2788 πνεύματα
2922 2719 3048 2778 ὅλως
3094 2717 3376 2769 ἑπάλαισαο
3412 2714 3512 2770 δύο
3538 2720 3635 2788 γὰρ
3669 2715 3897 2784 τάγματα

2324 2810 2564 2878 λέγουσιν
2596 2810 2644 2858 οἰ
2687 2807 2830 2876 ἅγιοι
2874 2803 3156 2877 δαιμόνων,
3193 2807 3240 2857 ἓν
3281 2810 3338 2857 τὸ
3370 2809 3463 2868 τὰς
3521 2803 3710 2864 ἡδονὰς
3737 2797 3903 2870 ἐμϐάλ-

2325 2899 2406 2951 λον
2455 2905 2526 2966 τῷ
2569 2901 2794 2966 σώματι,
2845 2901 2932 2947 καὶ
2985 2895 3032 2946 ἓν
3086 2899 3142 2946 τὸ
3192 2897 3281 2956 τὰς
3316 2895 3564 2966 ψυχικὰς
3609 2893 3819 2962 ἔμπνουν
3863 2885 3902 2918 ⁸ο

2325 2987 2536 3051 πλάνας,
2569 2986 2594 3036 ὃ
2624 2990 2711 3037 καὶ
2753 2983 2960 3058 σφόδρα
3003 2984 3114 3036 ἐστὶ
3165 2981 3594 3040 δυσυπότακτον,
3632 2987 3790 3033 ταῦτα
3815 2977 3900 3044 γὰρ

2326 3075 2560 3149 ἀφορίζει
2589 3075 2614 3126 6
2649 3079 2871 3133 σατανᾶς
2918 3080 3022 3132 τοῖς
3073 3077 3232 3144 γόησι
3279 3078 3368 3124 καὶ
3399 3073 3615 3133 πλάνοις
3667 3071 3754 3121 καὶ
3784 3065 3902 3136 αἰρε-

2327 3170 2579 3237 σιάρχαις
2610 3168 2698 3214 καὶ
2739 3165 3202 3234 φαρμακομάντεσι
3233 3164 3300 3226 δι,
3353 3169 3444 3214 καὶ
3478 3167 3520 3215 εἶ
3550 3180 3652 3214 τινι
3682 3157 3898 3221 τοιούτῳ.

2322 3253 2454 3324 λέγει
2484 3254 2509 3303 6
2541 3251 2820 3312 ἐπίσκοπος
2855 3267 2866 3279 ·
2917 3255 2965 3302 τί
3006 3248 3092 3302 οὖν
3122 3256 3408 3321 ποιήσομεν
3447 3269 3461 3318 ;
3494 3252 3629 3322 λέγει
3660 3250 3683 3298 6
3713 3248 3858 3317 γέρων
3886 3253 3898 3269 ⁹

2323 3343 2490 3413 εὐχῶν
2522 3346 2680 3413 χρεία
2711 3355 2723 3370 ⁸
2774 3340 2925 3411 λόγος
2971 3342 3068 3412 γάρ
3114 3340 3208 3391 ούκ
3241 3340 3442 3411 ἰσχύει.
3488 3339 3776 3393 κελεύουσιν
3825 3323 3900 3380 οὖν

2322 3431 2534 3493 ἓξελθείν
2571 3449 2582 3459 ⁸

2321 3528 2512 3591 χρῆμα
2544 3516 2763 3590 δέχεται
2815 3518 2968 3570 αὐτόν
3009 3519 3034 3568 ό
3067 3516 3342 3577 ἐπίσκοπος
3373 3519 3608 3588 χείλεσιν
3657 3515 3740 3564 καὶ
3782 3507 3899 3591 λέγει

2639 3431 2663 3481 6
2719 3427 2776 3482 δε
2836 3429 3105 3503 ἐξέρχεται
3154 3433 3283 3498 πρὸς
3341 3429 3554 3491 αὐτούς.
3619 3430 3705 3478 καὶ
3754 3435 3900 3490 παρα·

2836 3615 2945 3668 πῶς
2996 3614 3244 3658 τοσοῦτον
3292 3611 3486 3678 χρόνον
3531 3606 3588 3658 ού
3640 3590 3900 3672 παρέλαϐες

3053 3697 3129 3748 ὅτι
3167 3696 3226 3748 οὐ
3275 3703 3499 3770 φρονεῖτε
3549 3695 3729 3769 ὀρθῶς.
3780 3684 3897 3775 λέγει

2319 3612 2444 3680 πρὸς
2496 3611 2537 3644 ⁸⁸
2582 3608 2736 3659 αὐτόν
2772 3625 2781 3635 ·

2321 3701 2443 3769 ἡμῖν
2493 3698 2582 3764 ⁸³ς
2629 3698 2653 3747 ὁ
2705 3693 2761 3748 δὲ
2815 3694 2948 3748 εἶπεν
2986 3718 2995 3728 ·

2321 3787 2460 3856 αύτῷ
2509 3788 2534 3837 6
2585 3786 2730 3856 ἅγιος
2769 3787 3076 3857 Μακάριος·
3127 3788 3191 3836 σὺ
3245 3786 3331 3836 ούν
3379 3785 3550 3847 καλῶς
3595 3782 3829 3854 φρονεῖςὶ
3875 3785 3896 3816 ⁰

2321 3873 2379 3928 δέ
2427 3896 2438 3906 ·
2482 3880 2571 3926 καὶ
2613 3877 2767 3940 πάνυ,
2822 3879 2974 3944 φησί.
3016 3879 3066 3924 τί
3121 3870 3180 3925 δέ
3233 3876 3368 3938 ἐστι,
3424 3879 3607 3945 φησίν,
3651 3869 3676 3920 6
3722 3866 3894 3935 ὑμεῖςί

2318 3970 2602 4037 Φρονοῡμεν
2634 3963 2818 4034 ὀρθῶς,
2853 3963 2933 4013 ὅτι
2979 3965 3148 4032 σάρκα
3191 3967 3278 4012 καὶ
3307 3962 3439 4013 ὀστᾶ
3466 3959 3784 4028 ἀνειληφέναι
3821 3946 3895 4005 ³⁵;

2318 4059 2471 4125 Λέγει
2513 4055 2537 4104 6
2590 4052 2740 4123 ἅγιος
2779 4054 3044 4122 Μακάριος
3077 4068 3088 4079 ⁶
3141 4051 3182 4102 εἰ
3235 4057 3324 4122 μεν
3375 4050 3457 4122 ἀφ’
3513 4051 3705 4104 ἑαυτῶν
3755 4039 3896 4134 λέγῗι·

2317 4164 2425 4216 μεν,
2459 4142 2626 4202 καλῶς
2659 4163 2670 4174 ·
2706 4141 2750 4192 εἰ
2793 4137 2851 4192 δὲ
2896 4138 3111 4198 ἀλήθεια
3141 4140 3298 4202 οὕτως
3346 4141 3591 4206 ἠθέλησε,
3638 4138 3701 4186 σὺ
3750 4130 3798 4179 τί
3842 4130 3893 4171 ἀν

2315 4231 2471 4301 λέγεις
2504 4248 2516 4297 ;
2553 4231 2636 4281 ἱνα
2666 4226 2721 4280 δὲ
2771 4233 2840 4299 μὴ
2875 4227 3087 4288 πολλοὺς
3127 4226 3466 4300 ἀναλώσωμεν
3510 4228 3711 4298 λόγους,
3755 4217 3894 4282 λέγω·

2314 4325 2402 4391 μέν
2455 4339 2559 4384 σοι,
2610 4321 2673 4378 ὡς
2713 4325 3005 4389 φροιοῦμεν,
3047 4322 3136 4369 καὶ
3184 4317 3226 4369 εἰ
3271 4321 3360 4389 μὲν
3409 4319 3694 4376 πεισθείης,
3741 4301 3890 4357 καλωί

2314 4416 2493 4473 ποιεῖς,
2521 4408 2562 4460 εἰ
2593 4404 2651 4460 δε
2681 4413 2775 4478 μή,
2809 4410 2936 4478 πρὸς
2968 4410 3051 4457 τὸν
3107 4409 3233 4459 Θεὸν
3266 4409 3426 4478 ἔχεις,
3461 4407 3521 4458 οὗ
3561 4407 3627 4456 τὰ
3665 4396 3891 4465 δόγματα

2313 4497 2530 4559 ἀθετεῖς,
2565 4499 2589 4548 ὁ
2635 4494 2692 4548 δὲ
2724 4499 2813 4566 ἔφη
2852 4517 2862 4528 ·
2897 4498 2993 4566 ἐγὼ
3042 4504 3246 4571 πρῶτος
3287 4495 3415 4567 λέγω
3447 4515 3547 4567 μου
3581 4497 3672 4548 τὴν
3702 4488 3885 4571 πίστιν.

2312 4582 2419 4638 εἶτα
2448 4585 2581 4656 λέγει
2631 4586 2655 4634 6
2687 4583 2834 4654 ἅγιος
2869 4601 2880 4615 ο
2915 4587 3048 4640 κακὴ
3081 4567 3257 4644 πίστις
3289 4585 3334 4617 ⁸⁵
3367 4579 3504 4654 μηδὲ
3550 4567 3886 4648 ὀνομαζέσθω,

2310 4673 2438 4726 ἀλλά
2483 4673 2704 4744 λέγωμεν
2751 4675 2842 4729 τὴν
2897 4670 3177 4729 καθολικὴν
3222 4679 3311 4732 τῆς
3343 4671 3654 4729 Ἐκκλησίας
3685 4664 3878 4744 πίστινῗ

2307 4768 2397 4815 καὶ
2441 4763 2574 4833 λέγει
2623 4769 2692 4832 τῷ
2724 4759 2988 4831 ἐπισκόπῳ
3044 4760 3221 4815 εἰπεῖν.
3265 4760 3488 4821 ἑστῶτος
3519 4756 3604 4813 οὖν
3652 4756 3739 4804 τοῦ
3771 4744 3885 4837 luo."

2307 4854 2532 4925 ἄρχεται
2588 4849 2885 4901 ἐκτίθεσθαι
2939 4853 3030 4906 τὴν
3080 4853 3260 4901 πίστιν
3296 4851 3456 4910 οὕτως
3486 4867 3496 4877 ·
3556 4839 3781 4899 πιστεύω
3820 4842 3883 4927 εξ(

2308 4943 2392 4993 ἕνα
2444 4945 2571 4992 Θεόν
2625 4942 2822 5009 πατέρα
2874 4941 3282 5011 παντοκράτορα,
3335 4943 3421 4988 καὶ
3475 4939 3542 4997 εἰς
3588 4935 3670 4985 τὸν
3713 4926 3883 5013 ὁμοοῗ·

2309 5049 2420 5081 σιον
2451 5028 2609 5080 αὐτοῦ
2642 5033 2830 5096 Λόγον,
2883 5023 2956 5078 δι’
2987 5027 3046 5077 οὔ
3080 5026 3290 5084 ἐποίησε
3321 5030 3438 5086 τοὺς
3487 5027 3532 5060 ⁸⁵
3565 5022 3762 5075 αἰῶνας»
3803 5019 3880 5054 τον

2307 5117 2390 5170 ἐπὶ
2442 5116 2702 5186 συντελείᾳ
2750 5123 2847 5166 τῶν
2889 5115 3081 5166 αἰώνων
3116 5115 3185 5177 εἰς
3222 5114 3467 5172 ἀθέτησιν
3501 5123 3588 5172 τῆς
3637 5105 3879 5178 ἁμαρτιας

2308 5202 2713 5277 ἐπιδημήσαντα
2764 5203 2810 5254 ἐν
2869 5209 3043 5276 σαρκί,
3092 5204 3151 5262 ἣν
3201 5203 3254 5256 ἐκ
3305 5213 3398 5266 τῆς
3439 5204 3592 5277 ἁγίας
3639 5188 3876 5264 παρθένου

1873 5335 2125 5390 νΑΒΙΑΕ
2164 5329 2454 5389 LECTION
2462 5332 2564 5386 ES.

623 5438 670 5473 ⁷⁸
696 5439 860 5519 Haec
890 5458 1007 5519 vox
1046 5443 1106 5500 in
1153 5446 1352 5504 codice
1383 5453 1470 5505 est
1511 5449 1864 5506 difﬁcillima
1895 5450 1969 5505 ad
2002 5447 2347 5518 legendum.
2391 5447 2435 5481 π
2473 5445 2669 5519 Corr.,
2703 5441 2844 5519 cod.
2876 5442 3132 5519 sipario?
3153 5463 3289 5499 σαι.
3375 5446 3433 5519 τ’,
3455 5445 3533 5500 Ex
3565 5431 3740 5519 θοοὶ-ε

550 5512 1153 5596 καταγγιλὸμ-ενος,
1239 5521 1284 5555 ’⁷ο
1319 5523 1504 5596 C0rr_.,
1535 5519 1836 5596 οοᾷκού-δὲ
1886 5519 1944 5573 δε

552 5588 868 5662 μάντεσιἐ
929 5588 994 5662 ,⁸³
1025 5594 1179 5662 πρός
1205 5607 1325 5649 om.
1356 5594 1528 5661 cod.,
1574 5593 1780 5652 addidi
1813 5609 1883 5650 ex
1912 5588 2067 5649 Cotti.

552 5672 581 5707 τ
603 5671 675 5718 ης
749 5655 797 5694 ³⁸
831 5658 968 5717 Cod.
1002 5655 1128 5725 τας.

2213 5521 2259 5554 ⁸ο
2297 5521 2480 5583 Corr.,
2517 5517 2649 5571 cod.
2694 5515 2931 5587 ἐμπῐοῦν.

2148 5593 2192 5626 ⁸³
2233 5589 2326 5646 Sic
2358 5589 2490 5644 cod.
2533 5589 2578 5624 δι
2611 5585 2793 5653 Com,
2836 5586 2970 5645 (cd.
3021 5585 3459 5662 ἀνιὶιιφέναι.

3013 5516 3055 5552 ³³
3093 5518 3280 5582 Corr.,
3328 5517 3486 5581 cod.,
3545 5502 3887 5636 ῗαέμακῗίξ

3021 5585 3459 5636 ἀνίλιιωέναι,
3570 5586 3588 5619 ⁵
3661 5571 3733 5632 0d
3766 5573 3868 5619 πίσ
