4092 6252
255 217 362 275 213

1845 227 2049 286 ACTA.

3523 261 3628 317 2M

264 366 474 436 Μαρίας
530 361 692 432 ἕαυτῷ
767 363 1126 432 ὑπεστήσατο,
1202 369 1290 420 τὸν
1346 369 1711 441 σταυρωθέντα
1773 391 1832 425 κα

1974 365 2360 458 coessentiale
2373 368 2504 439 ejus
2527 371 2805 440 Verbum,
2828 391 2934 448 per
2945 379 3109 450 quod
3123 395 3272 439 aeva
3291 383 3446 456 fecit,
3460 385 3627 458 quod

267 450 590 504 ἀποθανόντα
658 455 748 504 καὶ
813 457 1036 524 ταφέντα
1094 455 1184 508 καί
1239 456 1534 510 ἀναστάντα
1589 468 1646 531 τῇ
1708 467 1858 535 τρίτη

265 542 450 613 ἡμέρᾳ,
510 547 597 592 καὶ
654 542 995 614 καθεζόμενον
1048 543 1096 595 ἐν
1147 540 1294 618 δεξιᾷ
1349 555 1441 600 τοῦ
1495 555 1714 620 πατρός,
1772 557 1861 604 καὶ

259 628 408 681 πάλιν
462 628 744 702 ἐρχόμενον
803 634 850 683 ἐν
899 641 971 703 τῷ
1037 634 1269 706 μέλλοντι
1331 637 1479 688 αἰῶνι
1527 647 1699 710 κρῖναι
1730 641 1863 700 ζῶν-

253 737 338 777 τας
390 724 480 770 καὶ
538 723 769 794 νεκρούς.
838 729 926 774 καὶ
989 723 1062 785 εἰς
1109 728 1165 776 τὸ
1232 732 1438 796 Πνεῦμα
1489 732 1547 779 τό
1599 729 1766 798 ἅγιον,
1802 734 1859 782 τὸ

248 808 534 876 όμοούσιον
555 818 628 879 τῷ
658 815 823 884 Πατρὶ
849 817 937 863 καὶ
967 820 1038 882 τῷ
1061 818 1216 882 Λόγῳ
1247 815 1433 872 αὑτοῦ,
1474 821 1770 890 πιστύωμεν
1800 816 1858 872 δὲ

242 901 332 947 καὶ
365 897 438 958 εἰς
478 896 773 951 ἀνάστασιν
799 899 981 971 ψυχῆς
1028 922 1117 954 και
1151 909 1408 975 σώματος,
1452 909 1620 967 καθὼς
1668 908 1801 979 λέγει
1831 911 1855 961 6

240 982 540 1048 ἀπόστολος
569 1006 582 1018 ·
618 993 883 1062 σπείρεται
923 999 1075 1061 σῶμα
1116 991 1364 1063 ψυχινόν,
1407 993 1659 1069 ἐγείρεται
1705 1006 1857 1069 σῶμα

238 1079 622 1145 πνευματικόν.
681 1082 768 1128 καὶ
801 1078 953 1129 πάλιν
988 1099 998 1112 ·
1051 1076 1132 1131 δεῖ
1170 1084 1271 1152 γὰρ
1317 1086 1374 1133 τό
1429 1085 1651 1154 φθαρτὸν
1703 1082 1854 1139 τοῦτο

242 1155 582 1211 ἐνδύσασθαι
630 1159 928 1233 ἀφθαρσίαν
958 1181 968 1193 ·
1004 1159 1143 1237 ὁρᾷς,
1187 1175 1294 1226 πῶς
1337 1166 1471 1237 λέγει
1509 1177 1660 1220 τοῦτο
1693 1188 1706 1235 ;
1738 1172 1762 1221 6
1794 1169 1852 1224 δε

242 1250 368 1316 πρὸς
400 1248 560 1300 αὑτὸν
593 1247 849 1324 ἀπεκρίθη
886 1269 897 1281 ·
933 1251 1046 1322 ἐμοὶ
1085 1255 1131 1288 ⁸⁷
1159 1259 1251 1312 τὴν
1283 1253 1337 1306 ἐκ
1377 1256 1542 1326 λόγων
1593 1263 1773 1310 πίστιν
1805 1262 1851 1295 ⁸⁸

238 1339 311 1404 μὴ
367 1342 652 1412 πρόσφερε,
709 1339 816 1391 ἀλλ’
869 1340 1161 1413 ἀπέλθωμεν
1215 1345 1286 1403 εἰς
1337 1347 1400 1396 τὰ
1457 1354 1702 1417 μνημεῖα,
1763 1355 1851 1401 καὶ

235 1425 322 1476 ἕνα
378 1433 484 1478 τῶν
531 1431 636 1480 ἒκεῖ
684 1433 926 1500 κειμένων
977 1429 1272 1489 ἀνάστησόν
1317 1454 1424 1504 μοι,
1473 1440 1561 1487 καὶ
1594 1433 1737 1502 οῖδα,
1770 1440 1850 1490 ὅτι

231 1514 408 1575 καλῶς
471 1525 703 1589 φρονεῖτε
751 1533 762 1546 ·
826 1517 930 1570 ἐπεὶ
961 1519 1060 1590 ἐγὼ
1107 1520 1293 1592 ψυχὴν
1323 1528 1492 1593 χωρὶς
1525 1525 1571 1558 ⁸⁹
1614 1532 1850 1597 σώματος

232 1601 376 1672 ἄγω.
449 1611 694 1678 στραφεὶς
734 1604 791 1658 δὲ
823 1610 847 1659 6
894 1609 1044 1678 άγιος
1105 1618 1370 1683 Μακάριος
1423 1613 1556 1684 λέγει
1622 1625 1692 1685 τῷ
1741 1615 1848 1668 ἐπι-

236 1695 446 1762 σκόπῳ*
493 1698 630 1764 μέγα
669 1701 845 1760 κακόν,
895 1699 974 1749 ὅτι
1017 1703 1339 1772 πειράζωμεν
1398 1705 1483 1753 τὸν
1539 1709 1684 1766 Θεόν,
1739 1705 1844 1756 ἀλλ’
1875 1706 1913 1758 Β

230 1776 362 1830 οῦδε
391 1784 508 1851 ἔχω
548 1783 862 1858 παρρησίαν,
899 1785 1123 1848 ἀξιῶσαι
1153 1792 1237 1840 τὸν
1278 1793 1398 1842 Θεὸν
1432 1788 1505 1843 δι’
1546 1796 1630 1843 ἕνα
1660 1790 1844 1865 δαιμο-

228 1873 411 1920 νιακὸν
464 1871 769 1928 τηλικοῦτον
826 1884 1038 1945 σημεῖον
1091 1881 1351 1947 γενέσθαι.
1403 1880 1536 1951 λέγει
1572 1883 1596 1932 6
1636 1881 1840 1934 ἐπίσκο-

229 1975 328 2019 πος
361 1978 372 1989 ·
442 1959 596 2031 όῦχί,
667 1965 851 2038 πάτερ,
925 1965 1052 2018 ἀλλά
1106 1963 1179 2018 δι’
1236 1967 1475 2040 ὁλόκλρον
1541 1977 1838 2045 παροικίαν.

229 2050 344 2099 τότε
395 2046 726 2122 ἀπέρχονται
784 2053 875 2114 ἕως
933 2063 1030 2106 τῶν
1083 2059 1386 2128 μνημάτων,
1436 2065 1524 2111 καὶ
1564 2062 1840 2133 ἄρχεταιὸ

224 2134 520 2210 Ἱερακίτης
561 2138 923 2194 ἐπικακεῖσθαι
973 2141 1222 2215 δαίμονα,
1276 2147 1334 2198 ού
1365 2151 1465 2222 γὰρ
1502 2146 1568 2206 δή
1612 2170 1709 2201 που
1741 2151 1840 2222 ψυ-

221 2230 330 2296 χήν
372 2225 613 2285 ἠδύνατο
664 2228 940 2300 ἀναγαγεῖν
988 2233 1144 2303 ψιλὴν
1203 2241 1290 2288 καὶ
1340 2243 1566 2308 γυμνήν.
1630 2245 1719 2291 καὶ
1775 2244 1838 2302 ὡς

222 2312 370 2367 οὐδὲν
418 2320 679 2388 ἴσχυσεν,
728 2321 986 2373 άντέκειτο
1027 2319 1084 2374 δὲ
1123 2324 1262 2395 αὐτῷ
1315 2325 1513 2388 ἀληθῶς
1540 2333 1596 2380 τό
1633 2336 1838 2401 Πνεῦμα

220 2407 275 2455 τὸ
299 2405 472 2475 οἰγίον,
519 2407 659 2476 λέγει
691 2408 860 2468 αὑτοῖς
901 2426 911 2436 ·
955 2406 1045 2462 διὰ
1075 2417 1162 2470 τὴν
1196 2413 1440 2467 ἀπιστιαν
1473 2419 1613 2488 ὑμῶν
1654 2419 1710 2470 οὐ
1744 2417 1833 2472 δύ-

216 2513 377 2564 ναμαι
431 2495 647 2566 ἀνάγειν
689 2498 749 2551 9ο.
799 2509 1134 2572 παραχρῆμα
1182 2499 1239 2555 δὲ
1293 2501 1546 2576 δριμύξας
1591 2507 1769 2560 ἑαυτὸν
1809 2512 1832 2561 6

217 2587 497 2656 Μακάριος
574 2585 776 2656 ἔκαμψε
832 2590 896 2639 τὰ
941 2593 1154 2658 γόνατα,
1226 2590 1390 2662 μηδὲν
1448 2597 1828 2668 ὑποσχόμενος,

214 2677 300 2724 καὶ
356 2676 499 2747 ὦραν
548 2678 672 2744 μίαν
719 2683 1034 2747 παρατείνας
1076 2682 1125 2731 ἐν
1165 2689 1225 2753 τῇ
1278 2683 1410 2755 εῦχῇ
1455 2688 1585 2756 μετά
1628 2688 1830 2740 πάντων

217 2759 436 2819 ἀνέστη,
501 2768 594 2814 καὶ
648 2764 815 2834 τύψας
866 2769 908 2802 ⁹¹
955 2777 1025 2837 τῷ
1069 2768 1207 2841 βαῖῳ
1240 2776 1296 2822 τὸ
1337 2782 1518 2844 μνῆμα
1561 2807 1604 2816 ν
1641 2777 1690 2828 oi
1728 2782 1828 2851 γὰρ

215 2847 408 2922 ῥάϐδοι
463 2861 566 2903 τῶν
623 2853 726 2906 ἐκεῖ
765 2865 1011 2926 μοναχῶν
1066 2859 1119 2910 ἐκ
1161 2859 1327 2930 βαῐῳν
1369 2863 1498 2915 εἰσίν
1540 2897 1603 2904 -
1644 2865 1828 2939 ἐγείρει

218 2939 510 3010 ἄνθρωπον,
581 2943 687 3013 οὑχ
738 2945 980 3014 ὑπόγειόν
1041 2967 1159 3000 τινα
1240 2952 1356 3021 ἄρτι
1430 2953 1824 3022 τελευτήσαντα,

1972 450 2031 504 in
2064 459 2585 516 consummatione
2617 467 2952 536 temporum
2985 469 3042 522 in
3075 469 3460 529 abolitionem
3492 491 3626 546 pec-

1972 541 2086 595 cati
2126 546 2407 614 apparuit
2434 548 2493 602 iu
2525 565 2724 616 carne,
2759 570 2943 626 quam
2977 574 3007 612 e
3048 564 3257 615 sancta
3285 563 3462 618 Maria
3502 564 3622 618 vir-

1971 631 2108 698 gine
2140 643 2500 704 susceperat,
2534 642 2700 710 quod
2731 644 3103 711 cruciﬁxum,
3137 654 3439 706 mortuum
3461 656 3517 705 et
3539 668 3624 708 se-

1971 719 2204 788 pultum
2249 729 2336 778 est
2379 731 2432 779 et
2482 732 2799 786 resurrexit
2840 735 3004 788 tertia
3051 737 3165 800 die,
3218 739 3501 810 sedetque
3546 741 3624 796 ad

1968 808 2237 866 dextram
2265 815 2468 883 patris,
2492 833 2561 871 ac
2590 819 2787 874 denuo
2812 829 3128 879 venturum
3152 831 3241 881 est
3267 828 3322 880 in
3357 808 3622 899 tempore

1968 896 2182 962 futuro,
2212 901 2483 969 judicare
2525 905 2687 962 vivos
2718 914 2775 964 et
2805 917 3070 967 mortuos
3107 921 3204 978 ;et
3239 916 3296 969 in
3341 917 3621 987 Spiritum

1968 993 2261 1054 sanctum,
2289 993 2439 1047 Patri
2455 995 2702 1067 ejusque
2718 999 2904 1055 Verbo
2928 1003 3415 1072 coessentialem;
3441 1007 3619 1062 credo

1966 1076 2022 1130 in
2079 1081 2571 1138 resurrectionem
2632 1102 2874 1159 quoque
2924 1092 3162 1147 animae
3221 1099 3277 1146 et
3327 1096 3614 1166 corporis,

1965 1166 2114 1220 sicut
2157 1171 2464 1239 apostolus
2505 1174 2583 1228 ait
2626 1191 2638 1228 ε
2684 1177 3020 1233 Seminatur
3068 1197 3286 1252 corpus
3324 1185 3613 1249 naturale,

1964 1257 2279 1312 suscitatur
2327 1276 2546 1330 corpus
2588 1264 2890 1334 spirituale
2924 1285 2936 1333 ;
2977 1275 3031 1322 et
3071 1285 3275 1324 rursus
3317 1287 3330 1323 :
3376 1272 3618 1342 Oportet

1962 1345 2120 1399 enim
2149 1348 2528 1416 corruptibile
2560 1350 2671 1407 hoc
2701 1354 2947 1410 induere
2973 1357 3614 1429 incorruptibilitatem.

1964 1434 2095 1488 Post
2125 1435 2271 1490 haec
2302 1439 2581 1493 Macarius
2622 1442 2916 1498 baeretico
2947 1461 2959 1499 :
2997 1447 3186 1511 Vides,
3222 1448 3433 1519 inquit,
3467 1450 3615 1520 quid

1959 1522 2133 1577 dicat.
2178 1527 2231 1578 Is
2273 1542 2411 1582 vero
2457 1530 2777 1600 respondet
2819 1553 2830 1590 :
2875 1534 3004 1589 Mihi
3052 1536 3297 1606 quidem
3340 1554 3369 1591 e
3421 1538 3613 1594 verbis

1959 1613 2077 1667 noli
2124 1614 2304 1670 ﬁdem
2347 1617 2576 1681 afferre,
2612 1621 2714 1674 sed
2761 1638 2968 1677 eamus
3019 1628 3096 1679 ad
3141 1626 3456 1697 sepulchra
3510 1645 3522 1685 :
3565 1629 3610 1682 si

1958 1718 2144 1757 unum
2163 1719 2231 1758 ex
2253 1704 2329 1758 ibi
2346 1707 2684 1774 jacentibus
2705 1712 3106 1777 suscitaveris,
3125 1715 3311 1769 sciam
3335 1732 3438 1770 vos
3457 1717 3608 1772 bene

1955 1792 2187 1856 sentire,
2233 1794 2362 1864 ipse
2410 1809 2520 1864 ego
2569 1798 2834 1853 animam
2875 1801 3000 1854 sine
3046 1817 3293 1871 corpore
3335 1803 3608 1859 afferam.

1956 1881 2205 1935 Sanctus
2235 1898 2371 1936 vero
2408 1885 2694 1940 Macarius
2724 1889 2800 1940 ad
2840 1890 3192 1960 episcopum
3231 1908 3554 1947 conversus
3592 1910 3603 1947 :

1953 1969 2215 2035 Multum,
2253 1971 2464 2043 inquit,
2501 1973 2667 2028 nefas
2696 1991 2861 2041 sane,
2907 1980 3089 2032 Deum
3135 1984 3377 2043 tentare,
3412 1997 3606 2053 neque

1951 2057 2335 2126 dignaturum
2366 2079 2496 2116 esse
2514 2079 2648 2117 eum
2677 2071 3117 2135 propterunum
3140 2068 3603 2124 daemoniacum

1952 2148 2128 2219 276
2150 2155 2379 2204 tantum
2394 2150 2583 2206 facere
2597 2154 2834 2220 signum
2853 2155 3112 2209 conﬁdo.
3131 2158 3470 2227 Respondet
3485 2159 3607 2230 epi-

1949 2255 2194 2310 scopus:
2216 2239 2467 2304 Minime,
2500 2247 2692 2312 pater;
2724 2249 3136 2298 verumtamen
3156 2250 3393 2316 propter
3419 2253 3601 2303 totam

1947 2328 2329 2383 vicinitatem.
2368 2331 2528 2383 Tunc
2568 2330 2845 2384 abierunt
2882 2332 2959 2386 ad
3004 2333 3336 2402 sepulchra.
3390 2335 3604 2407 Incipit

1948 2416 2234 2472 Hieracita
2265 2418 2541 2472 invocare
2573 2418 2954 2484 daemonem,
2990 2422 3094 2476 sed
3129 2423 3374 2477 minime
3411 2426 3602 2494 potuit

1944 2506 2212 2560 animam
2244 2523 2494 2562 evocare
2534 2512 2774 2563 tenuem
2805 2515 2860 2564 et
2900 2509 3148 2564 nudam.
3186 2513 3379 2576 Quum
3419 2513 3602 2582 igitur

1945 2595 2087 2649 nihil
2106 2595 2393 2673 effecisset
2417 2629 2472 2635 —
2495 2597 2605 2666 ipsi
2624 2599 2782 2652 enim
2807 2600 3182 2668 repugnabat
3203 2601 3440 2671 spiritus
3465 2619 3601 2657 san-

1943 2692 2090 2749 ctus,
2121 2685 2298 2738 —-iis:
2326 2687 3302 2758 Propterincredulitatem,inquit,
3335 2695 3596 2746 vestram

1941 2790 2059 2828 non
2084 2790 2336 2845 possum
2367 2775 2630 2829 animam
2662 2792 2927 2831 evocare.
2965 2777 3170 2832 Statim
3204 2780 3488 2833 Macarius
3513 2780 3600 2834 in-

1939 2863 2219 2933 dignatus
2278 2878 2476 2930 genua
2529 2864 2726 2928 ﬂectit,
2788 2865 2933 2918 nihil
2993 2881 3131 2920 vero
3193 2868 3484 2936 promisit,
3543 2876 3597 2923 et

1937 2967 2126 3022 quum
2160 2967 2344 3007 unam
2384 2952 2596 3007 horam
2640 2954 2696 3006 in
2738 2954 3003 3008 oratione
3035 2961 3491 3024 perseverasset,
3534 2957 3594 3011 in

222 3025 350 3079 ἀλλὰ
403 3038 505 3082 τῶν
547 3031 808 3103 ἀρχαίων.
864 3039 952 3087 καὶ
1003 3045 1154 3108 φωνεῖ
1196 3043 1281 3090 τὸν
1323 3040 1524 3115 Ἱέρακα
1558 3049 1646 3095 καὶ
1691 3045 1825 3116 λέγει

1943 3046 2264 3111 conspectu
2304 3041 2575 3094 omnium
2627 3042 2877 3095 surrexit
2923 3048 2978 3095 et
3023 3043 3338 3110 sepulchro
3389 3044 3595 3114 palma

222 3115 360 3186 αύτῷ
399 3133 412 3147 ⁸
454 3119 692 3182 ὶξέτασον
722 3131 929 3188 τοῦτον,
973 3126 1015 3178 εἰ
1055 3126 1306 3199 ἐγείρεται
1339 3140 1513 3201 σῶμα.
1556 3134 1581 3184 6
1614 3131 1672 3185 δὲ
1697 3133 1820 3186 ἀπο-

219 3203 392 3272 ψύξας
439 3209 482 3242 ⁰²
511 3217 597 3260 τοῦ
633 3207 882 3283 δαίμονος
930 3214 1089 3267 αὑτοῦ
1131 3217 1576 3293 ὑποχωρήσαντος
1624 3221 1706 3274 ἐπὶ
1753 3232 1823 3293 τῷ

224 3293 515 3367 τηλικούτῳ
574 3307 768 3372 σημείῳ
824 3307 1003 3356 πίπτει
1049 3306 1117 3366 εἰς
1163 3311 1281 3370 τοὺς
1321 3306 1492 3372 πόδας
1541 3319 1632 3363 τοῦ
1676 3313 1822 3383 ἁγίου

233 3384 362 3450 μετὰ
404 3389 586 3448 παντὸς
629 3397 718 3441 τοῦ
746 3390 888 3444 λαοῦσ
946 3397 1237 3457 ζητούντων
1272 3394 1328 3450 δὲ
1376 3400 1531 3451 αὑτὸν
1581 3410 1822 3473 φονεῦσαι

232 3471 290 3520 οὑ
342 3480 721 3546 συνεχώρησεν,
775 3478 878 3531 ἀλλ’
929 3481 1196 3554 ἀπήγαγεν
1254 3487 1408 3539 αὑτὸν
1457 3490 1528 3551 εἰς
1580 3496 1672 3550 τὴν
1708 3495 1821 3564 ἔρη-

222 3578 336 3628 μον.
366 3569 491 3632 φησί
546 3562 620 3629 δέ,
678 3571 750 3620 ὅτι
801 3569 1399 3642 ἐρωτηθεὶςόάναστάς,
1446 3579 1488 3630 εἰ
1541 3578 1820 3634 ἐπίσταται

222 3650 305 3697 τὸν
352 3657 594 3722 Χριστόν,
648 3659 761 3728 ἔφη,
814 3660 898 3710 ὅτι
947 3657 1061 3712 οὐδ’
1104 3663 1380 3721 ἀκηκοέναι
1437 3667 1589 3720 αὑτὸν
1647 3671 1814 3742 [Calui].

219 3741 402 3810 Φαραὼ
481 3745 579 3815 γὰρ
663 3744 923 3816 βασιλέως
980 3750 1174 3822 εἰρήκει
1217 3754 1627 3814 τετελευτηκέναι
1696 3761 1816 3831 [πρὸ

217 3835 306 3886 τῆς
352 3838 645 3903 παρουσίας
689 3844 782 3887 τοῦ
833 3845 1066 3910 Χριστοῦ
1126 3838 1186 3913 ἦν
1229 3844 1350 3914 θ³.]
1406 3843 1670 3916 βαπτίσας
1729 3846 1814 3900 οὖν

215 3919 366 3968 αὑτὸν
423 3917 537 3992 εἶχε
575 3925 685 3993 μεθ’
743 3924 927 3978 ἑαυτοῦ
975 3931 1057 3986 ἔτη
1107 3935 1228 4004 τρία
1265 3937 1358 3991 τὴν
1408 3934 1572 3995 ἀληθῆ
1638 3937 1814 3990 λοιπὸν

213 4011 458 4077 κοίμησιν
511 4014 846 4083 κοιμηθέντα,
896 4018 962 4076 ὡς
1023 4017 1268 4092 ἁρμόζειν
1319 4021 1394 4074 ἐπ’
1436 4024 1592 4076 αὑτὸν
1620 4030 1704 4077 τὸν
1736 4027 1813 4079 λό-

211 4112 298 4165 γον
328 4105 418 4149 τοῦ
452 4105 673 4172 Κυρίου,
720 4104 800 4154 ὀτι
831 4105 944 4157 οὔτε
973 4106 1118 4168 οὗτος
1163 4111 1389 4183 ἥμαρτεν
1429 4115 1545 4165 οὔτε
1570 4117 1617 4166 οὶ
1647 4124 1812 4186 γονεῖς

211 4183 389 4250 αὑτοῦ,
422 4185 530 4239 ἀλλ’
562 4190 643 4241 ἵνα
695 4195 956 4265 φανερωθῇ
1003 4197 1048 4230 ⁹⁴
1078 4199 1107 4254 ἡ
1147 4195 1278 4260 δόξα
1309 4208 1398 4252 τοῦ
1439 4209 1592 4269 Θεοῦ,
1635 4205 1810 4278 ἠρώτα

211 4268 348 4326 οὖνὸ
407 4275 694 4340 ἐπίσκοπος
741 4284 827 4332 τὸν
881 4283 1030 4353 οἷγιον
1096 4289 1385 4360 Μακάριόν,
1433 4290 1476 4341 εἱ
1527 4291 1680 4352 ἀνέϐη
1725 4294 1807 4348 ἐπὶ

1939 3129 2178 3201 pulsato
2193 3162 2257 3169 —
2281 3129 2477 3184 baculi
2499 3130 2678 3194 enim,
2700 3129 2919 3201 quibus
2941 3130 3216 3185 monachi
3233 3130 3386 3185 illius
3405 3132 3595 3201 regio-

1936 3221 2026 3274 nis
2041 3225 2305 3288 utuntur,
2323 3218 2472 3273 rami
2489 3217 2824 3289 palmarum
2847 3223 2989 3272 sunt
3003 3250 3068 3257 —
3081 3219 3389 3274 hominem
3407 3221 3594 3276 susci-

1936 3314 2018 3364 tat
2040 3323 2158 3363 non
2187 3309 2244 3362 in
2272 3313 2424 3362 terra
2443 3306 2770 3372 defossum,
2805 3323 2996 3376 nuper
3026 3312 3354 3377 mortuum,
3386 3310 3490 3364 sed
3518 3326 3590 3366 ex

1934 3399 2198 3470 antiquis
2230 3399 2512 3469 aliquem.
2554 3398 2698 3450 Tum
2729 3395 3016 3451 Hieracita
3047 3403 3252 3452 vocato
3291 3413 3302 3451 :
3339 3399 3588 3464 Quaere,

1932 3489 2142 3559 inquit,
2175 3503 2247 3542 ex
2276 3487 2410 3550 hoc,
2454 3502 2598 3540 num
2635 3486 2947 3540 suscitetur
2984 3501 3223 3556 corpus.
3270 3488 3380 3550 Qui
3421 3490 3588 3543 tanto

1933 3578 2103 3648 signo
2125 3577 2520 3641 exanimatus,
2542 3580 2864 3646 postquam
2894 3573 3153 3630 daemon
3179 3575 3256 3630 ab
3279 3591 3348 3631 eo
3371 3576 3590 3632 disces-

1931 3668 2024 3728 sit,
2069 3668 2145 3721 ad
2189 3666 2370 3736 pedes
2418 3665 2600 3718 sancti
2654 3665 3001 3734 provolutus
3050 3670 3138 3719 est
3182 3680 3319 3719 cum
3367 3671 3586 3721 cuncto

1930 3756 2174 3826 populo.
2206 3756 2401 3819 Quum
2431 3770 2569 3808 vero
2594 3769 2730 3807 eum
2760 3752 3025 3807 occidere
3057 3759 3432 3824 quaererent,
3464 3757 3581 3810 Ma—

1928 3845 2126 3899 carius
2163 3860 2266 3899 eos
2308 3843 2632 3914 prohibuit,
2675 3846 2854 3913 atque
2889 3843 2947 3896 in
2984 3857 3253 3896 eremum
3292 3857 3431 3897 eum
3472 3842 3583 3898 ab-

1925 3934 2110 3989 duxit.
2155 3933 2479 3989 Suscitatus
2523 3938 2722 3986 autem
2763 3930 3187 3999 interrogatus,
3235 3947 3380 3986 num
3425 3931 3581 3987 Chri-

1926 4029 2084 4077 stum
2119 4021 2510 4093 proﬁteretur,
2556 4019 2776 4073 dixisse
2818 4018 3019 4082 fertur,
3062 4036 3123 4073 se
3171 4034 3244 4074 ne
3279 4019 3581 4075 audivisse

1923 4112 2164 4187 quidem
2199 4112 2272 4165 de
2305 4125 2373 4163 eo
2405 4111 2463 4162 in
2511 4107 2630 4164 vita
2675 4123 2806 4162 sua.
2850 4106 3174 4162 Pharaonis
3227 4107 3385 4162 enim
3420 4108 3576 4176 regis

1923 4213 2189 4269 tempore
2220 4216 2282 4255 se
2321 4199 2538 4253 obiisse
2568 4196 2733 4259 dixit,
2772 4195 3027 4267 ideoque
3068 4199 3205 4250 ante
3244 4195 3573 4252 adventum

1922 4293 2127 4349 Christi
2178 4290 2337 4344 vixit.
2386 4289 2574 4353 Quem
2623 4301 2811 4354 quum
2852 4283 3215 4354 baptizasset
3263 4287 3574 4351 Macarius,

209 4366 296 4418 τὸν
321 4361 547 4431 καρδίαν
579 4367 739 4420 αὑτοῦ
780 4367 910 4433 δόξα
948 4377 1208 4427 τοσούτων
1260 4378 1620 4433 ὑποπεσόντων
1666 4383 1805 4456 αύτῷ

1943 4398 2124 4437 tecum
2169 4379 2378 4435 habuit
2417 4381 2529 4430 tres
2575 4390 2786 4438 annos,
2833 4373 3052 4445 quibus
3102 4373 3318 4444 elapsis
3365 4389 3569 4429 veram

209 4449 290 4501 ἐπὶ
331 4451 401 4522 τῷ
447 4454 742 4528 τηλικούτῳ
785 4466 1027 4532 σημείῳ;
1085 4469 1175 4516 καὶ
1226 4464 1480 4540 ἀπεκρίθη
1540 4468 1707 4542 αὐτῷ·
1746 4474 1806 4525 οὗ

208 4539 235 4594 ἡ
286 4539 498 4614 καρδύα
532 4545 735 4615 σχολὴν
785 4550 901 4618 ἔχει
950 4547 1107 4613 δόξαν
1139 4552 1420 4626 ἀνθρώπων
1473 4539 1807 4633 παραϐλέψα-

210 4629 348 4693 σθαι,
382 4631 463 4684 ὃτι
494 4633 644 4696 οὗτος
677 4640 806 4689 Θεὸν
845 4642 934 4709 μὲν
984 4644 1127 4693 οὔπω
1178 4646 1331 4714 ἕγνῶ.
1368 4647 1393 4698 ὃ
1441 4645 1499 4700 δὲ
1529 4656 1690 4715 ποιεῖ,
1724 4651 1802 4703 ἀν-

209 4717 426 4787 θρώποις
456 4731 620 4778 ποιεῖ.
656 4726 680 4775 ό
724 4723 782 4778 δε
830 4726 1066 4790 ἀξιωθεὶς
1097 4730 1335 4806 ἐπιπνοίᾳ
1365 4743 1516 4807 Θεοῦ,
1557 4737 1604 4790 ἂν
1637 4740 1805 4810 πολλῷ

207 4803 363 4876 ἀγῶνί
413 4810 557 4863 ἔστιν
615 4815 784 4887 ὥσπερ
845 4815 926 4870 ἐπὶ
978 4818 1136 4891 ξυροῦ
1167 4803 1345 4891 ἑστώς,
1389 4826 1694 4900 φοϐούμενος
1731 4836 1802 4902 μὴ

206 4893 422 4970 ἐκπέσῃ,
467 4903 494 4952 6
548 4910 778 4966 τοιοῦτος
836 4911 959 4978 μίαν
1016 4914 1176 4981 μόνην
1226 4912 1504 4987 ἐπιθυμίαν
1557 4919 1690 4990 ἔχει,
1749 4925 1804 4974 τὸ

209 4981 413 5046 ἐξελθεῖν
462 4992 519 5044 ἑκ
571 4999 663 5045 τοῦ
718 4999 977 5067 σώματος.
1018 5000 1136 5073 περί
1191 5005 1292 5076 γὰρ
1353 4981 1510 5068 δόξης
1733 5009 1805 5072 εἰς

1918 4472 2010 4527 ille
2069 4467 2494 4524 dormitionem
2554 4461 2860 4532 dormivit,
2921 4463 3022 4527 ita,
3095 4467 3156 4516 ut
3218 4462 3268 4516 ei
3334 4466 3570 4533 aptetur

1918 4561 2159 4615 verbum
2225 4554 2455 4610 Domini
2516 4569 2527 4607 :
2598 4554 2799 4622 Neque
2866 4550 2959 4606 hic
3018 4550 3306 4620 peccavit,
3370 4565 3566 4622 neque

1915 4653 2191 4722 parentes
2265 4644 2415 4714 ejus,
2485 4641 2589 4696 sed
2675 4643 2736 4694 ut
2803 4638 3094 4694 reveletur
3173 4638 3362 4709 gloria
3444 4639 3567 4694 Dei.

1918 4735 2300 4805 Interrogavit
2335 4737 2533 4788 autem
2565 4730 2882 4800 episcopus
2915 4734 3191 4784 sanctum
3224 4728 3565 4794 Macarium,

1917 4845 1992 4884 an
2046 4841 2167 4882 non
2200 4823 2393 4893 gloria
2436 4819 2496 4874 in
2533 4835 2632 4874 cor
2671 4819 2797 4888 ejus
2841 4817 3194 4883 ascenderit,
3243 4824 3363 4872 tam
3413 4816 3566 4872 mul-

1916 4920 1987 4974 tis
2017 4920 2154 4972 ante
2196 4929 2334 4968 eum
2362 4906 2894 4982 procumbentibus
2919 4907 2997 4962 ob
3039 4911 3268 4963 tantum
3300 4907 3564 4978 signum.

1916 5006 2022 5064 Cui
2059 5001 2381 5075 respondet
2426 5016 2439 5054 :
2484 4998 2663 5068 Cujus
2708 5011 2809 5053 cor
2854 4996 3047 5052 otium
3086 4995 3266 5052 habet
3303 4996 3557 5067 gloriam

1543 5187 1797 5244 VARIAE
1837 5185 2126 5244 LECTION
2135 5184 2240 5240 ES.

257 5342 320 5426 ,ξτ
352 5349 703 5426 Corr_,_cod.
734 5353 862 5426 ἐμὴ.
944 5357 989 5392 ⁸⁸
1013 5359 1155 5414 Cod.
1185 5364 1385 5420 πίστη
1402 5385 1444 5415 ν.
1527 5366 1572 5400 ⁸ο
1605 5365 1746 5420 Cod.

215 5413 385 5503 τίκξας.
468 5413 729 5486 “Corn,
765 5413 906 5481 'cod.
944 5413 1326 5503 ἀποψύχας.

1409 5385 1444 5415 ν.
1527 5382 1572 5400 οι
1605 5382 1746 5420 uoa.
1792 5382 2029 5438 χωρης,
2109 5382 2156 5396 ’ν
2193 5382 2271 5414 nx
2301 5382 2480 5422 60111.,
2513 5382 2645 5412 uuu.
2678 5382 2970 5437 ava‘ylsw.
2998 5426 3008 5436 ι
3051 5382 3094 5391 ⁷·
3127 5382 3384 5436 Εεωῦυυ,.
3420 5382 3558 5409 uuu.

1409 5437 1454 5469 ³³
1489 5437 1679 5491 Verba
1711 5438 1877 5490 uncis
1913 5434 2146 5489 inclusa
2185 5434 2285 5485 aut
2316 5429 2518 5498 glossa
2556 5443 2628 5482 ex
2659 5443 2928 5497 margine
2963 5441 3054 5498 _1n
3103 5431 3330 5498 textum
3372 5424 3559 5498 illata,

2108 5362 2157 5396 9°
2190 5361 2271 5414 Ex
2301 5356 2480 5422 coni.,
2513 5354 2645 5412 cod.
2678 5354 2970 5426 ἀνάγειν.
3050 5354 3094 5391 ⁸1
3126 5353 3558 5426 Εωθῑιάλοοᾶ.

219 5490 470 5586 :Utloc'o
505 5511 615 5548 suo
643 5503 805 5552 mola
821 5515 956 5584 ~esse
984 5490 1526 5586 vidépﬁtﬁirprocem
1557 5490 1662 5568 ζῶν
1684 5509 1759 5563 ad
1795 5508 1974 5562 verba
1993 5507 2120 5586 πρό
2136 5510 2231 5562 τῆς
2260 5490 2553 5586 πυξοοιζσίας
2577 5495 3015 5586 τεῦ-βριπίζῡμῆγ
3047 5503 3353 5586 Rem???
3373 5496 3560 5586 c399}:

221 5553 779 5652 dei-im.‘Fortencorr.
815 5571 929 5641 ἔφη,
964 5553 1526 5634 δέὶίίὲιῐὲπὶὲκηκοέίἑιῖ
1561 5553 1759 5644 61316;:-
1791 5581 1880 5652 ὅτι
1911 5580 2010 5652 πρὸ
2045 5553 2490 5652 ΙΤῆς-παρουσίας
2521 5579 2624 5652 Δτοῦ
2668 5553 2901 5644 Χρῖστοῦ
2937 5570 3036 5632 ζῶν
3068 5565 3148 5626 ἧν.
3191 5569 3370 5638 φαραώ
3409 5566 3562 5638 (cod.

225 5636 433 5704 οβοιροιοῦ)
465 5639 564 5710 γὰρ
598 5636 854 5711 βασιλέως
882 5643 1075 5717 εἰρήκει
1105 5645 1512 5710 τετελευτηκέναι
1588 5653 1636 5689 ⁹⁴
1667 5636 2116 5718 Emend.,'cod.
2155 5636 2645 5720 ἦνοίφαν⁶Ρὼθη⁰
