4092 6252
535 278 645 332 215

1451 279 1550 334 SS.
1595 276 2075 332 MACARIORL‘M
2121 275 2439 331 AEGYPTll
2491 275 2570 329 ET
2612 273 3093 330 ALEXANDRlNl
3799 271 3892 326 246

529 401 846 459 hominum
876 405 1254 476 respiciendi,
1288 406 1333 459 is
1369 409 1548 460 Deum
1580 404 1848 459 nondum
1884 403 2179 470 cognovit.

2293 401 2481 453 ἔννοιαν
2508 403 2744 472 ἔρχεται,
2777 396 3077 470 ὑπόδειγμα
3119 398 3165 434 ⁸⁸
3214 393 3501 450 δὲδίδωσιν
3531 396 3670 468 αὐτῷ
3705 405 3905 464 τοιοῦτο,

535 493 707 562 277
738 496 787 546 ls
805 493 984 558 enim,
1009 495 1299 566 quidquid
1325 494 1482 559 facit,
1507 493 1850 548 hominibus
1885 492 2040 547 facit.
2072 491 2179 556 Qui

535 596 676 635 vero
699 581 915 650 dignus
940 591 1028 637 est
1053 583 1290 638 habitus
1316 583 1516 637 afﬂatu
1546 583 1665 646 Dei,
1695 584 1741 635 is
1763 582 1820 635 in
1855 582 2041 636 multo
2063 597 2182 636 cer-

533 670 760 724 tamine
793 677 1071 733 versatur,
1107 673 1276 742 quasi
1305 673 1360 726 in
1389 672 1687 726 novacula
1714 676 1910 734 staret,
1947 677 2179 734 timens,

534 773 607 811 ne
639 758 895 814 decidat.
939 760 1088 814 Talis
1122 776 1307 815 unum
1351 761 1544 815 solum
1583 760 1766 814 habet
1798 760 2180 824 desiderium,

532 847 872 916 egrediendi
898 849 1120 904 scilicet
1141 868 1170 903 e
1195 865 1464 920 corpore.
1493 849 1661 913 Quod
1680 864 1816 902 vero
1838 847 1913 902 ad
1930 849 2180 916 gloriam

531 937 754 1000 attinet,
786 937 930 991 haec
958 939 1008 991 ei
1042 955 1113 993 ne
1146 941 1202 992 in
1235 946 1492 993 mentem
1527 938 1770 1009 quidem
1807 936 1980 992 venit.
2022 940 2183 991 Hanc

530 1029 727 1079 autem
778 1025 829 1078 ei
862 1026 1197 1082 doctrinam
1245 1027 1448 1082 dedit:
1504 1028 1710 1081 Adduc
1757 1027 1920 1090 mihi,
1968 1025 2178 1096 inquit,

529 1111 790 1182 aliquem
849 1116 904 1168 in
940 1117 1088 1169 mari
1139 1116 1549 1170 ambulantem
1592 1122 1646 1169 et
1697 1115 1926 1169 coelum
1979 1130 2183 1168 versus

528 1200 734 1256 oculos
758 1202 814 1255 in
844 1203 1052 1266 solem,
1087 1206 1260 1274 cujus
1295 1205 1476 1258 radiis
1512 1209 1896 1269 sustentetur,
1924 1203 2187 1272 deﬁgen-

529 1293 668 1353 tem,
705 1292 795 1344 cui
829 1293 962 1362 quis
995 1294 1361 1363 praecipiat:
1394 1293 1448 1347 Si
1478 1292 1699 1359 locum,
1733 1292 1788 1345 in
1823 1308 1946 1362 quo
1975 1292 2185 1346 ambu-

527 1377 637 1440 las,
672 1380 908 1449 aspicis,
935 1381 991 1434 in
1025 1397 1186 1435 mare
1216 1381 1643 1449 submergeris,
1674 1381 1819 1450 quid
1846 1383 1898 1434 ei
1932 1381 2179 1443 accidet,

2291 496 2380 542 καί
2432 509 2629 561 φησιν’
2678 494 2879 561 ἣγησαί
2931 492 3022 561 μοί
3068 507 3182 539 τινα
3258 485 3338 538 ἐπὶ
3400 487 3634 559 θαλάσσῂ
3706 507 3908 560 περιπα-

2291 587 2478 631 τοῦντα
2516 585 2604 631 καὶ
2644 580 2714 640 εἰς
2750 580 2964 652 οὐρανὸν
3019 577 3316 636 ἀτενίζοντα
3372 574 3442 646 τῷ
3501 575 3627 646 ἡλίῳ
3681 577 3773 626 ὑπὸ
3824 585 3909 627 τῶν

2293 668 2509 720 ἀκτίνων
2559 669 2717 720 αὐτοῦ
2788 668 3181 740 βασταζόμενον
3225 684 3235 693 ·
3304 674 3374 715 τῶ
3425 668 3638 735 τοιούτῳ
3695 667 3912 717 ὑποτίθε-

2291 764 2374 810 ταί
2414 778 2506 827 τις,
2561 761 2658 821 ὅτι,
2691 760 2773 809 ἐὰν
2826 754 2951 828 ἴδῃς
3009 759 3056 790 9⁸
3109 759 3195 806 τὸν
3225 773 3401 817 τοπον,
3451 754 3523 825 ἐφ’
3571 754 3607 804 ὧ
3651 756 3693 788 9⁷
3736 753 3914 806 ἐπιϐαί-

2291 867 2412 912 νεις,
2463 853 2715 899 ποντώσει
2764 849 2831 907 ",
2889 851 2939 896 τί
2985 844 3044 895 ἂν
3100 846 3258 895 πάθοι
3322 845 3714 916 παρακούσας;
3771 843 3913 903 οὕτως

2293 937 2408 1006 ὁτῇ
2441 938 2486 968 ’9
2546 944 2636 987 τοῦ
2700 943 2831 988 Θεοῦ
2891 931 3018 1005 δόξῃ
3079 933 3376 992 ἐτατενίζων
3430 938 3583 982 πατεῖ
3645 935 3732 989 τὴν
3791 934 3916 1002 παρὰ

2293 1023 2572 1097 ἀνθρώπων
2605 1022 2781 1086 δόξαν.
2834 1024 2918 1075 ἐὰν
2961 1020 3019 1074 δὲ
3061 1028 3174 1094 περὶ
3222 1024 3414 1078 ταύτην
3459 1027 3684 1093 στραφῇ,
3743 1019 3915 1081 ἐκείνης

2294 1112 2547 1164 ἐκπίπτει.
2608 1116 2832 1164 ἐκπεσὼν
2885 1110 2941 1163 δὲ
2996 1111 3208 1174 ἐκείνης,
3286 1109 3338 1160 ἐκ
3391 1109 3590 1160 πολλῶν
3631 1109 3788 1159 ἄλλων
3830 1129 3919 1159 πα-

2297 1204 2393 1254 θῶν
2460 1198 2854 1261 κλυδωνίζεται.
2913 1203 2977 1251 τὰ
3029 1197 3087 1252 δε
3143 1199 3299 1250 λοιπὰ
3360 1207 3452 1250 τοῦ
3521 1197 3671 1268 ἁγίου
3731 1200 3916 1258 τούτου,

2295 1293 2414 1362 ὅπερ
2462 1287 2521 1347 ἦν
2567 1289 2789 1361 ἐλεήμων
2832 1295 2921 1341 καὶ
2963 1286 3274 1361 φιλάδελφος
3311 1294 3400 1339 καὶ
3449 1293 3618 1344 πόσην
3679 1289 3749 1321 ¹⁰⁰
3793 1283 3921 1356 εἶχεν

2298 1378 2565 1453 διάκρισιν
2595 1385 2707 1452 περὶ
2763 1383 2824 1431 τὰ
2873 1381 3178 1451 πράγματα,
3225 1383 3282 1430 τὸ
3333 1373 3576 1437 κατειδός
3615 1381 3911 1447 σιγήσομαι.

529 1465 577 1518 si
594 1464 942 1522 inobediens
959 1469 1472 1540 fuerit?lta,quiin
1488 1469 2359 1537 gloriamDeioculosintendit,
2377 1469 2649 1537 gloriam,
2684 1484 2838 1539 quae
2864 1469 2938 1522 ab
2969 1467 3314 1522 hominibus
3351 1467 3646 1536 provenit,
3686 1464 3919 1536 pedibus

535 1551 741 1608 calcat.
765 1556 925 1611 Hanc
952 1563 1150 1612 autem
1173 1561 1218 1611 si
1247 1559 1502 1628 respicit,
1536 1559 1613 1613 ab
1640 1558 1736 1612 illa
1759 1558 1996 1612 decidit.
2028 1559 2072 1610 Α
2093 1573 2217 1628 qua
2257 1558 2304 1612 si
2335 1557 2639 1622 deciderit,
2667 1557 2864 1612 multis
2891 1556 3019 1611 aliis
3061 1554 3373 1610 affectibus
3413 1556 3691 1623 agitatur.
3737 1553 3918 1608 Cetera

532 1655 776 1713 quoque
803 1646 981 1715 hujus
1010 1647 1218 1710 sancti,
1247 1663 1432 1717 quam
1464 1647 1796 1701 misericors
1846 1646 2016 1701 fuerit
2047 1651 2102 1701 et
2151 1645 2463 1708 fraternus,
2497 1651 2553 1700 et
2600 1651 2889 1718 quantam
2933 1645 3210 1699 habuerit
3245 1644 3667 1698 discretionem
3710 1641 3767 1696 in
3799 1654 3918 1710 ope-

535 1730 716 1794 ribus,
748 1748 908 1788 nunc
938 1736 1181 1806 quidem
1216 1735 1422 1791 silebo.

1887 1860 2145 1914 VARIAE
2189 1859 2589 1915 LECTIONES.

608 1983 654 2017 ⁸⁵
681 1983 822 2036 Cod.
860 1979 1241 2054 ὑπόδαγμα.
1321 1986 1369 2020 9⁸
1407 1984 1548 2040 Cod.
1581 1982 1778 2044 ἵδεις.
1823 1986 1866 2019 9⁷
1962 2000 2082 2038 om.
2114 1984 2275 2047 cod.,
2309 1983 2514 2038 addidi
2542 1999 2613 2037 ex
2632 1983 2786 2038 coni.
2867 1983 2913 2017 ⁹⁸
2946 1982 3087 2038 Cod.
3128 1989 3522 2050 ποντοῡσαι,
3577 1981 3726 2038 forte
3754 1977 3921 2032 mavis

533 2068 683 2109 corr.
718 2058 1045 2113 ποντωθήσει
1077 2057 1166 2111 vel
1199 2059 1566 2114 ποντισθήσει.

1652 2059 1698 2090 ⁹⁹
1729 2057 1875 2111 Cod.
1912 2064 1994 2109 τί.
2073 2057 2139 2091 ¹⁰⁰
2165 2055 2404 2110 Cod.1ro'
2424 2074 2550 2111 σιν,

2053 2394 2232 2465 278
2273 2395 2359 2448 Vl.

853 2547 1234 2607 SPECIMEN
1272 2548 2020 2608 INTERPRETATIONIS
2065 2547 2565 2608 GERMANICAE
2610 2548 2998 2617 ANTIQUAE
3051 2547 3581 2609 HISTORIARUM

1260 2733 1347 2786 DE
1391 2732 1673 2787 SANCTIS
1714 2732 2037 2786 MACARIIS
2078 2731 2420 2786 AEGYPTIO
2465 2733 2545 2786 ET
2585 2731 3080 2786 ALEXANDRINO

1205 2884 1260 2938 Ε
1298 2883 1495 2939 codice
1535 2883 1923 2939 bibliothecae
1958 2882 2316 2937 Jesuitarum
2357 2882 2722 2937 Coloniensis
2761 2883 3198 2952 depromptum.

524 3040 648 3090 Cod.
683 3056 780 3090 ms.
814 3042 941 3090 Bibl.
969 3042 1295 3092 Jesuitarum
1319 3042 1501 3092 Colon.
1529 3043 1760 3092 chartac.
1789 3055 1927 3092 saec.
1966 3055 2072 3094 XIV
2095 3041 2179 3091 vel
2206 3053 2281 3091 xv
2308 3042 2437 3090 satis
2468 3041 2604 3091 bene
2634 3045 2883 3092 exaratus
2910 3041 3038 3090 ixi-4°

527 3330 615 3378 Est
642 3329 809 3393 code;
831 3343 929 3393 ms.
954 3329 1204 3378 foliorum
1227 3331 1340 3378 300.
1372 3331 1428 3378 in
1451 3330 1603 3379 cuius
1623 3330 1876 3393 operculo
1898 3329 2576 3393 legiturinscriptio:Bibl.
2605 3330 2662 3377 de
2683 3329 2976 3393 Creisierr;
3005 3342 3170 3393 quare
3201 3328 3279 3393 ad_
3294 3327 3681 3380 bibliothecam
3717 3330 3918 3393 fratrum

585 3391 1178 3457 crucisColoniensium
1200 3393 1336 3457 olim_
1357 3390 1676 3457 pertinuisse
1693 3394 1916 3457 videtur.
1949 3390 2135 3457 insunt
2160 3393 2212 3457 ei
2240 3390 2628 3457 pulcherrimae
2655 3392 2993 3457 _de_l_3arlaam
3018 3390 3068 3440 et
3100 3391 3361 3457 Josaphat
3385 3395 3698 3457 sanctisque
3723 3390 3917 3457 senibus

586 3453 1187 3517 historiae,germanico
1215 3450 1430 3516 quidem
1453 3455 1703 3503 idiomate
1735 3455 2055 3508 elaboratae,
2080 3455 2135 3502 in
2158 3450 2331 3517 iisque
2349 3456 2610 3517 plurimae
2637 3454 2700 3504 de
2727 3455 2974 3504 Macariis
3001 3450 3274 3516 exquibus
3292 3459 3532 3517 quatuor
3550 3450 3755 3506 tantum
3774 3450 3916 3502 hiced

587 3515 786 3564 codicis
809 3515 969 3563 ﬁdem
992 3515 1392 3565 accuratissime
1418 3517 1710 3579 descriptas
1735 3519 2107 3578 proponimus.

1321 3797 1368 3847 i.

1133 3879 1237 3919 EYN
1277 3879 1520 3919 ZEICHEN.

590 3953 706 4006 Dar
735 3965 814 4006 na
856 3951 1100 4007 sachten
1147 3968 1218 4022 sy
1271 3967 1382 4007 ons
1432 3951 1589 4007 ouch
1632 3967 1746 4022 eyn
1793 3950 2013 4007 selssen
2063 3952 2168 4007 zei-

517 4044 688 4100 chen.
720 4043 767 4098 It
792 4058 917 4096 was
945 4057 1058 4112 eyn
1089 4042 1234 4113 rych
1263 4057 1401 4096 man
1434 4043 1507 4096 de
1538 4043 1737 4099 badde
1769 4060 1919 4116 eyne
1946 4043 2168 4097 schone

515 4132 781 4188 dochter.
814 4130 942 4185 Vnd
965 4131 1108 4186 omb
1128 4131 1200 4184 de
1225 4147 1289 4184 so
1316 4130 1492 4185 warﬂ‘
1508 4148 1624 4202 eyn
1647 4132 2031 4204 yungelinck.
2061 4131 2169 4186 lnd

516 4223 596 4276 do
619 4239 687 4293 sy
710 4237 839 4276 eme
862 4236 1007 4290 syns
1028 4220 1216 4274 bosen
1241 4219 1430 4275 willen
1452 4221 1568 4275 neit
1591 4222 1645 4274 in
1671 4222 1905 4276 wolden
1932 4223 2164 4290 volgen.

515 4311 598 4365 Do
632 4309 883 4365 machde
919 4309 1035 4379 hey
1065 4309 1168 4362 dat
1204 4314 1330 4378 myt
1365 4324 1724 4380 zouueryen.
1761 4311 1865 4365 Dat
1895 4327 1961 4382 sy
1998 4311 2045 4363 ir
2075 4325 2168 4363 va-

516 4399 621 4453 der
648 4398 747 4451 ind
776 4398 824 4452 ir
847 4398 1072 4452 moder.
1103 4397 1204 4451 ind
1229 4395 1328 4468 vyl
1353 4398 1603 4453 anderre
1635 4398 1772 4453 lude
1796 4404 1930 4469 neyt
1952 4398 2169 4453 anders

515 4487 576 4542 in
622 4501 840 4555 saegen
873 4486 991 4540 dan
1029 4502 1136 4540 vur
1179 4501 1294 4557 eyn
1336 4486 1474 4557 wylt
1521 4493 1667 4557 pert.
1705 4489 1827 4541 End
1856 4487 1935 4541 da
1973 4502 2087 4541 van
2121 4486 2170 4540 ir

514 4577 699 4632 vader
742 4575 842 4631 ind
872 4576 920 4630 ir
954 4576 1161 4630 moder
1208 4575 1311 4630 ind
1358 4576 1406 4630 ir
1437 4576 1625 4630 ander
1665 4581 1839 4631 vrunt
1875 4591 2076 4631 waren
2108 4576 2166 4630 in

514 4666 803 4734 groissem
842 4665 1043 4736 lyden.
1081 4664 1183 4718 lnd
1215 4663 1443 4718 voirten
1490 4681 1558 4735 sy
1590 4669 1903 4733 gezoumet
1937 4664 2039 4718 ind
2070 4679 2170 4732 ge-

515 4752 758 4807 bunden
800 4771 906 4808 vur
940 4753 1054 4808 den
1097 4753 1372 4823 heyligen
1401 4753 1584 4807 vader
1625 4758 1791 4807 sante
1829 4753 2158 4809 machario.

512 4841 619 4896 Ind
641 4841 870 4911 veyllen
903 4859 1008 4895 vur
1033 4857 1179 4911 syne
1202 4857 1416 4912 voysse
1445 4846 1570 4911 myt
1601 4843 1891 4909 groissem
1916 4857 2165 4912 weyneu

513 4929 616 4984 ind
666 4931 958 5000 sprachen
989 4947 1054 4985 zo
1109 4946 1259 4985 eme.
1295 4931 1474 4985 Ouwe
1524 4929 1756 5001 heylige
1808 4931 1988 4984 vader
2025 4929 2167 4985 dese

513 5024 714 5088 maget
743 5019 815 5073 de
847 5019 928 5072 du
972 5019 1098 5073 heir
1131 5035 1275 5090 suys
1308 5019 1408 5072 dat
1434 5035 1560 5073 was
1591 5034 1735 5072 onse
1763 5019 2027 5074 dochter.
2062 5018 2166 5073 Ind

511 5107 657 5163 bose
682 5107 821 5162 lude
849 5114 1071 5178 syntzo
1099 5123 1360 5176 geuaren
1383 5107 1484 5162 ind
1518 5108 1790 5178 hayntsy
1820 5108 1919 5162 mit
1952 5123 2166 5162 zonue-
2201 5096 2240 5150 (ἶ

511 5211 655 5268 ryen
693 5197 1070 5252 verwandelt.
1110 5199 1216 5252 Dat
1259 5213 1330 5267 sy
1365 5197 1412 5250 is
1441 5197 1759 5263 geworden
1792 5195 1877 5250 als
1909 5196 1990 5251 du
2031 5197 2167 5252 wail

512 5290 656 5340 sust.
675 5285 802 5340 Wir
825 5285 1071 5357 bydden
1097 5285 1234 5340 dich
1264 5286 1454 5340 durch
1487 5284 1603 5340 den
1627 5285 1918 5355 schepper
1947 5285 2166 5341 hemel-

510 5375 671 5430 richs
700 5375 804 5429 ind
835 5366 1081 5430 ertricbs
1113 5375 1215 5428 ind
1248 5375 1320 5428 de
1348 5375 1460 5429 alle
1487 5379 1795 5429 creaturen
1825 5375 2166 5441 geschaifen

508 5463 652 5519 hait.
689 5466 792 5518 Dat
823 5463 902 5517 du
939 5464 1058 5534 god
1089 5463 1320 5534 byddes
1351 5464 1452 5518 dat
1492 5478 1560 5532 sy
1597 5464 1786 5517 weder
1817 5464 2034 5518 werde.
2070 5465 2165 5518 Als

509 5552 606 5608 hei
649 5569 718 5622 sy
751 5569 864 5607 van
894 5554 1106 5608 eirsten
1139 5553 1262 5608 hait
1294 5552 1657 5623 geschatl'en.
1706 5554 1786 5606 Do
1819 5552 2030 5607 lachde
2063 5554 2168 5608 der

520 5640 756 5714 heylige
780 5642 980 5700 valder
996 5658 1103 5713 gar
1126 5641 1441 5708 goitlichen
1463 5640 1564 5698 ind
1595 5641 1832 5714 sprach.
1855 5642 2018 5698 lcbin
2042 5643 2167 5698 sien

2207 3793 2248 3847 Β
2285 3793 2462 3864 279
2485 3793 2599 3848 neit
2620 3793 2953 3865 deirlyches
2971 3809 3046 3850 an
3067 3795 3133 3847 ir.
3157 3794 3279 3849 dan
3301 3808 3452 3864 eyns
3479 3795 3807 3868 mynshcen
3828 3795 3916 3847 na'

2282 3891 2428 3940 ture.
2471 3882 2626 3937 ouch
2658 3883 2716 3936 in
2747 3883 2796 3936 is
2839 3898 2916 3937 an
2943 3883 3090 3937 irme
3115 3882 3255 3953 lyue
3287 3883 3407 3937 neit
3447 3884 3782 3940 deirliches.
3819 3880 3919 3935 Mer

2280 3975 2322 4028 it
2349 3974 2398 4028 is
2432 3972 2491 4027 in
2525 3972 2630 4027 der
2659 3971 2796 4026 lude
2829 3987 3021 4040 ougen
3054 3971 3127 4026 de
3168 3987 3237 4042 sy
3265 3987 3342 4026 an
3373 3973 3502 4026 sien
3537 3975 3654 4028 den
3681 3969 3922 4026 duncket

2279 4063 2382 4117 dat
2405 4063 2454 4117 is
2478 4077 2590 4115 van
2617 4061 2722 4115 des
2751 4060 2961 4115 duuels
2989 4059 3241 4115 wercke.
3274 4060 3398 4114 Vnd
3426 4060 3510 4115 do
3540 4062 3656 4132 hey
3674 4060 3774 4116 dat
3793 4057 3919 4113 had-

2278 4151 2352 4206 de
2384 4149 2773 4220 gesprochen.
2807 4150 2885 4204 da
2913 4149 3094 4203 voirte
3125 4150 3238 4220 hey
3267 4165 3336 4220 sy
3363 4149 3420 4203 in
3451 4166 3604 4220 syne
3641 4149 3797 4205 celle.
3829 4143 3919 4200 lnd

2280 4254 2357 4294 na
2377 4238 2472 4309 vyl
2500 4237 2756 4305 gebedes
2777 4237 2880 4291 dat
2898 4237 3015 4308 hey
3037 4252 3178 4292 ouer
3203 4254 3273 4309 sy
3301 4237 3473 4292 dede.
3501 4239 3586 4294 Do
3615 4237 3796 4294 saltde
3821 4236 3920 4318 hfy

2280 4344 2350 4399 sy
2375 4333 2502 4398 myt
2532 4325 2665 4397 olye
2697 4327 2752 4379 in
2788 4325 2964 4381 deme
2997 4342 3218 4382 uamen
3240 4342 3384 4381 oues
3411 4326 3596 4383 heren
3634 4327 3750 4382 lhs
3793 4326 3877 4393 Xp
3898 4336 3918 4371 ε

2281 4418 2446 4471 Want
2476 4433 2544 4486 sy
2571 4431 2684 4470 van
2719 4415 3013 4484 groissem
3039 4415 3302 4485 arbeyde
3327 4415 3438 4470 alie
3464 4432 3537 4486 yr
3563 4415 3753 4471 kraeft
3785 4409 3914 4467 had-

2279 4505 2351 4559 de
2379 4504 2664 4562 verloren.
2706 4507 2785 4559 Do
2817 4503 2942 4571 gatf
2963 4504 3077 4574 hey
3120 4505 3167 4558 ir
3195 4520 3261 4558 zo
3302 4519 3475 4558 essen
3510 4506 3612 4560 ind
3657 4505 3829 4558 voirte
3858 4511 3917 4566 sy

2281 4595 2384 4648 her
2403 4610 2466 4647 vs
2488 4609 2556 4647 zo
2577 4609 2716 4647 eren
2741 4592 3031 4646 vrunden.
3066 4596 3144 4646 Do
3164 4609 3347 4662 sagen
3368 4609 3437 4663 sy
3462 4610 3530 4663 sy
3556 4609 3633 4649 an
3656 4608 3762 4647 vur
3781 4599 3915 4659 eyne

2278 4683 2649 4738 iuntfrouwe.
2686 4682 2780 4736 Als
2809 4698 2876 4752 sy
2908 4682 2965 4735 in
2999 4681 3102 4735 der
3133 4681 3404 4736 wairbeit
3435 4698 3580 4737 was.
3621 4680 3740 4735 End
3775 4678 3846 4733 do
3875 4675 3914 4727 ir

2280 4771 2462 4826 vader
2485 4772 2582 4825 ind
2609 4773 2691 4826 eir
2715 4777 2889 4824 vrunt
2906 4770 3265 4839 groislichen
3285 4770 3604 4826 danckden
3630 4762 3912 4825 machario

2279 4860 2451 4914 deme
2484 4859 2757 4928 heyligeu
2799 4860 2980 4912 vader
3011 4859 3125 4912 end
3161 4865 3261 4926 got
3292 4858 3568 4914 loueden.
3604 4862 3682 4912 Do
3714 4850 3911 4926 sprach

2279 4948 2371 5004 hei
2403 4964 2470 5002 zo
2501 4948 2605 5003 der
2636 4946 3076 5018 yunﬂ‘rouwen.
3123 4949 3230 5002 Des
3263 4947 3473 5002 duuels
3516 4946 3725 5016 gewalt
3753 4946 3819 4997 ist
3847 4939 3915 4992 da

2279 5053 2394 5092 van
2419 5053 2494 5092 an
2516 5038 2606 5090 dir
2625 5036 2924 5106 scbynber
2947 5036 3286 5104 geworden.
3305 5037 3488 5091 Waut
3509 5036 3589 5090 du
3613 5035 3738 5090 bais
3761 5024 3916 5084 vunﬁ

2279 5125 2521 5180 wechen
2540 5141 2660 5197 ayn
2677 5127 2792 5180 den
2819 5125 3095 5196 heyligen
3127 5125 3346 5180 licham
3372 5132 3500 5193 gotz
3522 5123 3775 5193 geweist.
3802 5113 3910 5172 End

2279 5215 2404 5270 also
2447 5215 2670 5270 voirten
2708 5231 2774 5284 sy
2807 5214 2880 5269 de
2915 5213 3163 5270 dochter
3201 5214 3306 5269 mit
3337 5214 3604 5269 vrouden
3635 5209 3826 5265 weder
3854 5216 3910 5257 ιο

2277 5303 2514 5375 heyme.
3079 5375 3112 5428 2

2352 5467 2463 5518 Dar
2487 5480 2564 5518 na
2587 5462 2841 5531 begerde
2865 5464 2968 5517 der
2991 5461 3224 5533 heylige
3255 5462 3433 5518 vader
3463 5461 3688 5529 dathey
3709 5464 3904 5526 qucme

2279 5555 2334 5606 in
2368 5552 2482 5606 den
2515 5552 2885 5620 bongarden.
2925 5555 3132 5606 Janme
3175 5553 3275 5605 ind
3308 5553 3544 5606 manbe.
3586 5551 3684 5602 Dat
3729 5553 3902 5596 Wareﬂ

2285 5643 2378 5698 die
2410 5657 2613 5699 zwene
2643 5656 2939 5698 zouuener
2975 5642 3048 5696 de
3080 5641 3161 5713 by
3191 5640 3476 5712 konynck
3517 5637 3776 5711 pharone
3811 5641 3910 5683 wa-
