4092 6252
204 293 304 350 824
1789 305 1799 340 Α

1910 287 1959 345 'A
1977 332 1989 344 .
3455 295 3558 351 222

1333 448 3560 471 ————————-————————

1724 595 1899 667 235
1932 596 2048 652 vn.

717 738 1038 799 MACARII
1065 737 1458 798 CUIUSDAM
1492 738 1814 800 ABBATIS
1845 740 2196 801 VISIONES
2231 742 2328 802 DE
2361 743 2676 804 SANCTIS
2724 745 3051 805 ANGELIS

1266 889 1321 944 E
1349 889 1547 945 codice
1589 890 2023 947 Vindobonensi
2041 892 2306 962 primum
2333 894 2542 950 editae.

199 1141 323 1191 God.
355 1154 455 1190 ms.
482 1139 654 1191 theol.
682 1138 774 1189 CC.
799 1138 926 1187 olim
958 1135 1288 1192 CLXXXVII,
1326 1136 1454 1185 Bibl.
1484 1137 1630 1186 Caes.
1656 1138 1956 1189 Vindobon.
1991 1140 2304 1191 chartaceus
2339 1144 2480 1190 in-P.

199 1381 439 1434 Codicem
471 1380 808 1443 negligenter
834 1381 1132 1432 exaratum,
1164 1377 1220 1425 in
1253 1390 1360 1440 quo
1392 1382 1434 1428 εί
1467 1391 1562 1440 pro
1595 1397 1611 1428 ι
1648 1378 1728 1426 vel
1768 1399 1797 1429 υ
1829 1381 2138 1442 saepissime
2179 1383 2437 1445 scriptum
2470 1384 2696 1443 invenis,
2731 1384 3010 1446 descripsit
3044 1384 3358 1434 Lambecius
3403 1386 3463 1434 T.
3494 1386 3561 1434 IV

302 1489 311 1499 .
345 1452 456 1518 442,
495 1450 562 1499 de
593 1450 776 1518 Nessel
817 1449 928 1518 Ἰχ-1
981 1448 1184 1518 p.394.
1224 1448 1330 1518 Ista
1370 1452 1552 1518 autem
1591 1450 1822 1518 visiones
1857 1453 2300 1518 exstan_t__codicis
2335 1468 2496 1518 pagg.
2530 1457 2607 1511 97,
2645 1457 2806 1510 1-100,
2858 1457 2905 1503 2.
2943 1455 3085 1514 Quas
3121 1457 3435 1518 descriptas,
3464 1458 3560 1506 etsi

308 1515 616 1564 acariorum
649 1513 895 1575 Aegyptii
928 1509 1008 1559 vel
1039 1509 1382 1559 Alexandrini
1410 1524 1518 1558 non
1546 1525 1661 1560 esse
1693 1512 1958 1569 videntur,
1990 1515 2218 1563 adiicere
2251 1509 2557 1565 statuimus.

266 1785 575 1853 Διήγημα
614 1782 875 1855 φρικτὸν
915 1783 1021 1831 καὶ
1063 1778 1310 1841 ξενίζον
1351 1782 1455 1830 τὸν
1495 1780 1513 1813 ¹
1557 1786 1722 1833 νοῦν.

1979 1781 2270 1837 Narratio
2297 1784 2599 1840 horrenda
2623 1788 2676 1840 et
2691 1785 3165 1853 obstupefaciens
3193 1785 3459 1841 animum
3475 1827 3488 1842 .

263 1903 418 1960 Εἶπεν
451 1908 476 1957 6
506 1903 665 1964 ἀϐϐᾱς
715 1904 1014 1978 Μακάριος,
1060 1905 1144 1956 ὅτι
1179 1903 1406 1963 ἐλθόντος
1435 1923 1534 1975 μου
1565 1903 1614 1954 έν
1662 1910 1800 1956 Κών-

196 1999 472 2048 σταντίνου
517 1999 537 2029 ⁸
587 1993 751 2058 πόλει,
796 1995 1079 2063 ἐπιθυμοῦν
1115 1995 1134 2026 ³
1189 1993 1287 2066 γάρ
1328 2011 1418 2063 μοι
1455 1989 1515 2049 ἧν
1554 2000 1646 2044 τοῦ
1689 1994 1802 2044 θεά-

197 2087 393 2137 σασθαι
433 2083 624 2148 αὑτήν,
683 2086 774 2133 καὶ
812 2090 1107 2156 περιπατῶν
1148 2081 1169 2115 ⁴
1218 2084 1266 2132 ἓν
1306 2101 1408 2133 τινι
1446 2080 1665 2152 ἐμϐόλῳ,
1707 2090 1800 2143 τῆς

196 2173 438 2234 ἀληθείας
503 2174 878 2244 μαρτυρούσης
941 2189 1031 2242 μοι
1083 2170 1156 2230 εἰς
1205 2178 1371 2222 ταῦτα
1415 2173 1480 2222 τά
1517 2170 1802 2241 λαλούμενα

192 2263 316 2336 παρ’
355 2265 509 2333 ἰμοῦ,
556 2258 728 2332 βλέπω
777 2266 880 2318 τοῖς
916 2265 1110 2330 νοεροῐς
1159 2257 1438 2329 ὀφθαλμοῖς
1485 2266 1594 2318 τοῖς
1639 2255 1803 2310 δεδω-

195 2357 440 2423 ρημένόις
491 2369 584 2421 μοι
622 2350 767 2421 παρά
805 2347 1009 2418 Κυρίου
1049 2351 1176 2418 πρὸς
1215 2351 1272 2398 τὸ
1313 2354 1443 2398 νοεῖν
1476 2366 1538 2418 με
1576 2350 1642 2398 τὰ
1683 2350 1804 2398 θαυ-

196 2443 362 2511 μάσια
403 2443 593 2501 αὐτοῦ,
652 2435 920 2507 ἀνθρωπόν
959 2455 1075 2486 τινα
1112 2436 1283 2508 ὥσπερ
1335 2435 1582 2506 εὐνοῦχον
1621 2435 1802 2496 ἔξωθεν

196 2537 284 2580 τοῦ
314 2530 661 2598 καταγωγίου
689 2526 710 2560 ⁵
744 2533 834 2577 τοῦ
860 2531 1106 2597 πορνικοῦ
1156 2524 1372 2591 ἑστῶτα,
1404 2525 1547 2595 πάνμ
1594 2533 1798 2595 κατηφῆ

195 2622 499 2693 κρύπτοντα
529 2617 549 2651 ⁶
597 2618 653 2667 τὸ
683 2620 961 2688 πρόσωπον
1006 2612 1165 2664 αὐτοῦ
1204 2620 1318 2673 ταῖς
1372 2610 1500 2665 δυσὶ
1539 2613 1804 2684 παλάμαις

197 2710 502 2771 αῦτοῦ,καὶ
544 2703 743 2778 ἐθρήνει
781 2710 853 2772 τῷ
913 2708 1175 2772 σχήματι,
1243 2703 1377 2754 ὥστε
1428 2703 1675 2772 νομίζειν,
1723 2704 1803 2753 ὅτι

196 2802 284 2848 καὶ
325 2798 351 2846 6
413 2794 636 2866 οὐρανὸς
701 2792 1080 2864 συνεθρήνησεν
1127 2791 1147 2823 ⁷
1188 2790 1328 2860 αὐτῷ
1372 2807 1382 2817 ·
1440 2796 1802 2863 προσεγγίσας

198 2882 256 2937 6":
284 2884 418 2955 λέγω
457 2886 595 2955 πρὸς
656 2880 808 2932 αὐτόν
844 2887 856 2908 ‘
888 2884 941 2930 τί
990 2881 1130 2931 ἐστιν
1157 2880 1182 2929 6
1235 2883 1424 2950 τρόπος
1474 2888 1565 2931 τοῦ
1612 2882 1800 2952 θρήνου

199 2992 294 3024 σου
324 2981 413 3024 καὶ
451 2974 483 3029 ἠ
517 2974 751 3042 κατηφία
789 2968 832 3034 θ,
865 2973 954 3020 καὶ
994 2968 1087 3019 οῦκ
1127 2967 1418 3042 ἀναχωρείς
1458 2976 1556 3020 τῶν
1596 2965 1796 3037 ἐνθάδε,

201 3063 279 3112 ὃτι
342 3068 542 3131 πορνῶν
597 3064 686 3110 καὶ
765 3057 997 3127 ἀσελγῶν
1087 3065 1417 3126 καταγώγιον
1472 3059 1492 3091 ⁹
1543 3066 1798 3126 γυναικῶν

198 3151 430 3221 ὑπάρχει
463 3169 476 3216 ;
511 3150 617 3201 εἰπέ
645 3167 755 3220 μοι,
787 3145 1074 3218 παρακαλὼ
1109 3163 1120 3175 ·
1176 3148 1290 3215 ἔχει
1320 3148 1420 3219 γὰρ
1470 3148 1797 3217 συμπάθειαν

197 3238 386 3295 πολλὴν
435 3240 459 3288 6
519 3239 704 3311 θρῆνός
754 3254 869 3288 σου.
917 3239 1006 3285 καὶ
1045 3233 1340 3306 ἀποκριθεὶς
1374 3234 1506 3304 λέγει
1530 3253 1621 3305 μοι
1653 3251 1664 3262 ·
1701 3237 1799 3304 φύ-

206 3344 304 3388 σει,
355 3322 524 3386 ἔνδοξε
564 3322 714 3376 δοῦλε
760 3332 852 3376 τοῦ
885 3331 1040 3389 Θεοῦ,
1092 3323 1307 3393 ἄγγελός
1352 3323 1475 3393 εἰμι,
1533 3323 1705 3395 ὥσπερ
1751 3321 1797 3358 ιο

207 3414 392 3474 πάντες
445 3416 491 3464 οἱ
534 3418 838 3485 Χριστιανοὶ
897 3412 944 3463 έν
1004 3421 1062 3484 τῇ
1119 3414 1228 3485 ὥρα
1283 3420 1372 3462 τοῦ
1425 3411 1795 3482 βαπτίσματος

205 3501 422 3560 ἕκαστος
470 3500 713 3571 λαμϐάνει
753 3501 965 3572 ἄγγελον
1019 3502 1162 3574 παρά
1215 3507 1306 3550 τοῦ
1354 3507 1508 3565 Θεοῦ,
1540 3504 1671 3573 πρὸς
1704 3521 1795 3570 φυ-

201 3589 362 3647 λακην
391 3594 477 3641 καὶ
512 3594 702 3646 σκέπην
731 3599 820 3641 τοῦ
859 3592 1005 3649 ὄντος
1034 3586 1138 3640 ὧδε
1176 3587 1471 3660 ἀνθρώπου,
1505 3594 1594 3639 καὶ
1631 3588 1795 3639 πολλά

199 3679 441 3753 θλίϐομαι
485 3681 613 3750 ὁρῶν
662 3681 817 3732 αὐτὸν
880 3676 975 3730 ὧδ’
1021 3679 1361 3751 ἐργαζόμενον
1412 3687 1528 3739 ταῖς
1560 3677 1794 3749 ἀνομίαις

192 3775 280 3821 καὶ
333 3769 606 3829 ἀσωτεῐαις
669 3771 736 3834 ¹¹,
771 3772 839 3830 ὡς
885 3771 974 3820 καὶ
1021 3777 1109 3818 νῦν
1154 3767 1201 3818 ἐν
1251 3777 1323 3838 τῷ
1379 3772 1694 3838 καταγωγίῳ
1746 3769 1792 3802 ¹²

191 3867 355 3930 τοῦτῳ
395 3865 622 3932 κείμενον
655 3860 702 3894 ¹³
754 3858 825 3919 εἰς
863 3856 1099 3929 ἀνομίαν,
1153 3860 1215 3917 ὡς
1268 3859 1408 3930 ὁρᾷς,
1464 3859 1597 3927 μετὰ
1626 3853 1794 3914 τῆσδε

190 3956 284 4010 τῆς
329 3955 522 4023 πόρνης
554 3967 566 3978 ⁸
621 3951 711 3999 καὶ
758 3955 868 4007 πῶς
915 3952 986 4018 μὴ
1038 3949 1285 4020 θρηνήσω
1339 3951 1433 4004 τὴν
1484 3947 1657 3998 εἰκόνα
1700 3953 1793 3996 τοῦ

191 4045 321 4090 Θεοῦ
399 4037 471 4099 εἰς
550 4044 783 4088 τοιοῦτον
860 4041 1041 4095 σκότος
1113 4037 1586 4098 κατασταθεῖσανς
1665 4035 1795 4104 λέγω

192 4126 364 4200 [πρὸς]
417 4128 466 4163 ¹⁴
512 4126 669 4177 αὐτὸν
710 4123 808 4195 ἐγώ
842 4142 853 4153 ·
890 4130 978 4176 καὶ
1013 4120 1106 4175 δ’ιά
1143 4128 1194 4175 τί
1247 4123 1304 4174 ού
1353 4125 1602 4182 νουθετεῖς
1641 4123 1794 4174 αὐτὸν

189 4224 279 4266 τοῦ
330 4216 514 4288 φυγεῖν
560 4218 647 4265 τὸν
690 4214 842 4285 ζόφον
881 4221 971 4273 τῆς
1011 4212 1271 4286 ἁμαρτίας
1310 4215 1509 4273 ταύτης
1551 4217 1681 4278 ;καὶ
1719 4211 1796 4262 λέ-

188 4324 267 4374 γει
310 4324 402 4376 μοι
457 4305 483 4355 6
529 4303 746 4374 ἅγγελος
781 4324 793 4336 ·
837 4299 1016 4359 ἐπειδὴ
1058 4302 1152 4353 οῦκ
1193 4305 1302 4372 ἔχω
1343 4307 1528 4375 χώραν
1587 4300 1798 4372 ἐγγίσαι

190 4397 319 4468 πρὸς
355 4393 534 4445 αὐτόν.
598 4391 680 4463 ἀφ’
714 4391 772 4444 οὗ
802 4394 904 4465 γὰρ
956 4390 1149 4464 ἤρξατο
1187 4397 1349 4442 ποιεῖν
1389 4397 1482 4448 τὴν
1514 4391 1793 4465 ἁμαρτίαν,

1984 1904 2132 1958 Dixit
2151 1905 2346 1960 abbas
2375 1908 2663 1962 Macarius
2690 1909 2922 1971 :Quum
2950 1910 3244 1963 venissem
3278 1912 3564 1965 Constan-

1910 1993 2243 2063 tinOpolim,
2280 1995 2638 2050 desiderium
2669 1997 2826 2050 enim
2856 2013 2949 2050 me
2979 1997 3304 2052 incesserat
3335 1998 3563 2053 visendi

1911 2096 2067 2144 eam,
2083 2087 2139 2135 et
2159 2082 2534 2138 ambularem
2548 2084 2607 2137 in
2620 2088 2888 2154 quodam
2911 2086 3407 2155 porticu,veritate
3425 2102 3564 2141 con-

1913 2174 2159 2224 testante
2199 2171 2344 2225 mihi
2386 2172 2462 2226 ad
2490 2174 2637 2227 haec
2666 2188 2822 2244 quae
2859 2182 3174 2229 narrantur
3204 2191 3240 2229 a
3273 2191 3388 2241 me,
3423 2190 3561 2229 con-

1913 2258 2100 2328 spicio
2132 2260 2350 2314 mentis
2379 2261 2590 2325 oculis,
2621 2263 2775 2316 datis
2797 2262 3264 2318 mihiaDomino
3290 2264 3366 2318 ad
3399 2263 3564 2318 intel-

1911 2346 2152 2416 ligenda
2164 2349 2461 2404 mirabilia
2474 2350 2930 2412 eius,hominem
2945 2351 3251 2422 quendam
3268 2357 3560 2423 tanquam

1912 2437 2253 2490 eunuchum
2285 2445 2448 2492 extra
2463 2439 2858 2493 diversorium
2879 2440 3257 2495 meretricum
3277 2445 3560 2506 stantem,

1912 2523 2087 2595 valde
2117 2527 2551 2587 contristatum,
2583 2527 2962 2595 obtegentem
2995 2526 3208 2583 faciem
3237 2545 3408 2583 suam
3440 2544 3565 2583 am-

1911 2587 2107 2666 babus
2136 2613 2348 2682 palmis
2371 2615 2510 2678 suis,
2536 2615 2593 2669 in
2627 2617 2885 2684 speciem
2917 2617 3230 2683 gementis,
3267 2623 3329 2670 ut
3369 2617 3564 2670 crede-

1911 2715 2005 2753 res
2041 2707 2092 2755 et
2142 2701 2374 2756 coelum
2429 2703 2873 2771 congemiscere
2909 2719 3048 2758 cum
3092 2719 3182 2759 eo.
3229 2705 3566 2776 Appropin-

1910 2804 2106 2858 quans
2134 2797 2334 2846 autem
2365 2791 2500 2846 dico
2529 2794 2606 2846 ad
2637 2807 2774 2846 eum
2801 2808 2813 2845 :
2850 2795 3161 2857 Quaenam
3181 2801 3267 2848 est
3284 2793 3436 2850 ratio
3461 2808 3564 2862 ge-

1913 2878 2093 2932 mitus
2120 2880 2204 2933 tui
2229 2885 2287 2934 et
2306 2896 2462 2950 quae
2490 2882 2859 2936 contristatio
2881 2881 2908 2935 ‘I
2939 2898 3043 2936 cur
3070 2898 3190 2937 non
3213 2884 3440 2937 recedis
3467 2883 3566 2936 de-

1910 2967 2069 3030 hinc,
2094 2968 2258 3037 quod
2293 2972 2670 3023 meretricum
2697 2975 2753 3024 et
2773 2969 3135 3025 lascivarum
3163 2971 3563 3026 diversorium

1909 3056 2228 3110 mulierum
2262 3059 2393 3112 est?
2424 3057 2523 3111 Dic
2550 3059 2716 3122 mihi,
2749 3059 3020 3114 obsecro.
3049 3059 3235 3114 Habet
3264 3061 3424 3114 enim
3455 3059 3565 3114 mi-

1909 3145 2301 3200 sericordiam
2344 3147 2591 3201 multam
2623 3147 2876 3215 gemitus
2903 3153 3058 3201 tuus.
3091 3151 3162 3202 At
3192 3149 3564 3218 respondens

1909 3234 2058 3287 dixit
2081 3234 2260 3288 mihi:
2295 3235 2534 3300 Natura,
2557 3235 2772 3306 inclyte
2793 3251 2959 3290 serve
2990 3237 3110 3301 Dei,
3133 3237 3382 3304 angelus
3405 3252 3562 3300 sum,

1907 3322 2059 3377 sicut
2087 3338 2298 3377 omnes
2334 3323 2644 3379 Christiani
2676 3327 2734 3378 in
2775 3326 2925 3379 hora
2964 3324 3349 3395 baptismatis
3382 3341 3562 3378 suum

1905 3411 2161 3482 quisque
2199 3413 2413 3481 accipit
2452 3414 2734 3480 angelum
2767 3429 2800 3467 a
2849 3416 2984 3476 Deo,
3014 3413 3090 3468 ad
3131 3414 3473 3468 custodiam
3509 3418 3565 3466 et

1908 3498 2153 3553 tutelam
2183 3501 2473 3554 versantis
2498 3499 2662 3555 hicce
2692 3501 2990 3572 hominis;
3018 3509 3073 3555 et
3096 3501 3350 3556 multum
3385 3501 3567 3556 tribu-

1903 3589 2012 3653 lor,
2048 3589 2256 3644 videns
2287 3605 2424 3643 eum
2453 3589 2546 3642 hic
2577 3590 2846 3645 deditum
2879 3591 3228 3645 libidinibus
3252 3599 3306 3645 et
3339 3592 3569 3662 spurci-

1906 3678 2017 3741 tiis,
2063 3685 2122 3732 ut
2151 3686 2207 3732 et
2236 3695 2395 3732 nunc
2436 3680 2498 3732 in
2541 3679 2872 3734 diversorio
2900 3681 3010 3734 hoc
3046 3679 3222 3750 286
3276 3695 3570 3734 concum-

1904 3767 2422 3821 bentemlibidinis
2443 3767 2917 3831 causa,utvides,
2937 3785 3074 3822 cum
3089 3772 3201 3824 hac
3223 3769 3568 3838 meretrice;

1905 3860 2074 3927 etqui
2089 3871 2209 3910 non
2222 3855 2530 3926 deplorem
2544 3858 2872 3926 imaginem
2890 3859 2986 3911 Dei
3002 3857 3062 3911 in
3076 3861 3272 3911 tantas
3288 3857 3570 3911 tenebras

1904 3945 2244 4001 deiectam?
2279 3947 2415 3999 Dico
2442 3947 2493 4000 ei
2525 3961 2635 4015 ego
2667 3963 2684 3999 :
2718 3947 2783 4000 Et
2813 3962 2917 4000 cur
2941 3961 3061 4000 non
3099 3946 3393 4000 admones
3428 3962 3570 4000 eum

1905 4033 2107 4101 fugere
2148 4034 2462 4102 caliginem
2494 4033 2672 4088 huius
2705 4035 2932 4104 peccati
2960 4035 2987 4090 ?
3016 4035 3080 4087 Et
3113 4034 3260 4088 dixit
3295 4033 3436 4088 mihi
3464 4047 3571 4086 an-

1907 4123 2073 4192 gelus
2097 4138 2109 4173 :
2129 4124 2425 4186 Quoniam
2449 4138 2568 4177 non
2596 4123 2789 4177 habeo
2807 4123 3007 4177 locum
3027 4119 3568 4193 appropinquandi

1907 4213 2008 4267 illi.
2042 4212 2121 4265 Ex
2151 4227 2273 4282 quo
2304 4212 2463 4265 enim
2491 4212 2722 4281 occepit
2759 4211 2952 4266 facere
2985 4219 3321 4282 peccatum,
3355 4224 3570 4264 servus

1907 4309 1998 4355 est
2023 4300 2505 4365 daemoniorum,
2539 4307 2595 4354 et
2626 4300 2852 4355 nullam
2886 4307 3236 4371 potestatem
3274 4299 3474 4354 habeo
3509 4300 3571 4353 in

1908 4404 2066 4443 eum.
2107 4388 2196 4461 [Et
2238 4403 2350 4457 ego
2394 4389 2528 4443 dico
2563 4389 2636 4444 ad
2688 4405 2825 4444 eum
2861 4388 2900 4462 :]
2937 4390 3100 4444 Unde
3149 4389 3354 4461 liquet,
3397 4387 3566 4458 quod

228 4445 238 4468 Ι
305 4445 318 4455 ⁷
640 4445 650 4463 Ι
810 4445 822 4462 Ι
875 4445 884 4465 Ι
974 4445 1002 4464 VI
1039 4445 1053 4452 ’
1439 4445 1446 4448 “
1549 4445 1558 4462 1
1624 4445 1634 4465 Ι
1779 4445 1793 4457 ’

193 4478 373 4542 δοῦλός
405 4485 521 4534 εστι
564 4477 846 4552 δαιμόνων,
893 4486 982 4532 καὶ
1022 4477 1272 4550 οὐδεμίαν
1305 4479 1544 4541 ἐξουσίαν
1584 4481 1692 4550 ἔχω
1727 4479 1798 4539 εἰς

1910 4445 2137 4532 nullam
2162 4445 2512 4548 potestatem
2533 4479 2766 4548 [habes]
2796 4479 2855 4532 in
2879 4445 3045 4542 cum,
3068 4445 3257 4548 quum
3285 4445 3437 4532 Deus
3464 4476 3569 4531 tibi

195 4571 364 4626 αὐτόν.
404 4570 521 4644 [και
568 4569 667 4640 ἐγὼ
714 4569 842 4640 λέγω
869 4572 1000 4642 πρὸς
1045 4568 1247 4640 αὐτόν’]
1303 4571 1454 4620 πόθεν
1496 4565 1678 4634 δῆλον,
1717 4567 1796 4620 ὃτι

193 4657 446 4732 οὐδεμίαν
473 4659 714 4721 ἐξουσίαν
749 4659 910 4729 [ἔχεις
937 4657 1010 4730 ³⁵]
1037 4660 1084 4708 ἐν
1117 4657 1276 4726 αὐτῷ,
1311 4665 1402 4707 τοῦ
1429 4664 1562 4708 Θεοῦ
1594 4675 1678 4707 σοι
1705 4656 1796 4708 αὐ·

194 4751 280 4800 τὸν
322 4749 767 4822 ἐμπιστεύσαντος
799 4763 812 4813 ς
864 4752 954 4798 καὶ
999 4747 1133 4818 λέγει
1159 4768 1248 4817 μοι
1289 4747 1438 4812 πᾴλιν
1468 4747 1493 4796 6
1519 4745 1733 4816 ἄγγελος
1771 4759 1790 4775 ⁸

195 4839 221 4889 6
245 4842 375 4899 Θεὸς
431 4840 575 4910 ἡμῶν
616 4837 807 4908 ἀγαθὸς
850 4836 916 4886 ὢν
942 4840 1030 4888 καὶ
1061 4835 1418 4910 φιλάνθρωπος
1462 4834 1795 4895 αὐτεξούσιον

193 4925 406 4986 έποίησε
457 4930 546 4978 τὸν
594 4927 882 5000 ἄνθρωπον,
924 4930 1014 4977 καὶ
1058 4927 1203 4977 ἔασεν
1262 4923 1416 4975 αύτὸν
1455 4930 1517 4996 τῇ
1553 4923 1797 4996 ἀρεσκείᾳ

193 5018 510 5092 πορεύεσθαι
548 5010 689 5080 ὁδόν,
725 5009 902 5076 δείξας
936 5013 1075 5084 αὐτῷ
1104 5016 1193 5073 τὰς
1224 5009 1320 5064 δύο
1352 5009 1526 5079 ὁδοὺς,
1554 5017 1647 5071 τὴν
1683 5031 1796 5065 στε-

1908 4583 2046 4622 eum
2074 4566 2388 4621 crediderit
2417 4568 2443 4622 ?
2477 4570 2541 4621 Et
2565 4568 2886 4638 respondet
2911 4567 3054 4622 mihi
3083 4567 3334 4635 angelus
3368 4582 3378 4620 :
3411 4566 3574 4619 Deus

1908 4662 2201 4716 nostrum,
2226 4658 2327 4726 qui
2357 4658 2555 4710 bonus
2588 4664 2678 4710 est
2710 4662 2766 4710 et
2797 4657 3111 4710 hominum
3143 4671 3380 4720 amans,
3429 4651 3574 4708 libe-

1906 4761 2042 4800 rum
2070 4746 2289 4799 creavit
2316 4745 2644 4809 hominem,
2692 4750 2748 4799 et
2782 4745 2916 4798 sivit
2955 4761 3092 4799 eum
3125 4745 3365 4800 arbitrio
3429 4742 3576 4798 insi-

1907 4840 2057 4889 stere
2083 4835 2264 4900 viam,
2303 4840 2646 4888 monstrans
2682 4833 2735 4888 ei
2775 4834 2927 4888 duas
2959 4835 3104 4902 vias,
3141 4850 3324 4890 unam
3360 4848 3576 4902 angu-

1906 4928 2083 4988 stam,
2141 4923 2390 4977 alteram
2440 4922 2647 4989 latam,
2698 4925 3068 4978 constituens
3132 4923 3186 4977 ei
3244 4924 3575 4994 utriusque

1907 5011 2109 5076 ﬁnem,
2138 5016 2428 5080 angustae
2459 5011 2704 5082 quidem
2736 5017 2791 5066 et
2815 5012 2980 5066 tritae
3007 5012 3135 5067 viae
3168 5017 3404 5068 meatus
3434 5025 3578 5083 par-

196 5107 283 5161 νήν
328 5109 421 5158 καὶ
460 5108 556 5162 τὴν
607 5102 871 5170 πλατεῖαν,
921 5102 1136 5176 εἰρηκὼς
1190 5103 1326 5171 αὐτῷ
1371 5101 1670 5176 ἀμφοτέρων
1697 5107 1794 5159 τὴν

1910 5115 2049 5156 vum
2088 5077 2334 5171 quidem
2360 5077 2629 5156 laborem
2661 5099 2950 5156 habentes
2991 5099 3053 5155 in
3081 5114 3394 5172 praesens,
3420 5077 3479 5156 at
3505 5099 3567 5154 in

1530 5236 1786 5291 VARIAE
1826 5235 2119 5291 LECTION
2128 5235 2230 5290 ES.

272 5363 290 5397 ¹
319 5365 403 5419 Ex
439 5362 632 5432 coni.,

209 5433 228 5467 ⁸
265 5435 356 5490 Sic
384 5434 524 5490 cod.
609 5435 629 5468 ⁵
660 5432 808 5490 Cod.
849 5432 1280 5504 καταφωλέου.

211 5504 230 5537 ⁸
270 5507 360 5561 Sic
408 5506 544 5578 cod.
587 5510 1073 5578 ριόνκατὴφεια.

214 5589 336 5632 esse
363 5573 625 5636 videtur.
708 5577 752 5613 ¹¹
788 5578 879 5632 Sic
909 5573 1024 5633 cod
1049 5590 1156 5636 pro
1186 5573 1465 5636 ἁσωτιαις.

215 5648 380 5719 eod,,
407 5649 617 5708 addidi
636 5663 706 5707 ex
734 5647 897 5706 coni.

720 5377 786 5416 ro
816 5360 1063 5424 ξενίζον
1102 5379 1194 5412 τον
1220 5360 1360 5417 cod.
1409 5360 1739 5423 ξενίζοντα
1813 5363 1832 5395 ²
1867 5359 2012 5415 Cod.
2060 5363 2521 5416 κοσταντίνου,

1367 5434 1387 5466 ⁸
1429 5435 1509 5488 Ex
1548 5432 1727 5495 coni.,
1761 5432 1900 5488 cod.
1945 5439 2333 5501 κρατοῦντα.

1159 5505 1400 5575 9_C0t‘l‘.,
1445 5505 1584 5560 cod.
1618 5505 2050 5575 καταγώλεον,

1550 5577 1596 5656 ¹ξ
1639 5577 1761 5632 Cod.
1773 5619 1786 5633 .
1826 5576 2134 5656 καταγωλέω
2147 5618 2159 5630 ,

980 5649 1026 5682 1⁵
1045 5644 1254 5706 Verba
1277 5648 1442 5703 uncis
1483 5645 1717 5704 inclusa
1743 5662 1818 5703 ex
1842 5644 2006 5704 coni.
2059 5644 2292 5704 addidi.

2598 5363 2617 5393 ³
2651 5361 2729 5414 Ex
2757 5360 2948 5424 coni.,
2997 5359 3136 5416 cod.
3186 5358 3518 5432 ἐπεθύμον

2418 5433 2434 5464 τ
2477 5432 2755 5496 Emend.,
2802 5433 2947 5487 God.
2991 5432 3360 5502 συνεθρὴνῃ
3405 5435 3554 5502 (sic).

2138 5505 2354 5559 10God.
2391 5510 2497 5554 καὶ
2548 5504 2760 5576 ὥσπερ,
2795 5517 2910 5557 vox
2964 5509 3052 5554 καί
3101 5517 3545 5576 supervacanea

2247 5577 2291 5609 ¹³
2335 5579 2529 5639 ϐοείη
2572 5573 2713 5630 cod.
2753 5578 3091 5645 κείμενος.
3140 5574 3187 5608 ¹⁴
3225 5573 3390 5643 πρὸς
3426 5588 3564 5638 om.
