  <div class='ocr_page' id='page_1' title='image "/cluster/home/n/w/nwhite01/storage/ocr_20150623/34/mdp.39015041165401/123.png"; bbox 0 0 4092 6252; ppageno 0'>
   <div class='ocr_carea' id='block_1_1' title="bbox 568 284 669 342">
    <p class='ocr_par' dir='ltr' id='par_1_1' title="bbox 568 284 669 342">
     <span class='ocr_line' id='line_1_1' title="bbox 568 284 669 342; baseline 0.03 -3"><span class='ocrx_word' id='word_1_1' title='bbox 568 284 669 342; x_wconf 78' lang='lat'><strong>223</strong></span> 
     </span>
    </p>
   </div>
   <div class='ocr_carea' id='block_1_2' title="bbox 1412 270 3889 335">
    <p class='ocr_par' dir='ltr' id='par_1_2' title="bbox 1412 270 3889 335">
     <span class='ocr_line' id='line_1_2' title="bbox 1412 270 3889 335; baseline -0.004 -1"><span class='ocrx_word' id='word_1_2' title='bbox 1412 279 1515 335; x_wconf 91' lang='lat' dir='ltr'><strong>SS.</strong></span> <span class='ocrx_word' id='word_1_3' title='bbox 1557 275 2043 335; x_wconf 78' lang='lat' dir='ltr'><strong>MACARIORUM</strong></span> <span class='ocrx_word' id='word_1_4' title='bbox 2086 270 2416 331; x_wconf 84' lang='lat' dir='ltr'><strong>AEGYPTII</strong></span> <span class='ocrx_word' id='word_1_5' title='bbox 2464 272 2549 328; x_wconf 82' lang='lat' dir='ltr'><strong>ET</strong></span> <span class='ocrx_word' id='word_1_6' title='bbox 2593 272 3085 329; x_wconf 80' lang='lat' dir='ltr'><strong>ALEXANDRINI</strong></span> <span class='ocrx_word' id='word_1_7' title='bbox 3798 278 3889 333; x_wconf 67' lang='lat'><strong>224</strong></span> 
     </span>
    </p>
   </div>
   <div class='ocr_carea' id='block_1_3' title="bbox 569 398 2217 476">
    <p class='ocr_par' dir='ltr' id='par_1_3' title="bbox 569 402 2217 476">
     <span class='ocr_line' id='line_1_3' title="bbox 569 402 2217 476; baseline -0.005 -11"><span class='ocrx_word' id='word_1_8' title='bbox 569 410 801 466; x_wconf 80' lang='lat' dir='ltr'><strong>infinita</strong></span> <span class='ocrx_word' id='word_1_9' title='bbox 837 407 1213 463; x_wconf 71' lang='lat' dir='ltr'><strong>saeculorum</strong></span> <span class='ocrx_word' id='word_1_10' title='bbox 1265 406 1501 463; x_wconf 88' lang='lat' dir='ltr'><strong>saecula</strong></span> <span class='ocrx_word' id='word_1_11' title='bbox 1546 405 1836 476; x_wconf 81' lang='lat' dir='ltr'><strong>requiem,</strong></span> <span class='ocrx_word' id='word_1_12' title='bbox 1876 402 2031 459; x_wconf 83' lang='lat' dir='ltr'><strong>latae</strong></span> <span class='ocrx_word' id='word_1_13' title='bbox 2077 417 2217 458; x_wconf 88' lang='lat' dir='ltr'><strong>vero</strong></span> 
     </span>
    </p>
   </div>
   <div class='ocr_carea' id='block_1_4' title="bbox 2327 398 3900 476">
    <p class='ocr_par' dir='ltr' id='par_1_4' title="bbox 2330 398 3900 473">
     <span class='ocr_line' id='line_1_4' title="bbox 2330 398 3900 473; baseline 0.001 -22"><span class='ocrx_word' id='word_1_14' title='bbox 2330 400 2502 467; x_wconf 80' lang='grc' dir='ltr'><strong>λύσιν,</strong></span> <span class='ocrx_word' id='word_1_15' title='bbox 2562 406 2652 458; x_wconf 84' lang='grc' dir='ltr'>τῆς</span> <span class='ocrx_word' id='word_1_16' title='bbox 2704 403 2794 470; x_wconf 76' lang='grc' dir='ltr'><strong>μεν</strong></span> <span class='ocrx_word' id='word_1_17' title='bbox 2849 408 3032 460; x_wconf 81' lang='grc' dir='ltr'>στενῆς</span> <span class='ocrx_word' id='word_1_18' title='bbox 3085 405 3175 453; x_wconf 77' lang='grc' dir='ltr'>καὶ</span> <span class='ocrx_word' id='word_1_19' title='bbox 3228 400 3556 473; x_wconf 79' lang='grc' dir='ltr'>τεθλιμμένης</span> <span class='ocrx_word' id='word_1_20' title='bbox 3594 402 3640 437; x_wconf 81' lang='grc'><strong>¹⁶</strong></span> <span class='ocrx_word' id='word_1_21' title='bbox 3685 398 3801 453; x_wconf 86' lang='grc' dir='ltr'>ὀδοῦ</span> <span class='ocrx_word' id='word_1_22' title='bbox 3844 405 3900 453; x_wconf 81' lang='grc' dir='ltr'>τὰ</span> 
     </span>
    </p>
   </div>
   <div class='ocr_carea' id='block_1_5' title="bbox 571 494 2220 570">
    <p class='ocr_par' dir='ltr' id='par_1_5' title="bbox 571 494 2220 570">
     <span class='ocr_line' id='line_1_5' title="bbox 571 494 2220 570; baseline -0.005 -17"><span class='ocrx_word' id='word_1_23' title='bbox 571 499 941 570; x_wconf 83' lang='lat' dir='ltr'><strong>punitionem</strong></span> <span class='ocrx_word' id='word_1_24' title='bbox 973 503 1275 552; x_wconf 78' lang='lat' dir='ltr'><strong>aeternam</strong></span> <span class='ocrx_word' id='word_1_25' title='bbox 1298 502 1354 551; x_wconf 92' lang='lat' dir='ltr'><strong>et</strong></span> <span class='ocrx_word' id='word_1_26' title='bbox 1377 497 1579 566; x_wconf 82' lang='lat' dir='ltr'><strong>ignem</strong></span> <span class='ocrx_word' id='word_1_27' title='bbox 1594 494 1901 563; x_wconf 92' lang='lat' dir='ltr'><strong>gehennae</strong></span> <span class='ocrx_word' id='word_1_28' title='bbox 1916 496 1975 545; x_wconf 89' lang='lat' dir='ltr'><strong>et</strong></span> <span class='ocrx_word' id='word_1_29' title='bbox 1995 497 2220 546; x_wconf 89' lang='lat' dir='ltr'><strong>ceteras</strong></span> 
     </span>
    </p>
   </div>
   <div class='ocr_carea' id='block_1_6' title="bbox 570 579 2222 655">
    <p class='ocr_par' dir='ltr' id='par_1_6' title="bbox 570 579 2222 655">
     <span class='ocr_line' id='line_1_6' title="bbox 570 579 2222 655; baseline -0.005 -12"><span class='ocrx_word' id='word_1_30' title='bbox 570 603 781 643; x_wconf 85' lang='lat' dir='ltr'><strong>omnes</strong></span> <span class='ocrx_word' id='word_1_31' title='bbox 813 601 1062 655; x_wconf 89' lang='lat' dir='ltr'><strong>poenas.</strong></span> <span class='ocrx_word' id='word_1_32' title='bbox 1099 587 1407 650; x_wconf 81' lang='lat' dir='ltr'><strong>Quaenam</strong></span> <span class='ocrx_word' id='word_1_33' title='bbox 1441 583 1773 638; x_wconf 76' lang='lat' dir='ltr'><strong>admonitio</strong></span> <span class='ocrx_word' id='word_1_34' title='bbox 1808 581 1950 636; x_wconf 91' lang='lat' dir='ltr'><strong>mihi</strong></span> <span class='ocrx_word' id='word_1_35' title='bbox 1993 579 2222 651; x_wconf 87' lang='lat' dir='ltr'><strong>reliqua</strong></span> 
     </span>
    </p>
   </div>
   <div class='ocr_carea' id='block_1_7' title="bbox 571 669 2223 747">
    <p class='ocr_par' dir='ltr' id='par_1_7' title="bbox 571 669 2223 747">
     <span class='ocr_line' id='line_1_7' title="bbox 571 669 2223 747; baseline -0.005 -17"><span class='ocrx_word' id='word_1_36' title='bbox 571 683 679 744; x_wconf 88' lang='lat' dir='ltr'><strong>est,</strong></span> <span class='ocrx_word' id='word_1_37' title='bbox 707 692 829 747; x_wconf 89' lang='lat' dir='ltr'><strong>qua</strong></span> <span class='ocrx_word' id='word_1_38' title='bbox 854 679 984 729; x_wconf 87' lang='lat' dir='ltr'><strong>utar</strong></span> <span class='ocrx_word' id='word_1_39' title='bbox 1012 674 1071 727; x_wconf 93' lang='lat' dir='ltr'><strong>in</strong></span> <span class='ocrx_word' id='word_1_40' title='bbox 1101 675 1261 728; x_wconf 92' lang='lat' dir='ltr'><strong>hunc</strong></span> <span class='ocrx_word' id='word_1_41' title='bbox 1292 673 1619 735; x_wconf 86' lang='lat' dir='ltr'><strong>hominem,</strong></span> <span class='ocrx_word' id='word_1_42' title='bbox 1643 687 1821 743; x_wconf 84' lang='lat' dir='ltr'><strong>quem</strong></span> <span class='ocrx_word' id='word_1_43' title='bbox 1868 669 2008 725; x_wconf 89' lang='lat' dir='ltr'><strong>mihi</strong></span> <span class='ocrx_word' id='word_1_44' title='bbox 2046 669 2223 724; x_wconf 90' lang='lat' dir='ltr'><strong>tradi-</strong></span> 
     </span>
    </p>
   </div>
   <div class='ocr_carea' id='block_1_8' title="bbox 572 760 2224 832">
    <p class='ocr_par' dir='ltr' id='par_1_8' title="bbox 572 760 2224 832">
     <span class='ocr_line' id='line_1_8' title="bbox 572 760 2224 832; baseline -0.005 -13"><span class='ocrx_word' id='word_1_45' title='bbox 572 764 656 820; x_wconf 92' lang='lat' dir='ltr'><strong>dit</strong></span> <span class='ocrx_word' id='word_1_46' title='bbox 705 767 855 819; x_wconf 91' lang='lat' dir='ltr'><strong>Deus</strong></span> <span class='ocrx_word' id='word_1_47' title='bbox 886 763 1344 817; x_wconf 89' lang='lat' dir='ltr'><strong>custodiendum</strong></span> <span class='ocrx_word' id='word_1_48' title='bbox 1385 760 1413 815; x_wconf 68' lang='lat'><strong>7</strong></span> <span class='ocrx_word' id='word_1_49' title='bbox 1453 766 1579 832; x_wconf 88' lang='lat' dir='ltr'><strong>Ipse</strong></span> <span class='ocrx_word' id='word_1_50' title='bbox 1628 760 1784 814; x_wconf 89' lang='lat' dir='ltr'><strong>enim</strong></span> <span class='ocrx_word' id='word_1_51' title='bbox 1840 760 2124 814; x_wconf 86' lang='lat' dir='ltr'><strong>Dominus</strong></span> <span class='ocrx_word' id='word_1_52' title='bbox 2168 764 2224 813; x_wconf 92' lang='lat' dir='ltr'><strong>et</strong></span> 
     </span>
    </p>
   </div>
   <div class='ocr_carea' id='block_1_9' title="bbox 575 848 2224 916">
    <p class='ocr_par' dir='ltr' id='par_1_9' title="bbox 575 848 2224 916">
     <span class='ocr_line' id='line_1_9' title="bbox 575 848 2224 916; baseline -0.003 -8"><span class='ocrx_word' id='word_1_53' title='bbox 575 857 726 908; x_wconf 88' lang='lat' dir='ltr'><strong>Deus</strong></span> <span class='ocrx_word' id='word_1_54' title='bbox 755 858 953 908; x_wconf 81' lang='lat' dir='ltr'><strong>noster</strong></span> <span class='ocrx_word' id='word_1_55' title='bbox 977 853 1143 906; x_wconf 84' lang='lat' dir='ltr'><strong>Jesus</strong></span> <span class='ocrx_word' id='word_1_56' title='bbox 1182 851 1466 916; x_wconf 84' lang='lat' dir='ltr'><strong>Christus,</strong></span> <span class='ocrx_word' id='word_1_57' title='bbox 1512 849 1688 904; x_wconf 85' lang='lat' dir='ltr'><strong>Filius</strong></span> <span class='ocrx_word' id='word_1_58' title='bbox 1711 849 1811 903; x_wconf 89' lang='lat' dir='ltr'><strong>Dei</strong></span> <span class='ocrx_word' id='word_1_59' title='bbox 1842 850 1977 910; x_wconf 89' lang='lat' dir='ltr'><strong>vivi,</strong></span> <span class='ocrx_word' id='word_1_60' title='bbox 2011 848 2224 903; x_wconf 86' lang='lat' dir='ltr'><strong>admo-</strong></span> 
     </span>
    </p>
   </div>
   <div class='ocr_carea' id='block_1_10' title="bbox 570 936 2225 1003">
    <p class='ocr_par' dir='ltr' id='par_1_10' title="bbox 570 936 2225 1003">
     <span class='ocr_line' id='line_1_10' title="bbox 570 936 2225 1003; baseline -0.004 -7"><span class='ocrx_word' id='word_1_61' title='bbox 570 950 669 996; x_wconf 87' lang='lat' dir='ltr'><strong>net</strong></span> <span class='ocrx_word' id='word_1_62' title='bbox 688 947 743 995; x_wconf 94' lang='lat' dir='ltr'><strong>et</strong></span> <span class='ocrx_word' id='word_1_63' title='bbox 762 942 1103 995; x_wconf 88' lang='lat' dir='ltr'><strong>cohortatur</strong></span> <span class='ocrx_word' id='word_1_64' title='bbox 1133 940 1381 995; x_wconf 79' lang='lat' dir='ltr'><strong>etdocet</strong></span> <span class='ocrx_word' id='word_1_65' title='bbox 1401 953 1632 1003; x_wconf 90' lang='lat' dir='ltr'><strong>omnes,</strong></span> <span class='ocrx_word' id='word_1_66' title='bbox 1657 936 1954 993; x_wconf 91' lang='lat' dir='ltr'><strong>abstinere</strong></span> <span class='ocrx_word' id='word_1_67' title='bbox 1984 937 2225 991; x_wconf 90' lang='lat' dir='ltr'><strong>obscoe-</strong></span> 
     </span>
    </p>
   </div>
   <div class='ocr_carea' id='block_1_11' title="bbox 570 1023 2224 1099">
    <p class='ocr_par' dir='ltr' id='par_1_11' title="bbox 570 1023 2224 1099">
     <span class='ocr_line' id='line_1_11' title="bbox 570 1023 2224 1099; baseline -0.003 -15"><span class='ocrx_word' id='word_1_68' title='bbox 570 1032 663 1085; x_wconf 87' lang='lat' dir='ltr'><strong>nis</strong></span> <span class='ocrx_word' id='word_1_69' title='bbox 702 1029 1008 1099; x_wconf 87' lang='lat' dir='ltr'><strong>operibus,</strong></span> <span class='ocrx_word' id='word_1_70' title='bbox 1036 1044 1105 1082; x_wconf 91' lang='lat' dir='ltr'><strong>ac</strong></span> <span class='ocrx_word' id='word_1_71' title='bbox 1139 1029 1234 1082; x_wconf 81' lang='lat' dir='ltr'><strong>vix</strong></span> <span class='ocrx_word' id='word_1_72' title='bbox 1270 1042 1540 1099; x_wconf 88' lang='lat' dir='ltr'><strong>unquam</strong></span> <span class='ocrx_word' id='word_1_73' title='bbox 1582 1026 1686 1080; x_wconf 92' lang='lat' dir='ltr'><strong>ulli</strong></span> <span class='ocrx_word' id='word_1_74' title='bbox 1730 1025 2053 1080; x_wconf 82' lang='lat' dir='ltr'><strong>observant</strong></span> <span class='ocrx_word' id='word_1_75' title='bbox 2091 1023 2224 1079; x_wconf 89' lang='lat' dir='ltr'><strong>dili-</strong></span> 
     </span>
    </p>
   </div>
   <div class='ocr_carea' id='block_1_12' title="bbox 568 1114 2223 1191">
    <p class='ocr_par' dir='ltr' id='par_1_12' title="bbox 568 1114 2223 1191">
     <span class='ocr_line' id='line_1_12' title="bbox 568 1114 2223 1191; baseline -0.004 -17"><span class='ocrx_word' id='word_1_76' title='bbox 568 1125 773 1191; x_wconf 78' lang='lat' dir='ltr'><strong>genter</strong></span> <span class='ocrx_word' id='word_1_77' title='bbox 796 1118 996 1172; x_wconf 87' lang='lat' dir='ltr'><strong>divina</strong></span> <span class='ocrx_word' id='word_1_78' title='bbox 1013 1117 1194 1172; x_wconf 89' lang='lat' dir='ltr'><strong>verba</strong></span> <span class='ocrx_word' id='word_1_79' title='bbox 1219 1117 1373 1171; x_wconf 91' lang='lat' dir='ltr'><strong>eius.</strong></span> <span class='ocrx_word' id='word_1_80' title='bbox 1401 1116 1540 1170; x_wconf 89' lang='lat' dir='ltr'><strong>Dico</strong></span> <span class='ocrx_word' id='word_1_81' title='bbox 1568 1115 1748 1184; x_wconf 82' lang='lat' dir='ltr'><strong>igitur</strong></span> <span class='ocrx_word' id='word_1_82' title='bbox 1766 1114 1849 1169; x_wconf 90' lang='lat' dir='ltr'><strong>ei:</strong></span> <span class='ocrx_word' id='word_1_83' title='bbox 1881 1115 1997 1169; x_wconf 89' lang='lat' dir='ltr'><strong>Cur</strong></span> <span class='ocrx_word' id='word_1_84' title='bbox 2026 1121 2223 1169; x_wconf 82' lang='lat' dir='ltr'><strong>exten-</strong></span> 
     </span>
    </p>
   </div>
   <div class='ocr_carea' id='block_1_13' title="bbox 567 1202 2222 1274">
    <p class='ocr_par' dir='ltr' id='par_1_13' title="bbox 567 1202 2222 1274">
     <span class='ocr_line' id='line_1_13' title="bbox 567 1202 2222 1274; baseline -0.004 -11"><span class='ocrx_word' id='word_1_85' title='bbox 567 1208 931 1263; x_wconf 88' lang='lat' dir='ltr'><strong>distimanus</strong></span> <span class='ocrx_word' id='word_1_86' title='bbox 950 1212 1083 1260; x_wconf 89' lang='lat' dir='ltr'><strong>tuas</strong></span> <span class='ocrx_word' id='word_1_87' title='bbox 1102 1219 1349 1274; x_wconf 88' lang='lat' dir='ltr'><strong>gemens</strong></span> <span class='ocrx_word' id='word_1_88' title='bbox 1370 1220 1575 1259; x_wconf 89' lang='lat' dir='ltr'><strong>versus</strong></span> <span class='ocrx_word' id='word_1_89' title='bbox 1598 1202 1829 1258; x_wconf 89' lang='lat' dir='ltr'><strong>coelum</strong></span> <span class='ocrx_word' id='word_1_90' title='bbox 1845 1203 1872 1256; x_wconf 82' lang='lat'><strong>?</strong></span> <span class='ocrx_word' id='word_1_91' title='bbox 1892 1205 1955 1257; x_wconf 91' lang='lat' dir='ltr'><strong>Et</strong></span> <span class='ocrx_word' id='word_1_92' title='bbox 1978 1218 2222 1274; x_wconf 88' lang='lat' dir='ltr'><strong>respon-</strong></span> 
     </span>
    </p>
   </div>
   <div class='ocr_carea' id='block_1_14' title="bbox 568 1291 2223 1364">
    <p class='ocr_par' dir='ltr' id='par_1_14' title="bbox 568 1291 2223 1364">
     <span class='ocr_line' id='line_1_14' title="bbox 568 1291 2223 1364; baseline -0.003 -12"><span class='ocrx_word' id='word_1_93' title='bbox 568 1298 667 1352; x_wconf 89' lang='lat' dir='ltr'><strong>det</strong></span> <span class='ocrx_word' id='word_1_94' title='bbox 687 1296 833 1351; x_wconf 92' lang='lat' dir='ltr'><strong>mihi</strong></span> <span class='ocrx_word' id='word_1_95' title='bbox 861 1295 1111 1364; x_wconf 80' lang='lat' dir='ltr'><strong>angelus</strong></span> <span class='ocrx_word' id='word_1_96' title='bbox 1137 1311 1150 1348; x_wconf 88' lang='lat'>:</span> <span class='ocrx_word' id='word_1_97' title='bbox 1187 1292 1500 1364; x_wconf 85' lang='lat' dir='ltr'><strong>Conspicio</strong></span> <span class='ocrx_word' id='word_1_98' title='bbox 1530 1292 1859 1347; x_wconf 89' lang='lat' dir='ltr'><strong>daemones</strong></span> <span class='ocrx_word' id='word_1_99' title='bbox 1891 1291 2049 1347; x_wconf 90' lang='lat' dir='ltr'><strong>circa</strong></span> <span class='ocrx_word' id='word_1_100' title='bbox 2083 1306 2223 1347; x_wconf 90' lang='lat' dir='ltr'><strong>eum</strong></span> 
     </span>
    </p>
   </div>
   <div class='ocr_carea' id='block_1_15' title="bbox 568 1380 2222 1458">
    <p class='ocr_par' dir='ltr' id='par_1_15' title="bbox 568 1380 2222 1458">
     <span class='ocr_line' id='line_1_15' title="bbox 568 1380 2222 1458; baseline -0.003 -18"><span class='ocrx_word' id='word_1_101' title='bbox 568 1385 939 1458; x_wconf 84' lang='lat' dir='ltr'><strong>plaudentes,</strong></span> <span class='ocrx_word' id='word_1_102' title='bbox 973 1388 1029 1437; x_wconf 94' lang='lat' dir='ltr'><strong>et</strong></span> <span class='ocrx_word' id='word_1_103' title='bbox 1054 1382 1200 1438; x_wconf 87' lang='lat' dir='ltr'><strong>alios</strong></span> <span class='ocrx_word' id='word_1_104' title='bbox 1233 1382 1555 1450; x_wconf 88' lang='lat' dir='ltr'><strong>tragoedos</strong></span> <span class='ocrx_word' id='word_1_105' title='bbox 1586 1387 1851 1452; x_wconf 84' lang='lat' dir='ltr'><strong>agentes,</strong></span> <span class='ocrx_word' id='word_1_106' title='bbox 1891 1380 2040 1435; x_wconf 89' lang='lat' dir='ltr'><strong>alios</strong></span> <span class='ocrx_word' id='word_1_107' title='bbox 2074 1381 2222 1435; x_wconf 90' lang='lat' dir='ltr'><strong>deri—</strong></span> 
     </span>
    </p>
   </div>
   <div class='ocr_carea' id='block_1_16' title="bbox 568 1468 2225 1541">
    <p class='ocr_par' dir='ltr' id='par_1_16' title="bbox 568 1468 2225 1541">
     <span class='ocr_line' id='line_1_16' title="bbox 568 1468 2225 1541; baseline -0.005 -11"><span class='ocrx_word' id='word_1_108' title='bbox 568 1475 777 1530; x_wconf 87' lang='lat' dir='ltr'><strong>dentes</strong></span> <span class='ocrx_word' id='word_1_109' title='bbox 807 1489 944 1527; x_wconf 92' lang='lat' dir='ltr'><strong>eum</strong></span> <span class='ocrx_word' id='word_1_110' title='bbox 983 1472 1278 1534; x_wconf 90' lang='lat' dir='ltr'><strong>indecore,</strong></span> <span class='ocrx_word' id='word_1_111' title='bbox 1310 1475 1365 1526; x_wconf 90' lang='lat' dir='ltr'><strong>et</strong></span> <span class='ocrx_word' id='word_1_112' title='bbox 1395 1470 1617 1524; x_wconf 91' lang='lat' dir='ltr'><strong>idcirco</strong></span> <span class='ocrx_word' id='word_1_113' title='bbox 1656 1468 2010 1524; x_wconf 88' lang='lat' dir='ltr'><strong>frendebam</strong></span> <span class='ocrx_word' id='word_1_114' title='bbox 2044 1484 2225 1541; x_wconf 88' lang='lat' dir='ltr'><strong>super</strong></span> 
     </span>
    </p>
   </div>
   <div class='ocr_carea' id='block_1_17' title="bbox 568 1559 2225 1631">
    <p class='ocr_par' dir='ltr' id='par_1_17' title="bbox 568 1559 2225 1631">
     <span class='ocr_line' id='line_1_17' title="bbox 568 1559 2225 1631; baseline -0.004 -12"><span class='ocrx_word' id='word_1_115' title='bbox 568 1562 896 1619; x_wconf 84' lang='lat' dir='ltr'><strong>insolentiis</strong></span> <span class='ocrx_word' id='word_1_116' title='bbox 928 1560 1058 1623; x_wconf 90' lang='lat' dir='ltr'><strong>illis,</strong></span> <span class='ocrx_word' id='word_1_117' title='bbox 1102 1566 1156 1614; x_wconf 90' lang='lat' dir='ltr'><strong>et</strong></span> <span class='ocrx_word' id='word_1_118' title='bbox 1194 1561 1486 1631; x_wconf 89' lang='lat' dir='ltr'><strong>precabar</strong></span> <span class='ocrx_word' id='word_1_119' title='bbox 1512 1559 1587 1613; x_wconf 90' lang='lat' dir='ltr'><strong>ad</strong></span> <span class='ocrx_word' id='word_1_120' title='bbox 1617 1559 1822 1623; x_wconf 85' lang='lat' dir='ltr'><strong>Deum,</strong></span> <span class='ocrx_word' id='word_1_121' title='bbox 1860 1564 1921 1612; x_wconf 91' lang='lat' dir='ltr'><strong>ut</strong></span> <span class='ocrx_word' id='word_1_122' title='bbox 1956 1574 2225 1613; x_wconf 88' lang='lat' dir='ltr'><strong>servare-</strong></span> 
     </span>
    </p>
   </div>
   <div class='ocr_carea' id='block_1_18' title="bbox 567 1646 2223 1710">
    <p class='ocr_par' dir='ltr' id='par_1_18' title="bbox 567 1646 2223 1710">
     <span class='ocr_line' id='line_1_18' title="bbox 567 1646 2223 1710; baseline -0.004 -2"><span class='ocrx_word' id='word_1_123' title='bbox 567 1657 661 1708; x_wconf 89' lang='lat' dir='ltr'><strong>tur</strong></span> <span class='ocrx_word' id='word_1_124' title='bbox 703 1667 740 1707; x_wconf 91' lang='lat' dir='ltr'><strong>a</strong></span> <span class='ocrx_word' id='word_1_125' title='bbox 778 1649 1178 1705; x_wconf 86' lang='lat' dir='ltr'><strong>daemonibus</strong></span> <span class='ocrx_word' id='word_1_126' title='bbox 1232 1656 1503 1703; x_wconf 85' lang='lat' dir='ltr'><strong>creatura</strong></span> <span class='ocrx_word' id='word_1_127' title='bbox 1545 1647 1694 1710; x_wconf 87' lang='lat' dir='ltr'><strong>eius,</strong></span> <span class='ocrx_word' id='word_1_128' title='bbox 1749 1652 1806 1701; x_wconf 90' lang='lat' dir='ltr'><strong>et</strong></span> <span class='ocrx_word' id='word_1_129' title='bbox 1849 1646 2031 1702; x_wconf 92' lang='lat' dir='ltr'><strong>donet</strong></span> <span class='ocrx_word' id='word_1_130' title='bbox 2078 1647 2223 1702; x_wconf 89' lang='lat' dir='ltr'><strong>mihi</strong></span> 
     </span>
    </p>
   </div>
   <div class='ocr_carea' id='block_1_19' title="bbox 567 1735 2223 1805">
    <p class='ocr_par' dir='ltr' id='par_1_19' title="bbox 567 1735 2223 1805">
     <span class='ocr_line' id='line_1_19' title="bbox 567 1735 2223 1805; baseline -0.003 -10"><span class='ocrx_word' id='word_1_131' title='bbox 567 1756 752 1795; x_wconf 91' lang='lat' dir='ltr'><strong>unam</strong></span> <span class='ocrx_word' id='word_1_132' title='bbox 784 1739 939 1793; x_wconf 89' lang='lat' dir='ltr'><strong>diem</strong></span> <span class='ocrx_word' id='word_1_133' title='bbox 974 1737 1178 1792; x_wconf 90' lang='lat' dir='ltr'><strong>laetari</strong></span> <span class='ocrx_word' id='word_1_134' title='bbox 1211 1738 1267 1790; x_wconf 90' lang='lat' dir='ltr'><strong>in</strong></span> <span class='ocrx_word' id='word_1_135' title='bbox 1297 1752 1366 1790; x_wconf 92' lang='lat' dir='ltr'><strong>eo</strong></span> <span class='ocrx_word' id='word_1_136' title='bbox 1397 1736 1470 1790; x_wconf 91' lang='lat' dir='ltr'><strong>de</strong></span> <span class='ocrx_word' id='word_1_137' title='bbox 1505 1735 1867 1805; x_wconf 87' lang='lat' dir='ltr'><strong>poenitentia</strong></span> <span class='ocrx_word' id='word_1_138' title='bbox 1899 1737 2025 1789; x_wconf 89' lang='lat' dir='ltr'><strong>eius</strong></span> <span class='ocrx_word' id='word_1_139' title='bbox 2052 1742 2109 1790; x_wconf 90' lang='lat' dir='ltr'><strong>et</strong></span> <span class='ocrx_word' id='word_1_140' title='bbox 2141 1750 2223 1790; x_wconf 91' lang='lat' dir='ltr'><strong>re-</strong></span> 
     </span>
    </p>
   </div>
   <div class='ocr_carea' id='block_1_20' title="bbox 2333 485 3898 564">
    <p class='ocr_par' dir='ltr' id='par_1_20' title="bbox 2333 485 3898 564">
     <span class='ocr_line' id='line_1_20' title="bbox 2333 485 3898 564; baseline 0.001 -24"><span class='ocrx_word' id='word_1_141' title='bbox 2333 485 2642 559; x_wconf 63' lang='grc' dir='ltr'>διαδήματα</span> <span class='ocrx_word' id='word_1_142' title='bbox 2672 491 2857 559; x_wconf 82' lang='grc' dir='ltr'>μικρὸν</span> <span class='ocrx_word' id='word_1_143' title='bbox 2885 491 2975 560; x_wconf 63' lang='grc' dir='ltr'>μὶν</span> <span class='ocrx_word' id='word_1_144' title='bbox 3010 494 3164 541; x_wconf 87' lang='grc' dir='ltr'>πόνον</span> <span class='ocrx_word' id='word_1_145' title='bbox 3196 492 3388 561; x_wconf 78' lang='grc' dir='ltr'>ἔχοντα</span> <span class='ocrx_word' id='word_1_146' title='bbox 3416 494 3544 564; x_wconf 90' lang='grc' dir='ltr'>πρὸς</span> <span class='ocrx_word' id='word_1_147' title='bbox 3574 493 3628 541; x_wconf 91' lang='grc' dir='ltr'><strong>τὸ</strong></span> <span class='ocrx_word' id='word_1_148' title='bbox 3656 496 3808 563; x_wconf 89' lang='grc' dir='ltr'>παρόν</span> <span class='ocrx_word' id='word_1_149' title='bbox 3838 492 3898 555; x_wconf 78' lang='grc'><strong>¹⁷,</strong></span> 
     </span>
    </p>
   </div>
   <div class='ocr_carea' id='block_1_21' title="bbox 2331 576 3900 645">
    <p class='ocr_par' dir='ltr' id='par_1_21' title="bbox 2331 576 3900 645">
     <span class='ocr_line' id='line_1_21' title="bbox 2331 576 3900 645; baseline 0.001 -15"><span class='ocrx_word' id='word_1_150' title='bbox 2331 583 2421 630; x_wconf 82' lang='grc' dir='ltr'>καὶ</span> <span class='ocrx_word' id='word_1_151' title='bbox 2466 577 2537 637; x_wconf 88' lang='grc' dir='ltr'><strong>εἰς</strong></span> <span class='ocrx_word' id='word_1_152' title='bbox 2576 576 2940 638; x_wconf 81' lang='grc' dir='ltr'>ἀτελευτήτους</span> <span class='ocrx_word' id='word_1_153' title='bbox 2997 577 3193 630; x_wconf 85' lang='grc' dir='ltr'>αἰῶνων</span> <span class='ocrx_word' id='word_1_154' title='bbox 3237 579 3429 641; x_wconf 82' lang='grc' dir='ltr'>αἰώνας</span> <span class='ocrx_word' id='word_1_155' title='bbox 3479 584 3571 638; x_wconf 80' lang='grc' dir='ltr'>τὴν</span> <span class='ocrx_word' id='word_1_156' title='bbox 3611 580 3900 645; x_wconf 78' lang='grc' dir='ltr'><strong>ἀνάπαυσιν,</strong></span> 
     </span>
    </p>
   </div>
   <div class='ocr_carea' id='block_1_22' title="bbox 2333 663 3905 740">
    <p class='ocr_par' dir='ltr' id='par_1_22' title="bbox 2333 663 3905 740">
     <span class='ocr_line' id='line_1_22' title="bbox 2333 663 3905 740; baseline 0.002 -22"><span class='ocrx_word' id='word_1_157' title='bbox 2333 674 2426 728; x_wconf 84' lang='grc' dir='ltr'>τῆς</span> <span class='ocrx_word' id='word_1_158' title='bbox 2467 663 2526 719; x_wconf 67' lang='grc' dir='ltr'><strong>δὲ</strong></span> <span class='ocrx_word' id='word_1_159' title='bbox 2550 667 2793 729; x_wconf 74' lang='grc' dir='ltr'><strong>πλατείας</strong></span> <span class='ocrx_word' id='word_1_160' title='bbox 2831 666 3045 719; x_wconf 75' lang='grc' dir='ltr'><strong>κόλασιν</strong></span> <span class='ocrx_word' id='word_1_161' title='bbox 3084 668 3287 720; x_wconf 81' lang='grc' dir='ltr'>αἰώνιον</span> <span class='ocrx_word' id='word_1_162' title='bbox 3322 674 3410 720; x_wconf 89' lang='grc' dir='ltr'>καὶ</span> <span class='ocrx_word' id='word_1_163' title='bbox 3447 672 3505 720; x_wconf 89' lang='grc' dir='ltr'><strong>τὸ</strong></span> <span class='ocrx_word' id='word_1_164' title='bbox 3541 676 3641 740; x_wconf 86' lang='grc' dir='ltr'><strong>πῦρ</strong></span> <span class='ocrx_word' id='word_1_165' title='bbox 3672 676 3760 729; x_wconf 82' lang='grc' dir='ltr'>τῆς</span> <span class='ocrx_word' id='word_1_166' title='bbox 3786 674 3905 738; x_wconf 79' lang='grc' dir='ltr'>γείν-</span> 
     </span>
    </p>
   </div>
   <div class='ocr_carea' id='block_1_23' title="bbox 2332 756 3903 819">
    <p class='ocr_par' dir='ltr' id='par_1_23' title="bbox 2332 756 3903 819">
     <span class='ocr_line' id='line_1_23' title="bbox 2332 756 3903 819; baseline 0.002 -13"><span class='ocrx_word' id='word_1_167' title='bbox 2332 776 2420 817; x_wconf 81' lang='grc' dir='ltr'>νης</span> <span class='ocrx_word' id='word_1_168' title='bbox 2451 761 2540 807; x_wconf 79' lang='grc' dir='ltr'>καὶ</span> <span class='ocrx_word' id='word_1_169' title='bbox 2582 758 2675 817; x_wconf 84' lang='grc' dir='ltr'>τὰς</span> <span class='ocrx_word' id='word_1_170' title='bbox 2712 756 2898 817; x_wconf 83' lang='grc' dir='ltr'>λοιπὰς</span> <span class='ocrx_word' id='word_1_171' title='bbox 2942 759 3121 818; x_wconf 89' lang='grc' dir='ltr'>πάσας</span> <span class='ocrx_word' id='word_1_172' title='bbox 3166 758 3426 819; x_wconf 76' lang='grc' dir='ltr'><strong>κολάσεις.</strong></span> <span class='ocrx_word' id='word_1_173' title='bbox 3462 762 3611 809; x_wconf 89' lang='grc' dir='ltr'>ποίαν</span> <span class='ocrx_word' id='word_1_174' title='bbox 3659 759 3903 810; x_wconf 78' lang='grc' dir='ltr'><strong>νουθεσίαν</strong></span> 
     </span>
    </p>
   </div>
   <div class='ocr_carea' id='block_1_24' title="bbox 2333 845 3905 921">
    <p class='ocr_par' dir='ltr' id='par_1_24' title="bbox 2333 845 3905 921">
     <span class='ocr_line' id='line_1_24' title="bbox 2333 845 3905 921; baseline 0.001 -25"><span class='ocrx_word' id='word_1_175' title='bbox 2333 845 2442 916; x_wconf 78' lang='grc' dir='ltr'>ἔχω</span> <span class='ocrx_word' id='word_1_176' title='bbox 2475 853 2701 903; x_wconf 83' lang='grc' dir='ltr'>ποιῆσαι</span> <span class='ocrx_word' id='word_1_177' title='bbox 2730 846 2906 897; x_wconf 91' lang='grc' dir='ltr'>λοιπὸν</span> <span class='ocrx_word' id='word_1_178' title='bbox 2957 850 3087 918; x_wconf 90' lang='grc' dir='ltr'>πρὸς</span> <span class='ocrx_word' id='word_1_179' title='bbox 3131 850 3218 898; x_wconf 91' lang='grc' dir='ltr'><strong>τὸν</strong></span> <span class='ocrx_word' id='word_1_180' title='bbox 3259 849 3377 918; x_wconf 72' lang='grc' dir='ltr'>ἐμὸν</span> <span class='ocrx_word' id='word_1_181' title='bbox 3430 848 3712 921; x_wconf 80' lang='grc' dir='ltr'>ἄνθρωπον,</span> <span class='ocrx_word' id='word_1_182' title='bbox 3745 846 3793 897; x_wconf 87' lang='grc' dir='ltr'>ὃν</span> <span class='ocrx_word' id='word_1_183' title='bbox 3830 865 3905 916; x_wconf 90' lang='grc' dir='ltr'><strong>μοι</strong></span> 
     </span>
    </p>
   </div>
   <div class='ocr_carea' id='block_1_25' title="bbox 2334 933 3902 1009">
    <p class='ocr_par' dir='ltr' id='par_1_25' title="bbox 2334 933 3902 1009">
     <span class='ocr_line' id='line_1_25' title="bbox 2334 933 3902 1009; baseline 0 -23"><span class='ocrx_word' id='word_1_184' title='bbox 2334 933 2645 1009; x_wconf 72' lang='grc' dir='ltr'><strong>ἐνεχείρισεν</strong></span> <span class='ocrx_word' id='word_1_185' title='bbox 2678 935 2724 969; x_wconf 82' lang='grc'>¹⁸</span> <span class='ocrx_word' id='word_1_186' title='bbox 2765 936 2790 986; x_wconf 99' lang='lat'><strong>6</strong></span> <span class='ocrx_word' id='word_1_187' title='bbox 2844 940 2974 996; x_wconf 86' lang='grc' dir='ltr'><strong>Θεὸς</strong></span> <span class='ocrx_word' id='word_1_188' title='bbox 3001 943 3093 987; x_wconf 91' lang='grc' dir='ltr'><strong>τοῦ</strong></span> <span class='ocrx_word' id='word_1_189' title='bbox 3146 940 3349 989; x_wconf 79' lang='grc' dir='ltr'>σκέπειν</span> <span class='ocrx_word' id='word_1_190' title='bbox 3396 936 3593 1001; x_wconf 57' lang='lat' dir='ltr'><strong>miror;</strong></span> <span class='ocrx_word' id='word_1_191' title='bbox 3635 934 3784 996; x_wconf 88' lang='grc' dir='ltr'>αύτός</span> <span class='ocrx_word' id='word_1_192' title='bbox 3817 938 3902 1006; x_wconf 79' lang='grc' dir='ltr'><strong>γὰρ</strong></span> 
     </span>
    </p>
   </div>
   <div class='ocr_carea' id='block_1_26' title="bbox 2333 1018 3905 1098">
    <p class='ocr_par' dir='ltr' id='par_1_26' title="bbox 2333 1018 3905 1098">
     <span class='ocr_line' id='line_1_26' title="bbox 2333 1018 3905 1098; baseline -0.001 -23"><span class='ocrx_word' id='word_1_193' title='bbox 2333 1024 2359 1075; x_wconf 91' lang='lat'><strong>6</strong></span> <span class='ocrx_word' id='word_1_194' title='bbox 2402 1026 2577 1095; x_wconf 90' lang='grc' dir='ltr'>κύριος</span> <span class='ocrx_word' id='word_1_195' title='bbox 2619 1029 2707 1074; x_wconf 86' lang='grc' dir='ltr'><strong>καὶ</strong></span> <span class='ocrx_word' id='word_1_196' title='bbox 2738 1027 2867 1083; x_wconf 87' lang='grc' dir='ltr'><strong>Θεὸς</strong></span> <span class='ocrx_word' id='word_1_197' title='bbox 2912 1026 3057 1095; x_wconf 83' lang='grc' dir='ltr'>ἡμῶν</span> <span class='ocrx_word' id='word_1_198' title='bbox 3099 1024 3304 1087; x_wconf 84' lang='grc' dir='ltr'>Ἰησοῦς</span> <span class='ocrx_word' id='word_1_199' title='bbox 3358 1024 3641 1098; x_wconf 81' lang='grc' dir='ltr'>Χριστὸςὸ</span> <span class='ocrx_word' id='word_1_200' title='bbox 3680 1026 3791 1084; x_wconf 89' lang='grc' dir='ltr'>Υἱὸς</span> <span class='ocrx_word' id='word_1_201' title='bbox 3828 1018 3905 1074; x_wconf 83' lang='grc' dir='ltr'><strong>τού</strong></span> 
     </span>
    </p>
   </div>
   <div class='ocr_carea' id='block_1_27' title="bbox 2334 1108 3909 1185">
    <p class='ocr_par' dir='ltr' id='par_1_27' title="bbox 2334 1108 3909 1185">
     <span class='ocr_line' id='line_1_27' title="bbox 2334 1108 3909 1185; baseline -0.001 -21"><span class='ocrx_word' id='word_1_202' title='bbox 2334 1119 2467 1165; x_wconf 80' lang='grc' dir='ltr'>Θεοῦ</span> <span class='ocrx_word' id='word_1_203' title='bbox 2518 1119 2607 1164; x_wconf 89' lang='grc' dir='ltr'><strong>τοῦ</strong></span> <span class='ocrx_word' id='word_1_204' title='bbox 2649 1112 2837 1173; x_wconf 83' lang='grc' dir='ltr'>ζῶντος</span> <span class='ocrx_word' id='word_1_205' title='bbox 2861 1114 3093 1166; x_wconf 82' lang='grc' dir='ltr'>νουθετεῖ</span> <span class='ocrx_word' id='word_1_206' title='bbox 3115 1118 3205 1165; x_wconf 89' lang='grc' dir='ltr'>καὶ</span> <span class='ocrx_word' id='word_1_207' title='bbox 3240 1112 3536 1185; x_wconf 88' lang='grc' dir='ltr'>παρακαλεί</span> <span class='ocrx_word' id='word_1_208' title='bbox 3561 1117 3647 1164; x_wconf 80' lang='grc' dir='ltr'>καὶ</span> <span class='ocrx_word' id='word_1_209' title='bbox 3680 1108 3909 1163; x_wconf 79' lang='grc' dir='ltr'>διδάσκει</span> 
     </span>
    </p>
   </div>
   <div class='ocr_carea' id='block_1_28' title="bbox 2331 1200 3907 1276">
    <p class='ocr_par' dir='ltr' id='par_1_28' title="bbox 2331 1200 3907 1276">
     <span class='ocr_line' id='line_1_28' title="bbox 2331 1200 3907 1276; baseline -0.001 -23"><span class='ocrx_word' id='word_1_210' title='bbox 2331 1203 2525 1261; x_wconf 79' lang='grc' dir='ltr'>πάντας</span> <span class='ocrx_word' id='word_1_211' title='bbox 2587 1201 2884 1273; x_wconf 79' lang='grc' dir='ltr'>ἀπέχεσθαι</span> <span class='ocrx_word' id='word_1_212' title='bbox 2914 1212 3012 1253; x_wconf 89' lang='grc' dir='ltr'>τῶν</span> <span class='ocrx_word' id='word_1_213' title='bbox 3068 1211 3280 1276; x_wconf 81' lang='grc' dir='ltr'>σαπρῶν</span> <span class='ocrx_word' id='word_1_214' title='bbox 3339 1202 3598 1275; x_wconf 78' lang='grc' dir='ltr'>πράξεων,</span> <span class='ocrx_word' id='word_1_215' title='bbox 3656 1206 3740 1254; x_wconf 82' lang='grc' dir='ltr'>καὶ</span> <span class='ocrx_word' id='word_1_216' title='bbox 3777 1200 3907 1272; x_wconf 80' lang='grc' dir='ltr'>μόλις</span> 
     </span>
    </p>
   </div>
   <div class='ocr_carea' id='block_1_29' title="bbox 2332 1289 3906 1366">
    <p class='ocr_par' dir='ltr' id='par_1_29' title="bbox 2332 1289 3906 1366">
     <span class='ocr_line' id='line_1_29' title="bbox 2332 1289 3906 1366; baseline -0.001 -24"><span class='ocrx_word' id='word_1_217' title='bbox 2332 1295 2455 1343; x_wconf 82' lang='grc' dir='ltr'>ποτέ</span> <span class='ocrx_word' id='word_1_218' title='bbox 2508 1310 2636 1351; x_wconf 87' lang='grc' dir='ltr'>τινες</span> <span class='ocrx_word' id='word_1_219' title='bbox 2697 1296 3005 1343; x_wconf 77' lang='grc' dir='ltr'>σκέπτονται</span> <span class='ocrx_word' id='word_1_220' title='bbox 3061 1290 3290 1366; x_wconf 75' lang='grc' dir='ltr'>ἀκριϐῶς</span> <span class='ocrx_word' id='word_1_221' title='bbox 3350 1296 3475 1353; x_wconf 86' lang='grc' dir='ltr'>τοὺς</span> <span class='ocrx_word' id='word_1_222' title='bbox 3525 1293 3686 1350; x_wconf 84' lang='grc' dir='ltr'>θείους</span> <span class='ocrx_word' id='word_1_223' title='bbox 3742 1289 3906 1359; x_wconf 90' lang='grc' dir='ltr'>λόγους</span> 
     </span>
    </p>
   </div>
   <div class='ocr_carea' id='block_1_30' title="bbox 2334 1376 3907 1454">
    <p class='ocr_par' dir='ltr' id='par_1_30' title="bbox 2334 1376 3907 1454">
     <span class='ocr_line' id='line_1_30' title="bbox 2334 1376 3907 1454; baseline -0.001 -23"><span class='ocrx_word' id='word_1_224' title='bbox 2334 1380 2513 1433; x_wconf 77' lang='grc' dir='ltr'>αὐτοῦ.</span> <span class='ocrx_word' id='word_1_225' title='bbox 2572 1380 2703 1451; x_wconf 79' lang='grc' dir='ltr'>λέγω</span> <span class='ocrx_word' id='word_1_226' title='bbox 2746 1376 2833 1432; x_wconf 82' lang='grc' dir='ltr'>οὖν</span> <span class='ocrx_word' id='word_1_227' title='bbox 2862 1384 2989 1454; x_wconf 89' lang='grc' dir='ltr'>πρὸς</span> <span class='ocrx_word' id='word_1_228' title='bbox 3033 1381 3189 1433; x_wconf 79' lang='grc' dir='ltr'>αὐτόν</span> <span class='ocrx_word' id='word_1_229' title='bbox 3216 1401 3232 1415; x_wconf 81' lang='grc' dir='ltr'><strong><em>ο</em></strong></span> <span class='ocrx_word' id='word_1_230' title='bbox 3265 1387 3316 1433; x_wconf 90' lang='grc' dir='ltr'><strong>τί</strong></span> <span class='ocrx_word' id='word_1_231' title='bbox 3348 1381 3718 1444; x_wconf 73' lang='grc' dir='ltr'>ἐξίτειναςετάς</span> <span class='ocrx_word' id='word_1_232' title='bbox 3743 1381 3907 1450; x_wconf 83' lang='grc' dir='ltr'>χεῖράς</span> 
     </span>
    </p>
   </div>
   <div class='ocr_carea' id='block_1_31' title="bbox 2337 1468 3906 1545">
    <p class='ocr_par' dir='ltr' id='par_1_31' title="bbox 2337 1468 3906 1545">
     <span class='ocr_line' id='line_1_31' title="bbox 2337 1468 3906 1545; baseline -0.002 -24"><span class='ocrx_word' id='word_1_233' title='bbox 2337 1487 2430 1521; x_wconf 89' lang='grc' dir='ltr'><strong>σου</strong></span> <span class='ocrx_word' id='word_1_234' title='bbox 2465 1470 2722 1531; x_wconf 79' lang='grc' dir='ltr'>στενάζων</span> <span class='ocrx_word' id='word_1_235' title='bbox 2752 1474 2883 1545; x_wconf 88' lang='grc' dir='ltr'>πρὸς</span> <span class='ocrx_word' id='word_1_236' title='bbox 2928 1474 3015 1522; x_wconf 90' lang='grc' dir='ltr'><strong>τὸν</strong></span> <span class='ocrx_word' id='word_1_237' title='bbox 3046 1472 3259 1542; x_wconf 86' lang='grc' dir='ltr'>ούρανόν</span> <span class='ocrx_word' id='word_1_238' title='bbox 3291 1490 3303 1539; x_wconf 92' lang='grc'>;</span> <span class='ocrx_word' id='word_1_239' title='bbox 3348 1475 3439 1522; x_wconf 84' lang='grc' dir='ltr'>καὶ</span> <span class='ocrx_word' id='word_1_240' title='bbox 3480 1470 3615 1539; x_wconf 83' lang='grc' dir='ltr'>λέγει</span> <span class='ocrx_word' id='word_1_241' title='bbox 3644 1488 3732 1539; x_wconf 89' lang='grc' dir='ltr'><strong>μοι</strong></span> <span class='ocrx_word' id='word_1_242' title='bbox 3768 1469 3791 1518; x_wconf 90' lang='lat'><strong>6</strong></span> <span class='ocrx_word' id='word_1_243' title='bbox 3827 1468 3906 1537; x_wconf 83' lang='grc' dir='ltr'>άγ-</span> 
     </span>
    </p>
   </div>
   <div class='ocr_carea' id='block_1_32' title="bbox 2333 1556 3905 1632">
    <p class='ocr_par' dir='ltr' id='par_1_32' title="bbox 2333 1556 3905 1632">
     <span class='ocr_line' id='line_1_32' title="bbox 2333 1556 3905 1632; baseline -0.003 -22"><span class='ocrx_word' id='word_1_244' title='bbox 2333 1558 2479 1628; x_wconf 82' lang='grc' dir='ltr'>γελος</span> <span class='ocrx_word' id='word_1_245' title='bbox 2511 1576 2523 1587; x_wconf 84' lang='grc'><em>’</em></span> <span class='ocrx_word' id='word_1_246' title='bbox 2561 1560 2664 1631; x_wconf 83' lang='grc' dir='ltr'><strong>ὁρῶ</strong></span> <span class='ocrx_word' id='word_1_247' title='bbox 2704 1563 2823 1621; x_wconf 87' lang='grc' dir='ltr'>τοὺς</span> <span class='ocrx_word' id='word_1_248' title='bbox 2873 1556 3121 1631; x_wconf 79' lang='grc' dir='ltr'>δαίμονας</span> <span class='ocrx_word' id='word_1_249' title='bbox 3164 1559 3333 1630; x_wconf 81' lang='grc' dir='ltr'>κύκλῳ</span> <span class='ocrx_word' id='word_1_250' title='bbox 3386 1558 3548 1611; x_wconf 77' lang='grc' dir='ltr'>αὐτοῦ</span> <span class='ocrx_word' id='word_1_251' title='bbox 3603 1563 3905 1632; x_wconf 80' lang='grc' dir='ltr'>κροτοῦντας,</span> 
     </span>
    </p>
   </div>
   <div class='ocr_carea' id='block_1_33' title="bbox 2334 1645 3916 1722">
    <p class='ocr_par' dir='ltr' id='par_1_33' title="bbox 2334 1645 3916 1722">
     <span class='ocr_line' id='line_1_33' title="bbox 2334 1645 3916 1722; baseline -0.003 -24"><span class='ocrx_word' id='word_1_252' title='bbox 2334 1652 2423 1698; x_wconf 85' lang='grc' dir='ltr'>καὶ</span> <span class='ocrx_word' id='word_1_253' title='bbox 2474 1647 2677 1720; x_wconf 74' lang='grc' dir='ltr'>ἑτέρους</span> <span class='ocrx_word' id='word_1_254' title='bbox 2728 1645 3123 1721; x_wconf 85' lang='grc' dir='ltr'>τραγῳδοῦντας</span> <span class='ocrx_word' id='word_1_255' title='bbox 3168 1650 3237 1714; x_wconf 82' lang='grc'><strong>¹⁹,</strong></span> <span class='ocrx_word' id='word_1_256' title='bbox 3290 1647 3522 1722; x_wconf 79' lang='grc' dir='ltr'>[ἐτέρους</span> <span class='ocrx_word' id='word_1_257' title='bbox 3572 1646 3646 1719; x_wconf 80' lang='grc' dir='ltr'><strong>³ο]</strong></span> <span class='ocrx_word' id='word_1_258' title='bbox 3689 1647 3916 1717; x_wconf 78' lang='grc' dir='ltr'>γελῶντας</span> 
     </span>
    </p>
   </div>
   <div class='ocr_carea' id='block_1_34' title="bbox 2334 1731 3915 1809">
    <p class='ocr_par' dir='ltr' id='par_1_34' title="bbox 2334 1731 3915 1809">
     <span class='ocr_line' id='line_1_34' title="bbox 2334 1731 3915 1809; baseline -0.003 -22"><span class='ocrx_word' id='word_1_259' title='bbox 2334 1734 2494 1788; x_wconf 75' lang='grc' dir='ltr'>αὐτοῦ</span> <span class='ocrx_word' id='word_1_260' title='bbox 2538 1734 2786 1809; x_wconf 81' lang='grc' dir='ltr'>ὰσέμνως,</span> <span class='ocrx_word' id='word_1_261' title='bbox 2822 1743 2908 1789; x_wconf 81' lang='grc' dir='ltr'>καὶ</span> <span class='ocrx_word' id='word_1_262' title='bbox 2966 1740 3152 1789; x_wconf 90' lang='grc' dir='ltr'>τούτου</span> <span class='ocrx_word' id='word_1_263' title='bbox 3211 1738 3371 1790; x_wconf 77' lang='grc' dir='ltr'>ἕνεκεν</span> <span class='ocrx_word' id='word_1_264' title='bbox 3415 1733 3728 1808; x_wconf 79' lang='grc' dir='ltr'>διεπριὸμην</span> <span class='ocrx_word' id='word_1_265' title='bbox 3758 1734 3799 1769; x_wconf 81' lang='grc'>¹¹</span> <span class='ocrx_word' id='word_1_266' title='bbox 3847 1731 3915 1783; x_wconf 76' lang='grc' dir='ltr'><strong>ἐπὶ</strong></span> 
     </span>
    </p>
   </div>
   <div class='ocr_carea' id='block_1_35' title="bbox 566 1819 2217 1897">
    <p class='ocr_par' dir='ltr' id='par_1_35' title="bbox 566 1824 2217 1893">
     <span class='ocr_line' id='line_1_35' title="bbox 566 1824 2217 1893; baseline -0.003 -9"><span class='ocrx_word' id='word_1_267' title='bbox 566 1830 691 1885; x_wconf 90' lang='lat' dir='ltr'><strong>ditu</strong></span> <span class='ocrx_word' id='word_1_268' title='bbox 716 1828 793 1883; x_wconf 90' lang='lat' dir='ltr'><strong>ad</strong></span> <span class='ocrx_word' id='word_1_269' title='bbox 822 1827 1125 1881; x_wconf 90' lang='lat' dir='ltr'><strong>meliorem</strong></span> <span class='ocrx_word' id='word_1_270' title='bbox 1156 1826 1335 1880; x_wconf 90' lang='lat' dir='ltr'><strong>vitam</strong></span> <span class='ocrx_word' id='word_1_271' title='bbox 1367 1830 1423 1879; x_wconf 88' lang='lat' dir='ltr'><strong>et</strong></span> <span class='ocrx_word' id='word_1_272' title='bbox 1452 1824 1854 1890; x_wconf 82' lang='lat' dir='ltr'><strong>confessione,</strong></span> <span class='ocrx_word' id='word_1_273' title='bbox 1881 1830 1938 1879; x_wconf 93' lang='lat' dir='ltr'><strong>et</strong></span> <span class='ocrx_word' id='word_1_274' title='bbox 1962 1824 2217 1893; x_wconf 89' lang='lat' dir='ltr'><strong>dignum</strong></span> 
     </span>
    </p>
   </div>
   <div class='ocr_carea' id='block_1_36' title="bbox 2327 1819 3911 1897">
    <p class='ocr_par' dir='ltr' id='par_1_36' title="bbox 2334 1822 3911 1897">
     <span class='ocr_line' id='line_1_36' title="bbox 2334 1822 3911 1897; baseline 0 -21"><span class='ocrx_word' id='word_1_275' title='bbox 2334 1827 2399 1876; x_wconf 83' lang='grc' dir='ltr'><strong>τὰ</strong></span> <span class='ocrx_word' id='word_1_276' title='bbox 2447 1823 2758 1896; x_wconf 76' lang='grc' dir='ltr'>ἔλελίσματα</span> <span class='ocrx_word' id='word_1_277' title='bbox 2810 1827 2857 1861; x_wconf 74' lang='grc'><em>³³</em></span> <span class='ocrx_word' id='word_1_278' title='bbox 2890 1825 3054 1878; x_wconf 77' lang='grc' dir='ltr'>ἐκεῖνα</span> <span class='ocrx_word' id='word_1_279' title='bbox 3102 1831 3190 1877; x_wconf 84' lang='grc' dir='ltr'><strong>καὶ</strong></span> <span class='ocrx_word' id='word_1_280' title='bbox 3233 1825 3484 1897; x_wconf 80' lang='grc' dir='ltr'><strong>ηὐχόμην</strong></span> <span class='ocrx_word' id='word_1_281' title='bbox 3524 1834 3592 1895; x_wconf 83' lang='grc' dir='ltr'>τῷ</span> <span class='ocrx_word' id='word_1_282' title='bbox 3654 1830 3783 1893; x_wconf 82' lang='grc' dir='ltr'>Θεῷ.</span> <span class='ocrx_word' id='word_1_283' title='bbox 3846 1822 3911 1872; x_wconf 81' lang='grc' dir='ltr'>ἵνα</span> 
     </span>
    </p>
   </div>
   <div class='ocr_carea' id='block_1_37' title="bbox 564 1913 2222 1979">
    <p class='ocr_par' dir='ltr' id='par_1_37' title="bbox 564 1913 2222 1979">
     <span class='ocr_line' id='line_1_37' title="bbox 564 1913 2222 1979; baseline -0.002 -6"><span class='ocrx_word' id='word_1_284' title='bbox 564 1918 767 1974; x_wconf 87' lang='lat' dir='ltr'><strong>haberi</strong></span> <span class='ocrx_word' id='word_1_285' title='bbox 799 1931 914 1979; x_wconf 89' lang='lat' dir='ltr'><strong>me,</strong></span> <span class='ocrx_word' id='word_1_286' title='bbox 946 1915 1040 1969; x_wconf 92' lang='lat' dir='ltr'><strong>cui</strong></span> <span class='ocrx_word' id='word_1_287' title='bbox 1068 1915 1333 1969; x_wconf 88' lang='lat' dir='ltr'><strong>tradatur</strong></span> <span class='ocrx_word' id='word_1_288' title='bbox 1357 1915 1563 1968; x_wconf 90' lang='lat' dir='ltr'><strong>anima</strong></span> <span class='ocrx_word' id='word_1_289' title='bbox 1593 1915 1721 1967; x_wconf 88' lang='lat' dir='ltr'><strong>eius</strong></span> <span class='ocrx_word' id='word_1_290' title='bbox 1754 1915 1811 1966; x_wconf 91' lang='lat' dir='ltr'><strong>in</strong></span> <span class='ocrx_word' id='word_1_291' title='bbox 1840 1913 2222 1969; x_wconf 84' lang='lat' dir='ltr'><strong>confessione</strong></span> 
     </span>
    </p>
   </div>
   <div class='ocr_carea' id='block_1_38' title="bbox 567 2003 2219 2077">
    <p class='ocr_par' dir='ltr' id='par_1_38' title="bbox 567 2003 2219 2077">
     <span class='ocr_line' id='line_1_38' title="bbox 567 2003 2219 2077; baseline -0.004 -13"><span class='ocrx_word' id='word_1_292' title='bbox 567 2012 620 2064; x_wconf 91' lang='lat' dir='ltr'><strong>et</strong></span> <span class='ocrx_word' id='word_1_293' title='bbox 642 2006 1002 2077; x_wconf 89' lang='lat' dir='ltr'><strong>poenitentia</strong></span> <span class='ocrx_word' id='word_1_294' title='bbox 1019 2003 1495 2058; x_wconf 89' lang='lat' dir='ltr'><strong>incontaminata</strong></span> <span class='ocrx_word' id='word_1_295' title='bbox 1517 2009 1571 2055; x_wconf 94' lang='lat' dir='ltr'><strong>et</strong></span> <span class='ocrx_word' id='word_1_296' title='bbox 1586 2018 1734 2069; x_wconf 87' lang='lat' dir='ltr'><strong>pura</strong></span> <span class='ocrx_word' id='word_1_297' title='bbox 1756 2018 1860 2072; x_wconf 90' lang='lat' dir='ltr'><strong>per</strong></span> <span class='ocrx_word' id='word_1_298' title='bbox 1874 2003 2219 2069; x_wconf 89' lang='lat' dir='ltr'><strong>Dominum,</strong></span> 
     </span>
    </p>
   </div>
   <div class='ocr_carea' id='block_1_39' title="bbox 570 2089 2223 2163">
    <p class='ocr_par' dir='ltr' id='par_1_39' title="bbox 570 2089 2223 2163">
     <span class='ocr_line' id='line_1_39' title="bbox 570 2089 2223 2163; baseline -0.002 -13"><span class='ocrx_word' id='word_1_299' title='bbox 570 2094 889 2150; x_wconf 82' lang='lat' dir='ltr'><strong>iustiﬁcata</strong></span> <span class='ocrx_word' id='word_1_300' title='bbox 933 2091 1297 2163; x_wconf 86' lang='lat' dir='ltr'><strong>benignitate</strong></span> <span class='ocrx_word' id='word_1_301' title='bbox 1348 2090 1467 2145; x_wconf 92' lang='lat' dir='ltr'><strong>Dei.</strong></span> <span class='ocrx_word' id='word_1_302' title='bbox 1513 2089 1683 2159; x_wconf 74' lang='lat'><strong>287</strong></span> <span class='ocrx_word' id='word_1_303' title='bbox 1737 2092 1890 2145; x_wconf 85' lang='lat' dir='ltr'><strong>Haec</strong></span> <span class='ocrx_word' id='word_1_304' title='bbox 1938 2091 2036 2145; x_wconf 94' lang='lat' dir='ltr'><strong>ubi</strong></span> <span class='ocrx_word' id='word_1_305' title='bbox 2077 2091 2223 2147; x_wconf 84' lang='lat' dir='ltr'><strong>dixit</strong></span> 
     </span>
    </p>
   </div>
   <div class='ocr_carea' id='block_1_40' title="bbox 568 2178 2219 2252">
    <p class='ocr_par' dir='ltr' id='par_1_40' title="bbox 568 2178 2219 2252">
     <span class='ocr_line' id='line_1_40' title="bbox 568 2178 2219 2252; baseline -0.002 -14"><span class='ocrx_word' id='word_1_306' title='bbox 568 2182 837 2252; x_wconf 90' lang='lat' dir='ltr'><strong>angelus,</strong></span> <span class='ocrx_word' id='word_1_307' title='bbox 861 2181 1236 2252; x_wconf 77' lang='lat' dir='ltr'><strong>disparuitex</strong></span> <span class='ocrx_word' id='word_1_308' title='bbox 1256 2180 1442 2233; x_wconf 90' lang='lat' dir='ltr'><strong>oculis</strong></span> <span class='ocrx_word' id='word_1_309' title='bbox 1461 2178 1630 2233; x_wconf 91' lang='lat' dir='ltr'><strong>meis.</strong></span> <span class='ocrx_word' id='word_1_310' title='bbox 1653 2180 1794 2233; x_wconf 88' lang='lat' dir='ltr'><strong>Dico</strong></span> <span class='ocrx_word' id='word_1_311' title='bbox 1812 2186 2011 2234; x_wconf 92' lang='lat' dir='ltr'><strong>autem</strong></span> <span class='ocrx_word' id='word_1_312' title='bbox 2033 2180 2219 2245; x_wconf 86' lang='lat' dir='ltr'><strong>vobis,</strong></span> 
     </span>
    </p>
   </div>
   <div class='ocr_carea' id='block_1_41' title="bbox 567 2267 2219 2341">
    <p class='ocr_par' dir='ltr' id='par_1_41' title="bbox 567 2267 2219 2341">
     <span class='ocr_line' id='line_1_41' title="bbox 567 2267 2219 2341; baseline -0.003 -14"><span class='ocrx_word' id='word_1_313' title='bbox 567 2272 775 2328; x_wconf 78' lang='lat' dir='ltr'><strong>fratres</strong></span> <span class='ocrx_word' id='word_1_314' title='bbox 791 2270 925 2337; x_wconf 87' lang='lat' dir='ltr'><strong>mei,</strong></span> <span class='ocrx_word' id='word_1_315' title='bbox 943 2270 1105 2341; x_wconf 89' lang='lat' dir='ltr'><strong>quod</strong></span> <span class='ocrx_word' id='word_1_316' title='bbox 1120 2275 1278 2323; x_wconf 90' lang='lat' dir='ltr'><strong>certo</strong></span> <span class='ocrx_word' id='word_1_317' title='bbox 1292 2270 1434 2331; x_wconf 90' lang='lat' dir='ltr'><strong>scio,</strong></span> <span class='ocrx_word' id='word_1_318' title='bbox 1456 2267 1686 2322; x_wconf 90' lang='lat' dir='ltr'><strong>nullum</strong></span> <span class='ocrx_word' id='word_1_319' title='bbox 1702 2283 1832 2321; x_wconf 87' lang='lat' dir='ltr'><strong>esse</strong></span> <span class='ocrx_word' id='word_1_320' title='bbox 1847 2269 2219 2324; x_wconf 89' lang='lat' dir='ltr'><strong>immundius</strong></span> 
     </span>
    </p>
   </div>
   <div class='ocr_carea' id='block_1_42' title="bbox 568 2354 2223 2433">
    <p class='ocr_par' dir='ltr' id='par_1_42' title="bbox 568 2354 2223 2433">
     <span class='ocr_line' id='line_1_42' title="bbox 568 2354 2223 2433; baseline -0.001 -17"><span class='ocrx_word' id='word_1_321' title='bbox 568 2367 901 2433; x_wconf 91' lang='lat' dir='ltr'><strong>peccatum,</strong></span> <span class='ocrx_word' id='word_1_322' title='bbox 932 2360 1039 2413; x_wconf 88' lang='lat' dir='ltr'><strong>nisi</strong></span> <span class='ocrx_word' id='word_1_323' title='bbox 1068 2356 1447 2423; x_wconf 89' lang='lat' dir='ltr'><strong>adulterium,</strong></span> <span class='ocrx_word' id='word_1_324' title='bbox 1478 2363 1533 2410; x_wconf 92' lang='lat' dir='ltr'><strong>et</strong></span> <span class='ocrx_word' id='word_1_325' title='bbox 1559 2354 2012 2411; x_wconf 82' lang='lat' dir='ltr'><strong>fornicationem</strong></span> <span class='ocrx_word' id='word_1_326' title='bbox 2039 2365 2093 2413; x_wconf 91' lang='lat' dir='ltr'><strong>et</strong></span> <span class='ocrx_word' id='word_1_327' title='bbox 2124 2360 2223 2414; x_wconf 90' lang='lat' dir='ltr'><strong>So-</strong></span> 
     </span>
    </p>
   </div>
   <div class='ocr_carea' id='block_1_43' title="bbox 566 2444 2223 2517">
    <p class='ocr_par' dir='ltr' id='par_1_43' title="bbox 566 2444 2223 2517">
     <span class='ocr_line' id='line_1_43' title="bbox 566 2444 2223 2517; baseline -0.003 -10"><span class='ocrx_word' id='word_1_328' title='bbox 566 2450 928 2507; x_wconf 90' lang='lat' dir='ltr'><strong>domitarum</strong></span> <span class='ocrx_word' id='word_1_329' title='bbox 959 2446 1151 2501; x_wconf 89' lang='lat' dir='ltr'><strong>scelus</strong></span> <span class='ocrx_word' id='word_1_330' title='bbox 1172 2444 1542 2501; x_wconf 88' lang='lat' dir='ltr'><strong>detestabile.</strong></span> <span class='ocrx_word' id='word_1_331' title='bbox 1569 2445 1623 2500; x_wconf 86' lang='lat' dir='ltr'><strong>Si</strong></span> <span class='ocrx_word' id='word_1_332' title='bbox 1657 2452 1859 2499; x_wconf 91' lang='lat' dir='ltr'><strong>autem</strong></span> <span class='ocrx_word' id='word_1_333' title='bbox 1882 2446 1940 2499; x_wconf 91' lang='lat' dir='ltr'><strong>in</strong></span> <span class='ocrx_word' id='word_1_334' title='bbox 1971 2446 2063 2501; x_wconf 91' lang='lat' dir='ltr'><strong>his</strong></span> <span class='ocrx_word' id='word_1_335' title='bbox 2092 2462 2223 2517; x_wconf 89' lang='lat' dir='ltr'><strong>pec-</strong></span> 
     </span>
    </p>
   </div>
   <div class='ocr_carea' id='block_1_44' title="bbox 568 2531 2227 2617">
    <p class='ocr_par' dir='ltr' id='par_1_44' title="bbox 568 2531 2227 2617">
     <span class='ocr_line' id='line_1_44' title="bbox 568 2531 2227 2617; baseline -0.002 -24"><span class='ocrx_word' id='word_1_336' title='bbox 568 2540 715 2593; x_wconf 87' lang='lat' dir='ltr'><strong>catis</strong></span> <span class='ocrx_word' id='word_1_337' title='bbox 766 2550 1003 2590; x_wconf 86' lang='lat' dir='ltr'><strong>versans</strong></span> <span class='ocrx_word' id='word_1_338' title='bbox 1046 2535 1121 2587; x_wconf 87' lang='lat' dir='ltr'><strong>ad</strong></span> <span class='ocrx_word' id='word_1_339' title='bbox 1156 2532 1460 2587; x_wconf 91' lang='lat' dir='ltr'><strong>meliorem</strong></span> <span class='ocrx_word' id='word_1_340' title='bbox 1496 2531 1725 2602; x_wconf 87' lang='lat' dir='ltr'><strong>frugem</strong></span> <span class='ocrx_word' id='word_1_341' title='bbox 1774 2533 2068 2588; x_wconf 89' lang='lat' dir='ltr'><strong>rediturus</strong></span> <span class='ocrx_word' id='word_1_342' title='bbox 2114 2539 2227 2617; x_wconf 61' lang='lat' dir='ltr'><strong>est,</strong></span> 
     </span>
    </p>
   </div>
   <div class='ocr_carea' id='block_1_45' title="bbox 567 2621 2224 2694">
    <p class='ocr_par' dir='ltr' id='par_1_45' title="bbox 567 2621 2224 2694">
     <span class='ocr_line' id='line_1_45' title="bbox 567 2621 2224 2694; baseline -0.001 -13"><span class='ocrx_word' id='word_1_343' title='bbox 567 2625 887 2694; x_wconf 88' lang='lat' dir='ltr'><strong>benignius</strong></span> <span class='ocrx_word' id='word_1_344' title='bbox 914 2640 1047 2676; x_wconf 89' lang='lat' dir='ltr'><strong>eum</strong></span> <span class='ocrx_word' id='word_1_345' title='bbox 1076 2621 1285 2690; x_wconf 89' lang='lat' dir='ltr'><strong>recipit</strong></span> <span class='ocrx_word' id='word_1_346' title='bbox 1319 2624 1468 2674; x_wconf 87' lang='lat' dir='ltr'><strong>Deus</strong></span> <span class='ocrx_word' id='word_1_347' title='bbox 1502 2637 1682 2692; x_wconf 89' lang='lat' dir='ltr'><strong>supra</strong></span> <span class='ocrx_word' id='word_1_348' title='bbox 1712 2638 1923 2676; x_wconf 91' lang='lat' dir='ltr'><strong>omnes</strong></span> <span class='ocrx_word' id='word_1_349' title='bbox 1952 2630 2224 2693; x_wconf 88' lang='lat' dir='ltr'><strong>peccato-</strong></span> 
     </span>
    </p>
   </div>
   <div class='ocr_carea' id='block_1_46' title="bbox 566 2710 2223 2785">
    <p class='ocr_par' dir='ltr' id='par_1_46' title="bbox 566 2710 2223 2785">
     <span class='ocr_line' id='line_1_46' title="bbox 566 2710 2223 2785; baseline -0.001 -16"><span class='ocrx_word' id='word_1_350' title='bbox 566 2730 679 2779; x_wconf 88' lang='lat' dir='ltr'><strong>res,</strong></span> <span class='ocrx_word' id='word_1_351' title='bbox 712 2716 855 2785; x_wconf 86' lang='lat' dir='ltr'><strong>quia</strong></span> <span class='ocrx_word' id='word_1_352' title='bbox 879 2728 949 2765; x_wconf 83' lang='lat' dir='ltr'><strong>ex</strong></span> <span class='ocrx_word' id='word_1_353' title='bbox 980 2712 1249 2765; x_wconf 89' lang='lat' dir='ltr'><strong>libertate</strong></span> <span class='ocrx_word' id='word_1_354' title='bbox 1283 2711 1467 2763; x_wconf 91' lang='lat' dir='ltr'><strong>oritur</strong></span> <span class='ocrx_word' id='word_1_355' title='bbox 1500 2710 1722 2781; x_wconf 87' lang='lat' dir='ltr'><strong>passio.</strong></span> <span class='ocrx_word' id='word_1_356' title='bbox 1763 2710 2092 2766; x_wconf 81' lang='lat' dir='ltr'><strong>velificatur</strong></span> <span class='ocrx_word' id='word_1_357' title='bbox 2121 2729 2223 2767; x_wconf 92' lang='lat' dir='ltr'><strong>au-</strong></span> 
     </span>
    </p>
   </div>
   <div class='ocr_carea' id='block_1_47' title="bbox 568 2799 2222 2869">
    <p class='ocr_par' dir='ltr' id='par_1_47' title="bbox 568 2799 2222 2869">
     <span class='ocr_line' id='line_1_47' title="bbox 568 2799 2222 2869; baseline -0.001 -11"><span class='ocrx_word' id='word_1_358' title='bbox 568 2809 685 2859; x_wconf 89' lang='lat' dir='ltr'><strong>tem</strong></span> <span class='ocrx_word' id='word_1_359' title='bbox 726 2803 777 2856; x_wconf 89' lang='lat' dir='ltr'><strong>ei</strong></span> <span class='ocrx_word' id='word_1_360' title='bbox 816 2799 1092 2855; x_wconf 90' lang='lat' dir='ltr'><strong>diabolus</strong></span> <span class='ocrx_word' id='word_1_361' title='bbox 1124 2815 1226 2869; x_wconf 90' lang='lat' dir='ltr'><strong>per</strong></span> <span class='ocrx_word' id='word_1_362' title='bbox 1266 2799 1578 2867; x_wconf 90' lang='lat' dir='ltr'><strong>pruritum.</strong></span> <span class='ocrx_word' id='word_1_363' title='bbox 1610 2800 1707 2854; x_wconf 88' lang='lat' dir='ltr'><strong>Sin</strong></span> <span class='ocrx_word' id='word_1_364' title='bbox 1742 2806 1941 2853; x_wconf 90' lang='lat' dir='ltr'><strong>autem</strong></span> <span class='ocrx_word' id='word_1_365' title='bbox 1975 2809 2222 2857; x_wconf 88' lang='lat' dir='ltr'><strong>conetur</strong></span> 
     </span>
    </p>
   </div>
   <div class='ocr_carea' id='block_1_48' title="bbox 566 2887 2221 2964">
    <p class='ocr_par' dir='ltr' id='par_1_48' title="bbox 566 2887 2221 2964">
     <span class='ocr_line' id='line_1_48' title="bbox 566 2887 2221 2964; baseline 0.001 -19"><span class='ocrx_word' id='word_1_366' title='bbox 566 2907 700 2964; x_wconf 81' lang='lat' dir='ltr'><strong>quis</strong></span> <span class='ocrx_word' id='word_1_367' title='bbox 749 2890 1103 2944; x_wconf 82' lang='lat' dir='ltr'><strong>mortiﬁcare</strong></span> <span class='ocrx_word' id='word_1_368' title='bbox 1138 2887 1445 2957; x_wconf 76' lang='lat' dir='ltr'><strong>paSsiones</strong></span> <span class='ocrx_word' id='word_1_369' title='bbox 1494 2887 1672 2942; x_wconf 89' lang='lat' dir='ltr'><strong>hasce</strong></span> <span class='ocrx_word' id='word_1_370' title='bbox 1718 2888 1778 2942; x_wconf 92' lang='lat' dir='ltr'><strong>in</strong></span> <span class='ocrx_word' id='word_1_371' title='bbox 1824 2888 2136 2960; x_wconf 85' lang='lat' dir='ltr'><strong>vigilantia</strong></span> <span class='ocrx_word' id='word_1_372' title='bbox 2165 2894 2221 2946; x_wconf 91' lang='lat' dir='ltr'><strong>et</strong></span> 
     </span>
    </p>
   </div>
   <div class='ocr_carea' id='block_1_49' title="bbox 566 2975 1632 3045">
    <p class='ocr_par' dir='ltr' id='par_1_49' title="bbox 566 2975 1632 3045">
     <span class='ocr_line' id='line_1_49' title="bbox 566 2975 1632 3045; baseline -0.008 -10"><span class='ocrx_word' id='word_1_373' title='bbox 566 2978 951 3044; x_wconf 88' lang='lat' dir='ltr'><strong>continentia,</strong></span> <span class='ocrx_word' id='word_1_374' title='bbox 974 2977 1126 3031; x_wconf 89' lang='lat' dir='ltr'><strong>Deus</strong></span> <span class='ocrx_word' id='word_1_375' title='bbox 1157 2975 1481 3045; x_wconf 84' lang='lat' dir='ltr'><strong>exstinguit</strong></span> <span class='ocrx_word' id='word_1_376' title='bbox 1507 2991 1632 3029; x_wconf 89' lang='lat' dir='ltr'><strong>eas.</strong></span> 
     </span>
    </p>
   </div>
   <div class='ocr_carea' id='block_1_50' title="bbox 2330 1906 3919 1987">
    <p class='ocr_par' dir='ltr' id='par_1_50' title="bbox 2330 1906 3919 1987">
     <span class='ocr_line' id='line_1_50' title="bbox 2330 1906 3919 1987; baseline -0.003 -22"><span class='ocrx_word' id='word_1_377' title='bbox 2330 1914 2502 1987; x_wconf 75' lang='grc' dir='ltr'>ῥυσθῇ</span> <span class='ocrx_word' id='word_1_378' title='bbox 2539 1913 2639 1966; x_wconf 78' lang='grc' dir='ltr'>ἀπὸ</span> <span class='ocrx_word' id='word_1_379' title='bbox 2670 1923 2769 1966; x_wconf 89' lang='grc' dir='ltr'>τῶν</span> <span class='ocrx_word' id='word_1_380' title='bbox 2802 1911 3063 1987; x_wconf 80' lang='grc' dir='ltr'>δαιμόνων</span> <span class='ocrx_word' id='word_1_381' title='bbox 3112 1919 3171 1967; x_wconf 90' lang='grc' dir='ltr'><strong>τὸ</strong></span> <span class='ocrx_word' id='word_1_382' title='bbox 3217 1916 3437 1987; x_wconf 78' lang='grc' dir='ltr'>πλάσμα</span> <span class='ocrx_word' id='word_1_383' title='bbox 3493 1914 3673 1979; x_wconf 76' lang='grc' dir='ltr'>αὐτοῦ,</span> <span class='ocrx_word' id='word_1_384' title='bbox 3728 1916 3812 1962; x_wconf 82' lang='grc' dir='ltr'>καὶ</span> <span class='ocrx_word' id='word_1_385' title='bbox 3836 1906 3919 1961; x_wconf 87' lang='grc' dir='ltr'><strong>δω-</strong></span> 
     </span>
    </p>
   </div>
   <div class='ocr_carea' id='block_1_51' title="bbox 2334 1997 3913 2076">
    <p class='ocr_par' dir='ltr' id='par_1_51' title="bbox 2334 1997 3913 2076">
     <span class='ocr_line' id='line_1_51' title="bbox 2334 1997 3913 2076; baseline -0.004 -21"><span class='ocrx_word' id='word_1_386' title='bbox 2334 2009 2569 2076; x_wconf 83' lang='grc' dir='ltr'>ρήσηται</span> <span class='ocrx_word' id='word_1_387' title='bbox 2613 2006 2658 2038; x_wconf 77' lang='grc'>³³</span> <span class='ocrx_word' id='word_1_388' title='bbox 2711 2023 2804 2076; x_wconf 88' lang='grc' dir='ltr'><strong>μοι</strong></span> <span class='ocrx_word' id='word_1_389' title='bbox 2834 2009 2957 2074; x_wconf 90' lang='grc' dir='ltr'>μίαν</span> <span class='ocrx_word' id='word_1_390' title='bbox 2998 2006 3195 2076; x_wconf 80' lang='grc' dir='ltr'>ἡμέραν</span> <span class='ocrx_word' id='word_1_391' title='bbox 3226 2012 3466 2076; x_wconf 86' lang='grc' dir='ltr'>χαρῆναι</span> <span class='ocrx_word' id='word_1_392' title='bbox 3506 2005 3553 2039; x_wconf 72' lang='grc'>³⁸</span> <span class='ocrx_word' id='word_1_393' title='bbox 3605 2001 3651 2053; x_wconf 73' lang='grc' dir='ltr'>ἄν</span> <span class='ocrx_word' id='word_1_394' title='bbox 3682 2000 3812 2069; x_wconf 86' lang='grc' dir='ltr'>αύτῷ</span> <span class='ocrx_word' id='word_1_395' title='bbox 3840 1997 3913 2049; x_wconf 76' lang='grc' dir='ltr'><strong>ἐπὶ</strong></span> 
     </span>
    </p>
   </div>
   <div class='ocr_carea' id='block_1_52' title="bbox 2332 2085 3917 2166">
    <p class='ocr_par' dir='ltr' id='par_1_52' title="bbox 2332 2085 3917 2166">
     <span class='ocr_line' id='line_1_52' title="bbox 2332 2085 3917 2166; baseline -0.006 -21"><span class='ocrx_word' id='word_1_396' title='bbox 2332 2101 2392 2164; x_wconf 72' lang='grc' dir='ltr'>τῇ</span> <span class='ocrx_word' id='word_1_397' title='bbox 2435 2098 2646 2164; x_wconf 89' lang='grc' dir='ltr'>μετανοί</span> <span class='ocrx_word' id='word_1_398' title='bbox 2685 2093 2845 2145; x_wconf 90' lang='grc' dir='ltr'>αύτοῦ</span> <span class='ocrx_word' id='word_1_399' title='bbox 2885 2098 2975 2145; x_wconf 85' lang='grc' dir='ltr'>καὶ</span> <span class='ocrx_word' id='word_1_400' title='bbox 3015 2100 3117 2165; x_wconf 78' lang='grc' dir='ltr'><strong>τῇᾳ</strong></span> <span class='ocrx_word' id='word_1_401' title='bbox 3166 2092 3457 2166; x_wconf 77' lang='grc' dir='ltr'>ἐπιστροφῇ</span> <span class='ocrx_word' id='word_1_402' title='bbox 3512 2099 3611 2145; x_wconf 85' lang='grc' dir='ltr'>τῶν</span> <span class='ocrx_word' id='word_1_403' title='bbox 3650 2093 3803 2163; x_wconf 83' lang='grc' dir='ltr'>ἔργων</span> <span class='ocrx_word' id='word_1_404' title='bbox 3840 2085 3917 2137; x_wconf 77' lang='grc' dir='ltr'>αύο</span> 
     </span>
    </p>
   </div>
   <div class='ocr_carea' id='block_1_53' title="bbox 2330 2180 3919 2253">
    <p class='ocr_par' dir='ltr' id='par_1_53' title="bbox 2330 2180 3919 2253">
     <span class='ocr_line' id='line_1_53' title="bbox 2330 2180 3919 2253; baseline -0.007 -18"><span class='ocrx_word' id='word_1_405' title='bbox 2330 2190 2420 2235; x_wconf 85' lang='grc' dir='ltr'><strong>τοῦ</strong></span> <span class='ocrx_word' id='word_1_406' title='bbox 2479 2188 2569 2233; x_wconf 87' lang='grc' dir='ltr'>καὶ</span> <span class='ocrx_word' id='word_1_407' title='bbox 2617 2190 2678 2253; x_wconf 74' lang='grc' dir='ltr'>τῇ</span> <span class='ocrx_word' id='word_1_408' title='bbox 2736 2181 3124 2253; x_wconf 76' lang='grc' dir='ltr'>ἐξομολογήσει,</span> <span class='ocrx_word' id='word_1_409' title='bbox 3184 2187 3273 2234; x_wconf 88' lang='grc' dir='ltr'>καὶ</span> <span class='ocrx_word' id='word_1_410' title='bbox 3335 2181 3628 2244; x_wconf 78' lang='grc' dir='ltr'>ἀξιωθῆναί</span> <span class='ocrx_word' id='word_1_411' title='bbox 3657 2181 3702 2215; x_wconf 77' lang='grc'><strong>³⁵</strong></span> <span class='ocrx_word' id='word_1_412' title='bbox 3744 2196 3801 2249; x_wconf 88' lang='grc' dir='ltr'><strong>με</strong></span> <span class='ocrx_word' id='word_1_413' title='bbox 3845 2180 3919 2226; x_wconf 86' lang='grc' dir='ltr'><strong>τοῦ</strong></span> 
     </span>
    </p>
   </div>
   <div class='ocr_carea' id='block_1_54' title="bbox 2331 2265 3918 2343">
    <p class='ocr_par' dir='ltr' id='par_1_54' title="bbox 2331 2265 3918 2343">
     <span class='ocr_line' id='line_1_54' title="bbox 2331 2265 3918 2343; baseline -0.012 -12"><span class='ocrx_word' id='word_1_414' title='bbox 2331 2267 2702 2343; x_wconf 79' lang='grc' dir='ltr'>παραδοθῆναι</span> <span class='ocrx_word' id='word_1_415' title='bbox 2764 2271 2811 2307; x_wconf 71' lang='grc'><strong>’⁸</strong></span> <span class='ocrx_word' id='word_1_416' title='bbox 2870 2276 2962 2329; x_wconf 76' lang='grc' dir='ltr'>τὴν</span> <span class='ocrx_word' id='word_1_417' title='bbox 3012 2270 3198 2343; x_wconf 75' lang='grc' dir='ltr'>ψυχήν</span> <span class='ocrx_word' id='word_1_418' title='bbox 3253 2270 3416 2323; x_wconf 77' lang='grc' dir='ltr'>αὐτοῦ</span> <span class='ocrx_word' id='word_1_419' title='bbox 3474 2270 3523 2322; x_wconf 70' lang='grc' dir='ltr'>ἐν</span> <span class='ocrx_word' id='word_1_420' title='bbox 3581 2265 3918 2340; x_wconf 78' lang='grc' dir='ltr'>ἐξομολογήσει</span> 
     </span>
    </p>
   </div>
   <div class='ocr_carea' id='block_1_55' title="bbox 2332 2356 3916 2434">
    <p class='ocr_par' dir='ltr' id='par_1_55' title="bbox 2332 2356 3916 2434">
     <span class='ocr_line' id='line_1_55' title="bbox 2332 2356 3916 2434; baseline -0.006 -23"><span class='ocrx_word' id='word_1_421' title='bbox 2332 2366 2421 2411; x_wconf 86' lang='grc' dir='ltr'>καὶ</span> <span class='ocrx_word' id='word_1_422' title='bbox 2475 2364 2723 2432; x_wconf 80' lang='grc' dir='ltr'>μετανοίᾳ</span> <span class='ocrx_word' id='word_1_423' title='bbox 2784 2360 3005 2412; x_wconf 81' lang='grc' dir='ltr'>ἄσπιλον</span> <span class='ocrx_word' id='word_1_424' title='bbox 3061 2364 3150 2412; x_wconf 85' lang='grc' dir='ltr'>καὶ</span> <span class='ocrx_word' id='word_1_425' title='bbox 3199 2362 3437 2434; x_wconf 80' lang='grc' dir='ltr'>καθαρὰν</span> <span class='ocrx_word' id='word_1_426' title='bbox 3480 2356 3574 2412; x_wconf 79' lang='grc' dir='ltr'><strong>διὰ</strong></span> <span class='ocrx_word' id='word_1_427' title='bbox 3610 2364 3699 2410; x_wconf 91' lang='grc' dir='ltr'><strong>τοῦ</strong></span> <span class='ocrx_word' id='word_1_428' title='bbox 3733 2357 3916 2426; x_wconf 81' lang='grc' dir='ltr'>κυρίου,</span> 
     </span>
    </p>
   </div>
   <div class='ocr_carea' id='block_1_56' title="bbox 2334 2439 3916 2520">
    <p class='ocr_par' dir='ltr' id='par_1_56' title="bbox 2334 2439 3916 2520">
     <span class='ocr_line' id='line_1_56' title="bbox 2334 2439 3916 2520; baseline -0.007 -21"><span class='ocrx_word' id='word_1_429' title='bbox 2334 2449 2601 2520; x_wconf 76' lang='grc' dir='ltr'>ἄμεμπτον</span> <span class='ocrx_word' id='word_1_430' title='bbox 2640 2450 2685 2483; x_wconf 79' lang='grc'><strong>³⁷</strong></span> <span class='ocrx_word' id='word_1_431' title='bbox 2719 2456 2781 2520; x_wconf 74' lang='grc' dir='ltr'>τῇ</span> <span class='ocrx_word' id='word_1_432' title='bbox 2820 2447 3109 2520; x_wconf 79' lang='grc' dir='ltr'>ἀγαθότητι</span> <span class='ocrx_word' id='word_1_433' title='bbox 3138 2456 3231 2501; x_wconf 89' lang='grc' dir='ltr'><strong>τοῦ</strong></span> <span class='ocrx_word' id='word_1_434' title='bbox 3281 2456 3443 2513; x_wconf 88' lang='grc' dir='ltr'>Θεοῦ,</span> <span class='ocrx_word' id='word_1_435' title='bbox 3476 2451 3565 2499; x_wconf 86' lang='grc' dir='ltr'>καὶ</span> <span class='ocrx_word' id='word_1_436' title='bbox 3596 2452 3755 2497; x_wconf 86' lang='grc' dir='ltr'>ταῦτα</span> <span class='ocrx_word' id='word_1_437' title='bbox 3784 2439 3916 2493; x_wconf 73' lang='grc' dir='ltr'>εἰπὼν</span> 
     </span>
    </p>
   </div>
   <div class='ocr_carea' id='block_1_57' title="bbox 2334 2535 3909 2609">
    <p class='ocr_par' dir='ltr' id='par_1_57' title="bbox 2334 2535 3909 2609">
     <span class='ocr_line' id='line_1_57' title="bbox 2334 2535 3909 2609; baseline -0.015 -5"><span class='ocrx_word' id='word_1_438' title='bbox 2334 2538 2360 2588; x_wconf 72' lang='grc' dir='ltr'><strong><em>ὁ</em></strong></span> <span class='ocrx_word' id='word_1_439' title='bbox 2395 2537 2615 2607; x_wconf 74' lang='grc' dir='ltr'>ἄγγελος</span> <span class='ocrx_word' id='word_1_440' title='bbox 2670 2539 2896 2608; x_wconf 77' lang='grc' dir='ltr'>ἄφαντος</span> <span class='ocrx_word' id='word_1_441' title='bbox 2944 2540 3138 2609; x_wconf 80' lang='grc' dir='ltr'>ἐγένετο</span> <span class='ocrx_word' id='word_1_442' title='bbox 3184 2538 3285 2590; x_wconf 84' lang='grc' dir='ltr'><strong>ἀπὸ</strong></span> <span class='ocrx_word' id='word_1_443' title='bbox 3330 2546 3433 2589; x_wconf 85' lang='grc' dir='ltr'>τῶν</span> <span class='ocrx_word' id='word_1_444' title='bbox 3486 2535 3756 2608; x_wconf 75' lang='grc' dir='ltr'>ὁφθαλμῷν</span> <span class='ocrx_word' id='word_1_445' title='bbox 3799 2546 3909 2600; x_wconf 81' lang='grc' dir='ltr'>μου.</span> 
     </span>
    </p>
   </div>
   <div class='ocr_carea' id='block_1_58' title="bbox 2332 2618 3914 2700">
    <p class='ocr_par' dir='ltr' id='par_1_58' title="bbox 2332 2618 3914 2700">
     <span class='ocr_line' id='line_1_58' title="bbox 2332 2618 3914 2700; baseline -0.004 -23"><span class='ocrx_word' id='word_1_446' title='bbox 2332 2624 2460 2696; x_wconf 83' lang='grc' dir='ltr'>λέγω</span> <span class='ocrx_word' id='word_1_447' title='bbox 2492 2623 2549 2677; x_wconf 63' lang='grc' dir='ltr'><strong>δὲ</strong></span> <span class='ocrx_word' id='word_1_448' title='bbox 2593 2628 2736 2697; x_wconf 83' lang='grc' dir='ltr'>ὑμῖν,</span> <span class='ocrx_word' id='word_1_449' title='bbox 2797 2623 3010 2697; x_wconf 79' lang='grc' dir='ltr'>ἀδελφοί</span> <span class='ocrx_word' id='word_1_450' title='bbox 3065 2646 3186 2698; x_wconf 87' lang='grc' dir='ltr'>μου,</span> <span class='ocrx_word' id='word_1_451' title='bbox 3251 2628 3329 2678; x_wconf 85' lang='grc' dir='ltr'>ὅτι</span> <span class='ocrx_word' id='word_1_452' title='bbox 3380 2625 3611 2700; x_wconf 78' lang='grc' dir='ltr'>ἀκριϐῶς</span> <span class='ocrx_word' id='word_1_453' title='bbox 3666 2618 3803 2681; x_wconf 83' lang='grc' dir='ltr'>οἶδα,</span> <span class='ocrx_word' id='word_1_454' title='bbox 3848 2618 3914 2667; x_wconf 83' lang='grc' dir='ltr'>ὅτι</span> 
     </span>
    </p>
   </div>
   <div class='ocr_carea' id='block_1_59' title="bbox 2332 2711 3913 2787">
    <p class='ocr_par' dir='ltr' id='par_1_59' title="bbox 2332 2711 3913 2787">
     <span class='ocr_line' id='line_1_59' title="bbox 2332 2711 3913 2787; baseline -0.001 -20"><span class='ocrx_word' id='word_1_455' title='bbox 2332 2714 2427 2767; x_wconf 86' lang='grc' dir='ltr'><strong>ούκ</strong></span> <span class='ocrx_word' id='word_1_456' title='bbox 2456 2716 2595 2766; x_wconf 79' lang='grc' dir='ltr'>ἔστιν</span> <span class='ocrx_word' id='word_1_457' title='bbox 2626 2714 2751 2772; x_wconf 84' lang='grc' dir='ltr'>άλλη</span> <span class='ocrx_word' id='word_1_458' title='bbox 2804 2711 3180 2787; x_wconf 82' lang='grc' dir='ltr'>δυσωδεστέρα</span> <span class='ocrx_word' id='word_1_459' title='bbox 3222 2715 3476 2787; x_wconf 85' lang='grc' dir='ltr'>ἁμαρτία,</span> <span class='ocrx_word' id='word_1_460' title='bbox 3531 2714 3573 2767; x_wconf 84' lang='grc' dir='ltr'>εἰ</span> <span class='ocrx_word' id='word_1_461' title='bbox 3624 2715 3694 2782; x_wconf 74' lang='grc' dir='ltr'>μὴ</span> <span class='ocrx_word' id='word_1_462' title='bbox 3736 2711 3763 2766; x_wconf 78' lang='grc' dir='ltr'><strong>ἡ</strong></span> <span class='ocrx_word' id='word_1_463' title='bbox 3815 2722 3913 2778; x_wconf 74' lang='grc' dir='ltr'>μοι’</span> 
     </span>
    </p>
   </div>
   <div class='ocr_carea' id='block_1_60' title="bbox 2330 2793 3915 2875">
    <p class='ocr_par' dir='ltr' id='par_1_60' title="bbox 2330 2793 3915 2875">
     <span class='ocr_line' id='line_1_60' title="bbox 2330 2793 3915 2875; baseline -0.008 -20"><span class='ocrx_word' id='word_1_464' title='bbox 2330 2808 2457 2874; x_wconf 85' lang='grc' dir='ltr'>χεία</span> <span class='ocrx_word' id='word_1_465' title='bbox 2487 2805 2533 2838; x_wconf 78' lang='grc'><strong>³⁸</strong></span> <span class='ocrx_word' id='word_1_466' title='bbox 2563 2808 2652 2855; x_wconf 82' lang='grc' dir='ltr'>καὶ</span> <span class='ocrx_word' id='word_1_467' title='bbox 2686 2805 2717 2861; x_wconf 79' lang='grc' dir='ltr'>ἡ</span> <span class='ocrx_word' id='word_1_468' title='bbox 2752 2808 2963 2875; x_wconf 89' lang='grc' dir='ltr'>πορνεία</span> <span class='ocrx_word' id='word_1_469' title='bbox 3007 2809 3095 2856; x_wconf 83' lang='grc' dir='ltr'>καὶ</span> <span class='ocrx_word' id='word_1_470' title='bbox 3136 2806 3165 2861; x_wconf 83' lang='grc' dir='ltr'><strong>ἠ</strong></span> <span class='ocrx_word' id='word_1_471' title='bbox 3201 2806 3248 2840; x_wconf 81' lang='grc'><strong><em>²⁹</em></strong></span> <span class='ocrx_word' id='word_1_472' title='bbox 3281 2812 3381 2855; x_wconf 86' lang='grc' dir='ltr'><strong>τῶν</strong></span> <span class='ocrx_word' id='word_1_473' title='bbox 3416 2800 3658 2875; x_wconf 85' lang='grc' dir='ltr'>Σοδόμων</span> <span class='ocrx_word' id='word_1_474' title='bbox 3688 2793 3915 2850; x_wconf 76' lang='grc' dir='ltr'>ἐπικατά-</span> 
     </span>
    </p>
   </div>
   <div class='ocr_carea' id='block_1_61' title="bbox 2330 2882 3916 2964">
    <p class='ocr_par' dir='ltr' id='par_1_61' title="bbox 2330 2882 3916 2964">
     <span class='ocr_line' id='line_1_61' title="bbox 2330 2882 3916 2964; baseline -0.007 -21"><span class='ocrx_word' id='word_1_475' title='bbox 2330 2911 2478 2964; x_wconf 91' lang='grc' dir='ltr'>ρατος</span> <span class='ocrx_word' id='word_1_476' title='bbox 2510 2913 2525 2925; x_wconf 92' lang='grc'><strong>·</strong></span> <span class='ocrx_word' id='word_1_477' title='bbox 2560 2890 2643 2944; x_wconf 68' lang='grc' dir='ltr'><strong>ἐὰν</strong></span> <span class='ocrx_word' id='word_1_478' title='bbox 2682 2889 2741 2944; x_wconf 74' lang='grc' dir='ltr'>δε</span> <span class='ocrx_word' id='word_1_479' title='bbox 2787 2892 2916 2945; x_wconf 68' lang='grc' dir='ltr'>θελει</span> <span class='ocrx_word' id='word_1_480' title='bbox 2970 2894 3020 2945; x_wconf 83' lang='grc' dir='ltr'>ἐν</span> <span class='ocrx_word' id='word_1_481' title='bbox 3052 2897 3252 2953; x_wconf 83' lang='grc' dir='ltr'>τούτοις</span> <span class='ocrx_word' id='word_1_482' title='bbox 3304 2901 3416 2956; x_wconf 86' lang='grc' dir='ltr'><strong>τοίς</strong></span> <span class='ocrx_word' id='word_1_483' title='bbox 3470 2895 3832 2964; x_wconf 84' lang='grc' dir='ltr'>ἁμαρτήμασιν</span> <span class='ocrx_word' id='word_1_484' title='bbox 3861 2882 3916 2932; x_wconf 81' lang='grc' dir='ltr'>ὢν</span> 
     </span>
    </p>
   </div>
   <div class='ocr_carea' id='block_1_62' title="bbox 2330 2973 3919 3056">
    <p class='ocr_par' dir='ltr' id='par_1_62' title="bbox 2330 2973 3919 3056">
     <span class='ocr_line' id='line_1_62' title="bbox 2330 2973 3919 3056; baseline -0.004 -23"><span class='ocrx_word' id='word_1_485' title='bbox 2330 2990 2671 3051; x_wconf 83' lang='grc' dir='ltr'>μετανοῆσαι,</span> <span class='ocrx_word' id='word_1_486' title='bbox 2724 2984 3025 3056; x_wconf 84' lang='grc' dir='ltr'>θερμότερον</span> <span class='ocrx_word' id='word_1_487' title='bbox 3087 2980 3307 3055; x_wconf 78' lang='grc' dir='ltr'>δέχεται</span> <span class='ocrx_word' id='word_1_488' title='bbox 3345 2983 3394 3017; x_wconf 80' lang='grc' dir='ltr'><strong>³ο</strong></span> <span class='ocrx_word' id='word_1_489' title='bbox 3452 2981 3609 3035; x_wconf 79' lang='grc' dir='ltr'>αὐτὸν</span> <span class='ocrx_word' id='word_1_490' title='bbox 3654 2979 3697 3013; x_wconf 81' lang='grc'>³¹</span> <span class='ocrx_word' id='word_1_491' title='bbox 3752 2977 3776 3026; x_wconf 89' lang='grc' dir='ltr'><strong>ὸ</strong></span> <span class='ocrx_word' id='word_1_492' title='bbox 3813 2973 3919 3027; x_wconf 79' lang='grc' dir='ltr'>Θεὸς</span> 
     </span>
    </p>
   </div>
   <div class='ocr_carea' id='block_1_63' title="bbox 566 3056 3914 3141">
    <p class='ocr_par' dir='ltr' id='par_1_63' title="bbox 566 3056 3914 3141">
     <span class='ocr_line' id='line_1_63' title="bbox 566 3056 3914 3141; baseline -0.002 -20"><span class='ocrx_word' id='word_1_493' title='bbox 566 3070 692 3141; x_wconf 68' lang='grc' dir='ltr'>ὑπὲρ</span> <span class='ocrx_word' id='word_1_494' title='bbox 742 3070 936 3129; x_wconf 88' lang='grc' dir='ltr'>πάντας</span> <span class='ocrx_word' id='word_1_495' title='bbox 992 3070 1107 3126; x_wconf 83' lang='grc' dir='ltr'>τοὺς</span> <span class='ocrx_word' id='word_1_496' title='bbox 1155 3063 1504 3138; x_wconf 83' lang='grc' dir='ltr'>ἁμαρτωλούς,</span> <span class='ocrx_word' id='word_1_497' title='bbox 1563 3060 1703 3117; x_wconf 79' lang='grc' dir='ltr'>διότι</span> <span class='ocrx_word' id='word_1_498' title='bbox 1748 3067 1803 3117; x_wconf 81' lang='grc' dir='ltr'>ἑκ</span> <span class='ocrx_word' id='word_1_499' title='bbox 1871 3070 2219 3139; x_wconf 76' lang='grc' dir='ltr'>προαιρέσεως</span> <span class='ocrx_word' id='word_1_500' title='bbox 2279 3067 2392 3122; x_wconf 76' lang='grc' dir='ltr'>ἔστι</span> <span class='ocrx_word' id='word_1_501' title='bbox 2430 3073 2487 3122; x_wconf 92' lang='grc' dir='ltr'><strong>τὸ</strong></span> <span class='ocrx_word' id='word_1_502' title='bbox 2539 3072 2720 3135; x_wconf 82' lang='grc' dir='ltr'>πάθος,</span> <span class='ocrx_word' id='word_1_503' title='bbox 2773 3070 3021 3129; x_wconf 81' lang='grc' dir='ltr'>πληθύνει</span> <span class='ocrx_word' id='word_1_504' title='bbox 3053 3074 3095 3106; x_wconf 80' lang='grc'><strong>³³</strong></span> <span class='ocrx_word' id='word_1_505' title='bbox 3153 3069 3209 3124; x_wconf 68' lang='lat' dir='ltr'><strong>3&#39;s</strong></span> <span class='ocrx_word' id='word_1_506' title='bbox 3278 3070 3415 3141; x_wconf 83' lang='grc' dir='ltr'>αύτῷ</span> <span class='ocrx_word' id='word_1_507' title='bbox 3477 3073 3502 3123; x_wconf 91' lang='grc' dir='ltr'><strong>ὸ</strong></span> <span class='ocrx_word' id='word_1_508' title='bbox 3562 3065 3794 3126; x_wconf 79' lang='grc' dir='ltr'>διάϐολος</span> <span class='ocrx_word' id='word_1_509' title='bbox 3836 3056 3914 3113; x_wconf 81' lang='grc' dir='ltr'><strong>διὰ</strong></span> 
     </span>
    </p>
   </div>
   <div class='ocr_carea' id='block_1_64' title="bbox 564 3156 1121 3230">
    <p class='ocr_par' dir='ltr' id='par_1_64' title="bbox 564 3156 1121 3230">
     <span class='ocr_line' id='line_1_64' title="bbox 564 3156 1121 3230; baseline -0.007 -19"><span class='ocrx_word' id='word_1_510' title='bbox 564 3161 651 3212; x_wconf 90' lang='grc' dir='ltr'><strong>τὸν</strong></span> <span class='ocrx_word' id='word_1_511' title='bbox 705 3156 1067 3230; x_wconf 80' lang='grc' dir='ltr'>γαργαλισμόν</span> <span class='ocrx_word' id='word_1_512' title='bbox 1108 3171 1121 3183; x_wconf 93' lang='grc'><strong>·</strong></span> 
     </span>
    </p>
   </div>
   <div class='ocr_carea' id='block_1_65' title="bbox 565 3248 717 3303">
    <p class='ocr_par' dir='ltr' id='par_1_65' title="bbox 565 3248 717 3303">
     <span class='ocr_line' id='line_1_65' title="bbox 565 3248 717 3303; baseline 0.013 -2"><span class='ocrx_word' id='word_1_513' title='bbox 565 3248 717 3303; x_wconf 87' lang='grc' dir='ltr'>αύτά.</span> 
     </span>
    </p>
   </div>
   <div class='ocr_carea' id='block_1_66' title="bbox 1361 3389 1414 3439">
    <p class='ocr_par' dir='ltr' id='par_1_66' title="bbox 1361 3389 1414 3439">
     <span class='ocr_line' id='line_1_66' title="bbox 1361 3389 1414 3439; baseline 0 0"><span class='ocrx_word' id='word_1_514' title='bbox 1361 3389 1414 3439; x_wconf 83' lang='lat'><strong>2.</strong></span> 
     </span>
    </p>
   </div>
   <div class='ocr_carea' id='block_1_67' title="bbox 942 3473 1825 3530">
    <p class='ocr_par' dir='ltr' id='par_1_67' title="bbox 942 3473 1825 3530">
     <span class='ocr_line' id='line_1_67' title="bbox 942 3473 1825 3530; baseline 0 -2"><span class='ocrx_word' id='word_1_515' title='bbox 942 3473 1223 3529; x_wconf 76' lang='lat' dir='ltr'><strong>Eiusdem</strong></span> <span class='ocrx_word' id='word_1_516' title='bbox 1250 3474 1406 3529; x_wconf 82' lang='lat' dir='ltr'><strong>aliae</strong></span> <span class='ocrx_word' id='word_1_517' title='bbox 1426 3474 1825 3530; x_wconf 73' lang='lat' dir='ltr'><strong>narrationes.</strong></span> 
     </span>
    </p>
   </div>
   <div class='ocr_carea' id='block_1_68' title="bbox 639 3562 2213 3636">
    <p class='ocr_par' dir='ltr' id='par_1_68' title="bbox 639 3562 2213 3636">
     <span class='ocr_line' id='line_1_68' title="bbox 639 3562 2213 3636; baseline 0 -16"><span class='ocrx_word' id='word_1_518' title='bbox 639 3564 791 3620; x_wconf 83' lang='lat' dir='ltr'><strong>Dixit</strong></span> <span class='ocrx_word' id='word_1_519' title='bbox 829 3580 1035 3618; x_wconf 89' lang='lat' dir='ltr'><strong>rursus</strong></span> <span class='ocrx_word' id='word_1_520' title='bbox 1068 3562 1226 3617; x_wconf 91' lang='lat' dir='ltr'><strong>idem</strong></span> <span class='ocrx_word' id='word_1_521' title='bbox 1261 3569 1500 3617; x_wconf 91' lang='lat' dir='ltr'><strong>sanctus</strong></span> <span class='ocrx_word' id='word_1_522' title='bbox 1540 3562 1824 3618; x_wconf 78' lang='lat' dir='ltr'><strong>Macarius</strong></span> <span class='ocrx_word' id='word_1_523' title='bbox 1877 3582 1889 3619; x_wconf 85' lang='lat'><strong>:</strong></span> <span class='ocrx_word' id='word_1_524' title='bbox 1937 3565 2034 3619; x_wconf 91' lang='lat' dir='ltr'><strong>Die</strong></span> <span class='ocrx_word' id='word_1_525' title='bbox 2066 3580 2213 3636; x_wconf 89' lang='lat' dir='ltr'><strong>qua-</strong></span> 
     </span>
    </p>
   </div>
   <div class='ocr_carea' id='block_1_69' title="bbox 565 3651 2209 3725">
    <p class='ocr_par' dir='ltr' id='par_1_69' title="bbox 565 3651 2209 3725">
     <span class='ocr_line' id='line_1_69' title="bbox 565 3651 2209 3725; baseline -0.001 -14"><span class='ocrx_word' id='word_1_526' title='bbox 565 3656 709 3710; x_wconf 90' lang='lat' dir='ltr'><strong>dam</strong></span> <span class='ocrx_word' id='word_1_527' title='bbox 744 3651 1033 3725; x_wconf 77' lang='lat' dir='ltr'><strong>precabar</strong></span> <span class='ocrx_word' id='word_1_528' title='bbox 1073 3652 1151 3706; x_wconf 88' lang='lat' dir='ltr'><strong>ad</strong></span> <span class='ocrx_word' id='word_1_529' title='bbox 1191 3652 1507 3705; x_wconf 86' lang='lat' dir='ltr'><strong>Dominum</strong></span> <span class='ocrx_word' id='word_1_530' title='bbox 1547 3654 1755 3707; x_wconf 84' lang='lat' dir='ltr'><strong>Deum.</strong></span> <span class='ocrx_word' id='word_1_531' title='bbox 1795 3655 1934 3707; x_wconf 90' lang='lat' dir='ltr'><strong>Dein</strong></span> <span class='ocrx_word' id='word_1_532' title='bbox 1970 3655 2209 3725; x_wconf 83' lang='lat' dir='ltr'><strong>suspexi</strong></span> 
     </span>
    </p>
   </div>
   <div class='ocr_carea' id='block_1_70' title="bbox 561 3741 2209 3812">
    <p class='ocr_par' dir='ltr' id='par_1_70' title="bbox 561 3741 2209 3812">
     <span class='ocr_line' id='line_1_70' title="bbox 561 3741 2209 3812; baseline -0.001 -14"><span class='ocrx_word' id='word_1_533' title='bbox 561 3741 621 3798; x_wconf 84' lang='lat' dir='ltr'><strong>in</strong></span> <span class='ocrx_word' id='word_1_534' title='bbox 644 3744 874 3799; x_wconf 91' lang='lat' dir='ltr'><strong>coelum</strong></span> <span class='ocrx_word' id='word_1_535' title='bbox 909 3741 1167 3806; x_wconf 88' lang='lat' dir='ltr'><strong>intuens,</strong></span> <span class='ocrx_word' id='word_1_536' title='bbox 1191 3748 1245 3793; x_wconf 86' lang='lat' dir='ltr'><strong>et</strong></span> <span class='ocrx_word' id='word_1_537' title='bbox 1265 3755 1420 3803; x_wconf 90' lang='lat' dir='ltr'><strong>ecce,</strong></span> <span class='ocrx_word' id='word_1_538' title='bbox 1457 3744 1579 3793; x_wconf 84' lang='lat' dir='ltr'><strong>erat</strong></span> <span class='ocrx_word' id='word_1_539' title='bbox 1607 3747 1903 3811; x_wconf 88' lang='lat' dir='ltr'><strong>apertum,</strong></span> <span class='ocrx_word' id='word_1_540' title='bbox 1929 3749 1983 3796; x_wconf 93' lang='lat' dir='ltr'><strong>et</strong></span> <span class='ocrx_word' id='word_1_541' title='bbox 2015 3743 2209 3812; x_wconf 88' lang='lat' dir='ltr'><strong>angeli</strong></span> 
     </span>
    </p>
   </div>
   <div class='ocr_carea' id='block_1_71' title="bbox 565 3828 2211 3894">
    <p class='ocr_par' dir='ltr' id='par_1_71' title="bbox 565 3828 2211 3894">
     <span class='ocr_line' id='line_1_71' title="bbox 565 3828 2211 3894; baseline -0.001 -7"><span class='ocrx_word' id='word_1_542' title='bbox 565 3833 661 3888; x_wconf 89' lang='lat' dir='ltr'><strong>Dei</strong></span> <span class='ocrx_word' id='word_1_543' title='bbox 694 3832 788 3888; x_wconf 88' lang='lat' dir='ltr'><strong>alii</strong></span> <span class='ocrx_word' id='word_1_544' title='bbox 822 3846 1059 3885; x_wconf 85' lang='lat' dir='ltr'><strong>sursum</strong></span> <span class='ocrx_word' id='word_1_545' title='bbox 1085 3828 1373 3884; x_wconf 85' lang='lat' dir='ltr'><strong>meabant</strong></span> <span class='ocrx_word' id='word_1_546' title='bbox 1398 3828 1495 3882; x_wconf 89' lang='lat' dir='ltr'><strong>alii</strong></span> <span class='ocrx_word' id='word_1_547' title='bbox 1526 3828 1826 3894; x_wconf 89' lang='lat' dir='ltr'><strong>deorsum,</strong></span> <span class='ocrx_word' id='word_1_548' title='bbox 1864 3832 2097 3888; x_wconf 91' lang='lat' dir='ltr'><strong>animas</strong></span> <span class='ocrx_word' id='word_1_549' title='bbox 2124 3832 2211 3887; x_wconf 90' lang='lat' dir='ltr'><strong>ef-</strong></span> 
     </span>
    </p>
   </div>
   <div class='ocr_carea' id='block_1_72' title="bbox 562 3917 2209 3990">
    <p class='ocr_par' dir='ltr' id='par_1_72' title="bbox 562 3917 2209 3990">
     <span class='ocr_line' id='line_1_72' title="bbox 562 3917 2209 3990; baseline -0.001 -12"><span class='ocrx_word' id='word_1_550' title='bbox 562 3921 833 3978; x_wconf 81' lang='lat' dir='ltr'><strong>ferentes.</strong></span> <span class='ocrx_word' id='word_1_551' title='bbox 866 3919 1103 3990; x_wconf 82' lang='lat' dir='ltr'><strong>Aliquot</strong></span> <span class='ocrx_word' id='word_1_552' title='bbox 1134 3924 1333 3972; x_wconf 90' lang='lat' dir='ltr'><strong>autem</strong></span> <span class='ocrx_word' id='word_1_553' title='bbox 1369 3917 1518 3986; x_wconf 89' lang='lat' dir='ltr'><strong>nigri</strong></span> <span class='ocrx_word' id='word_1_554' title='bbox 1549 3923 1604 3972; x_wconf 93' lang='lat' dir='ltr'><strong>et</strong></span> <span class='ocrx_word' id='word_1_555' title='bbox 1650 3918 1943 3974; x_wconf 89' lang='lat' dir='ltr'><strong>tenebrosi</strong></span> <span class='ocrx_word' id='word_1_556' title='bbox 1972 3921 2032 3975; x_wconf 89' lang='lat' dir='ltr'><strong>in</strong></span> <span class='ocrx_word' id='word_1_557' title='bbox 2074 3926 2209 3977; x_wconf 80' lang='lat' dir='ltr'><strong>aere</strong></span> 
     </span>
    </p>
   </div>
   <div class='ocr_carea' id='block_1_73' title="bbox 564 4005 2208 4081">
    <p class='ocr_par' dir='ltr' id='par_1_73' title="bbox 564 4005 2208 4081">
     <span class='ocr_line' id='line_1_73' title="bbox 564 4005 2208 4081; baseline -0.002 -13"><span class='ocrx_word' id='word_1_558' title='bbox 564 4026 838 4081; x_wconf 84' lang='lat' dir='ltr'><strong>magnam</strong></span> <span class='ocrx_word' id='word_1_559' title='bbox 853 4005 1280 4065; x_wconf 90' lang='lat' dir='ltr'><strong>habebantcoll</strong></span> <span class='ocrx_word' id='word_1_560' title='bbox 1293 4006 1650 4061; x_wconf 84' lang='lat' dir='ltr'><strong>notationem</strong></span> <span class='ocrx_word' id='word_1_561' title='bbox 1666 4007 1936 4079; x_wconf 88' lang='lat' dir='ltr'><strong>rapiendi</strong></span> <span class='ocrx_word' id='word_1_562' title='bbox 1950 4016 2006 4065; x_wconf 89' lang='lat' dir='ltr'><strong>et</strong></span> <span class='ocrx_word' id='word_1_563' title='bbox 2019 4010 2208 4065; x_wconf 88' lang='lat' dir='ltr'><strong>detra-</strong></span> 
     </span>
    </p>
   </div>
   <div class='ocr_carea' id='block_1_74' title="bbox 558 4095 2211 4164">
    <p class='ocr_par' dir='ltr' id='par_1_74' title="bbox 558 4095 2211 4164">
     <span class='ocr_line' id='line_1_74' title="bbox 558 4095 2211 4164; baseline -0.002 -7"><span class='ocrx_word' id='word_1_564' title='bbox 558 4100 740 4157; x_wconf 87' lang='lat' dir='ltr'><strong>hendi</strong></span> <span class='ocrx_word' id='word_1_565' title='bbox 769 4099 1004 4155; x_wconf 90' lang='lat' dir='ltr'><strong>animas</strong></span> <span class='ocrx_word' id='word_1_566' title='bbox 1023 4096 1359 4151; x_wconf 89' lang='lat' dir='ltr'><strong>hominum.</strong></span> <span class='ocrx_word' id='word_1_567' title='bbox 1385 4095 1589 4164; x_wconf 85' lang='lat' dir='ltr'><strong>Angeli</strong></span> <span class='ocrx_word' id='word_1_568' title='bbox 1614 4102 1822 4152; x_wconf 91' lang='lat' dir='ltr'><strong>contra</strong></span> <span class='ocrx_word' id='word_1_569' title='bbox 1854 4097 2211 4154; x_wconf 82' lang='lat' dir='ltr'><strong>resistebant</strong></span> 
     </span>
    </p>
   </div>
   <div class='ocr_carea' id='block_1_75' title="bbox 558 4184 2209 4256">
    <p class='ocr_par' dir='ltr' id='par_1_75' title="bbox 558 4184 2209 4256">
     <span class='ocr_line' id='line_1_75' title="bbox 558 4184 2209 4256; baseline -0.002 -9"><span class='ocrx_word' id='word_1_570' title='bbox 558 4191 781 4248; x_wconf 80' lang='lat' dir='ltr'><strong>fortiter</strong></span> <span class='ocrx_word' id='word_1_571' title='bbox 813 4193 869 4244; x_wconf 90' lang='lat' dir='ltr'><strong>et</strong></span> <span class='ocrx_word' id='word_1_572' title='bbox 898 4184 1108 4250; x_wconf 88' lang='lat' dir='ltr'><strong>valide,</strong></span> <span class='ocrx_word' id='word_1_573' title='bbox 1140 4192 1341 4256; x_wconf 90' lang='lat' dir='ltr'><strong>utpote</strong></span> <span class='ocrx_word' id='word_1_574' title='bbox 1384 4184 1556 4240; x_wconf 89' lang='lat' dir='ltr'><strong>valde</strong></span> <span class='ocrx_word' id='word_1_575' title='bbox 1598 4186 1978 4241; x_wconf 81' lang='lat' dir='ltr'><strong>verberantes</strong></span> <span class='ocrx_word' id='word_1_576' title='bbox 2008 4203 2113 4243; x_wconf 91' lang='lat' dir='ltr'><strong>eos</strong></span> <span class='ocrx_word' id='word_1_577' title='bbox 2153 4192 2209 4244; x_wconf 91' lang='lat' dir='ltr'><strong>et</strong></span> 
     </span>
    </p>
   </div>
   <div class='ocr_carea' id='block_1_76' title="bbox 560 4275 2209 4344">
    <p class='ocr_par' dir='ltr' id='par_1_76' title="bbox 560 4275 2209 4344">
     <span class='ocr_line' id='line_1_76' title="bbox 560 4275 2209 4344; baseline -0.001 -11"><span class='ocrx_word' id='word_1_578' title='bbox 560 4279 852 4335; x_wconf 87' lang='lat' dir='ltr'><strong>salvantes</strong></span> <span class='ocrx_word' id='word_1_579' title='bbox 878 4277 1130 4332; x_wconf 90' lang='lat' dir='ltr'><strong>animas.</strong></span> <span class='ocrx_word' id='word_1_580' title='bbox 1164 4279 1383 4329; x_wconf 74' lang='lat' dir='ltr'><strong>Rursus</strong></span> <span class='ocrx_word' id='word_1_581' title='bbox 1410 4275 1696 4344; x_wconf 88' lang='lat' dir='ltr'><strong>suspicio,</strong></span> <span class='ocrx_word' id='word_1_582' title='bbox 1727 4281 1782 4330; x_wconf 93' lang='lat' dir='ltr'><strong>et</strong></span> <span class='ocrx_word' id='word_1_583' title='bbox 1808 4291 1943 4330; x_wconf 91' lang='lat' dir='ltr'><strong>ecce</strong></span> <span class='ocrx_word' id='word_1_584' title='bbox 1965 4276 2086 4332; x_wconf 85' lang='lat' dir='ltr'><strong>duo</strong></span> <span class='ocrx_word' id='word_1_585' title='bbox 2110 4291 2209 4331; x_wconf 85' lang='lat' dir='ltr'><strong>an-</strong></span> 
     </span>
    </p>
   </div>
   <div class='ocr_carea' id='block_1_77' title="bbox 562 4362 2205 4438">
    <p class='ocr_par' dir='ltr' id='par_1_77' title="bbox 562 4362 2205 4438">
     <span class='ocr_line' id='line_1_77' title="bbox 562 4362 2205 4438; baseline -0.002 -15"><span class='ocrx_word' id='word_1_586' title='bbox 562 4368 675 4438; x_wconf 85' lang='lat' dir='ltr'><strong>geli</strong></span> <span class='ocrx_word' id='word_1_587' title='bbox 705 4366 763 4421; x_wconf 91' lang='lat' dir='ltr'><strong>in</strong></span> <span class='ocrx_word' id='word_1_588' title='bbox 800 4366 1031 4421; x_wconf 90' lang='lat' dir='ltr'><strong>coelum</strong></span> <span class='ocrx_word' id='word_1_589' title='bbox 1062 4362 1324 4418; x_wconf 87' lang='lat' dir='ltr'><strong>hominis</strong></span> <span class='ocrx_word' id='word_1_590' title='bbox 1355 4362 1622 4418; x_wconf 90' lang='lat' dir='ltr'><strong>animam</strong></span> <span class='ocrx_word' id='word_1_591' title='bbox 1649 4369 2053 4433; x_wconf 89' lang='lat' dir='ltr'><strong>asportantes.</strong></span> <span class='ocrx_word' id='word_1_592' title='bbox 2102 4364 2205 4420; x_wconf 89' lang='lat' dir='ltr'><strong>Ubi</strong></span> 
     </span>
    </p>
   </div>
   <div class='ocr_carea' id='block_1_78' title="bbox 560 4450 2209 4526">
    <p class='ocr_par' dir='ltr' id='par_1_78' title="bbox 560 4450 2209 4526">
     <span class='ocr_line' id='line_1_78' title="bbox 560 4450 2209 4526; baseline -0.001 -16"><span class='ocrx_word' id='word_1_593' title='bbox 560 4456 736 4526; x_wconf 88' lang='lat' dir='ltr'><strong>igitur</strong></span> <span class='ocrx_word' id='word_1_594' title='bbox 776 4453 1197 4526; x_wconf 88' lang='lat' dir='ltr'><strong>apprOpinqua</strong></span> <span class='ocrx_word' id='word_1_595' title='bbox 1236 4452 1382 4506; x_wconf 85' lang='lat' dir='ltr'><strong>baut</strong></span> <span class='ocrx_word' id='word_1_596' title='bbox 1422 4450 1640 4506; x_wconf 86' lang='lat' dir='ltr'><strong>tclonio</strong></span> <span class='ocrx_word' id='word_1_597' title='bbox 1688 4452 2099 4508; x_wconf 86' lang='lat' dir='ltr'><strong>fornicationis</strong></span> <span class='ocrx_word' id='word_1_598' title='bbox 2155 4460 2209 4508; x_wconf 92' lang='lat' dir='ltr'><strong>et</strong></span> 
     </span>
    </p>
   </div>
   <div class='ocr_carea' id='block_1_79' title="bbox 561 4540 2209 4603">
    <p class='ocr_par' dir='ltr' id='par_1_79' title="bbox 561 4540 2209 4603">
     <span class='ocr_line' id='line_1_79' title="bbox 561 4540 2209 4603; baseline -0.002 -1"><span class='ocrx_word' id='word_1_599' title='bbox 561 4544 989 4603; x_wconf 88' lang='lat' dir='ltr'><strong>moechationis</strong></span> <span class='ocrx_word' id='word_1_600' title='bbox 1034 4548 1088 4596; x_wconf 87' lang='lat' dir='ltr'><strong>et</strong></span> <span class='ocrx_word' id='word_1_601' title='bbox 1120 4540 1549 4595; x_wconf 88' lang='lat' dir='ltr'><strong>andromauiae</strong></span> <span class='ocrx_word' id='word_1_602' title='bbox 1589 4570 1659 4583; x_wconf 93' lang='lat'><strong>--</strong></span> <span class='ocrx_word' id='word_1_603' title='bbox 1696 4542 1843 4596; x_wconf 87' lang='lat' dir='ltr'><strong>haec</strong></span> <span class='ocrx_word' id='word_1_604' title='bbox 1876 4544 2035 4599; x_wconf 88' lang='lat' dir='ltr'><strong>enim</strong></span> <span class='ocrx_word' id='word_1_605' title='bbox 2071 4549 2209 4599; x_wconf 86' lang='lat' dir='ltr'><strong>sunt</strong></span> 
     </span>
    </p>
   </div>
   <div class='ocr_carea' id='block_1_80' title="bbox 1171 3147 3909 3234">
    <p class='ocr_par' dir='ltr' id='par_1_80' title="bbox 1171 3147 3909 3234">
     <span class='ocr_line' id='line_1_80' title="bbox 1171 3147 3909 3234; baseline -0.001 -28"><span class='ocrx_word' id='word_1_606' title='bbox 1171 3152 1255 3206; x_wconf 73' lang='grc' dir='ltr'><strong>ἰὰν</strong></span> <span class='ocrx_word' id='word_1_607' title='bbox 1288 3150 1347 3206; x_wconf 74' lang='grc' dir='ltr'>δε</span> <span class='ocrx_word' id='word_1_608' title='bbox 1401 3153 1515 3225; x_wconf 72' lang='grc' dir='ltr'>θελῃ</span> <span class='ocrx_word' id='word_1_609' title='bbox 1578 3173 1658 3215; x_wconf 89' lang='grc' dir='ltr'><strong>τις</strong></span> <span class='ocrx_word' id='word_1_610' title='bbox 1714 3157 1759 3190; x_wconf 83' lang='grc'><em>³³</em></span> <span class='ocrx_word' id='word_1_611' title='bbox 1812 3153 2111 3208; x_wconf 84' lang='grc' dir='ltr'>ἀποκτεῖναι</span> <span class='ocrx_word' id='word_1_612' title='bbox 2172 3159 2237 3209; x_wconf 85' lang='grc' dir='ltr'>τὰ</span> <span class='ocrx_word' id='word_1_613' title='bbox 2297 3162 2438 3217; x_wconf 83' lang='grc' dir='ltr'>πάθη</span> <span class='ocrx_word' id='word_1_614' title='bbox 2497 3167 2662 3212; x_wconf 90' lang='grc' dir='ltr'>ταῦτα</span> <span class='ocrx_word' id='word_1_615' title='bbox 2716 3158 2764 3211; x_wconf 72' lang='grc' dir='ltr'>ἄν</span> <span class='ocrx_word' id='word_1_616' title='bbox 2816 3158 3082 3233; x_wconf 79' lang='grc' dir='ltr'>ἀγρυπνίᾳ</span> <span class='ocrx_word' id='word_1_617' title='bbox 3127 3165 3217 3213; x_wconf 81' lang='grc' dir='ltr'>καὶ</span> <span class='ocrx_word' id='word_1_618' title='bbox 3272 3159 3576 3234; x_wconf 73' lang='grc' dir='ltr'>ἐγκρατείᾳ,</span> <span class='ocrx_word' id='word_1_619' title='bbox 3620 3158 3835 3228; x_wconf 78' lang='grc' dir='ltr'>ξηραίνει</span> <span class='ocrx_word' id='word_1_620' title='bbox 3872 3147 3909 3182; x_wconf 76' lang='grc'>³⁸</span> 
     </span>
    </p>
   </div>
   <div class='ocr_carea' id='block_1_81' title="bbox 3098 3395 3157 3447">
    <p class='ocr_par' dir='ltr' id='par_1_81' title="bbox 3098 3395 3157 3447">
     <span class='ocr_line' id='line_1_81' title="bbox 3098 3395 3157 3447; baseline 0.017 -1"><span class='ocrx_word' id='word_1_621' title='bbox 3098 3395 3157 3447; x_wconf 83' lang='grc'><strong>2.</strong></span> 
     </span>
    </p>
   </div>
   <div class='ocr_carea' id='block_1_82' title="bbox 2571 3475 3682 3552">
    <p class='ocr_par' dir='ltr' id='par_1_82' title="bbox 2571 3475 3682 3552">
     <span class='ocr_line' id='line_1_82' title="bbox 2571 3475 3682 3552; baseline -0.005 -18"><span class='ocrx_word' id='word_1_622' title='bbox 2571 3487 2694 3534; x_wconf 90' lang='grc' dir='ltr'><strong>Τοῦ</strong></span> <span class='ocrx_word' id='word_1_623' title='bbox 2762 3480 2961 3532; x_wconf 89' lang='grc' dir='ltr'>αύτοῦ</span> <span class='ocrx_word' id='word_1_624' title='bbox 3020 3480 3209 3552; x_wconf 77' lang='grc' dir='ltr'>ἔτερα</span> <span class='ocrx_word' id='word_1_625' title='bbox 3264 3475 3682 3552; x_wconf 74' lang='grc' dir='ltr'>διηγήματα.</span> 
     </span>
    </p>
   </div>
   <div class='ocr_carea' id='block_1_83' title="bbox 2393 3559 3911 3645">
    <p class='ocr_par' dir='ltr' id='par_1_83' title="bbox 2393 3559 3911 3645">
     <span class='ocr_line' id='line_1_83' title="bbox 2393 3559 3911 3645; baseline 0.003 -26"><span class='ocrx_word' id='word_1_626' title='bbox 2393 3566 2565 3641; x_wconf 77' lang='grc' dir='ltr'>Ἐλεγε</span> <span class='ocrx_word' id='word_1_627' title='bbox 2620 3570 2774 3622; x_wconf 86' lang='grc' dir='ltr'>πάλιν</span> <span class='ocrx_word' id='word_1_628' title='bbox 2835 3572 2861 3621; x_wconf 88' lang='lat'><strong>6</strong></span> <span class='ocrx_word' id='word_1_629' title='bbox 2909 3569 3067 3631; x_wconf 86' lang='grc' dir='ltr'>αύτὸς</span> <span class='ocrx_word' id='word_1_630' title='bbox 3118 3569 3268 3639; x_wconf 84' lang='grc' dir='ltr'>ἅγιος</span> <span class='ocrx_word' id='word_1_631' title='bbox 3307 3572 3604 3645; x_wconf 85' lang='grc' dir='ltr'>Μακάριος,</span> <span class='ocrx_word' id='word_1_632' title='bbox 3647 3566 3724 3617; x_wconf 86' lang='grc' dir='ltr'>ὅτι</span> <span class='ocrx_word' id='word_1_633' title='bbox 3757 3562 3801 3612; x_wconf 72' lang='grc' dir='ltr'>έν</span> <span class='ocrx_word' id='word_1_634' title='bbox 3828 3559 3911 3645; x_wconf 57' lang='grc' dir='ltr'><strong>ἐξτᾲ</strong></span> 
     </span>
    </p>
   </div>
   <div class='ocr_carea' id='block_1_84' title="bbox 2322 3642 3909 3732">
    <p class='ocr_par' dir='ltr' id='par_1_84' title="bbox 2322 3642 3909 3732">
     <span class='ocr_line' id='line_1_84' title="bbox 2322 3642 3909 3732; baseline -0.017 -12"><span class='ocrx_word' id='word_1_635' title='bbox 2322 3658 2491 3730; x_wconf 73' lang='grc' dir='ltr'>ἡμέρᾳ</span> <span class='ocrx_word' id='word_1_636' title='bbox 2532 3655 2591 3715; x_wconf 75' lang='grc' dir='ltr'>ἦν</span> <span class='ocrx_word' id='word_1_637' title='bbox 2621 3663 2753 3732; x_wconf 88' lang='grc' dir='ltr'>πρὸς</span> <span class='ocrx_word' id='word_1_638' title='bbox 2795 3661 2983 3730; x_wconf 81' lang='grc' dir='ltr'>Κύριον</span> <span class='ocrx_word' id='word_1_639' title='bbox 3020 3663 3105 3710; x_wconf 90' lang='grc' dir='ltr'><strong>τὸν</strong></span> <span class='ocrx_word' id='word_1_640' title='bbox 3152 3663 3281 3711; x_wconf 83' lang='grc' dir='ltr'>Θεὸν</span> <span class='ocrx_word' id='word_1_641' title='bbox 3326 3642 3769 3729; x_wconf 71' lang='grc' dir='ltr'>προσευχόμενος,</span> <span class='ocrx_word' id='word_1_642' title='bbox 3815 3642 3909 3732; x_wconf 66' lang='grc' dir='ltr'>εἶτα</span> 
     </span>
    </p>
   </div>
   <div class='ocr_carea' id='block_1_85' title="bbox 2321 3729 3906 3819">
    <p class='ocr_par' dir='ltr' id='par_1_85' title="bbox 2321 3729 3906 3819">
     <span class='ocr_line' id='line_1_85' title="bbox 2321 3729 3906 3819; baseline -0.003 -22"><span class='ocrx_word' id='word_1_643' title='bbox 2321 3744 2575 3817; x_wconf 68' lang='grc' dir='ltr'>ἀνέϐλεψα</span> <span class='ocrx_word' id='word_1_644' title='bbox 2626 3748 2671 3782; x_wconf 77' lang='grc'><strong><em>³⁵</em></strong></span> <span class='ocrx_word' id='word_1_645' title='bbox 2727 3748 2798 3810; x_wconf 86' lang='grc' dir='ltr'><strong>εἰς</strong></span> <span class='ocrx_word' id='word_1_646' title='bbox 2854 3752 2938 3799; x_wconf 90' lang='grc' dir='ltr'><strong>τὸν</strong></span> <span class='ocrx_word' id='word_1_647' title='bbox 3001 3747 3217 3819; x_wconf 76' lang='grc' dir='ltr'>οὐρανὸν</span> <span class='ocrx_word' id='word_1_648' title='bbox 3277 3743 3421 3812; x_wconf 73' lang='grc' dir='ltr'>ἰδών,</span> <span class='ocrx_word' id='word_1_649' title='bbox 3484 3752 3574 3799; x_wconf 85' lang='grc' dir='ltr'>καὶ</span> <span class='ocrx_word' id='word_1_650' title='bbox 3621 3739 3734 3795; x_wconf 79' lang='grc' dir='ltr'>ἰδού</span> <span class='ocrx_word' id='word_1_651' title='bbox 3777 3738 3819 3772; x_wconf 77' lang='grc'><strong>³⁸</strong></span> <span class='ocrx_word' id='word_1_652' title='bbox 3857 3729 3906 3789; x_wconf 73' lang='grc' dir='ltr'><strong>ἦν</strong></span> 
     </span>
    </p>
   </div>
   <div class='ocr_carea' id='block_1_86' title="bbox 2323 3832 3906 3909">
    <p class='ocr_par' dir='ltr' id='par_1_86' title="bbox 2323 3832 3906 3909">
     <span class='ocr_line' id='line_1_86' title="bbox 2323 3832 3906 3909; baseline -0.008 -24"><span class='ocrx_word' id='word_1_653' title='bbox 2323 3833 2653 3906; x_wconf 72' lang='grc' dir='ltr'>ἀνεῳγμένος,</span> <span class='ocrx_word' id='word_1_654' title='bbox 2694 3842 2782 3889; x_wconf 85' lang='grc' dir='ltr'>καὶ</span> <span class='ocrx_word' id='word_1_655' title='bbox 2812 3836 3023 3908; x_wconf 84' lang='grc' dir='ltr'>οἰγγελοι</span> <span class='ocrx_word' id='word_1_656' title='bbox 3078 3844 3167 3888; x_wconf 91' lang='grc' dir='ltr'><strong>τοῦ</strong></span> <span class='ocrx_word' id='word_1_657' title='bbox 3198 3843 3331 3889; x_wconf 83' lang='grc' dir='ltr'>Θεοῦ</span> <span class='ocrx_word' id='word_1_658' title='bbox 3385 3838 3433 3887; x_wconf 86' lang='grc' dir='ltr'>οἱ</span> <span class='ocrx_word' id='word_1_659' title='bbox 3468 3840 3557 3909; x_wconf 69' lang='grc' dir='ltr'>μὲν</span> <span class='ocrx_word' id='word_1_660' title='bbox 3612 3832 3906 3909; x_wconf 74' lang='grc' dir='ltr'>ἀνὴρχοντο,</span> 
     </span>
    </p>
   </div>
   <div class='ocr_carea' id='block_1_87' title="bbox 2319 3906 3905 3998">
    <p class='ocr_par' dir='ltr' id='par_1_87' title="bbox 2319 3906 3905 3998">
     <span class='ocr_line' id='line_1_87' title="bbox 2319 3906 3905 3998; baseline -0.001 -21"><span class='ocrx_word' id='word_1_661' title='bbox 2319 3926 2368 3977; x_wconf 83' lang='grc' dir='ltr'>οἱ</span> <span class='ocrx_word' id='word_1_662' title='bbox 2418 3921 2477 3977; x_wconf 78' lang='grc' dir='ltr'>δε</span> <span class='ocrx_word' id='word_1_663' title='bbox 2530 3906 2885 3998; x_wconf 78' lang='grc' dir='ltr'>κατήρχοντο,</span> <span class='ocrx_word' id='word_1_664' title='bbox 2918 3928 3011 3987; x_wconf 82' lang='grc' dir='ltr'>τὰς</span> <span class='ocrx_word' id='word_1_665' title='bbox 3056 3926 3243 3997; x_wconf 76' lang='grc' dir='ltr'>ψυχὰς</span> <span class='ocrx_word' id='word_1_666' title='bbox 3284 3906 3634 3997; x_wconf 76' lang='grc' dir='ltr'>ἀναφέροντες.</span> <span class='ocrx_word' id='word_1_667' title='bbox 3694 3920 3815 3976; x_wconf 75' lang='grc' dir='ltr'>τινες</span> <span class='ocrx_word' id='word_1_668' title='bbox 3857 3906 3905 3961; x_wconf 52' lang='grc' dir='ltr'><strong>δῖ</strong></span> 
     </span>
    </p>
   </div>
   <div class='ocr_carea' id='block_1_88' title="bbox 2319 4002 3905 4089">
    <p class='ocr_par' dir='ltr' id='par_1_88' title="bbox 2319 4002 3905 4089">
     <span class='ocr_line' id='line_1_88' title="bbox 2319 4002 3905 4089; baseline -0.015 -11"><span class='ocrx_word' id='word_1_669' title='bbox 2319 4015 2523 4086; x_wconf 71' lang='grc' dir='ltr'>μέλανας</span> <span class='ocrx_word' id='word_1_670' title='bbox 2578 4021 2667 4067; x_wconf 78' lang='grc' dir='ltr'>καὶ</span> <span class='ocrx_word' id='word_1_671' title='bbox 2714 4011 2968 4087; x_wconf 74' lang='grc' dir='ltr'><strong>ζοφώδης</strong></span> <span class='ocrx_word' id='word_1_672' title='bbox 3022 4019 3069 4067; x_wconf 76' lang='grc' dir='ltr'>ἓν</span> <span class='ocrx_word' id='word_1_673' title='bbox 3117 4024 3187 4085; x_wconf 83' lang='grc' dir='ltr'>τῷ</span> <span class='ocrx_word' id='word_1_674' title='bbox 3228 4014 3339 4089; x_wconf 76' lang='grc' dir='ltr'>ἀέρι</span> <span class='ocrx_word' id='word_1_675' title='bbox 3378 4011 3525 4086; x_wconf 85' lang='grc' dir='ltr'>εἶχον</span> <span class='ocrx_word' id='word_1_676' title='bbox 3564 4002 3905 4082; x_wconf 81' lang='grc' dir='ltr'>περισπασμόν</span> 
     </span>
    </p>
   </div>
   <div class='ocr_carea' id='block_1_89' title="bbox 2318 4096 3904 4179">
    <p class='ocr_par' dir='ltr' id='par_1_89' title="bbox 2318 4096 3904 4179">
     <span class='ocr_line' id='line_1_89' title="bbox 2318 4096 3904 4179; baseline 0.001 -24"><span class='ocrx_word' id='word_1_677' title='bbox 2318 4105 2474 4157; x_wconf 88' lang='grc' dir='ltr'>πολύν</span> <span class='ocrx_word' id='word_1_678' title='bbox 2503 4105 2553 4141; x_wconf 79' lang='grc'><strong>³⁷</strong></span> <span class='ocrx_word' id='word_1_679' title='bbox 2588 4113 2683 4156; x_wconf 90' lang='grc' dir='ltr'><strong>τοῦ</strong></span> <span class='ocrx_word' id='word_1_680' title='bbox 2714 4105 2966 4179; x_wconf 76' lang='grc' dir='ltr'>ἁρπάζειν</span> <span class='ocrx_word' id='word_1_681' title='bbox 3006 4111 3097 4156; x_wconf 85' lang='grc' dir='ltr'><strong>και</strong></span> <span class='ocrx_word' id='word_1_682' title='bbox 3138 4109 3413 4156; x_wconf 86' lang='grc' dir='ltr'>κατασπᾶν</span> <span class='ocrx_word' id='word_1_683' title='bbox 3473 4107 3562 4164; x_wconf 85' lang='grc' dir='ltr'><strong>τὰς</strong></span> <span class='ocrx_word' id='word_1_684' title='bbox 3604 4099 3783 4171; x_wconf 76' lang='grc' dir='ltr'>ψυχὰς</span> <span class='ocrx_word' id='word_1_685' title='bbox 3821 4096 3904 4142; x_wconf 71' lang='grc' dir='ltr'><strong>τῶν</strong></span> 
     </span>
    </p>
   </div>
   <div class='ocr_carea' id='block_1_90' title="bbox 2320 4179 3906 4267">
    <p class='ocr_par' dir='ltr' id='par_1_90' title="bbox 2320 4179 3906 4267">
     <span class='ocr_line' id='line_1_90' title="bbox 2320 4179 3906 4267; baseline -0.001 -22"><span class='ocrx_word' id='word_1_686' title='bbox 2320 4192 2621 4267; x_wconf 78' lang='grc' dir='ltr'>ἀνθρώπων,</span> <span class='ocrx_word' id='word_1_687' title='bbox 2676 4196 2725 4245; x_wconf 83' lang='lat' dir='ltr'><strong>oi</strong></span> <span class='ocrx_word' id='word_1_688' title='bbox 2786 4191 2845 4247; x_wconf 59' lang='grc' dir='ltr'>δι</span> <span class='ocrx_word' id='word_1_689' title='bbox 2895 4194 3104 4265; x_wconf 80' lang='grc' dir='ltr'>ἄγγελοι</span> <span class='ocrx_word' id='word_1_690' title='bbox 3154 4193 3465 4245; x_wconf 81' lang='grc' dir='ltr'>ἀνθίσταντο</span> <span class='ocrx_word' id='word_1_691' title='bbox 3525 4194 3779 4264; x_wconf 85' lang='grc' dir='ltr'>κραταιώς</span> <span class='ocrx_word' id='word_1_692' title='bbox 3828 4179 3906 4229; x_wconf 61' lang='grc' dir='ltr'><strong>καί</strong></span> 
     </span>
    </p>
   </div>
   <div class='ocr_carea' id='block_1_91' title="bbox 2320 4276 3903 4357">
    <p class='ocr_par' dir='ltr' id='par_1_91' title="bbox 2320 4276 3903 4357">
     <span class='ocr_line' id='line_1_91' title="bbox 2320 4276 3903 4357; baseline -0.019 -3"><span class='ocrx_word' id='word_1_693' title='bbox 2320 4281 2559 4355; x_wconf 71' lang='grc' dir='ltr'>ἰσχυρῶς</span> <span class='ocrx_word' id='word_1_694' title='bbox 2589 4286 2659 4345; x_wconf 78' lang='grc' dir='ltr'>ὡς</span> <span class='ocrx_word' id='word_1_695' title='bbox 2705 4280 2912 4357; x_wconf 78' lang='grc' dir='ltr'><strong>σφόδρα</strong></span> <span class='ocrx_word' id='word_1_696' title='bbox 2941 4286 3285 4355; x_wconf 81' lang='grc' dir='ltr'>μαστίζοντες</span> <span class='ocrx_word' id='word_1_697' title='bbox 3314 4282 3507 4344; x_wconf 82' lang='grc' dir='ltr'>αύτούς</span> <span class='ocrx_word' id='word_1_698' title='bbox 3544 4285 3632 4332; x_wconf 85' lang='grc' dir='ltr'>καὶ</span> <span class='ocrx_word' id='word_1_699' title='bbox 3672 4276 3903 4357; x_wconf 73' lang='grc' dir='ltr'>σώζοντες</span> 
     </span>
    </p>
   </div>
   <div class='ocr_carea' id='block_1_92' title="bbox 2317 4355 3902 4444">
    <p class='ocr_par' dir='ltr' id='par_1_92' title="bbox 2317 4355 3902 4444">
     <span class='ocr_line' id='line_1_92' title="bbox 2317 4355 3902 4444; baseline -0.004 -22"><span class='ocrx_word' id='word_1_700' title='bbox 2317 4372 2410 4431; x_wconf 84' lang='grc' dir='ltr'><strong>τὰς</strong></span> <span class='ocrx_word' id='word_1_701' title='bbox 2438 4371 2646 4442; x_wconf 70' lang='grc' dir='ltr'>ψυχάς.</span> <span class='ocrx_word' id='word_1_702' title='bbox 2701 4355 2875 4444; x_wconf 73' lang='grc' dir='ltr'>βλέπω</span> <span class='ocrx_word' id='word_1_703' title='bbox 2921 4368 2979 4424; x_wconf 66' lang='grc' dir='ltr'><strong>δὲ</strong></span> <span class='ocrx_word' id='word_1_704' title='bbox 3024 4371 3198 4439; x_wconf 87' lang='grc' dir='ltr'>πάλιν,</span> <span class='ocrx_word' id='word_1_705' title='bbox 3240 4377 3329 4423; x_wconf 86' lang='grc' dir='ltr'>καὶ</span> <span class='ocrx_word' id='word_1_706' title='bbox 3366 4367 3486 4423; x_wconf 78' lang='grc' dir='ltr'><strong>ἰδοὺ</strong></span> <span class='ocrx_word' id='word_1_707' title='bbox 3516 4372 3562 4405; x_wconf 79' lang='grc'><strong><em>⁸⁸</em></strong></span> <span class='ocrx_word' id='word_1_708' title='bbox 3590 4364 3684 4420; x_wconf 90' lang='grc' dir='ltr'>δύο</span> <span class='ocrx_word' id='word_1_709' title='bbox 3714 4355 3902 4444; x_wconf 51' lang='lat' dir='ltr'><strong>air/313‘</strong></span> 
     </span>
    </p>
   </div>
   <div class='ocr_carea' id='block_1_93' title="bbox 2318 4438 3900 4534">
    <p class='ocr_par' dir='ltr' id='par_1_93' title="bbox 2318 4438 3900 4534">
     <span class='ocr_line' id='line_1_93' title="bbox 2318 4438 3900 4534; baseline -0.003 -22"><span class='ocrx_word' id='word_1_710' title='bbox 2318 4460 2389 4521; x_wconf 86' lang='grc' dir='ltr'><strong>εἰς</strong></span> <span class='ocrx_word' id='word_1_711' title='bbox 2449 4438 2795 4534; x_wconf 41' lang='grc' dir='ltr'>τὸν-οὐρανὸν</span> <span class='ocrx_word' id='word_1_712' title='bbox 2847 4461 3033 4532; x_wconf 78' lang='grc' dir='ltr'>ψυχὴν</span> <span class='ocrx_word' id='word_1_713' title='bbox 3097 4438 3368 4531; x_wconf 84' lang='grc' dir='ltr'>ἁνθρωπου</span> <span class='ocrx_word' id='word_1_714' title='bbox 3416 4465 3668 4534; x_wconf 77' lang='grc' dir='ltr'>φέροντες.</span> <span class='ocrx_word' id='word_1_715' title='bbox 3722 4454 3781 4509; x_wconf 79' lang='grc' dir='ltr'><strong>ὡς</strong></span> <span class='ocrx_word' id='word_1_716' title='bbox 3825 4438 3900 4496; x_wconf 70' lang='grc' dir='ltr'><strong>οὖν</strong></span> 
     </span>
    </p>
   </div>
   <div class='ocr_carea' id='block_1_94' title="bbox 2318 4540 3898 4622">
    <p class='ocr_par' dir='ltr' id='par_1_94' title="bbox 2318 4540 3898 4622">
     <span class='ocr_line' id='line_1_94' title="bbox 2318 4540 3898 4622; baseline -0.004 -21"><span class='ocrx_word' id='word_1_717' title='bbox 2318 4554 2671 4622; x_wconf 73' lang='grc' dir='ltr'>προσέγγισαν</span> <span class='ocrx_word' id='word_1_718' title='bbox 2724 4559 2795 4620; x_wconf 77' lang='grc' dir='ltr'>τῷ</span> <span class='ocrx_word' id='word_1_719' title='bbox 2844 4549 3064 4621; x_wconf 82' lang='grc' dir='ltr'>τελωνὶῳ</span> <span class='ocrx_word' id='word_1_720' title='bbox 3122 4552 3168 4585; x_wconf 67' lang='grc'><strong>⁸9</strong></span> <span class='ocrx_word' id='word_1_721' title='bbox 3228 4558 3324 4611; x_wconf 85' lang='grc' dir='ltr'>τῆς</span> <span class='ocrx_word' id='word_1_722' title='bbox 3376 4553 3611 4621; x_wconf 86' lang='grc' dir='ltr'>πορνείας</span> <span class='ocrx_word' id='word_1_723' title='bbox 3682 4544 3765 4593; x_wconf 80' lang='grc' dir='ltr'>καὶ</span> <span class='ocrx_word' id='word_1_724' title='bbox 3818 4540 3898 4589; x_wconf 71' lang='grc' dir='ltr'><strong>τῆς</strong></span> 
     </span>
    </p>
   </div>
   <div class='ocr_carea' id='block_1_95' title="bbox 559 4619 2217 4710">
    <p class='ocr_par' dir='ltr' id='par_1_95' title="bbox 559 4629 2207 4700">
     <span class='ocr_line' id='line_1_95' title="bbox 559 4629 2207 4700; baseline -0.002 -9"><span class='ocrx_word' id='word_1_725' title='bbox 559 4634 830 4691; x_wconf 88' lang='lat' dir='ltr'><strong>omnium</strong></span> <span class='ocrx_word' id='word_1_726' title='bbox 855 4632 1211 4688; x_wconf 86' lang='lat' dir='ltr'><strong>teloniorum</strong></span> <span class='ocrx_word' id='word_1_727' title='bbox 1241 4629 1587 4700; x_wconf 82' lang='lat' dir='ltr'><strong>turpissima</strong></span> <span class='ocrx_word' id='word_1_728' title='bbox 1614 4647 1626 4698; x_wconf 88' lang='lat'><strong>;</strong></span> <span class='ocrx_word' id='word_1_729' title='bbox 1657 4631 1716 4685; x_wconf 90' lang='lat' dir='ltr'><strong>in</strong></span> <span class='ocrx_word' id='word_1_730' title='bbox 1736 4631 1829 4685; x_wconf 84' lang='lat' dir='ltr'><strong>via</strong></span> <span class='ocrx_word' id='word_1_731' title='bbox 1852 4639 2053 4687; x_wconf 87' lang='lat' dir='ltr'><strong>autem</strong></span> <span class='ocrx_word' id='word_1_732' title='bbox 2085 4649 2207 4689; x_wconf 86' lang='lat' dir='ltr'><strong>sur-</strong></span> 
     </span>
    </p>
   </div>
   <div class='ocr_carea' id='block_1_96' title="bbox 2327 4619 3900 4710">
    <p class='ocr_par' dir='ltr' id='par_1_96' title="bbox 2327 4619 3900 4710">
     <span class='ocr_line' id='line_1_96' title="bbox 2327 4619 3900 4710; baseline -0.024 -5"><span class='ocrx_word' id='word_1_733' title='bbox 2327 4643 2562 4709; x_wconf 60' lang='grc' dir='ltr'>κοιχείας</span> <span class='ocrx_word' id='word_1_734' title='bbox 2621 4639 2667 4672; x_wconf 75' lang='grc'><strong>⁴⁰</strong></span> <span class='ocrx_word' id='word_1_735' title='bbox 2724 4643 2814 4691; x_wconf 77' lang='grc' dir='ltr'>καὶ</span> <span class='ocrx_word' id='word_1_736' title='bbox 2855 4634 3203 4710; x_wconf 74' lang='grc' dir='ltr'>ἀνδρομανίας</span> <span class='ocrx_word' id='word_1_737' title='bbox 3261 4640 3301 4673; x_wconf 70' lang='grc'><strong>⁵1</strong></span> <span class='ocrx_word' id='word_1_738' title='bbox 3346 4668 3413 4678; x_wconf 93' lang='grc'><strong>--</strong></span> <span class='ocrx_word' id='word_1_739' title='bbox 3455 4645 3621 4690; x_wconf 75' lang='grc' dir='ltr'>ταῦτα</span> <span class='ocrx_word' id='word_1_740' title='bbox 3665 4630 3762 4699; x_wconf 72' lang='grc' dir='ltr'>γὰρ</span> <span class='ocrx_word' id='word_1_741' title='bbox 3808 4619 3900 4673; x_wconf 84' lang='grc' dir='ltr'>εἰσι</span> 
     </span>
    </p>
   </div>
   <div class='ocr_carea' id='block_1_97' title="bbox 561 4718 2204 4790">
    <p class='ocr_par' dir='ltr' id='par_1_97' title="bbox 561 4718 2204 4790">
     <span class='ocr_line' id='line_1_97' title="bbox 561 4718 2204 4790; baseline 0 -12"><span class='ocrx_word' id='word_1_742' title='bbox 561 4740 694 4779; x_wconf 84' lang='lat' dir='ltr'><strong>sum</strong></span> <span class='ocrx_word' id='word_1_743' title='bbox 752 4724 970 4777; x_wconf 78' lang='lat' dir='ltr'><strong>ferente</strong></span> <span class='ocrx_word' id='word_1_744' title='bbox 1014 4718 1583 4790; x_wconf 86' lang='lat' dir='ltr'><strong>appropinquabant</strong></span> <span class='ocrx_word' id='word_1_745' title='bbox 1622 4721 1889 4775; x_wconf 86' lang='lat' dir='ltr'><strong>animam</strong></span> <span class='ocrx_word' id='word_1_746' title='bbox 1942 4728 2204 4777; x_wconf 85' lang='lat' dir='ltr'><strong>tenentes</strong></span> 
     </span>
    </p>
   </div>
   <div class='ocr_carea' id='block_1_98' title="bbox 561 4807 2205 4881">
    <p class='ocr_par' dir='ltr' id='par_1_98' title="bbox 561 4807 2205 4881">
     <span class='ocr_line' id='line_1_98' title="bbox 561 4807 2205 4881; baseline 0 -14"><span class='ocrx_word' id='word_1_747' title='bbox 561 4811 756 4880; x_wconf 87' lang='lat' dir='ltr'><strong>angeli</strong></span> <span class='ocrx_word' id='word_1_748' title='bbox 804 4810 902 4864; x_wconf 85' lang='lat' dir='ltr'><strong>Dei</strong></span> <span class='ocrx_word' id='word_1_749' title='bbox 949 4838 1016 4849; x_wconf 94' lang='lat'>—</span> <span class='ocrx_word' id='word_1_750' title='bbox 1062 4807 1257 4877; x_wconf 87' lang='lat' dir='ltr'><strong>coepit</strong></span> <span class='ocrx_word' id='word_1_751' title='bbox 1306 4807 1580 4877; x_wconf 88' lang='lat' dir='ltr'><strong>princeps</strong></span> <span class='ocrx_word' id='word_1_752' title='bbox 1634 4808 1831 4863; x_wconf 90' lang='lat' dir='ltr'><strong>telonii</strong></span> <span class='ocrx_word' id='word_1_753' title='bbox 1862 4809 2205 4881; x_wconf 85' lang='lat' dir='ltr'><strong>obstrepere</strong></span> 
     </span>
    </p>
   </div>
   <div class='ocr_carea' id='block_1_99' title="bbox 556 4896 2205 4969">
    <p class='ocr_par' dir='ltr' id='par_1_99' title="bbox 556 4896 2205 4969">
     <span class='ocr_line' id='line_1_99' title="bbox 556 4896 2205 4969; baseline -0.001 -11"><span class='ocrx_word' id='word_1_754' title='bbox 556 4898 918 4958; x_wconf 85' lang='lat' dir='ltr'><strong>horribiliter</strong></span> <span class='ocrx_word' id='word_1_755' title='bbox 945 4902 1005 4953; x_wconf 92' lang='lat' dir='ltr'><strong>et</strong></span> <span class='ocrx_word' id='word_1_756' title='bbox 1032 4896 1408 4953; x_wconf 88' lang='lat' dir='ltr'><strong>vehementer</strong></span> <span class='ocrx_word' id='word_1_757' title='bbox 1442 4896 1776 4966; x_wconf 90' lang='lat' dir='ltr'><strong>perturbari</strong></span> <span class='ocrx_word' id='word_1_758' title='bbox 1804 4914 1875 4955; x_wconf 87' lang='lat' dir='ltr'><strong>ac</strong></span> <span class='ocrx_word' id='word_1_759' title='bbox 1902 4898 2099 4969; x_wconf 87' lang='lat' dir='ltr'><strong>dicere</strong></span> <span class='ocrx_word' id='word_1_760' title='bbox 2126 4900 2205 4957; x_wconf 92' lang='lat' dir='ltr'><strong>ad</strong></span> 
     </span>
    </p>
   </div>
   <div class='ocr_carea' id='block_1_100' title="bbox 2314 4709 3896 4801">
    <p class='ocr_par' dir='ltr' id='par_1_100' title="bbox 2314 4709 3896 4801">
     <span class='ocr_line' id='line_1_100' title="bbox 2314 4709 3896 4801; baseline 0.003 -24"><span class='ocrx_word' id='word_1_761' title='bbox 2314 4727 2517 4778; x_wconf 82' lang='grc' dir='ltr'>πάντων</span> <span class='ocrx_word' id='word_1_762' title='bbox 2548 4735 2646 4779; x_wconf 87' lang='grc' dir='ltr'>τῶν</span> <span class='ocrx_word' id='word_1_763' title='bbox 2688 4727 2934 4779; x_wconf 83' lang='grc' dir='ltr'>τελωνίων</span> <span class='ocrx_word' id='word_1_764' title='bbox 2974 4727 3302 4801; x_wconf 81' lang='grc' dir='ltr'>αἰσχρὸτερα</span> <span class='ocrx_word' id='word_1_765' title='bbox 3338 4746 3347 4755; x_wconf 89' lang='grc'><strong>·</strong></span> <span class='ocrx_word' id='word_1_766' title='bbox 3383 4736 3431 4779; x_wconf 73' lang='grc' dir='ltr'>ἐν</span> <span class='ocrx_word' id='word_1_767' title='bbox 3472 4723 3578 4794; x_wconf 77' lang='grc' dir='ltr'><strong>ὁδῷ</strong></span> <span class='ocrx_word' id='word_1_768' title='bbox 3634 4721 3732 4792; x_wconf 77' lang='grc' dir='ltr'><strong>γὰρ</strong></span> <span class='ocrx_word' id='word_1_769' title='bbox 3782 4709 3896 4781; x_wconf 65' lang='grc' dir='ltr'><strong>πρὸς</strong></span> 
     </span>
    </p>
   </div>
   <div class='ocr_carea' id='block_1_101' title="bbox 2314 4798 3895 4889">
    <p class='ocr_par' dir='ltr' id='par_1_101' title="bbox 2314 4798 3895 4889">
     <span class='ocr_line' id='line_1_101' title="bbox 2314 4798 3895 4889; baseline -0.017 -11"><span class='ocrx_word' id='word_1_770' title='bbox 2314 4818 2381 4867; x_wconf 73' lang='grc' dir='ltr'>τὰ</span> <span class='ocrx_word' id='word_1_771' title='bbox 2408 4817 2510 4866; x_wconf 75' lang='grc' dir='ltr'><strong>ἀνω</strong></span> <span class='ocrx_word' id='word_1_772' title='bbox 2537 4820 2756 4887; x_wconf 69' lang='grc' dir='ltr'>ἥγνιζον</span> <span class='ocrx_word' id='word_1_773' title='bbox 2789 4817 2837 4869; x_wconf 82' lang='grc' dir='ltr'>οἱ</span> <span class='ocrx_word' id='word_1_774' title='bbox 2878 4798 3186 4888; x_wconf 81' lang='grc' dir='ltr'>κατέχοντες</span> <span class='ocrx_word' id='word_1_775' title='bbox 3218 4798 3309 4875; x_wconf 78' lang='grc' dir='ltr'>τὴν</span> <span class='ocrx_word' id='word_1_776' title='bbox 3351 4815 3537 4889; x_wconf 69' lang='grc' dir='ltr'>ψυχὴν</span> <span class='ocrx_word' id='word_1_777' title='bbox 3583 4805 3786 4881; x_wconf 79' lang='grc' dir='ltr'>ἄγγελοι</span> <span class='ocrx_word' id='word_1_778' title='bbox 3812 4798 3895 4889; x_wconf 65' lang='grc' dir='ltr'>τοῦ</span> 
     </span>
    </p>
   </div>
   <div class='ocr_carea' id='block_1_102' title="bbox 2316 4886 3894 4980">
    <p class='ocr_par' dir='ltr' id='par_1_102' title="bbox 2316 4886 3894 4980">
     <span class='ocr_line' id='line_1_102' title="bbox 2316 4886 3894 4980; baseline -0.015 -16"><span class='ocrx_word' id='word_1_779' title='bbox 2316 4907 2443 4957; x_wconf 76' lang='grc' dir='ltr'><strong>Θεοῦ</strong></span> <span class='ocrx_word' id='word_1_780' title='bbox 2470 4934 2538 4945; x_wconf 93' lang='grc'><strong>-</strong></span> <span class='ocrx_word' id='word_1_781' title='bbox 2580 4904 2775 4975; x_wconf 78' lang='grc' dir='ltr'>ἤρξατο</span> <span class='ocrx_word' id='word_1_782' title='bbox 2820 4905 2847 4957; x_wconf 87' lang='grc' dir='ltr'><strong>ό</strong></span> <span class='ocrx_word' id='word_1_783' title='bbox 2888 4906 3070 4980; x_wconf 84' lang='grc' dir='ltr'>άρχων</span> <span class='ocrx_word' id='word_1_784' title='bbox 3119 4913 3209 4958; x_wconf 85' lang='grc' dir='ltr'><strong>τοῦ</strong></span> <span class='ocrx_word' id='word_1_785' title='bbox 3283 4904 3522 4958; x_wconf 87' lang='grc' dir='ltr'>τελωνίου</span> <span class='ocrx_word' id='word_1_786' title='bbox 3563 4886 3894 4973; x_wconf 81' lang='grc' dir='ltr'>ταράττεσθαι</span> 
     </span>
    </p>
   </div>
   <div class='ocr_carea' id='block_1_103' title="bbox 1878 5066 2579 5130">
    <p class='ocr_par' dir='ltr' id='par_1_103' title="bbox 1878 5066 2579 5130">
     <span class='ocr_line' id='line_1_103' title="bbox 1878 5066 2579 5130; baseline 0.011 -9"><span class='ocrx_word' id='word_1_787' title='bbox 1878 5066 2134 5123; x_wconf 80' lang='lat' dir='ltr'><strong>VARIAE</strong></span> <span class='ocrx_word' id='word_1_788' title='bbox 2172 5068 2464 5130; x_wconf 88' lang='lat' dir='ltr'><strong>LECTION</strong></span> <span class='ocrx_word' id='word_1_789' title='bbox 2472 5075 2553 5130; x_wconf 86' lang='lat' dir='ltr'><strong>ES</strong></span> <span class='ocrx_word' id='word_1_790' title='bbox 2566 5114 2579 5129; x_wconf 92' lang='lat'><strong>.</strong></span> 
     </span>
    </p>
   </div>
   <div class='ocr_carea' id='block_1_104' title="bbox 631 5209 3879 5357">
    <p class='ocr_par' dir='ltr' id='par_1_104' title="bbox 631 5209 3879 5357">
     <span class='ocr_line' id='line_1_104' title="bbox 631 5209 3879 5308; baseline -0.006 -24"><span class='ocrx_word' id='word_1_791' title='bbox 631 5229 679 5266; x_wconf 81' lang='lat'>“</span> <span class='ocrx_word' id='word_1_792' title='bbox 719 5226 914 5296; x_wconf 90' lang='lat' dir='ltr'><strong>Corr.,</strong></span> <span class='ocrx_word' id='word_1_793' title='bbox 958 5224 1097 5281; x_wconf 92' lang='lat' dir='ltr'><strong>cod.</strong></span> <span class='ocrx_word' id='word_1_794' title='bbox 1137 5222 1547 5308; x_wconf 66' lang='grc' dir='ltr'>τετλιϐένης.</span> <span class='ocrx_word' id='word_1_795' title='bbox 1617 5224 1658 5259; x_wconf 82' lang='grc'>¹⁷</span> <span class='ocrx_word' id='word_1_796' title='bbox 1695 5224 2370 5306; x_wconf 64' lang='lat' dir='ltr'><strong>Corr.,cod.1raupév.</strong></span> <span class='ocrx_word' id='word_1_797' title='bbox 2435 5233 2477 5267; x_wconf 75' lang='grc' dir='ltr'>ιε</span> <span class='ocrx_word' id='word_1_798' title='bbox 2504 5232 2690 5298; x_wconf 74' lang='lat' dir='ltr'><strong>Corr.,</strong></span> <span class='ocrx_word' id='word_1_799' title='bbox 2725 5232 2865 5289; x_wconf 60' lang='lat' dir='ltr'><strong>cod,</strong></span> <span class='ocrx_word' id='word_1_800' title='bbox 2904 5235 3023 5285; x_wconf 65' lang='grc' dir='ltr'>έναι</span> <span class='ocrx_word' id='word_1_801' title='bbox 3096 5235 3379 5305; x_wconf 61' lang='grc' dir='ltr'><strong>,ίρπμην⁸</strong></span> <span class='ocrx_word' id='word_1_802' title='bbox 3442 5235 3487 5269; x_wconf 76' lang='grc' dir='ltr'><strong>ιο</strong></span> <span class='ocrx_word' id='word_1_803' title='bbox 3533 5234 3722 5289; x_wconf 66' lang='lat' dir='ltr'><strong>Corr.,</strong></span> <span class='ocrx_word' id='word_1_804' title='bbox 3753 5209 3879 5271; x_wconf 92' lang='lat' dir='ltr'><strong>cod.</strong></span> 
     </span>
     <span class='ocr_line' id='line_1_105' title="bbox 646 5251 3879 5357; baseline 0 0"><span class='ocrx_word' id='word_1_805' title='bbox 646 5296 893 5357; x_wconf 77' lang='grc' dir='ltr'>ανωδιο</span> <span class='ocrx_word' id='word_1_806' title='bbox 909 5306 1058 5351; x_wconf 83' lang='grc' dir='ltr'>ύντα</span> <span class='ocrx_word' id='word_1_807' title='bbox 1075 5318 1115 5357; x_wconf 90' lang='grc' dir='ltr'>ς.</span> <span class='ocrx_word' id='word_1_808' title='bbox 1177 5299 1223 5332; x_wconf 86' lang='grc'><strong>²⁰</strong></span> <span class='ocrx_word' id='word_1_809' title='bbox 1251 5296 1466 5351; x_wconf 85' lang='lat' dir='ltr'><strong>Vocem</strong></span> <span class='ocrx_word' id='word_1_810' title='bbox 1496 5299 1699 5357; x_wconf 77' lang='grc' dir='ltr'>ιτέρους</span> <span class='ocrx_word' id='word_1_811' title='bbox 1729 5311 1894 5349; x_wconf 69' lang='grc' dir='ltr'>υυοιε</span> <span class='ocrx_word' id='word_1_812' title='bbox 1922 5298 2213 5357; x_wconf 80' lang='lat' dir='ltr'><strong>inclusam</strong></span> <span class='ocrx_word' id='word_1_813' title='bbox 2241 5317 2313 5356; x_wconf 83' lang='lat' dir='ltr'><strong>ex</strong></span> <span class='ocrx_word' id='word_1_814' title='bbox 2343 5304 2497 5357; x_wconf 91' lang='lat' dir='ltr'><strong>coni.</strong></span> <span class='ocrx_word' id='word_1_815' title='bbox 2522 5304 2753 5357; x_wconf 91' lang='lat' dir='ltr'><strong>addidi.</strong></span> <span class='ocrx_word' id='word_1_816' title='bbox 2802 5305 2845 5340; x_wconf 81' lang='grc'><strong>²¹</strong></span> <span class='ocrx_word' id='word_1_817' title='bbox 2883 5305 3021 5357; x_wconf 90' lang='lat' dir='ltr'><strong>Cod.</strong></span> <span class='ocrx_word' id='word_1_818' title='bbox 3042 5251 3402 5357; x_wconf 50' lang='grc' dir='ltr'>ᾆιεποιὼιιην.</span> <span class='ocrx_word' id='word_1_819' title='bbox 3442 5311 3524 5357; x_wconf 84' lang='lat' dir='ltr'><strong>An</strong></span> <span class='ocrx_word' id='word_1_820' title='bbox 3555 5295 3725 5355; x_wconf 82' lang='lat' dir='ltr'><strong>mavis</strong></span> <span class='ocrx_word' id='word_1_821' title='bbox 3746 5294 3879 5357; x_wconf 83' lang='lat' dir='ltr'><strong>corr:</strong></span> 
     </span>
    </p>
   </div>
   <div class='ocr_carea' id='block_1_105' title="bbox 560 5294 3021 5376">
    <p class='ocr_par' dir='ltr' id='par_1_105' title="bbox 560 5294 3021 5376">
     <span class='ocr_line' id='line_1_106' title="bbox 560 5294 3021 5376; baseline 0.003 -25"><span class='ocrx_word' id='word_1_822' title='bbox 560 5294 1150 5376; x_wconf 35' lang='grc' dir='ltr'>τραγωδιοῦνταςζ-</span> <span class='ocrx_word' id='word_1_823' title='bbox 1177 5299 1223 5332; x_wconf 86' lang='grc'><strong>²⁰</strong></span> <span class='ocrx_word' id='word_1_824' title='bbox 1251 5296 1466 5376; x_wconf 70' lang='lat' dir='ltr'><strong>Vocem</strong></span> <span class='ocrx_word' id='word_1_825' title='bbox 1496 5294 1894 5376; x_wconf 43' lang='lat' dir='ltr'><strong>iri‘o‘ousuucis</strong></span> <span class='ocrx_word' id='word_1_826' title='bbox 1922 5294 2313 5376; x_wconf 60' lang='lat' dir='ltr'><strong>inclusamex</strong></span> <span class='ocrx_word' id='word_1_827' title='bbox 2343 5304 2497 5357; x_wconf 91' lang='lat' dir='ltr'><strong>coni.</strong></span> <span class='ocrx_word' id='word_1_828' title='bbox 2522 5294 2753 5358; x_wconf 82' lang='lat' dir='ltr'><strong>addidi.</strong></span> <span class='ocrx_word' id='word_1_829' title='bbox 2802 5305 2845 5340; x_wconf 81' lang='grc'>²¹</span> <span class='ocrx_word' id='word_1_830' title='bbox 2883 5305 3021 5359; x_wconf 88' lang='lat' dir='ltr'><strong>Cod.</strong></span> 
     </span>
    </p>
   </div>
   <div class='ocr_carea' id='block_1_106' title="bbox 3094 5294 3883 5377">
    <p class='ocr_par' dir='ltr' id='par_1_106' title="bbox 3094 5294 3883 5377">
     <span class='ocr_line' id='line_1_107' title="bbox 3094 5294 3883 5377; baseline -0.011 -21"><span class='ocrx_word' id='word_1_831' title='bbox 3094 5294 3402 5377; x_wconf 75' lang='grc' dir='ltr'>ιεπριὼμην.</span> <span class='ocrx_word' id='word_1_832' title='bbox 3442 5311 3524 5359; x_wconf 80' lang='lat' dir='ltr'><strong>At]</strong></span> <span class='ocrx_word' id='word_1_833' title='bbox 3555 5294 3883 5377; x_wconf 45' lang='lat' dir='ltr'><strong>[naviscqﬁ</strong></span> 
     </span>
    </p>
   </div>
   <div class='ocr_carea' id='block_1_107' title="bbox 558 5366 3883 5448">
    <p class='ocr_par' dir='ltr' id='par_1_107' title="bbox 558 5366 3883 5448">
     <span class='ocr_line' id='line_1_108' title="bbox 558 5366 3883 5448; baseline -0.005 -21"><span class='ocrx_word' id='word_1_834' title='bbox 558 5366 963 5448; x_wconf 15' lang='lat' dir='ltr'><strong>drisnpia’dpnvh</strong></span> <span class='ocrx_word' id='word_1_835' title='bbox 1002 5372 1051 5448; x_wconf 60' lang='lat' dir='ltr'><strong>i’</strong></span> <span class='ocrx_word' id='word_1_836' title='bbox 1101 5370 1191 5424; x_wconf 87' lang='lat' dir='ltr'><strong>Sic</strong></span> <span class='ocrx_word' id='word_1_837' title='bbox 1229 5368 1367 5448; x_wconf 70' lang='lat' dir='ltr'><strong>09d.</strong></span> <span class='ocrx_word' id='word_1_838' title='bbox 1407 5366 1952 5448; x_wconf 37' lang='grc' dir='ltr'>ἰοεπίθέρεθίσματαῖ</span> <span class='ocrx_word' id='word_1_839' title='bbox 2009 5369 2650 5448; x_wconf 29' lang='grc' dir='ltr'><strong>²ξίὶιίεά.-δινρειξσητοιι</strong></span> <span class='ocrx_word' id='word_1_840' title='bbox 2709 5377 2751 5448; x_wconf 71' lang='grc' dir='ltr'>ει</span> <span class='ocrx_word' id='word_1_841' title='bbox 2793 5375 2941 5432; x_wconf 58' lang='grc' dir='ltr'><strong>0οά,</strong></span> <span class='ocrx_word' id='word_1_842' title='bbox 2981 5366 3341 5448; x_wconf 50' lang='grc' dir='ltr'><strong>χαριὶνσξι.</strong></span> <span class='ocrx_word' id='word_1_843' title='bbox 3405 5378 3447 5415; x_wconf 70' lang='grc' dir='ltr'>εδ</span> <span class='ocrx_word' id='word_1_844' title='bbox 3486 5373 3631 5448; x_wconf 46' lang='grc' dir='ltr'>(λὶά,</span> <span class='ocrx_word' id='word_1_845' title='bbox 3670 5366 3883 5448; x_wconf 36' lang='lat' dir='ltr'><strong>xui-f3&quot;</strong></span> 
     </span>
    </p>
   </div>
   <div class='ocr_carea' id='block_1_108' title="bbox 554 5438 3406 5523">
    <p class='ocr_par' dir='ltr' id='par_1_108' title="bbox 554 5438 3406 5523">
     <span class='ocr_line' id='line_1_109' title="bbox 554 5438 3406 5523; baseline 0.001 -24"><span class='ocrx_word' id='word_1_846' title='bbox 554 5438 857 5509; x_wconf 67' lang='grc' dir='ltr'>ἀξιωθῆναι.</span> <span class='ocrx_word' id='word_1_847' title='bbox 1001 5444 1104 5497; x_wconf 81' lang='lat' dir='ltr'><strong>Ex.</strong></span> <span class='ocrx_word' id='word_1_848' title='bbox 1154 5438 1333 5521; x_wconf 77' lang='lat' dir='ltr'><strong>coui.,</strong></span> <span class='ocrx_word' id='word_1_849' title='bbox 1366 5439 1507 5523; x_wconf 47' lang='lat' dir='ltr'><strong>‘cod‘.</strong></span> <span class='ocrx_word' id='word_1_850' title='bbox 1545 5438 1954 5523; x_wconf 50' lang='grc' dir='ltr'>π-αρηαθρηξσξι</span> <span class='ocrx_word' id='word_1_851' title='bbox 1993 5444 2147 5512; x_wconf 86' lang='lat' dir='ltr'><strong>(sic).</strong></span> <span class='ocrx_word' id='word_1_852' title='bbox 2208 5445 2250 5482; x_wconf 83' lang='grc'>²⁷</span> <span class='ocrx_word' id='word_1_853' title='bbox 2278 5438 2360 5523; x_wconf 54' lang='lat' dir='ltr'><strong>Et</strong></span> <span class='ocrx_word' id='word_1_854' title='bbox 2413 5447 2593 5523; x_wconf 41' lang='lat' dir='ltr'><strong>coni”</strong></span> <span class='ocrx_word' id='word_1_855' title='bbox 2627 5447 2767 5502; x_wconf 91' lang='lat' dir='ltr'><strong>cod.</strong></span> <span class='ocrx_word' id='word_1_856' title='bbox 2804 5438 3209 5519; x_wconf 47' lang='grc' dir='ltr'>ἀμβλεῖαι-ων</span> <span class='ocrx_word' id='word_1_857' title='bbox 3242 5448 3406 5519; x_wconf 87' lang='lat' dir='ltr'><strong>(sic).</strong></span> 
     </span>
    </p>
   </div>
   <div class='ocr_carea' id='block_1_109' title="bbox 556 5508 3404 5591">
    <p class='ocr_par' dir='ltr' id='par_1_109' title="bbox 556 5508 3404 5591">
     <span class='ocr_line' id='line_1_110' title="bbox 556 5508 3404 5591; baseline 0 -21"><span class='ocrx_word' id='word_1_858' title='bbox 556 5508 818 5591; x_wconf 54' lang='lat' dir='ltr'><strong>auxia.</strong></span> <span class='ocrx_word' id='word_1_859' title='bbox 858 5512 1243 5591; x_wconf 12' lang='lat' dir='ltr'><strong>r”l;‘.x_coni.,</strong></span> <span class='ocrx_word' id='word_1_860' title='bbox 1271 5510 1525 5591; x_wconf 37' lang='lat' dir='ltr'><strong>COst-‘i.</strong></span> <span class='ocrx_word' id='word_1_861' title='bbox 1583 5513 1629 5546; x_wconf 82' lang='grc' dir='ltr'><strong>³ο</strong></span> <span class='ocrx_word' id='word_1_862' title='bbox 1660 5510 1807 5591; x_wconf 65' lang='grc' dir='ltr'>βοά.</span> <span class='ocrx_word' id='word_1_863' title='bbox 1848 5508 2183 5591; x_wconf 46' lang='grc' dir='ltr'>δξέχαιταλ.</span> <span class='ocrx_word' id='word_1_864' title='bbox 2242 5518 2290 5591; x_wconf 25' lang='grc' dir='ltr'><strong>μ³¹</strong></span> <span class='ocrx_word' id='word_1_865' title='bbox 2328 5508 2683 5573; x_wconf 70' lang='lat' dir='ltr'><strong>Cod.au’r6.</strong></span> <span class='ocrx_word' id='word_1_866' title='bbox 2760 5520 2806 5553; x_wconf 82' lang='lat'><strong>&quot;</strong></span> <span class='ocrx_word' id='word_1_867' title='bbox 2849 5508 3001 5574; x_wconf 47' lang='lat' dir='ltr'><strong>&#39;C&#39;od.</strong></span> <span class='ocrx_word' id='word_1_868' title='bbox 3059 5508 3404 5578; x_wconf 65' lang='grc' dir='ltr'>πληθύνή,</span> 
     </span>
    </p>
   </div>
   <div class='ocr_carea' id='block_1_110' title="bbox 554 5582 2263 5657">
    <p class='ocr_par' dir='ltr' id='par_1_110' title="bbox 554 5582 2263 5657">
     <span class='ocr_line' id='line_1_111' title="bbox 554 5582 2263 5657; baseline -0.002 -15"><span class='ocrx_word' id='word_1_869' title='bbox 554 5582 719 5653; x_wconf 38' lang='lat' dir='ltr'><strong>sitcf</strong></span> <span class='ocrx_word' id='word_1_870' title='bbox 758 5590 806 5624; x_wconf 76' lang='lat'><strong>“</strong></span> <span class='ocrx_word' id='word_1_871' title='bbox 837 5587 987 5645; x_wconf 86' lang='lat' dir='ltr'><strong>Cod.</strong></span> <span class='ocrx_word' id='word_1_872' title='bbox 1018 5585 1316 5657; x_wconf 58' lang='lat' dir='ltr'><strong>Eppoivn.</strong></span> <span class='ocrx_word' id='word_1_873' title='bbox 1379 5584 1424 5617; x_wconf 78' lang='grc'><strong>³⁵</strong></span> <span class='ocrx_word' id='word_1_874' title='bbox 1460 5582 1742 5657; x_wconf 63' lang='lat' dir='ltr'><strong>Emend,</strong></span> <span class='ocrx_word' id='word_1_875' title='bbox 1778 5583 1916 5657; x_wconf 78' lang='lat' dir='ltr'><strong>cod.</strong></span> <span class='ocrx_word' id='word_1_876' title='bbox 1954 5582 2263 5657; x_wconf 60' lang='grc' dir='ltr'>ἀναϐλέψ</span> 
     </span>
    </p>
   </div>
   <div class='ocr_carea' id='block_1_111' title="bbox 3466 5421 3870 5502">
    <p class='ocr_par' dir='ltr' id='par_1_111' title="bbox 3466 5421 3870 5502">
     <span class='ocr_line' id='line_1_112' title="bbox 3466 5421 3870 5502; baseline 0 0"><span class='ocrx_word' id='word_1_877' title='bbox 3466 5421 3715 5502; x_wconf 62' lang='grc' dir='ltr'>ιῖἒῦὲτη</span> <span class='ocrx_word' id='word_1_878' title='bbox 3743 5421 3870 5502; x_wconf 65' lang='grc' dir='ltr'><strong>ϐοεί-</strong></span> 
     </span>
    </p>
   </div>
   <div class='ocr_carea' id='block_1_112' title="bbox 3473 5493 3876 5572">
    <p class='ocr_par' dir='ltr' id='par_1_112' title="bbox 3473 5493 3876 5572">
     <span class='ocr_line' id='line_1_113' title="bbox 3473 5493 3876 5572; baseline -0.005 -17"><span class='ocrx_word' id='word_1_879' title='bbox 3473 5521 3519 5555; x_wconf 78' lang='grc' dir='ltr'><strong>εε</strong></span> <span class='ocrx_word' id='word_1_880' title='bbox 3544 5493 3876 5572; x_wconf 22' lang='lat' dir='ltr'><strong>adieci}</strong></span> 
     </span>
    </p>
   </div>
   <div class='ocr_carea' id='block_1_113' title="bbox 2329 5562 3877 5656">
    <p class='ocr_par' dir='ltr' id='par_1_113' title="bbox 2329 5562 3877 5656">
     <span class='ocr_line' id='line_1_114' title="bbox 2329 5562 3877 5656; baseline -0.006 -8"><span class='ocrx_word' id='word_1_881' title='bbox 2329 5608 2367 5648; x_wconf 69' lang='grc' dir='ltr'>ς.</span> <span class='ocrx_word' id='word_1_882' title='bbox 2431 5591 2478 5624; x_wconf 81' lang='grc'><strong>³⁸</strong></span> <span class='ocrx_word' id='word_1_883' title='bbox 2514 5592 2591 5644; x_wconf 71' lang='grc' dir='ltr'>Ε(</span> <span class='ocrx_word' id='word_1_884' title='bbox 2629 5591 2810 5654; x_wconf 88' lang='lat' dir='ltr'><strong>coui.,</strong></span> <span class='ocrx_word' id='word_1_885' title='bbox 2844 5590 2981 5647; x_wconf 89' lang='lat' dir='ltr'><strong>cod.</strong></span> <span class='ocrx_word' id='word_1_886' title='bbox 3026 5562 3205 5647; x_wconf 55' lang='grc' dir='ltr'><strong>ἰδόν..</strong></span> <span class='ocrx_word' id='word_1_887' title='bbox 3274 5592 3317 5625; x_wconf 73' lang='grc'>³⁷</span> <span class='ocrx_word' id='word_1_888' title='bbox 3356 5562 3519 5656; x_wconf 43' lang='lat' dir='ltr'><strong>Dor”</strong></span> <span class='ocrx_word' id='word_1_889' title='bbox 3564 5582 3700 5656; x_wconf 85' lang='lat' dir='ltr'><strong>cod.</strong></span> <span class='ocrx_word' id='word_1_890' title='bbox 3751 5562 3877 5622; x_wconf 81' lang='grc' dir='ltr'><strong>π⁰λ⁹</strong></span> 
     </span>
    </p>
   </div>
   <div class='ocr_carea' id='block_1_114' title="bbox 549 5653 3788 5737">
    <p class='ocr_par' dir='ltr' id='par_1_114' title="bbox 549 5653 3788 5737">
     <span class='ocr_line' id='line_1_115' title="bbox 549 5653 3788 5737; baseline -0.002 -25"><span class='ocrx_word' id='word_1_891' title='bbox 549 5661 690 5725; x_wconf 59' lang='lat' dir='ltr'><strong>My.</strong></span> <span class='ocrx_word' id='word_1_892' title='bbox 747 5661 794 5698; x_wconf 79' lang='grc'><strong>³³</strong></span> <span class='ocrx_word' id='word_1_893' title='bbox 826 5659 975 5720; x_wconf 80' lang='lat' dir='ltr'><strong>Cod.</strong></span> <span class='ocrx_word' id='word_1_894' title='bbox 1012 5653 1177 5714; x_wconf 76' lang='grc' dir='ltr'>ἰδόν.</span> <span class='ocrx_word' id='word_1_895' title='bbox 1240 5658 1285 5692; x_wconf 80' lang='grc'>⁸⁹</span> <span class='ocrx_word' id='word_1_896' title='bbox 1320 5658 1514 5721; x_wconf 77' lang='grc' dir='ltr'>Οοττ.,</span> <span class='ocrx_word' id='word_1_897' title='bbox 1547 5654 1687 5711; x_wconf 79' lang='lat' dir='ltr'><strong>00d.</strong></span> <span class='ocrx_word' id='word_1_898' title='bbox 1715 5663 1784 5726; x_wconf 76' lang='grc' dir='ltr'>τῷ</span> <span class='ocrx_word' id='word_1_899' title='bbox 1814 5654 2113 5710; x_wconf 65' lang='grc' dir='ltr'>τ-ελυνιον</span> <span class='ocrx_word' id='word_1_900' title='bbox 2149 5653 2308 5730; x_wconf 69' lang='lat' dir='ltr'><strong>(sic).</strong></span> <span class='ocrx_word' id='word_1_901' title='bbox 2375 5660 2423 5696; x_wconf 71' lang='grc' dir='ltr'><strong>⁸ο</strong></span> <span class='ocrx_word' id='word_1_902' title='bbox 2457 5661 2602 5720; x_wconf 81' lang='lat' dir='ltr'><strong>Cod,</strong></span> <span class='ocrx_word' id='word_1_903' title='bbox 2645 5653 2948 5735; x_wconf 78' lang='grc' dir='ltr'>μοιχίας,</span> <span class='ocrx_word' id='word_1_904' title='bbox 2990 5664 3033 5699; x_wconf 70' lang='grc'>⁸¹</span> <span class='ocrx_word' id='word_1_905' title='bbox 3070 5663 3220 5722; x_wconf 79' lang='lat' dir='ltr'><strong>Cod,</strong></span> <span class='ocrx_word' id='word_1_906' title='bbox 3270 5653 3788 5737; x_wconf 66' lang='grc' dir='ltr'>ἀνθρομανείαςυ</span> 
     </span>
    </p>
   </div>
  </div>
