4092 6252
234 356 332 413 225

1785 348 1991 405 ACTA.

3466 353 3574 420 226

243 476 529 538 δεινωςκαὶ
577 473 919 528 ἀλλοιοῦσθάι
964 479 1054 526 καὶ
1106 473 1268 545 λέγειν
1312 475 1439 547 πρὸς
1485 475 1601 532 τοὺς
1654 471 1806 543 ἀγγέ-

1919 477 2167 544 angelos
2182 476 2283 532 Dei
2310 494 2323 532 :
2350 479 2477 544 Quo
2495 484 2670 549 pacto
2691 497 2800 538 vos
2819 484 3086 542 animam
3102 487 3256 543 hanc
3270 489 3477 561 rapitis
3494 490 3573 547 ad

238 568 347 629 λους
369 573 449 620 τοῦ
475 573 604 619 Θεοῦ
640 580 654 594 ⁸
692 568 825 635 ποίῳ
865 569 1040 638 τρόπῳ
1071 564 1218 635 ὑμεῖς
1260 567 1353 622 τὴν
1400 561 1585 634 ψυχὴν
1611 564 1806 619 ταύτην

236 657 382 711 ἕλκετε
424 659 670 730 ἡμετέραν
720 655 1072 726 ὑπάρχουσαν
1119 655 1162 689 ⁴²
1194 652 1469 724 ;λίγουσιν
1505 654 1553 704 οἱ
1594 650 1805 723 ἄγγελοι

555 760 568 772 ·
606 748 658 796 τί
691 763 777 797 σοι
810 747 870 796 τό
919 749 1156 815 σόφισμα
1184 745 1233 795 ἓν
1280 742 1428 814 αὐτῇ,
1488 742 1594 795 εἰπέ
1623 760 1636 811 ;
1668 742 1803 812 λέγει

227 833 305 889 οὖν
342 836 508 897 αὐτοῖς
553 850 566 863 ⁸
620 837 702 888 ὅτι
757 835 852 896 ἕως
888 841 985 896 τῆς
1041 833 1279 895 τελευτῆς
1331 833 1491 885 αὑτοῦ
1548 834 1800 904 ἐπόρνευε,

222 930 410 984 χαίτην
450 922 738 997 σοδομινην
770 923 1029 996 ἁμαρτίαν
1073 922 1323 984 πολλάκις
1364 918 1476 993 ἰδίᾳ
1504 925 1804 995 προαιρέσει

220 1013 495 1084 εἰργάζετο.
556 1013 617 1066 ού
670 1017 822 1085 μόνον
882 1009 943 1065 δε
979 1019 1152 1075 τοῦτο,
1204 1010 1331 1063 ἀλλὰ
1382 1016 1470 1063 καὶ
1527 1014 1690 1083 ἔκρινε
1719 1013 1805 1062 τὸν

231 750 345 820 πρὸς
368 745 512 798 αὐτόν

216 1102 425 1162 πλησίον
454 1102 618 1156 αὐτοῦ
643 1099 922 1175 λοιδόρως,
952 1105 1042 1153 καὶ
1080 1104 1132 1153 τί
1162 1096 1249 1152 οὖν
1298 1097 1581 1172 δείνότερον
1611 1101 1805 1152 τούτων

217 1200 310 1243 τῶν
350 1191 687 1264 ἐγκλημάτων
734 1194 884 1264 ἔχετε
922 1191 1089 1264 εύρεῖτ
1137 1190 1185 1241 ἐν
1239 1189 1428 1261 mira");
1468 1188 1709 1260 λέγουσιν
1757 1189 1807 1239 οἱ

220 1280 416 1352 ἄγγελοι
483 1281 529 1334 εί
574 1286 666 1334 xui
700 1277 761 1339 ἧν
806 1276 1167 1351 δεδουλωμένη
1224 1280 1254 1337 ἡ
1310 1278 1466 1350 ψυχὴ
1521 1277 1652 1335 αὕτη
1702 1284 1808 1338 τοῖς

221 1373 460 1432 τοιούτοις
507 1373 752 1438 πάθεσιν,
814 1368 922 1421 ἀλλ’
965 1368 1176 1439 ἐξέκοψε
1204 1376 1370 1420 ταῦτα
1399 1368 1453 1429 ἐξ
1500 1367 1662 1428 αὐτῆς
1687 1371 1808 1441 πρὶν

219 1460 245 1517 ἦ
290 1463 346 1511 τό
399 1460 535 1521 τέλος
586 1460 751 1519 αὐτῆς
799 1458 979 1511 ἐλθεῖν.
1027 1457 1163 1529 λέγει
1208 1453 1268 1509 δέ
1315 1459 1340 1508 ὁ
1390 1453 1629 1516 διάϐολος
1658 1456 1805 1527 οὐχί,

215 1548 302 1601 οὐκ
357 1551 491 1620 ἔστι,
548 1552 616 1610 ὡς
661 1549 829 1620 λέγετε
882 1549 949 1613 ⁴³,
986 1546 1113 1599 ἀλλά
1163 1545 1505 1618 ἁμετανόητος
1554 1544 1810 1603 ἐτελεύτη-

216 1657 296 1690 σεν
349 1640 441 1701 ἕως
498 1637 730 1710 ἐσχάτης
780 1636 1057 1703 ἀναπνοῆς,
1113 1632 1242 1708 μηδ’
1306 1636 1439 1697 ὅλως
1478 1637 1811 1706 παυσάμενος

214 1730 307 1789 τὰς
358 1726 570 1800 ἀνομίας
607 1743 621 1755 ⁸
657 1723 890 1798 οὐδαμου
930 1726 1109 1801 εὑρέθη
1152 1726 1481 1798 ἐξαγόρευσιν
1526 1727 1810 1796 ποιησάμε-

1916 578 2027 619 nos
2049 566 2440 634 pertinentem
2458 567 2877 641 ‘IRespondent
2893 575 3087 643 angeli
3104 577 3155 631 ei
3186 595 3199 629 :
3221 579 3348 642 Quo
3371 579 3573 651 sophi-

1916 657 2104 707 smate
2129 654 2308 708 uteris
2326 656 2383 710 in
2398 672 2487 722 ea,
2503 657 2600 713 dic
2621 659 2633 713 ι
2651 662 3098 731 Respondetiis:
3124 666 3274 731 Quia.
3288 682 3475 739 usque
3494 666 3576 723 ad

1913 738 2095 797 ﬁnem
2116 743 2272 799 vitae
2302 744 2705 805 fornicabatur
2727 755 2783 805 et
2812 751 3231 810 sodomiticum
3262 738 3575 827 peccatum

1914 845 2092 901 saepe
2106 832 2350 904 propria
2362 835 2655 893 voluntate
2668 841 3270 915 perpetrabat.Neque
3281 844 3341 899 id
3356 844 3570 901 solum:

1914 924 1971 975 et
1990 919 2297 977 iudicabat
2314 926 2652 995 proximum
2676 943 2853 984 suum
2876 929 3252 988 calumnians
3273 951 3288 1000 ;
3310 938 3366 989 et
3385 934 3577 1005 quod-

1916 1024 2058 1064 nam
2086 1012 2327 1080 gravius
2356 1013 2517 1070 hisce
2548 1016 2898 1073 criminibus
2936 1023 3183 1092 potestis
3212 1023 3475 1080 invenire
3513 1025 3577 1080 in

1917 1113 1986 1153 eo
2002 1098 2031 1150 ?
2061 1099 2275 1155 Dicunt
2295 1102 2490 1171 angeli
2518 1120 2531 1159 :
2553 1105 2792 1161 Etiamsi
2805 1106 2954 1164 haec
2978 1109 3156 1181 288
3169 1111 3371 1168 anima
3384 1111 3445 1168 in
3460 1128 3577 1169 ser-

1915 1187 2097 1243 vitute
2127 1196 2253 1245 erat
2292 1191 2500 1247 talium
2526 1192 2867 1262 libidinum,
2892 1201 3093 1254 tamen
3132 1201 3578 1259 eradicaviteas

1918 1291 1989 1331 ex
2034 1291 2097 1332 se
2145 1283 2472 1351 antequam
2516 1281 2651 1338 ﬁnis
2696 1284 2826 1340 eius
2873 1286 3133 1343 advenit.
3182 1288 3333 1345 Dixit
3376 1295 3577 1347 autem

1917 1365 2196 1421 diabolus
2230 1391 2242 1423 :
2278 1367 2533 1437 Minime,
2563 1387 2681 1427 non
2713 1378 2800 1429 est
2830 1375 3129 1443 utdicitis,
3160 1378 3263 1433 sed
3284 1380 3407 1435 sine
3440 1395 3579 1436 con-

1919 1454 2152 1510 tritione
2199 1460 2527 1528 permansit
2564 1462 2642 1516 ad
2680 1468 3012 1521 extremum
3054 1482 3242 1539 usque
3280 1468 3575 1539 spiritum,

1918 1559 2028 1599 nec
2066 1560 2312 1616 prorsus
2350 1563 2385 1602 a
2424 1547 2664 1618 ﬂagitiis
2705 1551 3013 1611 abstinuit.
3053 1556 3447 1629 Nequaquam
3486 1558 3578 1613 in-

1923 1634 2273 1691 veniebatur
2326 1636 2758 1696 abrenuntians
2805 1643 3090 1699 omnibus
3129 1647 3389 1717 peccatis
3430 1646 3577 1714 suis,

1919 1729 2023 1780 aut
2050 1724 2355 1781 abstinens
2381 1742 2417 1782 a
2456 1727 2653 1794 malis,
2688 1730 2792 1786 sed
2816 1731 2899 1786 sic
2928 1733 3202 1800 decessit,
3231 1740 3431 1807 utpote
3463 1751 3580 1791 ser-

216 1837 300 1879 νος
349 1818 396 1852 ⁴⁴
458 1826 560 1869 τῶν
605 1816 867 1892 ἁμαρτιῶν
912 1816 1072 1868 αὑτοῦ
1098 1824 1277 1867 πασῶν
1306 1816 1376 1880 ⁴⁵,
1409 1816 1438 1873 ἦ
1469 1814 1680 1887 ἀποχὴν
1709 1823 1806 1866 τῶν

1922 1830 2030 1868 vus
2060 1815 2284 1885 peccati
2325 1820 2380 1870 et
2410 1831 2579 1871 meus
2618 1827 2987 1891 cooperator.
3030 1824 3178 1878 Tum
3217 1824 3298 1879 ait
3325 1840 3481 1881 unus
3506 1840 3580 1881 ex

211 1914 447 1979 πονηρῶν
479 1908 848 1978 ποιησάμενος,
900 1903 1006 1957 ἀλλ’
1059 1905 1221 1966 οὕτως
1274 1903 1588 1967 ἐτελεύτησε,
1624 1900 1811 1964 δοῦλος

209 1996 275 2047 ὢν
321 2004 413 2056 τῆς
462 1995 720 2068 ἁμαρτίας
765 2000 854 2048 xui
909 1994 1030 2067 ἐμὸς
1096 1996 1431 2066 συνεργάτης.
1490 1999 1601 2046 τότε
1675 1993 1809 2065 λέγει

208 2082 271 2146 εἷς
334 2094 433 2138 τῶν
514 2084 741 2156 ἀγγέλων
817 2092 910 2137 τοῦ
972 2090 1105 2138 Θεοῦ
1139 2102 1153 2115 ·
1196 2081 1400 2144 ἀληθῶς
1472 2101 1557 2134 σοι
1614 2084 1660 2117 ⁸⁸
1736 2090 1808 2153 τῷ

207 2173 378 2249 ἐχθρῷ
427 2174 489 2227 οὐ
535 2177 886 2246 πιστεύομεν’
951 2174 1078 2237 ὅλως
1126 2176 1224 2245 γὰρ
1280 2169 1476 2243 ψεῦδος
1528 2174 1805 2247 ὑπάρχεις,

208 2262 463 2337 ἀκάθαρτε
497 2280 513 2295 ⁶
556 2262 688 2316 ἀλλὰ
711 2264 955 2322 κληθήτω
993 2264 1037 2299 ⁸⁷
1072 2264 1099 2315 ό
1144 2261 1363 2334 ἄγγελος
1392 2263 1418 2314 ὁ
1449 2260 1550 2314 ἀπὸ
1586 2270 1678 2314 τοῦ
1711 2261 1808 2335 βα-

204 2359 503 2427 πτίσματος
552 2350 722 2414 δοθεὶς
789 2352 927 2423 αὐτῷ
985 2353 1053 2413 εἰς
1112 2351 1509 2427 παραφυλακήν,
1574 2350 1808 2413 κάκεῖνος

204 2444 384 2517 φράσει
412 2448 515 2502 τήν
568 2441 834 2501 ἀλήθειαν·
879 2444 947 2501 ὡς
986 2444 1125 2493 ἐστιν
1175 2444 1239 2502 ὡς
1283 2439 1342 2493 δε
1383 2440 1574 2499 ἐκλήθη
1621 2440 1803 2507 ἐκεῖσε,

202 2529 261 2592 ἧν
316 2536 418 2609 γὰρ
463 2530 862 2603 ἀσχολούμενος
920 2535 1037 2604 περὶ
1085 2537 1179 2591 τῆς
1220 2538 1387 2603 ταφῆς
1434 2538 1525 2583 τοῦ
1569 2535 1808 2602 σώματος

202 2622 380 2687 αὐτοῦ,
444 2622 696 2693 λέγουσιν
743 2620 791 2655 ⁴⁸
858 2621 907 2671 οἱ
960 2618 1173 2691 ἄγγελοι
1237 2618 1376 2690 αύτῷ
1410 2639 1422 2652 ·

201 2711 365 2785 ἐταῖρε
408 2714 480 2747 η·
542 2711 573 2768 ἡ
630 2709 786 2781 ψυχὴ
843 2708 976 2766 αὕτη
1034 2712 1338 2780 μετενόησεν
1386 2708 1469 2761 ἐπὶ
1506 2717 1615 2769 ταῖς
1643 2709 1807 2783 ἁμαρ-

200 2806 329 2862 τίαις
386 2805 551 2860 αὐτῆς
604 2799 633 2857 ἦ
687 2800 1032 2851 συναπέθανεν
1086 2797 1307 2865 αὐταῖς;
1364 2803 1453 2850 xui.
1506 2796 1807 2873 ἀποκριθεὶς

1492 2618 1597 2671 εἰπὲ
1659 2621 1803 2691 ἡμῖν,

201 2891 377 2952 αὐτοῖς
430 2888 573 2943 εἶπεν
639 2891 665 2941 ό
727 2887 941 2960 ἄγγελος
995 2903 1009 2917 ·
1072 2885 1172 2939 ἀπὸ
1216 2894 1307 2948 τῆς
1354 2889 1511 2962 ὧρας,
1544 2887 1643 2945 ἐνό
1686 2907 1807 2940 κατ-

203 2980 377 3033 ἔπεσεν
432 2983 482 3032 ἐν
540 2986 602 3051 τῇ
656 2982 813 3050 νόσῳ,
863 2980 985 3052 πρὶν
1041 2977 1070 3036 ἣ
1142 2976 1297 3029 αὐτὸν
1352 2975 1679 3052 βαρυνθῆναι
1736 2978 1807 3038 εἰς

206 3074 410 3141 μνήμην
464 3070 515 3105 ⁵ο
565 3067 722 3120 ἐλθὼν
776 3074 869 3119 τοῦ
914 3068 1157 3130 θανάτου,
1208 3066 1403 3137 ἤρξατο
1458 3069 1659 3139 θρηνεῖν
1716 3071 1806 3119 καὶ

209 3155 471 3233 δακρύειν,
530 3162 620 3210 καὶ
667 3156 902 3209 ἐκάλεσεν
964 3156 1122 3209 ἐλθεῖν
1178 3160 1266 3207 τόν
1313 3156 1659 3231 πρεσϐύτερον
1715 3164 1807 3218 τῆς

211 3247 508 3313 ἐκκλησίας,
558 3252 647 3300 καὶ
690 3249 827 3299 κατά
878 3250 1035 3317 μόνας
1083 3244 1277 3319 ἤρξατο
1332 3247 1533 3319 θρηνεῖν
1593 3252 1682 3299 xui
1710 3244 1801 3299 δα-

209 3357 381 3409 κρυειν
450 3341 538 3391 καὶ
593 3335 1016 3408 ἐξομολογεῖσθαι
1085 3337 1263 3397 πάσας
1318 3337 1362 3371 ⁵1
1417 3344 1488 3406 τῷ
1547 3343 1660 3406 Θεῷ
1715 3338 1804 3397 τὰς

218 3425 473 3496 ἁμαρτίας
548 3426 702 3478 αὐτοῦ
749 3428 960 3477 ἐνώπιον
1008 3431 1098 3476 τοῦ
1174 3425 1364 3497 ἱερέως,
1423 3423 1651 3477 ἐκτείνων
1710 3427 1804 3485 τὰς

218 3518 404 3583 χεῖρας
455 3512 611 3565 αὐτοῦ
660 3532 783 3585 προς
839 3516 926 3566 τόν
993 3512 1228 3584 οὐρανόν,
1292 3521 1488 3585 πικρῶς
1546 3515 1802 3576 στενάζων

214 3606 304 3654 καὶ
327 3598 659 3674 ὀδυρόμενος.
699 3602 741 3654 εί
772 3600 857 3654 οὖν
889 3608 1258 3675 συνεχώρησεν
1298 3604 1323 3653 ό
1355 3606 1485 3665 Θεὸς
1523 3606 1719 3661 ταύτην
1754 3604 1802 3640 ⁵³

208 3698 274 3764 τῇ
332 3691 493 3743 αὐτοῦ
531 3694 756 3764 ἐξουσίᾳ,
788 3696 878 3744 καὶ
927 3691 1065 3763 μάλα
1109 3692 1337 3757 εἰκότως,
1385 3689 1477 3745 εἶτ’
1506 3693 1633 3765 οὐχὶ
1673 3690 1805 3758 δόξα

204 3789 266 3854 τῇ
319 3777 683 3855 δικαιοκρισία
711 3782 757 3817 ⁸³
808 3781 968 3833 αὐτοῦ
999 3798 1015 3847 ;
1073 3789 1240 3834 ταῦτα
1278 3780 1587 3844 ἀκούσαντες
1627 3785 1675 3835 οἰ
1712 3792 1803 3837 τοῦ

202 3874 365 3945 φωτός
403 3871 617 3943 ἄγγελοι
671 3870 1024 3943 κατεγελέλετο
1055 3879 1127 3941 τῷ
1185 3867 1414 3943 διαϐόλῳ
1472 3874 1712 3934 εάσάντες
1756 3874 1803 3910 ⁵⁸

200 3960 374 4016 αὐτόν.
433 3965 524 4013 καὶ
586 3964 744 4022 ὄντως
800 3959 1061 4032 παρῆλθεν
1120 3960 1150 4018 ἡ
1206 3959 1363 4032 ψυχὴ
1424 3962 1584 4020 ἐκείνη
1618 3961 1672 4015 ἐκ
1710 3971 1805 4025 τῆς

197 4045 429 4123 παγίδος
490 4050 538 4085 ⁵⁵
592 4056 694 4101 τῶν
746 4050 1082 4120 θηρευόντων.
1138 4053 1228 4101 καὶ
1283 4049 1435 4101 πάλιν
1468 4052 1659 4125 θεωρῶ,
1716 4058 1806 4105 καὶ

196 4140 425 4212 ἐφαίνετο
458 4138 607 4211 ἑτέρα
642 4137 798 4209 ψυχή
833 4157 848 4172 ·
890 4134 951 4196 ἦν
984 4134 1042 4190 δε
1068 4139 1220 4210 φύσει
1258 4138 1527 4210 εὐνοῦχος,
1556 4146 1645 4193 xui
1684 4161 1806 4194 κατ-

196 4233 424 4303 ηγόρουν
474 4226 616 4297 αὐτῷ
668 4225 900 4298 μεγάλως
951 4228 1000 4277 οἱ
1051 4222 1297 4297 δαίμονες
1361 4226 1658 4299 ἐλέγχοντες
1717 4229 1808 4282 αὖ.

192 4337 286 4371 του
327 4323 454 4391 μιᾶς
508 4315 730 4376 ἑκάστης
788 4315 1050 4388 ἁμαρτίας
1105 4315 1220 4366 κατ’
1274 4312 1410 4376 εἶδος
1452 4320 1659 4370 καὶτὸν
1689 4324 1806 4393 τρό-

194 4427 291 4461 πον
348 4409 565 4459 καὶτὸν
614 4410 791 4471 τόπον,
844 4404 1075 4476 λέγοντες
1130 4407 1222 4467 τὰς
1275 4406 1436 4457 αὐτοῦ
1467 4412 1719 4479 πονηρίας
1757 4409 1804 4443 ⁵⁸

196 4503 289 4550 καὶ
328 4496 551 4571 πράξεις
583 4494 834 4566 αἰσχράς.
864 4498 953 4546 καὶ
984 4495 1033 4546 οἱ
1061 4494 1273 4565 ἄγγελοι
1310 4502 1401 4547 τοῦ
1433 4502 1566 4548 Θεοῦ
1613 4496 1807 4550 ἀντέλε-

193 4607 308 4659 γον,
372 4582 719 4656 δικαιώματά
770 4603 886 4635 τινα
929 4586 1070 4655 ἔχειν
1125 4583 1278 4636 αὐτόν
1313 4601 1325 4613 '
1378 4587 1425 4637 ἐν
1457 4592 1519 4657 τῇ
1569 4586 1675 4659 ζωῇ
1702 4589 1803 4658 γὰρ

197 4676 362 4728 αὐτοῦ
393 4673 649 4735 πολλάκις
696 4676 786 4724 καὶ
834 4678 1072 4745 πτωχοῖς
1122 4691 1174 4724 τι
1218 4668 1378 4725 ἐδίδω
1411 4674 1479 4738 ⁵⁷,
1515 4673 1622 4725 ἀλλ’
1649 4674 1693 4726 εἰ
1718 4680 1805 4727 καὶ

194 4769 429 4839 πονηρόν
501 4781 553 4814 τι
614 4760 875 4827 ἐποίησεν,
953 4761 1137 4823 εὐθέως
1208 4759 1472 4834 ἐστρέφετο
1524 4772 1805 4834 μετανοῶν,

195 4858 287 4907 καὶ
339 4848 615 4912 ὧνείδιζεν
665 4850 844 4903 ἐαυτὸν
889 4855 980 4903 καὶ
1026 4852 1277 4923 ἐμέμφετο
1323 4856 1412 4904 xui
1442 4849 1681 4913 ἐστέναξε
1711 4848 1812 4904 δα-

195 4946 398 5017 κρύων.
441 4944 535 4993 καὶ
562 4946 730 4993 ταῦτα
774 4938 1005 5011 λέγοντες
1035 4938 1085 4992 οἶ
1131 4939 1343 5011 ἄγγελοι
1396 4948 1486 4993 τοῦ
1535 4948 1668 4993 Θεοῦ
1709 4937 1812 4993 διι-

203 5035 541 5107 σχυρίζοντο
593 5030 642 5066 ⁵⁸
699 5032 789 5081 καὶ
840 5028 1122 5101 κατεγέλων
1180 5031 1227 5065 ⁵9
1282 5033 1353 5101 μὴ
1384 5031 1714 5105 κτερίζοντας
1765 5032 1812 5066 eo

198 5125 320 5184 τοὺς
355 5118 617 5194 δαίμονας
670 5114 1036 5191 ἆνθιστάμενοι
1072 5122 1163 5171 καὶ
1208 5120 1465 5183 πείθοντες
1513 5120 1581 5183 ⁸1,
1615 5118 1724 5191 [ὡς]
1767 5120 1813 5155 ⁸³

1840 4556 1885 4612 D

1921 1902 2146 1971 angelis
2168 1902 2268 1957 Dei
2302 1919 2315 1955 :
2356 1904 2497 1959 Vere
2531 1905 2631 1960 tibi
2657 1906 3001 1965 adversario
3028 1909 3209 1966 ﬁdem
3238 1927 3360 1967 non
3391 1912 3578 1969 habe-

1922 2007 2076 2045 mus.
2106 1993 2361 2048 Omnino
2392 1994 2549 2048 enim
2579 1996 2960 2052 mendacium
2987 2014 3069 2068 es,
3103 2000 3436 2056 immundo.
3464 2002 3579 2057 Sed

1920 2082 2229 2137 arcessitor
2275 2083 2524 2150 angelus
2574 2084 2712 2139 inde
2758 2086 3178 2158 abaptismate
3222 2090 3399 2144 datus
3436 2091 3488 2146 ei
3519 2091 3578 2146 in

1918 2170 2276 2235 custodiam,
2322 2177 2378 2226 et
2416 2172 2513 2227 ille
2539 2172 2830 2229 indicabit
2873 2178 3199 2243 veritatem,
3241 2178 3437 2250 qualis
3466 2184 3578 2235 est.

1920 2259 2029 2325 Qui
2062 2264 2123 2315 ut
2156 2265 2405 2315 vocatus
2438 2266 2523 2316 est
2547 2261 2704 2331 illuc,
2726 2268 2853 2319 erat
2878 2265 3040 2322 enim
3058 2273 3391 2338 occupatus
3419 2268 3580 2326 circa

1919 2348 2289 2420 sepulturam
2326 2351 2591 2421 corporis
2631 2352 2781 2418 eius,
2834 2352 3042 2411 dicunt
3084 2356 3137 2410 ei
3189 2355 3432 2425 angeli:
3476 2357 3579 2413 Dic

1917 2438 2112 2503 nobis,
2145 2440 2369 2505 amice;
2410 2440 2635 2496 haecne
2671 2441 2879 2498 anima
2916 2459 3210 2500 conversa
3248 2451 3333 2501 est
3368 2461 3405 2503 a
3444 2461 3579 2517 pec-

1918 2527 2065 2583 catis
2105 2528 2252 2593 suis,
2279 2544 2354 2583 au
2385 2529 2445 2583 in
2486 2529 2556 2584 iis
2586 2530 2779 2585 obiit?
2800 2537 2879 2587 Ac
2911 2533 3284 2605 respondens
3322 2534 3394 2589 iis
3426 2533 3578 2593 dixit

1917 2616 2194 2689 angelus:
2213 2616 2298 2673 Ab
2316 2617 2483 2687 hora,
2499 2621 2690 2691 quain
2717 2621 2993 2676 morbum
3013 2622 3231 2689 incidit,
3253 2628 3578 2697 antequam

1918 2706 2373 2777 ingravesceret,
2414 2709 2846 2765 recordabatur
2892 2712 3120 2781 mortis,
3162 2717 3219 2768 et
3255 2713 3582 2785 incipiebat

1917 2810 2154 2863 gemere
2179 2801 2235 2851 et
2264 2796 2585 2865 Iacrimari,
2619 2805 2673 2854 et
2715 2800 2912 2855 vocari
2950 2801 3129 2857 iussit
3160 2801 3577 2873 presbyterum

1916 2886 2216 2950 ecclesiae,
2244 2891 2299 2941 et
2337 2886 2681 2955 singillatim
2720 2890 2919 2960 coepit
2955 2889 3239 2961 plangere
3268 2896 3324 2947 et
3360 2890 3580 2948 deﬂere

1917 2978 1974 3029 et
1994 2974 2300 3030 conﬁterio
2343 2977 2506 3031 mnia
2544 2984 2790 3047 peccata
2831 2994 2942 3033 sua
2984 2981 3100 3034 Deo
3139 2995 3344 3036 coram
3384 2996 3578 3037 sacer-

1916 3063 2072 3128 dote,
2098 3065 2422 3120 extendens
2442 3082 2657 3120 manus
2678 3082 2823 3121 suas
2846 3082 3056 3123 versus
3082 3067 3336 3134 coelum,
3371 3086 3577 3128 amare

1917 3154 2227 3224 suspirans
2241 3158 2294 3209 et
2307 3154 2776 3224 congemiscens.
2797 3156 2852 3211 Si
2869 3156 3044 3226 igitur
3055 3156 3282 3214 remisit
3299 3160 3451 3214 Deus
3462 3158 3577 3215 hoc

1915 3247 2228 3313 peccatum
2258 3258 2330 3297 ex
2358 3246 2643 3313 potestate
2675 3260 2802 3307 sua,
2832 3249 2887 3300 et
2911 3245 3024 3300 hoc
3055 3245 3226 3301 valde
3265 3252 3575 3304 consenta-

1913 3348 2093 3388 neum
2108 3339 2424 3396 est,nonne
2440 3338 2564 3389 tum
2581 3334 2767 3403 gloria
2781 3333 3137 3406 iustoipsius
3152 3335 3411 3392 iudicio?
3425 3339 3577 3393 Haec

1912 3423 2223 3479 audientes
2248 3422 2397 3478 lucis
2427 3422 2623 3493 angeli
2646 3423 2953 3480 irriserunt
2974 3425 3306 3492 diabolum,
3342 3427 3579 3483 mitten-

1914 3516 1999 3568 tes
2030 3528 2190 3568 eum.
2233 3516 2313 3567 Ac
2352 3528 2488 3567 vere
2518 3513 2705 3568 evasit
2733 3516 2937 3569 anima
2976 3514 3075 3571 illa
3114 3531 3144 3571 e
3182 3516 3400 3588 laqueo
3440 3514 3579 3573 insi-

1912 3601 2232 3657 diatorum.
2279 3604 2356 3655 Ac
2387 3600 2533 3656 dum
2564 3617 2769 3656 rursus
2800 3602 3126 3676 conspicio,
3150 3606 3429 3675 apparuit
3458 3605 3577 3662 alia

1914 3693 2136 3747 anima.
2166 3693 2299 3746 Erat
2322 3696 2518 3746 autem
2540 3696 2751 3747 natura
2773 3693 3104 3759 eunuchus,
3125 3699 3182 3749 et
3207 3693 3578 3751 accusabant

1913 3796 2050 3836 eum
2065 3779 2308 3852 copiose
2321 3780 2668 3844 daemones,
2684 3781 3117 3852 eXprobrantes
3130 3783 3182 3838 ei
3202 3784 3576 3839 uniuscuius-

1913 3886 2031 3942 que
2043 3870 2590 3942 peccatispeciatim
2616 3871 2934 3926 etmodum
2956 3878 3012 3926 et
3028 3871 3248 3943 locum,
3265 3887 3574 3929 recensen-

1915 3965 2001 4014 tes
2030 3959 2156 4014 eius
2196 3959 2608 4030 improbitates
2636 3966 2692 4014 et
2722 3958 2876 4015 facta
2916 3961 3129 4031 turpia.
3157 3962 3222 4015 Et
3247 3960 3443 4030 angeli
3473 3961 3574 4017 Dei

1914 4048 2419 4120 obloquebantur,
2479 4048 2731 4104 iustitiae
2773 4064 2955 4119 opera
3000 4048 3303 4121 quaedam
3350 4050 3575 4105 habere

1916 4154 2075 4194 eum.
2119 4140 2181 4192 ln
2219 4137 2338 4191 vita
2377 4138 2535 4191 enim
2578 4138 2818 4208 saepius
2857 4142 2913 4192 et
2950 4137 3317 4209 pauperibus
3348 4138 3574 4210 aliquid

1915 4227 2231 4296 erogabat;
2257 4242 2325 4281 ac
2351 4225 2485 4280 licet
2500 4225 2634 4281 mali
2651 4226 2793 4297 quid
2811 4225 3174 4291 fecit,statim
3192 4226 3571 4283 converteba-

1918 4320 2011 4370 tur
2026 4315 2081 4370 in
2098 4315 2592 4382 contritionem,et
2613 4314 2973 4384 obiurgabat
2989 4331 3051 4370 se
3068 4315 3266 4386 ipsum
3281 4316 3575 4387 etvitupe-

1915 4405 2090 4460 rabat
2116 4410 2171 4459 et
2201 4402 2629 4472 ingemisce-bat
2668 4402 3010 4459 lacrimans.
3045 4407 3108 4459 Et
3133 4406 3281 4460 haec
3309 4405 3575 4461 dicentes

1917 4494 2109 4564 angeli
2141 4494 2238 4548 Dei
2262 4494 2546 4557 vicerunt,
2586 4493 2762 4564 289
2785 4500 2837 4547 et
2858 4493 3194 4548 deriserunt
3222 4493 3573 4561 daemones,

1917 4587 2019 4655 qui
2059 4598 2179 4637 non
2216 4581 2532 4650 sepelirent
2562 4597 2721 4645 eum,
2764 4581 3157 4652 obloqueutes
3198 4588 3376 4653 atque
3418 4582 3574 4637 obti-

1918 4679 2147 4737 nentes,
2173 4674 2357 4726 Deum
2379 4669 2601 4725 habere
2614 4676 2983 4741 potestatem.
3013 4670 3331 4726 miserendi
3347 4670 3578 4725 animae

1919 4763 2070 4818 eius.
2096 4764 2316 4816 Rursus
2341 4764 2541 4815 autem
2570 4758 3188 4815 dicebantdaemones
3204 4774 3578 4831 conqueren-

1920 4857 2008 4907 tes
2039 4866 2051 4905 :
2095 4854 2142 4905 A
2180 4850 2484 4904 iuventute
2514 4862 2645 4913 sua,
2685 4847 2983 4919 inquiunt,
3018 4847 3206 4903 multa
3234 4848 3368 4903 fecit
3398 4846 3582 4915 mala,

1922 4940 2125 5012 qualia
2149 4937 2521 4995 dedecebant
2560 4938 2780 5007 ipsum,
2818 4937 2922 5009 qui
2950 4936 3319 4993 Christianus
3348 4941 3505 4993 esset
3528 4942 3587 4993 et

1924 5028 2257 5094 eunuchus,
2292 5025 2614 5088 fornicans,
2646 5024 3012 5091 adulterans,
3046 5029 3100 5081 et
3130 5025 3585 5083 commaculans

1927 5133 1988 5174 se
2017 5117 2170 5184 istis,
2194 5116 2298 5189 qui
2332 5114 2761 5172 sodomiticum
2786 5118 3102 5187 peccatum
3127 5116 3590 5183 committerent,

1563 5269 1827 5327 VARIAE
1860 5268 2245 5326 LECTIONES

282 5408 326 5447 ι’
357 5404 505 5463 Cod.
539 5405 827 5478 ἡμετέρα
878 5403 1324 5478 ὑπάρχουσατῇ
1375 5404 1423 5478 ξ’
1455 5405 1535 5478 Ex
1573 5403 1762 5478 Cpni,
1793 5403 1930 5462 cod.
1969 5402 2244 5478 λέγεται.
2326 5399 2545 5478 “Cod.
2579 5400 3082 5478 ποιουσάμενος.
3124 5470 3135 5478 ⁸
3161 5399 3209 5478 ’δέ
3240 5401 3427 5478 (201⁸1⁵ΣΞ
3457 5397 3593 5478 c_o_d.

213 5481 494 5532 πάντων.
576 5470 623 5512 ⁸⁸
674 5470 1199 5554 Οοήιέκοοεξξσύῖ
1277 5475 1507 5554 ‘7_C0d.
1570 5475 1892 5554 κληθεῖτο,
1926 5546 1937 5554 _
1973 5470 2229 5554 ‘S'Qod.
2273 5477 2406 5554 ’καί
2455 5471 2847 5554 )éyo‘uaiutg“
2878 5470 3051 5554 iC0_d.
3115 5470 3306 5554 ἑτέρε.
3382 5472 3437 5553 ⁵ο,
3492 5471 3594 5523 Ex.

218 5548 589 5624 coni.,_c_od.
620 5553 740 5624 μνῂ
770 5548 923 5624 (sic).
1003 5548 1048 5624 δὲ
1080 5547 1224 5624 βοά.
1254 5548 1510 5624 τεάν-τας.
1589 5548 1632 5580 ⁸³
1658 5547 1891 5603 Scilicet
1916 5546 2195 5624 ἁμαρτίαν.
2271 5546 2318 5580 ⁵³
2342 5545 2438 5599 Sic
2473 5545 2606 5624 cod.
2684 5544 2825 5624 5‘1}3}:
2849 5544 3043 5624 c_oni.,
3071 5544 3602 5624 cod.‘eumri_q_uig-

218 5568 413 5617 coni.,
449 5568 589 5606 coa.
618 5568 740 5654 μνη
770 5568 923 5615 (310).
1004 5568 1048 5582 ’⁸
1081 5568 1224 5603 μου.
1254 5568 1510 5606 πάντας.
1589 5568 1632 5580 ’⁸
1659 5568 1891 5603 Bellice!
1916 5568 2195 5619 αμαρτιαν.
2272 5568 2318 5580 ν’
2342 5568 2438 5599 ῠιυ
2473 5568 2606 5599 υυυ.
2684 5568 2825 5624 *τινι
2849 5568 3043 5611 (suun,
3071 5568 3204 5598 uuu.
3247 5568 3391 5622 sum
3416 5568 3601 5620 ull-ul:-

206 5640 321 5685 ’τες
366 5621 545 5697 (sic);
645 5612 1213 5697 ι’(ἔοάηπσιγπῆδοςἱ
1271 5620 1326 5697 ξ⁶
1363 5617 1505 5697 βοά.
1542 5624 1898 5697 πονειρίας.
1952 5617 2284 5697 Δξ”κγοίεεω
2336 5633 2403 5697 ex
2435 5618 3113 5697 parte-exstinctam};
3165 5616 3601 5697 coniurestitui.

219 5695 267 5729 ⁸⁸
306 5680 457 5765 Cod.
487 5680 1086 5765 ’διησχυρίιξοῖιῖτο⁸
1168 5690 1214 5725 ⁵³
1264 5689 1420 5765 Cod._
1467 5680 1871 5765 xuruysilwv,
1949 5690 1990 5725 ⁶⁰
2028 5687 2213 5753 Corn,
2256 5688 2389 5744 cod.
2426 5680 2899 5764 κτηρίζοντες.
2984 5686 3028 5721 ⁶¹
3063 5684 3210 5740 Cod.
3257 5680 3599 5741 πήθοντεςο

220 5765 267 5801 ⁸³
308 5764 535 5823 Vocem
560 5766 630 5827 ὡς
661 5761 832 5820 uncis
858 5761 1157 5818 inclusam
1189 5776 1264 5818 ex
1288 5762 1445 5819 coni.
1488 5761 1716 5819 addidi.

510 5862 758 5920 PATROL.
799 5858 905 5920 Gs.
948 5858 1200 5917 XXXIV.
3284 5843 3320 5896 8
