4092 6252
558 286 662 343 227

1396 283 1496 338 SS.
1542 279 2026 339 MACARIORUM
2067 274 2401 336 AEGYPTII
2457 279 2550 335 ET
2593 279 3086 337 ALEXANDRINI

3793 280 3885 337 228

558 413 737 481 atque
759 410 816 464 in
840 423 1051 464 omnes
1072 408 1388 474 insultans,
1411 408 1496 464 ira
1517 408 1912 464 exardescens
1929 415 1984 462 et
2001 407 2214 463 imma-

2332 401 2414 458 ἶνα
2461 409 2559 460 ⁸³6
2595 413 2719 470 Θεὸς
2763 412 2874 480 ἔχει
2919 408 3127 468 έλεῆσαι
3173 412 3268 467 τὴν
3309 408 3491 480 ψυχὴν
3521 409 3708 462 αὑτοῦ⁶
3736 408 3884 480 ἂεγον

557 499 708 553 niter
720 498 1038 553 verberans
1052 496 1238 553 multa
1258 497 1582 552 homicidia
1598 495 2151 568 perpetravit.Quod
2166 495 2213 549 si

555 585 694 642 huic
707 587 955 642 debetur
977 586 1156 650 salus,
1175 587 1430 657 accipite
1452 592 1508 642 et
1524 588 1818 643 mundum
1846 588 2211 648 universum,

556 681 613 731 et
664 691 874 731 omnes
927 679 1268 746 peccatores
1318 681 1504 731 terrae
1541 677 1797 746 gratuito
1838 676 2082 731 salvate.
2127 677 2215 729 Et-

555 764 716 819 enim
760 779 870 819 nos
915 765 1134 818 frustra
1161 764 1535 819 laboramus.
1575 767 1722 820 Tum
1764 765 1816 820 ei
1851 763 2218 836 respondent

554 853 790 922 angeli:
832 854 1149 918 Attendite,
1194 853 1410 919 miseri,
1447 853 1613 925 quod
1652 854 1856 910 omnia
1894 853 2013 918 illa,
2059 868 2216 923 quae

555 942 821 1014 peccavit
847 957 916 996 ex
946 943 1248 996 iuventute
1277 959 1406 1008 sua,
1448 943 1794 1011 eradicavit,
1836 948 1891 998 et
1919 943 2218 998 abrenun-

556 1031 717 1086 tiavit
743 1031 834 1097 iis,
873 1037 929 1085 et
973 1033 1124 1086 Deus
1164 1032 1214 1085 ei
1257 1031 1406 1087 haec
1440 1033 1688 1087 remisit.
1731 1037 1922 1104 Atque
1961 1031 2216 1086 eleemo-

553 1134 736 1189 synas
771 1124 824 1174 et
849 1118 1186 1174 oblationes
1225 1135 1330 1190 per
1369 1120 1706 1176 sacerdotes
1732 1120 1864 1176 fecit
1905 1119 1982 1176 ad
2025 1118 2217 1175 Domi-

552 1224 697 1263 num
724 1211 908 1262 Deum
937 1223 1043 1279 pro
1072 1208 1261 1263 salute
1283 1209 1520 1264 animae
1547 1225 1710 1265 suae.
1743 1210 1892 1274 Quid
1917 1209 2094 1278 igitur
2120 1224 2218 1263 vo-

551 1297 643 1353 bis
697 1297 950 1362 videtur,
1012 1296 1238 1352 bestiae
1296 1298 1594 1354 foetidae"
1654 1298 2022 1354 Convenitne
2062 1298 2218 1353 hanc

553 1386 819 1440 animam
880 1385 1066 1440 salute
1107 1387 1282 1456 potiri
1324 1402 1433 1441 nec
1473 1388 1590 1442 ne?
1631 1387 1859 1442 Etenim
1903 1387 2214 1453 Dominus,

553 1474 868 1528 hominum
893 1478 1147 1540 amator,
1177 1475 1283 1529 ista
1307 1475 1550 1541 iudicat,
1575 1493 1732 1548 quae
1761 1492 1864 1548 per
1894 1475 2215 1530 confessio-

554 1578 691 1618 nem
731 1562 790 1617 in
819 1563 1012 1618 lucem
1055 1579 1176 1618 non
1211 1565 1472 1620 veniunt.
1517 1567 1702 1622 Omne
1744 1567 1899 1620 enim
1942 1569 2214 1636 apertum

551 1651 654 1706 lux
684 1658 791 1706 est.
826 1655 970 1707 Nam
1005 1653 1226 1721 omnia,
1261 1669 1417 1724 quae
1457 1654 1901 1710 confitebuntur
1939 1654 2213 1710 homines

553 1740 964 1795 sacerdotibus
1005 1742 1063 1796 in
1102 1741 1436 1798 humilitate
1479 1745 1667 1799 multa
1714 1749 1771 1798 et
1810 1760 1948 1799 cum
1991 1742 2209 1797 contri-
2249 1766 2293 1820 Β

553 1832 711 1886 tione
738 1847 807 1885 ex
849 1836 968 1885 toto
1009 1832 1186 1886 corde
1231 1849 1359 1900 suo,
1403 1833 1768 1889 abstinentes
1811 1834 1982 1889 malis
2022 1832 2212 1903 operi-

552 1919 686 1984 bus,
722 1920 1060 1974 misericors
1090 1922 1239 1976 Deus
1270 1938 1392 1977 non
1417 1922 1692 1993 imputat.
1726 1924 1836 1988 Qui
1861 1939 1995 1978 vero
2017 1922 2214 1978 occul-

551 2013 677 2066 tant
707 2016 968 2079 peccata,
1018 2015 1077 2063 ut
1115 2008 1373 2080 luceant,
1419 2014 1533 2066 Deo
1567 2018 1623 2066 et
1661 2011 1913 2076 homini,
1957 2029 2056 2067 eos
2089 2028 2214 2067 om-

551 2114 656 2153 nes
692 2098 914 2152 iudicat
947 2100 1097 2152 Deus
1127 2104 1182 2152 et
1211 2099 1479 2154 confutat
1512 2105 1568 2154 et
1606 2101 1968 2157 contumelia
2007 2100 2210 2165 afﬁcit,

553 2187 795 2257 ignique
835 2187 1008 2241 tradit
1040 2186 1098 2240 in
1141 2188 1369 2243 intinita
1406 2188 1666 2244 saecula.
1710 2191 1862 2244 Haec
1891 2206 2079 2261 quum
2111 2205 2211 2244 an-

553 2275 667 2344 geli
693 2274 1001 2340 dixissent,
1045 2277 1390 2346 repulerunt
1430 2278 1623 2333 malos
1664 2278 1925 2350 spiritus,
1966 2286 2019 2333 et
2049 2281 2132 2333 sic
2154 2278 2216 2333 il-

551 2363 669 2429 1inc
701 2362 1121 2418 discesserunt.
1152 2365 1214 2418 Et
1241 2364 1492 2433 ingressi
1520 2371 1657 2421 sunt
1683 2367 1740 2422 in
1771 2373 2005 2438 portam
2045 2367 2213 2422 coeli.

553 2450 826 2508 Liberata
851 2460 938 2506 est
977 2459 1174 2508 autem
1215 2459 1270 2509 et
1309 2455 1457 2509 haec
1496 2455 1701 2512 anima
1730 2472 1763 2511 a
1799 2454 1970 2512 malis
2006 2455 2220 2528 spiriti-

550 2539 666 2597 bus
697 2541 978 2605 malitiae,
1013 2548 1068 2596 et
1096 2541 1338 2599 inventa
1369 2551 1456 2599 est
1486 2545 1693 2600 salutis
1727 2547 2024 2617 particeps
2055 2547 2219 2616 apud

559 2633 766 2696 Deum,
797 2631 900 2701 qui
931 2630 1121 2686 salvat
1150 2638 1482 2688 creaturam
1515 2651 1708 2689 suam.
1744 2637 1808 2689 Et
1845 2651 1980 2690 ecce
2014 2650 2219 2689 rursus

558 2717 678 2773 alia
704 2718 907 2773 anima
936 2734 1174 2774 sursum
1203 2719 1520 2787 ferebatur,
1549 2738 1704 2794 quae
1735 2728 1858 2778 erat
1888 2722 2220 2778 admodum

557 2808 835 2878 religiosa
864 2824 934 2864 ac
977 2809 1190 2864 timens
1224 2812 1428 2876 Deum,
1467 2817 1666 2883 utpote
1707 2828 1862 2884 quae
1893 2812 2220 2884 eleemosy-

560 2913 701 2952 nam
731 2896 970 2967 largiter
998 2899 1054 2953 in
1078 2900 1196 2953 vita
1219 2916 1329 2955 sua
1367 2901 1770 2956 distribuerat.
1816 2903 2079 2957 Habebat
2120 2919 2222 2956 au-

558 2991 679 3044 tem
718 2993 774 3043 et
811 2989 1117 3044 caritatem
1145 3005 1288 3058 erga
1313 3007 1525 3046 omnes
1570 2992 1868 3057 homines,
1903 2999 1958 3048 et
1989 2993 2225 3048 castita-

561 3080 678 3134 tem
719 3083 773 3135 et
811 3081 1208 3135 sanctitatem.
1243 3080 1564 3138 lnhiabant
1603 3098 1744 3137 vero
1784 3083 1835 3137 ei
1869 3082 2221 3148 daemones,

564 3167 742 3239 29o
766 3168 1044 3223 dentibus
1058 3169 1182 3224 suis
1197 3168 1536 3226 frendentes
1551 3170 1610 3226 in
1625 3187 1778 3227 eam.
1798 3171 2011 3227 Anima
2024 3175 2226 3227 autem

561 3258 1323 3330 contremebatconspicata
1338 3262 1706 3316 atrocitatem
1720 3261 2226 3326 eorum,etconfu.

563 3346 766 3416 giebat
785 3347 842 3400 in
874 3346 1123 3402 brachia
1145 3347 1497 3416 angelorum
1525 3351 1644 3404 Dei.
1680 3351 1790 3414 Qui
1820 3366 1959 3405 vero
1981 3350 2230 3405 descen-

563 3436 788 3490 debant
829 3435 1024 3504 angeli
1066 3445 1308 3507 propter
1344 3437 1491 3492 alias
1539 3438 1797 3501 animas,
1848 3445 2228 3494 occurrentes

565 3539 700 3580 eam
730 3524 1092 3579 salutabant.
1114 3526 1353 3580 Factum
1391 3533 1480 3581 est
1513 3533 1711 3582 autem
1742 3543 1929 3599 quum
1963 3529 2229 3599 ingrede-

564 3619 770 3671 rentur
795 3613 1251 3682 angeliianuam
1279 3615 1446 3681 coeli,
1474 3622 1737 3672 tenentes
1765 3623 2035 3673 sanctam
2067 3617 2229 3673 illam

567 3705 857 3766 animam,
874 3703 1117 3759 obviam
1138 3711 1425 3760 venerunt
1450 3721 1661 3761 omnes
1693 3711 2016 3776 potestates
2041 3707 2230 3764 coelo-

567 3811 723 3859 rum,
748 3797 806 3848 et
830 3792 1295 3848 consalutabant
1319 3809 1450 3850 eam
1469 3795 1802 3863 gaudentes
1825 3811 1893 3850 ac
1921 3796 2184 3852 dicentes
2212 3819 2226 3862 ε

569 3883 761 3940 Gloria
790 3882 913 3946 tibi,
947 3885 1116 3948 Deus,
1149 3881 1312 3955 quod
1337 3883 1647 3954 redempta
1678 3890 1764 3940 est
1825 3885 1970 3940 haec
2025 3887 2230 3941 anima

567 3973 646 4029 ab
671 3973 792 4028 ima
817 3973 1089 4042 voragine
1117 3978 1173 4027 et
1203 3972 1280 4027 ab
1310 3972 1611 4028 horrendo
1642 3973 1924 4030 dracone.
1956 3977 2228 4046 thuan-

568 4067 698 4118 tum
727 4062 1138 4117 ascendebant
1164 4078 1428 4127 sursum,
1454 4067 1618 4118 tanto
1639 4064 1833 4133 magis
1852 4065 2229 4136 congratula-

567 4151 788 4207 bantur
809 4167 942 4206 eam
984 4167 1196 4206 omnes
1243 4151 1482 4207 ordines
1523 4152 1838 4222 spirituum
1867 4153 2088 4209 laetitia
2136 4170 2232 4222 ge-

573 4241 836 4296 stientes.
868 4242 985 4294 Hoc
1007 4242 1166 4295 enim
1183 4241 1490 4312 proprium
1515 4246 1962 4298 estsanctarum
1979 4247 2230 4314 potesta-

571 4335 722 4393 tum,
752 4330 913 4400 quod
936 4328 1703 4385 laetanturetexsultantde
1720 4347 2085 4402 unaquaque
2108 4333 2228 4386 ani-

577 4435 674 4473 ma
699 4434 855 4489 quae
887 4418 1170 4472 salvatur.
1203 4418 1309 4473 Ubi
1352 4434 1490 4472 vero
1538 4419 1912 4474 advenerunt
1957 4421 2031 4474 ad
2072 4420 2230 4475 thro-

573 4523 719 4564 num
762 4506 925 4562 illum
971 4507 1304 4562 radiantem
1334 4506 1556 4575 gloriae
1600 4507 1716 4572 Dei,
1751 4515 1806 4562 et
1830 4524 1960 4563 eam
1993 4510 2228 4564 beatam

573 4597 994 4669 praedicarunt
1016 4598 1176 4665 apud
1207 4597 1437 4651 Patrem
1456 4613 1651 4662 suum,
1674 4605 1726 4652 et
1751 4596 1943 4654 effusa
1975 4608 2062 4652 est
2100 4615 2230 4668 gra-

575 4686 651 4740 tia
672 4687 770 4740 Dei
802 4694 857 4740 et
898 4687 1102 4753 Patris,
1130 4686 1341 4753 etipsa
1396 4693 1514 4740 tota
1561 4687 1785 4756 repleta
1849 4695 1936 4742 est
1985 4690 2230 4744 immor-

575 4775 674 4830 tali
704 4774 929 4828 lumine
961 4780 1012 4828 et
1046 4773 1327 4829 odoribus
1357 4780 1413 4829 et
1441 4776 1748 4830 suavitate.
1786 4778 1849 4830 Et
1891 4777 2104 4833 tradita
2143 4784 2230 4834 est

575 4862 838 4919 Michaéli
867 4862 1119 4934 principi
1161 4865 1511 4929 testamenti,
1545 4864 1648 4936 qui
1695 4863 1941 4920 duceret
2002 4883 2135 4922 eam
2166 4869 2226 4924 in

574 4959 878 5006 aeternam
911 4953 1198 5022 requiem.
1234 4955 1299 5008 Et
1323 4968 1454 5007 ecce
1499 4952 1616 5008 alia
1642 4952 1848 5010 anima
1893 4955 2228 5012 ducebatur

575 5055 610 5095 a
636 5039 1038 5095 daemonibus
1054 5056 1262 5112 aspere
1276 5042 1349 5098 ad
1370 5041 1613 5098 inferos.
1645 5042 1993 5100 Eratautem
2025 5061 2228 5116 opera-

3600 498 3651 551 ἐκ
3675 503 3890 560 νεότητος

2325 586 2485 638 αὐτοῦ
2540 587 2703 639 πολλὰ
2749 587 2961 659 ἔπραξεν
3019 590 3175 652 κακὰ,
3237 589 3322 639 οἱα
3373 587 3464 639 οὐκ
3511 589 3709 660 ἔπρεπεν
3752 586 3888 638 αὐτὸν

2329 493 2386 549 δὲ
2415 499 2568 549 πάλιν
2601 501 2649 550 οἱ
2675 495 2912 570 δαίμονες
2960 497 3397 572 ένθρηνὴσάμενοι
3451 499 3498 534 ⁶⁴
3541 515 3551 526 ·

2328 681 2643 747 Χριστιανὸν
2683 681 2804 729 ὅντα
2846 682 2934 729 καὶ
2967 677 3202 748 εὐνούχῳ
3233 678 3302 741 6⁵,
3343 679 3616 751 πορνεύων,
3655 678 3893 748 μοιχεύων

2326 770 2413 816 καὶ
2466 770 2681 836 μιαίνων
2735 766 2899 836 ἑαυτῷ
2979 769 3098 826 τοῦς
3155 770 3248 824 τὴν
3312 762 3589 837 σοδομινὴν
3661 765 3893 836 ἁμαρτίαν

2329 853 2702 927 ἐργαζομένους
2754 857 2822 918 ⁸⁸,
2883 857 3080 916 πάντας
3135 851 3194 907 δε
3241 853 3467 926 ὑϐρίζων
3514 858 3602 906 καὶ
3649 851 3895 926 ὀργιζόμε-

2327 962 2410 1004 νος
2454 950 2542 997 καὶ
2591 949 2795 996 τύπτων
2824 941 3000 1004 δεινῶς
3043 943 3261 1005 πολλοὺς
3312 949 3494 1015 φόνους
3548 943 3827 1014 εἰργάσατο.
3859 942 3897 993 εί

2329 1029 2416 1083 οὖν
2454 1037 2634 1106 πρέπει
2671 1037 2837 1105 τούτῳ
2893 1039 3150 1107 σωτηρία,
3207 1032 3386 1086 λάϐετε
3434 1038 3526 1084 καὶ
3579 1035 3662 1084 τὸν
3722 1037 3896 1104 κόσμον

2329 1121 2461 1192 ὅλον,
2489 1128 2578 1175 καὶ
2625 1126 2822 1184 πάντας
2869 1127 2988 1185 τούς
3041 1122 3382 1196 ἁμαρτωλούς
3431 1131 3523 1184 τῆς
3577 1130 3670 1193 γῆς
3717 1126 3898 1174 σώσατι

2598 1229 2610 1240 ·
2663 1215 2807 1284 ἡμεῖς
2873 1214 2915 1248 ⁵⁷
2968 1214 3069 1284 γὰρ
3133 1213 3199 1273 είς
3255 1213 3426 1284 μάτην
3480 1219 3747 1282 κοπιῶμεν.
3822 1215 3899 1262 καὶ

3618 1302 3896 1372 προσέχετε,

2331 1208 2529 1284 δωρεάν

2328 1300 2538 1372 λέγουσι
2612 1306 2726 1354 τότε
2772 1305 2897 1372 πρὸς
2951 1301 3107 1353 αύτὸν
3169 1303 3218 1353 οἱ
3281 1300 3496 1372 ἄγγελοι
3535 1313 3548 1326 ·

2328 1390 2520 1456 ἄθλιοι,
2595 1393 2695 1455 ὅτι,
2753 1390 2882 1461 οἷπερ
2938 1393 3167 1464 ἥμαρτεν
3223 1392 3277 1442 ἑκ
3343 1395 3582 1450 νεότητος
3638 1388 3804 1452 αὐτοῦ,
3854 1389 3899 1437 ἐκ

2328 1480 2529 1531 πάντων
2559 1479 2760 1532 ἐκείνων
2806 1479 3013 1550 ἐξέκοψε
3053 1484 3141 1531 καὶ
3189 1477 3414 1544 ἀπέστη,
3457 1484 3548 1531 καὶ
3585 1479 3610 1530 ὁ
3649 1481 3772 1538 Θεὸς
3799 1496 3899 1528 συν-

2328 1575 2568 1640 εχώρησε
2621 1578 2788 1621 ταῦτα
2848 1585 2860 1597 ·
2927 1574 3016 1620 καὶ
3075 1568 3420 1640 ἐλεημοσύνας
3475 1573 3565 1620 καὶ
3628 1567 3900 1640 προσφοράς

2328 1654 2421 1708 διὰ
2467 1666 2568 1709 τῶν
2617 1660 2784 1728 ἱερέων
2834 1656 3045 1715 ἐποίησε
3100 1661 3225 1731 πρός
3282 1661 3461 1729 κύριον
3516 1660 3601 1709 τὸν
3653 1660 3772 1710 Θεὸν
3814 1656 3899 1706 ὑπό

2325 1746 2568 1818 ψυχικῆς
2595 1752 2852 1819 σωτηρίας
2893 1747 3071 1798 αὐτοῦ.
3105 1752 3155 1798 τί
3185 1747 3274 1798 οὖν
3306 1748 3430 1818 ὑμῖν
3472 1749 3520 1782 ⁸³
3567 1744 3724 1809 δοκεῖ,
3767 1746 3902 1818 θηρία

2331 1843 2664 1910 σαπριώμενα
2694 1837 2739 1870 ⁶⁹
2776 1852 2788 1900 ;
2845 1839 3036 1906 πρέπον
3086 1838 3199 1887 ἐστί
3244 1843 3305 1906 τῇ
3348 1835 3507 1907 ψυχῇ
3550 1837 3706 1906 ταύτῃ
3752 1851 3902 1888 σωτη-

2323 1930 2441 1996 ρίας
2479 1932 2660 1996 τυχεῖν
2705 1925 2733 1983 ἡ
2789 1928 2848 1976 οῦ
2879 1941 2892 1990 ;
2925 1926 2950 1976 ό
2981 1928 3081 1996 γὰρ
3129 1924 3490 1996 φιλάνθρωπος
3540 1927 3714 1998 κύριος
3761 1921 3903 1974 ἐκεῖνα

2325 2018 2486 2085 κρίνει
2537 2016 2606 2080 ⁷ο,
2661 2014 2694 2065 ἃ
2760 2010 2833 2065 δι’
2882 2013 3255 2086 έξαγορεύσεως
3315 2017 3387 2075 εὶς
3442 2023 3548 2086 φῶς
3604 2017 3693 2066 οῦκ
3747 2012 3902 2063 ἓλθου-

2329 2122 2433 2158 σιν.
2471 2108 2571 2155 πᾶν
2602 2105 2702 2176 γὰρ
2743 2105 2800 2153 τὸ
2846 2105 3212 2175 φανερούμενον
3245 2111 3349 2174 φῶς
3378 2105 3524 2155 ἐστιν
3549 2119 3561 2132 ⁶
3599 2104 3762 2154 πάντα
3795 2103 3901 2172 γὰρ,

2327 2194 2428 2244 ὅσα
2481 2192 2947 2263 ἐξομολογήσονται
2996 2194 3044 2243 οἱ
3089 2193 3352 2266 ἄνθρωποι
3405 2189 3501 2245 διὰ
3555 2194 3717 2263 ἱερέων
3755 2193 3798 2242 ἓν
3826 2208 3905 2240 τα-

2327 2286 2566 2333 πεινώσει
2616 2281 2773 2352 πολλῇ
2827 2286 2915 2332 καὶ
2978 2281 3249 2352 στεναγμῷ
3303 2280 3356 2343 ἐξ
3395 2282 3518 2343 ὅλης
3561 2277 3779 2353 καρδίας
3829 2277 3906 2329 αύ-

2328 2378 2427 2421 τῶν
2466 2375 2555 2422 καὶ
2584 2373 2876 2422 παύσονται
2914 2378 3013 2421 τῶν
3044 2379 3278 2441 πονηρῶν
3327 2370 3585 2443 πράξεων,
3628 2371 3652 2420 ό
3708 2368 3905 2438 ἐλεήμων

2329 2463 2459 2520 Θεὸς
2508 2459 2566 2511 οῦ
2615 2459 2903 2530 λογίζεται.
2967 2463 3060 2520 τὰς
3114 2457 3370 2531 ἁμαρτίας
3419 2458 3714 2532 κρύψαντας
3765 2457 3804 2490 ⁷¹
3856 2455 3904 2505 τὸ

2332 2546 2502 2602 δοκεῖν
2545 2547 2646 2600 ἀπὸ
2697 2555 2829 2600 Θεοῦ
2874 2553 2962 2599 καὶ
3001 2547 3292 2619 ἀνθρώπου,
3348 2550 3546 2608 πάντας
3595 2547 3775 2606 αὐτοὺς
3809 2547 3905 2616 κρί-

2329 2658 2402 2692 νει
2444 2639 2492 2674 ⁷²
2525 2639 2550 2689 ό
2603 2641 2733 2698 Θεὸς
2760 2642 2848 2688 καὶ
2897 2636 3102 2708 ἐλέγχει
3144 2642 3235 2689 καὶ
3283 2634 3532 2700 ὀνειδίζει
3580 2641 3666 2688 καὶ
3705 2631 3771 2704 τῷ
3799 2635 3906 2703 πυρὶ

2333 2724 2613 2799 δοκιμάζει
2661 2726 2732 2787 εἰς
2785 2725 3149 2787 ἀτελευτήτους
3197 2726 3408 2782 αἰῶναν.
3460 2734 3624 2778 ταῦτα
3652 2727 3698 2776 οἱ
3726 2721 3908 2793 ἄγγελοι

2334 2818 2556 2877 εἰπόντες
2603 2821 2943 2887 κατίσχυσαν
3001 2817 3047 2850 ⁷³
3115 2818 3181 2867 τὰ
3247 2820 3456 2890 πονηρὰ
3511 2819 3788 2886 πνεύματα,
3836 2812 3907 2861 καί

2334 2909 2497 2966 οὕτως
2546 2903 2834 2962 διέστησαν
2891 2914 2990 2957 τῶν
3051 2903 3171 2969 ἐκεῖ,
3223 2911 3312 2957 καὶ
3359 2905 3600 2965 εἰσῆλθον
3626 2904 3691 2965 εἰς
3719 2907 3804 2960 τὴν
3831 2901 3909 2952 πθ·

2334 2995 2426 3054 λην
2466 3002 2556 3047 τοῦ
2604 2996 2844 3067 ούρανοῦ.
2905 2995 3219 3068 ἐλευθερώθη
3277 2991 3335 3047 δὲ
3393 3000 3484 3048 καὶ
3539 2994 3668 3051 αὕτη
3701 2996 3728 3050 ἡ
3776 2990 3906 3061 ψυχὴ

2267 3125 2304 3179 C
2337 3083 2438 3136 ἀπὸ
2491 3093 2588 3135 τῶν
2627 3093 2862 3155 πονηρῶν
2908 3085 3212 3156 πνευμάτων
3264 3091 3354 3144 τῆς
3403 3103 3677 3158 πονηρίας,
3717 3085 3797 3132 καὶ
3844 3079 3910 3130 εύ-

2347 3175 2469 3246 ρέθη
2513 3179 2776 3246 σωτηρίας
2805 3181 3051 3244 τυχοῦσα
3098 3176 3240 3246 παρὰ
3270 3177 3404 3225 Θεοῦ
3449 3182 3540 3226 τοῦ
3598 3172 3838 3233 σώζοντος
3869 3169 3913 3218 τὸ

2337 3262 2556 3334 πλάσμα
2594 3262 2774 3318 αὐτοῦ,
2823 3267 2909 3313 καὶ
2948 3258 3065 3314 ἰδοὺ
3095 3263 3144 3296 ’³⁸
3188 3262 3341 3314 πάλιν
3386 3261 3540 3337 ἑτέρα
3589 3262 3738 3333 ψυχὴ
3771 3258 3912 3328 ἀνεφέ-

2337 3371 2476 3424 ρετο,
2532 3355 2647 3413 ἣτις
2685 3352 2730 3386 ⁷⁵
2767 3348 2827 3408 ἦν
2879 3351 3013 3403 πάνυ
3058 3350 3277 3412 εὐλαϐὴς
3321 3356 3410 3402 καὶ
3468 3351 3748 3424 φοϐουμένη
3779 3347 3820 3382 ⁷⁸
3848 3347 3916 3396 τόν

2340 3445 2482 3506 Θεόν,
2515 3445 2608 3498 τήν
2649 3439 2998 3511 ἐλεημοσύνην
3047 3440 3290 3511 ἰσχυρῶς
3343 3443 3428 3492 ἒπὶ
3467 3445 3601 3504 ζωῆς
3646 3439 3917 3492 πολιτευσα·

2339 3533 2462 3601 μένη
2488 3531 2556 3580 ⁷⁷.
2600 3526 2712 3602 εἶχε
2752 3526 2810 3582 δὲ
2842 3535 2930 3582 καὶ
2966 3529 3172 3600 ἀγάπην
3204 3533 3331 3603 πρὸς
3381 3533 3584 3591 πάντας
3632 3530 3914 3600 ἀνθρώπους.

2341 3619 2545 3690 ἁγνείαν
2590 3639 2643 3671 τε
2697 3624 2787 3671 καὶ
2839 3627 3146 3690 σεμνότητα.
3205 3617 3543 3691 ἐνεϐρυκούτο
3599 3621 3644 3655 ⁷⁸
3697 3615 3753 3669 δε
3806 3612 3912 3680 αὐτῇ

2341 3709 2389 3759 οἱ
2434 3703 2676 3780 δαίμονες
2724 3708 2987 3782 τρίζοντες
3033 3711 3151 3768 τοὺς
3211 3703 3432 3770 ὀδόντας
3481 3709 3647 3761 αὐτῶν
3694 3703 3800 3758 κατ’
3839 3698 3917 3752 αὖ·

2339 3806 2450 3859 nis.
2494 3799 2522 3856 ἡ
2555 3794 2614 3849 δὲ
2651 3795 2804 3868 ψυχὴ
2853 3800 3056 3871 ἔτρεμεν
3087 3797 3265 3869 ὁρῶσα
3294 3799 3386 3855 τὴν
3429 3797 3717 3872 ἀγριότητα
3752 3791 3913 3851 αὐτῶν,

2340 3890 2427 3939 καὶ
2470 3907 2796 3940 συνεστασαν
2850 3888 2921 3949 εἰς
2989 3888 3080 3946 τὰς
3137 3885 3372 3957 ἀγκάλας
3421 3895 3521 3940 τῶν
3572 3885 3786 3958 ἀγγέλων
3837 3883 3914 3930 τοῦ

2341 3985 2474 4030 Θεοῦ
2502 3995 2512 4006 ·
2549 3979 2595 4028 οὶ
2647 3974 2705 4029 δὲ
2746 3975 3372 4048 κατερχόμενοιὺάίγγελοι
3401 3975 3485 4029 ἐπὶ
3534 3974 3706 4048 ἐτέρων
3749 3970 3914 4043 ψυχῶν

2342 4074 2765 4128 συναπαντῶντες
2822 4067 3124 4127 ἠσπάζοντο
3181 4065 3369 4123 αὐτὴν.
3421 4068 3614 4138 ἐγένετο
3664 4061 3718 4116 δὲ
3770 4059 3815 4112 έν
3856 4063 3913 4124 τῷ

2340 4156 2580 4208 εἰσελθεῖν
2630 4159 2751 4216 τοὺς
2805 4154 3053 4227 ἁγγελους
3106 4154 3178 4216 εἰς
3217 4159 3311 4214 τὴν
3367 4155 3535 4214 πύλην
3586 4161 3672 4207 τοῦ
3723 4149 3912 4221 ούρανοῦ

2339 4250 2658 4316 κατέχοντας
2710 4246 2757 4281 ’⁷9
2802 4250 2895 4303 τὴν
2939 4245 3093 4316 ἁγίαν
3147 4243 3344 4302 ἐκείνην
3387 4243 3597 4318 ψυχήν,
3639 4243 3909 4299 ἀπήντησαν

2337 4340 2507 4386 πᾶσαι
2551 4337 2605 4386 αί
2655 4331 2902 4407 δυνάμεις
2946 4343 3045 4386 τῶν
3109 4334 3356 4406 οὐρανῶν,
3405 4340 3496 4388 καὶ
3543 4328 3911 4390 κατησπάξοντο

2340 4423 2501 4481 αὐτὴν
2550 4431 2817 4496 χαίροντες
2861 4428 2950 4476 καὶ
2996 4423 3227 4495 λέγοντες
3261 4441 3272 4453 ⁸
3309 4420 3441 4487 δοξα
3482 4443 3581 4487 σοι,
3619 4420 3655 4474 ὦ
3685 4423 3817 4478 Θεόςι
3845 4414 3910 4464 δτι

2265 4481 2307 4536 D
2341 4512 2600 4588 ἐλυτρωθη
2641 4515 2668 4571 ἠ
2702 4513 2856 4584 ψυχὴ
2906 4513 3035 4571 αὕτη
3070 4512 3168 4565 ἁπό
3202 4512 3400 4585 βάθους
3435 4513 3728 4566 κατωτάτου
3759 4508 3837 4557 καὶ
3863 4499 3908 4550 ἐκ

2339 4610 2430 4654 τοῦ
2478 4602 2648 4654 δεινοῦ
2698 4599 2980 4676 δράκοντος
3014 4621 3026 4636 ο
3069 4601 3185 4654 καθ’
3217 4605 3335 4654 ὅσον
3378 4599 3436 4656 δε
3483 4600 3732 4654 ἀνέϐαινον
3762 4596 3803 4629 ³⁰
3837 4589 3906 4642 ἐπὶ

2337 4696 2400 4744 τὰ
2446 4695 2570 4760 ἀνω,
2622 4701 2866 4746 τοσοῦτον
2917 4691 3405 4754 ἐπικατησπάζοντο
3443 4693 3604 4750 αὐτὴν
3643 4690 3800 4741 πάντα
3832 4697 3906 4730 τα-

2338 4802 2516 4852 γματα
2608 4791 2706 4834 τῶν
2781 4781 3071 4852 ἀσωμάτων
3147 4781 3534 4852 ἁγαλλιώμενον
3611 4786 3753 4832 τοῦτο
3819 4769 3904 4838 Ίάρ

2338 4871 2556 4942 ἔχουσιν
2588 4872 2642 4923 αἱ
2668 4891 2816 4943 αγιαι
2848 4867 3116 4943 δυνάμεις,
3157 4875 3214 4924 τό
3245 4877 3457 4944 χαίρειν
3495 4875 3582 4924 καὶ
3621 4859 3904 4938 ἀγάλλεσθαι

2338 4958 2408 5030 ἐφ’
2463 4959 2654 5033 ἑκάστη
2701 4959 2854 5032 ψυχῇ
2911 4961 3175 5033 σωζομένη
3210 4975 3222 4989 ⁶
3252 4963 3335 5013 ὅτε
3366 4957 3424 5015 δε
3473 4961 3694 5032 ἔφθασαν
3741 4950 3803 5010 εἰς
3831 4946 3902 4997 τὸν

2341 5050 2516 5121 θρόνον
2548 5048 2734 5102 ἐκεῖνον
2764 5052 2851 5101 τὸν
2878 5047 3132 5122 ἁστραῖον
3163 5049 3206 5088 ⁸1
3237 5058 3330 5112 τῆς
3353 5046 3513 5113 δόξης
3541 5053 3629 5102 τοῦ
3657 5046 3798 5104 Θεοῦ,
3827 5033 3900 5086 νισιἱ

2608 4791 2706 4834 τῶν
2781 4781 3071 4852 ἀσωμάτων
3147 4781 3534 4853 ἁγαλλιώμενον

1905 5187 2169 5243 VABIAE
2210 5188 2612 5248 LECTIONES.

648 5319 693 5352 ⁶³
727 5316 915 5380 Coni.,
968 5315 1108 5372 cod.
1148 5319 1228 5378 ῖς.

577 5391 619 5423 ⁸⁷
653 5391 838 5452 Corr.,
875 5388 1006 5443 cod.
1060 5390 1248 5458 ἡμᾶς.

577 5461 709 5515 cod.
739 5479 849 5534 xpis
873 5465 996 5533 ίνη.

579 5552 725 5586 σαν.
783 5532 857 5566 ⁷⁷¹⁵
908 5532 1049 5587 COd.

1327 5390 1372 5423 ⁶⁸
1409 5388 1590 5464 Corr.,
1625 5392 1766 5448 cod.
1800 5393 2016 5464 ὑμεῖς.

1077 5461 1258 5537 Ῥ-ΕΧ.
1293 5462 1471 5537 coni.,
1495 5465 1627 5517 cod.
1662 5461 1922 5537 κρύψας
1965 5465 2185 5526 αὑτάς.

1086 5529 1253 5584 ἴδον.
1335 5533 1380 5566 ⁷⁸
1437 5535 1513 5587 Ex
1569 5529 1758 5598 coni.,
1803 5529 1942 5592 cod.
1988 5539 2202 5599 εἴτις.

1309 5319 1371 5402 ⁶Ῐ⁸
1387 5320 1468 5402 Ehx
1498 5321 1676 5382 coni.,
1899 5319 1955 5372 ἐν
1975 5318 2048 5394 δρ
2069 5327 2264 5402 ιμ-ισό
2284 5343 2491 5402 μενοι.
2513 5396 2523 5402 _
2577 5327 2622 5361 ⁸³
2648 5325 2761 5402 Sig.
2801 5325 2935 5381 cod.
3012 5329 3061 5402 _“
3088 5324 3460 5402 ΟοιδιίἽ--οφ-ᾀ.
3508 5318 3686 5402 ἔργας

2105 5396 2152 5430 ⁶⁹
2187 5397 2265 5450 Ex
2298 5397 2477 5462 coni.,
2511 5396 2569 5451 in
2619 5397 2823 5452 codice
2864 5413 2979 5453 vox
3011 5398 3164 5453 lectu
3207 5397 3462 5453 difﬁcilis
3492 5396 3596 5451 est.
3668 5396 3682 5422 "‘

2577 5327 2622 5361 ⁸⁵
2648 5325 2761 5398 Sic.
2801 5325 2935 5381 cod.
3015 5329 3061 5362 ⁶⁶
3088 5324 3460 5398 Corr.,ﬂcod.
3508 5323 3612 5398 ἐργ

2264 5466 2508 5540 77'Corr.,
2539 5467 2873 5540 cod.xp£iv
2895 5488 2963 5524 ει.
3039 5471 3086 5504 ⁷³
3119 5469 3198 5524 Ex
3223 5470 3403 5537 coni.,
3428 5467 3557 5524 cod.
3585 5461 3892 5540 κατὴσχΐ

2278 5539 2326 5574 ⁷⁵
2378 5529 2539 5612 Cod}-
2579 5529 2965 5612 φοϐρὐμέναο
3044 5542 3108 5612 ⁷⁷ν
3152 5541 3294 5596 Cod-
3344 5529 3885 5612 n'olurc'v“.°.‘t”'.‘.’.°f'

544 5605 624 5671 ,⁷⁸
658 5603 798 5658 Cod.
832 5604 1349 5682 ένεϐρυκοῦντο.
1429 5606 1475 5640 79
1519 5607 1702 5669 Corr.,
1739 5595 1872 5664 cod.
1906 5629 1937 5660 κ
1967 5595 2352 5682 ατέχοντες.
2433 5611 2478 5646 ⁸ο
2512 5595 2656 5669 Οόό.
2700 5595 3016 5668 ἀνέϐενον.
3096 5611 3137 5650 ⁸¹
3171 5595 3256 5669 Ex
3279 5613 3459 5680 coni.,
3489 5595 3550 5668 in
3579 5595 3891 5663 codicelite-

575 5690 676 5736 rae
704 5694 804 5728 αστ
837 5680 1062 5733 tantum
1088 5681 1250 5734 certo
1280 5676 1735 5748 dignoscuntur.
