4092 6252
551 286 651 342 231
1387 286 1493 343 SS.
1538 284 2037 342 MACARIORUM
2074 279 2410 342 AEGYPTII
2455 279 2541 337 ET
2578 279 3066 338 ALEXANDRINI
3764 282 3851 338 232

542 415 796 467 tractum
844 425 984 466 cum
1040 411 1307 468 stridore.
1336 412 1457 467 Hoc
1502 414 1701 467 autem
1755 410 2001 477 faciunt,
2032 414 2158 476 ut,:

2239 410 2273 465 Α
2307 413 2606 481 παρεμφερῆ
2661 424 2677 440 ·
2741 406 2852 458 ὅθεν
2894 410 2986 458 καὶ
3056 405 3121 464 ὡς
3160 403 3259 457 ὑπὸ
3320 406 3493 466 σικύας
3542 401 3855 477 αἰσθανόμεθα

540 498 787 555 insitum
813 499 1017 556 calvae
1049 500 1307 556 calorem
1341 500 1419 556 ad
1451 516 1513 555 se
1552 501 1715 573 ipsos
1742 500 2044 566 traxerint,
2073 498 2156 571 pal

2305 502 2395 556 τῆς
2474 493 2699 567 κεφαλῆς
2751 494 3025 566 ἑλκομένης
3098 495 3231 565 μετά
3300 500 3537 567 τρισμοῦ.
3611 499 3749 545 τοῦτο
3810 490 3859 547 δὲ

540 590 762 660 pebrae
783 589 1035 645 humore
1080 589 1327 646 demum
1358 596 1415 647 et
1468 590 1686 661 frigore
1739 590 2035 646 relaxatae
2088 588 2156 644 cii

2304 590 2566 649 ποιοῦσιν,
2620 586 2702 636 ἶνα
2727 588 2820 642 τὴν
2871 582 3262 655 ἐναποκειμένην
3293 579 3362 653 τῷ
3390 585 3572 655 κρανίῳ
3602 582 3858 653 θερμότητα

540 674 1121 749 cumﬂuantpupillis
1133 678 1442 735 oculorum
1454 680 1666 744 .Quare
1681 679 2001 751 palpebras
2015 693 2156 749 saep

2304 676 2434 745 πρὸς
2486 672 2695 733 ἑαυτοὺς
2746 671 3098 744 ἐπισπώμενοι
3150 672 3251 724 ὑπὸ
3311 679 3400 732 τῆς
3454 672 3717 744 ὑγρότητος
3771 671 3860 723 λοι·

541 765 589 820 si
643 767 1250 831 contrectavi,inveni
1298 769 1490 824 iustar
1521 767 1775 839 crystalli
1822 771 2157 838 compactas

2304 765 2400 813 πόν
2429 765 2519 813 καὶ
2564 761 2908 833 ψνχρότητος
2959 761 3298 834 χαλασθέντα
3333 762 3399 812 τὰ
3445 757 3683 832 βλέφαρα,
3707 758 3860 834 περιρ-

543 857 848 927 totamque
865 855 1075 911 faciem
1100 856 1318 912 mortui
1342 856 1597 913 similem
1615 862 1671 913 et
1689 856 2019 913 horridam.
2040 860 2159 911 Atta

2302 850 2400 925 ῥυῇ
2457 858 2569 911 ταῖς
2604 857 2789 923 κόραις
2826 858 2924 903 τῶν
2976 849 3272 923 ὀφθαλμῶν.
3330 847 3568 908 πολλάκις
3612 854 3728 919 γοῦν
3775 847 3864 917 ψη-

540 959 679 999 men
702 960 952 1000 somnus
982 946 1271 1001 naturalis
1297 962 1551 1018 corpora
1577 946 1862 1010 calefacit,
1883 960 2156 1001 sanorum

2306 941 2559 1011 λαφήσας,
2607 939 2886 993 κατελαϐον
2943 936 3100 999 δίκην
3159 937 3483 1012 κρυστάλλου
3531 942 3781 1008 πεπηγότα
3813 938 3867 989 τὰ

538 1046 656 1105 que
685 1032 876 1088 vultus
905 1033 1124 1090 nitidos
1147 1034 1362 1099 reddit,
1387 1036 1551 1107 quod
1583 1035 1715 1108 ipsa
1738 1049 1984 1107 quoque
2015 1049 2154 1105 expc

2305 1027 2558 1102 βλέφαρα,
2629 1034 2723 1088 τὴν
2784 1026 2842 1082 δὲ
2918 1029 3039 1101 ὄψιν
3089 1032 3385 1101 νενεκμένην
3442 1026 3558 1086 ὅλην
3608 1030 3693 1079 καὶ
3739 1030 3868 1097 φρίσ-

537 1120 748 1177 rientia
778 1121 1087 1178 discimus.
1144 1123 1259 1179 Sed
1288 1121 1370 1177 illi
1402 1126 1609 1178 contra
1652 1127 1933 1179 naturam
1970 1138 2042 1178 ex
2092 1137 2153 1177 or

2305 1136 2502 1171 σουσαν
2533 1136 2545 1149 ·
2590 1123 2758 1171 καίτοι
2809 1120 2835 1170 ὁ
2897 1121 3121 1191 φυσικὸς
3167 1118 3320 1180 ὕπνος
3368 1119 3646 1193 θερμαίνειν
3685 1117 3767 1187 μεν
3816 1116 3869 1166 τὰ

538 1210 791 1266 nimium
809 1210 1065 1267 distento
1084 1212 1499 1267 oscitationem
1514 1210 1800 1278 efﬁciunt,
1818 1216 2100 1269 attenuan
2111 1219 2154 1266 te

2306 1212 2527 1279 σώματα
2577 1212 2789 1279 πέφυκε,
2844 1212 2933 1260 καὶ
2982 1215 3084 1260 τῶν
3136 1208 3472 1278 ὑγιαινόντων
3512 1207 3598 1268 τὰς
3644 1203 3775 1275 ὄψεις
3802 1201 3870 1255 ἄν·

538 1314 616 1362 se,
646 1304 702 1354 et
732 1299 1013 1355 interiora
1043 1300 1164 1355 oris
1199 1306 1582 1371 occupantes.
1613 1302 1731 1370 Ego
1769 1301 2011 1372 quidem
2043 1315 2154 1356 non

2305 1298 2469 1372 θηράς
2524 1295 2870 1371 ἀπεργάζεται
2904 1318 2918 1331 ο
2947 1299 3017 1360 ὡς
3045 1298 3155 1350 ἔστι
3203 1302 3292 1349 καὶ
3339 1296 3427 1350 ἀπ’
3472 1295 3631 1357 αὐτῆς
3657 1302 3743 1355 τῆς
3778 1296 3871 1354 mi;

537 1387 686 1443 dum
712 1388 826 1444 hoc
873 1388 1151 1453 intellexi,
1184 1389 1294 1444 etsi
1338 1404 1628 1461 persaepe
1678 1406 1895 1460 passus
1937 1390 2050 1444 sim
2083 1406 2097 1455 ;
2135 1406 2153 1443 ε

2301 1405 2396 1460 ρας
2442 1388 2662 1458 μαθεῖν·
2715 1389 2809 1449 τὰς
2853 1384 2912 1439 δὲ
2964 1390 3106 1460 ποιρά
3181 1389 3337 1459 φύσιν
3392 1391 3480 1438 καὶ
3532 1381 3870 1454 διατεταμένα-

540 1478 813 1533 sanctum
836 1478 1153 1533 Macarium
1182 1478 1383 1533 audivi
1417 1478 1490 1533 de
1518 1478 1635 1533 hoc
1657 1478 1801 1533 mihi
1824 1477 2156 1550 loquentem

2302 1477 2497 1547 χάσμα
2542 1484 2773 1541 ποιοῦσι,
2831 1476 3158 1537 λεπτύνοντες
3208 1475 3426 1538 ἑαυτοὺς
3475 1479 3563 1527 καὶ
3617 1482 3710 1526 τῶν
3744 1467 3870 1524 ἔνδον

537 1566 643 1638 qui
667 1565 747 1621 ad
776 1581 901 1621 rem
934 1566 1312 1637 probandam
1339 1566 1925 1623 attulitoscitantium
1944 1582 2153 1622 consut

2304 1571 2393 1617 τοῦ
2436 1570 2687 1637 στόματος
2726 1568 3067 1638 ἐφαπτόμενοι
3100 1564 3271 1617 (ἀλλὰ
3310 1572 3459 1618 τοῦτο
3501 1567 3589 1634 μὲν
3615 1562 3708 1634 ἐγὼ
3737 1563 3872 1633 μέχρι

538 1654 828 1719 tudinem,
844 1670 912 1710 os
933 1655 1104 1724 signo
1132 1656 1323 1711 crucis
1338 1655 1733 1711 muniendiex
1749 1655 2068 1711 traditione
2091 1671 2154 1710 an

2302 1660 2394 1713 τῆς
2443 1659 2668 1728 σήμερον
2717 1655 2811 1706 οὐκ
2859 1657 3070 1719 ἐνόησα,
3120 1659 3290 1707 καίτοι
3338 1654 3582 1713 πολλάκις
3634 1651 3751 1704 αὐτό
3801 1666 3874 1700 πε-

539 1741 703 1813 tiqua
745 1743 1185 1799 immemoriali.
1220 1746 1488 1800 Ceterum
1526 1744 1734 1799 omnia
1771 1743 1871 1799 illa
1904 1743 2155 1816 patimur

2258 1771 2263 1809 ι
2302 1745 2502 1805 πονθώς
2537 1761 2549 1773 ·
2609 1763 2700 1796 του
2758 1740 2817 1796 δὲ
2867 1743 3019 1815 ἁγίου
3059 1748 3336 1817 Μακαρίου
3384 1747 3589 1803 ἤκουσα
3628 1743 3765 1793 τοῦτό
3800 1755 3874 1808 μοι

534 1830 916 1903 quialectioni
931 1847 1051 1888 non
1068 1832 1421 1889 attendimus
1438 1832 1966 1904 vigilanter,ueque
1982 1837 2150 1888 sanct

2302 1832 2639 1895 λελαληκότος
2695 1838 2786 1886 καὶ
2838 1834 2905 1893 εἰς
2954 1829 3223 1896 ἀπόδειξιν
3258 1838 3509 1907 φέροντος,
3553 1838 3641 1883 τοῦ
3681 1830 3874 1901 σφραγί-

536 1918 638 1974 Dei
661 1920 770 1975 vivi
794 1920 1035 1992 eloquia
1062 1936 1171 1977 nos
1200 1921 1393 1993 legere
1410 1922 1587 1977 nobis
1609 1922 1832 1977 conscii
1865 1938 2102 1978 sumus.

2306 1921 2411 1981 ζειν
2457 1925 2578 1984 τοὺς
2638 1926 3019 1995 χασμωμένους
3074 1926 3134 1975 τό
3213 1927 3406 1994 στόμα,
3480 1923 3614 1974 κατά
3670 1918 3873 1991 ἀρχαίαν

534 2005 834 2083 παράδοσιν
863 2007 1103 2084 ἄρρηνον.
1134 2017 1302 2063 ταῦτα
1331 2007 1389 2063 δὲ
1414 2014 1584 2063 πάντα
1611 2013 1891 2083 πάσχομεν
1914 2006 2009 2064 διὰ
2033 2014 2089 2063 τὸ
2117 2011 2190 2082 μή
2222 2014 2503 2084 προσέχειν
2535 2017 2794 2083 νηφόντως
2832 2013 2971 2084 ἡμᾶς
2996 2019 3058 2084 τῇ
3095 2010 3406 2084 ἀναγνώσει,
3434 2008 3573 2085 μηὸε
3603 2007 3874 2081 μεμνῆσθαι

536 2099 617 2150 ὃτι
650 2097 802 2169 λόγια
831 2106 963 2152 Θεοῦ
996 2100 1184 2159 ζῶντος
1215 2099 1653 2172 ἀναγινώσκομεν.

608 2191 661 2242 2.
690 2188 1016 2259 Aegyptius
1046 2204 1226 2244 senex
1262 2191 1570 2255 Macarius,
1603 2205 1710 2245 vas
1741 2188 1883 2245 illud
1912 2189 2186 2257 electum,

2367 2194 2419 2244 2.
2473 2190 2743 2263 Ἠρώτησέ
2799 2209 2862 2260 με
2913 2193 2971 2242 τὸ
3041 2198 3225 2253 σκεῦος
3280 2198 3376 2252 τῆς
3430 2189 3639 2261 ἐκλογῆς
3675 2187 3700 2239 ό
3737 2183 3879 2255 Αἰγύ-

536 2276 1052 2347 interrogavitme,
1076 2293 1260 2349 quam
1278 2278 1357 2333 ob
1379 2295 1629 2333 causam
1652 2283 2034 2350 acceptarum
2061 2279 2152 2349 qui

2296 2297 2442 2339 πτιος
2488 2283 2651 2351 γέρων
2717 2281 2988 2353 Μακάριος
3040 2296 3054 2309 ⁸
3108 2284 3160 2332 τί
3214 2276 3417 2338 δήποτε
3468 2282 3879 2351 μνησικακοῦντες

536 2363 675 2420 dem
687 2367 764 2420 ab
776 2365 1122 2421 hominibus
1138 2366 1494 2437 injuriarum
1509 2367 1949 2423 reminiscendo
1966 2383 2152 2423 meme

2297 2369 2387 2439 μὲν
2431 2374 2533 2427 τοῖς
2588 2366 2874 2442 ἀνθρώποις
2934 2372 3022 2426 τὴν
3074 2373 3492 2440 μνημονευτικὴν
3540 2364 3752 2435 δύναμιν
3800 2368 3878 2422 τῆς

534 2454 658 2510 riae
688 2455 808 2510 vim
837 2471 909 2511 ac
947 2454 1290 2511 facultatem
1317 2458 1377 2511 in
1406 2456 1610 2512 animo
1641 2472 2150 2528 corrumperemus

2294 2456 2483 2527 ψυχῆς
2532 2454 2864 2529 ἀφανίζομεν,
2918 2454 3142 2530 δαίμοσι
3181 2454 3241 2510 δὲ
3271 2464 3712 2528 μνησικακοῦντες
3742 2450 3881 2504 ἀϐλα-

534 2549 812 2615 acceptas
842 2559 979 2600 vero
1036 2560 1073 2601 a
1118 2543 1517 2600 daemonibus
1560 2545 1809 2616 injurias
1865 2547 2150 2601 memoria

2298 2543 2402 2607 ϐεῖς
2443 2542 2752 2618 διαμένομεν
2782 2562 2795 2611 ;
2830 2545 2999 2618 κάμοῦ
3052 2550 3178 2621 πρὸς
3231 2551 3324 2605 τήν
3374 2547 3652 2619 ἀπόκρισιν
3706 2541 3880 2613 ἁπορή-

535 2631 1031 2687 commendantes
1086 2632 1274 2689 illaesi
1323 2649 1725 2690 maneremus.
1753 2635 2021 2706 Cumque
2075 2649 2149 2705 eg

2301 2654 2506 2701 σαντος,
2557 2640 2645 2687 καὶ
2680 2635 3099 2709 παρακαλοῦντος
3146 2638 3230 2689 τόν
3274 2636 3429 2708 λόγον
3483 2638 3661 2709 μαθεῖν
3691 2650 3703 2663 ’
3736 2629 3876 2693 διότι,

535 2720 931 2778 haesitassem
959 2721 1204 2792 ignarus
1233 2722 1379 2795 quid
1395 2723 1884 2794 respondendum
1897 2729 2076 2793 esset,
2092 2739 2151 2794 pe

2300 2729 2458 2795 φησὶν
2508 2722 2715 2788 ἐκεῖνος,
2771 2727 2829 2776 τό
2876 2726 2966 2797 μὲν
3025 2728 3271 2798 πρότερον
3326 2728 3473 2800 παρὰ
3526 2729 3698 2798 φύσιν,
3736 2723 3789 2773 τό
3831 2714 3878 2770 δὲ

537 2809 883 2881 tiissemque
916 2809 995 2866 ab
1023 2810 1146 2877 illo,
1176 2816 1238 2866 ut
1272 2812 1402 2883 ipse
1444 2812 1586 2867 mihi
1642 2812 1768 2867 eius
1797 2813 1883 2867 rei
1940 2827 2153 2867 causa:

1940 2827 2190 2867 causam
2254 2842 2259 2847 ο
2302 2808 2538 2886 δεύτερον
2571 2816 2707 2865 κατὰ
2746 2817 2901 2886 φύσιν
2933 2813 3047 2866 ἐστὶ
3076 2822 3167 2867 τοῦ
3196 2816 3363 2886 θυμοῦ

534 2904 889 2970 exponeret;
925 2899 1095 2967 Quia,
1115 2899 1326 2972 inquit,
1361 2901 1523 2973 prior
1551 2900 1797 2973 quidem
1819 2898 2051 2957 affectio
2083 2905 2291 2957 contra
2313 2908 2607 2969 naturam,
2634 2903 2927 2975 posterior
2959 2918 3100 2959 vero
3132 2904 3471 2961 secundum
3499 2900 3685 2960 animi
3714 2901 3868 2956 natu-

537 3003 669 3046 ram
695 2992 805 3045 est.

606 3081 661 3134 3.
691 3077 925 3135 Accessi
954 3077 1086 3151 ipso
1115 3076 1344 3135 fervido
1378 3077 1622 3136 meridie
1653 3078 1731 3135 ad
1762 3082 2039 3135 sanctum
2086 3095 2190 3152 pa-
2219 3097 2222 3121 ‹

2360 3078 2413 3134 3.
2466 3078 2761 3155 Παρέϐαλον
2817 3078 2933 3133 κατ’
2988 3079 3151 3139 αὐτὴν
3208 3084 3303 3141 τήν
3374 3083 3635 3157 σταθερὰν
3696 3094 3881 3153 μεσημ-

534 3171 684 3224 trem
697 3169 1038 3237 Macarium,
1052 3174 1109 3225 et
1124 3168 1214 3224 siti
1229 3168 1612 3225 vehementer
1624 3184 1949 3241 oppressus
1963 3185 2150 3241 aqua:

2290 3167 2439 3242 ϐρίαν
2495 3178 2568 3239 τῷ
2620 3171 2751 3241 ἁγίῳ
2792 3174 2955 3243 πατρὶ
3008 3175 3285 3245 Μακαρίῳ,
3343 3177 3442 3225 καὶ
3494 3172 3609 3225 λίαν
3666 3171 3760 3223 ὑπὸ
3802 3173 3881 3227 τῆς

531 3250 674 3329 petii
706 3257 783 3313 ad
808 3256 1160 3313 bibendum.
1194 3260 1246 3312 Is
1277 3263 1476 3313 autem
1511 3257 1787 3323 :Umbra,
1817 3258 2026 3331 inquit,
2050 3273 2147 3313 cor

2291 3254 2457 3329 δίψης
2502 3258 2809 3330 γλεγόμενος
2852 3262 3006 3317 ἣτουν
3064 3256 3208 3331 ὕδωρ
3278 3267 3443 3316 πιεῖν.
3507 3262 3532 3313 ὁ
3588 3256 3648 3314 δέ
3695 3270 3877 3331 φησιν·

532 3351 729 3402 tentus
758 3352 904 3402 esto.
938 3345 1092 3402 Multi
1121 3346 1301 3412 enim,
1334 3346 1437 3418 qui
1478 3362 1637 3403 nunc
1667 3347 1776 3403 iter
1816 3345 2040 3402 faciunt
2094 3362 2148 3402 vc

2289 3345 2576 3421 ἀρκεσθητι
2612 3355 2675 3419 τῇ
2731 3340 2892 3420 σκιᾷ·
2923 3347 3101 3401 πολλοὶ
3149 3350 3249 3422 γὰρ
3294 3356 3382 3401 νῦν
3433 3347 3817 3425 ὁδοιποροῦντες
3853 3340 3876 3401 ἦ

531 3434 1026 3505 navigant,etiam
1037 3435 1216 3490 huius
1238 3440 1441 3490 carent
1470 3435 1850 3492 solatio.Dein
1869 3434 2140 3507 disputau

2288 3436 2517 3498 πλέοντες
2566 3442 2657 3489 καὶ
2719 3444 2915 3499 ταῦτης
2980 3436 3310 3511 ἐστέρηνται.
3380 3435 3499 3493 εἶτα
3563 3440 3745 3512 λόγους
3792 3452 3878 3508 μου

532 3521 680 3579 mihi
711 3530 768 3579 et
791 3523 866 3579 de
893 3522 1255 3579 abstinentia
1278 3539 1418 3579 cum
1442 3539 1514 3579 eo
1545 3523 1897 3580 conferenti:
1918 3523 2148 3580 Conﬁde

2286 3527 2411 3599 πρὸς
2468 3524 2622 3578 αὐτὸν
2680 3530 2797 3598 περὶ
2856 3528 3160 3599 ἐγκρατείας
3219 3528 3579 3600 γυμνάζοντος
3619 3544 3633 3559 ⁸
3694 3528 3876 3600 θάρσει,

531 3612 747 3684 inquit,
773 3612 853 3667 ﬁli
880 3634 901 3681 ,-
930 3618 1083 3669 totos
1113 3612 1315 3683 viginti
1347 3628 1539 3668 annos
1570 3627 1764 3684 neque
1792 3628 1946 3684 pane
1990 3628 2147 3684 nequ

2288 3616 2466 3684 φησίν,
2502 3613 2540 3664 ὧ
2580 3616 2775 3679 τέκνον,
2833 3612 2880 3665 ἓν
2913 3614 3049 3676 ὅλοις
3105 3617 3271 3668 ἔτεσιν
3339 3619 3515 3672 εἴκοσι
3566 3620 3683 3670 οὔτε
3735 3615 3878 3688 ἄρτου

530 3717 691 3774 aqua
704 3717 897 3774 neque
911 3716 1127 3757 somno
1143 3718 1284 3756 usus
1308 3717 1445 3757 sum
1460 3701 1537 3757 ad
1551 3701 1900 3758 satietatem.
1920 3704 2065 3758 Nam
2083 3717 2146 3773 pa

2285 3703 2402 3755 οὔτε
2452 3698 2647 3764 ὕδατος
2678 3706 2795 3756 οὔτε
2841 3703 3004 3757 ὕπνου
3058 3708 3209 3779 κόρον
3255 3705 3445 3779 εἴληφα
3486 3724 3500 3737 ·
3535 3709 3623 3760 τόν
3679 3701 3876 3778 μὲνγὰρ

529 3806 671 3847 nem
685 3807 887 3847 meum
908 3797 1069 3847 certo
1095 3790 1360 3862 pondere
1373 3790 1627 3857 comedi,
1643 3806 1865 3864 aquam
1880 3791 2004 3847 bibi
2022 3797 2143 3847 cert

2284 3792 2436 3865 οἶρτον
2475 3810 2575 3863 μου
2615 3794 2800 3851 ἤσθιον
2834 3791 3072 3866 σταθμῷ,
3106 3797 3163 3845 τὸ
3199 3790 3258 3848 δε
3309 3791 3458 3873 ὕδωρ
3502 3798 3672 3850 ἔπινον
3701 3797 3876 3868 μέτρῳ,

528 3896 831 3947 mensura,
852 3897 923 3938 ac
947 3880 1435 3952 somniexiguam
1450 3888 1680 3954 partem
1693 3880 2018 3938 suffuratus
2043 3898 2144 3937 suc

2283 3888 2392 3943 τοῖς
2423 3885 2628 3954 τοίχοις
2679 3877 2737 3935 δε
2793 3881 3014 3955 ἐμαυτόν
3054 3883 3402 3958 παρακλίνων,
3461 3889 3650 3961 μικρὸν
3700 3902 3750 3936 τι
3799 3884 3878 3932 τοῦ

527 3970 877 4028 inclinando
907 3986 1004 4027 me
1034 3970 1112 4028 ad
1138 3971 1416 4043 parietes.

2281 3969 2445 4023 ὕπνου
2474 3974 2627 4045 μέρος
2657 3971 2965 4044 ἀφήρπαζον

2070 4096 2320 4153 NOTAE.

600 4224 689 4291 (α)
729 4220 814 4277 Cf.
862 4222 1023 4278 Socr.
1075 4219 1217 4276 Hist.
1278 4220 1432 4276 Eccl.
1486 4219 1590 4275 lib.
1621 4220 1690 4275 IV
1744 4235 1877 4293 cap.
1930 4224 1998 4277 23
2029 4222 2144 4286 ;VV

528 4291 629 4373 BP.
653 4295 883 4373 ΔΙῖοεῇιινη
914 4291 1015 4373 lib.
1041 4293 1099 4346 V.
1120 4291 1304 4373 libet].
1447 4296 1513 4373 3i
1544 4291 1802 4373 ;lib_,_}’ll
1835 4308 1967 4373 cap.
2002 4296 2089 4358 37,
2112 4295 2144 4347 4

2289 4223 2439 4277 Mon.
2473 4223 2532 4277 T.
2565 4221 2674 4345 lg.
2708 4219 2839 4276 546.

2288 4291 2601 4373 ‘__(b)_§f.__.
2654 4306 2776 4373 cer.
2811 4290 3160 4373 [:l‘ist._hEccl.
3191 4291 3236 4350 Ι.
3276 4291 3319 4348 Ι.
3357 4310 3372 4363 ;
3404 4294 3523 4351 VV.
3557 4294 3663 4351 PP.
3697 4293 3878 4350 Rosw.

531 4365 1155 4446 §ententiaeIAegy_pt.
1203 4362 2008 4446 [siuti-3'Apo‘plithegm{ita~
2041 4380 2088 4417 s.
2123 4380 2173 4418 v.
2286 4362 2389 4419 lib.
2430 4362 2784 4432 VI,libe114,
2814 4363 2902 4421 17.
2947 4362 3032 4418 18.

532 4432 1235 4507 MacariusAeggjptius,§
1263 4432 1485 4500 XXXVI,
1521 4432 1764 4490 Coteler.
1791 4434 1945 4490 Eccl.
1972 4435 2173 4491 Graec.

2168 4720 2242 4780 ΙΙ.

1380 4862 2066 4927 APOPHTHEGMATA
2109 4862 2381 4928 SANCTI
2423 4862 2742 4926 MACARII
2786 4863 3039 4926 MAGNI

1995 5005 2406 5088 [AEGYPTII‘I

1804 5162 1846 5208 Α
1874 5162 2064 5209 ΡΕΤΒΟ
2111 5162 2356 5211 POSSINO
2403 5160 2608 5209 EDITA.

1242 5284 1379 5338 Petri
1410 5283 1618 5339 Possini
1637 5283 1942 5337 Thesaurus
1966 5284 2248 5343 asceticus,
2279 5283 2493 5335 Parisiis
2522 5282 2663 5340 1684,
2692 5283 2763 5339 4ο,
2796 5296 2849 5348 p.
2886 5283 2979 5335 243
3007 5296 3130 5349 sqq.

593 5589 847 5656 Quidam
873 5602 903 5644 e
944 5584 1223 5644 fratribus
1266 5585 1651 5656 interrogavit
1688 5583 2007 5642 Macarium
2045 5597 2209 5669 mea]

2595 5578 2849 5655 Ἀδελφὸς
2914 5581 3153 5657 ἠρώτησε
3227 5584 3315 5635 τόν
3366 5582 3534 5637 ἆϐϐᾶν
3610 5580 3874 5654 Μακάριόν

520 5695 709 5754 gnum
723 5677 1025 5745 abbatem,
1039 5676 1378 5751 exquirens,
1397 5689 1699 5751 quaenam
1718 5677 1890 5739 esset,
1906 5671 2036 5729 etin
2048 5686 2136 5744 qui

2281 5672 2367 5724 τὸν
2408 5676 2592 5746 μέγαν,
2651 5670 2809 5747 λέγων
2861 5674 2977 5752 περὶ
3037 5671 3356 5743 τελειότητος
3386 5690 3403 5710 ο
3454 5674 3545 5729 καὶ
3575 5668 3874 5744 ἀποκριθεὶς
