4092 6252
305 307 418 363 233

322 433 534 503 ὁγίρων
591 426 724 480 εἶπεν
757 442 771 456 ⁸
828 426 912 478 ἐὰν
969 429 1041 497 μὴ
1096 428 1357 482 κτήσηται
1413 424 1684 497 ἄνθρωπος
1725 429 1898 477 ταπεί-
1935 424 1980 479 Α

319 540 466 573 νωσιν
485 517 706 589 μεγάλην
741 523 802 587 τῇ
837 511 1037 588 καρδίᾳ
1084 514 1242 565 αὐτοῦ
1279 517 1366 565 καὶ
1401 522 1472 584 τῷ
1519 519 1725 586 σώματι
1757 531 1769 544 ⁸
1810 520 1900 567 καὶ

320 614 384 682 μὴ
421 614 614 680 μετρεῖν
673 605 853 658 ἑαυτὸν
912 606 960 655 ἓν
1019 623 1121 655 τινι
1176 605 1451 676 πράγματι
1481 618 1492 629 ⁸
1535 602 1663 655 ἀλλά
1712 603 1900 675 μᾶλλον

317 700 497 750 τιθέναι
553 696 733 748 ἑαυτὸν
791 692 839 745 ἐν
897 698 1204 745 ταπεινώσει
1248 694 1490 744 ὑποκάτω
1521 700 1610 753 τῆς
1648 698 1900 753 κτίσεως·

313 789 471 839 καὶτὸ
495 790 568 856 μὴ
604 792 774 856 κρῖναι
806 784 934 846 ὅλως
964 802 1080 834 τινα
1106 782 1148 834 εἰ
1177 786 1249 853 μὴ
1293 781 1472 834 ἑαυτὸν
1502 787 1654 853 μόνον
1685 797 1698 812 ⁸
1732 787 1820 836 καὶ
1849 785 1904 834 τὸ

309 877 574 947 ὑποφέρειν
603 873 750 947 ύϐριν
776 895 789 908 ο
818 877 908 925 καὶ
936 876 992 924 τὸ
1033 870 1369 945 ἀπορρίπτειν
1418 869 1518 922 ἀπὸ
1548 879 1639 931 τῆς
1686 868 1906 943 καρδίας

307 971 478 1018 πᾶσαν
521 968 710 1016 κακίαν
752 979 764 994 ⁸
803 967 892 1015 καὶ
933 960 1220 1034 βιάζεσθαι
1265 960 1441 1013 ἑαυτὸν
1481 957 1609 1013 εἶναι
1647 964 1907 1033 μακροθυ-

308 1073 421 1127 μον,
464 1057 730 1126 χρηστὸν,
766 1048 1094 1124 φιλάδελφον,
1127 1055 1384 1121 σώφρονα,
1413 1049 1633 1124 ἐγκρατῆ
1669 1070 1683 1084 ·
1718 1055 1906 1122 γέγρα-

309 1162 435 1196 πται
463 1145 565 1216 γάρ
593 1145 666 1212 (a)
693 1163 704 1176 -
741 1141 1036 1214 βιαστῶν
1072 1139 1214 1191 ἐστι
1246 1141 1262 1174 ¹
1315 1138 1626 1210 βασιλεία
1656 1147 1770 1191 τῶν
1819 1139 1910 1192 ού-

313 1240 510 1304 ρανών
529 1251 540 1264 ·
569 1234 737 1284 καὶτὸ
770 1231 901 1304 ὀρθά
923 1228 1130 1302 βλέπειν
1158 1235 1266 1289 τοῖς
1297 1227 1600 1299 ὀφθαλμοῖς,
1624 1234 1709 1282 καὶ
1739 1232 1795 1280 τὸ
1819 1249 1908 1300 φυ-

314 1321 468 1378 λακην
494 1323 637 1392 ἔχειν
659 1329 755 1382 τῆς
778 1319 1046 1391 γλώσσης,
1078 1322 1163 1371 καὶ
1189 1317 1524 1390 ἀποστροφὴν
1554 1319 1732 1378 πάσης
1754 1316 1912 1379 ἀκοῆς

309 1415 536 1482 ματαίας
554 1415 644 1462 καὶ
674 1409 908 1483 ὀλεθρίου
942 1426 953 1438 ⁸
979 1413 1068 1461 καὶ
1100 1412 1192 1466 τὴν
1220 1415 1318 1459 τῶν
1343 1415 1538 1479 χειρῶν
1570 1404 1913 1465 δικαιοσύνην

309 1504 398 1552 καὶ
426 1504 484 1552 τὸ
518 1507 615 1561 τῆς
644 1495 868 1572 καρδίας
901 1500 1129 1570 καθαρόν
1155 1500 1285 1568 πρός
1323 1500 1408 1548 τόν
1441 1500 1589 1561 Θεὸν,
1621 1502 1710 1549 καὶ
1740 1500 1797 1548 τό
1823 1503 1914 1548 τοῦ

936 1593 1024 1640 καὶ
1308 1590 1363 1638 τὸ
1405 1589 1544 1657 ἔχειν
1576 1591 1668 1644 τὴν
1708 1591 1915 1657 μνήμην

316 1686 409 1731 τοῦ
467 1680 689 1731 θανάτου
728 1681 825 1752 πρὸ
883 1677 1154 1748 ὀφθαλμῶν
1209 1676 1325 1728 καθ’
1374 1678 1588 1748 ἡμέραν,
1652 1680 1740 1727 καὶ
1788 1675 1915 1726 ἀπο-

315 1595 557 1661 σώματος
609 1588 827 1641 ἄσπιλον
860 1605 872 1619 ·

315 1771 486 1838 ταγην
517 1775 608 1829 τῆς
639 1769 771 1819 κατά
809 1775 1006 1836 πνεῦμα
1044 1765 1200 1838 ὀργῆς
1243 1769 1332 1816 καὶ
1388 1769 1595 1826 κακίας,
1659 1769 1748 1815 καὶ
1794 1763 1919 1815 ἀπο-
1951 1777 1993 1832 Β

314 1861 485 1928 ταγὴν
524 1865 616 1916 τῆς
671 1857 816 1919 ὕλης,
867 1860 955 1908 καὶ
1001 1863 1100 1907 τῶν
1153 1857 1288 1906 κατὰ
1319 1855 1490 1926 σάρκα
1523 1862 1784 1924 συγγενῶν
1810 1853 1919 1924 ἅμα

310 1950 401 1998 καὶ
461 1943 706 2004 ἡδονῶν·
745 1950 836 1998 καὶ
882 1944 1150 2015 ἀποταγήν
1221 1951 1294 2013 τῷ
1353 1939 1579 2013 διαϐόλῳ
1645 1948 1734 1994 καὶ
1786 1949 1920 1996 πᾶσι

309 2043 416 2096 τοῖς
457 2037 631 2108 Eph/ot;
661 2035 822 2088 αύτοῦ
863 2051 877 2064 ⁸
910 2039 1000 2086 καὶ
1030 2037 1087 2086 τὸ
1114 2030 1460 2092 ἀδιαλείπτως
1489 2034 1914 2107 προσεύχεσθαι·

308 2129 398 2177 καὶ
478 2123 530 2176 ἓν
583 2129 739 2176 παντὶ
802 2131 968 2198 καιρῷ
1027 2127 1118 2175 καὶ
1165 2127 1306 2193 τόπῳ
1363 2126 1452 2174 καὶ
1513 2124 1783 2194 πράγματι
1829 2126 1919 2174 καὶ

306 2218 464 2266 παντὶ
512 2216 652 2285 ἔργῳ
712 2211 1046 2288 παρεδρεύειν
1116 2220 1228 2283 Θεῷ
1281 2231 1292 2243 ·
1345 2211 1403 2263 ού
1466 2207 1686 2264 δύναται
1737 2211 1920 2272 τέλειος

303 2302 453 2358 εἶναι.

372 2569 426 2624 2.
482 2563 750 2640 Ἀδελφός
814 2566 1055 2639 ἠρώτησε
1112 2569 1366 2639 γέροντα·
1424 2565 1580 2631 ἀϐϐᾶ,
1632 2574 1740 2628 πῶς
1787 2574 1917 2619 ποιῶ

300 2660 474 2710 πάντα
517 2658 588 2708 τὰ
626 2659 889 2730 πρέποντα
919 2654 967 2706 ἐν
1018 2662 1087 2725 τῷ
1126 2654 1302 2726 κελλίῳ
1353 2674 1474 2726 μου,
1507 2660 1596 2707 καὶ
1636 2654 1740 2726 οὐχ
1779 2656 1920 2728 εὑρί-

305 2766 415 2799 σκω
470 2745 810 2819 παράκλησιν
851 2745 952 2797 ἀπὸ
1001 2753 1091 2797 τοῦ
1134 2752 1307 2811 Θεοῦ;
1348 2745 1482 2815 λέγει
1530 2744 1670 2815 αύτῷ
1719 2748 1912 2818 γέρωνο

302 2841 458 2888 τοῦτὸ
526 2855 614 2888 σοι
653 2835 929 2907 συμϐαίνει
988 2831 1081 2887 διὰ
1121 2837 1180 2886 τό
1230 2831 1615 2906 συνδιατρίϐειν
1659 2853 1714 2887 σε
1754 2833 1918 2906 ἀπρα-

304 2929 526 2997 γοτέρῳ,
587 2929 674 2976 καὶ
721 2923 1007 2996 βούλεσθαί
1057 2942 1113 2975 σε
1164 2926 1220 2975 τὸ
1273 2923 1469 2994 θελημά
1506 2943 1598 2975 σου
1637 2922 1912 2996 προϐῆναι.

306 3013 445 3085 λέγει
475 3015 501 3064 6
543 3010 764 3084 ἀδελφὸς
801 3017 1006 3087 γέροντι
1042 3029 1053 3042 ⁸
1087 3016 1139 3064 τί
1198 3009 1285 3064 οὖν
1347 3012 1504 3074 θέλεις
1555 3013 1636 3064 ἵνα
1687 3019 1913 3077 ποιήσω,

311 3104 524 3176 πάτερ;
581 3106 713 3174 λέγει
757 3105 783 3154 6
838 3106 1016 3176 γέρων,
1074 3101 1278 3167 ἄπελθε,
1329 3101 1610 3160 κολλήθητι
1667 3101 1916 3174 ἀνθρώπῳ
1955 3134 1993 3188 C

549 3191 843 3263 φοϐουμένῳ
891 3194 978 3243 τόν
1021 3196 1170 3258 Θεὸν,
1211 3195 1301 3242 καὶ
1341 3195 1659 3244 ταπείνωσον
1702 3195 1916 3243 σεαυτὸν

316 3280 480 3348 αύτῷ,
529 3285 616 3332 καὶ
667 3277 819 3342 ἔκδος
867 3283 924 3332 τὸ
980 3279 1176 3351 θέλημά
1227 3298 1321 3332 σου
1358 3294 1371 3308 ⁸

318 3367 644 3438 παράκλησιν
676 3367 773 3421 ἀπὸ
811 3375 899 3422 τοῦ
930 3376 1088 3425 Θεοῦ.

1423 3284 1512 3331 καὶ
1542 3284 1656 3332 τότε
1682 3281 1802 3352 εύρὴ
1814 3299 1916 3341 σεις

395 3541 446 3597 3.
490 3539 609 3597 Εἶπε
657 3548 813 3618 γέρων
846 3563 858 3576 ⁸
894 3547 918 3598 6
951 3546 1315 3618 εἰσερχόμενος
1368 3545 1435 3606 εἰς
1465 3545 1770 3618 μυρεψικὸν,
1820 3546 1914 3600 κᾶν

313 3628 487 3705 μηδὲν
529 3632 784 3708 ἀγοράσῃ,
837 3633 962 3688 ἀλλά
1007 3637 1209 3696 πάντως
1258 3634 1638 3706 μεταλαμϐάνει
1663 3645 1753 3697 τῆς
1793 3637 1915 3689 εύω-

313 3718 474 3783 δίας·
522 3723 656 3775 ούτω
697 3729 785 3776 καὶ
845 3726 871 3776 ὁ
923 3723 1263 3798 παραϐάλλων
1317 3731 1424 3787 τοῖς
1496 3727 1778 3799 πατράσιν,
1830 3725 1913 3777 ξαν

310 3812 504 3886 θελήσῃ
557 3812 904 3888 ἐργάσασθαι,
975 3811 1405 3866 ὑποδεικνύουσιν
1451 3813 1590 3883 αύτῷ
1647 3819 1740 3872 τὴν
1790 3810 1913 3867 ὁδὸν

306 3909 403 3963 τῆς
462 3909 862 3964 ταπεινώσεως·
917 3907 1006 3955 καὶ
1047 3910 1225 3974 τεῖχος
1269 3902 1428 3955 αὑτοῦ
1475 3907 1674 3974 γίνεται
1705 3902 1752 3954 ἐν
1800 3911 1914 3964 ταῖς

304 3987 625 4064 ἐπιδρομαῖς
658 3999 756 4042 τῶν
788 3987 1072 4064 δαιμόνων.

377 4083 430 4135 4.
465 4077 592 4133 Εἶπε
638 4083 801 4154 γέρων
839 4097 851 4109 ⁸

304 4173 378 4240 μὴ
424 4168 665 4242 ὀλιγώρει
697 4186 708 4198 ⁸

304 4259 538 4310 κοῦσθαι
584 4265 654 4328 τῷ
717 4263 936 4328 σώματι,
1010 4261 1074 4310 σύ
1105 4266 1182 4321 τίς
1223 4255 1270 4311 εἴ
1305 4261 1329 4310 ὁ
1375 4255 1780 4331 δυσχεραίνων;
1822 4259 1914 4312 ούκ

906 4079 989 4132 ἐὰν
1030 4081 1204 4153 φθάσῃ
1240 4099 1322 4133 σοι
1354 4078 1621 4154 ἀῤῥωστία
1652 4086 1911 4152 σώματος,

758 4171 842 4220 ἐὰν
885 4172 986 4243 γὰρ
1029 4169 1146 4242 θελῃ
1191 4188 1248 4222 σε
1295 4171 1320 4222 ὀ
1370 4167 1634 4231 δεσπότης
1676 4189 1770 4223 σου
1824 4190 1914 4224 κα-

304 4347 459 4407 αύτός
510 4366 605 4399 σου
638 4348 898 4421 φροντίζει
947 4347 995 4399 ἐν
1037 4353 1171 4400 πᾶσι
1202 4367 1214 4415 ;
1247 4352 1318 4421 μὴ
1370 4348 1532 4422 παρὲξ
1579 4347 1737 4400 αύτοῦ
1773 4348 1910 4422 ζῇςς

306 4435 601 4499 ἀνεξικάκει
648 4432 736 4488 οὖν
779 4442 868 4489 καὶ
909 4437 1193 4511 παρακάλει
1244 4437 1419 4503 αὐτόν,
1483 4445 1780 4510 παρασχεῖν
1833 4457 1915 4490 σοι

307 4530 645 4598 συμφέροντα
687 4543 699 4556 ⁸
733 4533 888 4578 τοῦτο
917 4528 1018 4599 γάρ
1050 4525 1165 4579 ἐστι
1195 4531 1252 4579 τό
1300 4527 1495 4598 θέλημα
1525 4527 1711 4578 αὐτοῦ*
1751 4529 1912 4579 κάθου

303 4619 438 4687 μετά
467 4616 854 4688 μακροθυμίας,
885 4616 1015 4688 φάγε
1043 4615 1272 4689 ἀγάπην.

591 4788 646 4841 5.
687 4785 810 4839 Εἷπε
839 4788 864 4839 6
904 4790 1066 4860 γέρων
1103 4803 1115 4816 ⁸
1165 4789 1315 4859 φύσει
1355 4789 1438 4840 ἐάν
1487 4791 1628 4841 ἐστιν
1661 4791 1685 4841 ὁ
1719 4792 1913 4865 ἄνθρω-

301 4897 398 4940 πος
445 4877 764 4947 ἀγωνιστής,
817 4874 1026 4928 ἀπαιτεί
1064 4877 1088 4927 6
1133 4879 1256 4938 Θεὸς
1298 4877 1421 4950 παρ’
1466 4877 1647 4944 αὐτοῦ,
1703 4881 1784 4931 ἱνα
1839 4884 1910 4950 μὴ

301 4970 407 5040 ἔχη
467 4967 830 5040 προσπάθειαν
883 4965 1008 5028 ὖλης
1075 4975 1381 5037 σωματικῆς
1427 4967 1519 5028 ἕως
1578 4975 1768 5042 μικρᾶς
1819 4969 1916 5042 ῥα-

306 5053 461 5129 φίδος
490 5073 502 5084 ⁸
535 5051 758 5108 δύναται
805 5058 902 5128 γὰρ
950 5051 1239 5127 ἐμποδίσαι
1279 5055 1438 5108 αὐτοῦ
1470 5060 1554 5108 τὸν
1581 5057 1830 5131 λογισμὸν
1863 5058 1916 5112 ἐκ

302 5153 401 5209 τῆς
427 5141 757 5216 ἀδολεσχίας
791 5151 875 5197 τοῦ
900 5145 1076 5220 ἱμέρου
1107 5148 1195 5197 καὶ
1221 5151 1311 5197 τοῦ
1343 5146 1577 5208 πένθους.

1659 298 2314 357 APOPHTHEGMATA.

3567 307 3670 363 234

2013 425 2123 480 sita
2143 425 2441 496 perfectio.
2457 427 2845 498 Respondens
2859 445 3042 486 senex
3061 479 3071 490 .
3088 431 3227 490 Nisi.
3243 431 3449 504 inquit,
3470 435 3679 507 acqui-

2013 515 2173 571 sierit
2197 517 2378 571 homo
2393 516 2785 574 humilitatem
2813 535 3120 589 magnam,
3146 537 3328 594 quam
3347 538 3465 578 non
3479 523 3675 579 solum

2013 607 2191 660 corde
2225 611 2439 666 teneat,
2471 607 2578 661 sed
2609 613 2665 662 et
2692 624 2944 680 corpore
2973 610 3298 681 praeferat;
3329 613 3389 666 in
3417 613 3583 668 nulla
3613 629 3676 670 re

2014 711 2074 750 se
2097 695 2295 765 ipsum
2321 695 2664 760 aestimans,
2691 697 2794 751 sed
2827 701 3024 768 potius
3049 702 3105 755 in
3131 700 3460 757 humilitate
3484 718 3593 757 sua
3615 717 3677 758 se

2015 783 2168 840 infra
2205 799 2449 840 omnem
2489 790 2829 842 creaturam
2870 803 3104 858 ponens
3141 807 3153 854 ;
3190 805 3311 845 non
3351 789 3676 846 iudicando

2019 888 2285 944 unquam
2319 875 2566 930 omnino
2584 891 2975 947 quemquam,
3005 879 3117 933 nisi
3146 895 3207 934 se
3226 879 3421 935 solum
3451 896 3464 945 ;
3496 879 3679 935 suffe-

2018 961 2205 1018 rendo
2231 962 2677 1030 contumeliam,
2702 964 2993 1021 eiiciendo
3012 982 3082 1021 ex
3103 968 3282 1023 corde
3299 984 3408 1023 suo
3431 983 3676 1024 omnem

2020 1051 2309 1107 malitiam
2338 1068 2350 1117 ;
2387 1052 2504 1106 vim
2545 1052 2657 1107 sibi
2681 1053 2958 1110 faciendo
2981 1055 3058 1110 ad
3090 1057 3223 1122 hoc,
3271 1063 3331 1112 ut
3363 1059 3436 1112 sit
3463 1057 3678 1127 longa-

2020 1141 2220 1206 nimis,
2263 1140 2599 1210 benignius,
2633 1142 2882 1200 fratrum
2910 1153 3161 1211 amator,
3201 1145 3460 1211 sobrius,
3493 1147 3680 1203 conti-

2022 1245 2172 1285 nens
2202 1246 2216 1294 ;
2248 1231 2531 1301 scriptum
2551 1235 2642 1285 est
2670 1233 2828 1287 enim
2882 1253 2893 1291 :
2941 1234 3065 1290 Vim
3095 1235 3206 1290 sibi
3222 1236 3576 1304 facientium
3594 1238 3678 1291 est

2023 1334 2269 1388 regnum
2285 1320 2766 1385 coelorum,recta
2780 1325 3003 1378 tantum
3017 1323 3288 1393 videndo,
3307 1324 3512 1392 lingua
3527 1340 3681 1379 mcu-

2024 1409 2359 1473 stodiendo,
2389 1409 2852 1481 avertendisque
2870 1411 3117 1466 auribus
3147 1413 3222 1468 ab
3245 1413 3412 1468 omni
3430 1413 3683 1469 auditio-

2024 1513 2099 1554 ne
2129 1513 2284 1554 vana
2316 1502 2372 1553 et
2403 1498 2580 1554 noxia
2612 1516 2624 1564 ;
2661 1515 2878 1555 manus
2911 1501 3188 1566 tenendo,
3231 1517 3305 1556 ne
3344 1501 3680 1573 quidquam

2026 1587 2138 1642 nisi
2177 1586 2401 1642 iustum
2443 1593 2803 1658 operentur;
2838 1605 2940 1644 cor
2980 1590 3277 1646 mundum
3317 1606 3522 1647 coram
3567 1595 3683 1646 Deo

2028 1675 2692 1748 servando,corpusque
2706 1679 2782 1731 im
2793 1677 3084 1748 pollutum
3099 1679 3404 1749 ;habendo
3419 1679 3685 1752 quotidie

2027 1780 2169 1836 prae
2200 1765 2386 1819 oculis
2409 1766 2614 1820 mortis
2643 1768 2995 1822 memoriam
3021 1769 3412 1837 ;abnegando
3439 1770 3598 1824 intus
3624 1769 3686 1824 in

2029 1855 2234 1925 spiritu
2262 1856 2411 1909 iram
2442 1859 2498 1909 et
2527 1854 2833 1920 malitiam,
2854 1858 3111 1911 exterius
3135 1863 3336 1912 autem
3372 1859 3683 1914 materiam

2029 1947 2082 1998 et
2113 1959 2205 1998 res
2242 1942 2572 2007 sensibiles.
2605 1950 2895 2013 cognatos
2921 1960 3164 2017 quoque
3197 1946 3530 2002 secundum
3559 1963 3686 2002 car-

2028 2047 2167 2088 nem
2181 2032 2822 2104 simulquevoluptates
2842 2052 2858 2104 ;
2876 2034 3429 2091 renuntiandoitem
3444 2035 3688 2091 diabolo

2028 2126 2084 2176 et
2111 2121 2337 2176 cunctis
2375 2120 2658 2187 operibus
2715 2122 2840 2177 eius
2900 2140 2913 2190 ;
2971 2123 3048 2179 ad
3101 2122 3248 2179 haec
3286 2123 3687 2180 indesinenter

2028 2209 2276 2274 orando,
2319 2213 2375 2264 et
2403 2209 2464 2265 in
2493 2210 2657 2265 omni
2698 2219 2965 2281 tempore
2999 2216 3055 2266 et
3092 2211 3225 2267 loco
3261 2216 3317 2268 et
3360 2213 3599 2282 negotio
3631 2215 3688 2268 et

2028 2313 2208 2370 opere
2237 2298 2531 2354 adstando
2565 2301 2699 2368 Deo,
2746 2305 3244 2373 praesentemque
3275 2301 3587 2358 sentiendo
3614 2317 3684 2358 ac

2027 2387 2372 2442 venerando
2397 2403 2534 2443 eum
2569 2407 2581 2446 ε
2630 2387 2742 2442 nisi
2788 2389 2940 2460 quis,
2996 2389 3267 2461 inquam,
3297 2390 3446 2445 haec
3477 2390 3683 2446 omnia

2027 2476 2245 2543 fecerit,
2278 2478 2570 2549 perfectus
2591 2494 2722 2533 esse
2753 2494 2874 2535 non
2898 2483 3108 2550 potest.

2097 2572 2149 2622 2.
2189 2570 2386 2623 Frater
2433 2567 2807 2637 interrogans
2871 2583 3121 2624 senem:
3197 2568 3397 2633 Abba,
3469 2569 3683 2641 inquit,

2027 2656 2234 2729 quiﬁt,
2272 2661 2353 2721 ut,
2382 2671 2520 2712 cum
2546 2672 2657 2726 ego
2684 2658 2744 2712 in
2787 2657 2999 2714 cellula
3039 2673 3175 2714 mea
3216 2657 3438 2714 faciam
3467 2662 3682 2714 cuncta

2027 2762 2183 2818 quae
2210 2745 2440 2809 decent,
2469 2751 2669 2801 tamen
2692 2761 2812 2802 non
2830 2747 3128 2804 inveniam
3149 2747 3624 2803 consolationem
3653 2763 3690 2804 ο.

2028 2837 2148 2892 Deo
2178 2835 2206 2889 ?
2235 2835 2324 2890 Ait
2361 2836 2440 2892 illi
2491 2851 2670 2891 senex
2704 2853 2715 2891 :
2759 2839 2875 2892 Hoc
2909 2837 3009 2893 tibi
3065 2837 3356 2905 contingit
3402 2852 3492 2907 eo,
3521 2836 3690 2908 quod

2028 2928 2196 2982 vanis
2211 2941 2338 2981 cum
2353 2925 2543 2980 otioso
2557 2925 3144 2981 confabulationibus
3161 2927 3430 2995 indulges
3447 2943 3460 2991 ;
3479 2931 3532 2981 et
3546 2926 3692 2998 quia

1974 3082 1985 3094 .
2027 3015 2276 3070 omnino
2309 3015 2394 3068 vis
2410 3014 2806 3086 potirioptato
2823 3014 3188 3070 voluntatem
3219 3021 3406 3070 tuam.
3427 3017 3689 3086 Respon-

2028 3105 2126 3160 det
2152 3102 2464 3159 fraterseni
2491 3120 2503 3157 :
2538 3101 2689 3169 Quid
2710 3102 2887 3172 igitur
2912 3103 3102 3158 facere
3137 3118 3231 3158 me
3254 3103 3449 3168 iubes,
3475 3103 3689 3173 pater?

2028 3194 2362 3266 Respondet
2414 3207 2640 3247 senex:
2693 3191 2870 3258 Vade,
2918 3192 2999 3247 ini
3043 3191 3511 3248 familiaritatem
3553 3208 3688 3248 cum

2027 3283 2154 3338 viro
2181 3282 2420 3338 timente
2449 3280 2655 3346 Deum,
2681 3289 2737 3337 et
2760 3279 3014 3336 humilia
3037 3290 3092 3336 te
3118 3280 3320 3351 ipsum
3359 3295 3564 3336 coram
3595 3296 3688 3350 eo,

2027 3379 2082 3429 et
2111 3370 2396 3427 renuncia
2433 3370 2722 3427 voluntati
2765 3375 2899 3426 tuae
2928 3387 2940 3425 :
2971 3375 3027 3428 et
3067 3376 3206 3426 tunc
3257 3370 3520 3426 invenies
3551 3385 3693 3427 con-

2026 3462 2375 3518 solationem
2403 3477 2439 3516 a
2470 3462 2615 3516 Deo.

2097 3556 2148 3608 3.
2213 3551 2362 3606 Dixit
2409 3565 2586 3605 senex
2622 3549 2767 3615 :Qui
2806 3548 3134 3620 ingreditur
3185 3547 3532 3620 seplasiam,
3573 3546 3684 3605 etsi

2023 3640 2363 3704 nihilemat,
2399 3639 2646 3694 omnino
2686 3643 2885 3693 tamen
2917 3636 3129 3692 fruitur
3183 3637 3387 3692 odore.
3432 3637 3524 3693 Sic
3584 3635 3690 3708 qui

2024 3733 2407 3785 conversatur
2455 3743 2593 3782 cum
2639 3726 2934 3797 patribus,
2986 3725 3284 3797 siquidem
3350 3725 3490 3781 velit
3532 3729 3690 3781 recte

2025 3832 2219 3888 agere,
2254 3817 2413 3872 viam
2431 3816 2481 3870 ei
2511 3815 2830 3870 ostendunt
2873 3813 3308 3869 humiliationis
3341 3831 3354 3879 ;
3398 3820 3454 3868 et
3479 3829 3686 3869 eorum

2023 3904 2300 3976 exempla
2315 3905 2612 3975 verbaque
2632 3905 2819 3959 instar
2841 3901 2922 3957 illi
2945 3902 3097 3957 muri
3121 3902 3351 3958 suntad
3371 3901 3687 3958 arcendasi

2021 3996 2392 4051 daemonum
2441 3993 2829 4048 incursiones.
3549 4010 3553 4012 ·

2092 4085 2146 4138 4.
2181 4083 2330 4136 Dixit
2387 4097 2570 4136 senex
2626 4101 2639 4136 :
2689 4081 2743 4136 Si
2789 4086 2841 4135 te
2870 4079 3183 4135 infirmitas
3256 4081 3510 4148 occupet
3563 4093 3687 4133 cor-

2025 4174 2207 4245 poris,
2251 4187 2324 4226 ne
2353 4170 2634 4226 demittas
2667 4171 2956 4224 animum.
3010 4169 3066 4224 Si
3093 4168 3253 4223 enim
3304 4166 3441 4222 velit
3492 4166 3689 4222 Domi-

2027 4278 2139 4317 nus
2183 4266 2320 4316 tuus
2353 4259 2562 4314 morbo
2595 4264 2646 4313 te
2691 4273 2978 4327 corporeo
3025 4256 3232 4325 afﬂigi,
3282 4261 3343 4310 tu
3400 4254 3536 4327 quis
3599 4271 3684 4319 es,

2026 4352 2122 4423 qui
2149 4366 2323 4420 aegre
2351 4349 2498 4404 ferre
2547 4346 2821 4403 audeas?
2852 4349 3055 4402 Nonne
3089 4345 3196 4417 ipsi
3231 4345 3312 4400 tui
3368 4359 3575 4400 curam
3623 4344 3685 4400 in

2025 4439 2308 4495 omnibus
2339 4438 2486 4508 gerit
2519 4437 2547 4492 ‘I
2596 4442 2684 4492 An
2730 4436 2855 4491 sine
2907 4436 3038 4506 ipso
3092 4435 3180 4489 vel
3212 4439 3383 4505 potes
3424 4434 3616 4488 vivere
3657 4434 3684 4488 ‘?

2027 4529 2320 4586 Patienter
2345 4543 2486 4599 ergo
2546 4525 2750 4593 tolera,
2810 4529 2864 4580 et
2921 4540 3024 4579 ora
3053 4539 3211 4588 eum,
3264 4527 3323 4576 ut
3369 4521 3474 4577 tibi
3526 4536 3682 4594 quae

2023 4615 2663 4688 expediuntpraebeat.
2696 4617 2846 4670 Haec
2879 4613 3039 4669 enim
3071 4617 3158 4667 est
3200 4611 3474 4666 voluntas
3531 4609 3677 4686 eius.

2025 4705 2172 4762 Sede
2195 4721 2327 4760 cum
2359 4703 2830 4774 longanimitate,
2862 4701 3111 4757 comede
3137 4700 3508 4756 charitatem.

2095 4799 2144 4848 5.
2184 4794 2333 4849 Dixit
2362 4809 2540 4849 senex
2569 4809 2582 4847 :
2607 4792 2664 4846 Si
2698 4798 2913 4848 natura
2933 4791 3117 4846 homo
3148 4794 3400 4846 certator
3421 4792 3526 4852 est,
3563 4787 3680 4843 exi-

2025 4883 2104 4953 git
2132 4883 2208 4938 ab
2240 4898 2309 4937 eo
2333 4885 2509 4948 Deus,
2557 4896 2631 4937 ne
2665 4881 2881 4937 aﬁectu
2927 4881 3112 4936 nimio
3143 4879 3449 4934 inhaereat
3499 4881 3683 4933 mate-

2023 4972 2144 5028 riae
2166 4986 2454 5042 corporae
2481 4972 2784 5043 cuiquam,
2822 4984 3015 5042 usque
3044 4968 3122 5024 ad
3153 4967 3446 5023 minutam
3469 4981 3675 5032 acum;

2025 5061 2268 5117 eaenim
2284 5059 2776 5132 potestimpedire
2792 5063 3055 5115 mentem
3069 5057 3197 5114 eius
3212 5071 3316 5128 per
3333 5054 3681 5127 praestigias

2026 5149 2305 5206 desiderii
2336 5154 2394 5224 et
2426 5149 2736 5232 moeroris.
2777 5213 2784 5222 _

1679 5292 1932 5351 VARIAE
1960 5295 2337 5353 LECTIONES
2353 5337 2365 5351 .

381 5417 398 5433 ⁸
445 5417 630 5481 C01‘l‘.,
662 5429 777 5490 pro
808 5413 919 5469 ἐστ
942 5435 977 5470 ι.
1008 5413 1111 5472 Ed.
1151 5412 1274 5467 ἐπί.

1852 5544 2108 5603 NOTAE.

386 5675 475 5747 (a)
503 5675 700 5736 Matth.
727 5677 809 5741 xi,
837 5675 918 5732 12.
