4092 6252
474 307 580 364 235
1320 306 1420 362 SS.
1465 303 1950 362 MACABIORUM
1989 300 2326 358 AEGYPTII
2370 302 2456 358 ET
2497 299 2987 357 ALEXANDRINI
3741 292 3836 348 236

545 433 598 488 6.
631 430 786 487 Dixit
810 443 1016 486 senex:
1064 431 1262 487 Oratio
1292 437 1347 487 et
1390 448 1598 488 sensus
1629 431 1813 487 sobrii
1841 436 1894 486 et
1916 444 2124 499 corpo-
2153 468 2161 482 ι

2313 433 2366 483 6.
2408 427 2530 482 Εἶπε
2575 432 2738 502 γέρων
2771 446 2785 460 ·
2835 443 3111 500 προσευχη
3161 427 3250 476 καὶ
3296 421 3552 493 λογισμοὶ
3608 423 3843 492 νήφοντες

474 524 558 582 ris
590 519 828 576 vexatio
869 519 1079 574 maiori
1108 536 1245 575 cum
1274 521 1581 591 diligentia
1625 522 1744 576 Deo
1795 519 2015 585 oblata,
2041 519 2090 573 in

2241 523 2329 570 καὶ
2399 524 2638 590 σώματος
2695 519 3048 587 ὑποπιασμός,
3117 512 3210 566 διὰ
3273 512 3506 572 πλείονος
3561 509 3843 580 ἐπιμελείας

477 614 712 668 struunt
741 612 1027 680 potestate
1059 609 1118 664 in
1140 609 1469 680 passiones.

2239 613 2649 682 προσφερόμενα,
2744 611 2802 658 τὸ
2887 607 3022 657 κατὰ
3096 610 3196 656 τῶν
3269 603 3457 654 παθῶν
3536 596 3845 650 ἁναδύονται

2241 699 2450 768 κράτος.

549 795 601 844 7.
639 792 1031 856 Interrogatus
1061 793 1150 844 est
1177 804 1396 845 senex:
1452 789 1607 856 Quid
1661 793 1762 854 est,
1799 789 1992 843 vivere
2023 787 2126 842 ho-

2310 787 2364 840 7.
2415 787 2685 859 Ἠρωτήθη
2736 787 2762 836 ὁ
2791 787 2952 859 γέρων
2985 797 2999 812 ⁸
3043 787 3093 835 τί
3125 781 3236 834 ἔστι
3268 780 3494 844 ξενιτεία
3529 794 3543 844 ;
3587 782 3678 828 καὶ
3705 775 3843 829 εἷπε·

483 879 705 934 minem
727 884 1013 948 tanquam
1044 876 1340 947 hospitem
1375 884 1430 933 et
1467 880 1848 950 peregrinum
1870 878 1896 931 ‘P
1949 880 2012 931 Et
2041 892 2099 931 re

2241 875 2418 946 [εἰπὲί]
2469 876 2563 927 οὐκ
2616 877 2723 947 ἔχω
2772 879 2991 946 πρᾶγμα
3021 891 3034 907 ·
3086 876 3176 923 καὶ
3231 877 3384 923 τοῦτο
3430 871 3571 920 ποίει
3611 865 3659 918 ἐν
3698 870 3847 918 παντὶ

481 967 723 1039 spondit
753 985 764 1021 :
797 966 894 1020 Dic
925 965 1047 1029 tibi,
1074 969 1200 1021 Non
1231 968 1427 1022 habeo
1471 969 1566 1024 hic
1610 969 1939 1037 negotium.
1981 969 2095 1020 Hae

2241 973 2406 1036 καιρῷ
2455 970 2544 1017 καὶ
2600 970 2741 1035 τόπῳ
2795 968 2884 1015 καὶ
2940 964 3213 1036 πράγματι
3272 977 3286 994 ο
3349 961 3444 1010 καὶ
3492 957 3626 1014 αὕτη
3679 952 3848 1010 ἐστὶὴ

478 1056 626 1112 itera
651 1054 818 1110 omni
842 1060 1109 1124 tempore
1138 1060 1194 1110 et
1223 1055 1285 1110 in
1308 1058 1472 1112 omni
1495 1057 1626 1112 loco
1658 1062 1714 1111 et
1743 1055 2089 1126 operatione

1090 1071 1109 1110 3
1138 1060 1194 1110 et
1223 1055 1285 1110 in
1308 1058 1472 1112 omni
1495 1057 1626 1112 loco
1658 1062 1714 1111 et
1743 1055 2089 1126 operatione
2115 1073 2126 1110 :
2244 1053 2441 1117 ἀληθὴς
2467 1054 2706 1117 ξενιτεία.

483 1151 626 1201 tunc
651 1143 765 1199 eris
783 1158 918 1198 vere
945 1143 1005 1198 in
1033 1146 1187 1199 statu
1219 1144 1490 1201 advenae
1516 1152 1572 1200 et
1599 1144 1916 1216 peregrini.

551 1237 605 1291 8.
640 1232 788 1289 Dixit
821 1247 1004 1288 senex
1034 1247 1048 1288 :
1095 1232 1224 1288 Vita
1249 1238 1456 1289 sancta
1496 1236 1622 1289 sine
1665 1234 1935 1289 doctrina
1962 1233 2134 1304 plura

2315 1236 2357 1288 8.
2401 1231 2526 1286 Εἶπε
2555 1233 2580 1284 ὁ
2609 1233 2771 1303 γέρων
2807 1247 2819 1260 ·
2856 1230 2938 1282 ὅτι
2969 1228 3080 1301 βίος
3127 1227 3246 1280 ἄνευ
3299 1225 3463 1297 λόγου
3521 1223 3692 1276 πλεῖον
3733 1223 3855 1293 ἐνερ-

479 1323 644 1379 bona
675 1321 875 1386 efﬁcit,
897 1336 1082 1391 quam
1114 1321 1385 1378 doctrina
1407 1324 1535 1378 sine
1559 1324 1695 1378 vita.
1727 1326 1869 1378 Nam
1893 1326 2095 1378 sanctu

2242 1328 2350 1393 γεῐν
2609 1325 2824 1393 πέφυκεν
2874 1320 2903 1378 ἦ
2956 1318 3109 1388 λόγος
3154 1318 3272 1369 ἄνευ
3327 1313 3455 1387 βίου
3486 1330 3500 1344 ⁸
3545 1315 3572 1365 ὁ
3625 1314 3714 1383 μὶν
3759 1313 3850 1382 γὰρ

482 1411 760 1468 indoctus
805 1409 894 1464 vel
938 1414 1140 1464 tacens
1194 1410 1488 1480 prodest;
1553 1413 1765 1467 doctus
1816 1428 1958 1467 vero
2008 1413 2098 1466 sin

2249 1419 2408 1481 σιγῶν
2461 1409 2637 1481 ὠφελεῖ
2666 1427 2677 1439 ·
2725 1411 2750 1460 ὁ
2806 1405 2865 1461 δὲ
2895 1412 2986 1460 καὶ
3035 1415 3160 1459 νοῶν
3192 1404 3401 1477 ἐνοχλεῖ
3433 1423 3451 1438 ο
3475 1402 3521 1456 εἰ
3549 1398 3608 1454 δε
3654 1405 3741 1452 καὶ
3775 1398 3850 1450 λὸ·

483 1499 818 1567 sanctitate,
867 1498 1050 1553 etiam
1093 1499 1289 1555 solum
1335 1501 1625 1570 cogitans,
1680 1501 1984 1558 obturbat.
2031 1502 2099 1556 Dc

2245 1519 2338 1572 γος
2381 1505 2470 1552 καὶ
2513 1498 2626 1572 βίος
2673 1495 3094 1570 συνδραμοῦνται
3142 1495 3214 1557 εἰς
3254 1495 3324 1561 ἔν,
3371 1493 3682 1566 φιλοσοφίας
3727 1490 3848 1541 ἁπά-

484 1588 674 1644 ctrina
703 1592 900 1643 autem
932 1601 1081 1642 sana
1110 1591 1164 1643 et
1203 1588 1326 1644 vita
1357 1594 1564 1644 sancta
1607 1589 1657 1644 si
1687 1589 1748 1645 in
1780 1605 1967 1644 unum
1991 1605 2100 1645 con

1687 1589 1748 1645 in
1780 1605 1967 1644 unum
1991 1605 2136 1645 con-
2252 1609 2351 1651 σης
2374 1587 2711 1641 ἀποτελοῦσιν
2741 1586 2975 1658 ἄγαλμα.
3295 1606 3297 1608 ·

487 1678 747 1740 currant,
789 1674 1202 1746 philosophiae
1223 1676 1398 1732 totius
1425 1692 1625 1733 veram
1652 1683 1708 1734 et
1731 1678 1971 1749 plenam
2005 1694 2143 1750 spe-

483 1764 632 1820 ciem
664 1763 1006 1820 absolvunt.
2173 1783 2215 1836 Β

560 1856 612 1908 9.
649 1853 798 1908 Dixit
825 1867 1041 1908 senex:
1077 1855 1156 1910 Ne
1187 1854 1439 1920 ambias,
1473 1855 1793 1926 caputﬁeri
1817 1871 2141 1926 congrega-

2323 1859 2374 1912 9.
2433 1852 2555 1907 Εἶπε
2592 1857 2802 1928 γέρων·
2861 1857 2931 1924 μὴ
2981 1852 3217 1924 σπεύσῃς
3273 1847 3599 1920 κεφαλεῦσαι
3649 1840 3850 1914 ἁδελφό-

487 1942 663 1998 tionis
696 1941 964 2006 fratrum,
995 1958 1070 1997 ne
1108 1943 1254 1998 forte
1285 1944 1562 2015 imponas
1590 1944 1742 2000 collo
1773 1952 1874 2002 tuo
1925 1946 2103 2001 alienc

2250 1965 2384 2004 τητα
2425 1959 2436 1971 ·
2477 1946 2560 1995 ἳνα
2605 1948 2676 2016 μὴ
2728 1945 2990 2015 ὲπιθὴσρς
3027 1940 3325 2012 ἀλλοτρίους
3359 1942 3590 2012 φόρτους
3623 1934 3850 2006 ἁμαρτη-

491 2046 627 2087 rum
658 2046 843 2086 onera
881 2037 1290 2102 peccatorum.

2251 2037 2422 2107 μάτων
2450 2033 2533 2086 ἐπὶ
2574 2040 2650 2102 σῷ
2690 2031 2968 2104 τραχήλῳ.

564 2123 650 2177 10.
702 2120 858 2176 Dixit
896 2137 1110 2186 senex;
1162 2121 1290 2176 Vim
1328 2121 1441 2176 sibi
1495 2122 1688 2177 facere
1715 2123 1774 2177 in
1806 2124 2055 2192 orando,
2088 2130 2143 2180 et

2331 2124 2408 2177 l0.
2459 2120 2582 2174 Εἶπε
2608 2125 2633 2173 ὁ
2663 2126 2824 2194 γέρων
2862 2139 2868 2147 ’
2905 2123 2963 2172 τὸ
3012 2120 3143 2191 μετὰ
3183 2116 3309 2190 βίας
3345 2113 3747 2190 προσεύξασθαι
3775 2111 3857 2161 καὶ

487 2208 550 2265 in
576 2209 840 2264 oratione
872 2209 1207 2279 persistere,
1241 2211 1429 2280 gignit
1475 2226 1646 2266 orare
1671 2228 1807 2266 cum
1837 2213 2058 2281 gaudio
2087 2229 2103 2268 ε

2252 2214 2518 2283 ὑπομένειν
2565 2217 2730 2263 τίκτει
2780 2214 2837 2262 τὸ
2895 2212 3025 2281 μετὰ
3072 2213 3248 2280 χαρᾶς
3291 2211 3385 2258 καὶ
3438 2206 3573 2276 μετὰ
3625 2200 3846 2253 ἀναπαύ-

491 2312 630 2353 cum
669 2296 884 2368 quiete.
937 2298 1066 2353 Vim
1097 2299 1258 2354 enim
1301 2299 1413 2354 sibi
1461 2299 1652 2355 facere
1683 2300 1824 2356 boni
1854 2302 2107 2373 proposil

2258 2321 2380 2361 σεως
2429 2301 2816 2374 προσεύξασθαι
2853 2318 2864 2329 ο
2895 2301 3069 2351 καὶτὸ
3116 2300 3205 2369 μὲν
3258 2299 3392 2369 μετά
3427 2294 3574 2367 βίας,
3607 2299 3703 2353 τῆς
3741 2306 3859 2362 προ·

492 2391 615 2443 est:
649 2400 820 2442 orare
849 2391 1050 2443 autem
1080 2401 1219 2442 cum
1248 2388 1446 2460 quiete
1465 2404 1685 2445 munus
1713 2395 1800 2446 est
1826 2391 2064 2460 gratiae.

2053 2432 2064 2445 .
2257 2395 2521 2467 αιρέσεως,
2555 2395 2612 2442 τὸ
2643 2387 2701 2442 δε
2727 2391 2856 2462 μετὰ
2887 2387 3198 2440 ἁναπαύσεω
3212 2406 3250 2452 ς,
3285 2393 3382 2446 τῆς
3413 2386 3669 2456 χάριτος.

1887 2543 2140 2600 VARIAE
2181 2542 2591 2600 LECTIONES.

571 2669 592 2702 ³
620 2661 757 2717 εἱπὶ
785 2677 906 2720 om.
941 2662 1070 2729 Ed.,
1099 2663 1304 2720 addidi
1322 2679 1394 2722 ex
1422 2666 1578 2722 coni.

2093 3035 2200 3095 III.

1267 3217 1969 3281 APOPHTHEGMATA
2001 3219 2274 3284 SANCTI
2304 3219 2623 3280 MACARII
2667 3218 3028 3278 AEGYPTII

1754 3396 1786 3432 Λ
1823 3395 1901 3434 ιο.
1945 3395 2097 3433 ΒΑΡΤ.
2129 3396 2421 3434 COTBLERIO
2452 3395 2608 3433 EDITA

571 3524 596 3555 ι
621 3509 940 3559 Sanctorum
961 3522 1154 3560 senum
1189 3511 1658 3576 Apophthegmata
1693 3527 1717 3560 ν
1751 3526 1793 3562 s.
1825 3526 1910 3624 vi!
1939 3513 2203 3624 Μαςιεινῖιιε
2250 3513 2526 3624 ιὲἕῖυριίιιε
2577 3511 2718 3576 apud
2765 3512 2846 3561 Jo.
2904 3511 3055 3574 Bapt.
3095 3508 3444 3566 Cotelerium,
3481 3505 3623 3558 Eccl.
3687 3503 3856 3552 Graec.

1917 3589 2003 3624 on.
2076 3609 2088 3623 .
2150 3590 2233 3624 .n.
2392 3590 2511 3624 sua.

1917 3589 2003 3624 on.
2031 3589 2088 3624 '1'.
2126 3589 2161 3632 ι,
2185 3590 2233 3640 p.
2265 3589 2356 3624 διε
2392 3590 2511 3639 sqq.

833 3882 920 3939 De
947 3882 1215 3939 Macario
1244 3883 1454 3941 abbate
1480 3884 1795 3956 Aegpytio.
2191 3889 2229 3944 C
2346 3893 2493 3960 Περὶ
2533 3895 2641 3941 τοῦ
2683 3886 2848 3940 ἀϐϐᾶ
2885 3890 3226 3961 Μακαρίου
3261 3893 3372 3940 τοῦ
3413 3887 3793 3958 Αἰγυπτίου.

585 3976 631 4026 1.
663 3972 930 4028 Narravit
969 3972 1041 4027 de
1064 3988 1123 4027 se
1155 3974 1288 4044 ipso
1320 3975 1606 4030 Macarius
1636 3975 1828 4031 abbas
1859 3976 2156 4049 dixitque:
2347 3983 2400 4034 l.
2485 3983 2781 4048 Διηγήσατο
2854 3983 2972 4051 περὶ
3055 3976 3240 4029 ἑαυτοῦ
3291 3978 3317 4029 ὁ
3372 3976 3536 4037 ἁϐϐᾱς
3585 3972 3854 4042 Μακάριος,

509 4060 763 4129 Quando
812 4077 975 4118 eram
1021 4062 1270 4128 iuvenis,
1304 4068 1360 4118 et
1411 4064 1470 4119 in
1514 4064 1722 4120 cellula
1765 4065 2050 4122 sedebam
2102 4067 2160 4121 in
2270 4068 2427 4138 λέγων
2462 4085 2473 4097 '
2508 4069 2590 4120 ὅτε
2616 4072 2773 4139 ἥμην,
2813 4073 3051 4139 νὲώτερος
3085 4086 3148 4138 με
3205 4070 3294 4118 καὶ
3350 4068 3620 4138 ἐκαθήμην
3660 4060 3723 4120 εἰς
3763 4054 3859 4108 κελ-

509 4153 800 4223 Aegypto,
827 4152 1352 4223 apprehenderunt
1382 4168 1477 4209 me
1500 4153 1851 4210 acfecerunt
1880 4156 2162 4211 clericum
2271 4157 2382 4209 λίον
2441 4156 2510 4217 εἰς
2587 4160 2865 4227 Αἴγυπτον,
2946 4155 3240 4229 ἐκράτησάν
3315 4174 3378 4227 με
3454 4159 3545 4207 καὶ
3622 4152 3858 4204 ἐποίησαν

512 4240 572 4296 in
602 4241 766 4306 vico;
800 4241 904 4296 sed
943 4241 1150 4296 nolens
1190 4243 1567 4314 acquiescere
1599 4243 1722 4314 fugi
1752 4245 1828 4299 ad
1857 4244 2043 4300 alium
2083 4246 2163 4301 lo-
2278 4247 2454 4318 236
2487 4246 2731 4319 κληρικὸν
2782 4246 2852 4307 εἰς
2901 4250 2991 4305 τὴν
3021 4251 3200 4318 κώμην
3234 4266 3247 4278 ·
3297 4250 3387 4297 καὶ
3424 4250 3495 4316 μὴ
3532 4241 3684 4296 θέλων
3709 4251 3859 4289 κατα·

513 4346 670 4387 cum.
699 4332 762 4384 Et
786 4331 944 4386 venit
982 4330 1058 4386 ad
1093 4347 1186 4385 me
1218 4331 1538 4387 saecularis
1565 4333 1651 4386 vir
1687 4332 1843 4403 pius,
1886 4335 1988 4405 qui
2017 4335 2165 4388 acci-
2277 4333 2550 4399 δέξασθαι,
2598 4337 2779 4407 ἔφυγον
2826 4334 2896 4396 εἰς
2936 4335 3101 4407 ἕτερον
3129 4339 3284 4387 τόπον
3314 4351 3327 4364 ·
3361 4339 3454 4386 καὶ
3497 4331 3618 4391 ἦλθε
3657 4329 3778 4399 πρὸς
3803 4338 3859 4392 με

515 4419 715 4492 piebat
744 4418 910 4489 QUOd
962 4419 1242 4475 manibus
1298 4419 1612 4491 operabar,
1667 4425 1724 4475 et
1791 4421 2166 4478 ministrabat
2276 4424 2494 4486 εὐλαϐὴς
2538 4427 2807 4494 κοσμικὰς,
2860 4430 2949 4476 καὶ
3000 4423 3251 4495 ἐλάμϐανε
3294 4427 3351 4476 τὸ
3402 4422 3701 4494 ἔργοχειρόν
3746 4429 3854 4484 μου,

516 4507 1175 4576 mihi.Contigitautem
1202 4524 1304 4579 per
1341 4509 1745 4573 tentationem,
1783 4516 1843 4564 ut
1863 4511 2165 4582 quaedam
2275 4519 2365 4565 καὶ
2404 4510 2636 4570 διηκόνει
2668 4533 2755 4585 μοι
2795 4528 2806 4540 ·
2845 4513 3031 4571 συνέϐη
3081 4511 3138 4566 δὲ
3186 4512 3286 4565 ἀπὸ
3318 4517 3612 4587 πειρασμοῦ
3638 4509 3658 4542 ³
3688 4499 3858 4587 παρθέν-

515 4597 947 4668 virgolapsasit
977 4597 1036 4652 in
1058 4602 1353 4668 stuprum.
1392 4599 1618 4652 Eacum
1649 4604 1883 4655 uterum
1916 4607 2162 4669 gereret,
2276 4621 2359 4654 νον
2401 4605 2515 4654 τινὰ
2546 4603 2616 4663 εἰς
2661 4607 2752 4660 τὴν
2802 4609 2980 4674 κώμην
3026 4602 3256 4655 ἐκπεσεῖν
3290 4616 3304 4632 ·
3350 4586 3440 4654 καὶ
3486 4597 3712 4653 λαϐοῦσα
3738 4586 3856 4674 κατὰ

511 4685 1006 4756 interrogabatur.
1039 4686 1174 4757 quis
1199 4690 1353 4740 esset
1372 4687 2167 4760 auctorcriminis?ﬂespon-
2277 4695 2506 4764 γαστρὸς
2551 4693 2786 4765 ἠρωτᾶτο
2834 4670 2907 4752 τίς
2952 4695 3028 4749 εἴη
3071 4693 3096 4743 ὁ
3147 4699 3298 4743 τοῦτο
3353 4691 3685 4748 πεποιηκώς;
3729 4681 3756 4736 ἡ
3805 4670 3856 4765 δξ

514 4775 599 4830 dit
623 4775 1052 4830 anachoretam
1074 4790 1218 4829 esse.
1252 4775 1416 4831 Unde
1438 4777 1657 4844 egressi
1687 4792 1820 4832 com
1835 4779 2169 4848 prehende—
2278 4761 2441 4850 ἔλεγεν
2471 4801 2482 4812 ·
2518 4783 2543 4832 o'
2572 4761 2925 4854 ἀναχωρητής
2954 4799 2965 4810 ·
2991 4788 3081 4834 καὶ
3125 4780 3404 4843 ἐξελθόντες
3438 4773 3706 4832 συνέλαϐον
3751 4782 3808 4837 με
3834 4761 3853 4794 ⁴

516 4868 654 4919 runt
681 4862 1286 4935 meadduxeruntque
1307 4864 1384 4919 ad
1409 4866 1606 4920 vicum
1635 4869 2170 4939 ;atqueappende-
2278 4869 2345 4929 εἰς
2389 4874 2481 4927 τὴν
2521 4875 2719 4941 κώμην,
2771 4875 2858 4922 καὶ
2909 4873 3196 4942 ἐκρέμασαν
3241 4872 3289 4922 ἓν
3347 4877 3417 4939 τῷ
3470 4861 3715 4941 τραχήλῳ
3765 4869 3853 4924 μου

517 4951 821 5009 runtcollo
848 4951 1662 5024 fuligineinfectasollascum
1685 4957 2162 5025 ansisvasorum,
2279 4958 2644 5031 ἠσϐολωμένας
2681 4961 2880 5031 χύτρας
2930 4964 3020 5011 καὶ
3051 4962 3183 5013 ὠτία
3228 4961 3428 5031 κούφων
3480 4957 3560 5028 (α)
3602 4955 3686 5005 καὶ
3730 4958 3855 5015 περι-

1926 5082 2182 5138 VARIAE
2213 5083 2614 5141 LECTIONES.

591 5212 613 5247 ³
645 5210 732 5269 Al.
762 5210 948 5268 inser.
981 5207 1307 5267 διαϐολικοϋ.
1388 5213 1410 5251 ⁴
1436 5213 1521 5270 Al.
1552 5213 1600 5266 οἱ
1628 5220 1722 5277 τῆς
1747 5217 1946 5288 κώμης,

2103 5333 2330 5390 NOTAE
2343 5377 2356 5390 .

592 5454 674 5581 ἳα)
704 5453 990 5525 Κούφων,
1015 5468 1126 5509 vox
1154 5453 1757 5521 graeco-barbara,ex
1776 5464 2183 5529 graecaxayog,
2296 5460 2590 5528 Δαγιστὲως
2628 5457 2851 5529 μεγάλου
2911 5456 3129 5530 λουτροῦ
3186 5465 3285 5509 τῶν
3351 5462 3574 5529 διαμένων
3633 5447 3841 5526 x09?“-

620 5525 1028 5581 allor.Praeter
1054 5527 1506 5581 grammaticos.
1534 5528 1917 5581 Orientalium
1934 5529 2183 5581 Svnodi-
2299 5531 2364 5581 In
2396 5530 2661 5581 Daaistei
2711 5530 2909 5581 τηαθηί
2939 5530 3138 5581 balnei
3166 5530 3535 5581 caminorum
3574 5530 3725 5581 cui)”
3746 5517 3841 5565 395‘

519 5516 1028 5600 nifal_lor.Praet_er
1054 5516 1506 5600 grammaticos.
1534 5516 1917 5582 Orientalium
1934 5516 2183 5600 Synodi;
2299 5516 2661 5596 In'Dagis'te'i
2699 5516 2909 5600 ἠιαθηί
2939 5516 3138 5587 balnei
3166 5516 3535 5586 caminorum
3574 5516 3725 5588 ειιρίε
3746 5516 3851 5565 me

522 5613 592 5652 ca
610 5597 688 5668 ad
709 5597 1098 5668 Theophilum
1131 5597 1573 5667 imperatorem,
1608 5599 1663 5653 in
1699 5597 2040 5667 Originibus
2075 5600 2180 5655 GP.
2296 5601 2575 5656 includit.
2611 5597 2883 5656 Commta.

523 5667 883 5724 Combeﬁsii’
928 5684 986 5739 p.
1065 5668 1156 5722 131
1197 5685 1209 5723 :
1260 5669 1534 5741 περικλείει
1612 5669 1793 5722 ἑαυτὸν
1846 5671 1898 5722 Eu
1927 5678 2033 5733 τοῖς
2092 5672 2184 5723 τοῦ
