4092 6252
241 360 340 415 237

1576 356 2236 422 APOPHTHEGMATA.

3482 364 3588 420 238

247 485 553 557 επόμπευσοίν
578 502 640 555 με
670 482 721 535 ἰν
760 490 824 555 τῇ
857 486 1007 556 κώμη
1040 483 1176 536 κατὰ
1205 481 1442 557 ἄμφοδον
1474 484 1575 557 (α),
1605 487 1824 537 τύπτον-

1936 491 1993 541 et
2012 488 2542 549 circumduxerunt
2574 507 2667 549 me
2693 492 2753 547 in
2781 489 2914 546 vico
2935 502 3043 561 per
3068 488 3354 559 compita,
3382 490 3586 547 verbe-

245 578 317 635 τίς
361 593 419 646 με
465 577 550 625 xui
579 572 809 644 λέγοντες
843 590 855 601 ·
886 573 1036 635 οὗτος
1063 574 1089 625 6
1118 577 1355 645 μοναχὸς
1409 577 1629 647 ἔφθειρεν
1677 578 1825 648 ἡμῶν

242 667 326 720 τήν
374 664 641 735 παρθένον,
694 660 875 714 λάϐετε
918 662 1095 727 αὐτὸν,
1152 662 1350 716 λάϐετε.
1401 670 1490 716 καὶ
1531 664 1725 735 ἔτυψάν
1762 687 1825 739 με

238 754 369 826 παρὰ
404 754 590 825 μικρὸν
639 758 732 803 τοῦ
781 750 1075 806 ἀποθανεῖν.
1117 751 1276 804 ἐλθὼν
1310 750 1372 805 δέ
1420 772 1492 814 τις
1519 762 1619 805 τῶν
1648 759 1825 830 γερόν-

236 860 325 893 των
352 836 481 893 εἶπεν
511 857 525 870 ·
568 841 663 901 ἕως
714 844 841 893 πότε
886 842 1103 893 τύπτετε
1152 845 1240 893 τὸν
1288 841 1423 905 ξένον
1470 850 1744 915 μοναχὸν;
1798 847 1823 898 6

231 925 285 981 δι
329 924 581 981 διακονῶν
625 947 718 1000 μοι
762 927 1037 987 ἠκολούθει
1099 927 1268 982 ὀπίσω
1313 949 1413 1002 μου
1465 927 1773 1002 αἰδούμενος
1803 953 1820 968 ι

229 1014 355 1075 ἦσαν
399 1019 503 1093 γὰρ
536 1016 840 1091 ὑϐρίζοντες
871 1017 1027 1071 αύτόν
1074 1018 1238 1071 πολλὰ
1274 1023 1365 1071 xui
1395 1018 1622 1091 λέγοντες
1653 1037 1665 1051 ⁸
1705 1018 1821 1074 ἰδού

222 1107 246 1160 6
276 1105 648 1181 ἁναχωρητής,
682 1106 735 1159 ὃν
756 1108 778 1143 ⁵
813 1109 879 1160 σὺ
908 1110 1234 1180 ἐμαρτύρεις,
1259 1112 1311 1160 τί
1332 1107 1548 1167 ἐποίησε
1575 1128 1592 1180 ;
1623 1114 1714 1163 καὶ
1741 1111 1822 1164 λί-

221 1215 398 1266 γουσιν
428 1198 480 1249 οἱ
525 1203 691 1266 γονεῖς
721 1199 886 1256 αὐτῆς
916 1212 929 1226 ’
1198 1196 1291 1249 ούκ
1324 1196 1610 1270 ἀπολύομεν
1640 1199 1818 1268 αὐτόν,

226 1286 315 1347 ἕως
359 1280 433 1355 δῷ
488 1286 753 1357 ἐγγυητὴν
795 1292 888 1338 τοῦ
936 1289 1136 1359 τρέφειν
1181 1286 1365 1347 αύτήν.
1420 1292 1510 1339 xui
1566 1285 1705 1340 εἶπον
1749 1297 1821 1360 τῷ

228 1370 503 1447 διακονητῇ
553 1393 655 1446 μου
687 1393 702 1406 ο
735 1378 827 1427 xui
881 1372 1251 1447 ἕνηγγυήσατο
1304 1396 1392 1447 με.
1454 1381 1544 1429 xui
1589 1375 1820 1430 ἀπελθὼν

222 1462 291 1525 εἰς
319 1466 372 1516 τὸ
421 1463 618 1516 κελλίον
664 1483 786 1535 μου,
819 1459 995 1517 ἔδωκα
1044 1464 1185 1534 αύτῷ
1227 1466 1329 1517 ὅσα
1359 1463 1504 1536 εἰχον
1536 1463 1817 1538 σπυρίδια,

219 1553 371 1624 λέγων
402 1572 414 1585 ·
449 1553 693 1611 πώλησον
746 1557 837 1605 καὶ
889 1550 983 1614 δὸς
1010 1562 1071 1626 τῇ
1104 1558 1314 1625 γυναικί
1352 1573 1452 1625 μου
1492 1561 1691 1626 φαγεῖν.
1730 1561 1821 1609 καὶ

223 1641 392 1711 ἔλεγον
440 1649 515 1711 τῷ
560 1641 797 1715 λογισμῷ
854 1661 953 1713 μου
989 1661 999 1672 ·
1034 1645 1294 1718 Μακάριε,
1330 1640 1447 1695 ἰδού
1486 1643 1625 1715 εὗρες
1654 1644 1821 1716 ἑαυτῷ

225 1737 451 1801 γυναῖκα
475 1747 488 1761 ⁶
538 1735 649 1805 χρὴ
682 1730 995 1803 ἐργάζεσθαι
1029 1735 1216 1805 μικρὸν
1246 1735 1497 1806 περισσὸν
1525 1733 1567 1798 ⁸,
1598 1734 1679 1785 ἶνα
1709 1737 1819 1808 τρί-

224 1839 323 1892 φης
365 1819 528 1878 αύτήν
563 1837 576 1850 ·

221 1908 446 1977 ἔπεμπον
486 1908 639 1980 αὐτῇ.
691 1913 775 1961 xui
829 1911 912 1962 ὅτε
960 1906 1108 1967 ἦλθεν
1163 1912 1188 1962 6
1228 1915 1408 1982 καιρὸς
1457 1919 1517 1982 τῇ
1563 1909 1717 1984 ἀθλία
1748 1932 1822 1964 τε-

218 2000 342 2060 κεῖν,
396 1998 584 2067 ἔμεινεν
645 1995 730 2049 ἐπὶ
780 1998 969 2060 πολλὰς
1018 2000 1212 2073 ἡμέρας
1271 1998 1685 2072 βασανιζομένη,
1732 2004 1819 2053 xui

218 2083 311 2135 ούκ
354 2086 541 2137 ἔτικτε.
588 2091 678 2138 καὶ
706 2086 946 2157 λέγουσιν
978 2086 1110 2159 αὐτῇ
1143 2105 1155 2117 ·
1214 2093 1265 2140 τί
1310 2086 1421 2140 ἐστι
1452 2096 1604 2140 τοῦτο
1638 2105 1651 2155 ;
1689 2091 1719 2146 ἡ
1765 2086 1824 2142 δε

219 2168 351 2225 εἶπεν
374 2189 389 2203 ⁶
422 2172 527 2244 ἐγὼ
568 2170 694 2227 οἰδα
721 2194 733 2208 ⁸
768 2176 849 2227 ὅτι
891 2178 977 2227 τὸν
1025 2174 1374 2251 ἀναχωρητήν
1405 2176 1824 2249 ἐσυκοφάντησα,

218 2266 305 2312 xui
357 2261 667 2333 ψευσαμένη
709 2264 1046 2335 ᾐτιασάμηνο
1090 2272 1179 2317 xui
1227 2266 1373 2326 οὗτος
1407 2265 1499 2318 οὐκ
1548 2268 1660 2337 ἔχει
1690 2272 1827 2342 πρᾶ-

214 2370 341 2421 γμα,
397 2349 513 2403 ἀλλ’
543 2352 569 2403 6
603 2348 748 2405 δεῖνα
796 2355 822 2405 6
866 2359 1127 2427 νεώτερος.
1174 2359 1266 2407 καὶ
1308 2354 1462 2407 ἓλθων
1494 2356 1519 2407 6
1565 2351 1825 2408 διακονῶν

215 2458 303 2511 μοι
332 2445 548 2513 χαίρων
592 2440 775 2513 ἔλεγεν,
829 2442 909 2494 ὅτι
958 2443 1050 2495 ούκ
1094 2441 1336 2502 ἠδυνήθη
1371 2452 1531 2497 τεκεῖν
1561 2448 1591 2504 ἡ
1633 2448 1823 2518 παρθέ-

215 2548 296 2590 νος
324 2528 522 2591 ἐκείνη,
570 2531 662 2590 ἕως
709 2529 771 2582 οὗ
818 2531 1123 2603 ὡμολόγησε
1178 2533 1422 2605 λέγουσα,
1456 2536 1530 2586 ὅτι
1572 2534 1665 2587 ούκ
1710 2537 1825 2606 ἔχει

214 2624 435 2690 πρᾶγμα
482 2620 512 2670 6
545 2616 923 2690 ἀναχωρητής,
959 2620 1067 2672 ἀλλ’
1112 2620 1413 2694 ἐψευσάμην
1463 2624 1579 2676 κατ’
1611 2624 1772 2677 αύτοῦ
1807 2641 1819 2656 ·

213 2712 301 2760 xui
333 2704 455 2761 ἰδοὺ
490 2713 643 2760 πᾶσα
674 2709 704 2766 ἡ
747 2713 896 2780 κώμη
951 2709 1080 2762 θέλει
1122 2710 1279 2763 ἐλθεῖν
1562 2710 1666 2766 ὧδε
1694 2717 1826 2786 μετὰ

216 2794 397 2862 δόξης,
425 2802 518 2851 xui
547 2802 871 2869 μετανοῆσαί
914 2818 1018 2852 σοι.
1053 2802 1151 2871 ἐγὼ
1183 2798 1242 2854 δε
1272 2801 1499 2864 ἀκούσας
1527 2810 1711 2869 ταῦτα,
1743 2804 1825 2856 ἵνα

216 2889 285 2957 μή
321 2886 557 2957 θλίψωσί
588 2905 653 2957 με
689 2888 739 2939 οἱ
782 2887 1067 2959 ἄνθρωποι,
1114 2886 1334 2947 ἀνέστην
1360 2895 1451 2943 xui
1488 2893 1674 2963 ἔφυγον
1720 2888 1825 2945 ὧδε

219 2974 289 3035 εἰς
319 2983 528 3035 Σκῆτιν.
555 2975 688 3033 αὕτη
719 2977 865 3029 ἐστὶν
886 2978 916 3035 ἠ
954 2976 1096 3050 ἀρχὴ
1131 2986 1227 3039 τῆς
1257 2979 1449 3047 αἰτίας,
1490 2977 1563 3033 δι’
1587 2980 1647 3039 ἣν
1671 2978 1823 3039 ἦλθον

222 3059 324 3115 ὧδε
354 3063 456 3133 (b).

296 3244 350 3294 2.
392 3239 548 3293 Ἦλθέ
580 3260 705 3295 ποτε
751 3242 1025 3315 Μακάριος
1063 3244 1089 3295 6
1122 3244 1406 3317 Αἰγύπτιος
1444 3245 1547 3299 ἀπὸ
1598 3253 1828 3309 Σήκτεως

229 3327 302 3388 εἰς
330 3331 390 3380 τὸ
419 3332 537 3401 ὅρος
566 3339 654 3391 τῆς
690 3336 927 3403 Νιτρίας,
959 3332 1032 3395 εἰς
1060 3337 1154 3392 τὴν
1195 3338 1496 3408 προσφορὰν
1554 3344 1645 3388 τοῦ
1690 3336 1827 3389 ἁϐϐᾶ

236 3414 467 3485 Παμ6ῶ’
516 3422 604 3470 καὶ
647 3418 884 3489 λέγουσιν
937 3421 1078 3492 αύτῷ
1127 3424 1177 3475 οἱ
1236 3427 1469 3495 γέροντες
1498 3442 1509 3454 ·
1546 3424 1653 3478 εἰπε
1682 3426 1830 3500 ῥῆμα

235 3512 348 3564 τοῖς
397 3501 647 3577 ἀδελφοῖς,
699 3511 879 3584 πάτερ.
915 3512 940 3563 6
994 3507 1054 3564 δὲ
1087 3508 1222 3564 εἶπεν
1258 3533 1269 3545 ·
1305 3511 1402 3584 ἐγὼ
1442 3517 1586 3567 οὔπω
1642 3519 1827 3587 γέγονα

234 3597 485 3665 μοναχός,
520 3593 627 3647 ἀλλ’
656 3592 790 3650 εἶδον
819 3602 1090 3671 μοναχούς
1123 3617 1136 3631 '
1160 3602 1435 3673 καθημένῳ
1463 3606 1562 3678 γὰρ
1591 3608 1681 3675 μοί
1702 3623 1826 3658 ποτε

227 3680 282 3734 ἐν
328 3691 402 3754 τῷ
454 3683 629 3757 κελλίῳ
680 3686 751 3748 εἰς
804 3694 1011 3753 Σκῆτιν,
1046 3688 1299 3761 ὤχλησάν
1345 3712 1435 3764 μοι
1484 3694 1532 3745 οἱ
1578 3693 1824 3766 λογισμοὶ

224 3770 456 3842 λέγοντες
486 3794 498 3807 ·
529 3775 718 3828 ἄπελθε
762 3776 834 3837 εἰς
865 3781 959 3835 τὴν
998 3780 1209 3853 ἔρημον,
1256 3784 1346 3832 xui
1390 3777 1469 3834 i6i
1527 3786 1578 3834 τί
1618 3781 1825 3855 βλέπεις

220 3862 325 3914 εκεῖ
352 3881 367 3895 ⁶
428 3864 599 3935 ἔμεινα
644 3860 704 3917 δὲ
752 3864 984 3937 πολεμῶν
1036 3863 1107 3937 τῷ
1136 3867 1374 3940 λογισμῷ
1422 3874 1569 3923 πέντε
1599 3873 1707 3935 ἔτη,
1742 3871 1822 3924 λέ-

217 3971 346 4021 γων,
386 3956 577 4023 μήπως
617 3952 721 4005 ἀπὸ
771 3950 1033 4026 δαιμόνων
1074 3959 1235 4012 ἐστίν.
1287 3963 1376 4010 xui
1414 3960 1483 4020 ὡς
1535 3961 1766 4032 ἐπέμενεν
1797 3964 1823 4013 6

218 4038 492 4112 λογισμὸς,
548 4040 782 4102 ἀπῆλθον
827 4042 899 4106 εἰς
938 4049 1032 4103 τήν
1082 4047 1272 4118 ἔρημον
1304 4062 1317 4075 ·
1378 4052 1469 4109 xui
1521 4048 1664 4119 εὗρον
1722 4051 1826 4102 ἐκεῖ

217 4128 401 4202 λίμνην
433 4128 665 4198 ὑδάτων,
686 4136 775 4186 xui
795 4142 952 4193 νῆσον
977 4137 1026 4186 ἐν
1055 4140 1197 4208 μέσῳ
1224 4137 1386 4199 αὐτῆς
1420 4152 1433 4166 ⁶
1463 4143 1552 4189 xui
1584 4136 1736 4197 ἦλθον
1760 4142 1826 4192 τὰ

217 4223 382 4279 κτήνη
414 4229 515 4283 τῆς
544 4222 741 4295 ἐρήμου
773 4230 906 4275 πιεῖν
945 4221 998 4286 ἐξ
1035 4224 1195 4286 αύτῆς
1218 4242 1229 4254 ’
1288 4230 1377 4278 xui
1416 4222 1555 4280 εἶδον
1603 4228 1650 4279 ἐν
1681 4232 1823 4300 μέσῳ

219 4312 386 4362 αὐτῶν
414 4307 517 4363 δύο
549 4308 850 4384 ἀνθρώπους
876 4315 1109 4385 γυμνούς
1142 4332 1155 4345 ·
1187 4319 1276 4367 καὶ
1306 4312 1563 4369 ἑδειλίασε
1590 4320 1647 4368 τὸ
1672 4319 1823 4389 σῶμά

218 4417 317 4470 μου
354 4415 367 4429 ·
635 4398 853 4472 ἐνόμισα
903 4404 1005 4477 γὰρ
1045 4404 1121 4455 ὃτι
1160 4406 1429 4476 πνεύματά
1474 4405 1629 4462 εἰσιν.
1672 4406 1822 4459 αὐτοὶ

220 4484 280 4539 δέ
307 4507 371 4559 με
402 4491 475 4550 ὡς
509 4485 647 4540 εἶδον
692 4473 984 4555 δειλιῶντα,
1036 4473 1296 4550 ἐλάλησαν
1334 4498 1458 4567 πρός
1483 4514 1547 4565 με
1575 4516 1587 4529 ο
1628 4500 1701 4565 μὴ
1736 4515 1823 4567 φο-
1860 4473 1899 4526 D

218 4574 310 4627 ϐοῦ
343 4595 354 4606 ·
412 4582 507 4628 καὶ
556 4579 705 4649 ἡμεῖς
752 4580 1016 4652 ἄνθρωποί
1061 4579 1229 4652 ἐσμεν.
1292 4588 1380 4634 καὶ
1423 4584 1563 4635 εἷπον
1608 4584 1818 4645 αὐτοῖς’

218 4666 373 4717 πόθεν
414 4668 554 4730 ἐστί,
587 4672 676 4718 καὶ
726 4676 836 4730 πῶς
880 4668 1060 4726 ἤλθετε
1103 4670 1176 4732 εἰς
1213 4675 1307 4729 τήν
1356 4674 1545 4744 ἔρημον
1576 4676 1771 4731 ταύτην
1804 4695 1815 4737 ;

218 4759 306 4806 xui
356 4752 501 4807 εἶπον
530 4773 543 4786 ’
588 4753 689 4808 ἀπὸ
746 4756 1005 4809 κοινοϐίου
1063 4759 1254 4829 ἐσμέν·
1313 4765 1399 4812 xui
1449 4765 1653 4832 γέγονεν
1698 4763 1821 4833 ἡμῖν

220 4848 522 4916 συμφωνία,
578 4849 669 4897 xui
721 4844 992 4916 ἐξήλθομεν
1047 4844 1151 4899 ὧδε
1183 4867 1194 4880 ·
1250 4845 1367 4901 ἰδού
1432 4852 1823 4922 τεσσαράκοντα

219 4933 337 4990 ἔτη,
386 4938 481 4985 xui
523 4932 549 4983 6
588 4934 679 5005 μεν
707 4934 726 4967 ⁷
782 4935 853 4996 εἰς
892 4935 1194 5007 Αἰγύπτιος,
1236 4939 1261 4990 6
1294 4935 1352 4991 δὲ
1382 4939 1550 5011 ἔτερος
1594 4938 1823 5001 Λιϐυκὸς

1934 584 2134 634 rantes
2154 596 2223 636 ac
2253 580 2542 638 dicentes:
2572 583 2684 637 Iste
2713 580 3045 636 monachus
3065 576 3292 634 vitiavit
3312 585 3582 637 nostram

1934 666 2222 737 virginem
2251 689 2263 738 ;
2297 672 2488 741 capite
2519 686 2680 733 eum,
2706 669 2921 740 capite.
2953 667 3015 722 Et
3042 674 3466 738 percusserunt
3489 684 3584 725 me

1934 759 2215 825 paenead
2234 760 2795 815 mortem.Accedens
2811 774 2946 813 vero
2967 757 3182 828 aliquis
3198 772 3404 811 senum
3418 757 3580 813 dixit:

1935 845 2259 919 Quousque
2288 848 2531 904 caeditis
2557 847 2921 903 monachum
2948 846 3128 899 istum
3154 844 3584 916 peregrinum?

1933 934 2041 999 Qui
2071 942 2272 991 autem
2301 936 2447 993 mihi
2482 935 2877 999 ministrabat,
2907 934 3271 1006 sequebatur
3301 939 3435 1005 post
3466 950 3583 1000 me,

1932 1024 2163 1093 pudore
2212 1024 2497 1081 suffusus.
2533 1024 2725 1081 Multis
2766 1026 2989 1096 quippe
3026 1020 3403 1078 contumeliis
3444 1038 3585 1079 eum

1931 1112 2257 1169 aﬁecerant
2302 1114 2566 1170 dicentes
2632 1131 2644 1168 :
2703 1116 2847 1169 Ecce
2906 1112 3288 1175 anachoreta,
3355 1110 3452 1166 cui
3520 1116 3583 1167 tu

1933 1203 2336 1259 testimonium
2397 1203 2776 1275 perhibebas,
2826 1201 2972 1273 quid
3021 1200 3156 1256 fecit
3214 1198 3242 1255 Ὺ
3293 1202 3362 1254 Et
3418 1200 3585 1256 aiunt

1931 1296 2207 1362 parentes
2228 1290 2461 1363 puellae
2486 1306 2498 1345 ε
2520 1294 2645 1347 Non
2659 1289 3028 1345 dimittemus
3050 1287 3418 1353 eum,donec
3441 1288 3584 1344 ﬁde-

1930 1378 2223 1434 iussorem
2267 1379 2515 1446 dederit,
2557 1378 2723 1451 quod
2762 1377 3011 1434 aliturus
3062 1378 3137 1431 sit
3184 1392 3339 1433 eam.
3379 1378 3584 1449 Itaque

1932 1467 2263 1539 signiﬁcavi
2293 1468 2563 1523 ministro
2590 1467 2669 1522 illi
2703 1481 2855 1530 meo,
2885 1470 2943 1521 et
2969 1464 3298 1536 spopondit
3327 1480 3437 1535 pro
3460 1480 3578 1519 me.

1929 1557 2076 1611 Tum
2106 1556 2314 1612 abiens
2336 1556 2397 1611 in
2419 1555 2692 1611 cellulam
2726 1570 2947 1619 meam,
2980 1553 3117 1608 dedi
3151 1553 3202 1607 ei
3229 1568 3379 1625 quas
3396 1551 3582 1608 habui

1931 1650 2091 1717 sport
2104 1646 2253 1710 uias,
2268 1645 2507 1701 dicens:
2533 1645 2730 1701 Vende
2747 1641 2961 1698 etaﬁ‘er
2979 1641 3183 1697 cibum
3210 1641 3374 1697 uxori
3393 1656 3581 1697 meae.

1934 1735 1998 1789 Et
2036 1732 2200 1804 apud
2232 1748 2325 1787 me
2362 1753 2373 1791 :
2410 1733 2641 1796 Macari,
2688 1732 2963 1803 inquam,
2997 1745 3133 1785 ecce
3165 1729 3269 1785 tibi
3306 1729 3583 1785 invenisti

622 1824 710 1872 xui
758 1820 1075 1894 εἰργαζόμην
1125 1824 1290 1873 νύκτα
1333 1826 1424 1873 xui
1474 1824 1692 1894 ήμεραν,
1728 1828 1817 1876 xui

1935 1838 2180 1878 uxorem
2215 1840 2229 1889 ;
2262 1826 2513 1893 oportet,
2548 1829 2606 1876 ut
2647 1820 2829 1892 paulo
2877 1819 3136 1890 amplius
3168 1818 3429 1884 labores,
3459 1833 3583 1890 quo

1934 1912 2162 1967 nutrias
2179 1927 2334 1967 eam.
2357 1913 2415 1965 Et
2446 1910 2743 1982 operabar
2773 1913 2951 1965 noctu
2980 1924 3049 1963 ac
3080 1906 3359 1977 interdiu,
3395 1908 3582 1963 mitte-

1933 2000 2197 2072 bamque
2220 2001 2293 2055 ei.
2328 2000 2507 2055 Porro
2528 2014 2668 2054 cum
2685 1996 2928 2053 advenit
2959 2001 3196 2067 tempus
3226 1996 3497 2061 miserae,
3522 1998 3585 2050 ut

1934 2094 2186 2161 pareret,
2221 2089 2298 2145 ad
2336 2088 2551 2144 multos
2580 2087 2706 2142 dies
2746 2087 2804 2142 in
2836 2084 3197 2141 cruciatibus
3229 2084 3581 2157 permansit,

1934 2193 2045 2233 nec
2073 2177 2362 2249 pariebat.
2399 2180 2837 2239 Percontantur,
2880 2173 3029 2246 quid
3064 2174 3178 2229 hoc
3226 2173 3437 2229 esset?
3483 2171 3585 2228 Illa

1934 2267 2246 2339 respondit
2277 2286 2289 2326 :
2330 2268 2452 2335 Ego
2480 2264 2605 2321 scio
2635 2280 2651 2330 ;
2693 2262 2984 2336 quoniam
3017 2261 3444 2318 anachoretam
3484 2276 3586 2317 ca-

1933 2356 2224 2412 lumniata
2254 2371 2409 2421 sum,
2443 2353 2823 2425 mendaxque
2853 2351 3134 2407 accusavi
3161 2369 3175 2418 ;
3205 2366 3399 2422 neque
3424 2351 3585 2406 enim

1934 2445 2029 2501 hic
2060 2445 2119 2499 in
2165 2444 2343 2514 culpa
2382 2449 2492 2510 est,
2528 2442 2634 2498 sed
2665 2441 2759 2497 ille
2790 2442 3041 2497 iuvenis.
3074 2443 3236 2497 Tunc
3265 2440 3368 2511 qui
3402 2439 3580 2494 mini-

1936 2534 2167 2590 strabat
2208 2533 2379 2596 mihi,
2425 2532 2616 2588 laetus
2648 2531 2977 2587 adveniens
3007 2527 3315 2584 nunciavit
3345 2544 3355 2581 :
3410 2528 3584 2597 Virgo

1934 2622 2035 2678 illa
2075 2638 2194 2677 non
2242 2622 2435 2692 potuit
2461 2636 2689 2691 parere,
2732 2619 2924 2674 donec
2957 2619 3037 2673 ita
3086 2617 3469 2673 conﬁteretur
3498 2616 3585 2671 di-

1934 2728 2075 2767 cens
2105 2730 2117 2765 :
2148 2713 2275 2767 Non
2309 2710 2369 2765 in
2415 2709 2593 2782 culpa
2644 2713 2735 2765 est
2764 2707 3149 2772 anachoreta,
3196 2704 3302 2761 sed
3343 2705 3589 2761 mentita

1935 2818 2070 2856 sum
2101 2801 2391 2856 adversus
2421 2815 2558 2855 eum
2584 2818 2599 2867 ;
2640 2803 2697 2854 et
2727 2813 2863 2853 ecce
2895 2801 3053 2853 totus
3085 2795 3251 2851 vicus
3281 2794 3398 2850 huc
3425 2809 3590 2850 acce-

1934 2891 2074 2946 dere
2105 2890 2226 2946 vult
2256 2906 2393 2945 cum
2424 2890 2672 2955 honore,
2703 2893 2765 2943 ut
2793 2887 3029 2943 veniam
3062 2901 3097 2941 a
3128 2891 3183 2941 te
3208 2884 3458 2957 supplex
3487 2898 3587 2954 po-

1936 2979 2133 3035 stulet.
2164 2981 2262 3035 His
2308 2994 2421 3049 ego
2464 2977 2705 3043 auditis,
2738 2992 2809 3032 ne
2854 2976 2999 3032 mihi
3049 2974 3382 3033 molestiam
3419 2987 3588 3045 pare-

1935 3074 2067 3124 rent
2104 3069 2398 3133 homines,
2431 3067 2672 3135 surrexi,
2718 3070 2897 3136 ntque
2928 3065 3045 3120 huc
3076 3064 3134 3119 in
3178 3063 3395 3118 Scetim
3437 3060 3584 3131 fugi.

1937 3160 2020 3213 En
2052 3157 2413 3228 principium
2449 3170 2818 3227 causamque
2852 3153 2965 3208 mei
2986 3152 3104 3208 huc
3125 3151 3439 3207 adventus.

2009 3251 2065 3303 2.
2108 3244 2401 3302 Macarius
2431 3244 2759 3316 Aegyptius
2811 3239 3138 3313 aliquando
3168 3255 3200 3295 e
3228 3240 3383 3295 Sceti
3426 3238 3585 3295 venit

1938 3336 2014 3391 ad
2040 3340 2305 3389 montem
2325 3333 2537 3390 Nitriae
2568 3335 2625 3387 in
2648 3331 2950 3388 oblatione
2981 3328 3207 3385 Pambo
3233 3327 3490 3384 abbatis.
3522 3328 3587 3383 Et

1936 3425 2141 3480 dicunt
2168 3424 2218 3478 ei
2237 3437 2443 3478 senes:
2477 3422 2821 3477 Sermonem
2844 3420 3043 3490 profer
3067 3417 3368 3482 fratribus,
3392 3420 3581 3488 pater.

1935 3516 2080 3570 Tum
2104 3513 2199 3568 ille
2225 3511 2388 3567 inﬁt:
2416 3514 2534 3581 Ego
2551 3509 2821 3565 nondum
2848 3507 3040 3564 factus
3067 3523 3200 3563 sum
3228 3505 3584 3573 monachus,

1935 3603 2041 3658 sed
2065 3603 2176 3657 vidi
2199 3601 2549 3658 monachos.
2572 3598 2810 3656 Sedeuti
2830 3597 2991 3654 enim
3011 3597 3156 3652 mihi
3178 3595 3507 3668 aliquando
3525 3594 3583 3650 in

1935 3691 2147 3747 cellula
2177 3690 2336 3762 apud
2370 3690 2583 3745 Scetim
2621 3688 2911 3744 molestae
2954 3690 3123 3741 erant
3171 3684 3582 3755 cogitationes,

1934 3780 2156 3853 quibus
2178 3778 2430 3835 iubebar
2450 3776 2750 3850 proﬁcisci
2772 3776 2831 3832 in
2852 3774 3259 3841 solitudinem,
3282 3779 3338 3828 et
3361 3773 3583 3836 videre,

1934 3870 2081 3942 quid
2116 3868 2235 3924 illic
2286 3867 2474 3923 oculis
2526 3867 2674 3922 meis
2712 3870 3065 3920 occurreret.
3122 3862 3343 3917 Perstiti
3383 3866 3585 3917 autem

1933 3959 2199 4030 quinque
2226 3957 2421 4021 anuis,
2451 3970 2730 4027 pugnans
2759 3952 3043 4009 adversus
3068 3950 3487 4019 cogitationem
3514 3964 3585 4005 ac

1934 4047 2142 4103 dicens
2167 4062 2179 4099 :
2206 4048 2285 4101 Ne
2308 4045 2455 4101 forte
2485 4061 2520 4100 a
2550 4040 2951 4099 daemonibus
2982 4040 3076 4095 sit.
3106 4041 3253 4095 Cum
3287 4054 3426 4093 vero
3456 4052 3586 4109 per-

1934 4142 2226 4192 severaret
2239 4132 2662 4202 cogitatio,abii
2678 4132 2737 4187 in
2751 4131 3239 4200 eremum.Atque
3258 4126 3373 4182 illic
3386 4125 3586 4180 inveni

1933 4230 2212 4296 stagnum
2229 4239 2367 4279 cum
2382 4221 2575 4277 insula
2590 4222 2651 4276 in
2674 4220 2873 4276 medio
2894 4218 3046 4285 eius,
3064 4222 3122 4273 et
3133 4216 3210 4272 ad
3235 4214 3382 4272 illud
3396 4213 3585 4270 venie-

1936 4314 2079 4370 bant
2102 4313 2324 4369 bestiae
2344 4311 2545 4376 eremi,
2565 4315 2623 4365 ut
2650 4310 2943 4366 biberent.
2963 4309 3123 4375 Quas
3139 4303 3585 4377 interconspexi

1932 4405 2082 4460 duos
2098 4403 2371 4458 homines
2387 4399 2603 4466 nudos,
2632 4404 2687 4455 et
2707 4397 3296 4467 contremuitcorpus
3329 4409 3531 4449 meum
3558 4408 3571 4458 ;

1933 4493 2267 4549 existimavi
2284 4490 2441 4546 enim
2456 4504 2588 4543 esse
2604 4487 2994 4560 spiritus.lpsi
3010 4500 3148 4541 vero
3162 4489 3474 4556 postquam
3492 4497 3585 4536 me

1936 4583 2211 4639 viderunt
2239 4584 2608 4640 trementem,
2625 4578 2703 4632 ita
2724 4576 2901 4632 locuti
2918 4580 3057 4630 sunt
3080 4573 3222 4627 mihi
3244 4589 3254 4626 :
3274 4571 3397 4628 Noli
3421 4570 3586 4626 time-

1932 4688 1995 4728 re
2013 4689 2026 4736 ;
2042 4672 2220 4726 etiam
2239 4684 2347 4724 nos
2365 4667 2643 4722 homines
2662 4681 2893 4721 sumus.
2910 4662 3104 4719 Etdixi
3122 4661 3190 4717 iis
3209 4678 3222 4712 :
3239 4660 3404 4716 Unde
3416 4658 3581 4724 estis,

1934 4764 1988 4815 et
2007 4758 2313 4831 quomodo
2341 4755 2582 4811 venistis
2604 4755 2663 4809 in
2688 4753 3071 4809 solitudinem
3097 4752 3257 4809 hanc
3278 4748 3306 4804 Ὗ
3330 4751 3587 4819 Respon-

1934 4849 2149 4905 derunt
2182 4866 2192 4905 :
2229 4851 2268 4903 E
2298 4846 2589 4903 coenobio
2626 4860 2859 4909 sumus,
2888 4849 3069 4914 atque
3098 4857 3166 4896 ex
3203 4848 3410 4895 mutuo
3442 4852 3585 4892 con-

1936 4955 2118 4995 sensu
2148 4936 2369 5008 egressi
2410 4935 2684 4991 venimus
2716 4933 2853 4998 huc,
2887 4947 3021 4987 ecce
3046 4929 3450 5003 quadraginta
3476 4925 3585 4982 ab-

1579 5116 1814 5174 VARL‘E
1855 5117 2151 5174 LECTION
2162 5115 2243 5173 ES

293 5263 315 5297 ⁸
343 5263 434 5320 Al.
635 5264 656 5299 ⁸
684 5262 772 5321 ΑΙ.
806 5273 1093 5340 περισσῶς.
1170 5268 1189 5301 ⁷
1223 5266 1315 5326 Al.
1350 5270 1613 5341 ἔχομεν.

1789 5427 2016 5485 NOTAE.

301 5603 387 5686 (ξι)
417 5606 1011 5686 Π“ερι.επόμπευσάν
1043 5623 1115 5675 με
1142 5604 1206 5686 ἰν·
1239 5614 1312 5686 τῇ
1344 5612 1527 5686 κώμῃ
1559 5608 1697 5686 κατῖ
1724 5610 1837 5680 ἄμ-

233 5666 351 5755 φοδ
362 5666 1269 5755 6vMinimaimitatione'corrigi
1288 5666 1467 5755 :debe't
1480 5666 1699 5755 pelagii
1714 5666 1838 5755 ver-

235 5745 324 5801 sio
339 5763 352 5801 :
367 5748 662 5805 miserunt
684 5761 775 5804 me
787 5745 1137 5805 circituram
1159 5748 1223 5805 in
1237 5749 1502 5815 vicoz'llo,
1524 5750 1838 5807 scribendo

1946 5607 2289 5663 cc'rciturum.
2313 5606 2502 5661 Ed.Lu
2512 5604 2995 5673 gd.,circuire.An
3010 5594 3589 5673 7circitaij‘e‘C0'raLaa:

1954 5662 1959 5663 ί
2021 5662 2101 5749 (ὁ)
2133 5679 2217 5734 cr.
2274 5679 2388 5733 vv.
2437 5662 2544 5733 ρρῖ
2584 5662 2776 5733 aosw.
2822 5674 2925 5730 lib.
2968 5688 3027 5727 ιιι
3077 5684 3209 5740 cap.
3261 5665 3371 5727 99;
3410 5662 3514 5718 lib.
3549 5665 3591 5716 v

1948 5748 2130 5806 libell.
2163 5754 2246 5815 ιδ,
2280 5752 2369 5804 25.
