4092 6252
541 306 651 363 239

1397 302 1493 360 SS.
1536 296 2018 355 MACARIORUM
2055 292 2389 352 AEGYPTII
2427 296 2513 351 ET
2551 294 3053 353 ALEXANDRINI
3772 301 3864 356 240

540 432 681 488 hinc
713 430 858 488 anni
881 429 1329 502 praeterierunt.
1357 428 1544 501 Atque
1566 442 1725 482 unus
1748 442 1777 481 e
1804 424 1981 481 nobis
2005 428 2195 495 Aegy-

2310 424 2536 495 ὑπάρχει
2560 439 2573 452 ⁸
2602 428 2687 475 καὶ
2728 424 3074 497 ἑπηρώτησάν
3103 442 3167 495 με
3196 427 3283 476 καὶ
3314 422 3462 476 αὐτοὶ
3489 425 3707 495 λέγοντες
3730 441 3743 456 ⁸
3774 433 3868 488 πῶς

544 522 704 593 ptius
717 526 824 588 est,
842 520 987 575 alter
998 519 1403 589 Libycus.Ipsi
1420 533 1662 589 quoque
1676 516 2195 585 interrogaverunt

546 625 643 665 me
668 617 722 665 et
747 609 1024 664 dixerunt
1057 625 1069 663 :
1100 607 1416 673 Quomodo
1442 624 1504 661 se
1534 605 1715 661 habet
1748 604 2009 659 mundus
2034 602 2063 657 ‘7
2093 605 2192 657 Ve-

546 699 711 753 nitne
736 713 894 769 aqua
923 698 983 753 in
1020 703 1285 768 tempore
1306 712 1417 751 suo
1442 694 1469 749 ‘i
1489 696 1738 750 Mundus
1758 694 2063 748 obtinetne
2092 691 2195 747 ab-

551 786 904 842 undantiam
936 786 1168 841 solitam
1202 784 1229 839 7
1268 786 1567 855 Respondi
1611 800 1626 839 :
1671 783 1877 837 Etiam.
1928 781 2193 836 Vicissim

547 890 659 946 ego
690 881 1068 947 percontatus
1091 892 1226 930 sum
1252 891 1264 927 :
1289 874 1563 942 Quanam
1588 873 1815 927 ratione
1838 872 1958 927 fieri
1990 878 2197 942 potero

549 965 885 1021 monachus
915 963 944 1019 ‘f
985 964 1161 1019 Aiunt
1204 964 1349 1019 mihi
1382 981 1392 1019 :
1446 964 1561 1018 Nisi
1600 963 1733 1034 quis
1766 960 2199 1015 renunciaverit

547 1053 829 1109 omnibus
855 1053 1065 1107 mundi
1096 1053 1296 1117 rebus,
1330 1067 1448 1107 non
1472 1057 1664 1123 potest
1691 1050 1814 1105 ﬁeri
1840 1051 2195 1105 monachus.

548 1143 795 1214 Excepi:
828 1143 949 1211 Ego
978 1142 1253 1196 infirmus
1280 1156 1437 1204 sum,
1457 1156 1566 1195 nec
1588 1155 1837 1211 possum
1868 1139 2038 1193 sicuti
2067 1154 2194 1194 vos.

548 1233 921 1301 Exceperunt
934 1231 1109 1285 etiam
1126 1229 1233 1285 illi:
1267 1230 1323 1286 Si
1340 1244 1460 1284 non
1474 1233 1663 1300 potes,
1678 1227 2197 1301 quemadmodum

549 1334 680 1384 nos,
702 1318 843 1374 sede
856 1319 914 1373 in
929 1318 1140 1374 cellula
1158 1324 1279 1383 tua,
1296 1326 1351 1374 et
1365 1324 1607 1390 peccata
1626 1324 1723 1373 tua
1740 1315 2199 1382 deﬂe.Quaesivi

551 1407 630 1464 ab
651 1406 769 1462 eis:
805 1408 1058 1472 Quando
1075 1407 1269 1463 hiems
1295 1412 1401 1471 est,
1439 1421 1637 1463 nonne
1668 1406 1878 1475 algetis
1900 1405 1929 1461 i’
1956 1404 2198 1477 quando

556 1499 756 1552 aestus
771 1501 1085 1563 est,nonne
1101 1496 1287 1552 uritur
1303 1512 1522 1567 corpus
1535 1502 1796 1551 vestrum
1815 1494 1843 1550 εἰ
1864 1496 2199 1567 Responde-

554 1591 693 1643 runt
709 1603 723 1642 :
739 1586 892 1641 Deus
917 1601 1059 1656 erga
1079 1601 1191 1642 nos
1210 1586 1324 1642 hac
1344 1602 1485 1640 usus
1498 1592 1585 1640 est
1602 1585 2051 1655 dispensatione
2070 1601 2082 1639 :
2100 1599 2200 1639 ne-

553 1689 672 1747 que
687 1675 881 1731 hieme
894 1676 1177 1746 rigemus,
1202 1690 1391 1746 neque
1409 1678 1629 1729 aestate
1645 1689 1753 1728 nos
1775 1679 1974 1729 aestus
1996 1672 2195 1729 laedit.

2305 514 2551 577 ὀκὸσμος
2580 529 2594 579 ;
2625 518 2711 564 καὶ
2746 513 2788 564 εἰ
2817 516 3029 586 ἔρχεται
3072 517 3129 564 τὸ
3161 510 3304 585 ὕδωρ
3336 516 3473 565 κατὰ
3494 518 3669 585 καιρὸν
3708 514 3868 581 αὐτοῦ,

2306 608 2395 653 καὶ
2433 603 2475 654 εὶ
2523 605 2636 673 ἔχει
2668 603 2694 653 6
2738 607 2935 673 κόσμος
2983 607 3078 660 τὴν
3110 602 3351 660 εὐθηνίαν
3404 603 3584 668 αὐτοῦ,
3615 608 3700 655 καὶ
3750 600 3872 655 εἶπον

2308 691 2486 751 αὐτοῖς
2517 709 2530 721 ⁸
2582 696 2683 745 ναί.
2730 692 2875 763 κάγὼ
2930 691 3114 752 αὐτοὺς
3161 693 3414 765 ἠρώτησα
3446 709 3459 723 ⁸
3511 701 3619 754 πῶς
3667 688 3873 763 δύναμαι

2307 782 2545 851 γενέσθαι
2582 786 2817 853 μοναχός
2840 799 2855 847 ;
2911 786 3001 833 καὶ
3038 780 3250 852 λέγουσί
3288 801 3377 853 μοι
3407 802 3421 816 α
3464 783 3548 834 te»
3588 786 3656 853 μὴ
3698 780 3876 834 ἀποτά-

2309 868 2463 931 ξηταί
2493 890 2572 932 τις
2600 877 2735 923 πᾶσι
2772 878 2883 932 τοῖς
2915 878 3007 923 τοῦ
3046 877 3272 942 κόσμου,
3305 870 3363 923 οὗ
3410 868 3629 924 δύναται
3660 874 3875 942 γενέσθαι

2308 964 2543 1031 μοναχός
2574 977 2587 990 ⁸
2620 966 2709 1012 xui
2739 957 2879 1012 εἷπον
2918 960 3093 1021 αὐτοῖς
3121 978 3134 991 ⁸
3186 965 3285 1032 ἐγὼ
3318 959 3543 1021 ἀσθενής
3584 961 3686 1032 εἰμι
3714 967 3796 1013 xui
3825 960 3875 1013 οὐ

2310 1045 2540 1121 δύναμαι
2567 1052 2635 1110 ὡς
2684 1051 2827 1121 ὑμεῖς
2858 1067 2870 1079 ⁸
2904 1054 2994 1101 καὶ
3039 1046 3178 1103 εἶπόν
3218 1069 3305 1123 μοι
3338 1056 3429 1103 καὶ
3460 1049 3607 1103 αὐτοί
3644 1069 3657 1081 ⁸
3694 1055 3777 1103 καὶ
3804 1050 3881 1103 έὰν

2310 1138 2367 1191 οὐ
2400 1135 2629 1191 δύνασαι
2671 1142 2740 1201 ὡς
2791 1142 2956 1211 ἡμεῖς,
3011 1142 3175 1193 κάθου
3208 1139 3281 1202 εἰς
3318 1143 3377 1192 τὸ
3422 1138 3615 1192 κελλίον
3656 1158 3764 1203 σου,
3801 1144 3877 1192 καὶ

2310 1227 2534 1281 κλαῡσον
2559 1230 2653 1291 τὰς
2680 1228 2936 1303 ἁμαρτίας
2965 1248 3059 1282 σου
3092 1243 3105 1256 ⁸
3131 1233 3220 1282 καὶ
3238 1229 3496 1302 ἠρώτησα
3526 1228 3709 1290 αὐτοὺς
3734 1244 3747 1258 ⁸
3774 1229 3877 1280 ὅταν

2308 1322 2519 1389 γίνηται
2548 1324 2769 1390 χειμών,
2824 1318 2882 1371 οὐ
2920 1320 3103 1393 ῥιγᾶτε
3136 1335 3150 1386 ;
3193 1323 3283 1371 xui
3329 1321 3452 1371 ὅταν
3486 1323 3693 1390 γίνηται

2309 1415 2505 1480 καῦμα,
2539 1407 2597 1460 οὐ
2628 1413 2832 1460 καίεται
2877 1411 2940 1460 τά
2986 1414 3209 1480 σώματα
3237 1410 3380 1480 ὑμῶν
3418 1424 3433 1475 ;
3472 1410 3521 1460 οἱ
3571 1404 3627 1459 δὲ
3656 1404 3786 1459 εἶπον
3816 1407 3875 1457 ’ὁ

2312 1501 2442 1560 Θεὸς
2484 1496 2722 1555 ἐποίησιν
2767 1499 2891 1570 ἡμῖν
2924 1502 3018 1556 τὴν
3065 1497 3363 1570 οἰκονομίαν
3392 1501 3591 1556 ταύτην
3628 1514 3643 1528 ⁸
3669 1500 3753 1549 καὶ
3780 1499 3878 1548 οὔτε

2308 1595 2377 1657 τῷ
2417 1595 2638 1659 χειμῶνι
2688 1588 2933 1661 ῥιγῶμεν,
2982 1588 3098 1640 οὔτε
3142 1595 3216 1658 τῷ
3263 1590 3397 1662 θέρει
3434 1590 3494 1639 τὸ
3542 1593 3715 1658 καῦμα
3759 1586 3879 1657 ἡμᾶς

2310 1674 2484 1730 ἀδικεὶ
2518 1695 2530 1707 ⁸
2567 1674 2661 1729 διὰ
2697 1685 2847 1730 τοῦτο
2896 1674 3035 1730 εἷπον
3065 1679 3206 1750 ὑμῖν,
3241 1680 3321 1730 ὃτι
3349 1681 3495 1730 οὔπω
3524 1678 3706 1749 γέγονα
3747 1694 3879 1746 μονα-

556 1743 867 1835 βτορῐθτθδ
884 1743 1003 1819 dixi
1031 1763 1225 1829 vobis,
1251 1743 1347 1819 me
1365 1762 1635 1819 nondum
1658 1779 1787 1818 esse
1806 1763 2195 1830 monachum,

2310 1772 2428 1839 χός,
2479 1766 2585 1819 ἀλλ’
2627 1763 2765 1819 εἶδον
2813 1743 3120 1839 μοναχούςλ
3167 1743 3566 1843 συγχωρήσατέ
3592 1743 3714 1838 μοι,
3747 1743 3880 1817 ἀδελ-

554 1852 658 1907 sed
689 1853 906 1908 vidisse
937 1853 1285 1909 monachos.
1320 1852 1606 1922 Ignoscite
1637 1852 1799 1917 mihi,
1834 1851 2063 1907 fratres.

624 1947 677 2000 3.
708 1943 994 2000 Macarius
1020 1943 1209 1998 abbas
1247 1958 1385 1997 cum
1407 1942 1466 1996 in
1500 1942 1851 1998 omnimoda
1880 1941 2199 1997 solitudine

551 2031 844 2088 habitaret
876 2052 889 2087 :
926 2030 1086 2087 solus
1117 2036 1314 2087 autem
1354 2031 1471 2087 illic
1509 2031 1989 2086 anachoreticam
2021 2031 2201 2087 vitam

552 2120 847 2191 ducebat;
879 2120 1034 2176 infra
1065 2136 1204 2176 vero
1236 2120 1351 2176 alia
1378 2124 1502 2175 erat
1530 2136 1789 2184 eremus,
1822 2121 1882 2175 in
1912 2135 2035 2191 qua
2065 2119 2200 2191 plu-

552 2224 649 2265 res
679 2208 888 2265 fratres
931 2209 1233 2277 degebant
1266 2228 1277 2264 :
1307 2210 1418 2263 ista
1445 2210 1625 2278 igitur
1655 2209 1715 2264 in
1748 2208 2067 2264 solitudine
2100 2208 2203 2264 ali-

554 2298 798 2371 quando
826 2314 932 2371 per
950 2297 1113 2353 viam
1134 2298 1623 2370 circumspiciens
1651 2314 1851 2365 senex,
1876 2297 2024 2353 vidit
2049 2303 2203 2355 sata-

554 2403 697 2444 nam
739 2388 1070 2444 venientem
1118 2388 1180 2442 in
1225 2386 1420 2456 ﬁgura
1457 2387 1739 2453 hominis,
1792 2392 1853 2443 ut
1886 2388 2108 2457 locum,
2138 2389 2199 2445 in

552 2492 676 2549 quo
705 2482 853 2543 erat,
880 2475 1155 2531 transiret
1184 2494 1200 2535 :
1242 2477 1575 2547 apparebat
1607 2481 1804 2531 autem
1834 2477 2007 2549 quasi
2048 2478 2203 2532 tuni-

554 2581 686 2621 cam
702 2571 941 2635 gestans
956 2564 1173 2621 lineam
1190 2563 1615 2635 perforatam,a
1628 2565 1797 2620 cuius
1809 2564 2199 2623 foraminibus

554 2654 900 2725 pendebant
920 2670 1140 2724 parvae
1168 2653 1403 2724 lecythi.
1441 2655 1583 2709 Dicit
1611 2656 1661 2709 ei
1686 2671 1869 2711 senex
1901 2672 2159 2725 magnus
2183 2674 2197 2713 :

557 2744 686 2808 Quo
707 2743 875 2798 vadis
890 2740 918 2797 ?
940 2742 1292 2813 Respondit:
1318 2743 1665 2798 Proﬁciscor
1691 2744 1763 2799 ad
1791 2743 2019 2810 fratres,
2047 2751 2110 2800 ut
2130 2746 2200 2802 iis

558 2846 898 2901 suggeram.
948 2831 1096 2886 Tum
1137 2846 1363 2888 senex:
1410 2831 1473 2887 Et
1516 2848 1703 2903 quare
1748 2832 1851 2888 tibi
1900 2834 2198 2905 ampullae

554 2921 720 2977 hae?
759 2920 857 2975 1116
896 2936 914 2977 :
952 2920 1147 2976 Aﬂ‘ero
1193 2920 1473 2977 fratribus
1513 2922 1915 2979 condimenta.
1966 2926 2195 2981 Senex:

545 3013 619 3066 Et
645 3010 794 3066 haec
817 3011 1024 3067 omnia
1048 3010 1076 3065 ?
1098 3012 1371 3082 Excepit:
1406 3011 1594 3068 Etiam
1626 3030 1639 3081 ;
1664 3014 1711 3069 si
1735 3014 1829 3069 cui
1863 3029 2049 3070 unum
2077 3031 2196 3071 non

553 3100 860 3172 placuerit,
894 3101 1055 3157 aliud
1082 3102 1322 3173 porrigo
1357 3118 1368 3156 :
1399 3102 1446 3157 si
1479 3118 1671 3175 neque
1710 3102 1843 3169 hoc,
1875 3103 1953 3159 do
1984 3104 2147 3160 aliud
2183 3124 2196 3174 ;

553 3190 804 3245 omnino
846 3195 1046 3246 autem
1094 3206 1166 3245 ex
1205 3190 1318 3245 illis
1364 3191 1574 3247 saltem
1606 3206 1793 3247 unum
1827 3192 2085 3262 placebit
2124 3194 2198 3249 ei.

554 3278 717 3343 Quae
738 3294 875 3333 cum
896 3278 1165 3346 dixisset,
1188 3278 1356 3336 abiit.
1387 3285 1456 3335 At
1474 3295 1653 3335 senex
1676 3282 2201 3347 remansit,obser-

554 3381 705 3422 vans
734 3366 882 3431 vias,
915 3367 1105 3422 donec
1138 3373 1543 3424 reverteretur.
1579 3371 1766 3441 thue
1799 3371 2108 3441 conspexit
2138 3370 2202 3427 il-

552 3452 680 3509 lum
707 3469 906 3520 senex,
937 3454 1053 3513 ait:
1083 3455 1292 3510 Salvus
1319 3456 1416 3511 sis.
1440 3456 1537 3512 1116
1567 3457 1874 3528 respondit
1900 3475 1913 3513 :
1944 3460 2201 3524 Quomo-

555 3541 635 3597 do
657 3543 996 3610 contingere
1022 3542 1163 3597 mihi
1197 3545 1425 3615 poterit,
1451 3550 1513 3599 ut
1531 3545 1733 3601 salvus
1764 3546 1875 3600 sim
1906 3546 1934 3601 ‘i
1962 3549 2151 3603 Senex
2184 3567 2197 3604 :

554 3632 749 3696 Quare
776 3629 805 3685 i’
831 3630 929 3686 1116
958 3646 971 3685 :
1002 3632 1172 3697 Quia,
1202 3632 1413 3703 inquit,
1448 3633 1642 3688 cuncti
1672 3634 1814 3689 mihi
1833 3635 2069 3691 fuerunt
2095 3637 2202 3691 im-

556 3722 748 3786 mites,
782 3736 893 3775 nec
923 3720 1080 3776 ullus
1124 3722 1267 3777 mihi
1300 3722 1475 3778 favet.
1518 3724 1604 3779 Ad
1642 3740 1781 3779 eum
1809 3742 1992 3781 senex
2024 3743 2037 3781 :
2072 3728 2204 3784 Nul-

554 3809 725 3865 lusne
764 3826 905 3880 ergo
930 3810 1044 3865 illic
1077 3811 1179 3866 tibi
1215 3812 1448 3867 amicus
1489 3814 1518 3869 ?
1547 3812 1646 3868 1116
1675 3816 1982 3886 respondit
2012 3833 2024 3871 :
2059 3819 2198 3884 Nae,

558 3913 747 3954 unum
780 3899 860 3954 ibi
890 3900 1254 3956 monachum
1285 3900 1548 3957 amicum
1578 3903 1797 3969 habeo,
1825 3906 1925 3976 qui
1961 3905 2051 3961 vel
2076 3907 2202 3977 ipse

555 3987 702 4044 mihi
742 3988 1135 4061 obtemperat,
1168 3996 1223 4045 et
1252 4007 1389 4045 cum
1423 4007 1517 4047 me
1547 3993 1854 4064 conspicit,
1898 4010 2079 4051 aurae
2109 3995 2201 4051 in-

557 4081 681 4132 star
694 4078 1116 4134 vertitur.Tum
1139 4094 1312 4135 senex
1332 4121 1344 4134 .
1375 4081 1688 4146 Quomodo
1711 4088 1954 4138 vocatur
1974 4083 2151 4139 frater
2173 4084 2201 4141 Τ

554 4165 653 4221 Ille
692 4166 772 4223 ait
802 4183 815 4222 :
847 4168 1308 4241 TbeOpemptus.
1333 4170 1460 4235 Quo
1486 4169 1645 4226 dicto
1676 4171 1973 4229 discessit.
2009 4174 2202 4245 Atque

554 4270 802 4326 surgens
824 4257 1112 4312 Macarius
1125 4257 1316 4314 abbas
1340 4261 1597 4330 perrexit
1622 4261 1698 4316 ad
1724 4262 2062 4318 inferiorem
2080 4277 2201 4317 ere-

2310 1862 2395 1930 φοί
2434 1857 2536 1929 (a).

2381 1950 2433 2002 3.
2462 1945 2518 1998 Ὀ
2559 1944 2721 2007 ἀϐϐἄς
2758 1947 3030 2021 Μακάριος
3073 1948 3155 1998 ὅτε
3207 1951 3329 2017 ᾤκει
3377 1947 3429 1999 ἐν
3473 1954 3536 2019 τῇ
3587 1948 3878 2018 πανερήμῳ’

2312 2032 2372 2094 ἧν
2418 2031 2477 2087 δὲ
2522 2039 2675 2107 μόνος
2718 2034 2769 2087 έν
2814 2035 2941 2107 αὐτῇ
2990 2036 3299 2110 ἀναχωρῶν,
3342 2036 3633 2107 παρακάτω
3681 2030 3737 2087 δὲ
3770 2030 3877 2088 ἄλλη

2311 2127 2496 2198 ἔρημος
2543 2121 2601 2182 ἦν
2639 2124 2881 2176 πλειόνων
2930 2121 3162 2197 ἀδελφῶν
3194 2143 3207 2157 ⁸
3263 2130 3554 2199 παρετήρει
3600 2120 3659 2176 δε
3688 2123 3711 2175 ὁ
3739 2125 3881 2193 γέρων

2310 2218 2397 2271 τὴν
2428 2210 2571 2278 ὁδόν,
2603 2218 2693 2265 καὶ
2740 2215 2836 2286 ὁρᾷ
2867 2216 2954 2265 τὸν
3007 2219 3255 2276 σατανᾶν,
3304 2212 3649 2287 ἀνερχόμενον
3678 2210 3724 2263 έν
3762 2213 3882 2281 σχήο

2311 2322 2438 2376 ματι
2504 2301 2796 2373 ἀνθρώπου,
2854 2302 3123 2375 παρελθεῖν
3179 2298 3251 2354 δι’
3304 2302 3465 2355 αὐτοῦ
3500 2322 3513 2334 ⁸
3568 2302 3787 2375 ἐφαίνετο
3832 2293 3883 2349 δὲ

2310 2394 2379 2453 ὡς
2435 2393 2714 2463 στιχάριον
2763 2399 2929 2464 φορῶν
2980 2391 3150 2443 λινοῦν
3206 2391 3510 2465 τρωγλωτόν
3554 2410 3569 2424 ⁸
3627 2394 3713 2442 καὶ
3764 2387 3883 2439 κατὰ

2310 2481 2598 2553 τρυμαλιάν
2646 2480 2895 2553 ἐκρέματο
2946 2480 3192 2539 ληκύθιον
3232 2483 3253 2516 ⁸
3291 2496 3307 2512 ⁸
3340 2487 3433 2533 καὶ
3493 2481 3629 2550 λέγει
3689 2476 3817 2547 αὐτῷ
3860 2476 3881 2525 6

2308 2576 2470 2643 γέρων
2500 2571 2524 2621 6
2563 2574 2721 2641 μέγας
2751 2588 2764 2601 ⁸
2810 2576 2906 2621 ποῦ
2944 2573 3137 2642 πορεύῃ
3172 2586 3186 2636 ;
3228 2574 3318 2622 καὶ
3349 2570 3491 2625 εἶπεν
3538 2567 3670 2640 οὖτῴ
3701 2582 3714 2598 ⁸
3748 2565 3883 2637 ἀπέρ-

2309 2679 2481 2731 χομαι
2510 2660 2811 2729 ὑπομνῆσαι
2836 2662 2957 2720 τοὺς
2986 2655 3238 2731 ἀδελφοὺς
3269 2659 3348 2729 (ὁ)
3373 2679 3387 2692 ⁸
3419 2660 3446 2711 6
3478 2656 3536 2712 δὲ
3565 2662 3721 2730 γέρων
3750 2652 3847 2708 εἷπε
3868 2673 3882 2687 ⁸

2307 2753 2398 2799 καὶ
2429 2748 2511 2800 ἱνα
2540 2753 2591 2799 τί
2623 2767 2707 2800 σοι
2735 2750 2801 2799 τά
2828 2748 3055 2805 ληκύθια
3093 2750 3114 2783 9
3142 2755 3307 2800 ταῦτα
3338 2764 3351 2814 ;
3376 2753 3472 2801 xui
3496 2745 3603 2802 εἶπε
3636 2767 3651 2782 ⁸
3672 2748 3883 2818 γεύματα

2309 2836 2546 2911 ἀποφέρω
2602 2844 2713 2899 τοῖς
2752 2834 2987 2909 ἀδελφοῖς
3015 2854 3028 2868 ⁸
3058 2839 3084 2888 ὁ
3116 2834 3175 2889 δὲ
3216 2842 3377 2909 γέρων
3412 2835 3524 2891 εἶπε
3556 2853 3571 2868 ⁸
3624 2839 3710 2888 καὶ
3738 2841 3883 2886 ταῦτα

2309 2926 2400 2979 ὅλα
2433 2945 2446 2994 ;
2475 2927 2726 3000 ἀπεκρίθη
2764 2944 2774 2956 ·
2808 2931 2892 2978 ναί
2922 2946 2933 2958 ·
3176 2925 3258 2978 ἐὰν
3290 2931 3361 2998 μὴ
3404 2931 3467 2979 τὸ
3493 2926 3543 2980 ἓν
3590 2929 3744 3001 αρέσῃ
3775 2924 3879 2984 τινί,

2311 3021 2445 3090 φέρω
2474 3015 2596 3067 ἄλλο
2627 3034 2638 3047 ⁸
2698 3017 2783 3068 ἐὰν
2848 3012 2905 3068 δὲ
2948 3013 3086 3089 μηδὲ
3119 3024 3297 3083 τοῦτο,
3343 3012 3487 3070 διδῶ
3518 3016 3638 3069 ἄλλο
3666 3032 3678 3044 ⁸
3707 3014 3883 3069 πάντως

2313 3102 2372 3157 δὲ
2418 3104 2471 3167 ἐξ
2502 3104 2669 3156 αὐτῶν
2707 3103 2801 3156 κᾶν
2842 3103 2890 3157 ἓν
2938 3103 3111 3177 ἀρέσει
3166 3104 3308 3175 αὐτῷ
3343 3124 3356 3138 ⁸
3409 3109 3513 3159 Καὶ
3559 3111 3720 3157 ταῦτα
3752 3101 3881 3154 εἰπὼν

2312 3193 2536 3252 ἀπῆλθεν
2593 3212 2606 3223 ·
2658 3195 2683 3245 6
2747 3190 2805 3246 δὲ
2859 3197 3019 3267 γέρων
3080 3197 3241 3267 ἔμεινε
3305 3196 3763 3270 παρατηρούμενος
3806 3189 3881 3246 τὰς

2312 3280 2468 3345 ὁδοὺς
2499 3284 2592 3344 ἕως
2620 3281 2775 3335 πάλιν
2815 3281 3004 3344 έκεῖνος
3032 3281 3282 3342 ἐπανῆλθε
3308 3300 3321 3313 ⁸
3360 3290 3455 3336 καὶ
3484 3287 3553 3346 ὡς
3594 3278 3722 3337 εἶδεν
3750 3278 3882 3332 αὐτὸν

2312 3374 2338 3424 6
2362 3376 2546 3445 γέρων,
2573 3372 2704 3443 λέγει
2738 3371 2876 3443 αὐτῷ
2901 3394 2914 3406 ·
2943 3374 3166 3433 σωθείης
3197 3389 3209 3403 ⁸
3240 3374 3265 3424 6
3295 3369 3355 3426 δε
3385 3371 3642 3447 ἀπεκρίθη
3667 3387 3680 3401 ⁸
3712 3375 3802 3424 ποῦ
3825 3368 3885 3419 ἔνι

2312 3481 2401 3534 μοι
2428 3464 2662 3520 σωθῆναι
2689 3478 2702 3529 ;
2726 3461 2858 3534 λέγει
2888 3461 3028 3531 αὐτῷ
3057 3463 3082 3513 6
3111 3466 3273 3535 γέρων
3304 3478 3316 3492 ⁸
3347 3458 3447 3515 διὰ
3470 3468 3522 3516 τί
3554 3480 3568 3530 ;
3601 3464 3626 3515 6
3652 3458 3709 3514 δὲ
3730 3459 3850 3529 λέγει
3869 3474 3884 3487 ⁸

2312 3552 2393 3602 ὅτι
2447 3554 2634 3612 πάντες
2687 3552 2863 3623 ἄγριοί
2910 3570 2999 3613 μοι
3047 3550 3273 3622 ἐγένοντο
3327 3552 3430 3623 (c),
3478 3557 3568 3605 xui
3599 3546 3761 3609 οὐδείς
3796 3563 3880 3618 μου

2314 3638 2558 3711 ἀνέχεται
2607 3641 2649 3676 ¹⁰
2678 3659 2691 3672 ·
2722 3640 2855 3710 λέγει
2907 3639 3048 3710 αὐτῷ
3090 3641 3116 3691 6
3156 3644 3316 3713 γέρων
3346 3657 3358 3670 ⁸
3416 3638 3608 3694 οὐδένα
3636 3635 3720 3692 οὖν
3761 3634 3882 3708 φίλον

2313 3730 2451 3800 ἔχεις
2484 3726 2590 3780 ἐκεῖ
2620 3745 2633 3794 ;
2666 3730 2691 3780 6
2742 3726 2799 3780 δὲ
2832 3728 3084 3803 ἀπεκρίθη
3126 3744 3139 3758 ⁸
3177 3734 3283 3793 ναὶ,
3329 3730 3419 3782 ἕνα
3454 3732 3685 3803 μοναχὸν
3723 3728 3763 3763 ¹¹
3790 3725 3883 3795 ἔχω

2313 3816 2417 3870 έκεί
2437 3818 2577 3890 φίλον
2604 3820 2670 3883 ³⁸,
2704 3822 2793 3869 καὶ
2821 3817 2916 3869 κάν
2938 3820 3093 3878 αὑτός
3127 3837 3217 3891 μοι
3242 3820 3478 3871 πείθεται
3511 3837 3522 3850 ⁸
3557 3824 3646 3871 καὶ
3702 3817 3779 3869 ὅτε
3805 3813 3885 3883 6ρᾷ

2314 3925 2396 3979 με,
2440 3911 2713 3979 στρέφεται
2753 3909 2821 3969 ὡς
2859 3906 3016 3979 ἀνέμη
3051 3907 3099 3943 ¹³
3131 3925 3143 3937 ⁸
3175 3906 3308 3978 λέγει
3356 3908 3500 3979 αὐτῷ
3530 3909 3555 3960 6
3584 3911 3739 3981 γέρων
3770 3920 3781 3932 ·
3807 3903 3885 3951 καὶ

2311 3999 2388 4055 τίς
2438 3994 2670 4046 καλεῖται
2722 3996 2747 4046 6
2807 3992 3026 4068 ἀδελφός
3086 3997 3158 4062 ;ὁ
3192 3992 3250 4048 δι
3294 3995 3432 4067 λέγει
3477 4016 3490 4029 ⁸
3538 4002 3845 4065 Θεόπεμπτος
3871 4002 3882 4016 ⁶

2313 4084 2465 4136 εἰπὼν
2506 4080 2565 4137 δὲ
2609 4092 2777 4136 ταῦτα
2834 4082 3079 4150 ἀπῆλθεν,
3134 4089 3225 4137 xui
3265 4083 3499 4148 ἀναστὰς
3526 4087 3552 4138 6
3592 4083 3750 4143 ἀϐϐᾶς
3785 4078 3886 4133 Μα-

2313 4175 2490 4247 κάριος
2559 4172 2847 4246 ἀπέρχεται
2904 4173 2987 4226 ἐπὶ
3049 4178 3143 4233 τὴν
3194 4176 3485 4243 παρακάτω
3548 4176 3752 4250 ἔρημον,
3809 4167 3885 4218 καὶ

2315 4261 2626 4322 ἀκούσαντες
2682 4265 2730 4314 οἱ
2787 4258 3019 4335 ἀδελφοὶ,
3083 4261 3320 4326 λαϐόντες
3371 4262 3506 4335 βαΐα
3581 4261 3781 4325 ἐξῆλθον
3826 4252 3887 4311 εἰς

552 4358 737 4399 mum.
764 4345 931 4410 Quod
953 4360 1091 4402 cum
1116 4348 1547 4419 comperissent
1572 4348 1800 4417 fratres,
1832 4351 2083 4422 sumptis
2112 4367 2198 4407 ra-

2316 4349 2607 4409 ἀπάντησιν
2633 4350 2794 4403 αὑτοῦ
2827 4351 2910 4423 (d)
2939 4368 2953 4382 ⁸
2992 4356 3082 4405 καὶ
3110 4352 3287 4405 λοιπὸν
3326 4353 3541 4415 ἕκαστος
3578 4344 3885 4425 ηὐτρεπίξιτο

1854 4485 2085 4555 VARI/E
2125 4484 2422 4543 LECTION
2432 4488 2533 4545 ES.

661 4606 682 4641 ⁸
710 4607 894 4671 Corr.,
924 4604 1171 4662 Coteler.
1232 4607 1608 4665 ληκύνθιον.

586 4677 628 4713 ¹²
645 4676 733 4733 ΑΙ.
768 4674 1067 4749 ἀδελφόν.
1156 4677 1199 4712 ⁸⁸
1231 4680 1321 4736 Sic
1354 4679 1597 4737 Coteler.
1620 4695 1731 4753 pro
1758 4674 2014 4754 ἄνεμος.

1686 4610 1706 4643 ⁹
1740 4609 1926 4675 Corr.,
1961 4611 2203 4667 Coteler.
2228 4610 2301 4670 λη
2317 4630 2347 4663 κ
2363 4613 2392 4662 ύ
2406 4632 2431 4663 ν
2452 4612 2481 4663 θ
2494 4630 2510 4663 ι
2524 4630 2573 4666 α.

2655 4610 2813 4667 10Al.
2861 4629 2969 4683 μοι
3017 4613 3343 4671 πείθεται.
3428 4615 3472 4650 ιι
3530 4612 3617 4669 Al.
3669 4622 3876 4683 μονον.

2123 4792 2166 4846 Ν
2173 4790 2360 4849 ΟΤιΕ.

646 4892 703 4965 a)
746 4892 825 4948 Cf.
866 4893 980 4948 νγ.
1014 4893 1120 4951 PP.
1162 4898 1355 4952 Rosw.
1388 4896 1489 4953 lib.
1532 4912 1584 4952 v1
1623 4896 1804 4953 libell.
1845 4902 1897 4965 3,
1928 4902 1980 4954 4.

650 4964 1133 5042 ω-Απέρχομαι-
1164 4969 1547 5039 ὑπομνῆσαι
1576 4973 1728 5031 τοὺς
1768 4964 2105 5042 ἀδελφοὺς.
2134 4972 2198 5027 In

549 5036 692 5118 Vitis
711 5036 977 5091 Patrum:
1012 5036 1166 5094 Vado
1192 5036 1553 5118 commovere
1568 5042 1814 5118 fratres,
1840 5036 1996 5118 facili
2024 5043 2198 5118 lapsu

547 5112 670 5162 vice
683 5122 1069 5174 commonere,
1094 5112 1610 5174 quemadmodum
1626 5114 1851 5168 rectein
1881 5112 2197 5169 Pascliasio

552 5126 1069 5174 vncecommonere,
1139 5126 1851 5168 uemaamouumrectein
1882 5126 2197 5169 PascliaSIO

552 5176 690 5260 [VV.
726 5180 827 5234 PP.
871 5126 1211 5260 Rosvpjnb.
1254 5199 1329 5238 v11
1369 5184 1599 5260 cap._l,
1652 5183 1731 5256 8].
1771 5188 2005 5260 Parque
2036 5200 2199 5260 erra-

550 5258 673 5306 tum
689 5253 1064 5307 occurritsub
1082 5253 1261 5327 tinem
1284 5253 1837 5327 Apophthegm—atis.
1861 5253 2001 5313 Cod.
2026 5257 2196 5312 Corb.

548 5337 916 5379 commonere
946 5331 1001 5377 et
1026 5326 1365 5382 admonere.
1408 5326 1678 5382 Cornum.

620 5394 694 5464 (ο)
738 5396 972 5472 [μένῃ-ς
1008 5397 1231 5472 οἶγρ-ιοί
1269 5417 1377 5468 μοι
1416 5396 2066 5472 Eyévovrioietinﬁne‘]
2096 5399 2199 5470 ἄγο

547 5471 687 5541 ριοί
726 5465 892 5543 εἰσ-ιν
920 5465 1522 5543 610i,'[etiterﬂumrvin
1553 5470 1688 5539 ﬁne]
1723 5465 1977 5543 πάντων
2016 5465 2091 5543 ἀ”γ
2113 5465 2199 5543 ρί-

554 5537 1093 5614 ωτερος-ἔγένετο,
1124 5537 1195 5614 ex
1219 5541 1407 5595 Ruﬁni
1435 5537 1913 5611 interpretatione
1939 5537 2078 5614 [ννζ
2101 5537 2196 5614 PP.

550 5609 1183 5683 Bos‘w.lib.m,cap.6l]
1197 5614 1545 5668 contrarz’iet
1563 5609 1814 5682 agrestes
1828 5609 2200 5683 atqueomni-

552 5678 657 5736 bus
670 5681 928 5751 amplius
945 5678 1232 5753 asperior.
1250 5700 1315 5740 ex
1340 5683 1439 5741 illa
1455 5699 1592 5741 vero
1604 5678 2074 5756 ?aschasii[VV.
2093 5686 2195 5740 PP.

2309 4903 2499 4982 Bosw.
2523 4899 2752 4982 lib._vn,
2780 4916 2918 4982 cap.
2942 4901 2993 4982 1,
3016 4899 3074 4982 8]
3104 4900 3690 4982 σοῃζζςινὶεξῆαθὲετθδν
3721 4891 3883 4982 ίῖἶζῖηξ

2310 4971 2413 5044 bus
2434 4964 2832 5044 iasperz'or.VAt
2865 4964 3141 5041 Pelagius
3172 4971 3306 5044 [νλν,
3368 4964 3699 5027 PP,'Bosw.
3730 4964 3825 5020 lib.
3856 4974 3883 5011 v

2308 5042 2666 5125 limini-18,9]
2687 5044 2918 5125 ’θεριξξιι
2948 5043 3124 5125 ἀγιοι
3146 5042 3546 5125 άοέγέώτερρ
3564 5061 3604 5103 ςτ
3625 5045 3880 5125 nimii?

2312 5115 2400 5168 tit:
2425 5114 2634 5170 Omnes
2646 5114 3152 5183 sanctiﬁcalisunt
3176 5115 3317 5180 ,‘ton'
3331 5114 3880 5177 sanctisuntmmm-

2310 5186 2413 5240 bus
2442 5190 2705 5241 sanctior
2733 5202 2818 5241 esc
2852 5188 3055 5255 factus
3085 5205 3105 5241 :
3136 5188 3337 5241 minus
3366 5188 3535 5241 bene.
3570 5185 3815 5255 CO'l'ELl-ZR-

2385 5256 2469 5328 (εἰ)
2516 5254 2857 5317 Λαϐόντες
2891 5256 3050 5329 βαΐα
3101 5256 3368 5320 ἐξῆλθον
3409 5258 3497 5320 εἰς
3537 5254 3877 5329 ἀπάντηθσιγ

2307 5347 2340 5379 α
2355 5320 2611 5400 ὐίτᾴῡΛά
2644 5320 3047 5384 illustrandum
3067 5345 3271 5384 morem
3290 5320 3875 5400 praeclaraHLOb‘Ii‘im

2307 5399 2483 5454 eundi
2506 5400 2676 5455 alicui
2700 5400 2940 5454 honoris
2956 5416 3165 5467 causa,
3181 5389 3467 5468 gesiando
3484 5389 3875 5471 ramospalma-

2309 5486 2439 5525 rum
2463 5477 2565 5524 aut
2596 5472 2844 5525 aliarum
2880 5455 3317 5535 arborum'itria
3342 5455 3768 5540 deprompsit!
3782 5455 3874 5540 §df

2309 5543 2587 5596 versariis
2605 5542 3019 5610 meisinsignia
3039 5542 3394 5599 testimonia.
3418 5535 3671 5610 Primum
3688 5535 3876 5610 petitur

2309 5629 2379 5667 ex
2395 5613 2693 5685 [itinerario
2708 5597 3236 5685 Hierosolymitano
3248 5597 3626 5685 Antonini:_lbi
3638 5597 3869 5685 venerat}!

2309 5684 2567 5740 mulieres
2597 5686 2656 5740 in
2680 5672 3141 5742 occursumvnobis
3164 5701 3284 5741 cum
3326 5681 3646 5758 infantibus,
3676 5672 3868 5747 Ραίίπαδ
