4092 6252
220 332 321 389 841

1567 326 2060 385 APOPHTHEGM
2074 328 2237 383 ATA.

3478 332 3589 389 242

219 458 456 531 νομίξων,
487 459 560 511 ὃτι
590 456 713 529 παρ’
746 455 887 526 αὖτῷ
909 454 1081 527 ἔμελλε
1108 456 1380 510 καταλύειν
1410 457 1435 510 6
1466 459 1659 532 γέρών⁸
1698 458 1724 509 6
1756 452 1815 509 δὲ

1951 455 2041 511 nis
2055 454 2395 527 palmarum
2407 457 2457 512 ei
2471 457 2713 515 obviam
2728 457 3095 531 prodierunt.
3116 462 3388 516 Ceterum
3402 474 3588 515 unus-

440 548 629 611 ἐζήτει,
679 550 756 607 τίς
788 548 865 603 εἰη
899 546 924 597 6
964 546 1275 617 καλούμενος
1309 552 1637 617 Θεόπεμπτος
1668 545 1716 597 ἐν
1746 554 1817 615 τῷ

226 641 327 709 ὄρει
360 654 371 665 ⁸
395 640 480 688 xui
497 637 655 707 εὑρὼν
682 634 890 693 εἰσῆλθε
920 634 989 694 εἰς
1016 638 1074 686 τὸ
1109 636 1303 688 κελλίον
1337 637 1496 688 αὐτοῦ
1516 658 1526 667 ·
1553 637 1577 687 6
1607 632 1665 688 δὲ
1695 639 1819 688 Θεό-

220 744 440 796 πεμπτος
460 720 748 786 ὑπεδέξατο
775 723 927 785 αὐτὸν
952 728 1156 797 χαίρων
1173 746 1184 757 ·
1206 728 1273 787 ὡς
1298 722 1356 777 δι
1378 725 1574 798 ἤρξατο
1596 722 1818 785 ἱδιάζειν

220 815 388 879 αὐτὸν,
417 814 442 865 6
471 817 637 886 γέρων
666 812 804 883 λέγει
836 830 849 841 ⁸
878 821 989 874 πῶς
1018 817 1083 865 τὰ
1131 818 1265 865 κατὰ
1315 819 1390 879 σε,
1443 810 1629 885 ἀδελφέ
1663 830 1676 879 ;
1709 816 1734 865 6
1763 810 1822 865 δε

216 900 345 956 εἶπεν
387 922 400 935 ⁸
432 903 620 973 εὐχαῖς
662 921 779 964 σου,
822 901 1014 962 καλῶς’
1063 898 1170 955 εἶπε
1202 899 1262 956 δι
1291 904 1316 955 6
1352 908 1509 977 γέρων
1542 924 1555 936 ⁸
1580 908 1651 975 μὴ
1678 903 1814 955 πολε-

209 997 371 1063 μοῦσί
412 1011 470 1044 σε
515 994 564 1043 οἱ
598 991 842 1063 λογισμοί
873 1007 887 1053 ;
920 993 946 1042 6
974 988 1031 1044 δὲ
1059 988 1167 1043 εἶπε
1202 1006 1215 1019 ⁸
1273 996 1397 1054 τέως
1446 993 1616 1055 καλῶς
1641 993 1749 1064 εἰμι
1790 1010 1804 1023 ⁸

209 1078 390 1155 ᾐδεῖτο
419 1083 523 1152 γὰρ
552 1080 710 1134 εἰπεῖν
738 1096 752 1110 ⁸
788 1080 920 1151 λέγει
946 1080 1088 1150 αὐτῷ
1121 1082 1146 1132 6
1183 1086 1373 1154 γέρων·
1416 1081 1532 1135 ἰδοὺ
1560 1102 1703 1135 ποσα
1735 1084 1822 1141 ἔτη

211 1169 379 1236 ἀσκῶ,
430 1176 523 1223 xui
571 1178 806 1241 τιμῶμαι
856 1172 999 1243 παρὰ
1044 1171 1263 1235 πάντων,
1321 1176 1411 1223 καὶ
1460 1171 1576 1243 ἐμοὶ
1626 1169 1697 1243 τῷ
1736 1176 1828 1242 γέ-

214 1279 358 1333 ροντι
406 1258 561 1331 ὀχλεῖ
606 1262 663 1311 τὸ
720 1267 918 1329 πνεῦμα
947 1267 1042 1320 τῆς
1079 1265 1342 1334 πορνείας.
1376 1260 1631 1333 ἀπεκρίθη
1667 1260 1826 1332 λέγων

216 1352 242 1403 6
272 1354 604 1421 Θεὸπεμπτος
643 1364 655 1375 ⁸
696 1353 929 1412 πίστευε,
984 1347 1139 1414 ἁϐϐᾶ,
1200 1355 1291 1402 xui
1328 1350 1444 1422 ἐμοί
1477 1368 1489 1380 ⁸
1522 1352 1546 1401 6
1580 1346 1639 1403 δὲ
1664 1355 1828 1424 γέρων

214 1438 597 1509 προεφασίζετο
651 1440 739 1489 καὶ
798 1436 1000 1509 ἐτέρους
1054 1436 1337 1509 λογισμοὺς
1376 1438 1612 1509 πολεμεῖν
1667 1438 1826 1508 αὐτῷ,

211 1527 299 1587 ἕως
324 1531 543 1583 ποιήσει
571 1525 725 1577 αὐτὸν
765 1525 1089 1596 ὁμολογῆσαι
1124 1546 1134 1557 ·
1171 1523 1283 1579 εἶτα
1310 1526 1443 1598 λέγει
1490 1526 1632 1597 αὐτῷ
1674 1542 1684 1553 ·
1723 1535 1832 1588 πῶς

211 1617 486 1674 νηστεύεις
529 1632 542 1681 ;
576 1615 601 1665 6
643 1610 701 1665 δε
736 1613 870 1683 λέγει
909 1613 1049 1682 αὐτῷ
1074 1630 1086 1643 ⁸
1129 1618 1223 1672 τὴν
1248 1613 1429 1673 ἐνάτην
1460 1633 1470 1644 ⁸
1504 1615 1640 1686 λέγει
1689 1614 1829 1685 αὐτῷ

219 1705 245 1756 6
270 1708 439 1775 γέρων
472 1720 485 1732 ⁸
523 1707 733 1759 νήστευε
763 1702 855 1764 ἕως
884 1702 999 1773 ὀψε,
1032 1709 1124 1755 καὶ
1154 1705 1307 1756 ἄσκει
1337 1723 1350 1735 ⁸
1385 1710 1475 1757 καὶ
1507 1703 1832 1765 ἀποστήθιζε

220 1798 317 1845 τοῦ
362 1791 666 1862 εὐαγγελίου
709 1795 791 1842 xui
850 1800 950 1843 τῶν
990 1791 1151 1843 ἱλλων
1188 1801 1399 1864 γραφῶν
1443 1801 1456 1823 ‘

220 1880 391 1953 ἀναϐῇ
443 1881 709 1952 λογισμός,
751 1878 1013 1953 μηδέποτε
1060 1888 1312 1956 πρόσχης
1353 1885 1495 1934 κάτω
1540 1882 1667 1934 ἀλλὰ
1709 1884 1833 1935 πάν-

212 1990 329 2024 τοτε
368 1971 479 2022 ἄνω
522 1986 535 1998 ⁸
592 1975 679 2022 καὶ
710 1970 896 2032 εὐθέως
950 1990 1035 2023 σοι
1070 1973 1095 2023 6
1125 1974 1305 2043 κύριος
1353 1970 1539 2043 βοηθεῖ
1571 1990 1582 2000 ⁸
1627 1977 1718 2024 καὶ
1749 1992 1835 2023 τυ·

213 2065 397 2121 πώσας
430 2061 457 2111 6
506 2062 667 2131 γέρων
722 2062 810 2111 τὸν
876 2056 1091 2132 ἀδελφὸν
1146 2060 1351 2122 ἐξῆλθεν
1626 2061 1694 2121 εἰς
1743 2065 1835 2120 τὴν

223 2146 367 2202 ἰδίαν
417 2151 614 2220 ἔρημον
648 2154 777 2200 ’καὶ
828 2157 1142 2223 παρατηρῶν
1186 2149 1338 2201 πάλιν
1392 2145 1489 2221 ὀρᾷ
1534 2149 1719 2201 ἐκεῖνον
1751 2152 1836 2202 τὸν

223 2236 477 2311 δαίμονα,
508 2242 595 2289 xui
625 2237 761 2308 λέγει
790 2238 932 2309 αὐτῷ
964 2280 976 2292 .
1010 2246 1111 2291 ποῦ
1139 2238 1292 2290 πάλιν
1325 2237 1533 2312 ἀπέρχῃ
1566 2256 1579 2306 ;
1605 2240 1629 2291 6
1662 2236 1721 2291 δε
1754 2238 1839 2292 λέ-

220 2348 300 2399 γει
333 2344 346 2356 ⁸
387 2330 703 2398 ὑπομνῆσαι
750 2330 871 2388 τοὺς
919 2324 1190 2399 ἀδελφούς,
1234 2331 1323 2379 καὶ
1362 2326 1586 2386 ἀπῆλθεν
1618 2346 1629 2358 ⁸
1656 2331 1719 2389 ὡς
1781 2325 1839 2379 δὲ

220 2418 377 2470 πάλιν
436 2415 720 2482 ἐπανῆλθε,
780 2416 916 2487 λέγει
973 2416 1113 2486 αὐτῷ
1145 2418 1170 2467 6
1215 2417 1361 2488 ἅγιος
1388 2432 1403 2446 ⁸
1460 2426 1570 2479 πῶς
1598 2420 1647 2469 οἱ
1692 2413 1836 2469 ἁδελ-

221 2512 306 2580 φοί
337 2524 351 2573 ;
396 2508 423 2557 6
452 2502 521 2558 δὲ
546 2505 683 2575 λέγει
716 2525 730 2537 ⁸
763 2513 932 2564 κακῶς
961 2525 972 2537 ⁸
1006 2507 1030 2556 6
1064 2502 1121 2558 δὲ
1150 2510 1310 2580 γέρων
1338 2506 1473 2577 λέγει
1516 2526 1528 2538 ⁸
1561 2503 1653 2559 διὰ
1674 2512 1725 2558 τί
1755 2523 1768 2573 ;
1813 2508 1837 2558 6

224 2594 284 2649 δε
322 2593 466 2649 εἶπεν
527 2595 730 2667 ’ἄγριοί
760 2593 890 2645 εἰσιν
918 2594 1025 2646 ὅλοι
1054 2612 1065 2623 ⁸
1104 2600 1192 2647 καὶ
1236 2599 1294 2647 τὸ
1324 2596 1500 2667 μεῖζον
1539 2601 1718 2659 κακόν,
1759 2598 1840 2647 ὅτι

220 2690 312 2738 καὶ
348 2685 405 2737 ὃν
438 2681 593 2755 εἶχον
623 2682 765 2755 φίλον
793 2683 1120 2735 ὑπακοῦον-τά
1144 2703 1253 2754 μοι,
1289 2689 1377 2736 καὶ
1411 2685 1563 2745 αὐτὸς
1592 2685 1686 2737 οὐκ
1717 2682 1841 2737 οἶδα

222 2777 379 2829 πόθεν
422 2770 746 2845 διεστράφη,
795 2776 886 2824 xui
929 2768 1053 2824 οὐδὲ
1088 2772 1238 2833 αὐτὸς
1275 2793 1366 2846 μοι
1412 2776 1664 2839 πείθεται,
1716 2774 1842 2827 ἀλλὰ

222 2864 435 2915 πάντων
485 2860 804 2935 ἀγριώτερος
873 2860 1070 2931 ἐγένετο
1100 2880 1111 2893 ⁸
1146 2866 1236 2913 xui
1288 2866 1472 2934 ὤμοσα
1535 2867 1723 2935 μηκέτι
1777 2866 1843 2915 τὰ

225 2953 331 3004 ἐκεῖ
371 2959 637 3015 πατῆσαι,
694 2950 736 3001 εἰ
778 2954 851 3021 μὴ
902 2952 1033 3021 μετὰ
1079 2955 1270 3022 χρόνον
1304 2957 1431 3003 'xui
1479 2952 1641 3013 οὕτως
1689 2952 1841 3004 εἰπὼν

231 3038 464 3098 ἀπῆλθεν
498 3041 654 3101 ἐάσας
700 3042 787 3091 τὸν
830 3043 1077 3113 γέροντα⁸
1112 3044 1203 3093 xui
1241 3040 1267 3090 6
1324 3040 1475 3112 ἅγιος
1521 3040 1725 3101 εἰσῆλθε
1773 3041 1844 3102 εἰς

233 3130 295 3180 τὸ
321 3127 521 3180 κελλίον
553 3127 709 3180 αὐτοῦ
745 3128 849 3201 (α).

1929 546 2186 617 quisque
2202 560 2408 600 eorum
2432 550 2833 618 praeparabat
2850 564 2931 613 se,
2956 559 3198 620 putans,
3218 549 3381 620 quod
3415 548 3583 619 apud

1928 637 2132 707 ipsum
2162 634 2569 691 diversaturus
2603 644 2753 691 esset
2798 654 2997 693 senex.
3034 640 3103 693 At
3132 638 3225 693 ille
3257 637 3582 709 requisivit,

1930 724 2282 795 quisnamin
2318 730 2518 780 monte
2538 727 2980 798 Theopemptus
2998 728 3418 799 appellaretur.
3449 727 3578 791 Quo

1933 812 2172 867 invento
2230 813 2471 869 intravit
2526 816 2583 870 in
2614 815 2889 872 cellulam
2942 818 3087 884 eius,
3134 818 3577 888 Theopemptus

1933 908 2132 957 autem
2182 903 2440 974 suscepit
2493 919 2632 959 eum
2686 905 2891 960 laetus.
2940 906 3127 976 thue
3155 904 3353 975 coepit
3383 904 3581 959 solum

1936 1006 2141 1046 secum
2189 992 2411 1047 habere
2460 1008 2619 1061 eum,
2656 1009 2876 1049 senex:
2905 994 3240 1061 Quomodo,
3274 994 3486 1066 inquit,
3517 1009 3579 1049 se

1933 1096 2027 1135 res
2044 1087 2174 1135 tuae
2190 1080 2429 1147 habent,
2447 1081 2622 1138 frater
2655 1083 2741 1139 ?Is
2754 1083 2894 1138 dicit
2921 1100 2934 1138 :
2950 1086 3140 1151 Recte,
3156 1083 3433 1154 precibus
3450 1083 3583 1139 tuis.

1940 1172 2004 1224 Et
2065 1185 2288 1226 senex:
2360 1174 2508 1226 Num
2592 1174 2951 1243 impugnant
3025 1177 3078 1228 te
3145 1172 3584 1242 cogitationes?

1938 1259 2035 1314 llle
2070 1276 2081 1314 :
2112 1260 2349 1315 Interim
2376 1260 2517 1315 mihi
2540 1260 2691 1316 bene
2720 1266 2832 1316 est.
2892 1261 3158 1317 Pudebat
3237 1261 3397 1316 enim
3445 1276 3584 1316 eum

1938 1347 2187 1404 edicere.
2251 1350 2337 1403 Ait
2369 1350 2449 1403 illi
2513 1365 2692 1404 senex
2727 1365 2739 1405 :
2774 1352 2915 1406 Ecce
2955 1366 2991 1406 a
3020 1354 3170 1421 quot
3199 1350 3373 1406 annis
3402 1349 3587 1405 vitam

1940 1438 2261 1493 asceticam
2288 1438 2468 1507 duco,
2494 1443 2549 1494 et
2570 1439 2797 1495 honore
2814 1439 3045 1495 afﬁcior
3061 1440 3139 1496 ab
3170 1438 3481 1503 omnibus,
3506 1441 3595 1494 at-

1942 1531 2144 1582 tamen
2172 1542 2267 1581 me
2333 1543 2536 1583 senem
2605 1529 2846 1598 spiritus
2878 1529 3282 1584 fornicationis
3326 1528 3588 1585 divexat.

1942 1615 2384 1687 Theopemptus
2408 1618 2673 1686 excepit:
2710 1617 2912 1681 Crede,
2932 1617 3115 1682 abba,
3141 1617 3318 1672 etiam
3349 1632 3462 1672 me.
3497 1617 3595 1673 Se-

1944 1720 2060 1760 nex
2092 1720 2230 1759 vero
2262 1704 2606 1773 simulabat,
2640 1708 2718 1761 ab
2760 1706 2888 1761 aliis
2915 1707 3094 1762 etiam
3126 1704 3594 1775 cogitationibus

1500 1798 1591 1845 xui
1632 1791 1715 1844 έάν
1749 1812 1833 1844 σοι

1951 1795 2287 1865 impugnari
2310 1810 2392 1858 se,
2420 1795 2613 1849 donec
2634 1810 2772 1850 eum
2814 1795 2890 1849 ad
2918 1795 3362 1850 confessionem
3395 1794 3595 1850 addu-

1950 1888 2124 1939 ceret.
2153 1883 2371 1938 Deinde
2396 1899 2408 1936 :
2437 1882 2774 1950 Quomodo,
2801 1884 3009 1955 inquit,
3050 1884 3602 1953 ieiunas?Respon-

1947 1972 2082 2028 det:
2116 1972 2419 2028 adhoram
2446 1988 2690 2027 nonam.
2724 1975 2871 2028 Tum
2911 1988 3130 2038 senex;
3167 1973 3367 2028 leiuna
3402 1987 3593 2043 usque

1948 2062 2024 2118 ad
2092 2077 2407 2132 vesperam
2478 2067 2533 2116 et
2606 2077 2814 2117 exerce
2873 2067 2962 2127 te;
3034 2062 3317 2118 meditare
3380 2077 3450 2116 ac
3506 2076 3602 2116 re-

1948 2150 2067 2207 cita
2150 2150 2491 2206 memoriter
2559 2166 2631 2205 ex
2692 2149 3009 2221 Evangelio
3062 2152 3393 2221 ceterisque
3452 2149 3599 2205 Scri-

1950 2240 2137 2312 pturis
2174 2258 2186 2307 ;
2247 2256 2507 2311 cumque
2561 2244 2615 2295 te
2672 2240 2920 2296 subierit
2950 2240 3250 2309 cogitatio,
3284 2254 3600 2311 nunquam

1948 2329 2231 2384 deorsum
2287 2336 2537 2400 spectes,
2601 2329 2705 2384 sed
2766 2345 3007 2384 sursum
3066 2343 3340 2398 semper;
3374 2328 3599 2383 statim-

1948 2435 2066 2490 que
2116 2418 2216 2474 tibi
2250 2418 2537 2473 Dominus
2596 2418 2903 2489 praebebit
2952 2418 3263 2473 auxilium.
3301 2419 3367 2472 Et
3398 2431 3601 2487 senex,

1949 2513 2271 2579 postquam
2329 2507 2566 2562 fratrem
2639 2507 2996 2572 informavit,
3049 2522 3320 2562 reversus
3381 2510 3468 2561 est
3522 2504 3601 2560 ad

1949 2596 2328 2652 solitudinem
2385 2612 2582 2652 suam.
2643 2596 2745 2652 Ubi
2793 2597 3120 2652 observans
3166 2594 3381 2650 iterum
3446 2593 3607 2649 videt

1948 2685 2094 2741 llum
2127 2685 2509 2750 daemonem,
2549 2687 2641 2740 cui
2669 2687 2786 2741 ait:
2821 2687 2864 2751 Ο
2888 2701 2962 2740 uo
2991 2688 3201 2740 iterum
3232 2683 3426 2754 pergis
3456 2682 3483 2737 ?
3514 2685 3603 2737 Is:

1952 2774 2202 2840 Fratres,
2262 2776 2473 2845 inquit,
2528 2775 2877 2842 instigatum
2910 2792 2922 2840 ;
2957 2780 3134 2846 atque
3165 2772 3331 2828 abiit.
3365 2771 3436 2828 Ut
3464 2786 3602 2827 vero

1950 2880 2157 2920 rursus
2186 2865 2438 2932 transiit,
2492 2870 2736 2920 sanctus
2767 2864 3097 2920 sciscitatus
3128 2868 3218 2918 est
3259 2878 3331 2918 ex
3361 2876 3454 2927 eo,
3480 2874 3604 2932 quo

1953 2953 2135 3009 modo
2156 2970 2218 3008 se
2233 2953 2521 3009 haberent
2537 2953 3131 3024 fratres.Respondit:
3152 2951 3603 3007 Male.Etsenex:

1955 3042 2105 3099 Cur?
2127 3041 2420 3097 Daemon:
2447 3042 2897 3113 Cuncti,inquit,
2918 3041 3143 3097 feroces
3175 3044 3332 3103 sunt,
3362 3044 3419 3093 et
3442 3036 3608 3110 quod

1954 3132 2122 3203 peius
2180 3136 2285 3193 est,
2346 3129 2440 3185 ille
2494 3145 2672 3202 quem
2704 3130 3007 3185 habebam
3038 3130 3300 3184 amicum
3332 3131 3390 3182 et
3435 3126 3608 3181 obse-

225 3223 519 3289 quentem
546 3216 708 3282 mihi,
742 3217 869 3287 ipse
894 3217 1097 3283 etiam,
1155 3216 1313 3272 unde
1369 3218 1590 3282 nescio,
1648 3234 1972 3275 conversus
2002 3226 2110 3282 est,
2147 3235 2254 3273 nec
2284 3220 2543 3291 amplius
2569 3236 2605 3275 a
2642 3235 2734 3274 me
2764 3218 3174 3290 persuadetur,
3209 3216 3314 3271 sed
3369 3215 3601 3271 cunctis

227 3304 488 3361 ferocior
517 3306 738 3363 evasit:
780 3304 937 3361 unde
965 3307 1175 3369 iuravi,
1211 3321 1305 3360 me
1337 3306 1597 3376 amplius
1629 3322 1698 3362 ea
1729 3307 1861 3363 loca
1884 3324 2003 3363 non
2034 3308 2425 3376 calcaturum,
2458 3307 2570 3363 nisi
2597 3314 2729 3379 post
2763 3314 3017 3379 tempus.
3047 3314 3235 3379 Atque
3265 3305 3415 3361 haec
3463 3319 3602 3359 cum

233 3392 508 3453 dixisset,
543 3393 833 3459 discessit,
866 3410 1069 3448 senem
1104 3394 1470 3466 relinquens.
1507 3398 1668 3451 Tunc
1703 3402 1948 3453 sanctus
1980 3397 2219 3452 intravit
2248 3398 2308 3452 in
2335 3398 2615 3453 cellulam
2645 3413 2845 3453 suam.

321 3478 382 3536 4.
439 3479 725 3551 Παρέϐαλεν
755 3482 780 3532 6
829 3480 984 3543 ἀϐϐᾶς
1012 3486 1281 3557 Μακάριος
1316 3485 1341 3535 6
1386 3486 1547 3554 μέγας
1595 3493 1666 3555 τῷ
1711 3484 1847 3556 ἆϐϐᾀ

248 3568 515 3639 Ἀντωνίῳ
562 3573 637 3631 εἰς
665 3573 722 3621 τὸ
762 3574 894 3642 ὅρος,
940 3576 1028 3624 καὶ
1075 3576 1389 3645 κρούσαντος
1434 3577 1592 3625 αὐτοῦ
1632 3579 1724 3632 τὴν
1754 3576 1843 3627 θύ-

235 3676 340 3734 ραν
371 3656 552 3720 ἐξῆλθε
594 3662 717 3733 πρὸς
746 3659 899 3712 αὐτόν
929 3665 1020 3712 xui
1058 3658 1193 3713 εἶπεν
1242 3661 1380 3732 αὐτ-ῳ
1410 3679 1421 3691 ·
1677 3667 1740 3715 σὺ
1766 3669 1845 3725 τίς

234 3744 285 3799 εἷ
312 3764 327 3812 ;
359 3748 387 3798 6
420 3744 481 3799 δὲ
511 3750 602 3820 ἔφη
639 3768 652 3781 ⁸
698 3751 797 3820 ἐγώ
851 3749 957 3821 εἰμι
996 3752 1265 3823 Μακάριος
1299 3768 1310 3779 ⁸
1363 3756 1452 3803 xui
1491 3751 1699 3814 κλείσας
1751 3757 1844 3811 τὴν

229 3838 395 3911 θύραν
423 3837 632 3895 εἰσῆλθε
669 3844 758 3891 xui
802 3837 997 3911 ἀφῆκεν
1039 3839 1222 3891 αὐτόν’
1286 3844 1375 3892 καὶ
1432 3837 1556 3892 ἰδὼν
1587 3845 1677 3899 τὴν
1717 3842 1840 3893 ὑπο-

223 3932 392 3999 μονὴν
436 3927 597 3980 αὐτοῦ
646 3928 843 3991 ἤνοιξεν
888 3928 1049 3998 αὐτῷ.
1100 3934 1189 3982 καὶ
1233 3930 1689 4002 χαριεντιζόμενος
1732 3918 1845 4002 μετ’

224 4016 393 4069 αὐτοῦ
434 4017 601 4087 ἔλεγεν
635 4033 648 4045 ⁸
686 4016 787 4067 ἀπὸ
818 4016 1007 4068 πολλοῦ
1038 4022 1234 4090 χρόνου
1269 4020 1557 4088 ἐπεθύμουν
1591 4038 1647 4071 σε
1691 4015 1841 4085 ἰδεῖν,

218 4104 424 4159 ἁκούων
466 4108 536 4156 τὰ
574 4109 691 4179 περὶ
738 4112 834 4156 σοῦ
863 4120 875 4134 ⁶
898 4124 986 4156 και
1021 4105 1356 4176 φιλοξενήσας
1412 4106 1567 4158 αὐτὸν
1615 4105 1843 4159 ἀνέπαυ-

221 4213 307 4247 σεν
341 4209 356 4224 ⁸
389 4190 453 4251 ἧν
496 4195 599 4264 γὰρ
628 4192 729 4245 ἀπὸ
768 4196 1006 4265 καμάτου
1040 4194 1226 4246 πολλοῦ
1256 4214 1267 4226 ⁸
1301 4194 1458 4265 ὀψίας
1486 4191 1545 4247 δὲ
1569 4198 1847 4267 γενομένης

216 4283 422 4358 ἴϐρεξεν
470 4281 640 4335 ἑαυτῶ
676 4283 701 4333 6
746 4280 908 4343 ἀϐϐᾶς
968 4282 1238 4345 Ἀντώνιος
1296 4283 1480 4335 θαλλία
1532 4301 1546 4315 ⁸
1582 4289 1667 4337 xui
1708 4284 1844 4355 λέγει

2025 3487 2084 3543 4.
2122 3486 2407 3542 Macarius
2432 3502 2690 3557 magnus
2750 3486 2945 3542 abbas
2988 3484 3145 3542 venit
3172 3484 3249 3540 ad
3279 3480 3608 3540 Antonium

1954 3576 2233 3631 abbatem
2254 3576 2310 3631 in
2341 3581 2601 3632 montem
2630 3595 2642 3641 ;
2675 3591 2936 3647 cumque
2955 3576 3253 3647 pulsasset
3282 3574 3526 3638 ostium,
3558 3572 3609 3626 is

1956 3680 2230 3734 egressus
2262 3671 2348 3719 est
2368 3666 2653 3738 petiitque
2682 3683 2694 3721 :
2727 3668 2807 3721 Tu
2835 3667 3007 3737 quies
3034 3665 3062 3719 ἵ
3085 3662 3409 3734 Respondit
3437 3677 3450 3716 :
3488 3662 3608 3729 Ego

1956 3770 2083 3809 sum
2114 3753 2424 3809 Macarius.
2462 3756 2525 3809 Et
2550 3754 2643 3809 ille
2670 3755 2821 3809 ostio
2874 3754 3083 3810 clauso
3142 3750 3401 3816 intravit,
3432 3749 3611 3805 relin-

1956 3857 2147 3914 quens
2201 3858 2360 3897 eum.
2416 3843 2525 3898 Sed
2581 3849 2900 3915 postquam
2952 3842 3228 3911 cognovit
3258 3838 3608 3911 patientiam

1955 3929 2101 3995 eius,
2132 3932 2382 4002 aperuit.
2419 3937 2605 4002 Atque
2631 3948 2768 3986 cum
2800 3946 2870 3986 eo
2899 3930 3127 3986 urbane
3160 3943 3345 3998 agens
3361 3927 3534 3982 dixit:
3564 3926 3611 3978 A

1958 4019 2144 4074 multo
2178 4025 2442 4090 tempore
2498 4021 2921 4075 desiderabam
2957 4025 3011 4073 te
3036 4020 3257 4083 videre,
3289 4017 3496 4073 audita
3526 4014 3608 4069 tui

1957 4107 2149 4163 fama.
2175 4111 2239 4162 Et
2257 4108 2627 4179 hospitaliter
2648 4115 2992 4180 susceptum
3013 4107 3213 4162 refecit
3243 4122 3256 4171 ;
3288 4110 3414 4161 erat
3442 4104 3605 4159 enim

1960 4214 1991 4253 e
2025 4199 2207 4253 multo
2239 4198 2440 4254 labore
2472 4199 2685 4253 fessus.
2716 4198 2970 4269 Vespere
3014 4202 3213 4253 autem
3249 4194 3404 4250 facto
3430 4194 3611 4247 Anto-

1959 4287 2097 4341 nius
2120 4287 2312 4344 abbas
2339 4288 2449 4343 sibi
2470 4287 2783 4345 madefecit
2807 4302 3011 4343 ramos
3044 4284 3403 4358 palmarum.
3442 4284 3507 4337 Et
3531 4281 3613 4337 ait

1797 4434 2051 4492 NOTAE.

218 4573 287 4658 in
300 4576 590 4658 manibus
604 4579 884 4658 tenentes,
908 4577 1277 4658 etampullas
1295 4592 1427 4658 cum
1444 4592 1682 4658 rosaceo
1694 4579 1843 4635 oleo:
1878 4584 1924 4639 D
1953 4598 2061 4658 per
2072 4586 2488 4643 ecclesiasticos
2502 4588 2707 4658 legatos
2722 4591 2775 4642 et
2789 4582 3184 4658 excusatorias
3199 4581 3400 4637 literas
3412 4579 3505 4658 illi
3514 4593 3613 4658 ex:

218 4656 272 4705 et
291 4653 649 4719 prostratae
660 4648 911 4717 pedibus
925 4651 1142 4703 nostris
1154 4649 1402 4719 plantas
1418 4655 1652 4705 nostras
1669 4666 1845 4718 unge-

219 4719 386 4785 bant,
415 4718 871 4791 cantabantque
888 4720 1104 4791 lingua
1130 4722 1503 4791 Aegyptiam
1518 4721 1841 4788 psallentes

217 4792 632 4859 antiphonam
651 4810 671 4846 :
700 4790 1001 4846 Benedicti
1023 4807 1122 4846 vos
1142 4806 1180 4846 a
1195 4790 1457 4855 Domino,
1484 4792 1843 4847 benedictus-

262 4878 335 4918 ue
350 4861 658 4920 adventus
673 4868 879 4925 vester,
897 4862 1137 4918 Osanna
1148 4863 1209 4917 in
1225 4862 1840 4919 excelsis.Secundum

265 4931 579 5004 abeturin
620 4931 734 5004 vita
756 4931 815 5004 S.
858 4934 1139 4999 Fulgentii
1181 4950 1313 5004 cap.
1356 4938 1461 4991 29:
1498 4935 1614 4990 Per
1644 4950 1839 4989 omnes

217 5005 461 5074 prolixi
500 5001 729 5057 itineris
759 5003 884 5058 vias
914 5005 1137 5073 gaudia
1172 5001 1401 5073 majora
1429 5005 1747 5070 reperiens,
1776 5005 1839 5059 in

218 5090 549 5133 occursum
574 5089 741 5129 suum
768 5076 1006 5141 populis
1028 5075 1289 5145 undique
1310 5076 1683 5131 tendentibus
1706 5091 1839 5131 cum

222 5149 503 5204 lucernis
519 5152 571 5198 et
588 5145 966 5211 lampadibus
986 5154 1038 5201 et
1058 5146 1341 5201 arborum
1352 5146 1687 5216 frondibus.
1712 5149 1840 5202 Ter-

221 5221 372 5274 tium
388 5217 736 5273 continetur
751 5216 809 5270 in
825 5217 1189 5271 uotisJacobi
1205 5217 1501 5272 Sirmondi
1517 5218 1592 5273 ad
1611 5226 1840 5273 tomum

224 5291 475 5345 tertium
515 5285 915 5343 Conciliorum
944 5286 1187 5353 Galliae,
1210 5304 1281 5342 ex
1305 5290 1643 5344 narratione
1676 5289 1838 5343 cleri-

226 5376 441 5417 corum
481 5358 864 5413 Remensium
896 5358 970 5413 de
1006 5358 1283 5413 Ebbone:
1320 5361 1606 5426 Receptus
1648 5367 1733 5416 est
1771 5360 1843 5415 ab

230 5430 523 5500 episcopis
552 5429 954 5498 su/fraganeis
983 5429 1104 5484 suis
1132 5430 1405 5486 Rothado
1436 5431 1723 5500 episcopo,
1754 5431 1847 5486 Si-

231 5518 432 5558 meone
459 5500 759 5569 episcopo,
791 5502 957 5570 Lupo
987 5503 1280 5571 episcopo,
1324 5516 1443 5557 una
1475 5518 1606 5558 cum
1636 5503 1846 5570 legatis

234 5572 784 5652 omniumgliorum
809 5574 1231 5652 episcoporum
1244 5575 1535 5652 βεπιεζιείε
1550 5574 1845 5652 dioecesis,

234 5646 343 5715 qui
372 5644 565 5715 variis
626 5642 850 5698 detenti
886 5643 1339 5715 inﬁrmitatibus
1365 5644 1514 5699 illuc
1552 5644 1855 5712 corporali

232 5714 583 5783 praesentia
621 5727 938 5770 occurrere
976 5729 1096 5770 non
1137 5714 1419 5780 valentes,
1460 5731 1629 5773 suam
1657 5721 1855 5773 tamen

1955 4650 2275 4731 hibuerunt
2288 4650 2681 4727 praesentiam
2692 4658 2966 4731 .Insuper
2978 4656 3149 4711 etiam
3179 4669 3215 4731 ᾳ
3228 4650 3543 4731 canonicis.
3556 4654 3611 4706 et

1952 4730 2259 4800 monac/iis
2290 4726 2480 4800 atque
2520 4726 3021 4798 corregionalibus
3053 4726 3409 4800 presbyteris
3436 4726 3614 4778 totius

1950 4797 2220 4877 dioecesis
2235 4797 2415 4873 atque
2432 4801 2671 4877 inﬁnita
2684 4797 3065 4877 multitudine
3087 4797 3398 4877 utriusque
3414 4808 3613 4877 sexus.

1954 4870 2068 4954 Qui
2091 4887 2287 4954 omnes
2311 4866 2442 4927 cum
2473 4866 2659 4954 ramis
2684 4874 3032 4954 palmarum
3061 4880 3113 4926 et
3147 4866 3327 4954 cereis
3357 4866 3617 4954 grdenti-

1952 4941 2077 5019 bus,
2092 4943 2429 5019 laudesque
2465 4948 2573 4998 ί)εο
2590 4938 2814 5019 intimis
2840 4941 3114 5019 cordibus
3135 4944 3189 5019 et
3209 4938 3614 5019 excelsissimis

1950 5014 2186 5069 vocibus
2206 5010 2664 5083 proclamantes,
2682 5016 2855 5084 longe
2885 5016 2937 5069 ei
2963 5015 3038 5069 ab
3064 5013 3312 5084 ecclesia
3350 5010 3616 5084 obviave-

1949 5089 2112 5152 runt,
2159 5081 2215 5141 et
2244 5102 2426 5161 usque
2456 5086 2534 5141 ad
2559 5081 2859 5161 ecclesiam
2890 5081 3615 5161 indesinenterpsajlentes

1948 5168 2080 5213 eum
2119 5153 2547 5231 pertinuerunt.
2583 5158 2967 5231 Notis_simu_m
2996 5163 3087 5210 est
3121 5154 3331 5231 Christi
3385 5153 3616 5231 Domini

1951 5222 2911 5296 exemplumlohnm,t3.Sedetad
2925 5226 3242 5296 exsequias
3257 5240 3387 5279 cum
3405 5222 3619 5296 palmis

1952 5293 2296 5372 prodibant.
2316 5307 2378 5355 ut
2393 5293 2592 5354 videre
2607 5307 2693 5372 es_t
2708 5300 2873 5372 apud
2893 5293 3622 5372 Ammoniummonachutn

1954 5363 2028 5427 de
2045 5372 2314 5429 Patribus
2334 5372 2567 5428 Sinaitis
2582 5377 2635 5426 et
2651 5363 3119 5443 Rhaithensibus
3136 5363 3614 5443 p.106._128.i__29,

1956 5450 2016 5499 et
2039 5444 2098 5498 in
2136 5443 2387 5499 Historia
2411 5443 2699 5498 Lausiaca
2726 5457 2858 5511 cap.
2903 5445 2989 5496 39.
3023 5433 3184 5493 Mitto
3227 5436 3443 5491 multas
3471 5433 3619 5488 alias

1958 5515 2308 5571 consimiles
2343 5514 2829 5569 consuetudines.
2865 5514 3130 5566 Cornum.

2035 5586 2117 5658 (α)
2172 5585 2252 5658 Cf.
2283 5587 2395 5658 VV.
2461 5586 2562 5639 PP.
2594 5587 2785 5640 ROsw.
2813 5582 3058 5658 lib._lll,_
3108 5594 3242 5658 cap.
3276 5577 3384 5658 fit“;
3435 5574 3539 5658 lib.
3568 5572 3613 5658 Υ

1964 5646 2143 5714 ιιιᾱθιὶ.
2174 5656 2263 5723 18,
2291 5661 2344 5727 8,
2384 5657 2486 5717 lib.
2514 5671 2590 5712 vu
2623 5671 2757 5728 cap.
2796 5659 2843 5719 t,
2911 5654 2965 5708 8.
3028 5646 3302 5707 Dorothei
3342 5646 3536 5702 Doctr.
3568 5648 3618 5700 5.
