4092 6252
189 345 297 402 245

205 487 358 527 νησεν
403 468 428 519 6
478 468 636 538 γέρων
677 465 763 516 τὸν
789 465 968 537 νεκρὸν
1020 463 1177 535 λέγων
1217 481 1229 493 ·

211 560 390 617 ἔθηκας
435 559 520 612 τὴν
576 553 849 624 ἀλλοτρίαν
903 555 1266 626 παραθήκην;
1322 556 1348 605 6
1390 551 1448 606 δὲ
1493 552 1796 625 ἀποκριθεὶς

209 638 338 694 εἶπεν
372 663 382 673 ·
413 640 484 701 εἰς
510 643 596 691 τὸν
628 635 768 690 οἶκόν
809 656 908 709 μου
949 641 1237 709 κέκρυπται
1280 640 1378 690 ὑπὸ
1428 641 1512 690 τόν
1537 635 1680 689 πόδα
1708 645 1797 696 τῆς

207 730 377 790 κλίνης
417 743 430 758 ⁸
462 733 552 779 καὶ
597 727 734 798 λέγει
781 728 921 795 αὑτῷ
980 728 1005 778 6
1051 732 1212 801 γέρων
1247 747 1258 759 ·
1301 735 1467 798 κοιμῶ
1516 726 1667 779 πάλιν
1711 726 1798 784 ἕως

206 826 294 880 τῆς
337 821 534 890 ἡμέρας
577 825 674 877 τῆς
715 815 1049 877 ἀναστάσεως
1082 833 1092 844 ·
1127 813 1326 878 ἰδόντες
1371 813 1429 868 δὲ
1477 817 1524 868 οἱ
1565 812 1796 886 ἀδελφοὶ,

201 906 300 959 ἀπὸ
348 913 440 959 τοῦ
474 905 636 977 φόϐου
684 907 866 957 ἔπεσον
917 905 987 964 εἰς
1018 910 1138 967 τοὺς
1178 903 1348 967 πόδας
1377 905 1534 956 αὑτοῦ
1567 924 1576 933 ·
1616 908 1704 954 καὶ
1736 897 1797 953 εἴ·

198 1015 282 1048 πεν
301 996 480 1056 αὐτοῖς
510 997 711 1069 όγέρων
734 1011 745 1022 ·
764 994 822 1045 οὐ
1040 991 1111 1046 δι’
1129 993 1214 1066 ἐμὲ
1239 998 1416 1065 γέγονε
1443 1002 1595 1046 τοῦτο
1622 1011 1632 1022 ·
1650 989 1801 1044 οὐδὲν

189 1087 292 1158 γάρ
337 1085 447 1156 εἰμι
476 1102 488 1113 ·
535 1083 662 1135 ἀλλὰ
706 1079 800 1135 διὰ
833 1089 923 1141 τὴν
953 1088 1130 1158 χήραν
1157 1088 1247 1136 καὶ
1286 1087 1347 1136 τα
1389 1083 1584 1156 ὀρφανὰ
1615 1085 1638 1132 6
1679 1085 1802 1142 Θεὸς

193 1173 413 1230 ἐποίησε
442 1176 500 1224 τὸ
551 1178 772 1243 πρᾶγμα
805 1189 815 1200 ·
861 1180 1014 1224 τοῦτο
1046 1169 1105 1223 δέ
1136 1175 1248 1224 ἐστι
1291 1176 1350 1224 τὸ
1394 1177 1547 1244 μέγα,
1595 1172 1676 1224 ὅτι
1718 1169 1801 1221 ἀν-

195 1265 500 1333 αμάρτητον
532 1261 661 1313 θέλει
707 1262 730 1310 ό
759 1264 890 1320 Θεὸς
920 1265 1012 1318 τὴν
1049 1260 1256 1332 ψυχήν,
1285 1266 1373 1313 καὶ
1404 1265 1448 1313 εἴ
1478 1281 1527 1312 τι
1567 1259 1626 1312 ἂν
1659 1262 1801 1317 αἰτή-

198 1367 369 1413 σεται,
423 1348 671 1421 λαμϐάνει
707 1366 719 1377 ·
761 1349 916 1400 ἐλθὼν
967 1346 1025 1401 δὲ
1075 1349 1342 1420 ἀνήγγειλε
1390 1358 1451 1421 τῇ
1499 1354 1649 1422 χήρᾳ
1700 1355 1800 1399 ποῦ

192 1445 365 1490 κεῖται
418 1440 446 1495 ἡ
481 1440 809 1509 παραθήκη’
857 1439 885 1495 ἡ
940 1434 998 1489 δὲ
1043 1437 1278 1490 λαϐοῦσα
1331 1438 1490 1497 αὐτὴν
1522 1435 1683 1490 ἔδωκε
1730 1445 1800 1506 τῲ

190 1532 359 1597 κυρίῳ
407 1526 594 1592 αὐτῆς,
644 1531 726 1577 καὶ
758 1526 1078 1596 ἠλευθέρωσε
1130 1530 1193 1579 τὰ
1250 1532 1400 1579 τέκνα
1452 1527 1616 1588 αὐτῆς
1651 1544 1661 1554 ·
1711 1531 1798 1577 καὶ

194 1615 388 1674 πάντες
423 1617 470 1665 οἱ
502 1613 814 1675 ἀκούσαντες
842 1611 1096 1677 ἐδόξασαν
1119 1619 1203 1667 τόν
1236 1619 1363 1669 Θεὸν

267 1704 322 1757 8.
375 1702 585 1774 Ἔλεγεν
635 1705 659 1754 6
715 1701 873 1764 ἀϐϐᾶς
905 1709 1095 1777 Πέτρος
1133 1711 1249 1778 περὶ
1294 1713 1386 1757 τοῦ
1435 1703 1589 1774 ἁγίου
1621 1709 1802 1756 Μακα-

1569 331 2226 392 APOPHTHEGMATA.

1289 465 1314 515 ὁ
1356 461 1502 516 δεῖνα
1552 463 1650 533 (a),
1693 467 1793 514 ποῦ
1829 467 1869 516 Α
1911 461 1987 516 vit
2034 477 2213 517 senex
2247 467 2550 519 mortuum
2590 463 2682 518 his
2723 463 2957 519 verbis:
3005 461 3122 526 Ille,
3158 460 3257 516 ubi
3306 457 3564 530 posuisti

3461 330 3567 386 246

1907 551 2164 605 alienum
2192 553 2576 623 depositum?
2602 557 2969 625 Responsum
2994 551 3156 606 dedit
3179 551 3362 605 homo
3386 566 3398 602 :
3423 548 3565 603 Abs-

1909 641 2214 695 conditum
2247 649 2333 696 est
2364 642 2422 696 in
2461 643 2644 697 domo
2683 658 2819 698 mea
2851 641 2966 696 sub
2997 640 3148 712 pede
3186 639 3336 694 lecti.
3375 639 3562 692 Senex

1910 729 1983 782 ad
2017 729 2213 799 ipsum
2247 746 2258 782 :
2299 731 2513 786 lterum
2553 733 2745 787 dormi
2786 747 2977 802 usque
3009 731 3084 784 ad
3119 726 3566 783 resurrectionis

1911 817 2089 871 diem.
2123 817 2292 885 Quod
2327 821 2655 891 conspicati
2689 820 2898 875 fratres
2926 833 3068 889 prae
3103 818 3310 872 timore
3342 814 3567 869 cecide-

1910 912 2048 962 runt
2078 907 2155 963 ad
2199 909 2381 979 pedes
2411 910 2556 963 eius.
2599 911 2745 964 Tum
2776 910 2846 963 iis
2877 924 3058 962 senex
3102 907 3184 961 ait
3213 921 3224 957 :
3278 907 3402 959 Non
3434 918 3566 974 pro-

1913 1002 2040 1065 pter
2073 1012 2164 1052 me
2191 997 2250 1051 id
2281 998 2512 1063 evenit;
2548 997 2688 1052 nihil
2720 998 2944 1068 quippe
2973 1012 3104 1050 sum
3141 1011 3154 1049 :
3191 993 3293 1048 sed
3326 996 3566 1064 propter

1913 1085 2155 1140 viduam
2189 1091 2242 1140 et
2281 1085 2540 1157 pupillos
2571 1087 2722 1140 Deus
2755 1102 2881 1140 rem
2921 1085 3077 1140 fecit.
3111 1086 3229 1139 Hoc
3269 1097 3409 1136 vero
3443 1096 3568 1138 ma.-

1913 1189 2100 1242 gnum
2132 1180 2238 1239 est,
2270 1177 2432 1246 quod
2471 1177 2622 1230 Deus
2660 1174 2784 1230 vult
2819 1175 3086 1230 animam
3118 1188 3248 1228 esse
3278 1171 3402 1226 sine
3434 1185 3568 1240 pec-

1913 1270 2066 1331 cato,
2099 1270 2156 1318 et
2181 1265 2469 1335 quicquid
2501 1264 2730 1335 petierit
2763 1263 3032 1333 accipiet.
3064 1261 3358 1316 Profectus
3391 1259 3568 1328 igitur

1913 1352 2206 1408 nuntiavit
2231 1353 2467 1417 viduae,
2494 1353 2595 1407 ubi
2616 1354 2831 1408 iaceret
2853 1351 3215 1422 depositum.
3238 1351 3396 1414 Quae
3413 1349 3565 1404 acci-

1912 1441 2081 1512 piens
2099 1441 2262 1496 dedit
2279 1442 2547 1509 domino,
2562 1458 2631 1498 ac
2645 1442 2702 1495 in
2718 1441 3051 1496 libertatem
3066 1439 3314 1495 asseruit
3327 1437 3565 1492 liberos.

1913 1532 2274 1602 Omnesque,
2297 1531 2402 1602 qui
2419 1531 2769 1586 miraculum
2793 1529 3171 1594 audiverunt,
3191 1527 3443 1597 gloriam
3465 1525 3568 1580 de-

1913 1619 2130 1675 derunt
2163 1623 2298 1675 Deo.

1986 1711 2036 1764 8.
2096 1709 2297 1763 Petrus
2348 1708 2538 1764 abbas
2599 1708 2882 1774 narravit,
2931 1707 3176 1762 beatum
3227 1704 3566 1768 Macarium,

193 1796 336 1863 ρίου,
404 1793 485 1843 ὅτι
539 1797 939 1864 παραγενόμενός
1006 1813 1130 1846 ποτε
1187 1798 1311 1868 πρὸς
1357 1813 1474 1845 τινα
1525 1791 1800 1863 ἀναχωρη-

1922 1815 2100 1870 quum
2116 1798 2440 1869 aliquando
2455 1796 3220 1866 anachoretamquemdam
3245 1794 3569 1849 invenisset

190 1885 307 1950 τήν,
363 1887 457 1933 καὶ
523 1883 681 1952 εὑρὼν
759 1881 910 1935 αὐτόν
991 1887 1325 1955 κακούμενον,
1386 1883 1691 1936 ἐπυνθάνετο
1751 1886 1802 1933 τί

193 1967 454 2041 βούλοιτο
504 1980 764 2042 τραφῆναι
817 1968 1029 2034 οὐδενὸς
1089 1977 1232 2034 ὄντος
1271 1973 1318 2024 ἐν
1366 1981 1436 2042 τῷ
1489 1971 1667 2042 κελλίῳ
1714 1971 1804 2022 αὐ-

185 2067 277 2110 τοῦ
311 2075 328 2090 ⁶
357 2063 456 2111 καὶ
511 2065 774 2130 φήσαντος
819 2063 1036 2126 ἐκείνου,
1087 2063 1359 2125 πάστιλον,
1411 2062 1483 2122 εἰς
1526 2066 1619 2119 τὴν
1669 2060 1804 2114 Ἀλε-

187 2145 460 2220 ξανδρέων
511 2147 659 2200 πόλιν
691 2150 784 2200 οὐκ
814 2154 1042 2207 ὤκνησεν
1083 2152 1107 2201 6
1149 2148 1385 2221 ἀνδρεῖος
1419 2152 1805 2224 παραγενέσθαι

184 2243 274 2288 καὶ
329 2233 530 2289 δοῦναι
571 2246 642 2308 τῷ
683 2240 930 2310 κάμνοντι
965 2257 975 2268 ·
1020 2245 1110 2292 καὶ
1166 2244 1223 2292 τὸ
1262 2242 1564 2311 θαυμαστόν
1613 2235 1804 2310 μηδενὶ

183 2322 503 2384 κατάδηλον
533 2332 802 2397 γενόμενον
833 2329 939 2399 (c).

252 2420 304 2471 9.
349 2416 491 2469 Εἷπε
541 2415 715 2480 πάλιν,
764 2418 842 2468 ὅτι
882 2419 930 2469 ἐν
972 2416 1164 2489 ἀκακία
1215 2425 1306 2470 τοῦ
1346 2416 1484 2469 ἁϐϐᾱι
1529 2423 1802 2489 Μακαρίου

179 2503 599 2576 πολιτευομένου
654 2507 786 2577 πρὸς
1087 2509 1279 2567 πάντας
1356 2512 1473 2568 τοὺς
1530 2504 1800 2578 ἀδελφοὺς,

177 2595 376 2665 ἔφησαν
432 2592 573 2661 αὐτῲ
606 2611 740 2652 τινες
769 2615 781 2626 ·
819 2589 911 2645 διὰ
946 2600 994 2645 τί
1026 2595 1189 2657 οὕτως
1232 2595 1410 2648 ἑαυτὸν
1438 2604 1599 2658 ποιεῖς
1631 2613 1644 2662 ;
1686 2597 1711 2646 6
1744 2592 1802 2647 δὲ

176 2679 283 2735 εἷπε
314 2700 325 2712 ·
383 2677 618 2735 δώδεκα
665 2684 749 2740 ἔτη
796 2677 1080 2735 ἐδούλευσα
1117 2692 1188 2754 τῷ
1232 2689 1394 2757 κυρίῳ
1432 2704 1554 2756 μου,
1602 2685 1683 2736 ἱνα
1711 2703 1801 2756 μοι

180 2776 500 2845 χαρίσηται
537 2774 595 2822 τὸ
625 2772 877 2843 χάρισμα
921 2779 1092 2837 τοῦτο,
1125 2777 1214 2825 καὶ
1243 2775 1419 2834 πάντες
1449 2793 1539 2845 μοι
1572 2773 1801 2846 συμϐου-

177 2860 351 2913 λεύετε
372 2859 676 2912 ἀποθέσθαι
706 2859 834 2912 αὐτό
868 2875 883 2927 ;

255 2952 346 3006 10.
380 2949 601 3020 ’Ἔλεγον
649 2955 766 3022 περὶ
812 2957 904 3001 τοῦ
958 2949 1093 3002 ἆϐϐᾶ
1155 2957 1445 3026 Μακαρίου,
1507 2955 1586 3005 ὅτι
1635 2952 1677 3004 εἰ
1721 2951 1800 3003 εὑ-

183 3043 414 3110 καίρησε
472 3040 606 3109 μετὰ
657 3035 908 3111 ἀδελφῶν,
967 3038 1118 3092 ἐτίθει
1171 3040 1336 3110 ἐαυτῷ
1377 3043 1492 3112 ὅρον
1536 3057 1545 3067 ·
1589 3044 1668 3094 ὅτι
1713 3041 1796 3094 ἐὰν

189 3127 374 3200 εὑρεθῇ
426 3123 584 3193 οἶνος,
642 3123 735 3180 διὰ
785 3131 902 3188 τοὺς
956 3125 1203 3201 ἀδελφοὺς
1237 3135 1369 3194 πίνε,
1404 3135 1492 3182 καὶ
1535 3130 1649 3183 ἀντὶ
1693 3131 1796 3192 ἑνὸς

187 3220 452 3288 ποτηρίου
493 3218 630 3268 οἴνου
679 3220 803 3287 μίαν
853 3218 1050 3290 ἡμέραν
1091 3223 1162 3288 μὴ
1219 3224 1345 3290 πίῃς
1398 3216 1542 3291 ὕδωρ
1578 3237 1590 3249 ’
1628 3223 1678 3272 οἱ
1710 3221 1796 3272 οὖν

194 3301 415 3376 ἀδελφοὶ
454 3306 614 3379 χάριν
655 3305 990 3366 ἀναπαύσεως
1023 3303 1233 3359 ἐδίδουν
1273 3308 1410 3377 αὐτῷ
1446 3326 1457 3338 ’
1491 3310 1516 3360 6
1549 3307 1607 3361 δε
1636 3315 1797 3382 γέρων

200 3395 334 3463 μετὰ
377 3398 550 3465 χαρᾶς
599 3392 891 3464 ἐλάμϐανεν,
953 3397 1035 3447 ἵνα
1082 3395 1258 3447 ἑαυτὸν
1310 3395 1579 3469 βασανίσῃ
1619 3416 1629 3426 ·
1676 3400 1699 3450 6
1741 3396 1799 3451 δὲ

202 3482 462 3551 μαθητὴς,
494 3477 642 3541 εἰδὼς
680 3486 738 3533 τό
786 3489 1019 3556 πρᾶγμα,
1055 3485 1193 3556 ἔλεγε
1236 3492 1342 3546 τοῖς
1387 3483 1628 3558 ἀδελφοῖς
1659 3505 1670 3518 ·
1708 3484 1801 3540 διὰ

200 3572 292 3620 τὸν
323 3571 526 3638 κύριον,
552 3573 624 3640 μή
668 3567 799 3623 δῶτε
826 3571 962 3642 αὐτῷ
996 3593 1006 3604 ·
1051 3574 1094 3626 εἰ
1129 3571 1188 3626 δι
1211 3579 1366 3644 μήγε,
1411 3575 1477 3635 εἰς
1522 3580 1577 3627 τὸ
1607 3577 1800 3629 κελλίον

193 3657 371 3730 μέλλει
444 3657 620 3710 ἑαυτὸν
688 3655 943 3731 δαμάζειν
977 3680 989 3693 ο
1032 3667 1121 3714 καὶ
1173 3664 1421 3734 μαθόντες
1488 3667 1536 3716 οἱ
1591 3662 1800 3738 ἀδελφοὶ

191 3747 288 3800 οὐκ
319 3749 397 3800 ἔτι
430 3746 572 3819 αὐτῷ
610 3756 867 3823 παρεῖχον

1830 3179 1870 3236 C

263 3838 360 3894 11.
421 3844 822 3911 Παρερχόριενός
867 3858 987 3891 ποτε
1027 3838 1127 3892 ἀπὸ
1167 3841 1259 3892 τοῦ
1299 3842 1442 3904 ἕλους
1495 3842 1566 3905 εἰς
1606 3845 1660 3894 τό
1692 3842 1798 3894 κελ-

188 3926 298 3979 λίον
372 3926 562 3978 ἑαυτοῦ
620 3928 643 3977 6
704 3926 865 3986 ἀϐϐᾶς
939 3929 1224 4002 Μακάριος,
1280 3930 1537 3991 ἑϐάσταζε
1598 3931 1798 3996 θαλλία,

189 4021 280 4067 καὶ
315 4011 440 4066 ἰδοὺ
494 4017 790 4073 ὑπήντησεν
822 4015 962 4087 αὐτῷ
991 4018 1016 4067 ό
1058 4014 1299 4080 διάϐολος
1554 4023 1686 4072 κατὰ
1715 4024 1802 4077 τὴν

189 4102 318 4157 ὁδόν
347 4107 488 4176 μετὰ
518 4100 777 4178 δρεπάνου
809 4125 820 4136 ·
865 4111 952 4157 καὶ
985 4109 1051 4167 ὡς
1083 4107 1330 4165 ἠθέλησεν
1373 4109 1526 4160 αὐτὸν
1557 4118 1801 4182 κροῦσαι,

189 4194 283 4245 οὐκ
325 4197 536 4266 ἴσχυσε
571 4208 585 4219 ⁸
646 4199 737 4245 καὶ
788 4194 924 4265 λέγει
981 4196 1117 4266 αὐτῷ
1149 4214 1160 4225 ·
1195 4197 1353 4257 πολλὴ
1405 4197 1502 4270 βία
1534 4197 1634 4250 ἀπὸ
1687 4207 1801 4265 σοῦ,

189 4285 458 4357 Μακάριε,
499 4283 579 4333 ὅτι
627 4283 684 4334 οὐ
742 4279 974 4355 δύναμαι
1021 4289 1149 4355 πρός
1199 4290 1302 4337 σέ·
1349 4284 1466 4339 ἰδοὺ
1515 4290 1637 4362 γάρ,
1678 4291 1806 4341 εἴτι

190 4380 381 4437 ποιεῖς,
440 4370 594 4442 κάγὼ
643 4381 775 4422 ποιῶ
811 4392 821 4402 ·
859 4377 924 4424 σὺ
971 4377 1237 4435 νηστεύεις
1266 4393 1276 4404 ·
1322 4377 1468 4446 κάγώ
1512 4378 1582 4430 ³⁷.
1647 4377 1802 4449 ἀγρυ-

192 4469 334 4523 πνεῖς
367 4477 379 4489 ’
414 4462 565 4532 κάγώ
615 4461 742 4522 ὅλως
780 4465 839 4513 οὗ
871 4472 1138 4534 κοιμώμαι
1172 4482 1184 4493 ·
1221 4466 1268 4516 ἕν
1309 4463 1422 4516 ἐστι
1469 4471 1642 4536 μόνον,
1692 4470 1739 4518 ἐν
1768 4465 1806 4537 ᾧ

192 4557 343 4621 νικᾷς
398 4569 465 4622 με
501 4569 513 4582 ’
547 4549 682 4619 λέγει
736 4550 874 4621 αὑτῴ
941 4553 965 4602 ό
1034 4551 1192 4612 ἁϐϐἀς
1269 4556 1533 4626 Μακάριος
1590 4573 1600 4584 ·

193 4647 348 4691 τοῦτο
380 4657 393 4707 ;
430 4639 456 4689 6
491 4635 553 4690 δὲ
603 4640 693 4710 ἔφη
732 4660 743 4670 ·
772 4641 802 4696 ἡ
853 4639 1160 4701 ταπείνωσίς
1209 4661 1303 4693 σου
1342 4660 1353 4672 ’
1384 4649 1470 4694 καὶ
1522 4640 1615 4695 διὰ
1657 4653 1808 4697 τοῦτο

196 4727 256 4778 οὐ
290 4725 531 4798 δύναμαι
562 4729 690 4798 πρὸς
719 4732 795 4780 σέ.

276 4821 360 4870 l2.
413 4826 485 4886 (ε)
541 4815 853 4887 Ἠρώτησάν
893 4837 1022 4877 τινες
1076 4826 1174 4869 τῶν
1226 4823 1459 4894 πατέρων
1508 4824 1594 4872 τόν
1647 4819 1808 4872 ἁϐϐᾶν

197 4907 474 4976 Μακάριόν
523 4907 608 4955 τὸν
647 4905 955 4974 Αίγύπτιον,
998 4907 1220 4976 λέγοντες
1265 4923 1278 4934 ”
1343 4917 1448 4969 πῶς
1497 4913 1578 4960 ὅτε
1618 4911 1810 4972 ἐσθίεις

197 4999 289 5045 καὶ
335 4995 419 5046 ὅτε
459 4995 726 5053 νηστεύεις
753 4999 808 5046 τό
842 4997 993 5066 σῶμά
1037 5015 1130 5046 σου
1162 4996 1315 5069 ξηρόν
1347 4995 1459 5048 ἐστι
1494 5016 1506 5065 ;
1540 5003 1628 5050 καὶ
1674 4999 1808 5070 λέγει

1916 1895 2344 1953 aegrotantem,
2375 1888 2736 1942 sciscitatum
2760 1902 2891 1941 esse
2917 1901 2987 1940 ex
3016 1900 3107 1948 eo,
3136 1885 3426 1955 quidnam
3451 1881 3567 1936 cibi

1917 1993 2152 2032 sumere
2183 1976 2370 2031 vellet.
2408 1978 2516 2042 Qui
2551 1981 2873 2047 postquam
2915 1973 3216 2044 pastillum
3255 1971 3438 2043 petiit,
3488 1970 3568 2025 vi-

1916 2083 2048 2121 rum
2092 2066 2320 2130 fortem,
2360 2081 2543 2136 quum
2585 2063 2729 2119 nihil
2769 2064 2827 2118 in
2870 2063 3018 2118 cella
3062 2066 3238 2130 esset,
3277 2058 3568 2131 proﬁcisci

1917 2155 2334 2210 Alexandriam
2369 2170 2486 2208 non
2517 2153 2727 2225 piguit,
2763 2158 2824 2206 ut
2854 2166 3034 2221 aegro
3061 2150 3295 2206 afferret
3324 2165 3338 2214 ;
3373 2162 3566 2220 neque

1917 2246 2068 2300 inira
2094 2260 2183 2299 res
2213 2245 2526 2298 manifesta
2559 2243 2838 2314 cuiquam
2871 2241 3027 2297 facta
3057 2245 3166 2294 est.

1987 2425 2037 2475 9.
2074 2424 2289 2476 lterum
2319 2419 2706 2475 memoravit:
2741 2419 2995 2474 Macario
3028 2417 3229 2473 abbati
3257 2431 3402 2486 prae
3427 2430 3568 2470 cun-

1915 2511 2022 2564 ctis
2059 2509 2336 2564 fratribus
2364 2511 2418 2563 in
2451 2508 2832 2580 simplicitate
2864 2507 3236 2561 conversanti
3267 2505 3516 2578 quidam
3550 2521 3564 2560 :

1916 2601 2046 2660 Cur,
2084 2599 2384 2670 inquiunt,
2422 2597 2596 2652 talem
2637 2604 2691 2651 te
2727 2595 2980 2668 praebes
3004 2596 3033 2648 ‘?
3070 2595 3169 2650 Ille
3209 2593 3518 2666 respondit
3549 2610 3564 2650 :

1915 2688 2235 2743 Duodecim
2260 2689 2431 2743 annis
2459 2686 2674 2740 servivi
2699 2685 2948 2741 Domino
2976 2701 3130 2749 meo,
3161 2689 3223 2739 ut
3245 2683 3388 2739 mihi
3410 2683 3567 2738 hanc

1910 2777 2224 2846 largiretur
2263 2777 2539 2845 gratiam,
2587 2781 2642 2830 et
2680 2791 2784 2830 vos
2816 2790 3024 2829 omnes
3067 2773 3210 2828 mihi
3254 2770 3566 2828 consilium

1911 2867 2084 2934 datis,
2117 2875 2178 2920 ut
2202 2866 2506 2937 deponam
2539 2880 2671 2919 eam
2699 2862 2726 2917 ‘f

1984 2959 2066 3009 10·
2087 2954 2371 3008 Dicebant
2400 2953 2474 3007 de
2501 2952 2753 3008 Macario
2781 2951 3018 3017 abbate,
3051 2949 3240 3022 quod,
3272 2950 3319 3004 si
3343 2963 3570 3004 vacans

1910 3048 2245 3098 versaretur
2274 3058 2410 3097 cum
2447 3041 2750 3108 fratribus,
2793 3040 2951 3095 banc
2982 3039 3092 3094 sibi
3127 3038 3322 3108 legem
3354 3036 3572 3093 consti-

1912 3132 2153 3190 tuebat:
2201 3131 2257 3186 Si
2295 3130 2505 3186 vinum
2549 3129 2825 3194 adfuerit,
2873 3133 3114 3200 propter
3157 3126 3366 3182 fratres
3406 3125 3567 3190 bibe,

1908 3227 1964 3277 et
1993 3237 2100 3293 pro
2128 3237 2248 3275 uno
2287 3219 2408 3274 vini
2445 3219 2662 3288 poculo
2697 3234 2802 3288 per
2840 3233 3027 3272 unum
3058 3216 3214 3270 diem
3248 3230 3370 3269 non
3397 3213 3571 3269 bibas

1908 3327 2152 3383 aquam.
2169 3310 2347 3378 Igitur
2363 3309 2667 3372 fratres,eu
2680 3324 2734 3360 ω
2755 3305 2994 3361 reﬁcere
3009 3302 3573 3376 cupientes,dabant

1909 3401 2176 3455 ei.Senex
2195 3403 2395 3453 autem
2414 3413 2551 3451 cum
2571 3395 2796 3465 gaudio
2811 3394 3183 3456 admittebat,
3211 3398 3270 3448 ut
3295 3409 3355 3448 se
3375 3392 3573 3463 ipsum

1910 3492 2228 3560 torqueret.
2271 3487 2341 3540 At
2393 3484 2724 3555 discipulus
2771 3483 2924 3548 eius,
2968 3484 3061 3537 cui
3113 3497 3205 3536 res
3245 3486 3386 3536 nota
3425 3483 3570 3544 erat,

1910 3577 2147 3631 dicebat
2197 3575 2522 3630 fratribus:
2566 3577 2669 3628 Per
2715 3572 3054 3637 Dominum,
3111 3586 3184 3625 ne
3233 3569 3571 3641 praebeatis

1912 3666 1989 3721 illi
2016 3683 2028 3732 ;
2063 3663 2288 3736 alioqui
2325 3665 2380 3719 in
2420 3662 2572 3718 cella
2604 3661 2986 3717 confecturus
3016 3664 3110 3716 est
3139 3676 3218 3716 se.
3254 3662 3382 3725 Quo
3411 3673 3574 3714 com-

1912 3760 2078 3827 perto
2111 3755 2316 3809 fratres
2349 3768 2468 3808 non
2499 3751 2760 3822 amplius
2792 3751 2843 3805 ei
2871 3749 3280 3821 porrigebant.

1989 3845 2071 3898 ll.
2104 3842 2487 3896 Proﬁciscens
2510 3839 2836 3911 aliquando
2865 3838 3153 3894 Macarius
3185 3837 3374 3892 abbas
3409 3852 3442 3890 a
3475 3849 3578 3905 pa-

1913 3932 2051 3988 lude
2075 3932 2134 3986 in
2163 3929 2436 3986 cellulam
2465 3945 2635 3983 suam
2667 3927 2945 3997 portabat
2977 3927 3316 3995 palmarum
3345 3938 3572 3984 ramos,

1916 4028 1968 4076 et
1998 4035 2132 4075 ecce
2164 4018 2419 4075 occurrit
2449 4018 2500 4071 ei
2533 4017 2592 4071 in
2646 4017 2738 4070 via
2779 4015 3056 4069 diabolus
3088 4013 3300 4068 falcem
3341 4026 3574 4084 gerens.

1918 4111 2024 4174 Qui
2093 4116 2154 4163 ut
2217 4107 2401 4162 voluit
2469 4121 2604 4159 eum
2667 4104 2859 4164 ferire,
2930 4118 3049 4157 non
3121 4101 3320 4156 valuit.
3387 4103 3577 4170 Atque

1917 4200 1964 4252 ei
2002 4215 2014 4252 :
2052 4197 2246 4260 Multa,
2284 4195 2494 4266 inquit,
2529 4211 2561 4248 a
2596 4199 2647 4248 te
2678 4194 2786 4259 vis,
2821 4191 3055 4256 Macari,
3089 4190 3252 4261 quod
3284 4189 3576 4242 adversus

1920 4294 1969 4341 te
2002 4286 2146 4341 nihil
2176 4301 2445 4356 possum.
2489 4286 2565 4337 En
2600 4282 2781 4346 enim,
2833 4279 3129 4351 quidquid
3174 4278 3345 4343 facis,
3377 4281 3434 4331 et
3466 4290 3578 4345 ego

1919 4377 2091 4432 facio.
2123 4376 2206 4429 Tu
2231 4375 2306 4444 jej
2322 4388 2470 4426 unas
2501 4392 2512 4440 ;
2548 4376 2605 4425 et
2635 4386 2746 4440 ego
2779 4387 2791 4425 :
2826 4368 3032 4439 vigilas
3067 4386 3078 4435 ;
3112 4371 3168 4421 et
3199 4381 3309 4436 ego
3345 4365 3578 4436 penitus

1918 4482 2038 4520 non
2084 4465 2340 4519 dormio.
2396 4465 2590 4518 Unum
2623 4459 2819 4514 solum
2851 4465 2942 4512 est
2988 4458 3045 4511 in
3080 4471 3200 4528 quo
3235 4454 3420 4510 vincis
3460 4469 3576 4509 me.

1661 4536 1806 4607 ποῖον
1841 4536 1885 4589 D
1923 4553 2305 4621 Interrogavit
2331 4551 2619 4606 Macarius
2643 4548 2836 4603 abbas
2874 4567 2885 4605 :
2924 4546 3222 4611 Quidnam
3256 4551 3343 4599 est
3374 4542 3520 4597 illud
3549 4543 3578 4599 ?

1920 4643 2241 4714 Respondit
2272 4658 2283 4695 :
2322 4641 2628 4695 Humilitas
2663 4645 2783 4692 tua.
2829 4642 2906 4691 Ac
2941 4641 3255 4707 propterea
3287 4632 3580 4688 adversus

1922 4740 1971 4786 te
2006 4731 2148 4786 nihil
2183 4746 2451 4801 passum.

1999 4825 2076 4875 12.
2104 4821 2618 4888 lnterrogaverunt
2635 4815 2885 4887 quidam
2911 4831 2941 4869 e
2965 4812 3235 4884 patribus
3255 4809 3578 4866 Macarium

1924 4911 2276 4980 Aegyptium
2334 4907 2611 4961 abbatem
2676 4904 2993 4958 dicentes:
3049 4902 3159 4969 Qui
3221 4901 3285 4955 fit
3345 4904 3405 4954 ut
3457 4900 3580 4954 sive

1924 4999 2228 5061 comedas,
2280 4997 2406 5051 sive
2441 4997 2688 5060 ieiuues,
2733 5008 2949 5064 corpus
2985 4997 3151 5046 tuum
3189 4990 3414 5045 siccum
3449 4988 3521 5043 sit
3564 5003 3576 5043 :

1549 5124 1805 5181 VARIAE
1849 5122 2246 5181 LECTIONES.

276 5255 319 5294 ³⁷
353 5253 606 5325 Α1.ὶγὼ
647 5251 799 5307 οὐδὶ
840 5254 995 5318 ὅλως
1035 5259 1279 5331 τρὼγω.

1752 5384 2000 5440 NOTAE.

279 5504 366 5574 (a)
408 5508 583 5574 Δέγων
617 5519 630 5533 ο
665 5505 691 5556 ό
723 5501 886 5570 δεῖνα,
915 5506 970 5561 in
997 5506 1138 5562 Vitis
1161 5509 1398 5562 Patrum
1428 5524 1440 5560 :
1470 5508 1671 5564 dicens
1701 5506 1817 5573 illi,

213 5588 315 5642 pro
341 5575 546 5630 dicens
576 5576 702 5632 ille.

285 5645 365 5788 ἓογ
406 5647 491 5700 cr.
527 5649 638 5700 vv.
675 5649 779 5727 P_P.
809 5651 1001 5728 nosw.
1042 5648 1140 5703 lib.
1178 5649 1242 5702 v1
1283 5647 1469 5708 libell.
1502 5655 1552 5716 2,
1584 5652 1638 5706 8.

312 5730 340 5770 c
403 5717 486 5772 Cf.
523 5719 739 5776 Baden
765 5721 1005 5775 Viridar.
1033 5720 1124 5785 Ill,
1155 5721 1211 5784 6,
1242 5720 1324 5773 19.

312 5717 361 5785 c)
403 5717 486 5772 Cf.
523 5718 739 5776 Raderi
765 5721 1005 5775 Viridar.
1033 5720 1124 5785 Ill,
1155 5721 1211 5784 6,
1242 5720 1324 5773 19.

2002 5508 2088 5578 (d)
2140 5505 2222 5560 Cf.
2274 5508 2383 5559 VV.
2434 5506 2535 5558 PP.
2583 5505 2776 5557 Rosw.
2817 5503 2919 5557 lib.
2969 5504 3037 5555 111
3081 5515 3217 5569 cap.
3269 5501 3354 5557 53:
3402 5497 3505 5552 lib.
3540 5495 3583 5548 V

1929 5578 2109 5634 libell.
2142 5580 2195 5642 4,
2222 5580 2309 5630 26.

2003 5651 2081 5717 (ε)
2137 5637 2211 5702 ci.
2251 5649 2356 5700 vv.
2413 5647 2512 5701 PP.
2545 5649 2736 5700 Rosw.
2789 5644 2892 5699 lib.
2937 5644 3001 5696 ιιι
3044 5657 3179 5711 cap.
3237 5640 3369 5703 124;
3402 5637 3581 5694 lib.V

1929 5719 2110 5776 libell.
2150 5724 2232 5784 l5,
2261 5719 2366 5785 26;
2400 5717 2500 5773 lib.
2535 5717 2625 5772 VII
2653 5732 2786 5787 cap.
2823 5719 2906 5778 13,
2936 5720 2987 5769 6.
