4092 6252
602 292 707 349 ΉἾ
1467 288 1570 347 SS.
1611 290 2097 347 MACARIORUM
2136 286 2469 344 AEGYPTII
2508 287 2595 343 ET
2635 288 3121 346 ALEXANDRINI
3804 288 3897 343 248

606 417 949 490 Respondet
996 417 1066 474 iis
1104 430 1284 472 senex
1316 434 1328 472 :
1382 417 1653 485 Lignum,
1688 416 1855 489 quod
1905 419 2102 470 versat
2133 428 2222 469 sar

2302 414 2330 468 ι
2366 413 2549 474 αὐτοῖς
2578 414 2603 465 6
2634 416 2795 487 γέρων
2830 431 2843 443 ο
2894 416 2952 465 τὸ
3006 412 3154 476 ξύλον
3202 416 3260 465 τὸ
3313 415 3526 486 στρέφον
3582 411 3647 462 τὰ
3699 415 3918 483 καιόμενα

602 515 808 564 menta
828 523 985 578 quae
1015 505 1467 571 comburuntur,
1491 507 1737 561 omnino
1768 507 1846 561 ab
1873 508 2007 573 igne
2034 520 2218 559 consu

2364 506 2597 574 φρύγανα
2646 499 2719 555 δι’
2751 502 2870 555 ὅλου
2920 505 3150 555 ἐσθίεται
3180 502 3234 554 έκ
3278 510 3369 554 τοῦ
3422 505 3583 573 πυρός
3612 521 3623 531 ‘
3664 501 3815 563 οὕτως
3849 501 3919 553 ἐὰν

603 598 803 653 mitur.
827 596 1159 651 Similitersi
1186 596 1561 650 mundaverit
1582 596 1765 650 homo
1792 602 2051 649 mentem
2076 609 2219 647 suan

2363 594 2660 666 καθαρεύσῃ
2719 593 2990 666 ἄνθρωπος
3049 596 3133 644 τὸν
3185 598 3300 644 νοῦν
3360 590 3520 642 αὐτοῦ
3589 588 3635 642 έν
3681 597 3749 659 τῷ
3802 588 3919 662 φόϐῳ

604 685 667 741 in
711 686 921 740 timore
970 686 1089 753 Dei,
1134 686 1261 756 ipse
1312 686 1487 741 timor
1530 685 1630 739 Dei
1675 699 1893 755 corpus
1938 684 2068 753 ejus
2116 697 2220 736 con

2363 688 2454 732 τοῦ
2495 688 2647 745 Θεοῦ,
2680 680 2840 742 αὐτὸς
2870 682 2895 732 6
2924 679 3079 752 φόϐος
3121 688 3213 733 τοῦ
3244 687 3377 733 Θεοῦ
3405 679 3666 731 κατεσθίει
3692 681 3746 729 τὸ
3794 686 3924 750 σῶμα

605 774 807 830 sumit.

2365 774 2524 821 αὐτοῦ

684 868 765 919 13.
802 863 1098 919 Profectus
1128 863 1456 935 aliquando
1491 863 1780 919 Macarius
1819 862 2011 918 abbas
2043 877 2073 916 e
2102 860 2254 917 Sceti

2440 863 2524 915 l3.
2558 858 2738 917 Ἀνέϐη
2791 862 2915 912 ποτε
2966 860 2991 910 6
3045 856 3204 919 ἆϐϐᾶς
3258 860 3527 930 Μακάριος
3579 854 3676 908 ἀπὸ
3723 860 3928 915 Σκὴτεως

604 952 665 1007 in
693 952 1089 1019 Terenuthim,
1130 952 1435 1021 ingressus
1464 958 1554 1008 est
1583 953 1809 1018 fanum,
1847 958 1908 1007 ut
1946 950 2220 1007 dormiret

2366 948 2433 1009 εἰς
2479 950 2775 1017 Τερενοῦθιν
2810 963 2824 975 ⁸
2878 952 2967 999 καὶ
3018 947 3250 1007 εἰσῆλθεν
3295 947 3366 1009 εἰς
3415 950 3474 999 τὸ
3532 948 3661 1020 ἱερὸν
3703 946 3930 1015 κοιμηθῆ-

605 1040 689 1097 lbi
722 1046 890 1096 erant
932 1048 1125 1097 vetera
1166 1041 1545 1097 Ethnicorum
1587 1043 1921 1109 cadavera;
1964 1057 1995 1096 e
2032 1040 2220 1112 quibu

2366 1058 2451 1091 ναι
2484 1050 2496 1063 ³
2549 1034 2683 1095 ἦσαν
2751 1034 2809 1089 δὲ
2874 1036 2978 1090 έκεῖ
3030 1042 3349 1108 σκηνώματα
3420 1035 3667 1093 Ἑλλήνων
3712 1033 3925 1087 παλαιά¹

588 1145 793 1187 υηιιω
819 1136 1128 1203 acceptum
1153 1130 1357 1202 posuit
1379 1131 1492 1186 sub
1517 1132 1710 1203 capite
1736 1147 1843 1187 suo
1865 1130 2025 1186 velut
2046 1128 2204 1183 embi

2605 1132 2695 1179 xui
2743 1125 2909 1178 λαϐὼν
2949 1127 3020 1193 ἓν,
3061 1128 3288 1184 ὑπέθηκε
3330 1133 3392 1198 τῇ
3437 1125 3625 1177 ἑαυτοῦ
3662 1123 3840 1194 κεφαλῇ
3876 1123 3931 1182 ὡς

605 1219 817 1275 mium.
843 1222 1176 1275 Daemones
1200 1236 1361 1291 ergo,
1386 1220 1576 1276 intuiti
1599 1222 1729 1291 ejus
1748 1220 2090 1283 audaciam,
2115 1219 2221 1272 inv;

2371 1214 2641 1290 ἐμϐρίμιον
2670 1235 2682 1247 ·
2711 1217 2759 1268 οἱ
2788 1212 2875 1269 οὖν
2922 1213 3167 1287 δαίμονες
3206 1216 3419 1287 ὁρῶντες
3468 1213 3629 1265 αὐτοῦ
3674 1216 3729 1265 τὸ
3761 1214 3931 1286 θαρσα-

606 1308 822 1365 derunt
850 1309 923 1365 ei.
956 1309 1037 1364 Ac
1078 1307 1341 1363 volentes
1371 1326 1508 1365 eum
1546 1314 1780 1375 terrere,
1816 1309 1972 1364 velut
2003 1306 2222 1362 femina

2372 1306 2499 1371 λέον,
2555 1304 2839 1378 ἐφθόνησαν
2874 1323 2886 1335 ·
2929 1309 3018 1358 καὶ
3064 1305 3290 1366 θέλοντες
3326 1304 3485 1356 αὐτὸν
3532 1309 3779 1370 πτοῆσαι,
3825 1303 3932 1373 ἐφώ-

605 1412 827 1453 nomen
845 1414 987 1455 voca
998 1400 1435 1457 bautdicentes:
1453 1403 1605 1455 Heus
1620 1399 1838 1464 tu,veni
1852 1397 2167 1454 nobiscum
2184 1412 2220 1452 a

2372 1414 2489 1446 νουν
2538 1397 2601 1455 ὡς
2652 1398 2897 1467 γυναικὸς
2952 1397 3131 1466 ὄνομα,
3186 1393 3418 1465 λέγοντες
3454 1409 3466 1423 ’
3524 1393 3551 1450 ὁ
3599 1388 3758 1454 δεῖνα,
3805 1385 3934 1459 δεῦρο

608 1484 913 1544 balneum.
935 1489 1254 1561 Respondit
1267 1495 1463 1545 autem
1480 1489 1633 1545 alius
1652 1488 1912 1543 daemon
1928 1486 2119 1542 desub
2134 1485 2222 1555 ips

2376 1483 2489 1557 μεθ’
2518 1485 2664 1556 ἡμῶν
2704 1483 2775 1545 εἰς
2812 1487 2871 1535 τὸ
2917 1482 3189 1556 βαλανεῖον
3215 1503 3227 1515 ·
3277 1483 3550 1540 ὑπήκουσε
3582 1477 3641 1533 δι
3678 1478 3813 1539 ἄλλος
3840 1474 3937 1530 δαί-

609 1579 896 1647 tanquam
929 1593 959 1632 e
1003 1580 1273 1645 mortuis,
1305 1578 1559 1652 loquens
1593 1596 1605 1635 :
1647 1579 2023 1648 Peregrinum
2068 1575 2224 1630 habe

2378 1594 2485 1645 μων
2542 1573 2871 1625 ὑποκάτωθεν
2920 1573 3079 1625 αὐτού
3132 1575 3196 1632 ὡς
3248 1570 3301 1623 έκ
3353 1578 3457 1623 τῶν
3508 1577 3695 1644 νεκρῶν
3744 1568 3883 1638 λέγων
3922 1581 3932 1593 ⁸

624 1679 803 1736 super
847 1682 961 1733 me,
1007 1682 1115 1722 nec
1142 1648 1403 1740 possum.
1429 1668 1674 1724 ventire.
1713 1673 1780 1723 At
1814 1682 1995 1722 senex
2036 1666 2234 1720 territu

2382 1663 2517 1725 ξένον
2556 1665 2665 1734 ἔχω
2711 1664 2877 1715 ἐπάνω
2923 1682 3044 1735 μου,
3086 1667 3176 1714 καὶ
3202 1660 3260 1714 ού
3310 1657 3547 1732 δύναμαι
3599 1658 3749 1711 ἐλθεῖν
3786 1673 3798 1687 ·
3832 1657 3854 1708 ὁ
3890 1653 3937 1707 δι

614 1767 737 1807 non
755 1758 863 1819 est,
887 1756 990 1811 sed
1014 1757 1300 1813 audacter
1317 1758 1666 1813 verberabat
1688 1773 1928 1828 corpus,
1949 1762 2037 1810 et:
2061 1756 2230 1822 Surgi

2323 1794 2341 1845 ἲ
2384 1756 2545 1824 γέρων
2575 1757 2669 1805 οὐκ
2708 1752 2959 1817 ἐπτοήθη,
3003 1751 3131 1803 ἀλλὰ
3162 1750 3363 1825 θαρῥῶν
3409 1753 3595 1803 ἔτυπτε
3633 1753 3689 1801 τὸ
3721 1751 3939 1816 σκήνωμα

613 1841 824 1914 inquit,
850 1845 1001 1900 vade
1031 1846 1093 1901 in
1123 1848 1416 1911 tenebras,
1447 1848 1492 1902 si
1522 1853 1712 1919 potes.
1747 1849 1876 1913 Quo
1904 1844 2108 1900 audito
2136 1841 2229 1895 dat

2322 1834 2341 1845 ’
2392 1847 2538 1914 λέγων
2579 1857 2592 1869 ·
2639 1845 2853 1914 ἓγειραι,
2887 1841 3056 1913 ὕπαγε
3086 1840 3227 1901 εἰςτὸ
3260 1847 3463 1905 σκότος,
3497 1839 3540 1892 εἰ
3581 1834 3798 1891 δύνασαι
3828 1856 3839 1869 ·
3866 1838 3938 1885 καὶ

613 1946 824 1987 mones
855 1933 1267 1991 clamaverunt
1310 1953 1455 1993 voce
1487 1952 1711 2005 magna
1740 1938 2003 1991 dicentes
2029 1949 2041 1987 :
2076 1930 2227 1985 Vicis

2383 1940 2535 1984 τοῦτο
2589 1930 2898 1991 ἀκούσαντες
2947 1933 2995 1982 οἱ
3035 1926 3297 2002 δαίμονες,
3331 1928 3559 1987 ἐϐοησαν
3599 1934 3732 1999 φωνῇ
3765 1922 3931 1996 μεγάλη

610 2035 745 2075 nos.
780 2024 846 2077 Et
875 2025 1101 2094 pudore
1128 2025 1338 2081 suffusi
1367 2026 1748 2094 aufugerunt.

2381 2020 2608 2092 λέγοντες
2636 2039 2647 2050 ·
2708 2019 2956 2080 ἐνίκησας
3004 2021 3143 2092 ἡμᾶς
3174 2034 3187 2046 ·
3242 2022 3332 2070 καὶ
3387 2020 3573 2091 έφυγον
3624 2012 3941 2084 καταισχννό-

683 2110 769 2165 14.
801 2112 1083 2168 Dicebant
1112 2114 1187 2169 de
1218 2115 1470 2171 Macario
1501 2114 1794 2187 Aegyptio
1826 2113 2072 2177 abbate,
2105 2107 2271 2182 quod
2382 2130 2523 2183 μενοι
2546 2110 2644 2181 (b).

610 2199 941 2254 ascendens
963 2217 995 2257 e
1022 2203 1188 2270 Sceti,
1224 2220 1294 2258 ac
1325 2204 1622 2275 sportulas
1666 2208 1931 2274 portans,
1980 2199 2226 2267 defatiga

2458 2201 2546 2257 14.
2602 2199 2806 2271 Ἔλεγον
2846 2203 2963 2270 περὶ
3016 2204 3107 2251 τοῦ
3161 2197 3297 2250 ἁϐϐᾶ
3344 2200 3630 2268 Μακαρίου
3682 2200 3771 2247 τοῦ
3816 2188 3946 2261 Δίγυ-

616 2290 711 2341 tus
758 2288 948 2355 sedit;
995 2292 1306 2363 oravitque
1338 2293 1394 2346 in
1440 2293 1599 2347 hunc
1632 2293 1879 2348 modum
1918 2308 1933 2345 :
1992 2293 2165 2353 Deus,
2213 2291 2230 2340 t

2381 2295 2535 2344 πτίου
2564 2290 2630 2355 η,
2662 2292 2737 2342 ὅτι
2790 2287 3076 2341 ἀναϐαίνων
3109 2287 3210 2340 ἀπὸ
3242 2292 3503 2356 Σκητεως,
3556 2289 3645 2337 καὶ
3696 2282 3948 2356 βαστάζων

613 2374 750 2441 scis,
785 2377 929 2432 nihil
964 2380 1103 2434 mihi
1140 2381 1356 2437 virium
1385 2397 1718 2453 superesse.
1757 2384 1821 2436 Et
1852 2380 2009 2435 illico
2056 2378 2130 2433 ad
2164 2377 2229 2432 ili

2386 2378 2665 2452 σπυρίδας,
2720 2381 2975 2440 κοπιάσας
3022 2378 3279 2435 έκαθέσθη
3308 2394 3321 2407 ’
3363 2381 3462 2429 καὶ
3514 2374 3693 2439 εὔξατο
3720 2372 3865 2442 λέγων
3892 2366 3947 2417 ’ὁ

613 2462 779 2519 vium
810 2466 1042 2522 delatus
1078 2474 1184 2525 cst.

2384 2474 2533 2534 Θεὸς,
2582 2473 2647 2521 σὺ
2699 2464 2849 2529 οἶδας
2897 2468 2976 2519 ὅτι
3030 2466 3123 2519 οὐκ
3162 2468 3209 2502 ¹⁹
3259 2466 3442 2537 ἰσχύω
3476 2485 3489 2499 ·
3542 2467 3631 2517 καὶ
3681 2461 3849 2520 εύθέῶς
3882 2457 3948 2509 εὖ·

596 2564 605 2595 1
692 2559 775 2610 15.
819 2555 1076 2620 Quidam
1110 2559 1166 2612 in
1199 2560 1468 2630 Aegypto
1493 2559 1681 2614 ﬁlium
1734 2560 1948 2615 habuit
1992 2558 2212 2630 paralyi

1515 2559 1681 2614 ilium
1734 2560 1948 2615 habuit
1992 2553 2273 2630 paralyti-
2380 2562 2504 2634 ρέθη
2537 2558 2619 2611 ἐπὶ
2650 2562 2735 2610 τὸν
2764 2561 2995 2629 ποταμόν

616 2656 775 2697 cum.
797 2645 982 2709 Quem
1014 2662 1151 2701 cum
1180 2647 1253 2701 ad
1278 2648 1552 2704 cellulam
1578 2650 1811 2704 Macarii
1836 2649 2071 2704 abbatis
2105 2649 2232 2704 tulis

2456 2654 2541 2705 15.
2573 2648 2668 2700 Ἦν
2721 2667 2796 2707 τις
2850 2649 2985 2718 ἔχων
3034 2646 3146 2697 υἱὸν
3194 2642 3555 2715 παραλυτικὸν
3611 2641 3658 2693 έν
3689 2638 3943 2710 Αἰγύπτῳ·

614 2735 720 2794 set,
753 2738 809 2787 et
846 2732 923 2787 ad
954 2736 1175 2789 ostium
1210 2736 1545 2807 plorantem
1586 2738 1943 2808 reliquisset,
1978 2739 2152 2809 longe
2184 2755 2230 2793 re

2380 2743 2469 2790 καὶ
2520 2741 2728 2806 ἤνεγκεν
2781 2736 2934 2788 αὐτὸν
2993 2734 3064 2795 εἰς
3120 2737 3177 2785 τὸ
3227 2732 3425 2784 κελλίον
3476 2740 3568 2785 τοῦ
3615 2728 3747 2781 ἁϐϐᾶ
3794 2732 3944 2779 Μακα-

614 2821 806 2875 cessit.
842 2822 1020 2891 Igitur
1052 2840 1230 2880 senex
1266 2825 1546 2881 deorsum
1580 2827 1920 2897 adspiciens
1946 2828 2090 2882 vidit
2128 2844 2230 2898 put

2380 2833 2494 2900 ρίου
2532 2846 2544 2860 ·
2578 2830 2667 2878 καὶ
2699 2824 2835 2897 ἀφεῖς
2870 2824 3025 2877 αὐτὸν
3057 2826 3143 2875 ἐπὶ
3388 2827 3488 2881 τὴν
3521 2823 3680 2896 θύραν
3718 2817 3943 2900 κλαίοντα,

614 2924 750 2965 rum
790 2916 846 2965 et
880 2912 1204 2984 interrogat
1235 2930 1371 2969 eum
1407 2930 1421 2972 :
1457 2915 1600 2981 Quis
1646 2922 1698 2970 te
1746 2916 1864 2970 huc
1896 2917 2135 2974 attulit?
2168 2920 2230 2972 Ηε

2382 2916 2683 2988 ἀνεχώρησε
2737 2916 2939 2989 μακράν
2979 2928 2991 2939 ·
3031 2910 3343 2984 παρακύψας
3394 2908 3487 2963 οὖν
3533 2912 3558 2962 6
3589 2914 3744 2984 γέρων
3786 2899 3944 2957 εἶδετό

614 2998 868 3071 spondet
898 3022 910 3054 :
945 3004 1111 3057 Pater
1144 3020 1311 3059 meus
1341 3005 1455 3059 huc
1483 3021 1576 3059 me
1609 3005 1858 3076 projecit
1898 3010 1953 3060 et
1980 3005 2146 3062 abiit.
2179 3011 2230 3061 At

2379 3002 2591 3059 παιδίον
2624 3007 2683 3070 ⁸ο,
2716 3009 2805 3055 καὶ
2843 3003 2977 3074 λέγει
3026 3001 3166 3071 αύτῷ
3201 3020 3213 3033 ο
3247 3004 3325 3061 τίς
3372 3002 3565 3071 ἤνεγκέ
3608 3017 3665 3051 σε
3713 2991 3810 3049 ὧδε
3838 3011 3849 3056 ;
3876 2992 3941 3040 καὶ

613 3087 666 3145 ei
701 3104 883 3145 senex
916 3107 928 3146 :
966 3093 1225 3161 Surgens
1257 3109 1577 3166 assequere
1608 3110 1767 3149 eum.
1815 3096 2143 3166 Statimque
2176 3112 2229 3151 sa

2323 3162 2341 3166 _
2381 3097 2552 3166 λέγει·
2608 3096 2633 3146 ὁ
2691 3098 2864 3166 πατὴρ
2922 3110 3021 3164 μου
3080 3089 3259 3165 ἓρῥιψέ
3286 3108 3348 3162 με
3402 3086 3534 3157 ὧδε,
3592 3092 3682 3140 καὶ
3733 3081 3939 3141 ἀπῆλθε·

612 3183 789 3233 natus
818 3180 1072 3235 surrexit
1102 3186 1157 3236 et
1187 3161 1803 3253 patrem—consecutus
1836 3189 1940 3240 est.
1972 3161 2161 3256 Atque
2188 3185 2227 3239 it

2326 3162 2346 3219 1
2378 3186 2511 3256 λέγει
2560 3184 2699 3253 αύτῷ
2748 3184 2774 3235 6
2821 3185 2984 3255 γέρων
3018 3197 3029 3208 ·
3065 3180 3295 3239 ἀναστὰς
3348 3177 3615 3231 κατάλαϐε
3661 3175 3810 3229 αὐτὸν
3840 3168 3942 3219 ’καὶ

613 3266 893 3324 abierunt
923 3270 980 3323 in
1012 3270 1260 3325 domum
1298 3287 1493 3326 suam.

2379 3275 2561 3336 εύθέως
2619 3275 2834 3344 ὑγιάνας
2908 3270 3118 3337 ἀνέστη,
3174 3272 3265 3321 καὶ
3335 3266 3587 3321 κατέλαϐε
3642 3269 3727 3318 τὸν
3780 3260 3943 3329 πατέρα

688 3356 771 3410 16.
800 3358 1087 3413 Macarius
1116 3374 1372 3427 magnus
1404 3360 1596 3416 abbas
1627 3361 1863 3417 dicebat
1895 3362 2175 3418 fratribus
2208 3362 2267 3417 in

2379 3365 2538 3416 αὐτοῦ
2568 3382 2579 3393 ·
2618 3368 2706 3414 καὶ
2743 3361 2901 3420 οὕτως
2956 3358 3188 3417 ἀπῆλθον
3237 3357 3309 3417 εἰς
3347 3360 3435 3408 τὸν
3484 3355 3631 3409 οἶκου
3664 3357 3822 3407 αὐτῶν

590 3445 784 3509 ~Sceti,
811 3451 1129 3517 postquam
1164 3449 1384 3502 dimisit
1409 3450 1719 3505 ecclesiam
1749 3470 1759 3509 :
1793 3451 2012 3521 Fugite,
2036 3452 2206 3506 fratre

2456 3460 2536 3509 16.
2587 3452 2646 3505 Ὀ
2687 3450 2851 3511 ἆϐϐοἱς
2902 3450 3171 3521 Μακάριος
3202 3448 3228 3498 6
3272 3449 3440 3518 μέγας
3495 3448 3633 3517 ἔλεγε
3678 3449 3778 3502 τοῖς
3826 3432 3944 3489 ἁδελ-

616 3533 706 3588 Ait
731 3532 813 3587 illi
836 3550 1049 3589 senum
1079 3536 1328 3606 quidam
1358 3553 1368 3591 :
1404 3539 1675 3602 Quonam
1709 3538 1911 3610 fugere
1936 3542 2232 3611 poterimu

2380 3551 2493 3616 φοῑς
2542 3544 2589 3595 ἑν
2636 3550 2695 3614 τῇ
2744 3544 2944 3603 Σκήτει,
2990 3541 3059 3599 ὡς
3098 3536 3283 3589 ἀπέλυε
3333 3540 3428 3593 τὴν
3496 3535 3771 3593 ἐκκλησίαν
3800 3551 3812 3563 ο
3860 3524 3951 3598 φεύ-

614 3622 768 3677 ultra
798 3622 1176 3679 solitudinem
1214 3625 1367 3679 hanc
1398 3627 1427 3682 7
1458 3629 1585 3697 Ipse
1614 3644 1753 3682 vero
1794 3629 2044 3699 digitum
2090 3647 2230 3685 sum

2378 3652 2510 3705 γετε,
2576 3628 2787 3702 ἀδελφοί
2818 3650 2830 3663 ·
2864 3632 2953 3680 καὶ
3008 3623 3143 3679 εἶπεν
3192 3625 3332 3696 αύτῷ
3386 3644 3467 3686 τις
3536 3633 3636 3677 τῶν
3689 3624 3946 3705 γέροντι-»νζ

615 3710 690 3767 ad
727 3727 795 3767 os
832 3711 1094 3783 ponebat
1124 3712 1330 3768 dicens
1365 3732 1376 3769 :
1412 3696 1609 3784 Fugite
1638 3716 1771 3772 hoc.
1799 3696 1945 3773 Tum
1979 3719 2231 3789 ingredie

2380 3696 2478 3775 πού
2530 3696 2720 3793 ἔχομεν
2757 3725 2934 3791 φυγεῖν
2982 3716 3130 3769 πλὶον
3182 3723 3277 3777 τῆς
3336 3712 3541 3789 ἐρήμου
3581 3716 3814 3775 ταύτης
3859 3696 3949 3755 ὁδὶ

584 3799 794 3856 'batur
823 3801 878 3856 in
906 3800 1179 3857 cellulam
1209 3819 1380 3858 suam
1412 3810 1467 3859 et
1492 3804 1696 3860 clauso
1724 3807 1877 3863 ostio
1911 3808 2178 3864 sedebat.

2379 3812 2533 3864 έτίθει
2562 3813 2648 3861 τὸν
2682 3806 2939 3860 δάκτυλον
2978 3806 3137 3857 αὑτοῦ
3169 3804 3238 3865 εἰς
3271 3806 3328 3856 τὸ
3378 3807 3558 3875 στόμα
3598 3802 3753 3873 λέγων
3782 3815 3793 3827 ·
3824 3799 3947 3846 τοῦτο

2380 3903 2626 3974 φεύγετε·
2661 3903 2750 3949 καὶ
2806 3896 3085 3969 εἰσήρχετο
3145 3893 3215 3954 εἰς
3271 3895 3329 3945 τὸ
3383 3891 3585 3946 κελλίον
3658 3889 3832 3943 ἑαυτοῦ
3878 3882 3949 3931 καὶ

692 3987 776 4037 l7.
822 3984 981 4040 Idem
1029 3986 1319 4042 Macarius
1359 3987 1550 4044 abbas
1596 3988 1780 4054 dixit;
1811 3992 1865 4047 Si
1914 3992 2265 4064 quempiam

1766 4006 1780 4054 ;
1811 3992 1865 4047 Si
1914 3992 2265 4064 quempiam
2378 3991 2536 4043 ἓκλειε
2564 3992 2658 4046 τὴν
2700 3989 2859 4059 θύραν
2898 3990 2989 4036 καὶ
3018 3982 3241 4040 ἐκάθητο
3273 3982 3367 4053 (e).

612 4072 981 4144 increpando
1017 4074 1093 4130 ad
1125 4076 1276 4131 iram
1304 4079 1725 4144 commoveris,
1759 4079 1997 4136 aﬁ'ectui
2042 4088 2142 4137 tuo
2174 4099 2228 4137 sa

2454 4080 2537 4134 17.
2615 4075 2767 4132 Εἶπεν
2843 4076 2869 4127 6
2923 4072 3075 4133 αὐτὸς
3126 4070 3290 4131 ἀϐϐᾶς
3358 4071 3635 4143 Μακάριος
3673 4084 3687 4099 ο
3739 4066 3819 4117 ἑάν
3866 4074 3946 4110 τινι

614 4161 864 4220 tisfacis.
918 4166 1117 4236 Neque
1165 4166 1326 4221 enim
1382 4175 1442 4223 ut
1495 4168 1643 4223 alios
1701 4168 1915 4239 salves,
1948 4171 2162 4241 perdes
2215 4178 2230 4226 t

2378 4169 2625 4240 ἐπιτιμῶν
2675 4166 2747 4225 εἰς
2804 4162 2959 4237 ὀργὴν
3016 4162 3253 4225 κινηθῆς,
3300 4155 3439 4211 ἴδιον
3499 4160 3663 4217 πάθος
3712 4153 3943 4225 πληροῖς·

616 4249 839 4321 ipsum.
2379 4258 2437 4309 οὐ
2468 4260 2567 4329 γὰρ
2591 4256 2674 4307 ἵνα
2689 4253 2869 4313 ἄλλους
2898 4256 3097 4324 σώσης,
3130 4251 3347 4302 σεαυτὸν
3387 4246 3659 4309 ἆπολέσεις

692 4343 774 4395 18.
799 4340 961 4397 ldem
986 4343 1275 4398 Macarius
1305 4344 1518 4409 abbas,
1543 4362 1677 4400 cum
1704 4347 1941 4402 essetin
1972 4351 2265 4420 Aegypto,

2450 4328 2536 4401 178.
2594 4345 2652 4397 εΟ
2706 4342 2861 4400 αὐτὸς
2916 4339 3079 4402 ἁϐϐᾶς
3144 4339 3430 4413 Μακάριος,
3489 4339 3538 4389 ἓν
3595 4335 3833 4407 Αἰγύπτῳ
3875 4328 3947 4420 ὧςδι

616 4426 1156 4487 invenithominem
1170 4432 1817 4503 habentemjumentum
1830 4441 1885 4490 et
1904 4414 2232 4507 praedantei

2380 4436 2519 4511 εὗρεν
2550 4436 2818 4507 ἄνθρωπον
3057 4432 3247 4501 ἔχοντα
3270 4434 3453 4489 κτῆνος
3482 4432 3574 4479 καὶ
3606 4423 3853 4477 συλοῦντα
3875 4414 3949 4470 τὰς

612 4532 769 4590 quae
787 4518 863 4573 ad
884 4535 1057 4575 usum
1076 4538 1253 4576 suum
1280 4523 1651 4591 possidebat:
1681 4524 1805 4595 ipse
1820 4542 1957 4581 vero
1980 4533 2228 4599 tanquar

2333 4537 2347 4588 >
2379 4529 2560 4599 χρείας
2606 4523 2767 4575 αὐτοῦ
2800 4541 2814 4554 ο
2856 4524 2944 4571 καὶ
2989 4518 3141 4578 αὐτὸς
3186 4520 3250 4577 ὡς
3291 4518 3430 4579 ξένος
3468 4514 3745 4589 παραστὰς
3772 4514 3838 4578 τῷ
3877 4520 3949 4553 συ·

613 4608 963 4680 peregrinus
999 4608 1244 4664 adstans
1272 4610 1404 4677 furi,
1444 4627 1561 4667 una
1592 4614 1882 4670 onerabat
1907 4595 2229 4686 jumen—tiiu

2379 4595 2570 4679 λοῦντι,
2618 4614 2900 4682 συνεγέμω
2939 4612 2995 4660 τὸ
3046 4616 3255 4673 κτῆνος,
3308 4610 3397 4658 καὶ
3437 4608 3570 4678 μετὰ
3615 4599 3797 4657 πολλῆς
3839 4595 3949 4651 ἠσυ-

616 4712 957 4769 magnaque
989 4712 1129 4752 cum
1171 4699 1366 4770 quiete
1393 4700 1621 4756 dimisit
1645 4719 1783 4759 eum
1814 4705 2021 4761 dicens
2056 4723 2068 4761 :
2098 4707 2232 4763 Niht

2382 4711 2511 4779 χίας
2539 4706 2861 4779 προέπεμπεν
2891 4696 3047 4749 αὑτὸν
3094 4695 3268 4768 λέγων,
3317 4696 3397 4746 ὄτι
3440 4713 3465 4745 ο
3489 4690 3643 4745 ύδεν
3686 4687 3948 4747 εἰσηνιγ·

612 4783 929 4842 intulimus
953 4785 1016 4841 in
1042 4787 1326 4844 mundum
1352 4808 1372 4844 :
1397 4790 1562 4847 haud
1590 4792 1833 4849 dubium
1852 4796 2012 4866 quod
2030 4811 2139 4853 nec
2168 4811 2228 4852 αι

2381 4773 2588 4867 κναμεν·
2616 4791 2703 4852 εἰς
2741 4793 2849 4843 τὸν
2889 4780 3369 4857 κόσμον,δῆλ,ον
3409 4784 3505 4835 ὅτι
3548 4775 3697 4834 οὐδὲ
3734 4773 3948 4837 ἐξενεγ-

1932 4959 2186 5015 VARIAE
2225 4956 2626 5016 LECTIONES.

685 5092 731 5129 ³⁸
761 5093 849 5148 ΑΙ.
879 5100 995 5145 τοῦ
1034 5095 1347 5166 μεγάλου.
1428 5099 1473 5133 ¹⁹
1505 5097 1596 5156 ΑΙ.
1636 5100 1865 5155 οὐκέτι.
1944 5103 1985 5139 ²⁰
2014 5101 2097 5159 Al.
2128 5102 2269 5159 add.
2304 5103 2401 5154 ὅτι
2433 5099 2707 5153 ἔκλαιεν.

2138 5252 2389 5313 NOTAE.

688 5393 747 5462 (a
799 5391 877 5447 Cf.
908 5393 1014 5446 VV.
1050 5395 1151 5447 PP.
1182 5395 1373 5450 Bosw.
1403 5394 1503 5450 lib.
1541 5396 1581 5450 V
1605 5395 1785 5453 libell.
1821 5402 1872 5462 3,
1906 5402 1959 5457 8.
2380 5392 2680 5452 Besarioni
2702 5391 2976 5447 tribuitur
3005 5389 3149 5446 ibid.
3177 5387 3277 5470 lib.
3303 5387 3372 5444 ΠΙ
3400 5401 3533 5469 cap.
3565 5381 3685 5440 122.

688 5392 770 5535 (bl
796 5464 905 5518 VV.
936 5465 1033 5519 PP.
1064 5467 1256 5521 Bosw.
1286 5465 1391 5522 lib.
1428 5469 1470 5521 V
1502 5467 1681 5524 libell.
1717 5471 1770 5533 7,
1808 5474 1889 5525 tO.
2450 5468 2525 5535 (ε)
2552 5466 2633 5523 Cf.
2666 5466 2783 5521 VV.
2820 5463 2920 5518 PP.
2954 5465 3149 5517 Rosw.
3179 5459 3280 5535 lib.
3310 5456 3570 5535 [libell.
3603 5453 3685 5535 ᾖ]

684 5450 764 5535 (b5
796 5464 905 5518 vv.
936 5465 1033 5519 PP.
1064 5467 1256 5521 Rosw.
1286 5465 1391 5522 lib.
1428 5469 1470 5521 v
1502 5450 1681 5524 libell.
1702 5450 1785 5533 ﬁ,
1808 5450 1889 5525 i'o'.
1916 5450 1959 5457 "
2381 5450 2409 5452 “
2430 5450 2525 5536 ’(ε)
2552 5466 2633 5523 cr.
2666 5466 2783 5536 vv.
2820 5463 2920 5536 rp.
2954 5465 3149 5536 aosw.
3179 5459 3280 5536 iii).
3310 5450 3570 5536 )flibéll.
3603 5450 3763 5536 43.37-
3786 5511 3858 5536 ",
3907 5502 3944 5536 υ

684 5468 764 5535 (b)
797 5468 905 5518 VV.
936 5468 1033 5519 PP.
1064 5468 1256 5521 Rosw.
1286 5468 1391 5548 lib.
1428 5469 1470 5521 V
1502 5468 1681 5524 libell.
1717 5471 1770 5533 7,
1808 5474 1889 5525 to.
1955 5542 1964 5551 ι
2232 5540 2242 5551 ⁸
2474 5468 2525 5536 e)
2552 5468 2633 5557 (ξιτ.
2666 5468 2783 5521 VV.
2820 5468 2920 5518 PP.
2954 5468 3149 5517 Rosw.
3179 5468 3280 5541 lib.
3316 5468 3356 5515 V
3389 5468 3570 5515 libell.
3603 5468 3878 5579 48.7291“).
3907 5505 3931 5556 κ

616 5537 1040 5673 basi)”.
1090 5540 1283 5593 Rosw.
1314 5537 1419 5595 lib.
1468 5541 1534 5595 lll
1566 5555 1699 5611 cap.
1733 5541 1834 5597 2t3
1870 5557 1883 5608 ;
1927 5540 2032 5599 lib.
2081 5542 2175 5607 Vl,
2206 5539 2271 5597 li-
2378 5468 2783 5678 ubintgggl:
2821 5535 2925 5589 PP.
2957 5535 3154 5590 Rosw.
3179 5530 3285 5588 lib.
3310 5531 3403 5597 IIl,
3454 5544 3593 5602 cap.
3728 5562 3742 5587 ν

690 5678 778 5752 (d)
812 5677 893 5735 Cf.
935 5678 1048 5735 VV.
1088 5681 1188 5737 PP.
1232 5681 1422 5739 Rosw.
1463 5680 1569 5740 lib.
1606 5682 1674 5738 Vl
1701 5681 1883 5741 libell.
1916 5686 1967 5751 2,
2008 5688 2061 5739 7.
2107 5683 2270 5739 Idem
