4092 6252
239 298 342 357 249

1590 291 2241 355 APOPHTHEGMATA.

3487 299 3592 355 250

238 431 371 477 κεῖν
398 418 800 492 τιδννάμεθα
844 420 888 455 ²¹
923 435 936 449 ⁸
964 419 991 470 6
1021 420 1260 493 Κύριος
1300 416 1533 472 ἔδωκεν
1566 438 1580 455 ο
1619 422 1695 481 ὡς
1724 418 1829 471 αὐ-

1959 420 2101 477 "erre
2114 421 2260 493 quid
2274 436 2611 493 possumus.
2632 421 2918 478 Dominus
2943 422 3103 478 dedit
3126 440 3143 489 ;
3172 424 3324 480 sicut
3351 424 3477 497 ipse
3494 442 3595 483 vo-

243 517 336 574 τὸς
378 510 701 576 ἠθέλησεν,
761 508 960 569 οὕτως
996 513 1107 561 καὶ
1147 505 1398 580 ίγένετο
1432 523 1445 539 ⁸
1474 508 1827 581 εὐλογητὸς

246 604 469 673 Κύριος
496 599 597 652 ἐπὶ
623 617 824 651 πασιν
858 598 961 669 (a).

306 694 392 747 19.
452 689 763 760 Ἠρώτησάν
818 705 950 748 τινες
1006 690 1093 737 τόν
1125 684 1287 738 ἁϐϐᾱν
1330 688 1620 759 Μακάριόν,
1661 686 1832 757 λέγον-

241 798 312 839 τες
342 796 353 807 ·
401 786 506 838 πῶς
559 776 824 850 ὀφείλομεν
878 777 1278 849 προσεύχεσθαι
1332 792 1345 842 ;
1396 776 1528 848 λέγει
1588 776 1763 836 αὐτοῖς
1806 777 1831 827 6

231 871 386 942 γέρων
416 888 430 902 ·
465 869 562 921 ούκ
618 869 734 919 ἐστι
780 869 940 940 χρεία
988 863 1343 938 βαττολογεῖν,
1386 863 1493 916 ἀλλ’
1524 864 1760 918 ἐκτείνειν
1790 870 1831 904 ³³

228 960 317 1019 τὰς
354 965 567 1030 χεῖρας,
617 961 706 1008 xui
755 955 919 1027 λέγειν
962 973 975 986 ·
1034 957 1200 1029 κύριε,
1236 956 1303 1015 ὡς
1350 954 1504 1014 θέλεις
1545 959 1634 1007 καὶ
1672 957 1736 1015 ὡς
1762 951 1835 1006 οἶ-

234 1043 329 1107 δας
380 1045 592 1105 ίλέησον
621 1048 663 1080 ³³
696 1062 710 1078 ⁸
765 1046 849 1096 ἐὰν
895 1040 954 1096 δὲ
1006 1042 1263 1095 ἐπίκειται
1318 1042 1540 1115 πόλεμος
1591 1061 1603 1076 ⁸

244 1134 497 1208 βοήθει²⁴
529 1148 544 1165 ⁸
572 1139 665 1186 καὶ
710 1133 865 1195 αὐτὸς
925 1128 1039 1185 οἶδε
1079 1134 1144 1185 τὰ
1189 1136 1536 1205 συμφέροντα,
1578 1138 1838 1185 καὶποιεί

241 1224 350 1297 μεθ’
376 1226 522 1297 ἡμῶν
552 1224 684 1284 ἕλεος

1664 1046 1829 1116 κύριε,

313 1405 407 1459 20.
473 1398 622 1455 Εἶπεν
652 1401 677 1451 6
735 1398 901 1459 ἀϐϐᾶς
944 1400 1213 1473 Μακάριος
1244 1415 1257 1429 ⁸
1313 1398 1358 1450 εἰ
1404 1401 1611 1469 γέγονεν
1671 1397 1719 1449 ἐν
1752 1403 1837 1451 σοὶ

237 1493 268 1548 ἡ
302 1487 643 1553 ἒξουδένωσις
676 1492 740 1551 ὡς
769 1491 795 1541 6
834 1491 1059 1553 ἔπαινος,
1114 1492 1204 1540 καὶ
1242 1490 1271 1545 ἠ
1306 1492 1458 1539 πενία
1486 1489 1555 1549 ὡς
1604 1488 1629 1538 6
1678 1487 1840 1540 πλού-

232 1599 336 1645 τος,
379 1584 473 1631 xui
512 1580 542 1637 ἠ
588 1575 757 1631 ἔνδεια
799 1581 860 1638 ὡς
904 1579 933 1636 ἠ
983 1574 1252 1648 δαψίλεια,
1301 1576 1395 1629 ούκ
1434 1574 1781 1638 ἀποθνήσκεις
1816 1592 1831 1608 ⁸

245 1667 527 1741 ἀμήχανον
555 1671 655 1740 γάρ
688 1669 798 1720 ἐστι
844 1670 929 1719 τὸν
958 1666 1128 1727 καλῶς
1165 1668 1499 1731 πιστεύοντα,
1752 1670 1841 1719 καὶ

1941 508 2067 576 luit,
2093 510 2180 567 ita
2196 514 2249 567 et
2261 512 2492 581 factum
2507 519 2609 569 est.
2640 512 2988 569 Benedictus
3011 513 3292 570 Dominus
3317 515 3381 571 in
3402 516 3593 573 omni-

1944 599 2069 655 bus.

2017 692 2099 743 19.
2136 692 2915 763 lnterrogaveruntquidam
2948 694 3268 750 Macarium
3303 694 3590 751 abbatem

1941 775 2206 833 dicentes
2236 796 2246 834 :
2272 780 2889 845 Quomododebemus
2917 799 3086 838 orare
3115 784 3143 839 ‘I
3174 784 3498 857 Respondit
3518 784 3591 840 iis

1943 881 2123 921 senex
2155 885 2167 922 :
2201 871 2325 923 Non
2365 884 2518 939 opus
2558 874 2645 924 est
2693 870 2857 942 loqui
2911 872 3184 936 multum,
3228 873 3333 928 sed
3390 879 3597 929 exten-

1944 955 2561 1013 dendaesuntmanus
2588 959 2977 1017 etdicendum
3008 962 3307 1028 :Domine,
3338 962 3595 1018 sicutvis

1945 1051 2001 1100 et
2024 1044 2177 1100 sicut
2204 1046 2379 1111 nosti,
2416 1048 2714 1102 miserere.
2758 1049 2813 1104 Si
2844 1055 3043 1106 autem
3084 1051 3371 1119 ingruerit
3409 1054 3596 1107 tenta-

1946 1133 2125 1189 tionis
2158 1133 2555 1206 impugnatio,
2597 1136 2731 1191 dic:
2764 1139 3030 1203 Domine,
3060 1138 3296 1211 adjuva.
3325 1139 3461 1211 Ipse
3494 1154 3597 1196 au-

1947 1227 2067 1278 tem
2098 1222 2225 1283 scit.
2259 1238 2414 1294 quae
2445 1226 2786 1296 expediant,
2824 1233 2880 1283 et
2905 1226 3044 1283 facit
3072 1227 3388 1284 nobiscum
3420 1228 3601 1285 mise-

1948 1312 2288 1368 ricordiam.

2021 1405 2105 1455 20.
2153 1401 2299 1457 Dixit
2331 1403 2615 1459 Macarius
2657 1404 2849 1461 abbas
2891 1421 2902 1459 :
2940 1406 2995 1462 Si
3032 1406 3198 1477 apud
3230 1410 3283 1462 te
3313 1407 3601 1463 exstiterit

1950 1497 2326 1560 contemptus
2355 1491 2689 1559 velutlaus,
2726 1501 3050 1565 paupertas
3102 1503 3393 1567 tanquam
3448 1495 3600 1551 divi-

1953 1580 2993 1651 tiae,indigentiasicutabundantia,
3009 1600 3130 1640 non
3148 1586 3435 1641 morieris.
3456 1585 3603 1641 Fieri

1952 1670 2111 1723 enim
2144 1684 2262 1723 non
2293 1676 2501 1739 potest,
2538 1676 2616 1736 ut,
2637 1670 2743 1741 qui
2776 1679 2928 1727 recte
2971 1672 3175 1738 credit,
3210 1681 3264 1728 et
3288 1674 3349 1728 in
3381 1675 3600 1746 pietate

242 1766 291 1809 iv
368 1754 605 1828 εὐσεϐείᾳ
673 1754 1031 1830 ἐργαζόμενον,
1090 1757 1329 1827 ἐμπεσεῖν
1384 1754 1455 1816 εἰς
1514 1753 1842 1827 ἀκαθαρσίαν

1959 1765 2252 1828 operatur,
2283 1758 2505 1813 incidat
2535 1759 2594 1814 in
2614 1760 2888 1815 vitiorum
2912 1762 3117 1817 sordes
3134 1777 3204 1817 ac
3232 1762 3602 1819 daemonum

232 1848 420 1899 παθῶν
452 1850 542 1897 καὶ
585 1842 842 1918 δαιμόνων
865 1845 1061 1903 πλάνην

300 1936 393 1989 21.
446 1932 676 2007 Ἔλεγον,
724 1935 805 1986 ὃτι
855 1935 1158 2007 ἐσφάλησαν
1207 1929 1305 1986 δύο
1344 1929 1557 2005 ἀδελφοὶ
1594 1931 1691 2004 [εἰς
1720 1932 1762 1976 ³⁸
1792 1934 1843 2000 ³³⁵]

229 2032 417 2084 Σκῆτιν
458 2040 471 2054 ⁸
541 2030 632 2077 xui
675 2027 933 2099 ἑχώρισεν
990 2024 1199 2087 αὐτοὺς,
1234 2024 1261 2074 6
1309 2021 1475 2084 ἀϐϐᾱς
1520 2023 1841 2094 Μακάριοςὸ

226 2114 495 2177 πολιτικός
527 2131 541 2145 ⁸
593 2119 683 2166 xui
728 2110 883 2171 ἦλθον
929 2132 1082 2177 τινες,
1133 2118 1221 2165 καὶ
1262 2108 1403 2165 εἶπον
1449 2120 1518 2183 τῷ
1561 2110 1698 2164 ἁϐϐᾶ
1727 2117 1844 2164 Μα-

220 2209 387 2277 καρίῳ
408 2212 483 2275 τῷ
509 2204 720 2276 μεγάλῳ
764 2211 838 2273 τῷ
858 2203 1150 2274 Αἰγυπτίῳ⁸
1173 2201 1232 2254 Ὀ
1259 2198 1318 2254 δε
1354 2198 1490 2254 εἶπεν
1521 2218 1533 2231 ⁸
1562 2201 1675 2256 Ούκ
1712 2201 1840 2254 εἰσὶν

225 2294 273 2346 oi
310 2291 536 2366 ἀδελφοὶ
583 2296 988 2367 κεχωρισμένοι,
1045 2291 1173 2343 ἀλλὰ
1217 2292 1493 2364 Μακάριός
1523 2289 1636 2343 ἐστι
1672 2309 1842 2362 κεχω-

222 2386 467 2458 ρισμένος
506 2404 519 2416 ·
569 2382 631 2441 ἦν
674 2386 775 2455 γὰρ
824 2380 1039 2452 ἀγαπῶν
1094 2381 1287 2433 αὐτόν·
1321 2384 1544 2439 ἤκουσεν
1589 2382 1614 2431 6
1682 2378 1841 2440 ἀϐϐᾱς

222 2475 520 2546 Μακάριος,
572 2472 655 2523 ὅτι
685 2470 958 2544 ἐχωρίσθη
1008 2470 1108 2521 ύπὸ
1158 2478 1248 2521 τού
1295 2474 1553 2542 γέροντος,
1587 2474 1677 2520 xui
1725 2470 1842 2539 ἔφυ-

221 2580 307 2632 γεν
359 2561 434 2623 εἰς
463 2564 524 2614 τὸ
576 2559 709 2620 ἔλος”
757 2557 963 2622 ἐξῆλθεν
993 2555 1080 2610 οὖν
1120 2559 1145 2610 6
1200 2557 1358 2618 ἀϐϐᾶς
1402 2559 1671 2632 Μακάριος
1697 2559 1722 2608 6
1748 2560 1840 2627 μέ-

222 2671 322 2722 γας
354 2666 368 2679 ⁸
409 2655 503 2702 καὶ
540 2650 774 2724 εὑρίσκει
822 2648 978 2699 αύτόν
1016 2654 1426 2721 τιτρωσκόμενον
1464 2649 1564 2700 ὑπό
1604 2655 1703 2699 τῶν
1742 2665 1839 2698 κω·

224 2745 407 2792 νὼπων
458 2754 473 2767 ⁸
510 2742 608 2790 xui
646 2737 779 2809 λέγει
821 2736 985 2807 αὐτῷ’
1030 2740 1096 2789 σὺ
1125 2740 1394 2808 ἑχώρισας
1418 2741 1532 2797 τοὺς
1566 2733 1836 2808 ἀδελφούς,

224 2834 316 2881 καὶ
365 2825 485 2881 ἰδοὺ
537 2823 685 2899 εἶχον
717 2825 1063 2899 ἀναχωρῆσαι
1102 2826 1171 2887 εἰς
1196 2830 1289 2883 τήν
1327 2832 1533 2897 κώμην·
1564 2824 1664 2896 ἐγὼ
1696 2822 1755 2877 δέ
1784 2842 1841 2876 σε

228 2917 495 2990 ἐχώρισα,
551 2921 644 2969 καὶ
698 2919 764 2967 σύ
804 2910 874 2976 ὧς
912 2914 1040 2973 καλὴ
1067 2916 1318 2989 παρθένος
1371 2914 1438 2975 εἰς
1475 2918 1562 2967 τὸν
1591 2916 1839 2988 ἐσώτερον

235 3014 467 3058 κοιτῶνα
525 3008 709 3078 ἔφυγες
756 3001 861 3057 ὦδε
908 3018 921 3030 ⁸
961 3002 1061 3075 ἐγὼ
1116 3004 1340 3066 καλέσας
1388 3007 1506 3064 τούς
1569 3000 1839 3075 ἀδελφοὺς,

238 3092 428 3165 ἔμαθον
458 3094 587 3162 παρ’
617 3093 783 3145 αὐτῶν
822 3097 914 3145 καὶ
961 3088 1100 3145 εἶπον
1143 3108 1156 3120 ⁸
1190 3090 1342 3146 οὐδὲν
1384 3096 1578 3145 τούτων
1607 3096 1787 3164 γέγονε
1820 3106 1831 3118 ·
1877 3130 1917 3186 C

241 3180 399 3256 βλέπε
438 3183 529 3235 οὗν
556 3187 643 3235 καὶ
682 3185 768 3248 σύ,
812 3178 1018 3254 ἀδελφέ,
1062 3186 1133 3253 μὴ
1182 3180 1282 3234 ἀπὸ
1328 3177 1588 3253 δαιμόνων
1619 3180 1842 3252 ἐχλευά-

245 3274 398 3341 σθης,
427 3268 581 3324 ούδεν
609 3274 709 3344 γὰρ
737 3274 968 3346 ἑώρακας
999 3287 1012 3299 ⁸
1274 3269 1399 3322 ἀλλὰ
1422 3269 1549 3341 βάλε
1573 3272 1843 3342 μετάνοιαν

248 3359 378 3433 ὑπερ
421 3368 515 3412 τοῦ
565 3361 857 3433 σφάλματός
907 3380 1026 3417 σου.
1078 3362 1103 3411 6
1136 3358 1195 3412 δὲ
1239 3358 1373 3412 εἶπεν
1423 3374 1436 3387 ⁸
1476 3359 1519 3412 εἰ
1559 3360 1717 3421 θέλεις
1758 3357 1844 3419 δός

250 3467 343 3520 μοι
400 3450 670 3519 μετάνοιαν
699 3465 713 3478 ⁸
751 3448 875 3503 ἰδὼν
903 3446 962 3503 δε
1001 3451 1027 3501 6
1079 3453 1241 3524 γέρων
1286 3454 1380 3506 τὴν
1411 3454 1718 3501 ταπείνωσιν
1749 3448 1846 3500 αύ-

248 3544 365 3604 τοῦ,
408 3537 576 3608 ἔλεγεν
616 3552 629 3564 ⁸
680 3539 861 3611 ὕπαγε,
895 3544 986 3592 καὶ
1029 3542 1315 3597 νήστευσον
1344 3546 1482 3611 τρεῖς
1520 3534 1842 3609 ἑϐδομάδας,

242 3630 385 3681 κατά
417 3623 697 3700 ἑϐδομάδα
734 3630 919 3682 ἐσθίων
970 3644 983 3657 ⁸
1022 3628 1152 3686 αὕτη
1184 3631 1284 3702 γὰρ
1312 3623 1374 3686 ἧν
1420 3629 1450 3685 ἡ
1485 3627 1709 3703 ἐργασία
1756 3626 1848 3679 αύ-

235 3726 331 3772 τοῦ
360 3719 602 3785 πάντοτε,
631 3720 721 3781 τὰς
742 3715 1045 3791 ἑϐδομάδας
1074 3719 1365 3776 νηστεύειν.

311 3812 407 3866 22.
447 3805 602 3863 Εἶπεν
633 3809 659 3861 6
692 3807 852 3868 ἀϐϐᾶς
905 3814 1138 3868 Μωύσῆς
1184 3815 1255 3877 τῷ
1292 3805 1428 3878 ἁϐϐᾁ
1483 3807 1737 3880 Μακαρίῳ
1781 3804 1848 3867 εἰς

238 3905 431 3958 Σκῆτιν
468 3912 483 3926 ⁸
528 3897 654 3950 θέλω
683 3899 987 3969 ἡσυχάσαι,
1032 3901 1122 3948 καὶ
1152 3896 1247 3949 ούκ
1280 3895 1492 3969 ἀφιοῦσί
1520 3915 1583 3968 με
1612 3899 1661 3949 οἱ
1700 3892 1848 3948 ἀδελ-

236 3992 323 4060 φοί
351 4009 365 4022 ·
399 3992 495 4040 καὶ
543 3987 678 4058 λέγει
720 3987 862 4057 αύτῷ
897 3987 923 4039 6
972 3984 1136 4049 ἁϐϐᾶς
1183 3988 1450 4058 Μακάριος
1482 4004 1495 4017 ⁸
1546 3988 1741 4059 θεωρῶ,
1769 3986 1849 4037 ὅτι

234 4079 265 4136 ἠ
296 4079 459 4149 φύσις
510 4094 608 4128 σου
658 4074 828 4133 ἀπαλή
871 4078 1002 4142 ἑστι,
1035 4080 1123 4128 xui
1168 4075 1226 4127 ού
1258 4072 1486 4128 δύνασαι
1517 4073 1847 4147 ἀποστρέψαι

234 4163 459 4239 ἀδελφόν
501 4180 515 4192 ⁸
577 4163 685 4216 ἀλλ’
738 4162 823 4216 ἐὰν
881 4164 1025 4237 θέλῃς
1081 4165 1383 4229 ἡσυχάσαι,
1443 4164 1584 4235 ὗπαγ
1635 4163 1708 4225 εἰς
1752 4168 1846 4222 τὴν

232 4258 426 4329 ἔρημον
488 4256 595 4307 ἔσω
639 4252 711 4316 εἰς
762 4257 1121 4329 τὴνπέτραν,
1181 4253 1332 4307 κάκεῖ
1377 4255 1674 4326 ἠσυχάζεις
1702 4272 1713 4284 ·
1757 4259 1845 4307 xui

228 4352 384 4399 τοῦτο
410 4345 637 4401 ἐποίησε
665 4348 755 4396 καὶ
788 4342 1013 4402 ἀνεπάη.

301 4435 391 4490 23.
456 4429 715 4505 Ἀδελφὸς
775 4432 1033 4507 παρέϐαλε
1110 4441 1182 4505 τῷ
1247 4431 1385 4504 ἀϐϐᾇ
1438 4438 1694 4506 Μακαρίῳ
1770 4441 1842 4505 τῷ

230 4524 546 4596 Αἰγυπτίῳ,
598 4528 687 4576 xui
751 4522 885 4595 λέγει
939 4519 1079 4594 αύτῷ
1126 4536 1140 4549 ⁸

230 4623 337 4675 πῶς
393 4615 555 4667 σωθῶ
596 4628 608 4640 ⁸
646 4617 736 4666 καὶ
772 4612 908 4685 λέγει
961 4614 987 4666 6
1041 4616 1203 4686 γέρων
1236 4633 1250 4647 ·
1300 4615 1467 4683 ὕπαγε
1497 4614 1570 4675 εἰς
1606 4616 1665 4666 τό
1706 4634 1841 4686 μνη-

234 4710 398 4775 μεῖον,
465 4706 563 4755 καὶ
622 4701 836 4774 ὖϐρισον
892 4706 1010 4763 κούς
1068 4705 1276 4776 νεκροὺς
1324 4717 1339 4733 ⁸
1388 4700 1618 4755 ἀπελθὼν
1676 4698 1763 4756 οὖν
1814 4705 1841 4755 6

230 4788 460 4866 ἀδελφὸς
514 4789 703 4865 ὖκρισε
758 4791 849 4844 καὶ
900 4790 1149 4844 ἑλίθασεο
1193 4796 1284 4844 xui
1349 4789 1505 4843 ἐλθὼν
1560 4789 1843 4864 ἀπήγγειλε

227 4888 301 4954 τῷ
353 4883 596 4956 γέροντι·
652 4883 741 4932 καὶ
780 4878 922 4951 λέγει
971 4879 1112 4933 αὐτὼ
1147 4893 1161 4907 ⁸
1218 4875 1371 4933 οὐδέν
1404 4898 1488 4933 σοι
1528 4879 1783 4940 ἐλάλησαν
1822 4900 1835 4952 ;

1953 1861 2238 1902 errorem.

2024 1940 2110 1991 2t.
2166 1935 2468 1991 Proditqu
2526 1942 2612 1992 est
2670 1937 2823 1993 duos
2879 1937 3086 1994 fratres
3136 1940 3195 1994 in
3257 1941 3404 2017 sceti
3461 1940 3605 1996 deli-

1953 2025 2173 2096 quisse.
2205 2026 2364 2090 Quos
2385 2041 2574 2097 quum
2607 2026 2896 2081 Macarius
2927 2026 3271 2090 πολιτικός
3299 2028 3490 2084 abbas
3510 2044 3606 2084 se-

1954 2121 2279 2182 gregasset,
2300 2114 2568 2169 nonnulli
2588 2116 2907 2171 Macarium
2927 2131 3217 2186 magnum
3242 2118 3602 2189 Aegyptium

1953 2202 2222 2259 abbatem
2240 2204 2527 2258 adeuntes
2543 2205 2654 2260 hoc
2669 2220 2702 2258 ι]
2714 2204 3027 2260 untiarunt.
3050 2208 3098 2258 ls
3111 2212 3310 2261 autem
3328 2222 3339 2260 :
3358 2209 3502 2271 Non,
3518 2206 3607 2261 in-

1952 2291 2101 2363 quit,
2132 2292 2339 2347 fratres
2353 2298 2489 2347 sunt
2511 2294 2944 2363 segr:gat1,sed
2969 2294 3258 2350 Macarius
3278 2313 3292 2363 ;
3310 2310 3449 2351 nam
3474 2295 3604 2351 dili-

1951 2382 2127 2452 gebat
2158 2397 2316 2436 eum.
2348 2383 2632 2437 Macarius
2648 2390 2843 2437 autem
2861 2382 3072 2448 abbas,
3100 2399 3288 2439 asene
3321 2400 3384 2439 se
3411 2399 3604 2455 segre-

1952 2478 2159 2539 gatum
2189 2485 2320 2525 esse
2347 2471 2620 2537 audiens,
2656 2471 2892 2540 fugitad
2923 2472 3239 2543 paludem;
3269 2476 3449 2544 atque
3482 2472 3605 2528 ille-

1950 2562 2165 2630 reperit
2189 2575 2325 2614 eum
2353 2575 2389 2614 a
2413 2559 2705 2615 culicibus
2757 2560 3146 2630 perforatum.
3196 2561 3301 2617 Cui
3332 2577 3342 2615 :
3372 2564 3476 2630 Tu,
3516 2562 3604 2617 in-

1951 2650 2097 2720 quit,
2128 2650 2450 2717 segregasti
2493 2648 2723 2713 fratres,
2756 2648 2936 2720 iique,
2982 2664 3137 2719 ecce,
3181 2650 3456 2704 secedere
3496 2665 3607 2720 po-

1954 2742 2144 2791 terant
2182 2737 2240 2791 in
2265 2736 2485 2791 vicum.
2522 2738 2640 2806 Ego
2668 2753 2803 2791 vero
2836 2744 2886 2791 te
2923 2738 3255 2806 segregavi,
3288 2744 3473 2809 tuque
3506 2753 3598 2793 ve-

1950 2825 2035 2880 lut
2063 2826 2564 2896 pulchravirgoin
2591 2826 2833 2880 interius
2857 2825 3200 2881 cubiculum
3230 2826 3349 2881 huc
3377 2826 3602 2897 fugisti.

1952 2920 2021 2969 At
2060 2929 2171 2983 ego
2214 2916 2437 2970 vocatis
2488 2914 2764 2969 fratribus
2805 2914 3011 2979 didici,
3058 2914 3198 2970 nihil
3251 2915 3469 2973 borum
3513 2913 3602 2972 fa-

1954 3008 2115 3058 ctum
2159 3018 2311 3058 esse.
2343 3004 2616 3074 Prospice
2652 3004 2829 3070 igitur
2849 3010 2905 3058 et
2936 3008 3016 3071 tu,
3050 3002 3249 3072 frater,
3279 3019 3351 3059 ne
3393 3020 3429 3061 a
3467 3004 3605 3059 dae-

1954 3093 2235 3148 monibus
2279 3092 2488 3148 illusus
2539 3091 2721 3147 fueris
2755 3110 2768 3157 ;
2802 3108 2943 3147 nam
3001 3091 3151 3147 nihil
3198 3091 3397 3147 vidisti
3438 3110 3453 3159 ;
3497 3090 3605 3148 sed

1953 3182 2375 3252 paenitentiam
2403 3196 2514 3251 age
2551 3197 2658 3251 pro
2696 3180 2910 3236 delicto
2951 3187 3073 3236 tuo.
3122 3180 3216 3236 Ille
3255 3179 3602 3252 respondit:

1954 3271 2010 3327 Si
2059 3272 2166 3336 vis,
2195 3270 2275 3325 da
2320 3271 2462 3325 mihi
2518 3270 2966 3343 paenitentiam.
3001 3269 3215 3323 Videns
3267 3269 3448 3339 igitur
3498 3284 3598 3324 se-

1954 3377 2065 3416 nex
2094 3360 2483 3416 humilitatem
2517 3360 2648 3429 ejus
2684 3375 2697 3414 :
2733 3359 2907 3423 Vade,
2945 3360 3150 3429 inquit,
3176 3358 3388 3430 jejuna
3416 3359 3603 3414 tribus

1952 3448 2563 3511 hebdomadis,semel
2579 3449 2827 3519 singulis
2846 3448 3238 3504 hebdomadis
3251 3448 3603 3505 comedens.

1954 3542 2107 3595 Haec
2146 3540 2306 3595 enim
2328 3546 2452 3595 erat
2474 3539 2814 3595 exercitatio
2843 3538 2972 3609 ejus
2997 3545 3307 3611 perpetua,
3331 3554 3437 3610 per
3460 3538 3605 3595 beb-

1954 3628 2252 3685 domadas
2288 3629 2582 3700 jejunare.

2025 3814 2115 3866 22.
2163 3812 2392 3881 Moyses
2443 3808 2634 3866 abbas
2692 3807 2947 3864 Macario
3006 3807 3210 3864 abbati
3261 3807 3323 3863 in
3376 3807 3527 3864 Sceti
3584 3824 3602 3865 :

1959 3899 2120 3968 Volo,
2153 3900 2365 3971 inquit,
2414 3915 2554 3954 cum
2592 3899 2790 3970 quiete
2834 3913 2905 3953 ac
2962 3897 3196 3953 silentio
3245 3897 3459 3965 vivere,
3495 3912 3606 3954 nec

1957 3988 2161 4044 sinunt
2210 4004 2305 4043 me
2357 3986 2584 4043 fratres.
2620 3987 2722 4042 Cui
2774 3986 3062 4042 Macarius
3123 3986 3313 4042 abbas
3352 4001 3605 4057 respon-

1955 4078 2040 4132 dit
2080 4099 2092 4131 :
2141 4077 2320 4132 Video
2364 4081 2417 4131 te
2460 4074 2678 4130 indolis
2728 4074 3014 4130 mollioris
3068 4089 3215 4139 esse,
3263 4089 3374 4129 nec
3420 4088 3600 4145 posse

1954 4165 2196 4221 fratrem
2221 4170 2333 4220 ate
2362 4169 2624 4220 avertere
2649 4178 2663 4230 ;
2696 4163 2803 4217 sed
2828 4162 2875 4217 si
2891 4162 3201 4220 desideras
3225 4162 3493 4234 quietam
3523 4162 3607 4217 vi-

1954 4259 2099 4320 tam,
2133 4253 2509 4326 proﬁciscere
2535 4251 2612 4308 ad
2644 4267 2912 4307 eremum
2930 4251 3155 4307 introin
3172 4256 3421 4322 petram,
3446 4250 3600 4308 etibi

1953 4346 2149 4418 quiete
2176 4344 2380 4413 deges.
2416 4343 2569 4399 Fecit
2595 4341 2773 4411 igitur
2802 4341 2915 4396 hoc
2935 4346 2992 4397 et
3020 4341 3389 4413 conquievit.

2024 4438 2113 4490 ‘23.
2149 4435 2343 4488 Frater
2371 4430 2643 4487 convenit
2673 4430 2990 4487 Macarium
3018 4431 3377 4500 Aegyptium
3408 4429 3600 4487 abba-

1205 4492 1374 4588 assa,
1418 4524 1526 4576 εἰπέ
1572 4492 1674 4595 μοι.
1698 4492 1842 4599 ῥῆμα

1959 4528 2094 4589 tem,
2140 4523 2234 4577 cui
2283 4538 2303 4578 ε-
2332 4520 2520 4586 Abba,
2551 4519 2765 4591 inquit,
2791 4519 2888 4575 dic
2941 4492 3422 4584 mihiﬂverbum,
3454 4534 3604 4590 quo-

1954 4613 2136 4669 modo
2165 4610 2377 4666 salver.
2411 4609 2502 4665 Ait
2531 4624 2713 4665 senex
2743 4626 2756 4668 :
2803 4608 2962 4663 Vade
3001 4608 3063 4663 in
3089 4606 3500 4679 sepulchrum,
3544 4610 3602 4664 et

1952 4700 2284 4758 maledictis
2328 4704 2595 4755 mortuos
2647 4696 2885 4768 impete.
2928 4697 3147 4753 Abiens
3195 4696 3374 4766 igitur
3420 4694 3599 4753 frater

1950 4807 2052 4848 eos
2094 4788 2373 4846 conviciis
2430 4793 2486 4844 et
2535 4786 2837 4859 lapidibus
2884 4784 3154 4858 appetiit,
3194 4800 3595 4858 reversusque

1949 4878 2328 4938 annuntiavit
2344 4876 2490 4932 seni.
2524 4874 2727 4942 Quiab
2752 4890 2823 4932 eo
2837 4876 3066 4946 quaerit
3094 4890 3107 4931 :
3140 4874 3369 4931 Nihilne
3396 4873 3609 4932 tibilo-

1584 5007 1841 5063 VARlAE
1872 5004 2268 5064 LECTIONES.

306 5143 350 5181 ¹¹
381 5138 583 5202 δῆλον
611 5172 679 5182 -
721 5136 1056 5213 δυνάμεθα
1079 5156 1203 5213 om.
1234 5141 1339 5213 al.
1388 5144 1436 5178 ”
1467 5141 1553 5199 Al.
1589 5142 1753 5200 inser
1782 5142 1991 5198 πυκνά
2016 5160 2029 5174 ⁸
2089 5143 2147 5198 L.
2170 5137 2450 5197 Dorothei
2479 5135 2665 5209 Epist.
2704 5136 2749 5191 Ι.
2826 5136 2873 5173 ³³
2932 5136 3017 5193 ΑΙ.
3052 5135 3192 5194 add.
3226 5156 3301 5209 με
3384 5137 3433 5173 ³⁸
3486 5135 3584 5195 Al.

236 5214 379 5273 add.
404 5233 484 5289 μό
503 5233 520 5267 ι
551 5230 566 5246 ·
644 5213 692 5249 ³⁸
722 5214 738 5231 ·
764 5211 837 5276 εἰς
866 5211 990 5271 6m.
1023 5212 1198 5281 Edd.,
1227 5212 1436 5272 addidi
1465 5229 1538 5271 ex
1567 5214 1730 5273 coni.

1805 5345 2058 5403 NOTAE.

264 5470 465 5554 ..<a>..I_.
498 5470 780 5554 τίωολη,
801 5470 1097 5554 1199;}:
1119 5473 1208 5554 εις
1230 5469 1325 5554 ,ρει
1342 5469 1842 5554 .VV;..PP:..sosw-

239 5540 343 5599 lib}
372 5540 452 5598 ἸΙΙ
488 5558 622 5616 cap.
650 5542 721 5598 ‘13
751 5559 766 5611 ;
799 5542 905 5599 lib.
927 5543 974 5598 V
1000 5540 1188 5598 libell.
1225 5546 1307 5609 l6,
1338 5543 1373 5596 6
1402 5563 1413 5609 ;
1445 5541 1548 5598 lib.
1581 5542 1679 5596 VII
1710 5557 1843 5615 cap.

244 5616 390 5759 3’
423 5684 511 5743 Cf.
544 5684 656 5743 νγ.
683 5686 792 5744 PP.
817 5688 1014 5744 Rosw.
1045 5665 1152 5742 lib.
1181 5687 1276 5752 III,
1302 5666 1440 5759 cap.
1469 5688 1573 5742 207
1598 5682 1704 5741 lib.
1736 5685 1781 5739 V

1955 5465 2249 5538 libell.12,
2297 5470 2381 5523 l0.

1964 5614 1975 5620 _
2030 5539 2106 5620 (ο)
2159 5538 2371 5620 Ci.VV.
2405 5539 2751 5620 PPLHRosw.
2804 5538 2905 5595 lib.
2954 5539 3045 5594 Vl!
3093 5552 3227 5611 cap.
3261 5535 3348 5605 38,
3381 5538 3433 5592 2.
3462 5537 3603 5593 Sen-

1961 5612 2175 5668 tentiae
2199 5614 2449 5681 Aegypt.
2481 5612 2581 5665 PP.
2614 5613 2712 5670 23.
