4092 6252
591 275 689 330 251

591 489 967 562 proﬁciscere
1003 503 1153 551 cras,
1189 501 1412 557 eosque
1453 485 1736 541 laudibus
1790 484 1951 539 effer.
1989 487 2241 552 Pergens

593 579 794 651 itaque
849 576 1028 631 frater
1071 574 1436 630 collaudavit
1488 591 1606 638 eos,
1651 590 1919 628 vocans:
1957 571 2239 644 Apostoli,

593 667 804 732 sancti,
842 666 1003 736 justi.
1031 667 1176 720 Tum
1207 664 1348 718 adiit
1380 679 1582 719 senem
1610 663 1876 733 dixitque
1909 679 1921 717 :
1958 662 2238 717 Laudavi.

595 758 703 822 Qui
736 773 747 809 :
783 755 1031 819 Nihilne,
1075 754 1284 825 inquit,
1325 752 1425 807 tibi
1466 752 1961 823 responderunt?
1989 754 2185 806 Frater
2225 766 2237 804 :

590 845 762 901 Nihil.
805 847 962 899 Tunc
1004 858 1184 897 senex
1227 842 1354 896 inﬁt
1387 858 1399 895 :
1431 844 1608 905 Nosti,
1651 840 1892 912 quantis
1950 856 2051 895 eos
2098 855 2240 894 con-

590 933 849 989 tumeliis
873 931 1299 1000 aﬂ'eceris,lnec
1314 931 1642 1001 quidquam
1658 929 2095 1000 responderunt
2109 927 2240 992 tibi;

590 1027 645 1078 et
671 1023 914 1094 quantis
935 1021 1179 1076 eosdem
1205 1019 1485 1075 laudibus
1513 1020 1842 1078 ornaveris,
1872 1018 2140 1089 nihilque
2166 1017 2243 1071 ad

585 1115 640 1167 te
676 1110 966 1183 prolocuti
1004 1114 1158 1164 sunt.
1193 1110 1276 1164 Ita
1302 1113 1358 1163 et
1396 1113 1479 1174 tu,
1513 1109 1558 1162 si
1600 1107 1820 1162 salvari
1863 1107 2055 1178 cupis,
2090 1121 2242 1161 mor-

585 1204 722 1256 tuus
768 1199 899 1262 ﬁas,
932 1215 1040 1253 nec
1073 1198 1317 1268 injurias
1360 1197 1697 1261 hominum,
1747 1211 1853 1250 nec
1901 1194 2111 1250 laudes
2141 1209 2243 1250 eo-

583 1305 719 1344 rum
747 1287 988 1356 cogites,
1027 1288 1211 1342 instar
1243 1291 1614 1340 mortuorum
1648 1302 1660 1339 :
1698 1285 1781 1339 sic
1820 1285 1980 1339 enim
2025 1284 2242 1355 poteris

589 1378 793 1433 salvus
826 1377 970 1432 fieri.

656 1470 743 1521 24.
782 1465 1160 1520 Proficiscens
1193 1463 1520 1535 aliquando
1555 1465 1842 1518 Macarius
1883 1462 2074 1518 abbas
2104 1478 2238 1517 cum

585 1555 866 1611 fratribus
892 1569 995 1624 per
1018 1559 1350 1624 Aegyptum
1369 1569 1620 1623 puerum
1650 1553 1878 1608 audivit
1897 1553 2067 1606 matri
2096 1568 2239 1606 suae

583 1645 665 1699 ita
693 1644 1039 1715 loquentem
1075 1659 1086 1694 :
1120 1645 1314 1704 Mater,
1347 1642 1516 1695 dives
1551 1642 1798 1712 quidam
1823 1641 2014 1710 diligit
2037 1656 2150 1699 me.
2183 1645 2241 1695 et

584 1732 683 1789 odi
712 1748 890 1798 eum;
920 1746 1149 1802 pauper
1180 1746 1320 1784 vero
1344 1730 1471 1785 odit
1494 1747 1606 1795 me,
1641 1731 1899 1798 etdiligo
1921 1746 2078 1784 eum.
2110 1731 2234 1794 Quo

2352 1738 2494 1801 μισῶ
2523 1729 2678 1780 αὐτόν
2719 1743 2730 1754 ·

586 1821 789 1877 audito
805 1835 1077 1876 sermone
1099 1820 1383 1874 Macarius
1403 1820 1593 1873 abbas
1611 1819 1942 1874 admiratus
1961 1824 2070 1873 est.
2095 1821 2244 1874 Tum

580 1916 792 1978 fratres
821 1927 832 1963 :
868 1909 1041 1975 Quid,
1073 1908 1371 1979 inquiunt,
1407 1909 1519 1962 hoc
1535 1909 1825 1975 verbiest,
1859 1914 2044 1978 pater,
2078 1908 2243 1979 quod

580 1999 896 2055 admireris
917 1997 944 2051 i’
978 2000 1167 2053 Senex
1193 1995 1499 2068 respondit
1532 2016 1543 2055 :
1581 2000 1805 2052 Revera
1837 1998 2123 2052 Dominus
2141 2012 2244 2052 no-

581 2094 700 2143 ster
724 2087 887 2142 dives
918 2091 1024 2150 est,
1062 2091 1118 2140 et
1146 2085 1338 2154 diligit
1364 2101 1496 2150 nos,
1538 2085 1654 2154 ipsi
1705 2093 1905 2140 autem
1956 2084 2240 2140 nolumus

581 2177 634 2232 ei
664 2176 1080 2246 obtemperare
1117 2191 1129 2241 ;
1166 2174 1446 2229 inimicus
1477 2181 1684 2229 contra
1730 2181 1928 2228 noster
1965 2173 2242 2228 diabolus

582 2280 812 2336 pauper
843 2270 950 2325 est,
993 2264 1235 2334 oditque
1270 2279 1399 2327 nos,
1428 2269 1482 2317 et
1514 2279 1623 2317 nos
1658 2263 1960 2333 diligimus
1992 2262 2238 2333 impuri-

583 2361 761 2410 tatem
786 2358 935 2423 ejus.

650 2448 739 2498 25.
777 2447 1013 2512 Rogans
1056 2445 1310 2497 Poemen
1341 2441 1532 2496 abbas
1569 2441 1829 2496 eundem
1861 2441 2062 2496 multis
2098 2457 2235 2495 cum

578 2531 839 2587 lacrimis
884 2549 896 2585 :
930 2531 1026 2585 Dic
1079 2531 1244 2593 mihi,
1272 2530 1480 2600 inquit,
1515 2530 1823 2600 quomodo
1864 2529 2079 2586 salver.
2132 2530 2234 2584 Cui

579 2635 760 2674 senex
788 2618 1094 2688 respondit
1131 2635 1143 2672 :
1179 2619 1374 2683 Quam
1401 2619 1642 2688 quaeris
1669 2634 1815 2684 rem,
1857 2617 1976 2673 iam
1997 2619 2240 2673 recessit

587 2722 623 2763 a
661 2706 996 2762 monachis.

656 2799 744 2851 26.
777 2795 1062 2850 Macarius
1103 2794 1293 2850 abbas
1342 2794 1669 2865 aliquando
1716 2794 1862 2849 adiit
1913 2795 2236 2850 Antonium

584 2884 892 2942 abbatem.
924 2885 1194 2949 Quocum
1233 2883 1585 2948 collocutus,
1628 2900 1764 2938 eum
1803 2885 1863 2939 in
1906 2885 2119 2940 Scetim
2151 2899 2237 2940 re-

585 2977 926 3041 verteretur,
958 2973 1241 3029 fratribus
1271 2973 1514 3029 obviam
1540 2973 1909 3028 venientibus
1941 2974 2091 3029 inter
2123 2989 2235 3030 ser-

584 3063 1014 3119 mocinandum
1051 3083 1064 3118 :
1095 3063 1371 3126 Antonio,
1405 3062 1614 3133 inquit,
1651 3063 1854 3118 abbati
1912 3063 2054 3128 dixi,
2123 3079 2232 3120 nos
2277 3100 2318 3157 Ο

582 3167 705 3209 non
736 3152 956 3208 habere
981 3153 1042 3207 in
1071 3151 1203 3208 loco
1231 3157 1433 3208 nostro
1467 3151 1854 3208 oblationem.
1889 3153 2001 3208 Sed
2035 3157 2236 3223 patres

583 3242 714 3298 aliis
745 3242 819 3298 de
849 3242 1032 3298 rebus
1072 3242 1364 3297 disserere
1408 3245 1754 3312 coeperunt,
1788 3257 1898 3297 nec
1955 3242 2235 3314 quaesie-

579 3336 718 3386 runt
756 3331 1014 3402 amplius
1031 3331 1259 3386 discere
1291 3347 1645 3401 responsum
1674 3332 1854 3396 senis,
1884 3346 2080 3403 neque
2107 3333 2234 3402 ipse

580 3417 925 3488 prolocutus
969 3425 1076 3473 est.
1131 3421 1248 3473 Hoc
1301 3419 1479 3486 igitur
1527 3419 1777 3490 quidam
1829 3434 1901 3475 ex
1963 3420 2233 3490 patribus

579 3507 728 3562 dixit
759 3524 772 3561 :
806 3508 859 3563 Si
883 3506 1133 3562 viderint
1163 3513 1374 3578 patres,
1410 3523 1441 3561 e
1472 3505 1728 3562 fratrum
1762 3508 2054 3563 memoria
2083 3510 2234 3564 exci-

582 3595 742 3661 dere,
788 3601 850 3650 ut
896 3596 970 3650 de
1023 3612 1083 3650 re
1127 3597 1196 3649 iis
1251 3595 1371 3648 utili
1434 3595 1817 3665 interrogent,
1861 3596 2112 3666 adigunt
2171 3615 2230 3653 se

581 3686 766 3757 ipsos,
801 3691 861 3738 ut
887 3685 1244 3756 principium
1273 3685 1566 3738 sermonis
1601 3685 1905 3755 proferant
1947 3700 1961 3751 ;
1993 3687 2157 3758 quod
2181 3689 2228 3741 si

580 3791 769 3830 veroa
790 3774 1069 3830 fratribus
1093 3789 1210 3828 non
1232 3774 1574 3843 adigantur,
1599 3791 1934 3831 sermonem
1959 3792 2078 3832 non
2104 3793 2230 3848 per-

581 3870 932 3936 sequuntur,
961 3868 1021 3918 ut
1043 3879 1114 3917 ne
1146 3863 1671 3935 deprehendantur
1698 3863 1877 3920 locuti
1907 3881 2027 3921 non
2060 3867 2227 3922 inter-

578 3953 790 4022 rogati,
824 3951 1207 4024 videaturque
1239 3952 1481 4024 loquela
1508 3954 1699 4009 otiosa
1734 3970 1883 4010 esse.

573 4162 580 4167 ν
648 4135 735 4187 27.
771 4131 971 4188 Esaias
1023 4131 1210 4186 abbas
1256 4131 1630 4200 interrogans
1670 4133 1988 4188 Macarium
2031 4133 2229 4190 abba-

577 4227 697 4278 tem
731 4237 743 4277 :
781 4219 977 4277 Profer
1025 4220 1192 4284 mihi,
1229 4221 1443 4292 inquit,
1475 4221 1852 4276 sententiam.
1887 4222 1989 4276 Cui
2047 4238 2228 4278 senex

576 4311 884 4383 respondit
924 4326 936 4363 :
985 4310 1259 4364 Homines
1308 4309 1465 4377 fuge.
1531 4311 1736 4365 Esaias
1776 4309 1968 4365 abbas
2014 4325 2027 4362 :
2075 4311 2227 4375 Quid

575 4407 686 4465 est,
719 4400 929 4472 inquit,
956 4399 1159 4466 fugere
1191 4396 1509 4453 homines?
1542 4398 2096 4467 Responditsenex:
2135 4402 2222 4456 Se-

575 4489 716 4545 dere
745 4489 803 4544 in
827 4487 974 4543 cella
1013 4495 1112 4544 tua
1141 4492 1194 4541 et
1225 4485 1442 4541 deﬂere
1485 4491 1727 4557 peccata
1758 4492 1879 4543 tua.

647 4671 732 4722 28.
769 4665 1135 4737 Paphnutius
1171 4664 1379 4728 abbas,
1425 4663 1659 4719 Macarii
1700 4664 1934 4721 abbatis
1965 4665 2224 4739 discipu-

572 4755 687 4820 lus,
705 4756 819 4809 hoc
842 4754 1035 4809 retulit
1069 4770 1080 4806 :
1119 4753 1361 4821 Rogavi,
1393 4753 1598 4824 inquit,
1636 4760 1866 4822 patrem
1910 4772 2131 4822 meum,
2165 4764 2226 4814 ut

564 4843 722 4900 mihi
749 4845 967 4899 diceret
1001 4842 1270 4896 verbum.
1299 4845 1346 4894 Is
1365 4848 1562 4896 autem
1601 4843 1983 4911 :Nemimem,
2010 4845 2220 4917 inquit,

572 4932 833 4996 laeseris,
868 4947 975 4986 nec
1001 4945 1369 5002 quemquam
1394 4930 1912 4986 condemnaveris.
1945 4935 2093 4990 Haec
2120 4936 2224 4991 ob:

574 5038 746 5079 serva
785 5028 840 5075 et
880 5021 1226 5075 salvaberis.

643 5116 730 5169 29.
768 5110 1057 5166 Macarius
1084 5109 1274 5164 abbas
1314 5109 1458 5164 dixit
1495 5123 1506 5161 :
1541 5109 1669 5165 Noli
1697 5109 1960 5168 dormire
1986 5114 2046 5168 in
2074 5114 2221 5171 cella

575 5201 802 5271 fratris,
831 5217 1010 5274 quem
1053 5198 1214 5254 mala
1241 5197 1402 5252 fama
1443 5197 1625 5268 petiit.

1443 271 1548 327 SS.
1593 268 2079 325 MACAHIOBUM
2119 265 2449 323 AEGYPTII
2492 266 2580 322 ET
2618 267 3115 326 ALEXANDRINI
3799 275 3886 329 252

592 401 712 457 cuti
743 404 882 456 sunt
910 399 1058 454 ‘Illle
1092 416 1104 453 :
1138 396 1307 453 Nihil.
1341 400 1488 452 Tum
1509 412 1688 452 senex
1725 413 1735 449 :
1766 400 1998 459 lterum,
2022 394 2232 466 inquit,
2277 396 2320 449 A
2357 394 2532 466 255
2567 395 2592 444 ὁ
2617 391 2678 446 δὲ
2717 397 2808 466 ἔφη
2853 409 2865 422 ·

2926 395 3053 465 οὐχὶ
3074 416 3086 428 ο
3128 394 3262 467 λέγει
3291 395 3422 465 αὐτῷ
3460 396 3484 448 6
3528 400 3678 469 γέρων
3708 419 3722 432 ο
3749 400 3891 471 ὕπαγε

2352 486 2503 535 πάλιν
2557 487 2754 556 αὔριον,
2815 487 2900 536 καὶ
2961 481 3186 546 δόξασόν
3242 485 3446 547 αὐτοὺς,
3486 484 3697 538 ἀπελθὼν
3747 484 3822 539 οὖν
3870 491 3892 540 6

2354 570 2574 644 ἀδελφὸς
2631 570 2875 634 ἐδόξασεν
2928 573 3119 634 αὐτοὺς
3173 574 3331 645 λέγων
3381 591 3393 604 ·
3443 575 3722 641 ἀπόστολοι,
3753 576 3892 646 ἅγιοι,

2353 666 2441 713 καὶ
2474 658 2674 713 δίκαιοι
2716 681 2727 693 '
2761 667 2849 713 καὶ
2906 659 3025 719 ἦλθε
3068 665 3197 735 πρὸς
3247 666 3332 714 τὸν
3388 666 3612 736 γέροντα,
3669 672 3749 715 καὶ
3785 661 3895 716 εἶπεν

2355 750 2494 819 αὐτῷ
2531 767 2543 780 ·
2579 748 2808 812 ἑδοξασα
2841 770 2854 782 ο
2880 756 2970 803 καὶ
3000 750 3131 822 λέγει
3157 751 3298 821 αὐτῷ
3331 769 3342 780 ·
3373 748 3518 804 οὐδέν
3550 771 3628 804 σοι
3649 751 3894 824 ἀπεκρίθη-

2357 857 2452 889 σαν
2486 855 2498 904 ;
2541 841 2632 909 ἔφη
2670 840 2694 889 6
2736 835 2953 910 ἀδελφός
2979 856 2990 868 ·
3017 840 3164 910 οὐχί·
3191 839 3322 909 λέγει
3343 839 3478 909 αὐτῴ
3507 841 3530 891 6
3558 846 3708 913 γέρων
3735 860 3746 872 ⁸
3774 836 3899 901 οἶδας

2353 933 2493 978 πόσα
2547 928 2809 999 ἦτίμασας
2861 928 3068 991 αὐτούς,
3127 933 3215 981 καὶ
3247 925 3396 981 οὐδὲν
3438 927 3792 1000 ἀπεκρίθησαν,
3829 933 3901 978 καὶ

2354 1021 2495 1070 πόσα
2524 1014 2778 1078 ἐδόξασας
2817 1018 3019 1083 αὐτούς,
3057 1023 3146 1070 καὶ
3198 1015 3350 1070 οὐδέν
3404 1037 3485 1070 σοι
3545 1017 3801 1075 ἐλάλησαν,
3837 1018 3903 1068 οὖ-

2353 1124 2452 1166 τως
2480 1110 2568 1158 καὶ
2620 1108 2705 1173 σύ,
2751 1105 2834 1157 ἐὰν
2882 1105 3027 1177 θέλῃς
3063 1108 3316 1169 σωθῆναι,
3366 1113 3511 1177 γενοῦ
3558 1109 3759 1179 νεκρός·
3795 1110 3904 1175 μήτε

2351 1199 2445 1252 τὴν
2495 1191 2705 1246 ἀδικίαν
2761 1203 2858 1246 τῶν
2912 1193 3215 1269 ἀνθρώπων,
3271 1199 3402 1267 μήτε
3448 1199 3540 1254 τὴν
3587 1191 3733 1256 δόξαν
3762 1193 3902 1244 αὐτῶν

2351 1283 2562 1356 λογίση,
2595 1286 2662 1344 ὡς
2694 1287 2741 1335 οἱ
2771 1289 2940 1358 νεκροί
2977 1302 2987 1314 ·
3017 1290 3106 1337 καὶ
3134 1282 3362 1337 δύνασαι
3396 1287 3621 1343 σωθῆναι

2422 1464 2516 1516 24.
2601 1465 2999 1535 Παρερχόμενός
3041 1481 3165 1515 ποτε
3218 1463 3243 1513 6
3285 1461 3444 1523 ἆϐϐᾶς
3489 1463 3742 1532 Μακάριος
3800 1461 3907 1530 μετὰ

2354 1548 2584 1622 ἀδελφῶν
2614 1548 2706 1602 διὰ
2744 1560 2836 1612 τῆς
2869 1551 3159 1622 Αἰγύπτου,
3207 1555 3401 1610 ἤκουσε
3458 1547 3672 1604 παιδίου
3707 1549 3906 1619 λέγοντος

2351 1648 2458 1711 τῇμ
2489 1645 2609 1713 ητρὶ
2657 1639 2844 1692 αὐτοῦ·
2905 1639 3073 1712 ἀμμᾶ,
3127 1640 3378 1701 πλούσιός
3426 1661 3506 1697 τις
3544 1639 3716 1710 ἀγαπᾷ
3735 1641 3906 1710 με,καὶ

2780 1733 2870 1780 καὶ
2898 1733 3107 1800 πτωχὸς
3136 1737 3278 1801 μισεί
3307 1749 3391 1802 με,
3419 1736 3510 1782 καὶ
3555 1729 3732 1800 ἀγαπῶ
3757 1726 3904 1778 αὐτόν.

2354 1824 2444 1871 καὶ
2472 1818 2701 1879 ἀκούσας
2729 1819 2753 1869 6
2783 1817 2950 1879 ἀϐϐᾶς
2989 1821 3261 1891 Μακάριος
3300 1819 3565 1892 ἐθαύμασε
3613 1832 3624 1844 ·
3663 1821 3744 1869 καὶ
3762 1815 3910 1885 λέγον·

2346 1927 2440 1972 ,σιν
2463 1908 2604 1977 αὐτῷ
2633 1910 2684 1959 οἱ
2712 1903 2928 1978 ἀδελφοί
2970 1927 2982 1939 ·
3016 1913 3067 1959 τί
3111 1907 3225 1961 ἐστι
3262 1911 3319 1960 τὸ
3363 1910 3510 1983 ῥῆμα
3539 1914 3704 1971 τοῦτο,
3735 1906 3906 1974 πάτερ’

2354 1999 2435 2048 ὅτι
2489 1997 2831 2068 ἐθαύμασας;
3134 2003 3223 2050 καὶ
3276 1997 3414 2070 λέγει
3466 1997 3687 2056 αὐτοῐςὸ
3737 1997 3908 2064 γέρων·

2355 2084 2554 2147 ἀληθῶς
2611 2087 2636 2137 6
2684 2088 2861 2160 κύριος
2928 2088 3073 2157 ἡμῶν
3137 2086 3386 2147 πλούσιός
3446 2086 3558 2140 ἐστι
3626 2089 3712 2136 καὶ
3761 2081 3916 2151 ἀγαπᾷ

3544 2191 3556 2204 ⁶
3595 2176 3620 2227 6
3660 2169 3715 2226 δε
3757 2170 3916 2243 ἐχθρὸς

2353 2265 2498 2334 ἡμῶν
2525 2260 2763 2323 διάϐολος
2788 2269 3003 2334 πτωχός
3035 2262 3146 2316 ἐστι
3177 2270 3265 2317 καὶ
3314 2274 3467 2337 μισεῖ
3497 2268 3651 2337 ἡμᾶς,
3683 2267 3764 2314 καὶ
3806 2259 3917 2329 ἁγα-

2353 2176 2514 2245 ἡμᾶς,
2562 2184 2650 2226 καί
2709 2175 2768 2226 οὐ
2826 2174 3028 2246 θέλομεν
3069 2174 3229 2227 αὐτοῦ
3275 2175 3485 2229 ἀκοῦσα

2350 2359 2522 2422 πῶμεν
2551 2352 2711 2404 αὑτοῦ
2742 2357 2834 2409 τὴν
2863 2351 3210 2424 ἀκαθαρσίαν.

2426 2441 2519 2495 25.

2351 2530 2546 2582 πολλῶν
2597 2527 2839 2601 δακρύων
2888 2530 3047 2599 λέγων
3083 2549 3094 2561 ο

2606 2442 2954 2512 Παρεκάλεσεν
3022 2444 3046 2492 6
3103 2441 3267 2503 ἀϐϐᾱς
3335 2449 3543 2516 Ποιμήν
3608 2441 3752 2493 αὑτὸν
3811 2437 3919 2508 μετὰ

3143 2532 3251 2584 εὶπέ
3298 2552 3388 2604 μοι
3431 2535 3578 2608 ῥῆμα
3623 2539 3726 2591 πῶς
3757 2528 3913 2580 σωθῶ·

2351 2617 2645 2692 ἀποκριθεὶς
2703 2616 2762 2670 δε
2811 2621 2836 2671 6
2890 2625 3051 2693 γέρων
3103 2618 3235 2673 εἶπεν
3303 2623 3450 2692 αὐτῷ
3490 2639 3502 2651 ·
3564 2624 3620 2673 τὸ
3668 2611 3915 2693 πράγμαὸ

2350 2708 2545 2772 ζητεῖς,
2576 2707 2773 2767 ἀπῆλθε
2801 2716 2887 2760 νῦν
2916 2708 3016 2761 ἀπὸ
3047 2719 3146 2762 τῶν
3175 2719 3458 2782 μοναχῶν,

2420 2798 2507 2853 26.
2562 2797 2825 2869 Παρέϐαλέ
2873 2817 2996 2850 ποτε
3054 2799 3079 2850 6
3138 2797 3298 2859 ἀϐϐᾶς
3355 2800 3627 2871 Μακάριος
3690 2804 3758 2866 τῷ
3807 2789 3919 2858 ἀϐὅᾲ

2348 2886 2608 2957 Ἀντωνίῳ
2640 2904 2650 2916 ·
2699 2891 2789 2938 καὶ
2846 2885 3077 2949 λαλήσας
3127 2887 3267 2958 αὐτῷ
3331 2887 3651 2962 ὑπέστρεψεν
3707 2885 3769 2944 εἰς
3815 2886 3918 2936 Σκῆ-

2347 2996 2426 3028 τιν
2455 2993 2467 3006 ·
2510 2981 2600 3029 καὶ
2631 2972 2785 3034 ἦλθον
2834 2978 2884 3028 οἱ
2923 2981 3132 3050 πατέρες
3173 2976 3239 3037 εἰς
3286 2975 3583 3037 ἀπάντησιν
3614 2975 3767 3028 αὐτοῦ
3795 2990 3806 3004 ·
3848 2973 3917 3020 καὶ

2348 3067 2412 3125 ὡς
2465 3063 2692 3129 ἕλαλουν,
2744 3060 2880 3118 εἶπεν
2931 3065 3110 3126 αὐτοῖς
3157 3066 3182 3116 6
3233 3069 3396 3138 γέρων
3436 3084 3450 3096 ⁸
3501 3069 3624 3138 ἔφην
3681 3071 3749 3133 τῷ
3809 3050 3916 3127 ἀϐϐᾇ

2350 3154 2626 3227 Ἀντωνίῳ,
2709 3157 2772 3214 ὡς
2839 3155 2932 3206 οὐκ
2995 3157 3183 3226 ἔχομεν
3237 3160 3545 3230 προσφορὰν
3576 3157 3624 3208 ἓν
3675 3161 3743 3224 τῷ
3796 3154 3913 3218 τόπῳ

2347 3245 2530 3315 ἡμῶν·
2582 3248 2668 3296 καὶ
2701 3243 2922 3317 ἤρξαντο
2990 3246 3039 3295 οἱ
3094 3247 3305 3317 πατέρες
3358 3243 3532 3298 λαλεῖν
3589 3247 3706 3315 περὶ
3757 3237 3912 3300 ἄλλων,

2350 3339 2440 3386 καὶ
2484 3333 2578 3385 οὐκ
2628 3332 2909 3405 ἠρώτησαν
2959 3334 3034 3385 ἔτι
3081 3334 3264 3404 μαθεῖν
3315 3336 3409 3390 τὴν
3471 3331 3748 3406 ἀπόκρισιν
3796 3323 3914 3396 παρὰ

2345 3430 2437 3474 τοῦ
2488 3426 2742 3496 γέροντος,
2807 3423 2923 3475 οὔτε
2962 3422 2988 3474 ὁ
3026 3425 3188 3496 γέρων
3243 3421 3423 3484 αὐτοῖς
3476 3420 3584 3476 εἶπε
3618 3439 3629 3452 ·
3659 3427 3803 3473 τοῦτο
3845 3409 3914 3466 οὖν

2341 3511 2481 3582 ἕλεγέ
2528 3532 2608 3573 τις
2667 3520 2766 3563 τῶν
2814 3515 3066 3583 πατέρων,
3127 3513 3208 3564 ὅτι
3256 3511 3342 3562 ἐὰν
3403 3509 3605 3565 ἴδωσιν
3654 3512 3701 3563 οἱ
3736 3509 3920 3573 πατέρες

2342 3603 2420 3652 ὁτι
2469 3599 2704 3653 λανθάνει
2754 3605 2879 3663 τοῦς
2936 3597 3185 3672 ἀδελφοὺς
3460 3606 3532 3655 τὸ
3586 3603 3632 3636 ³⁵
3691 3600 3920 3674 ἐρωτῆσαι

2341 3694 2460 3763 περὶ
2534 3692 2837 3761 πράγματος
2907 3688 3217 3761 ὠφελοῦντος
3273 3691 3494 3757 αὐτούς,
3565 3687 3918 3760 ἀναγκάζουσιν

2341 3779 2554 3839 ἑαυτοὺς
2584 3778 2738 3832 εἰπεῖν
2767 3778 2942 3854 ἀρχὴν
2985 3787 3076 3830 τοῦ
3110 3779 3264 3850 λόγου
3300 3797 3310 3807 ·
3363 3781 3448 3832 ἐὰν
3505 3779 3563 3834 δὲ
3603 3783 3674 3851 μὴ
3725 3776 3919 3845 ἀναγκα-

2343 3871 2511 3922 σθῶσι
2541 3870 2681 3941 παρὰ
2709 3877 2806 3920 τῶν
2849 3864 3103 3939 ἀδελφῶν,
3142 3867 3234 3920 οὐκ
3272 3870 3347 3920 ἔτι
3377 3867 3599 3922 λαλοῦσι
3634 3872 3716 3920 τόν
3745 3866 3878 3934 λόγον
3905 3875 3914 3886 ·

2342 3959 2424 4010 ἶνα
2469 3962 2540 4030 μὴ
2589 3959 2869 4028 εὑρεθῶσιν
2919 3957 2988 4018 ὡς
3036 3961 3106 4028 μὴ
3161 3959 3548 4029 ἐπερωτώμενοι
3601 3963 3692 4012 καὶ
3735 3952 3920 4008 λαλοῦν·

2337 4066 2440 4114 τες,
2472 4051 2562 4099 καὶ
2592 4049 2656 4106 ὡς
2696 4046 2978 4119 ἀρφολογία
3009 4047 3323 4118 εὑρίσκεται.

2410 4137 2497 4189 27.
2573 4135 2868 4207 Ἠρώτησεν
2928 4137 2953 4186 6
3006 4134 3165 4197 ἀϐϐᾶς
3234 4134 3455 4197 Ἠσαίας
3521 4138 3547 4189 ὁ
3625 4133 3782 4187 ἁϐϐᾶν
3827 4129 3918 4185 Μα-

2338 4227 2518 4297 κάριόν
2566 4225 2723 4296 λέγων
2751 4242 2764 4256 ·
2821 4224 2929 4278 εἰπέ
2968 4245 3057 4296 μοι
3102 4225 3249 4298 ῥῆμα
3280 4245 3293 4258 ο
3319 4228 3406 4277 καὶ
3447 4224 3590 4296 λέγει
3630 4221 3814 4293 αὐτῷὸ
3849 4219 3917 4286 7έ’

2337 4334 2438 4387 ρων
2482 4331 2493 4343 ·
2531 4322 2683 4386 φεῦγε
2740 4317 2863 4375 τοῦς
2917 4312 3260 4386 ἀνθρώπους’
3295 4313 3434 4385 ἔλεγε
3489 4315 3632 4385 αὐτῷ
3685 4314 3710 4364 ὁ
3774 4304 3918 4362 ἁϐϐᾶς

2338 4405 2562 4466 Ἠσαίας
2602 4422 2615 4436 ο
2665 4408 2715 4455 τί
2771 4402 2883 4456 ἐστι
2930 4406 2987 4455 τὸ
3019 4405 3217 4475 φεύγειν
3272 4406 3388 4464 τοῦς
3443 4401 3741 4480 ἀνθρώπους
3769 4416 3781 4466 ;
3812 4399 3836 4448 ὁ
3871 4389 3920 4444 δῖ

2335 4496 2496 4567 γέρων
2542 4490 2676 4545 εἶπεν
2708 4492 2848 4563 αὐτῷ
2889 4510 2900 4522 ·
2930 4496 2988 4546 τὸ
3018 4495 3238 4546 καθίσαι
3270 4492 3339 4554 εἰς
3380 4495 3438 4546 τὸ
3475 4494 3673 4547 κελλίον
3705 4507 3814 4552 σου,
3844 4483 3920 4535 καὶ

2336 4580 2564 4634 κλαῦσαι
2590 4584 2677 4643 τὰς
2704 4581 2962 4655 ἁμαρτίας
3005 4601 3097 4634 σου

2405 4671 2498 4726 28.
2557 4668 2764 4742 ’Ἔλεγεν
2821 4671 2846 4721 6
2898 4669 3056 4731 ἀϐϐᾶς
3107 4672 3422 4742 Παφνούτιος
3473 4671 3498 4722 6
3553 4671 3794 4742 μαθητὴς
3840 4665 3918 4712 τοῦ

2336 4758 2473 4812 ἀϐϐᾶ
2528 4765 2824 4834 Μακαρίου,
2881 4761 2958 4812 ὅτι
3009 4760 3339 4833 παρεκάλεσα
3403 4763 3490 4812 τὸν
3563 4762 3762 4830 πατέρα
3808 4769 3918 4825 μου)

3398 4866 3410 4878 ’
3454 4855 3525 4920 μὴ
3578 4847 3827 4900 κακοποιή
3838 4856 3920 4909 σῃς

2333 4848 2490 4920 λέγων
2525 4869 2536 4881 ο
2587 4850 2694 4902 εἰπέ
2742 4869 2832 4920 μοι
2861 4848 3013 4920 λόγον
3046 4867 3056 4878 ·
3093 4851 3118 4900 6
3159 4846 3217 4902 δὲ
3256 4852 3347 4921 ἔφη

2334 4939 2468 5002 τινά,
2507 4935 2646 5010 μηδὲ
2675 4943 2988 5013 κατακρίνῃς
3025 4941 3141 4990 τινά
3173 4957 3185 4969 ο
3238 4947 3403 4991 ταῦτα
3446 4943 3594 5011 τήρει
3633 4939 3722 4988 καὶ
3762 4932 3916 4999 σώζῃ·

2404 5115 2492 5170 29.
2546 5113 2697 5169 Εἶπεν
2744 5117 2770 5166 6
2825 5114 2986 5178 ἀϐϐᾶς
3044 5118 3316 5189 Μακάριος
3362 5134 3374 5148 ·
3431 5135 3500 5187 μη
3561 5113 3816 5186 κοιμηθῇς
3857 5103 3919 5162 εἰς

2333 5204 2527 5256 κελλίον
2557 5201 2778 5278 ἀδελφοῦ
2810 5207 3026 5276 ἔχοντος
3052 5209 3221 5263 κακὴν
3253 5209 3449 5277 φήμην.
3605 5216 3610 5222 ’

1910 5318 2164 5373 VARIAE
2196 5318 2593 5377 LECTlONES.

643 5418 691 5453 ³⁵
724 5416 812 5471 Al.
839 5423 941 5486 τῷ.

2124 5492 2373 5562 NOTAE.

644 5605 726 5674 (a)
780 5604 860 5660 Cf.
905 5603 1041 5658 Hist.
1083 5602 1261 5659 Laus.
1308 5559 1558 5671 antiqua
1607 5601 1797 5657 versio
1844 5616 1974 5673 cap.
2010 5607 2068 5662 9.

568 5677 671 5733 PP.
705 5675 897 5732 Rosw.
925 5690 982 5747 p.
1014 5676 1136 5740 990,
1169 5675 1221 5727 2.

2399 5605 2478 5678 (ὁ)
2512 5605 2595 5662 Cf.
2623 5606 2730 5660 VV.
2765 5608 2864 5662 PP.
2897 5607 3091 5662 Rosw.
3123 5603 3225 5661 lib.
3258 5603 3326 5659 ΙΙΙ
3355 5619 3489 5672 cap.
3519 5600 3644 5659 189.
