4092 6252
260 286 363 342 253

333 411 427 469 30.
477 407 765 481 Παρέϐαλόν
823 426 947 460 ποτε
992 412 1064 477 τῷ
1131 404 1267 477 ἁϐϐᾷ
1318 410 1572 480 Μακαρίῳ
1630 403 1843 479 ἀδελφοὶ
1874 406 1921 463 Α

269 500 337 563 εἰς
573 505 777 559 Σκῆτιν,
811 500 900 549 καὶ
938 495 1044 567 οὐχ
1075 495 1219 569 εὗρον
1259 498 1308 548 ἓν
1354 505 1426 567 τῷ
1468 495 1647 565 κελλίῳ
1680 496 1840 548 αὐτοῦ

267 586 428 654 οὐδὲν,
450 589 493 640 εἰ
514 593 587 659 μὴ
620 583 765 660 ὕδωρ
818 592 1037 659 σαπρόν,
1080 590 1170 638 καὶ
1195 585 1435 655 λέγουσιν
1467 585 1606 656 αύτῷ
1636 602 1651 619 ο
1685 584 1839 652 ἁϐϐᾶ,

265 675 409 749 δεῦρο
454 679 558 730 ἄνω
589 677 661 739 εἰς
707 680 802 734 τὴν
829 681 1032 745 κώμην,
1074 680 1164 726 καὶ
1209 672 1537 746 ἀναπαύομέν
1569 693 1627 727 σε
1657 696 1669 707 ·
1709 674 1843 746 λέγει

258 770 425 829 αὐτοῖς
456 768 481 819 6
511 770 674 840 γέρων
702 787 712 798 ·
755 762 957 829 οἴδατε,
1009 762 1244 835 ἀδελφοὶ,
1294 768 1353 816 τὸ
1391 764 1723 837 ἀρτοκοπεῖον
1753 772 1843 816 τοῦ

253 854 412 918 δεῖνος
442 855 516 918 εἰς
556 860 650 914 τὴν
681 861 862 927 κώμην
895 870 908 919 ;
942 859 1032 907 καὶ
1069 853 1311 925 λέγουσιν
1350 852 1488 924 αύτῷ
1520 870 1532 884 ·
1562 858 1647 906 ναί
1672 875 1684 886 ·
1709 854 1844 925 λέγει

248 945 420 1006 αὐτοῖς
450 948 477 998 6
505 950 672 1019 γέρων
697 963 709 974 ·
758 943 904 1016 κάγὼ
936 940 1023 996 οἶδ
1028 963 1061 996 α
1089 946 1216 995 αύτό
1250 960 1262 972 ’
1287 939 1466 995 οἴδατε
1512 947 1601 996 καὶ
1648 948 1704 995 τὸ
1735 964 1845 1014 χω-

244 1039 355 1106 ρίον
406 1042 500 1087 τοῦ
563 1031 726 1095 δεῖνος
777 1035 906 1086 ὅπου
975 1034 1001 1085 6
1054 1034 1287 1104 ποταμὸς
1341 1034 1552 1103 κρούει;
1606 1031 1843 1103 λέγουσιν

246 1123 386 1194 αύτῷ
415 1142 427 1153 ·
470 1128 557 1176 ναὶ
590 1140 603 1154 ⁸
626 1123 760 1195 λέγει
800 1122 980 1183 αὐτοῖς
1008 1122 1034 1173 6
1071 1124 1233 1194 γέρων
1265 1138 1278 1150 °
1326 1120 1472 1192 κάγὼ
1513 1117 1637 1173 οἶδα
1683 1121 1839 1173 αὐτὸ·

247 1214 330 1265 ὅτε
385 1209 474 1264 οὖν
534 1212 679 1279 θέλω,
750 1210 810 1265 ού
859 1216 1045 1287 χρείαν
1098 1212 1241 1282 ὑμῶν
1297 1213 1426 1282 ἔχω,
1479 1208 1585 1262 ἀλλ’
1640 1208 1845 1282 ἐμαυτῷ

247 1300 494 1362 ἀναϐάζω
525 1303 592 1356 ⁸⁸.

319 1391 407 1445 31.
440 1389 646 1462 Ἐλεγον
676 1394 796 1466 περὶ
840 1397 931 1442 τοῦ
971 1387 1108 1441 ἀϐϐᾶ
1150 1394 1446 1460 Μακαρίου,
1480 1389 1559 1441 ὅτι
1606 1388 1649 1441 εἰ
1687 1407 1846 1460 προσ-

249 1485 450 1555 ἠρχετο
499 1480 641 1550 αύτῷ
694 1477 912 1551 ἀδελφὸς
960 1480 1023 1539 ὡς
1079 1476 1212 1549 ἁγίῳ
1258 1481 1458 1550 γέροντι
1506 1482 1595 1529 καὶ
1637 1476 1844 1548 μεγάλῳ

249 1572 382 1640 μετὰ
430 1567 616 1640 φόϐου,
666 1564 815 1620 ούὸεν
862 1566 1024 1619 ἐλάλει
1070 1566 1249 1637 αὐτῷ·
1304 1566 1346 1619 εἰ
1390 1562 1447 1618 δι
1500 1565 1662 1637 ἔλεγεν
1703 1566 1843 1636 αύτῷ

252 1676 331 1720 τις
390 1666 491 1709 τῶν
536 1654 766 1728 ἀδελφῶν
814 1659 881 1719 ὡς
931 1655 1203 1719 ἑξουθενῶν
1262 1655 1460 1707 αὐτόν’
1518 1653 1671 1719 ἁϐϐᾶ,
1741 1656 1845 1728 ἄρα

1610 279 1939 337 ΑΡΟΡΗΤΗ
1949 280 2255 338 EGMATA.

3512 295 3615 352 954

2027 411 2115 463 30.
2169 408 2254 463 Ad
2307 408 2630 465 Macarium
2671 410 2953 469 abbatem
2993 415 3054 470 in
3109 418 3270 474 Scete
3300 422 3611 491 quondam

1955 507 2336 553 accesserunt
2373 497 2603 565 fratres,
2639 516 2746 556 nec
2794 504 3128 575 quidquam
3161 507 3514 567 invenerunt
3551 512 3613 569 in

1954 586 2100 642 cella
2132 586 2259 657 ejus
2278 588 2392 642 nisi
2431 604 2654 660 aquam
2692 591 3008 661 putridain.
3042 594 3243 667 Itaque
3296 598 3385 653 ei:
3418 600 3610 667 Abba,

1953 675 2248 747 inquiunt,
2283 682 2540 732 ascende
2570 677 2627 732 in
2662 696 2699 750 p
2747 694 2911 748 gum,
2940 684 3349 742 etreliciemus
3373 695 3443 743 te.
3473 691 3614 755 Qui-

1952 764 2066 819 bus
2128 781 2309 819 senex
2356 768 2702 838 respondit:
2758 771 2971 839 N0stis,
3020 772 3248 841 fratres,
3296 777 3612 846 pistrinum

1952 852 2113 908 illius
2153 853 2413 909 hominis
2466 855 2526 909 in
2570 872 2722 926 pago
2782 857 3047 914 {’Dicunt
3095 879 3107 916 :
3158 864 3356 918 Etiam.
3392 864 3615 922 Deinde

1954 958 2134 997 senex
2162 962 2173 997 :
2204 946 2321 1011 Ego
2353 960 2595 1015 quoque
2628 946 3001 1002 novi.Nostis
3032 955 3088 1005 et
3120 952 3435 1021 praedium
3460 955 3614 1011 illius

1953 1031 2237 1094 hominis,
2291 1033 2389 1087 ubi
2420 1032 2637 1087 ﬂuvius
2680 1034 2815 1090 salit
2844 1035 2872 1091 ’ἵ
2912 1038 3088 1095 Aiunt
3118 1058 3130 1095 :
3168 1041 3475 1099 Novimus.
3504 1045 3614 1101 Se-

1954 1135 2070 1176 nex
2103 1136 2115 1172 :
2154 1122 2212 1174 Et
2238 1136 2370 1189 ego,
2406 1120 2617 1193 inquit.
2653 1123 2810 1178 novi.
2877 1126 3130 1190 Quando
3170 1129 3348 1199 igitur
3396 1132 3612 1203 placet,

1958 1208 2126 1264 vobis
2155 1209 2295 1265 mihi
2327 1226 2480 1281 opus
2514 1227 2633 1266 non
2681 1218 2788 1277 est,
2840 1216 2945 1270 sed
2980 1216 3109 1288 ipse
3164 1220 3308 1275 mihi
3338 1222 3615 1293 adporto.

2026 1388 2113 1438 3t.
2142 1385 2393 1439 Aiebant
2423 1386 2497 1441 de
2523 1387 2776 1442 Macario
2813 1387 3053 1454 abbate,
3075 1392 3261 1464 quod,
3292 1394 3341 1449 si
3369 1396 3446 1451 ad
3477 1413 3617 1454 eum

1955 1472 2263 1528 accederet
2289 1472 2469 1528 frater
2494 1491 2631 1530 cum
2674 1477 2898 1541 timore,
2936 1486 3219 1551 tanquam
3241 1483 3315 1537 ad
3340 1491 3617 1542 sanctum

1954 1565 2010 1615 et
2068 1577 2355 1630 magnum
2417 1579 2642 1630 senem,
2676 1565 2821 1621 nihil
2869 1567 2919 1620 ei
2962 1568 3347 1641 loquebatur.
3390 1573 3446 1629 Si
3478 1590 3618 1632 vero

1953 1648 2200 1705 fratrum
2242 1652 2543 1723 quispiam
2575 1660 2865 1724 tanquam
2910 1657 3049 1711 nihil
3106 1676 3242 1715 eum
3276 1662 3500 1717 faciens
3528 1664 3622 1719 di-

257 1747 379 1798 ὃταν
433 1742 499 1806 ἧς
544 1745 831 1817 καμηλίτης
860 1752 948 1797 καὶ
999 1745 1232 1806 ἔκλεπτες
1280 1750 1450 1817 νίτρον
1502 1749 1591 1797 καὶ
1642 1743 1844 1805 ἐπώλεις

1957 1747 2109 1794 ceret
2135 1740 2186 1794 ei
2219 1757 2232 1795 :
2266 1741 2459 1805 Abba,
2491 1742 2741 1813 quando
2765 1759 2896 1798 eras
2922 1750 3282 1803 camelarius
3314 1755 3366 1805 te
3396 1752 3619 1809 nitrum

251 1833 397 1899 αὐτὸ,
440 1834 536 1886 οὐκ
564 1832 737 1908 ἔδερόν
768 1854 825 1888 σε
862 1836 912 1887 οἱ
934 1838 1159 1907 τηρηταί
1189 1835 1226 1869 ³⁷
1256 1852 1274 1906 5
1305 1834 1348 1887 εἰ
1378 1835 1544 1886 ταῦτά
1571 1852 1645 1895 τις
1680 1834 1843 1905 ἔλεγεν

244 1922 411 1995 αὐτῷ,
449 1923 615 1977 ἐλάλει
643 1924 785 1995 αύτῷ
813 1926 946 1996 μετὰ
971 1929 1162 1997 χαρᾶς,
1193 1925 1237 1975 εἶ
1262 1942 1313 1976 τι
1342 1922 1497 1976 αὐτὸν
1524 1923 1703 1996 ἠρώτα

313 2192 407 2249 32.
465 2190 680 2263 Ἔλεγον
727 2210 845 2263 περι
898 2200 988 2245 τοῦ
1033 2190 1170 2245 ἁϐϐᾶ
1219 2195 1497 2265 Μακαρίαν
1547 2197 1638 2243 τοῦ
1686 2192 1846 2262 μεγά-

244 2280 353 2346 λου,
403 2283 487 2334 ὅτι
516 2284 720 2352 γέγονε,
752 2283 927 2341 καθώς
957 2280 1070 2334 ἐστι
1106 2286 1482 2355 γεγραμμένον,
1518 2282 1625 2341 θεὸς

246 2368 465 2441 ἐπίγειος
497 2370 591 2439 (ὁ)
622 2386 636 2399 ·
692 2371 773 2422 ὅτι
804 2371 977 2443 ὥσπερ
1025 2369 1165 2422 ἐστὶν
1204 2372 1231 2421 6
1272 2374 1403 2432 Θεὸς
1456 2369 1729 2429 σκεπάζων
1760 2374 1844 2420 τὸν

248 2462 459 2530 κόσμον,
516 2457 687 2519 οὕτως
737 2462 942 2529 γέγονεν
990 2457 1016 2508 6
1057 2456 1219 2519 ἀϐϐᾶς
1268 2459 1535 2531 Μακάριος
1576 2457 1848 2518 σκεπάζων

248 2549 311 2599 τὰ
366 2548 745 2619 ἐλαττώματα,
795 2545 831 2597 ἀ
885 2545 1085 2598 ἔϐλεπεν
1134 2548 1203 2607 ὡς
1260 2550 1331 2619 μὴ
1386 2545 1613 2619 βλέπων,
1669 2552 1758 2599 καὶ
1815 2545 1848 2598 ἃ

244 2640 427 2694 ἤκουεν
459 2640 537 2698 ὡς
561 2641 633 2708 μὴ
656 2635 861 2688 ἁκούων

308 2727 403 2784 33.
434 2732 745 2797 Διηγήσατο
789 2726 813 2777 6
840 2722 1004 2787 ἁϐϐᾶς
1032 2729 1291 2795 Βιτίμιος,
1323 2726 1401 2777 ὅτι
1431 2724 1594 2795 ἔλεγεν
1618 2726 1643 2776 6
1689 2722 1848 2786 ἁϐϐᾶς

238 2815 557 2888 Μακάριος·
608 2817 903 2886 καθημένου
951 2817 1050 2883 μού
1090 2833 1211 2866 ποτε
1252 2814 1324 2875 εὶς
1376 2821 1584 2879 Σκῆτιν,
1629 2812 1846 2871 κατέϐη-

242 2923 339 2955 σαν
390 2901 491 2956 δύο
550 2909 784 2978 νεώτεροι
843 2903 1032 2965 ξενικοὶ
1079 2901 1230 2954 ἐκεῖ·
1287 2907 1377 2954 καὶ
1417 2903 1442 2954 6
1481 2905 1571 2974 μὲν
1617 2903 1688 2963 εἰς
1732 2900 1845 2974 εἶχε

240 2996 457 3062 γένειον,
484 2994 511 3045 6
548 2989 607 3046 δε
644 2992 797 3054 ἄλλος
825 2990 1001 3066 ἀρχὴν
1043 2989 1245 3063 βάλλων
1283 2995 1480 3062 γενείου
1512 3008 1525 3020 ·
1552 2996 1643 3043 καὶ
1688 2987 1843 3049 ἦλθον

243 3086 375 3153 πρὸς
412 3099 476 3153 με
520 3080 741 3153 λέγοντες
779 3096 793 3109 ⁸
842 3088 943 3134 ποῦ
998 3082 1139 3133 ἔστιν
1179 3081 1209 3138 ἠ
1253 3079 1404 3132 κελλα
1442 3087 1533 3132 τοῦ
1566 3078 1703 3132 ἁϐϐᾶ
1734 3087 1843 3134 Μα-
1877 3112 1917 3167 C

241 3174 433 3243 καρίου
463 3188 477 3235 ;
510 3169 653 3241 κάγὼ
696 3167 835 3223 εἶπον
869 3187 881 3200 ·
916 3174 969 3222 τί
1010 3170 1170 3222 θέλετε
1196 3169 1349 3222 αὐτόν
1382 3185 1396 3235 ;
1437 3174 1527 3221 καὶ
1555 3168 1794 3241 λέγουσιν
1822 3187 1836 3202 ο

245 3256 519 3321 ἀκούοντες
573 3261 641 3311 τὰ
679 3263 796 3331 περὶ
844 3259 1005 3311 αὐτοῦ
1057 3262 1147 3311 καὶ
1194 3266 1288 3320 τῆς
1337 3262 1567 3319 Σκήτεως
1620 3257 1839 3330 ἤλθομεν

250 3342 381 3398 ἰδεῖν
414 3347 568 3399 αὐτόν
600 3364 613 3378 ·
641 3346 768 3419 λέγω
802 3348 978 3410 αὐτοῖς
1004 3365 1017 3378 ·
1052 3346 1153 3418 ἐγώ
1201 3347 1308 3418 εἰμι
1350 3363 1363 3376 ·
1419 3351 1508 3400 καὶ
1546 3346 1724 3399 ἔϐαλον
1754 3367 1839 3419 με·

249 3434 484 3501 τάνοιαν,
513 3435 783 3506 λέγοντεςο
836 3433 939 3489 ὧδε
971 3436 1175 3509 θέλομεν
1222 3443 1415 3509 μεῖναι.
1468 3434 1566 3507 ἐγὼ
1620 3434 1678 3488 δὲ
1722 3435 1838 3507 βλε-

246 3541 357 3575 πων
414 3522 599 3584 αύτούς
652 3529 927 3599 τρυφερούς
982 3531 1072 3577 καὶ
1124 3527 1189 3586 ὡς
1247 3527 1348 3577 ἀπὸ
1402 3524 1649 3589 πλούτου,
1708 3524 1836 3597 λέγω

238 3611 418 3675 αὐτοῖς
453 3631 466 3645 ·
500 3612 558 3665 ού
608 3609 836 3666 δύνασθε
882 3615 1097 3666 καθίσαι
1137 3609 1240 3665 ὧδε
1268 3630 1279 3642 ’
1309 3617 1397 3665 καὶ
1432 3612 1568 3685 λέγει
1606 3614 1631 3664 6
1662 3614 1835 3684 μειζο-

236 3720 382 3777 τερος
414 3719 427 3731 ·
478 3701 565 3755 ἐὰν
592 3707 664 3775 μὴ
708 3699 983 3774 δυνώμεθα
1020 3704 1240 3754 καθίσαι
1283 3698 1406 3767 ὧδε,
1457 3703 1719 3775 ὑπάγομεν
1751 3701 1836 3754 ἀλ-

231 3792 406 3865 λαχοῦ
443 3809 456 3822 ⁸
498 3791 629 3864 λέγω
682 3791 779 3864 ἐγώ
827 3800 899 3863 τῷ
944 3792 1182 3863 λογισμῷ
1226 3811 1327 3864 μου
1362 3808 1375 3821 ·
1420 3788 1513 3844 διὰ
1561 3796 1612 3844 τί
1658 3788 1835 3844 διώκω

230 3881 419 3943 αύτούς
458 3886 551 3934 καὶ
600 3879 1045 3942 σκανδαλίζονται
1078 3897 1091 3947 ;
1116 3882 1141 3933 6
1172 3887 1334 3943 κόπος
1376 3888 1513 3933 ποιεῖ
1543 3880 1733 3941 αὐτοὺς
1763 3877 1834 3933 δι’

471 3971 671 4024 ἑαυτῶν
738 3978 915 4043 φυγεῖν
953 3988 965 4000 ⁸
1026 3975 1116 4022 καὶ
1184 3968 1317 4042 λέγω
1376 3969 1550 4031 αὐτοῖς
1587 3984 1600 3997 ⁶
1663 3966 1832 4037 δεῦτε,

226 4067 491 4118 ποιήσατε
544 4059 749 4120 ἑαυτοῖς
795 4058 991 4113 κελλίον
1037 4059 1081 4111 εἰ
1129 4055 1357 4111 δύνασθε
1395 4072 1405 4081 ·
1444 4063 1533 4111 καὶ
1583 4057 1831 4129 λέγουσι·

230 4144 400 4213 δεῖξον
461 4151 593 4222 ἡμῖν
647 4153 825 4215 τόπον,
883 4152 975 4201 καὶ
1011 4155 1257 4219 ποιοῦμεν
1287 4164 1299 4177 ·
1343 4143 1505 4200 ἔδωκε
1550 4143 1609 4200 δε
1667 4146 1835 4208 αὐτοῖς

228 4240 254 4291 ὁ
298 4244 464 4314 γέρων
510 4237 722 4291 πέλεκυν
751 4238 793 4277 ³⁸
842 4242 931 4290 καὶ
981 4233 1276 4289 ἁναϐολίδιν
1305 4239 1347 4272 ²⁹
1392 4240 1582 4309 μεστόν
1617 4235 1835 4309 ψωμίων

226 4333 316 4381 καὶ
345 4329 478 4391 ἅλας
511 4343 524 4354 ·
558 4323 721 4390 ἔδειξε
746 4323 805 4380 δε
850 4327 1028 4389 αὐτοῖς
1057 4327 1082 4378 6
1121 4330 1282 4400 γέρων
1321 4331 1409 4379 καὶ
1439 4330 1629 4399 πέτραν
1672 4326 1833 4385 σκλη-

227 4420 323 4491 ρὰν
360 4418 527 4491 λέγων
555 4433 569 4447 σ
612 4416 943 4488 λατομήσατε
986 4413 1110 4481 ὦδε,
1151 4421 1241 4468 καὶ
1283 4419 1455 4489 φέρετε
1501 4414 1674 4478 αὐτοῖς
1709 4416 1837 4479 ξύλα

227 4510 283 4559 εκ
337 4515 432 4561 τοῦ
492 4505 657 4575 ἕλους,
716 4511 808 4559 καὶ
867 4508 1215 4577 στεγάσαντες
1270 4507 1559 4558 καθίσαι-ε’
1603 4505 1835 4578 ἐνόμιζον

231 4592 289 4649 δε
318 4599 441 4669 ἐγώ,
472 4601 655 4668 φησίν,
686 4597 767 4647 ὅτι
788 4595 1034 4667 μέλλουσι
1060 4592 1153 4647 διὰ
1177 4598 1262 4646 τὸν
1293 4600 1451 4646 κόπον
1466 4593 1757 4668 ἀναχωρεῖν
1770 4600 1832 4651 ³ο.

231 4684 519 4758 ἠρώτησαν
569 4681 629 4737 δέ
678 4704 759 4756 με,
809 4689 861 4736 τί
891 4686 1216 4758 ἐργάζωνται
1262 4681 1402 4736 ὦδε·
1433 4683 1564 4754 λέγω
1612 4684 1786 4746 αὐτοῖς
1818 4699 1832 4714 ⁸

229 4779 323 4834 τὴν
374 4775 557 4849 σειράν
590 4791 603 4803 ⁸
655 4779 745 4827 καὶ
801 4773 1045 4846 λαμϐάνω
1104 4772 1238 4845 βαΐα
1290 4771 1344 4824 ἐκ
1391 4780 1484 4825 τοῦ
1540 4772 1699 4841 ἕλους,
1748 4778 1837 4826 καὶ

230 4860 453 4918 δεικνύω
509 4863 684 4926 αὐτοῖς
730 4868 823 4922 τὴν
873 4864 1049 4938 ἀρχὴν
1096 4870 1187 4922 τῆς
1238 4868 1435 4934 σειρᾶς,
1469 4865 1559 4913 καὶ
1603 4870 1708 4924 πῶς
1745 4859 1837 4937 ῥά-

227 4972 370 5007 πτειν
424 4950 534 5019 δεῖ,
592 4957 682 5005 καὶ
738 4950 877 5005 εἷπον
909 4968 926 4986 ο
981 4958 1173 5005 ποιεῖτε
1223 4948 1507 5024 σπυρίδας,
1566 4956 1654 5004 καὶ
1706 4971 1837 5024 παρ-

227 5046 375 5115 έχετε
423 5049 535 5103 τοῖς
579 5041 786 5115 φύλαξι,
819 5046 908 5094 καὶ
939 5044 1179 5114 φέρουσιν
1223 5040 1345 5113 ὑμῖν
1384 5038 1567 5113 ψωμία
1598 5056 1610 5069 ·
1659 5039 1835 5093 λοιπὸν

228 5129 316 5185 οὖν
510 5130 830 5207 ἀνεχώρησα
856 5151 867 5164 ·
909 5130 1061 5183 αὐτοὶ
1102 5126 1160 5183 δὲ
1207 5128 1319 5202 μεθ’
1353 5129 1619 5202 ὑπομονῆς
1665 5133 1837 5183 πάντα

1953 1827 2249 1885 furabaris
2296 1845 2366 1885 ac
2396 1831 2721 1895 vendebas,
2758 1848 2958 1889 nonne
2997 1836 3392 1895 verberabant
3422 1846 3475 1896 et
3517 1857 3618 1897 cu-

1954 1918 2155 1974 stodes
2184 1918 2213 1970 ?
2252 1918 2313 1972 Si
2350 1919 2494 1974 talia
2544 1921 2678 1991 quis
2725 1929 2877 1977 esset
2915 1924 2965 1978 ei
3005 1923 3259 1992 locutus,
3301 1928 3439 1984 huic
3478 1945 3619 1987 cum

1953 2006 2191 2080 gaudio,
2243 2007 2290 2062 si
2337 2007 2482 2078 quid
2538 2025 2678 2065 eum
2740 2011 3181 2083 interrogasset,
3255 2031 3615 2089 responsum

1951 2095 2156 2153 dabaL

2026 2190 2114 2241 32.
2158 2185 2234 2239 De
2266 2186 2517 2241 Macario
2549 2203 2768 2257 magno
2808 2188 3026 2246 abbate
3053 2192 3421 2260 asserebant,
3449 2194 3616 2267 quod

1956 2275 2252 2339 exstiterit,
2286 2276 2435 2329 sicut
2458 2278 2738 2348 scriptum
2769 2287 2875 2344 est,
2928 2280 3076 2335 deus
3116 2283 3434 2349 terrestris,
3469 2285 3612 2356 quia

1957 2363 2475 2435 quemadmodum
2518 2369 2669 2420 Deus
2703 2369 2993 2423 mundum
3030 2372 3187 2439 tegit,
3212 2372 3293 2427 ita
3326 2374 3614 2428 Macarius

1959 2452 2144 2506 abbas
2197 2451 2408 2506 delicta
2447 2453 2786 2525 obtegebat,
2840 2472 2996 2529 quae
3031 2459 3256 2514 viderat
3285 2460 3460 2531 quasi
3490 2476 3612 2518 non

1957 2540 2397 2611 vidisset,quae
2438 2543 2707 2600 audierat
2739 2546 2913 2617 quasi
2961 2563 3081 2603 non
3121 2548 3467 2604 audivisset.

2028 2719 2116 2775 33.
2141 2719 2407 2775 Vitimius
2437 2720 2628 2777 abbas
2666 2722 2930 2778 narravit
2978 2724 3300 2783 Macarium
3331 2727 3617 2785 abbatem

1955 2806 2036 2864 ita
2073 2809 2391 2865 retulisse:
2457 2811 2708 2866 Sedente
2764 2829 2857 2866 me
2933 2813 3261 2886 aliquando
3313 2818 3374 2873 in
3442 2818 3616 2883 Sceti,

1956 2897 2091 2952 illuc
2121 2897 2559 2954 descenderunt
2598 2900 2719 2955 duo
2780 2902 3020 2957 iuvenes
3075 2906 3419 2976 peregrini;
3474 2924 3622 2980 quo-

1953 3001 2082 3040 rum
2117 3002 2269 3042 unus
2288 2987 2546 3042 barbam
2566 2989 2829 3056 gerebat,
2853 2990 2999 3045 alter
3024 3008 3158 3048 vero
3178 2994 3433 3064 primam
3454 2997 3624 3052 emit-

1954 3074 2111 3131 tebat
2144 3074 2511 3145 lanuginem.
2545 3076 2655 3141 Qui
2690 3084 2975 3133 venerunt
3038 3080 3114 3135 ad
3168 3098 3262 3137 me
3291 3090 3573 3153 rogantes
3604 3100 3620 3143 :

1955 3163 2059 3220 Ubi
2081 3169 2171 3220 est
2192 3164 2340 3219 cella
2366 3164 2598 3221 Macarii
2632 3164 2867 3222 abbatis
2899 3165 2927 3221 ?
2954 3170 3076 3237 Ego
3108 3186 3120 3224 :
3156 3172 3306 3226 Num
3330 3172 3498 3244 quid,
3532 3173 3622 3231 in-

1950 3269 2156 3326 quam,
2190 3269 2327 3309 eum
2358 3253 2538 3309 vultis
2567 3254 2596 3309 ‘f
2617 3255 2797 3311 Aiunt
2832 3272 2846 3310 ε
2886 3256 3103 3313 Audita
3133 3259 3260 3315 eius
3287 3277 3356 3317 ac
3385 3263 3622 3319 Sceteos

1950 3341 3009 3409 famavenimus,utvideamuseum.
3032 3348 3169 3403 Dico
3200 3350 3297 3405 iis:
3327 3353 3446 3420 Ego
3462 3368 3617 3408 sum.

1950 3434 2246 3504 Factaque
2268 3431 2538 3503 corporis
2569 3432 2950 3489 inclinatione
2986 3450 2997 3490 :
3035 3436 3156 3505 Hic,
3182 3437 3485 3511 inquiunt,
3514 3456 3618 3496 cu-

1949 3520 2148 3592 pimus
2182 3536 2445 3578 manere.
2517 3523 2633 3592 Ego
2671 3537 2809 3577 vero
2858 3522 3067 3579 videns
3095 3542 3195 3581 eos
3242 3527 3529 3586 delicatos
3564 3533 3622 3586 et

1948 3609 2104 3665 velut
2129 3610 2189 3665 in
2203 3610 2419 3665 divitiis
2437 3609 2723 3666 educatos
2750 3610 2848 3666 aio
2882 3628 2895 3664 :
2931 3615 3056 3668 Non
3083 3617 3331 3686 potestis
3357 3617 3619 3676 residere

1944 3698 2061 3754 hic.
2097 3700 2274 3756 Maior
2306 3698 2628 3771 respondet
2657 3719 2668 3758 :
2695 3698 2752 3754 Si
2785 3716 2905 3756 non
2958 3718 3283 3773 possumus
3313 3722 3619 3765 remanete

1947 3787 2065 3856 hic,
2097 3788 2173 3843 ad
2188 3787 2374 3844 alium
2402 3804 2721 3860 pergamus
2742 3788 2961 3847 locum.
2989 3792 3138 3849 Tum
3162 3809 3294 3865 ego,
3315 3796 3480 3867 apud
3499 3812 3616 3853 me:

1949 3880 2082 3943 Cur,
2124 3878 2394 3950 inquam,
2429 3877 2585 3949 pello
2613 3894 2739 3945 eos,
2768 3887 2825 3934 et
2873 3880 3232 3938 scandalum
3263 3886 3561 3955 patientur
3591 3885 3621 3943 ἲ

1948 3966 2152 4024 Labor
2181 3967 2413 4031 efﬁciet,
2462 3970 2524 4022 ut
2563 3973 2780 4039 sponte
2803 3967 3054 4039 fugiant.
3106 3972 3313 4043 Itaque
3343 3972 3481 4030 dico
3507 3974 3618 4031 iis:

1947 4055 2166 4126 Venite,
2200 4057 2521 4111 construite
2548 4056 2722 4112 vobis
2752 4056 3050 4123 cellulam,
3085 4060 3133 4114 si
3163 4060 3434 4132 potestis.
3475 4062 3562 4117 Illi
3599 4076 3617 4120 :

1947 4144 2202 4202 Ostende
2232 4143 2406 4200 nobis
2427 4144 2627 4200 locum
2662 4149 2717 4201 et
2748 4150 3187 4204 construemus.
3220 4149 3388 4205 Dedit
3414 4156 3616 4223 autem

1946 4234 2018 4289 iis
2045 4250 2225 4290 senex
2253 4234 2533 4299 securim,
2564 4249 2895 4306 peramque
2957 4235 3198 4308 plenam
3248 4239 3530 4310 panibus,
3564 4245 3620 4298 et

1947 4322 2054 4379 sal.
2097 4323 2484 4394 Ostenditque
2508 4330 2735 4394 petram
2767 4324 2984 4380 duram
3015 4342 3268 4383 monens
3304 4346 3317 4387 :
3356 4330 3615 4401 Lapides

1947 4413 2043 4469 hic
2076 4413 2336 4477 incidite,
2365 4418 2545 4485 atque
2585 4418 2817 4485 portate
2865 4415 3035 4470 vobis
3075 4415 3241 4485 ligna
3279 4434 3347 4473 ex
3376 4418 3617 4492 palude,

1946 4508 2217 4575 tectoque
2264 4502 2545 4573 imposito
2600 4502 2872 4559 residete.
2922 4504 3212 4561 Putabam
3244 4513 3463 4563 autem.
3523 4510 3618 4565 in-

1945 4593 2094 4664 quit.
2124 4608 2227 4647 eos
2256 4598 2497 4663 pr0pter
2544 4591 2812 4649 laborem
2856 4609 3195 4649 recessuros
3238 4611 3389 4652 esse.
3436 4597 3617 4655 Porro

1947 4682 2242 4754 petierunt
2288 4697 2324 4736 a
2348 4697 2463 4743 me,
2496 4681 2642 4754 quid
2669 4697 2745 4736 oo
2774 4681 2888 4737 loci
2915 4685 3215 4753 Operaturi
3243 4694 3458 4742 essent.
3508 4689 3621 4743 Re-

1949 4771 2221 4843 spondeo
2252 4786 2264 4824 :
2304 4769 2556 4826 Plectam
2584 4769 3174 4844 facite.Sumptisque
3189 4772 3343 4829 foliis
3367 4775 3617 4846 palmat-

1947 4875 2079 4915 rum
2112 4875 2143 4914 e
2183 4858 2422 4929 palude,
2463 4859 2714 4915 ostendo
2766 4860 2837 4915 iis
2890 4861 3118 4931 plectae
3165 4864 3525 4935 principum,
3557 4870 3614 4925 et

1947 4949 2255 5021 quomodo
2294 4964 2583 5005 consuere
2614 4955 2903 5021 oporteat,
2937 4958 2992 5006 et
3024 4972 3037 5007 :
3083 4951 3298 5017 Facite,
3336 4954 3611 5027 inquam,

1948 5044 2204 5110 sportas,
2254 5053 2406 5109 quas
2439 5038 2680 5094 tradetis
2710 5040 3082 5106 custodibus,
3125 5041 3164 5095 ii
3195 5057 3335 5098 vero
3363 5044 3613 5103 afferent

1946 5129 2117 5185 vobis
2148 5143 2351 5200 panes.
2383 5126 2605 5183 Deinde
2623 5127 2910 5185 abscessi.
2928 5134 2999 5185 At
3016 5129 3099 5185 illi
3122 5131 3413 5202 patienter
3430 5148 3613 5207 quae-

1550 5222 1558 5230 ’
1598 5253 1862 5310 VARIAE
1903 5252 2266 5310 LECTIONE.

305 5383 352 5418 ’⁸
396 5383 493 5440 Sic
535 5397 647 5456 pro
686 5378 1063 5443 ἁναϐιϐάζω
1102 5394 1115 5407 ·
1198 5379 1243 5414 ³⁷
1273 5376 1359 5433 ΑΙ.
1392 5383 1658 5453 κριταί·
1738 5380 1786 5415 ³⁸
1827 5377 1911 5433 Al.

1954 5377 2227 5431 πέλυκα·
2305 5378 2352 5412 ³⁸
2384 5376 2470 5431 Al.
2500 5373 2927 5431 ἆναϐολίδιον
2955 5398 2968 5413 ο

3049 5383 3092 5419 ³ο
3118 5379 3204 5436 ΑΙ.
3239 5381 3530 5452 φεύγειν.

1808 5504 2066 5562 NOTAE.

338 5606 397 5679 α)
438 5607 523 5665 Cf.
553 5605 669 5664 VV.
701 5606 807 5679 PP.
841 5609 1038 5663 Rosw.
1077 5603 1185 5679 lib.
1214 5602 1311 5679 Ἦ]
1339 5602 1594 5679 (ξιιμ-12,
1626 5603 1695 5679 2_..

338 5673 394 5751 ὁ)
433 5679 516 5737 Cf.
551 5678 805 5739 Constit.
854 5682 1066 5752 Apost.
1119 5676 1190 5732 ΙΙ.
1237 5674 1311 5730 26
1350 5673 1601 5771 Coteler.
1638 5675 1837 5733 Patres

1947 5605 2155 5673 Apost.
2182 5602 2351 5673 Tom.
2380 5601 2399 5654 Ι
2433 5618 2493 5673 p.
2518 5600 2642 5659 239.

2019 5673 2097 5745 (c)
2130 5671 2210 5731 Cf.
2247 5671 2577 5733 Sententiae
2597 5678 2854 5747 Aegypt.
2892 5675 2997 5730 PP.
3025 5673 3146 5730 107.
