4092 6252
548 296 655 354 255
1392 298 1495 355 SS.
1540 297 2033 355 MACARIORUM
2073 249 2411 354 AEGYPTII
2451 295 2537 351 ET
2574 295 3070 353 ALEXANDRINI
3781 296 3894 353 256

548 439 786 497 cunque
824 423 1254 481 mandaveram
1284 425 1545 480 exsecuti
1584 430 1739 490 sunt,
1770 441 1877 481 nec
1921 441 2164 481 venerur

2319 421 2585 487 ἐποίησαν,
2646 425 2746 476 ὅσα
2788 421 2926 476 εἶπον
2976 422 3153 485 αὐτοῖς
3178 441 3190 454 ·
3240 427 3329 475 καὶ
3371 422 3431 475 ού
3479 422 3768 496 παρέϐαλόν
3820 442 3918 495 μοι

547 514 626 570 ad
655 529 752 570 me
784 514 971 569 tribus
1002 516 1195 570 annis.
1233 517 1345 584 Ego
1382 530 1517 569 vero
1548 515 1793 570 assidue
1826 531 1969 570 cum
2001 514 2161 570 anim

2317 512 2399 565 ἐπὶ
2446 520 2567 586 τρία
2610 517 2694 572 ἔτη
2733 532 2745 543 ο
2800 518 2889 565 καὶ
2942 516 3147 585 ἔμετινα
3200 512 3431 585 πολεμῶν
3478 520 3587 575 τοῖς
3614 513 3915 585 λογισμοῖς,

546 604 1082 671 meocolluctabar,
1098 611 1385 676 reputans
1411 621 1423 659 :
1459 604 1693 676 Ecquae
1707 612 1797 660 est
1826 621 2035 659 eorum
2063 619 2162 674 ope

2315 601 2472 671 λέγων
2498 608 2519 635 ·”
2544 607 2620 663 τίς
2658 604 2761 675 ἄρα
2798 602 2937 655 ἐστὶν
2971 606 2998 661 ἡ
3042 602 3264 677 ἐργασία
3312 602 3502 669 αὐτῶν,
3561 604 3640 655 ὅτι
3688 603 3783 654 οὐκ
3815 599 3915 660 ἧλ-

542 694 712 755 ratio,
745 694 907 763 quod
942 710 1061 748 non
1093 694 1447 750 accesserint
1485 693 1905 763 interrogaturi
1942 694 2017 748 de
2048 708 2158 762 cog

2318 693 2402 742 θον
2459 695 2722 765 ἔρωτῆσαι
2753 692 3041 763 λογισμόν;
3093 695 3142 744 οἱ
3171 692 3271 745 ἀπὸ
3302 694 3528 764 μήκοθεν
3569 693 3611 728 ³¹
3663 694 3921 765 ἔρχονται

546 782 817 838 tatione?
870 783 974 848 Qui
1010 783 1213 855 procul
1255 782 1545 846 habitant,
1580 785 1825 838 veniunt
1865 782 1943 838 ad
1976 798 2069 836 me
2104 797 2115 835 :
2148 797 2162 837 ι

2314 786 2442 852 πρός
2474 800 2536 852 με
2564 799 2577 810 ·
2624 787 2713 833 καὶ
2752 782 2892 834 οὗτοι
2939 784 2987 834 οἱ
3029 782 3182 853 ἐγγύς
3224 782 3315 834 οὐκ
3354 779 3530 845 ἦλθον,
3795 784 3919 833 οὔτε

546 871 637 927 isti
668 887 801 927 cum
859 874 1179 945 propinqui
1227 873 1363 941 sint,
1392 888 1512 927 non
1557 877 1954 940 accesserunt,
1986 886 2096 926 nec
2127 885 2161 925 a

2317 866 2375 920 δε
2423 873 2550 944 πρὸς
2582 870 2767 932 ἄλλους
2811 872 3011 942 ὑπῆγον
3048 886 3060 900 ⁸
3108 871 3153 921 εἰ
3188 875 3259 942 μή
3294 876 3446 941 μόνον
3490 870 3563 933 εἰς
3591 876 3686 928 τήν
3731 870 3917 927 ἐκκλη-

543 959 693 1015 alios
709 960 1099 1031 profectisunt
1129 978 1140 1014 :
1170 962 1485 1016 dumtaxat
1512 966 1767 1033 pergunt
1790 960 1866 1016 ad
1881 960 2159 1015 ecclesia!

2319 962 2438 1010 σίαν
2471 968 2779 1023 σιωπῶντες,
2807 958 2975 1011 λαϐεῖν
3010 964 3103 1017 τὴν
3142 962 3442 1034 προσφοράν
3474 977 3485 988 ·
3532 965 3622 1011 καὶ
3668 959 3915 1032 ηὐξάμην

546 1050 727 1115 taciti,
766 1057 824 1104 ut
848 1050 1147 1122 accipiant
1173 1050 1553 1107 oblationem.
1599 1052 1785 1121 Atque
1818 1050 1984 1106 oravi
2012 1053 2154 1105 Dom

2315 1055 2386 1117 τῷ
2429 1054 2543 1117 Θεῷ
2586 1051 2875 1109 νηστεύσας
2903 1052 2994 1105 τὴν
3042 1043 3337 1119 ἑϐδομάδα,
3389 1050 3471 1099 ἱνα
3522 1044 3669 1120 δείξῃ
3701 1067 3791 1120 μοι
3819 1052 3914 1106 τὴν

540 1156 708 1207 num,
742 1142 1015 1196 ieiunans
1050 1155 1169 1194 una
1198 1139 1599 1206 hebdomade,
1629 1143 1693 1194 ut
1723 1139 2073 1208 dignaretur
2100 1154 2156 1193 m

2316 1134 2562 1207 ἐργασίαν
2620 1137 2787 1189 αύτῶν
2827 1151 2840 1164 ’
2876 1140 3103 1199 ἀναστὰς
3163 1134 3222 1190 δε
3287 1140 3419 1209 μετὰ
3464 1141 3555 1195 τὴν
3611 1134 3910 1209 ἑϐδομάδα,

540 1236 603 1292 hi
626 1232 940 1290 ostendere
970 1228 1380 1300 operationem
1424 1244 1649 1284 eorum.
1693 1229 1827 1284 Post
1875 1227 2156 1283 hebdoma

2316 1224 2547 1284 ἀπῆλθον
2576 1230 2702 1302 πρὸς
2740 1227 2928 1289 αύτούς
2963 1224 3112 1293 ἰδεῖν,
3145 1235 3253 1289 πῶς
3299 1229 3558 1286 κάθηνται
3586 1244 3598 1256 ·
3632 1232 3723 1279 καὶ
3752 1230 3910 1301 κρού-

542 1324 681 1379 dem
713 1336 853 1376 vero
892 1333 1144 1387 surgens
1177 1316 1253 1371 ad
1285 1333 1383 1371 eos
1431 1317 1571 1381 abii,
1609 1324 1667 1371 ut
1716 1319 1990 1381 intuerer,
2056 1331 2158 1388 qut

2318 1320 2505 1376 σαντός
2547 1335 2647 1388 μου
2697 1314 2939 1387 ἀνέῳξαν,
2990 1321 3079 1367 καὶ
3118 1316 3429 1375 ἠσπάσαντό
3470 1335 3533 1389 με
3564 1324 3862 1378 σιωπῶντες
3894 1335 3908 1349 ·

541 1411 727 1468 modo
739 1412 999 1477 agerent.
1017 1406 1225 1461 Etcum
1245 1406 1585 1475 pulsassem
1601 1411 2157 1476 aperuerunt,mequ

2313 1409 2401 1456 xui
2461 1410 2688 1466 ποιήσας
2741 1404 2905 1475 εὐχήν
2936 1407 3157 1458 εκάθισα
3190 1424 3201 1435 ·
3224 1408 3411 1468 νεύσας
3451 1402 3510 1458 δε
3544 1407 3570 1457 ὁ
3603 1406 3796 1477 μείζων
3838 1413 3910 1475 τῷ

544 1501 876 1556 salutarunt
923 1511 1059 1550 cum
1087 1494 1334 1548 silentio.
1396 1494 1522 1549 Feci
1554 1495 1905 1560 orationem,
1948 1499 2002 1549 et
2041 1493 2160 1548 sedi

2314 1497 2602 1567 μικροτέρῳ
2653 1493 2886 1556 ἐξελθεῖν,
2947 1492 3157 1546 ἐκάθισε
3218 1494 3418 1547 πλέκειν
3477 1495 3525 1529 ³³
3584 1498 3669 1546 τὸν
3733 1498 3910 1568 σειρὰν

541 1589 726 1643 Maior
756 1585 947 1641 innuit
973 1584 1212 1653 minori,
1235 1588 1292 1637 ut
1331 1582 1728 1652 egrederetur,
1769 1583 2018 1653 ipseque
2051 1582 2153 1636 sed

2313 1582 2543 1644 λαλήσας
2576 1580 2743 1654 μηδέν
2777 1588 2898 1634 ’καὶ
2928 1590 2987 1654 τῇ
3021 1585 3132 1657 ὥρᾳ
3178 1591 3273 1645 τῆς
3300 1585 3485 1645 ἐνάτης
3530 1586 3765 1658 ἔκρουσε,
3820 1591 3912 1636 καὶ

544 1677 622 1735 ad
642 1672 1069 1730 conficiendam
1089 1670 1365 1743 plectam,
1383 1688 1488 1726 nec
1505 1671 1836 1743 quidquam
1852 1670 2160 1742 loquebatu

2313 1669 2460 1730 ἦλθεν
2513 1674 2538 1723 6
2569 1678 2804 1743 νεώτερος
2836 1676 2903 1735 ³³,
2958 1677 3047 1724 καὶ
3092 1671 3304 1729 ἐποίησε
3338 1677 3523 1747 μικρὸν
3572 1673 3772 1743 ἕψημα,
3818 1679 3913 1726 καὶ

541 1765 629 1822 Ad
655 1765 865 1819 horam
889 1777 1024 1815 vero
1067 1776 1286 1815 nonam
1314 1763 1625 1831 strepitum
1665 1760 1874 1814 edidit.
1926 1761 2091 1815 Venit
2118 1761 2157 1814 it

2310 1765 2569 1836 παρέθηκε
2606 1762 2887 1833 τράπεζαν,
2920 1764 3189 1821 νεύσαντος
3237 1762 3379 1832 αύτῷ
3429 1770 3519 1815 τοῦ
3557 1764 3858 1836 μειξοτέρου
3898 1782 3908 1792 ·

539 1853 833 1919 nior,fecit
848 1849 1094 1922 paulum
1112 1850 1480 1919 polentae,ac
1503 1850 1726 1905 maiore
1744 1850 1845 1904 inn
1856 1855 2025 1905 uente
2042 1849 2155 1920 adp

2309 1856 2399 1902 xui.
2447 1853 2626 1908 ἔθηκεν
2666 1850 2738 1911 εἰς
2770 1850 2931 1908 αὐτὴν
2961 1858 3100 1924 τρεῖς
3136 1849 3474 1923 παξαμάδας,
3507 1857 3597 1904 xui
3623 1853 3744 1909 ἔστη
3784 1871 3910 1904 σιω-

538 1942 655 1998 suit
682 1955 977 2003 mensam,
1024 1954 1283 2008 cumque
1342 1953 1523 2007 super
1552 1954 1687 1992 eam
1722 1942 1832 1992 tres
1862 1938 2154 2008 paximate

2309 1949 2417 1991 πῶν
2452 1958 2462 1969 ·
2493 1939 2592 2011 ἐγὼ
2648 1936 2705 1991 δὲ
2756 1937 2897 1991 εἶπον
2930 1958 2942 1971 ’
2987 1940 3266 2012 ἐγείρεσθε,
3319 1944 3559 2011 φάγωμεν
3593 1959 3607 1973 ·
3655 1946 3745 1993 καὶ
3785 1940 3906 1993 ἀνα-

540 2030 861 2104 posuisset,
889 2028 1043 2082 stetit
1066 2034 1291 2082 tacens.
1314 2029 1433 2095 Ego
1465 2042 1600 2080 vero
1635 2027 1756 2081 dixi
1784 2042 1793 2079 :
1834 2026 2156 2096 Surgite.cc

2310 2030 2523 2089 στάντες
2588 2032 2840 2099 ἐφάγομεν
2882 2042 2893 2053 ⁸
2961 2048 3049 2079 και
3107 2032 3289 2098 ἤνεγκε
3334 2032 3392 2081 τό
3448 2028 3757 2100 βαυκάλιον,
3813 2035 3906 2081 xui

538 2119 777 2176 medam
788 2135 874 2171 us.
888 2120 949 2171 Et
964 2120 1392 2185 consurgentes
1409 2114 1610 2169 cibum
1628 2115 1923 2185 sumpsim
1938 2120 2153 2169 us.Atti

2305 2116 2509 2188 ἐπίομεν
2544 2137 2555 2149 ·
2594 2121 2660 2178 ὡς
2712 2113 2771 2169 δὲ
2827 2116 3021 2188 ἐγένετο
3081 2117 3292 2190 ἑσπέρα,
3346 2118 3560 2189 λέγουσί
3612 2138 3702 2190 μοι
3738 2139 3756 2153 ο
3804 2121 3906 2171 ὑπ-

535 2208 597 2264 lit
624 2206 897 2271 baucale,
929 2222 997 2260 ac
1016 2204 1299 2259 bibimus.
1333 2206 1399 2258 Ut
1428 2209 1624 2259 autem
1650 2203 1892 2258 advenit
1924 2219 2151 2275 vespere

2304 2209 2481 2277 άγεις;
2518 2205 2616 2276 ἐγὼ
2650 2202 2708 2258 δε
2753 2204 2891 2258 εἶπον
2924 2226 2936 2238 ο
2967 2206 3115 2277 ούχί,
3158 2204 3263 2257 ἀλλ’
3304 2204 3408 2259 ὦδε
3435 2216 3701 2279 κοιμῶμαι
3744 2228 3759 2241 ·
3814 2216 3905 2260 και

536 2298 744 2354 dicunt
776 2295 915 2350 mihi
946 2311 958 2349 :
994 2293 1310 2349 Recedisne
1341 2292 1368 2345 ‘?
1401 2292 1692 2363 Respondi
1730 2311 1742 2349 :
1777 2292 2045 2356 Non,sed
2096 2292 2152 2347 hi

2304 2298 2492 2353 ἕθηκάν
2541 2314 2631 2366 μοι
2670 2294 2882 2365 ψιάθιον
2924 2298 3067 2369 παρὰ
3097 2299 3243 2368 μέρος
3277 2313 3288 2325 ·
3314 2300 3405 2347 καὶ
3454 2296 3657 2357 ἑαυτοῖς
3705 2298 3776 2358 εἰς
3816 2302 3905 2354 τήν

534 2387 797 2443 dormio.
850 2384 1008 2439 Unde
1030 2387 1360 2453 posuerunt
1388 2381 1529 2435 mihi
1553 2387 1812 2436 stoream
1845 2398 1911 2435 ex
1931 2390 2150 2452 parte,t

2301 2388 2491 2456 γωνίαν
2547 2385 2593 2419 ³⁴
2644 2386 2785 2458 παρά
2832 2388 2981 2458 μέρος
3014 2402 3025 2413 ·
3084 2390 3173 2435 καὶ
3204 2380 3333 2457 ἦραν
3613 2387 3707 2447 τὰς
3742 2388 3905 2448 ζώνας

535 2477 646 2533 sibi
679 2475 756 2530 ad
820 2473 1110 2541 angulum
1170 2487 1241 2526 ex
1275 2476 1459 2541 parte,
1489 2477 1544 2525 et
1576 2470 1980 2541 deposuerunt
2007 2487 2151 2525 zona

2304 2474 2470 2525 αὐτῶν
2537 2478 2624 2524 καὶ
2690 2479 2811 2534 τοὺς
2883 2472 3193 2535 ἀναλάϐους,
3270 2479 3360 2526 καὶ
3411 2476 3600 2532 ἔθηκαν
3686 2474 3904 2537 ἑαυτούς

535 2582 676 2621 suas
698 2560 1194 2624 et‘succinctoria,
1235 2558 1535 2628 simulque
1567 2560 2008 2615 collocaverunt
2036 2577 2099 2616 se
2130 2562 2141 2614 i

2303 2566 2433 2635 ὁμοῦ
2477 2563 2543 2623 εἰς
2581 2566 2639 2614 τό
2696 2562 2906 2632 ψιάθιον
2962 2565 3250 2635 ἔμπροσθέν
3304 2583 3403 2634 μου
3438 2581 3450 2592 ·
3494 2566 3558 2624 ὡς
3612 2561 3671 2616 δὲ
3706 2567 3899 2621 ἔθηκαν

536 2658 723 2709 matta
752 2656 888 2706 ante
918 2665 1029 2703 me.
1062 2650 1331 2704 Ceterum
1366 2654 1689 2719 postquam
1722 2664 2152 2718 composuerun

2302 2652 2537 2716 ἑαυτούς,
2590 2651 2829 2722 ηὐξάμην
2873 2660 2944 2721 τῷ
2989 2660 3121 2721 Θεῷ,
3176 2652 3257 2703 ἵνα
3304 2671 3394 2722 μοι
3440 2651 3752 2725 ἀποκαλύψῃ
3806 2658 3901 2711 τήν

535 2759 617 2806 se,
654 2740 820 2796 oravi
854 2739 1059 2797 Deum.
1087 2743 1146 2792 ut
1175 2737 1318 2792 mihi
1349 2737 1757 2808 operationem
1791 2753 1997 2791 eorum
2030 2754 2151 2793 rev:

2301 2744 2549 2814 ἐργασίαν
2586 2739 2753 2791 αὐτῶν
2786 2761 2800 2774 ο
2842 2746 2929 2791 καὶ
2978 2741 3221 2811 ὴνεῴχθη
3264 2744 3293 2798 ἡ
3339 2745 3519 2812 στέγη,
3572 2747 3661 2794 καὶ
3705 2742 3901 2813 ἐγένετο

531 2830 696 2887 laret.
738 2832 897 2885 Tunc
948 2832 1215 2898 apertum
1265 2831 1356 2881 est
1410 2833 1647 2893 tectum,
1699 2831 1945 2896 ortaque
1973 2832 2060 2881 est
2088 2826 2147 2881 lu

2300 2838 2404 2901 φῶς
2433 2832 2499 2890 ὡς
2531 2830 2698 2901 ἡμέρα
2729 2830 2774 2863 ³⁵
2808 2846 2818 2857 ·
2856 2828 3004 2881 αὐτοὶ
3036 2825 3094 2880 δὲ
3124 2829 3218 2880 ούκ
3258 2831 3504 2904 ἐθεώρουν
3542 2834 3597 2883 τὸ
3636 2839 3736 2902 φῶς
3763 2852 3777 2864 ·
3810 2837 3900 2884 καὶ

530 2920 694 2977 velut
718 2911 822 2990 per
852 2917 1013 2972 diem
1048 2932 1061 2970 :
1098 2917 1209 2987 ipsi
1240 2920 1439 2971 autem
1472 2931 1592 2970 non
1617 2914 1939 2970 cernebant
1966 2914 2146 2995 lu‘ceu

2300 2920 2363 2978 ὡς
2410 2917 2641 2990 ἐνόμιζον
2695 2919 2775 2969 ὅτι
2811 2926 3098 2989 κοιμῶμαι,
3143 2920 3325 2971 νύσσει
3370 2920 3396 2970 6
3439 2920 3633 2991 μείζων
3683 2923 3768 2971 τὸν
3814 2940 3901 2992 μι-

533 3009 670 3066 Cum
701 3023 844 3063 vero
893 3006 1303 3062 existimarent
1344 3004 1603 3059 dormire
1663 3020 1777 3073 me,
1807 3005 1995 3059 maior
2037 3004 2149 3060 fod:

2299 3012 2539 3079 κρότερον
2583 3006 2651 3067 εἰς
2695 3010 2789 3064 τήν
2837 3006 3079 3078 πλευράν,
3140 3012 3230 3059 καὶ
3271 3008 3575 3083 ἐγείρονται,
3625 3014 3715 3061 καὶ
3767 3008 3896 3069 ζων-

527 3092 781 3154 minoris
805 3095 986 3151 latus.
1004 3094 1401 3163 Consurgunt,
1436 3092 1682 3163 cingunt
1696 3110 1754 3147 se
1768 3098 1822 3148 et
1839 3094 2187 3164 expandunt
2220 3140 2261 3197 Ο

528 3203 747 3243 manus
787 3184 863 3241 ad
905 3183 1155 3239 coelum.
1192 3183 1371 3238 Porro
1411 3196 1522 3251 ego
1553 3182 1871 3237 cernebam
1903 3198 2041 3247 eos;
2075 3183 2144 3254 ip:

2297 3184 2509 3257 οὐρανόν
2543 3203 2555 3215 ·
2588 3188 2677 3234 καὶ
2707 3184 2953 3255 ἐθεώρουν
2986 3183 3175 3244 αύτούς
3206 3204 3221 3217 ο
3255 3185 3404 3237 αὐτοὶ
3436 3183 3496 3238 δε
3525 3186 3618 3238 οὐκ
3648 3185 3896 3259 ἐθεώρουν

527 3292 651 3333 non
674 3274 957 3331 videbant
977 3289 1089 3327 me.
1107 3275 1295 3343 Atque
1321 3272 1443 3326 vidi
1473 3272 1800 3327 daemones
1821 3272 2005 3327 instar
2021 3288 2143 3327 mus

2295 3292 2358 3347 με
2390 3291 2401 3303 ’
2445 3278 2533 3324 καὶ
2564 3269 2701 3325 εἶδον
2728 3276 2847 3332 τοὺς
2884 3269 3134 3343 δαίμονας
3164 3272 3479 3347 ἐρχομένους
3517 3278 3690 3350 ὥσπερ
3732 3281 3894 3346 μυίας

528 3380 756 3428 carum,
776 3363 1079 3417 venientes
1110 3377 1289 3430 super
1312 3362 1603 3414 minorem
1636 3376 1649 3425 ;
1678 3375 1939 3430 quorum
1960 3360 2053 3415 alii
2087 3376 2144 3415 ac

2292 3364 2378 3414 ἐπὶ
2414 3365 2501 3415 τὸν
2540 3366 2840 3435 μικρότερον
2868 3376 2884 3391 °
2934 3366 3025 3413 xui
3068 3364 3116 3413 οἱ
3145 3365 3235 3433 μεν
3280 3366 3510 3435 ἤρχοντο
3554 3366 3775 3417 καθίσαι
3821 3365 3896 3427 εἰς

526 3452 839 3515 cedebant,
872 3455 935 3505 ut
965 3449 1239 3503 sederent
1293 3450 1351 3502 in
1401 3464 1503 3502 ore
1535 3449 1681 3513 eius,
1736 3448 1839 3503 alii
1872 3450 1929 3502 in
1959 3449 2142 3503 oculis

2291 3455 2351 3503 τὸ
2384 3457 2552 3522 στόμα
2582 3450 2762 3513 αὐτοῦ,
2804 3451 2853 3502 οἱ
2885 3447 2943 3503 δὲ
2984 3450 3050 3510 εἰς
3080 3456 3199 3513 τοὺς
3234 3451 3532 3524 ὀφθαλμούς
3560 3454 3722 3506 αὐτοῦ
3750 3470 3765 3484 ·
3802 3460 3891 3507 καὶ

529 3536 1303 3609 Simulconspexiangelum
1339 3537 1880 3591 Dominitenentem
1913 3537 2145 3606 gladiun

2293 3537 2431 3593 εἶδον
2462 3539 2676 3611 ἄγγελον
2715 3544 2899 3612 κυρίου
2951 3545 3242 3611 κατέχοντα
3282 3542 3548 3616 ῥομφαίαν
3587 3550 3771 3619 πυρός,
3805 3549 3892 3597 καὶ

520 3628 698 3702 ignis.
731 3626 1281 3683 circumvallantem
1309 3641 1470 3688 eum,
1510 3625 1957 3698 daemonesque
1991 3626 2068 3682 ab
2108 3643 2136 3682 e

2290 3636 2751 3704 περιχαρακοῡντα
2810 3629 2965 3681 αύτόν
3014 3635 3103 3682 καὶ
3161 3626 3421 3683 διώκοντα
3458 3637 3580 3693 τοὺς
3634 3630 3892 3705 δαίμονας

522 3716 974 3791 propellentem.
1034 3720 1103 3770 At
1152 3714 1360 3769 maiori
1392 3730 1509 3769 non
1542 3720 1812 3785 poterant
1851 3718 2138 3788 appropin

2292 3718 2379 3771 ἀπ’
2427 3719 2585 3771 αὐτοῦ
2619 3737 2631 3750 ·
2674 3727 2746 3789 τῷ
2787 3716 2846 3771 δε
2876 3719 3159 3791 μειζοτέρῳ
3191 3720 3285 3771 ούκ
3324 3717 3569 3774 ἐδύναντο
3608 3727 3891 3795 προσεγγί-

521 3822 733 3880 quare.
761 3806 914 3861 Circa
937 3805 1291 3860 matutinum
1319 3820 1456 3859 vero
1472 3811 1708 3874 tempus
1733 3805 2134 3861 recubuerunt

2293 3828 2383 3861 σαι
2411 3828 2424 3841 ·
2467 3812 2558 3861 καὶ
2600 3810 2663 3867 ὡς
2702 3814 2818 3883 περὶ
2861 3812 2955 3867 τήν
2999 3811 3185 3880 προίαν
3207 3811 3396 3867 ἔθηκαν
3441 3814 3654 3872 ἑαυτούς
3686 3829 3698 3841 ·
3741 3811 3887 3883 κάγὼ

521 3902 700 3969 atque
718 3910 828 3964 ego
842 3894 1167 3950 assimilavi
1182 3909 1269 3948 me
1289 3910 1415 3949 mox
1433 3893 1899 3965 expergefactum
1919 3912 1932 3961 ;
1951 3894 2137 3967 ipsiqu

2290 3900 2516 3954 ἐποίησα
2546 3896 2765 3968 ἐμαυτὸν
2793 3898 2872 3948 ὅτι
2903 3894 3239 3965 διυπνίσθην,
3273 3903 3362 3949 καὶ
3406 3898 3556 3951 αὐτοὶ
3600 3902 3846 3959 ὡσαύτως
3874 3915 3887 3930 ·

523 3985 810 4042 similiter.
846 3984 965 4039 Hoc
998 3990 1196 4039 autem
1233 3983 1544 4038 dumtaxat
1601 3982 1743 4037 mihi
1788 3984 2059 4041 elocutus
2088 4000 2139 4039 es

2290 3984 2397 4040 εἶπε
2437 3984 2496 4038 δέ
2543 4005 2633 4057 μοι
2663 3986 2688 4037 6
2729 3986 2919 4057 μείζων
2964 3989 3050 4037 τόν
3092 3986 3240 4057 λόγον
3288 3994 3469 4039 τοῦτον
3500 3993 3654 4060 μόνον
3684 4006 3698 4019 ο
3735 3988 3892 4049 θελεις

518 4068 765 4132 verbum
788 4074 978 4145 major
1003 4090 1015 4129 :
1042 4074 1139 4127 Vis
1169 4072 1484 4128 recitemus
1508 4072 1829 4128 duodecim
1858 4074 2125 4144 psalmos

2291 4074 2529 4149 βάλωμεν
2560 4078 2680 4134 τοὺς
2703 4071 2914 4127 δώδεκα
3140 4076 3378 4148 ψαλμοὺς
3410 4094 3424 4144 ;
3447 4077 3578 4149 λέγω
3611 4098 3623 4110 ·
3652 4084 3738 4130 ναί
3762 4097 3776 4111 ’
3800 4083 3893 4131 καὶ

518 4165 624 4221 Aio
656 4179 669 4219 :
702 4165 910 4219 Etiam.
936 4165 1082 4219 Tum
1107 4160 1304 4233 psallit
1328 4162 1525 4216 minor
1548 4160 1818 4234 quinque
1840 4162 2125 4232 psalmos,

2288 4164 2472 4236 ψάλλει
2522 4164 2547 4215 6
2602 4168 2904 4238 μικρότερος
2961 4169 3108 4216 πέντε
3158 4164 3398 4237 ψαλμοὺς
3446 4165 3547 4219 ἀπὸ
3587 4166 3640 4230 ἓξ
3692 4173 3893 4239 στίχων

520 4269 623 4310 sex
638 4253 930 4319 versibus,
948 4258 1002 4306 et
1019 4266 1204 4305 unum
1225 4250 1482 4313 alleluia,
1497 4256 1671 4320 atque
1684 4251 1759 4305 ad
1777 4266 2136 4322 unumqueu

2290 4258 2380 4305 xui
2408 4253 2456 4305 ἓν
2488 4251 2768 4310 ἀλληλούια
2799 4273 2813 4287 ·
2860 4259 2947 4307 καὶ
2979 4258 3114 4306 κατὰ
3166 4260 3354 4326 στίχον
3398 4255 3652 4328 ἓξήρχετο
3681 4257 3894 4328 λαμπὰς

518 4357 636 4415 que
675 4357 913 4397 versum
956 4340 1153 4394 exibat
1192 4339 1345 4408 ignis
1378 4339 1610 4407 lampas
1650 4355 1720 4393 ex
1756 4355 1857 4394 ore
1897 4340 2040 4410 ejus,
2079 4357 2134 4395 ει(

2290 4344 2455 4415 πυρός
2493 4344 2548 4392 ἑκ
2598 4350 2687 4393 τοῦ
2732 4346 2985 4415 στόματος
3034 4344 3215 4406 αὐτοῦ,
3262 4351 3352 4397 καὶ
3394 4344 3649 4399 ἀνέϐαινεν
3704 4346 3774 4406 εἰς
3804 4349 3894 4398 τὸν

519 4430 965 4501 scendebatque
990 4429 1047 4483 in
1078 4428 1332 4483 coelum.
1383 4427 1508 4481 Pari
1556 4426 1738 4481 modo
1784 4426 1959 4482 etiam
1991 4429 2135 4499 majc

2291 4434 2505 4503 οὐρανόν
2538 4446 2548 4458 ·
2593 4432 2843 4493 ὡσαύτως
2883 4438 2972 4484 καὶ
3003 4434 3028 4484 6
3072 4433 3262 4504 μείζων
3304 4435 3381 4487 ὅτι
3414 4439 3591 4506 ἤνοιγε
3622 4438 3681 4487 τὸ
3718 4441 3894 4507 στόμα

520 4518 765 4593 quando
788 4518 1094 4591 aperiebat
1112 4532 1179 4571 os
1194 4532 1362 4569 suum
1386 4514 1711 4586 psallendo,
1728 4521 2010 4587 tanquam
2029 4517 2128 4571 fun

2292 4501 2451 4571 αύήτοῡ
2481 4518 2710 4591 ψάλλων,
2756 4522 2825 4582 ὡς
2868 4501 3101 4593 σχοινίον
3142 4526 3300 4595 πυρός
3352 4525 3437 4595 (α)
3486 4501 3765 4596 ἐξήρχετο,
3798 4501 3893 4577 καὶ

519 4608 690 4665 culus
736 4609 888 4680 ignis
944 4604 1380 4687 egrediebatur,
1410 4609 1467 4658 et
1506 4604 1878 4674 pertingebat
1910 4622 2091 4677 usque
2121 4607 2134 4663 i

2290 4611 2497 4681 ἔφθανεν
2558 4609 2650 4672 ἕως
2714 4618 2807 4663 τοῦ
2856 4611 3114 4685 ούρανοῦ·
3164 4612 3309 4685 κάγὼ
3350 4610 3489 4666 εἷπον
3548 4620 3733 4688 μικρόν
3791 4613 3897 4667 ἀπὸ

520 4698 778 4755 coelum.
815 4697 1000 4751 Etiam
1033 4709 1144 4763 ego
1198 4708 1521 4763 parumper
1559 4709 1629 4748 ex
1662 4698 1898 4764 pectore
1923 4698 2135 4752 recitav

2294 4700 2521 4759 στήθους
2549 4719 2561 4732 ·
2607 4705 2697 4753 καὶ
2747 4700 2960 4763 ἐξελθὼν
2992 4702 3124 4773 λέγω
3156 4720 3170 4735 ο
3216 4702 3434 4765 εὔξασθε
3458 4710 3577 4775 περὶ
3618 4704 3666 4739 ³⁷
3708 4706 3835 4776 ἑμοῦ
3876 4720 3890 4733 ·

519 4784 666 4842 Dein
702 4786 906 4841 exiens
935 4783 1054 4838 dixi
1085 4804 1095 4835 :
1131 4782 1302 4837 Orate
1317 4797 1551 4852 prome.
1576 4782 1692 4853 Ipsi
1715 4787 1912 4839 autem
1939 4784 2135 4841 inclina

2290 4788 2439 4841 αὐτοὶ
2492 4785 2549 4841 δε
2608 4789 2783 4842 ἔϐαλον
2844 4792 3120 4862 μετάνοιαν
3188 4801 3524 4853 σιωπῶντες·
3560 4795 3749 4865 ἔμαθον
3809 4788 3900 4845 οὖν

517 4879 731 4930 verunt
758 4888 821 4928 se
852 4879 908 4928 et
939 4876 1271 4928 tacuerunt.
1315 4870 1585 4942 Comperi
1607 4886 1769 4940 ergo,
1797 4873 1961 4944 quod
1989 4874 2133 4945 majc

2291 4879 2371 4931 ὅτι
2419 4880 2444 4930 6
2498 4882 2689 4951 μείζων
2749 4880 2938 4942 τελειός
2990 4883 3122 4946 ἐστι,
3179 4890 3252 4952 τῷ
3300 4879 3359 4935 δε
3405 4887 3695 4956 μικροτέρῳ
3724 4881 3900 4955 ἀκμὴν

522 4962 818 5037 perfectus
856 4967 1031 5029 esset,
1064 4960 1356 5016 minorem
1388 4975 1527 5015 vero
1573 4962 1772 5019 adhuc
1803 4961 2138 5034 impugnari

2291 4965 2527 5039 ἂπολέμει
2582 4969 2607 5020 6
2668 4971 2908 5043 ἐχθρός·
2960 4973 3092 5042 μετὰ
3158 4967 3216 5023 δε
3264 4974 3455 5046 μικρὰς
3514 4974 3713 5045 ἡμέρας
3759 4975 3904 5025 ἐκοι-

519 5053 831 5111 inimicus.
865 5052 1132 5107 Ceterum
1189 5054 1327 5121 post
1362 5064 1591 5121 paucos
1641 5049 1767 5107 dies
1818 5051 2135 5109 obdormiv

2290 5058 2433 5129 μήθη
2477 5058 2502 5108 6
2554 5058 2746 5129 μείζων
2802 5055 3038 5131 ἀδελφός,
3081 5064 3169 5113 καὶ
3208 5068 3269 5133 τῇ
3331 5066 3479 5136 τρίτη
3529 5064 3701 5136 ἡμέρᾳ
3738 5063 3763 5114 6
3803 5082 3896 5135 μι-

1882 5168 2145 5225 VARIAE
2187 5173 2476 5230 LECTION
2485 5173 2589 5230 ES.

598 5283 766 5341 31A],
800 5286 1123 5411 patriae“
1164 5297 1176 5311 ⁸
1261 5284 1307 5371 ξ’
1338 5282 1428 5338 ΑΙ.
1470 5280 1743 5337 πλέκων·
1824 5285 2005 5373 ³³,Α1.
2036 5291 2438 5415 μικρόἮος.
2516 5289 2567 5324 ³⁴
2604 5289 2691 5345 Al.
2744 5290 2923 5347 inser.
2965 5291 3149 5351 ἄλλην
3183 5333 3197 5348 .
3276 5293 3324 5330 ⁸⁸
3380 5293 3465 5349 Al.
3510 5294 3574 5348 έν
3614 5293 3818 5370 ἡμέρᾳ
3849 5331 3866 5347 .

598 5358 644 5394 ³⁸
679 5358 876 5415 Corr..
950 5356 1165 5413 oteler.
1205 5356 2103 5415 ζωνουσιν;81.ζωννυουσι.
2182 5360 2224 5394 ³⁷
2328 5401 2341 5415 .
2382 5360 2561 5415 ὑπέρ.

594 5358 644 5431 ξε
679 5356 876 5422 ϐοή-η
907 5356 1165 5413 Coteler.
1205 5356 1525 5416 ζώνουσιν
1551 5372 1565 5425 ;
1593 5356 1669 5413 al.
1706 5356 2061 5420 ζωννύουσι
2088 5395 2103 5411 .
2157 5356 2224 5394 ’³⁷
2252 5356 2341 5415 ΑΙ.
2382 5360 2561 5433 ὑπέρ.

2083 5484 2313 5541 NOTAE

594 5610 677 5681 (a)
702 5611 1157 5687 Σχοενιον-πυρός,
1200 5608 1516 5687 funiculus
1564 5605 1971 5687 ignisﬁuﬂno
2000 5608 2183 5687 inter:
2289 5608 2537 5687 Joannis
2563 5612 2900 5687 versionem
2930 5613 2989 5669 in
3017 5613 3233 5670 iisdem
3251 5614 3395 5670 Vitis
3414 5616 3651 5672 Patrum
3683 5617 3899 5685 fumus

524 5679 691 5758 prete
722 5679 860 5759 [VV.
895 5680 998 5737 PP.
1034 5679 1227 5738 Rom.
1258 5679 1363 5737 lib.
1396 5680 1469 5735 III
1521 5694 1655 5751 cap.
1702 5680 1850 5748 195].
1886 5682 2063 5738 Porro
2104 5680 2180 5737 ad
2292 5682 2543 5757 irrepsit,
2571 5684 2962 5743 exabbreviat
2984 5687 3617 5759 uravocisfuniculus.
3642 5679 3901 5747 Cornea

2296 3102 2443 3147 νῦσιν
2492 3096 2539 3130 ³⁸
2580 3094 2811 3163 ἑαυτούς,
2861 3100 2949 3146 καὶ
2994 3093 3275 3147 ἔκτείνουσι
3322 3098 3416 3158 τὰς
3464 3104 3650 3169 χεῖρας
3688 3097 3760 3159 εἰς
3808 3101 3898 3149 τὸν
