4092 6252
264 265 360 320 257

271 392 488 462 κρότερος
517 387 631 436 ’καὶ
672 385 755 434 ὅτε
800 380 1089 454 παρέϐαλόν
1139 401 1264 442 τινες
1305 389 1404 433 τῶν
1447 386 1678 457 πατέρων
1714 384 1838 455 πρὸς
1873 382 1919 436 Α

271 480 350 529 τὸν
389 475 533 527 ἀϐϐᾱν
579 474 870 544 Μακάριόν,
926 470 1204 542 ἐλάμϐανεν
1257 471 1446 533 αύτούς
1499 472 1569 531 εἰς
1606 475 1700 529 τὴν
1729 470 1838 523 κελ-

271 566 348 618 λαν
391 564 546 617 αὐτῶν
597 562 799 633 λέγων·
855 556 1023 626 δεῦτε,
1097 557 1236 613 ἴδετε
1276 564 1333 613 τὸ
1390 564 1673 636 μαρτύριον
1742 568 1838 612 τῶν

263 660 441 726 μικρῶν
469 652 618 715 ξένων

324 743 408 798 34.
464 739 795 794 Ἀπεστειλάν
851 757 976 791 ποτε
1035 740 1165 811 πρὸς
1219 742 1306 791 τόν
1351 738 1513 791 ἀϐϐᾶν
1571 740 1839 812 Μακάριον

258 831 300 884 ἐν
557 837 618 902 τῇ
677 833 857 886 Σκητει
889 829 937 880 οἱ
975 831 1208 900 γέροντες
1256 835 1348 880 τοῦ
1401 833 1571 903 ὅρους,
1603 847 1837 903 παρακα-

254 922 444 981 λοῦντες
483 919 639 971 αὐτόν
669 936 681 948 ·
717 922 806 970 καί
857 936 988 989 φασι
1026 920 1157 992 πρὸς
1202 917 1358 969 αὐτόν
1392 938 1403 950 ·
1452 919 1533 970 ἶνα
1571 922 1641 980 μὴ
1673 917 1834 989 σκυλῇ

253 1010 396 1070 πᾶςό
443 1008 567 1068 λαὸς
623 1009 754 1079 1:96;
811 1009 883 1069 σέ,
923 1004 1162 1078 ἀξιοῦμέν
1204 1025 1261 1058 σε
1298 1009 1681 1079 παραγενέσθαι
1710 1010 1838 1080 πρὸς

253 1101 405 1171 ἡμᾶς,
447 1100 580 1158 ὅπως
622 1097 929 1168 θεασώμεθα
972 1097 1072 1169 πρὸ
1125 1102 1218 1147 τοῦ
1262 1114 1318 1147 σε
1361 1092 1667 1168 ἐκδημῆσαι
1710 1099 1841 1170 πρὸς

255 1191 426 1260 κύριον
458 1189 912 1260 ’παραγενομένου
973 1183 1132 1236 αὐτοῦ
1198 1184 1247 1236 ἐν
1297 1193 1368 1255 τῷ
1417 1189 1541 1258 ὄρει,
1593 1187 1837 1256 συνήχθη

254 1282 348 1338 πᾶς
388 1278 412 1327 ό
450 1275 571 1337 λαὸς
622 1277 748 1349 πρὸς
803 1273 958 1326 αύτον
991 1287 1004 1303 ⁸
1076 1279 1166 1325 καὶ
1213 1275 1535 1346 παρεκάλουν
1589 1275 1740 1326 αὐτόν
1793 1275 1842 1325 οἱ

253 1371 474 1439 γέροντες
522 1366 678 1418 εἰπεῖν
719 1363 868 1436 λόγον
920 1371 1029 1425 τοῖς
1085 1359 1326 1435 ἀδελφοῖς
1361 1382 1371 1393 ·
1406 1365 1431 1414 6
1508 1360 1566 1416 δὲ
1615 1363 1842 1424 ἀκούσας

255 1457 343 1526 ἔφη
394 1469 407 1482 ⁸

256 1543 503 1615 ὀφθαλμοὶ
579 1544 724 1613 ἡμῶν
804 1537 1026 1613 δάκρυα,
1090 1545 1190 1616 πρὸ
1255 1549 1346 1593 τοῦ
1399 1543 1534 1613 ἡμᾶς
1587 1541 1838 1608 ἀπελθεῖν,

473 1453 798 1524 κλαύσωμεν,
879 1449 1093 1523 ἀδελφοί
1149 1457 1238 1504 καὶ
1305 1457 1742 1522 καταγαγέτωσαν
1793 1454 1842 1504 οἱ

258 1633 382 1684 ὅπου
412 1633 479 1683 τὰ
512 1632 655 1702 ἡμῶν
688 1626 892 1699 δάκρυα
931 1634 1255 1682 κατακαύσει
1287 1633 1350 1682 τὰ
1393 1636 1612 1702 σώματα
1653 1633 1796 1703 ἡμῶν
1827 1673 1838 1685 .

259 1726 345 1772 καὶ
394 1720 644 1773 ἔκλαυσαν
673 1721 875 1783 πάντες,
926 1725 1016 1771 καὶ
1070 1722 1249 1772 ἔπεσον
1297 1722 1382 1771 ἐπὶ
1437 1724 1713 1792 πρόσωπον
1753 1721 1843 1772 αὖ·
1879 1734 1919 1787 Β

252 1817 349 1862 τῶν
374 1814 462 1861 καὶ
487 1810 624 1861 εἶπον
656 1829 668 1842 ·
702 1809 884 1880 πάτερ,
912 1806 1058 1872 εὖξαι
1085 1810 1210 1882 ὑπὲρ
1243 1811 1387 1881 ἡμῶν

316 1899 403 1954 35.
455 1896 668 1952 ’Ἄλλοτε
711 1898 865 1949 πάλιν
920 1894 1125 1968 δαιμων
1174 1896 1361 1955 ἐπέστη
1424 1905 1494 1967 τῷ
1547 1893 1682 1970 ἀϐϐᾇ
1733 1905 1843 1951 Μα-

245 1993 406 2060 καρίῳ
435 1990 569 2060 μετὰ
610 1991 928 2059 μαχαιρίου,
965 1987 1116 2039 θέλων
1146 1989 1229 2038 νὸν
1259 1983 1402 2039 πόδα
1446 1987 1605 2039 αὐτοῦ
1631 1987 1794 2058 κόψαι
1823 2004 1839 2021 ο

245 2081 332 2128 καὶ
384 2073 477 2129 διὰ
533 2079 622 2133 τὴν
671 2078 1148 2149 ταπεινοφροσύνην
1217 2075 1377 2127 αὑτοῦ
1451 2080 1523 2148 μή
1601 2072 1842 2138 δυνηθεὶς

245 2164 372 2236 λέγει
426 2164 568 2234 αύτῷ
601 2180 616 2194 °
651 2166 751 2216 ὅσα
808 2167 975 2235 ἔχετε,
1021 2169 1110 2216 καὶ
1149 2166 1297 2234 ἡμεῖς
1334 2166 1521 2235 ἔχομεν
1554 2182 1565 2194 ’
1615 2170 1744 2237 μόνη
1777 2173 1838 2237 τῇ

245 2257 685 2327 ταπεινοφροσύνῃ
722 2250 991 2328 διαφέρετε
1018 2255 1184 2325 ἡμῶν,
1216 2258 1306 2306 καὶ
1330 2260 1562 2326 κρατεῖτε

529 2432 617 2487 36.
659 2429 812 2484 Εἶπεν
858 2432 883 2481 6
931 2429 1096 2492 ἀϐϐᾶς
1124 2432 1390 2505 Μακάριος
1425 2451 1437 2464 ·
1480 2433 1564 2484 ἐὰν
1594 2433 1843 2503 μνησθῶ-

246 2541 327 2592 μεν
364 2532 463 2574 τῶν
523 2522 624 2572 ὑπὸ
673 2528 778 2571 τῶν
838 2518 1116 2592 ἀνθρώπων
1183 2521 1509 2591 ἐπαγομένων
1574 2522 1699 2592 ἡμῖν
1756 2541 1847 2573 κα-

245 2619 358 2675 κῶν,
406 2610 728 2684 ὰναιροῦμεν
773 2613 867 2666 τὴν
923 2605 1144 2680 δύναμιν
1189 2617 1278 2669 τῆς
1306 2617 1395 2661 τοῦ
1424 2617 1557 2662 Θεοῦ
1587 2615 1795 2681 μνήμης
1828 2628 1842 2642 ο

245 2698 324 2751 ἐὰν
357 2697 414 2752 δε
454 2700 774 2772 μνησθῶμεν
807 2705 905 2749 τῶν
954 2705 1125 2749 κακῶν
1157 2706 1254 2750 τῶν
1296 2695 1577 2770 δαιμόνων,
1625 2702 1849 2770 ἐσόμεθα

243 2790 467 2863 ἄτρωτοι
504 2789 614 2860 (d).

313 2879 402 2932 3'7.
436 2879 594 2932 Εἶπεν
625 2877 650 2928 6
683 2874 846 2937 ἀϐϐᾶς
896 2877 1218 2947 Παφνούτιος
1249 2876 1274 2927 ό
1320 2879 1564 2948 μαθητὴς
1591 2883 1680 2928 τοῦ
1713 2875 1849 2927 ἀϐϐᾶ

244 2968 546 3038 Μακαρίου,
590 2966 670 3017 ὅτι
710 2964 873 3036 ἔλεγεν
905 2965 930 3015 6
976 2968 1159 3036 γέρων,
1194 2967 1274 3016 ὅτι
1305 2967 1387 3017 ὅτε
1426 2969 1566 3036 ἤμην
1610 2962 1844 3030 παιδίον,

248 3057 380 3126 μετὰ
421 3063 522 3106 τῶν
571 3053 731 3106 ἄλλων
772 3049 998 3106 παιδίων
1039 3053 1254 3106 ἔϐοσκον
1288 3050 1478 3125 βοΐδια
1511 3075 1522 3087 ·
1566 3058 1654 3106 καὶ
1686 3052 1844 3111 ἀπῆλ-
1880 3083 1920 3139 C

253 3145 338 3195 θον
370 3142 558 3214 κλέψαι
606 3140 825 3196 συκίδια
857 3162 869 3176 ·
927 3147 1016 3194 καὶ
1060 3146 1123 3203 ὡς
1169 3147 1474 3216 τρέχουσιν,
1504 3145 1676 3195 ἔπεσεν
1717 3143 1765 3193 ἓν
1797 3141 1848 3204 ἐξ

251 3232 444 3297 αὐτῶν,
475 3237 566 3283 καὶ
612 3230 781 3283 λαϐὼν
835 3235 1020 3303 ἔφαγον
1068 3232 1196 3284 αύτό
1231 3249 1241 3261 °
1289 3238 1379 3284 καὶ
1419 3233 1501 3284 ὅτε
1546 3234 1847 3303 μνημονεύω

258 3320 442 3384 αὐτοῦ,
475 3321 712 3390 κάθημαι
740 3319 948 3372 κλαίων.

329 3406 421 3462 38.
467 3405 616 3460 Εἶπεν
646 3410 671 3459 6
722 3407 882 3470 ἀϐϐᾶς
919 3410 1208 3484 Μακάριος,
1266 3411 1345 3461 ὅτι
1393 3418 1688 3483 περιπατῶν
1727 3418 1849 3461 ποτε

253 3495 325 3556 εἰς
367 3500 464 3554 τὴν
514 3498 718 3569 ἔρημον,
762 3498 903 3570 εὗρον
950 3503 1157 3573 κρανίον
1208 3499 1278 3560 εἰς
1325 3501 1381 3550 τὸ
1433 3495 1624 3568 ἔδαφος
1671 3505 1849 3571 νεκροῦ

249 3581 558 3658 ἔρῥιμμένον
614 3602 626 3614 ·
677 3591 764 3640 καὶ
822 3586 1076 3648 σαλεύσας
1125 3587 1250 3639 αύτὸ
1303 3595 1366 3658 τῇ
1430 3585 1586 3659 βαίνῃ
1644 3583 1846 3661 ῥάϐδῳ,

244 3673 471 3731 ἑλάλησέ
512 3694 603 3746 μοι
654 3680 710 3728 τὸ
743 3681 952 3750 κρανίον
993 3691 1005 3703 ·
1057 3681 1146 3728 καὶ
1171 3675 1302 3746 λέγω
1327 3675 1467 3746 αὐτῷ
1505 3690 1517 3702 ⁶
1561 3679 1625 3726 σύ
1655 3680 1728 3736 τίς
1761 3673 1806 3727 εἶ
1834 3692 1848 3742 ;

1106 3764 1204 3836 ἐγὼ
1249 3769 1387 3838 ἤμην
1446 3763 1724 3839 ἀρχιερεὺς
1753 3772 1852 3816 τῶν

243 3851 500 3920 εἰδώλων,
533 3862 623 3907 καὶ
662 3863 760 3907 τῶν
813 3856 1093 3927 μεινάντων
1144 3853 1395 3912 Ἑλλήνων
1440 3855 1486 3889 ³⁸
1522 3853 1569 3905 ἐν
1599 3861 1670 3924 τῷ
1715 3859 1852 3926 τόπῳ

243 3761 508 3836 ἀπεκρίθη
557 3785 647 3837 μοι
695 3770 752 3818 τό
801 3770 1010 3838 κρανίον
1044 3784 1056 3797 ·

238 3946 413 4015 τούτῳ
449 3961 462 3972 ·
511 3947 577 3995 σὺ
625 3940 682 3996 δὲ
744 3945 791 3996 εἴ
829 3947 1101 4017 Μακάριος
1146 3944 1170 3994 6
1213 3947 1632 4016 πνευματοφόρος
1679 3961 1689 3971 ·
1741 3945 1852 3996 οἵαν

240 4033 382 4107 ὤραν
667 4031 1076 4104 σπλαγχνισθῇς
1118 4035 1239 4093 τοὺς
1291 4033 1342 4084 ἐν
1390 4039 1451 4104 τῇ
1501 4031 1730 4098 κολάσει,
1764 4032 1853 4079 καὶ¹

239 4125 378 4194 εὔχῃ
413 4126 541 4196 περὶ
581 4121 769 4186 αὐτῶν,
816 4123 1249 4195 παραμυθοῦνται
1289 4121 1459 4192 ὀλίγον
1494 4136 1505 4149 ⁸
1546 4119 1682 4190 λέγει
1714 4117 1854 4188 αύτῷ

237 4213 263 4263 ό
291 4215 464 4285 γέρων
503 4228 517 4238 ·
548 4214 676 4262 ποία
705 4210 846 4263 ἐστὶν
875 4212 904 4268 ἡ
935 4212 1263 4285 παραμυθία,
1296 4215 1386 4262 καὶ
1417 4215 1492 4270 τίς
1521 4211 1550 4267 ἡ
1595 4207 1808 4266 κόλασις
1837 4225 1849 4272 ;

235 4298 378 4371 λέγει
438 4300 631 4370 αὐτῷ·
680 4301 800 4352 ὅσον
855 4299 1044 4372 ἀπέχει
1099 4302 1124 4351 ό
1185 4299 1395 4373 ούρανός
1447 4297 1548 4350 ὰπὸ
1603 4306 1713 4361 τῆς,
1773 4314 1853 4347 το-

241 4393 432 4442 σοῦτόν
469 4388 619 4441 ἐστιν
671 4396 774 4463 πῦρ
819 4391 1148 4442 ὑποκάτωθεν
1193 4391 1357 4461 ἡμῶν,
1393 4387 1492 4440 ἀπὸ
1539 4383 1714 4439 ποδῶν
1763 4386 1854 4446 ἕως
1891 4435 1934 4490 D

372 4478 435 4490 ς-
537 4475 549 4489 ν
706 4481 714 4490 .
879 4479 891 4490 .
960 4486 980 4490 _
1123 4483 1132 4490 .
1344 4485 1357 4490 -
1513 4480 1522 4490 ,
1720 4480 1728 4488 .
1805 4473 1817 4489 .

237 4478 468 4550 κεφαλῆς
531 4475 821 4534 ἑστηκότων
870 4479 1015 4549 ἡμῶν
1069 4483 1225 4550 μέσον
1273 4485 1363 4530 τοῦ
1394 4480 1554 4551 πυρός
1592 4491 1604 4503 ·
1649 4480 1736 4526 καὶ
1763 4473 1856 4525 ούκ

242 4569 359 4620 ἔστι
410 4571 702 4640 πρόσωπον
742 4571 867 4640 πρὸς
907 4572 1186 4641 πρόσωπον
1237 4568 1530 4620 θεάσασθαί
1562 4583 1697 4631 τινα,
1731 4562 1858 4614 ἀλλὰ

244 4659 304 4707 τὸ
353 4661 646 4728 πρόσωπον
693 4655 914 4709 ἑκάστου
947 4660 993 4692 ³9
1043 4661 1171 4729 πρὸς
1213 4659 1300 4708 τὸν
1358 4655 1527 4726 ἑτέρου
1577 4658 1734 4704 νῶτον
1773 4670 1858 4703 κε-

246 4744 506 4802 κόλληται
553 4762 563 4773 ·
598 4748 666 4807 ὡς
712 4743 799 4797 οὖν
853 4749 986 4819 εὔχῃ
1052 4747 1178 4821 ὑπὲρ
1237 4747 1402 4818 ἡμῶν,
1461 4745 1516 4795 ἐκ
1559 4746 1747 4818 μέρους
1783 4760 1858 4801 τις

248 4837 436 4907 θεωρεῖ
490 4837 552 4886 τό
594 4837 872 4908 πρόσωπον
927 4843 1018 4888 τοῦ
1063 4835 1236 4910 ἐτέρου
1270 4851 1281 4865 ·
1312 4835 1440 4892 αὕτη
1489 4832 1630 4886 ἐστὶν
1673 4832 1705 4889 ἡ
1756 4849 1860 4882 πα-

1597 254 2256 313 APOPHTHEGMATA.

3498 267 3604 323 258

1951 380 2144 436 maior
2174 381 2372 447 frater,
2409 397 2477 438 ac
2505 383 2676 439 tertia
2699 383 2796 439 die
2829 384 3043 441 minor.
3065 387 3333 460 Cumque
3363 405 3394 446 e
3421 391 3600 447 Patri-

1947 467 2063 524 bus
2094 470 2364 526 nonnulli
2395 471 2628 527 adirent
2668 473 2986 529 Macarium
3017 474 3320 546 abbatem,
3343 479 3602 536 ducebat

1949 573 2052 613 eos
2076 558 2134 614 in
2179 559 2390 616 cellam
2435 576 2641 616 eorum
2673 562 2874 618 dicens
2904 579 2916 616 ;
2969 565 3187 633 Venite,
3221 566 3415 624 videte
3447 584 3602 626 mar-

1950 647 2169 717 tyrium
2201 649 2504 705 minorum
2523 650 2997 722 peregrinorum.

2021 736 2108 791 34.
2151 738 2430 794 Miserunt
2471 739 2798 812 aliquando
2839 741 2917 797 ad
2956 744 3278 800 Macarium
3317 745 3602 804 abbatem

1949 823 2008 879 in
2042 826 2191 880 Sceti
2222 843 2393 882 senes
2425 828 2666 892 montis,
2696 835 3006 900 precantes
3033 847 3170 888 eum
3202 849 3273 890 ac
3303 834 3599 892 dicentes:

1951 915 2028 968 Ne
2071 914 2348 972 universa
2389 917 2706 974 multitudo
2746 919 2822 974 ad
2863 923 2915 975 te
2956 921 3252 979 veniendo
3303 923 3600 994 fatigetur,

1951 1017 2286 1073 precamur,
2335 1010 2397 1061 ut
2447 1007 2698 1062 accedas
2747 1008 2825 1064 ad
2876 1023 3004 1074 nos,
3052 1014 3224 1082 teque
3263 1012 3598 1079 videamus,

1950 1095 2275 1164 antequam
2295 1095 2551 1164 emigres
2573 1095 2651 1152 ad
2675 1096 3015 1153 Dominum.
3037 1099 3302 1164 Quicum
3320 1101 3604 1159 adfuisset

1952 1179 2010 1235 in
2040 1186 2260 1252 monte,
2287 1188 2651 1256 congregata
2677 1188 2764 1241 est
2783 1186 2981 1242 omnis
3006 1187 3322 1245 multitudo
3343 1189 3420 1246 ad
3438 1206 3598 1247 eum.

1951 1268 2135 1324 Senes
2161 1285 2300 1326 vero
2339 1278 2722 1341 rogaverunt,
2754 1278 2816 1330 ut
2847 1274 2924 1330 ad
2965 1274 3173 1332 fratres
3211 1277 3458 1336 haberet
3484 1295 3600 1336 ser-

1953 1373 2214 1413 monem.
2253 1359 2348 1416 llle
2382 1361 2600 1430 igitur:
2653 1362 2976 1429 Ploremus,
3018 1364 3234 1436 inquit,
3274 1366 3504 1434 fratres,
3546 1373 3604 1425 et

1951 1445 2106 1501 oculi
2155 1449 2342 1503 nostri
2398 1449 2764 1519 profundant
2807 1450 3106 1520 lacrimas,
3155 1459 3484 1527 antequam
3532 1471 3603 1512 eo

1953 1533 2263 1599 abeamus,
2307 1537 2403 1592 ubi
2453 1538 2712 1594 lacrimae
2751 1544 2966 1596 nostrae
3007 1541 3410 1599 combustum
3465 1549 3605 1601 sunt

1952 1638 2204 1694 corpora
2226 1631 2455 1682 nostra.
2498 1630 2564 1682 Et
2595 1628 2972 1699 ploraverunt
2993 1633 3212 1698 cuncti,
3240 1633 3604 1691 ceciderunt-

1951 1727 2069 1784 que
2097 1728 2277 1784 super
2306 1714 2517 1772 faciem
2543 1731 2722 1773 suam
2751 1723 2807 1774 et
2827 1718 3104 1774 dixerunt
3129 1737 3142 1775 :
3167 1723 3352 1787 Pater,
3374 1739 3482 1780 ora
3496 1739 3603 1795 pro

1954 1801 2148 1856 nobis.

2023 1889 2111 1944 35.
2141 1891 2490 1948 Aliaiterum
2525 1893 2650 1949 vice
2680 1893 2942 1951 daemon
2965 1896 3254 1953 adversus
3276 1898 3605 1956 Macarium

1954 1977 2234 2035 abbatem
2268 1981 2588 2037 insurrexit
2618 1999 2757 2038 cum
2780 1982 3060 2053 gladiolo,
3087 1985 3213 2057 ejus
3241 1987 3455 2058 pedem
3476 2003 3607 2045 am-

1953 2071 2291 2138 putaturus.
2309 2069 2477 2134 Quod
2505 2086 2644 2126 cum
2663 2072 3312 2142 propterhumilitatem
3335 2075 3461 2132 eius
3483 2092 3605 2134 non

1954 2157 2258 2227 potuisset,
2305 2159 2357 2213 ei
2390 2177 2403 2219 :
2448 2159 2850 2231 Quaecunque
2889 2161 3143 2233 habetis,
3187 2163 3397 2237 inquit,
3421 2165 3608 2222 habe-

1954 2261 2089 2300 mus
2127 2251 2186 2301 et
2214 2262 2322 2302 nos
2357 2264 2370 2313 ;
2413 2247 2541 2305 sola
2578 2248 2916 2306 humilitate
2956 2266 2992 2307 a
3039 2252 3216 2308 nobis
3237 2252 3507 2322 differtis,
3548 2260 3607 2312 et

1955 2335 2326 2405 praevaletis.

2024 2423 2113 2477 36.
2167 2423 2317 2479 Dixit
2349 2425 2635 2481 Macarius
2667 2425 2857 2482 abbas
2887 2444 2899 2483 :
2936 2428 2992 2484 Si
3035 2430 3453 2487 retinuerimus
3485 2447 3606 2488 me-

1954 2511 2210 2567 moriam
2229 2512 2522 2568 malorum
2549 2513 2628 2569 ab
2658 2514 3004 2570 hominibus
3034 2517 3205 2573 nobis
3223 2517 3602 2590 inﬂictorum,

1957 2599 2271 2655 abolemus
2299 2602 2419 2656 vim
2442 2602 2864 2659 recordationis
2894 2605 2990 2661 Dei
3015 2623 3029 2659 :
3059 2607 3109 2661 si
3142 2623 3280 2663 vero
3311 2609 3608 2666 recordati

1957 2689 2246 2744 fuerimus
2291 2694 2613 2757 malorum,
2661 2708 2817 2763 quae
2857 2710 2962 2765 per
3008 2695 3335 2752 daemones
3388 2699 3611 2756 contin-

1959 2783 2122 2848 gunt,
2153 2779 2377 2834 erimus
2409 2781 2785 2837 invulnerati.

2028 2866 2114 2921 37.
2150 2868 2516 2939 Paphnutius
2556 2870 2765 2938 abbas,
2801 2872 3034 2928 Macarii
3076 2873 3319 2930 abbatis
3356 2876 3608 2949 discipu-

1955 2955 2072 3020 lus,
2112 2956 2324 3020 retulit,
2368 2973 2572 3013 senem
2612 2959 2833 3014 dixisse
2867 2977 2879 3014 :
2924 2962 3178 3026 Quando
3229 2979 3380 3032 puer
3418 2980 3604 3033 eram,

1955 3043 2207 3101 buculas
2223 3061 2360 3101 cum
2374 3046 2503 3101 aliis
2518 3047 2716 3118 pueris
2740 3048 3088 3118 pascebam,
3104 3052 3203 3122 qui
3224 3060 3611 3124 perrexerunt

1957 3134 2220 3190 furatum
2252 3135 2420 3190 ficus.
2450 3136 2719 3208 Dumque
2737 3142 3002 3203 currunt,
3031 3154 3154 3195 una
3179 3155 3251 3196 ex
3281 3141 3350 3195 iis
3375 3141 3608 3209 cecidit,

1957 3240 2140 3295 quam
2160 3223 2370 3278 tollens
2390 3224 2642 3280 comedi.
2664 3226 2904 3290 Quoties
2925 3225 3099 3297 igitur
3121 3228 3204 3284 rei
3232 3229 3358 3285 eius
3387 3245 3613 3288 memo-

1956 3314 2044 3370 ria
2072 3312 2245 3376 redit,
2272 3313 2516 3383 plorans
2557 3312 2754 3370 sedeo.

2029 3400 2116 3456 38.
2148 3401 2418 3456 Narravit
2475 3401 2761 3458 Macarius
2810 3402 3051 3459 abbas:
3103 3407 3212 3462 Iter
3269 3421 3455 3477 agens
3505 3407 3613 3464 ali-

1958 3491 2204 3562 quando
2233 3505 2340 3563 per
2369 3506 2658 3556 eremum,
2693 3491 2892 3548 inveni
2924 3493 3246 3551 calvariam
3279 3497 3496 3553 mortui
3534 3497 3614 3554 ad

1962 3580 2158 3636 solum
2181 3580 2505 3647 iacentem;
2528 3597 2711 3652 quam
2732 3598 2869 3637 cum
2899 3582 3112 3640 baculo
3135 3584 3374 3655 palmeo
3397 3587 3616 3642 movis-

1963 3686 2111 3733 sem,
2143 3667 2343 3724 locuta
2372 3675 2460 3724 est
2493 3669 2633 3726 mihi
2651 3670 2928 3726 calvaria.
2957 3672 3095 3728 Dico
3126 3673 3177 3728 ei
3203 3689 3215 3727 :
3244 3675 3326 3730 Tu
3358 3675 3492 3747 quis
3508 3675 3614 3731 es?

1962 3757 2290 3829 Respondit
2358 3757 2503 3813 mihi
2564 3757 2874 3816 calvaria:
2945 3761 3065 3832 Ego
3127 3777 3292 3818 eram
3349 3761 3615 3835 pontifex

1963 3847 2284 3911 idolorum,
2335 3862 2665 3918 eorumque
2705 3848 3036 3916 gentilium,
3068 3850 3167 3921 qui
3209 3850 3269 3905 in
3318 3852 3432 3907 hoc
3482 3851 3615 3908 loco

1962 3934 2299 4006 degebant:
2346 3938 2406 3989 tu
2444 3950 2585 3989 vero
2617 3951 2680 3990 es
2712 3937 3000 3991 Macarius
3039 3936 3260 4008 Spiritu
3297 3938 3502 3994 divino
3530 3954 3616 3993 re-

1963 4025 2191 4097 pletus;
2225 4038 2586 4094 quacunque
2618 4023 2765 4079 hora
2796 4031 3135 4081 commotus
3178 4025 3359 4082 fueris
3392 4028 3617 4083 miseri-

1964 4112 2170 4169 cordia
2199 4125 2341 4181 erga
2371 4125 2494 4176 eos,
2521 4111 2625 4182 qui
2657 4112 2715 4166 in
2741 4113 3050 4168 tormentis
3076 4118 3233 4182 sunt,
3267 4118 3323 4171 et
3352 4117 3616 4170 oraveris

1964 4217 2074 4273 pro
2097 4201 2187 4270 iis,
2213 4199 2524 4270 paululum
2552 4202 2811 4256 sentiunt
2832 4201 3050 4259 solatii.
3083 4204 3173 4259 Ait
3197 4203 3619 4270 senex:Quod-

1967 4306 2108 4347 nam
2138 4295 2225 4346 est
2252 4289 2558 4356 solatium,
2591 4296 2646 4345 et
2685 4290 2998 4362 quodnam
3030 4293 3434 4349 tormentum?
3473 4293 3613 4350 llla:

1967 4381 2286 4448 Quantum,
2317 4378 2529 4451 inquit,
2555 4396 2588 4434 a
2615 4384 2769 4435 terra
2794 4379 2980 4435 distat
3003 4381 3244 4445 ccelum,
3274 4385 3507 4439 tantum
3533 4386 3621 4437 est

1965 4468 2118 4538 ignis
2135 4467 2290 4523 infra
2321 4483 2505 4533 nos,a
2531 4467 2784 4539 pedibus
2809 4484 2998 4540 usque
3018 4470 3093 4524 ad
3121 4474 3296 4541 caput
3323 4469 3618 4526 stantibus

1967 4557 2143 4613 nobis
2177 4558 2235 4611 in
2271 4557 2468 4612 medio
2496 4557 2671 4626 ignis,
2703 4573 2812 4612 nec
2842 4557 2973 4613 licet
3000 4557 3149 4615 facie
3177 4558 3254 4614 ad
3286 4559 3498 4615 faciem
3533 4559 3621 4614 vi-

1967 4647 2106 4702 dere
2123 4661 2516 4718 quemquam,
2538 4645 2642 4701 sed
2661 4645 2950 4718 cujusque
2974 4646 3153 4703 facies
3177 4647 3358 4704 dorso
3379 4647 3620 4704 alterius

1969 4735 2270 4791 adhaeret.
2313 4735 2568 4799 Quando
2609 4735 2784 4805 igitur
2812 4751 2949 4791 oras
2981 4751 3089 4807 pro
3131 4735 3318 4802 nobis,
3352 4753 3508 4792 unus
3547 4751 3620 4792 ex

1969 4828 2136 4897 parte
2169 4829 2393 4894 spectat
2419 4823 2632 4880 faciem
2664 4823 2923 4880 alterius.
2952 4827 3069 4881 Hoc
3097 4829 3182 4882 est
3212 4825 3516 4884 solatium.
3548 4825 3618 4881 Et

1590 4972 1847 5029 VARIAE
1886 4965 2296 5022 LECTIONES.

323 5095 373 5130 ⁸⁸
428 5092 525 5150 ΑΙ.
589 5092 796 5166 ἱερεὺς
853 5100 971 5145 τῶν
1026 5090 1332 5150 Ἑλλήνων
1387 5099 1505 5144 τῶν
1566 5089 1916 5163 μεινάντων

1949 5102 1961 5116 -
1999 5083 2045 5118 3'
2105 5081 2192 5137 ΑΙ,
2255 5080 2409 5134 ἀλλὰ
2464 5089 2663 5143 νῶτος
2712 5081 3014 5134 ἑκάστου.

1824 5205 2082 5266 NOTAE.

283 5344 425 5430 “(6).
465 5341 551 5430 qr.
580 5342 693 5430 εν.
725 5343 833 5398 PP.
866 5343 1064 5399 Rosw.
1096 5341 1198 5397 lib.
1235 5342 1308 5430 mp
1336 5356 1470 5414 cap.
1501 5341 1598 5396 :95
1625 5358 1637 5409 ;
1667 5338 1769 5394 lib.
1805 5336 1870 5391 v1

258 5413 452 5471 libell.
484 5413 538 5477 3,
580 5415 632 5468 2.
1303 5427 1308 5430 '
1416 5413 1419 5414 ⁷

337 5486 427 5555 (b)
472 5483 563 5541 Cf.
611 5485 725 5540 VV.
755 5485 861 5542 PP.
895 5487 1085 5541 Rosw.
1119 5484 1223 5540 lib.
1256 5483 1298 5538 V
1327 5482 1594 5555 libell._3,
1622 5482 1677 5555 9.

363 5553 421 5625 ι’)
448 5555 532 5612 Cf.
560 5572 742 5625 supra
767 5555 897 5612 sub.
925 5559 979 5612 ll
1013 5557 1164 5622 ;VV.
1191 5555 1275 5612 PP
1295 5556 1488 5610 Rosw.
1512 5553 1613 5610 lib.
1646 5553 1712 5625 lll
1742 5566 1875 5622 cap.

268 5572 532 5682 ﬂgiti:
560 5572 742 5683 Slvﬂ‘p.
767 5572 897 5612 suo.
925 5572 979 5612 ιι
1013 5572 1028 5622 ;
1060 5572 1275 5656 νγηιιιι
1297 5572 1488 5610 uosw.
1512 5572 1613 5610 un.
1650 5572 1712 5608 ιιι

423 5669 439 5693 ,
495 5626 575 5684 1b.
676 5628 860 5684 libell.
886 5629 974 5695 15,
1007 5629 1077 5683 26
1104 5671 1117 5695 ,
1146 5627 1247 5687 Ιώ.
1283 5629 1373 5683 Vll
1404 5642 1538 5698 cap.
1573 5627 1658 5692 13,
1681 5624 1736 5678 6.

576 5726 826 5783 Parnm.
860 5725 964 5783 Ga.
1008 5725 1268 5781 XXXIV.

2061 5332 2147 5402 (ά)
2181 5331 2264 5388 Cf.
2284 5331 2492 5400 Evagr.
2519 5329 2728 5402 Capita
2751 5331 3095 5402 practicaad
3129 5333 3466 5390 Anatolium
3493 5348 3627 5402 cap.

1982 5401 2172 5469 xClll;
2198 5406 2363 5459 Socr.
2398 5403 2543 5458 Hist.
2581 5401 2732 5458 Eccl.
2751 5401 2857 5465 Ἰν,
2889 5403 2986 5470 23;
3017 5403 3128 5458 VV.
3163 5404 3264 5459 PP.
3297 5407 3493 5461 Rosw.
3524 5401 3628 5459 lib.

1985 5483 2028 5536 V
2069 5473 2515 5547 libell.;lOLBIi
2550 5492 2562 5532 :
2604 5472 2709 5532 lib.
2750 5475 2845 5531 VII
2876 5489 3007 5547 cap.
3049 5474 3140 5542 37,
3187 5477 3263 5544 4;
3306 5474 3634 5533 sententiae

1987 5552 2237 5621 Aegypt.
2267 5545 2366 5601 PP.
2400 5546 2493 5608 l5.

3320 5713 3355 5772 9
