4092 6252
532 265 639 323 359

1366 260 1471 321 SS.
1516 259 2005 321 MACABIOBUM
2047 254 2375 318 AEGYPTII
2417 258 2503 317 ET
2543 257 3040 321 ALEXANDRINI

3779 262 3879 320 260

528 391 853 448 lacrimans
885 407 1068 447 senex
1105 390 1289 447 dixit:
1333 393 1446 447 Vae
1484 390 1600 446 diei
1628 391 1687 446 in
1727 405 1848 461 qua
1878 393 2055 444 natus
2094 391 2180 442 est

2287 388 2524 462 ραμυθία
2554 404 2567 417 ⁸
2593 392 2683 439 καὶ
2721 387 2955 447 κλαυσας
2984 387 3009 437 6
3040 388 3202 459 γέρων
3234 383 3365 437 εἶπεν
3397 401 3409 414 ·
3443 384 3562 436 οὐαὶ
3606 393 3668 458 τῇ
3719 388 3887 462 ἡμέρᾳ

528 480 745 536 homo!
770 482 959 553 Atque
982 482 1063 536 ait
1084 479 1134 533 ei
1164 495 1371 535 senex:
1398 480 1571 534 Estne
1596 478 1757 534 aliud
1782 478 2018 547 gravius
2042 491 2181 548 sup-

528 569 817 641 plicium‘?
864 569 1203 641 Respondet
1249 568 1571 624 cranium:
1620 568 1802 640 Major
1863 582 2041 635 pceua
2090 569 2181 620 est

529 658 733 714 subter
763 674 893 714 nos.
930 659 1017 713 Ait
1049 659 1101 712 ei
1128 674 1305 713 senex
1337 674 1349 711 :
1384 659 1448 713 Et
1477 657 1726 729 quinam
1759 655 1874 711 illic
1905 653 2181 723 degunt?

527 747 868 818 Respondet
892 748 944 803 ei
983 748 1291 803 cranium:
1325 747 1469 815 Nos,
1505 752 1703 817 utpote
1734 744 1837 817 qui
1883 744 2181 816 ignoravi-

529 852 666 892 mus
695 838 897 903 Deum,
935 836 1167 891 modice
1207 835 1679 892 misericordiam
1712 834 2176 906 consequimur;

526 925 628 998 qui
659 941 801 981 vero
845 930 1255 995 cognoverunt
1289 926 1471 980 Deum
1514 930 1572 980 et
1603 929 1970 995 negaverunt
2017 938 2177 988 eum,

525 1013 729 1070 subter
757 1014 928 1071 nobis
985 1019 1142 1070 sunt.
1175 1016 1336 1071 Tunc
1364 1029 1546 1070 senex
1576 1012 1900 1070 calvariam
1934 1027 2179 1068 sumens

522 1101 711 1159 humo
737 1102 1068 1158 mandavit.

593 1195 682 1248 39.
733 1191 1058 1247 Narrarunt
1113 1190 1435 1247 Macarium
1484 1190 1844 1262 Aegyptium
1894 1188 2177 1244 abbatem

522 1281 851 1353 aliquando
883 1295 915 1334 e
956 1280 1104 1335 Sceti
1147 1279 1490 1334 ascendisse
1536 1279 1595 1333 in
1635 1285 1901 1334 montem
1938 1278 2173 1333 Nitriae.

523 1370 629 1437 Qui
657 1386 845 1441 quum
862 1371 1391 1441 appropinquaret,
1416 1369 1499 1425 ait
1525 1368 1823 1438 discipulo
1842 1383 1986 1433 suo;
2014 1370 2178 1422 Prae-

521 1458 663 1514 cede
691 1458 1023 1530 paululum.
1044 1458 1153 1522 Qui
1183 1457 1427 1529 quidem
1461 1474 1595 1511 cum
1635 1457 1904 1526 praeiret.
1929 1456 2173 1511 obviam

520 1546 1050 1617 babuitquendam
1078 1546 1387 1615 gentilium
1410 1545 1805 1600 sacerdotem.
1836 1548 2027 1615 Atque
2055 1545 2175 1600 cla-

523 1651 695 1692 mans
718 1635 897 1691 frater
925 1652 1064 1691 eum
1094 1637 1358 1691 vocavit:
1387 1635 1532 1697 Heu,
1566 1635 1705 1698 heu,
1732 1634 2034 1705 inquiens,
2054 1650 2177 1705 quo

2288 478 2337 528 ἐν
2422 476 2665 547 ἐγεννήθη
2695 477 2719 528 6
2746 478 3015 547 ἄνθρωπος
3038 476 3083 510 ⁴⁰
3119 492 3129 504 ’
3154 474 3289 544 λέγει
3305 477 3445 545 αὐτῷ
3471 476 3496 525 6
3525 478 3688 549 γέρων
3715 497 3725 509 ·
3747 478 3885 529 ἔστιν

2288 565 2415 625 ἆλλη
2446 572 2639 640 χείρων
2683 565 2960 640 βάσανος;
3010 565 3145 637 λέγει
3194 565 3333 635 αὐτῷ
3379 568 3437 616 τό
3487 570 3695 640 κρανίον
3729 587 3741 599 ·
3780 586 3888 639 μει-

2291 653 2472 726 ζοτέρα
2512 654 2743 727 βάσανός
2791 654 2927 708 ἐστιν
2959 656 3292 707 ὑποκάτωθεν
3338 656 3483 726 ἡμῶν
3577 654 3709 726 λέγει
3747 656 3886 729 αὐτῷ

2290 744 2502 817 ὁγέρων
2538 763 2551 775 ·
2606 751 2695 798 καὶ
2742 750 2874 808 τίνες
2923 745 3055 797 εἰσὶν
3096 742 3242 810 ὶκεῐ;
3283 743 3417 815 λέγει
3462 746 3603 815 αύτῷ
3655 747 3711 797 τό
3766 766 3888 818 κρα-

2288 838 2392 884 νίον
2428 854 2439 866 ο
2481 836 2627 905 ἡμεῖς
2656 837 2720 894 ὡς
2749 838 2819 902 μὴ
2863 830 3060 895 εἰδότες
3089 836 3175 885 τὸν
3216 837 3362 897 Θεόν,
3405 830 3501 884 κᾶν
3531 832 3702 905 ὀλίγον
3728 834 3887 887 ἑλεού·

2517 925 2566 974 οἱ
2598 919 2656 976 δὲ
2705 925 2997 993 ἐπιγνόντες
3046 925 3133 975 τόν
3188 925 3339 986 Θεὸν,
3385 925 3475 973 καὶ
3530 920 3884 996 ἀρνησάμενοι

2288 1010 2439 1063 αὐτόν
2475 1012 2545 1076 ⁴¹,
2597 1013 2928 1065 ὑποκάτωθεν
2968 1012 3113 1084 ἡμῶν
3156 1010 3257 1063 εἰσι
3292 1032 3304 1044 ·
3338 1015 3428 1063 καὶ
3477 1009 3644 1063 λαϐὼν
3670 1013 3695 1063 6
3725 1017 3886 1085 γέρων

2287 1102 2346 1152 τὸ
2375 1104 2605 1171 κρανίον,
2633 1102 2833 1171 ἔχωσεν
2866 1100 2992 1153 αὑτό

2598 1193 2689 1245 39.
2737 1188 2946 1260 Ἔλεγον
3002 1192 3120 1261 περὶ
3167 1195 3259 1242 τοῦ
3300 1186 3436 1241 ἀϐϐἄ
3486 1192 3761 1262 Μακαρίαν
3797 1196 3884 1243 τοῦ

2288 1277 2602 1349 Αἰγυπτίου,
2634 1279 2715 1330 ὅτι
2766 1276 3001 1331 ἀνέϐαινε
3052 1297 3176 1331 ποτε
3229 1280 3285 1330 ix
3336 1284 3429 1338 τῆς
3476 1283 3709 1341 Σκήτεως
3735 1279 3801 1340 εἰς
3829 1282 3884 1331 τό

2289 924 2421 994 μεθα
2461 959 2474 974 .

2288 1371 2404 1439 ὄρος
2429 1375 2521 1428 τῆς
2555 1370 2771 1439 Νιτρίας
2809 1383 2821 1395 ·
2862 1372 2953 1420 καὶ
2986 1369 3054 1429 ὡς
3097 1370 3313 1438 ἤγγισεν
3358 1367 3432 1429 εἰς
3456 1370 3543 1420 τόν
3572 1372 3750 1432 τόπον,
3784 1365 3886 1421 εἷπε

2286 1464 2358 1525 τῷ
2416 1458 2625 1528 μαθητῇ
2663 1455 2821 1508 αὑτοῦ
2863 1472 2874 1482 ·
2915 1455 3139 1527 πρόλαϐε
3169 1460 3354 1530 μικρὸν
3389 1477 3401 1488 ·
3436 1461 3526 1509 καὶ
3572 1455 3619 1508 ἐν
3658 1465 3729 1527 τῷ
3761 1477 3886 1532 προ-

2288 1549 2430 1617 άγειν
2487 1544 2916 1616 αὐτόν’συναντᾴ
2954 1564 3055 1597 τινι
3116 1546 3238 1616 ἱερεί
3288 1554 3387 1597 τῶν
3442 1544 3698 1603 Ἐλλήνων
3737 1560 3750 1573 ·
3793 1551 3880 1599 καὶ

2289 1633 2483 1706 κράξας
2513 1634 2699 1704 αύτῷὸ
2740 1630 2956 1706 ἀδελφός
2996 1633 3174 1707 ἐφώνει
3202 1633 3362 1705 λέγων
3400 1648 3413 1662 ⁸
3453 1630 3525 1702 αἶ,
3562 1631 3637 1699 αἶ,
3673 1633 3879 1708 δαῖμον,

522 1728 732 1791 curris,
766 1727 1026 1781 daemon
1055 1725 1084 1777 ‘?
1111 1725 1207 1780 [ile
1237 1742 1375 1780 vero
1406 1741 1734 1781 conversus
1771 1724 1987 1797 plagas
2010 1725 2060 1779 ei
2094 1726 2177 1780 in-

2290 1726 2391 1774 πόῦ
2419 1726 2661 1793 τρέχεις;
2703 1727 2940 1796 στραφεὶς
2992 1720 3049 1775 δὲ
3095 1725 3279 1782 ἐκεῖνος
3331 1718 3481 1775 διδοῖ
3516 1722 3656 1794 αύτῷ
3682 1723 3885 1795 πληγὰς

515 1814 681 1878 ﬂixit,
715 1814 1070 1886 reliquitque
1103 1814 1583 1870 semimortuum.
1628 1816 1710 1869 Ac
1754 1813 1965 1869 tollens
2012 1813 2177 1886 quod

517 1903 1058 1976 portabatlignum,
1086 1903 1362 1958 cucurrit.
1395 1903 1714 1959 Paululum
1737 1918 2056 1974 progresso
2074 1903 2180 1958 ob-

518 1993 675 2049 viam
693 1993 754 2047 ﬁt
769 1994 919 2047 inter
941 2008 1185 2047 cursum
1201 1992 1493 2047 Macarius
1507 1991 1718 2056 abbas,
1740 1992 1835 2063 qui
1855 1992 1937 2045 ei:
1967 1992 2179 2047 Salvus

518 2082 622 2149 sis,
654 2082 868 2152 inquit,
904 2081 1102 2135 salvus
1137 2080 1236 2141 sis.
1266 2080 1471 2135 labore
1514 2080 1808 2136 coniecte.
1856 2079 1952 2135 Ille
1992 2080 2180 2136 admi-

516 2176 679 2226 ratus
711 2171 869 2224 veuit
895 2170 972 2224 ad
1003 2187 1139 2225 eum
1168 2175 1224 2224 et
1250 2170 1365 2224 ait:
1401 2169 1548 2236 Quid
1579 2169 1720 2224 boni
1746 2168 1945 2223 vidisti
1973 2170 2031 2223 in
2059 2185 2172 2236 me,

514 2259 680 2331 quod
708 2274 803 2313 me
835 2258 1224 2314 salutaveris?
1254 2258 1345 2313 Ait
1375 2259 1425 2313 ei
1453 2274 1667 2314 senex:
1702 2257 2000 2326 Quoniam
2038 2274 2176 2313 con-

514 2349 679 2419 spexi
708 2356 758 2403 te
780 2347 979 2402 labore
1002 2348 1252 2413 fessum,
1275 2364 1342 2402 ac
1372 2348 1563 2402 nescis
1592 2352 1644 2402 te
1671 2348 1730 2401 in
1757 2363 1982 2403 vanum
2009 2346 2172 2402 defa-

514 2436 703 2506 tigari.
737 2436 1073 2507 Respondet
1096 2435 1225 2492 ille:
1257 2438 1317 2492 Et
1347 2452 1458 2506 ego
1493 2435 1850 2492 salutatione
1884 2440 1987 2491 tua
2013 2452 2173 2491 com-

514 2533 770 2598 punctus
799 2542 954 2586 sum,
980 2529 1035 2580 et
1057 2525 1312 2597 cognovi
1337 2541 1407 2580 ex
1432 2530 1599 2596 parte
1625 2525 1722 2580 Dei
1754 2530 1807 2580 te
1830 2540 1977 2580 esse.
2011 2525 2172 2580 Alius

512 2629 653 2669 vero
678 2612 871 2668 malus
904 2613 1235 2668 monachus
1266 2612 1410 2668 mihi
1454 2613 1701 2668 obviam
1744 2612 1939 2668 factus
1967 2618 2174 2669 contu-

512 2702 692 2758 melia
706 2718 799 2757 me
813 2701 1220 2774 aifecit,quare
1232 2716 1344 2771 ego
1356 2702 1493 2757 dedi
1506 2705 1559 2757 ei
1574 2702 1784 2773 plagas
1800 2702 1876 2757 ad
1897 2707 2168 2761 mortem.

510 2792 580 2845 Et
607 2792 892 2862 'cognovit
925 2807 1119 2859 senex,
1171 2807 1308 2846 eum
1349 2791 1423 2845 de
1462 2790 1758 2861 discipulo
1812 2806 1921 2846 suo
1971 2790 2161 2863 loqui.

507 2881 655 2936 Tum
681 2879 1073 2952 apprehensis
1095 2880 1220 2934 eius
1241 2879 1494 2951 pedibus
1524 2880 1803 2934 sacerdos
1831 2881 1909 2934 ita
1936 2879 2170 2934 locutus

509 2973 629 3024 est:
659 2972 785 3025 Non
816 2968 1115 3025 dimittam
1149 2975 1222 3033 te,
1263 2968 1373 3023 nisi
1400 2984 1494 3023 me
1526 2968 1733 3023 feceris
1774 2968 2166 3024 monachum.

2290 1816 2379 1863 xui
2418 1810 2559 1883 ἀφίει
2586 1811 2738 1863 αὐτόν
2769 1813 2997 1882 ἡμιθανῆ
3034 1831 3045 1843 ·
3082 1816 3172 1864 καὶ
3213 1812 3345 1884 ἄρας
3374 1814 3432 1864 τὸ
3482 1811 3626 1874 ξύλον
3659 1815 3838 1886 ἔτρεχε
3865 1831 3877 1843 ·

2289 1905 2380 1953 καὶ
2425 1898 2673 1972 προϐάντι
2722 1899 2891 1971 ὀλίγον
2942 1907 3169 1971 συναντᾲ
3209 1900 3348 1971 αὐτῷ
3402 1898 3565 1963 ἁϐϐᾶς
3614 1904 3884 1976 Μακάριος

2287 1994 2525 2062 τρέχοντι
2578 2005 2590 2017 ·
2635 1995 2719 2041 καὶ
2751 1990 2886 2061 λέγει
2916 1990 3056 2059 αὐτῷ
3091 2012 3103 2022 ·
3150 1992 3393 2059 σωθείης,
3437 1992 3677 2057 σωθείης,
3712 2012 3881 2064 καμα-

2288 2084 2413 2153 τηρέ
2445 2098 2456 2109 ·
2504 2085 2593 2131 καὶ
2652 2081 2925 2151 θαυμάσας
2980 2076 3101 2137 ἦλθε
3160 2082 3289 2151 πρὸς
3345 2079 3497 2132 αὐτόν
3555 2085 3646 2132 xui
3702 2079 3877 2133 εἶπεν·

2289 2173 2338 2219 τί
2367 2168 2521 2220 καλὸν
2560 2166 2689 2228 εἶδες
2718 2168 2765 2219 ἐν
2814 2168 2949 2239 ἐμοί,
2998 2169 3079 2220 ὃτι
3130 2169 3561 2240 προσηγόρευσάς
3606 2187 3669 2240 με
3704 2185 3716 2235 ;
3748 2169 3885 2240 λέγει

2287 2255 2427 2328 αύτῷ
2466 2259 2490 2308 6
2542 2261 2704 2331 γέρων
2739 2278 2750 2290 ·
2802 2258 2883 2309 ὅτι
2914 2253 3052 2309 εἶδόν
3107 2276 3164 2309 σε
3214 2265 3477 2309 κοπιῶντα
3505 2274 3516 2286 ·
3555 2262 3645 2310 καὶ
3690 2259 3784 2310 ούκ
3813 2255 3884 2311 οἶ-

2287 2343 2405 2411 δας,
2464 2348 2539 2398 ὅτι
2597 2347 2668 2407 εὶς
2705 2349 2846 2398 κενόν
2899 2352 3087 2416 κοπιᾷς
3122 2364 3133 2375 ·
3188 2346 3322 2417 λέγει
3379 2345 3516 2417 αὐτῷ
3549 2351 3638 2398 καὶ
3677 2347 3832 2409 αὐτός
3867 2365 3880 2379 ⁸

2282 2433 2427 2505 κάγὼ
2490 2434 2572 2487 ἐπὶ
2617 2437 2688 2505 τῲ
2747 2434 3013 2505 ἀσπασμῷ
3047 2453 3141 2487 σου
3184 2437 3471 2505 κατενύγην
3503 2452 3515 2465 ·
3547 2440 3635 2487 καὶ
3672 2438 3885 2507 ἔμαθον,

2283 2526 2363 2577 ὅτι
2414 2531 2504 2576 τοῦ
2549 2528 2729 2596 μέρους
2768 2532 2858 2575 τοῦ
2891 2528 3017 2577 Θεοῦ
3068 2522 3113 2576 εἷ
3140 2541 3150 2551 ·
3185 2523 3337 2585 ἄλλος
3368 2519 3426 2577 δε
3461 2527 3617 2584 κακός
3653 2529 3886 2597 μοναχός

2282 2611 2589 2675 ἀπαντήσας
2628 2633 2737 2684 μοι,
2787 2612 2970 2686 ύϐρισέ
2994 2631 3057 2683 με
3097 2629 3109 2641 ·
3158 2610 3303 2681 κάγὼ
3342 2608 3519 2665 ἔδωκα
3574 2613 3715 2684 αὐτῷ
3753 2614 3879 2673 πλη-

2280 2705 2375 2772 γὰς
2427 2702 2498 2762 εἰς
2557 2704 2773 2754 θάνατον
2803 2720 2814 2731 ·
2875 2706 2965 2754 καὶ
3015 2704 3141 2772 ἔγνω
3172 2702 3197 2752 6
3226 2704 3410 2773 γέρων,
3453 2703 3533 2753 ὅτι
3571 2704 3597 2753 6
3643 2705 3885 2773 μαθητής

2494 2790 2653 2843 αὐτοῦ
2682 2790 2794 2843 ἐστι
2826 2808 2839 2821 ·
2875 2795 2963 2842 xui
3000 2809 3273 2863 κρατήσας
3308 2793 3429 2850 τοὺς
3467 2786 3639 2852 πόδας
3667 2791 3824 2844 αὑτοῦ
3854 2794 3881 2845 6

2284 2882 2440 2954 ἱερεὺς
2487 2881 2649 2951 ἔλεγεν
2703 2895 2715 2906 ·
2752 2879 2846 2932 οὐκ
2898 2878 3008 2951 ἀφῶ
3047 2898 3124 2944 σε,
3171 2878 3256 2931 ἐὰν
3313 2883 3385 2950 μή
3421 2883 3645 2952 ποιήσῃς
3688 2899 3753 2951 με
3789 2900 3882 2951 μο-

2278 2974 2441 3041 ναχὸν
2471 2983 2484 2998 ⁶
2515 2974 2605 3020 καὶ
2635 2966 2788 3027 ἦλθον
2821 2966 2989 3021 ἐπάνω
3026 2969 3156 3021 ὅπου
3186 2964 3246 3026 ἦν
3274 2972 3299 3021 6
3344 2974 3601 3040 μοναχός,
3647 2973 3737 3022 xui
3764 2969 3880 3023 ἐϐά-

512 3059 577 3113 Ει
602 3062 892 3113 venerunt
913 3073 1177 3121 sursum,
1204 3057 1303 3112 ubi
1326 3064 1452 3112 erat
1484 3056 1844 3123 monachus,
1886 3063 1939 3112 et
1965 3062 2169 3112 sustu-

2282 3057 2474 3119 σταξαν
2531 3057 2683 3109 αὐτόν
2732 3061 2822 3109 καὶ
2880 3059 3099 3127 ἤνεγκαν
3156 3056 3223 3116 εἰς
3294 3060 3387 3115 τήν
3442 3056 3721 3115 ἓκκλησίαν
3786 3067 3879 3111 τοῦ

507 3147 701 3203 lerunt
739 3162 878 3203 eum
923 3150 1429 3218 portaveruntque
1474 3146 1537 3201 in
1563 3144 1879 3202 ecclesiam
1923 3146 2163 3202 montis.

508 3236 625 3293 Sed
654 3242 964 3292 cernentes
989 3235 1357 3293 sacerdotem
1383 3251 1522 3292 cum
1552 3251 1624 3291 eo
1650 3234 1965 3308 stupefacti
2002 3239 2164 3291 sunt.

510 3326 577 3380 Et
620 3323 891 3379 fecerunt
923 3339 1063 3380 eum
1095 3324 1487 3380 monachum.
1528 3323 1807 3395 Multique
1851 3323 2165 3393 gentilium

508 3417 750 3485 propter
762 3428 900 3468 eum
915 3412 1052 3469 facti
1069 3412 1555 3469 suntChristiani.
1572 3413 1885 3468 Asserebat
1899 3427 2043 3482 ergo
2059 3415 2168 3469 Ma-

509 3502 703 3558 carius
719 3502 935 3569 abbas,
949 3501 1115 3573 quod
1132 3516 1328 3557 sermo
1345 3501 1461 3556 mal
1474 3518 1537 3555 us
1557 3500 1739 3557 etiam
1764 3501 1957 3556 bonos
1974 3500 2168 3556 malos

508 3591 705 3656 faciat,
742 3595 799 3646 et
824 3606 1023 3646 sermo
1049 3590 1247 3645 bonus
1268 3589 1447 3645 etiam
1485 3589 1676 3645 malos
1708 3589 1920 3645 reddat
1953 3588 2162 3645 bonos.

582 3683 672 3737 40.
698 3679 1031 3736 Narrabant
1058 3679 1117 3734 in
1149 3677 1423 3734 absentia
1461 3678 1692 3734 Macarii
1715 3678 1955 3734 abbatis
1986 3678 2168 3735 latro-

508 3770 999 3840 nemingressum
1021 3784 1150 3825 esse
1163 3767 1439 3823 cellulam
1454 3767 1601 3823 eius.
1632 3770 1763 3839 lpse
1780 3768 1959 3839 igitur
1978 3785 2165 3839 quum

509 3859 587 3915 ad
618 3858 894 3915 cellulam
936 3858 1226 3923 rediisset,
1273 3858 1499 3912 invenit
1530 3858 1819 3913 latronem
1864 3858 2163 3914 camelum

510 3946 871 4021 supellectile
901 3964 1010 4003 sua
1033 3952 1404 4002 onerantem.
1434 3947 1628 4013 Quare
1650 3946 1942 4002 introiens
1966 3947 2025 4002 in
2050 3947 2165 4003 cel-

505 4037 693 4094 lulam
719 4043 776 4093 et
806 4035 1089 4093 Macarius
1119 4035 1194 4091 de
1224 4037 1380 4092 vasis
1404 4036 1757 4106 accipiebat,
1792 4042 1848 4091 et
1881 4053 2002 4092 una
2024 4053 2163 4093 cum

506 4143 578 4185 eo
598 4126 891 4183 onerabat
916 4124 1234 4182 camelum.
1267 4126 1513 4182 Sarcina
1538 4125 1717 4195 igitur
1749 4125 2036 4197 imposita
2069 4126 2163 4183 fur

507 4215 1027 4289 coepitverberare
1039 4214 1939 4286 camelum,utsurgeret.Neque
1959 4220 2159 4271 tamen

508 4304 811 4376 surgebat.
834 4303 1003 4372 Quod
1035 4303 1136 4358 ubi
1159 4302 1307 4358 vidit
1336 4303 1628 4358 Macarius
1654 4302 2160 4368 abbas,cellulam

2278 3149 2424 3221 ὄρους
2455 3168 2467 3179 ·
2493 3150 2581 3199 xui
2623 3142 2823 3208 ἰδόντες
2869 3148 2956 3197 τὸν
2994 3146 3131 3217 ἱερέα
3159 3146 3269 3216 μετ’
3308 3144 3491 3211 αὑτοῦ,
3547 3144 3831 3208 ἐξέστησαν
3862 3165 3877 3177 ·

2276 3242 2366 3289 xui
2391 3236 2643 3294 ἐποίησαν
2668 3234 2823 3288 αὐτὸν
2866 3238 3099 3306 μοναχόν
3134 3254 3146 3267 ·
3181 3239 3271 3288 xui
3296 3234 3477 3288 πολλοὶ
3503 3243 3601 3287 τῶν
3631 3234 3878 3294 Ἐλλήνων

2278 3324 2503 3397 ἐγένοντο
2564 3321 2814 3377 ὃιάύτόν
2873 3327 3183 3399 Χριστιανοί
3216 3340 3229 3353 ·
3265 3323 3429 3394 ἔλεγεν
3482 3319 3570 3376 οὖν
3626 3326 3651 3377 6
3714 3324 3881 3387 ἀϐϐἆς

2276 3418 2566 3488 Μακάριος,
2624 3416 2703 3466 ὅτι
2742 3414 2767 3465 6
2806 3414 3012 3484 λόγοςό
3065 3414 3221 3473 κακὸς
3260 3413 3343 3485 (ὁ)
3392 3418 3481 3467 καὶ
3521 3416 3642 3475 τοὺς
3688 3414 3881 3478 καλοὺς

2276 3511 2416 3556 ποιεῖ
2466 3505 2657 3565 κακούς
2689 3521 2703 3533 ·
2737 3508 2829 3555 xui
2869 3504 2895 3554 6
2951 3502 3109 3564 κὰλός
3160 3502 3314 3575 λόγος
3365 3507 3456 3558 καὶ
3510 3507 3631 3566 τοὺς
3684 3508 3881 3568 κακοὺς

2277 3600 2415 3645 ποιεῖ
2443 3592 2633 3654 καλούς
2659 3593 2758 3657 (c).

2349 3685 2435 3737 40.
2470 3680 2676 3751 Ἔλεγον
2720 3684 2835 3752 περὶ
2866 3687 2958 3733 τοῦ
3014 3678 3150 3732 ἀϐϐᾶ
3179 3679 3485 3753 Μακαρίου,
3528 3682 3609 3734 ὅτι
3653 3680 3880 3746 ἀπόντος

2278 3769 2438 3822 αὑτοῦ
2488 3769 2694 3827 εἰσῆλθε
2743 3768 2937 3841 λῃστὴς
2985 3768 3057 3830 εἰς
3104 3772 3160 3821 τὸ
3205 3769 3401 3822 κελλίον
3453 3769 3616 3826 αὐτοῦ
3660 3788 3672 3800 ·
3707 3790 3878 3846 παρα-

2275 3863 2544 3931 γενομένου
2599 3854 2658 3911 δε
2713 3857 2874 3911 αὐτοῦ
2931 3857 2999 3919 εἰς
3050 3860 3108 3910 τὸ
3150 3857 3365 3924 κελλίον,
3405 3859 3519 3933 εὗρε
3556 3863 3641 3912 τόν
3671 3859 3879 3934 λῃστήν

2274 3950 2556 4021 γεμίζοντα
2592 3951 2680 4005 τήν
2718 3946 2949 4019 κάμηλον
3005 3948 3072 3999 τὰ
3129 3948 3286 4005 σκεύη
3342 3946 3501 4000 αὑτοῦ
3544 3965 3555 3979 ·
3616 3948 3772 4011 αὐτὸς
3810 3946 3877 4003 δε

2275 4036 2513 4090 εἰσελθὼν
2565 4036 2633 4096 εἰς
2682 4039 2738 4088 τὸ
2795 4035 2988 4087 κελλίον
3043 4034 3320 4107 ἐλάμϐανεν
3362 4035 3462 4088 ἀπὸ
3507 4045 3608 4090 τῶν
3650 4045 3879 4105 σκευῶν,

2272 4131 2361 4179 καὶ
2389 4125 2690 4199 συνιγέμιζε
2728 4125 2837 4197 μετ’
2869 4124 3030 4177 αὐτοῦ
3086 4129 3180 4183 τήν
3223 4125 3455 4197 κάμηλον
3490 4142 3502 4154 '

2270 4234 2451 4287 μισαν,
2500 4214 2753 4286 ἤρξατοό
2817 4214 3014 4287 λῃστής
3079 4216 3287 4267 τύπτειν
3343 4219 3435 4273 τὴν
3489 4215 3742 4285 κάμηλον,
3791 4217 3885 4270 ἵνα

2271 4304 2469 4376 αναστῇ
2506 4324 2518 4336 ·
2567 4308 2657 4356 xui
2706 4303 2799 4356 οὐκ
2845 4303 3076 4376 ἠγείρετο
3106 4321 3119 4334 ’
3174 4299 3299 4356 ἰδὼν
3330 4300 3391 4357 δε
3424 4305 3449 4356 6
3488 4303 3652 4368 ἁϐϐᾶς
3691 4307 3884 4359 Μακά-

3545 4128 3615 4187 ὡς
3646 4123 3733 4179 οὖν
3763 4131 3883 4199 ἐγέ-

509 4395 813 4464 ingressus
838 4408 1091 4463 parvum
1108 4390 1415 4447 sarculum
1432 4390 1676 4454 invenit,
1694 4390 1851 4461 quod
1868 4391 2157 4447 emissum

2281 4412 2401 4459 οιος,
2435 4395 2515 4446 ὅτι
2542 4391 2635 4445 οὐκ
2886 4391 3157 4466 ἐγείρεται,
3191 4392 3429 4446 εἰσελθὼν
3474 4395 3523 4447 ἑν
3572 4392 3645 4466 τῷ
3692 4394 3883 4467 κελλίῳ

505 4483 797 4556 imposuit
826 4482 1057 4539 camelo
1096 4481 1301 4535 dicens
1334 4495 1346 4535 :
1392 4481 1608 4543 Frater,
1642 4479 1755 4534 hoc
1789 4480 2023 4551 quaerit
2060 4498 2161 4537 ca-

510 4573 720 4630 melus.
765 4576 845 4627 Ac
886 4572 1038 4643 pede
1079 4569 1327 4641 pulsans
1376 4584 1511 4623 eum
1558 4584 1737 4623 senex
1786 4570 1904 4624 ait:
1948 4571 2157 4641 Surge.

508 4663 948 4732 Confestimque
974 4659 1249 4721 surrexit,
1292 4662 1348 4712 et
1387 4673 1712 4729 parumper
1750 4658 1972 4714 itineris
2018 4676 2162 4716 con-

506 4751 641 4806 fecit
670 4756 910 4821 propter
938 4749 1063 4803 eius
1112 4762 1475 4802 sermonem.
1523 4745 1637 4802 Sed
1670 4746 1883 4802 iterum
1917 4750 2154 4817 resedit,

2271 4481 2384 4556 εὖρε
2425 4485 2609 4553 μικρόν
2660 4477 2903 4533 σκαλίδιν
2935 4482 2980 4517 ⁴²
3023 4498 3035 4510 ’
3069 4485 3158 4534 xui
3204 4479 3427 4534 ἐκϐαλὼν
3458 4483 3506 4518 ⁴³
3553 4481 3771 4543 ἐπέθηκε
3808 4491 3879 4557 τῇ

2269 4570 2486 4643 καμήλῳ
2534 4570 2692 4642 λέγων
2742 4586 2754 4599 ·
2791 4565 2995 4642 ἀδελφέ,
3043 4577 3196 4623 τοῦτο
3239 4572 3385 4634 ζητεῖ
3415 4573 3445 4630 ἠ
3474 4572 3708 4644 κάμηλος
3736 4589 3749 4602 ·
3784 4578 3885 4625 xui

2269 4664 2501 4734 κρούσας
2532 4660 2690 4718 αὐτὴν
2730 4661 2755 4711 6
2781 4662 2944 4732 γέρων
2982 4666 3054 4729 τῷ
3102 4656 3230 4712 ποδὶ
3277 4660 3413 4732 λέγει
3443 4679 3454 4690 ·
3492 4659 3694 4715 ἀνάστα
3731 4676 3745 4688 ’
3784 4668 3886 4715 καί

2269 4750 2451 4812 εὐθέως
2507 4749 2718 4819 ἀνέστη,
2777 4752 2866 4801 xui
2929 4747 3127 4809 ἀπῆλθε
3177 4753 3363 4823 μικρόν
3426 4747 3521 4804 διὰ
3572 4754 3657 4805 τὸν
3718 4750 3885 4824 λόγον

1840 4911 2101 4967 VARIAE
2139 4911 2434 4970 LECTION
2442 4911 2543 4968 ES.

578 5054 625 5089 ⁸ο
648 5051 735 5125 ΑΙ.
768 5051 911 5108 add.
953 5051 1004 5104 εἰ
1052 5050 1211 5125 αύτή
1270 5052 1446 5125 ἑστι-ν
1498 5052 1527 5110 ἠ
1558 5054 1944 5125 παμαρυθία
1976 5061 2098 5125 τῆς
2136 5053 2459 5115 κολάσεως
2498 5072 2511 5085 ·

506 5126 573 5177 τὸ
607 5124 847 5196 θέλημα
879 5141 891 5155 ·
972 5125 1018 5159 ⁴²
1059 5124 1147 5180 Al.
1184 5120 1534 5176 σκαλίδιον
1571 5138 1584 5153 ⁸
1654 5120 1721 5159 ’⁸³
1748 5120 2096 5181 ”Α1.λαϐών.

2594 5056 2638 5090 ⁴¹
2672 5052 2758 5109 Al.
2788 5052 2928 5110 add.
2961 5056 3180 5127 καὶμὴ
3223 5058 3616 5119 ποιήσαντες
3658 5055 3875 5110 αὐτοῦ

2059 5278 2316 5334 NOTAE.

504 5507 535 5561 3
575 5429 657 5556 (ρέ
681 5428 766 5487 Cf.
800 5430 909 5486 νγ.
942 5431 1142 5486 Rosw.
1178 5427 1286 5486 lib.
1317 5427 1389 5483 IlI
1413 5443 1542 5500 cap.
1576 5432 1704 5495 l72;
1736 5427 1844 5485 lib.
1871 5428 1938 5483 Vl
1968 5427 2151 5485 libell.

543 5545 742 5645 ’(όῖκο
785 5571 969 5645 λόγος
1021 5572 1047 5623 6
1091 5574 1325 5645 κακός.⁸
1370 5570 1436 5626 In
1469 5569 1809 5645 Colbertino
1855 5570 2009 5628 libro
2036 5571 2153 5645 boc

498 5639 690 5720 reperi
721 5639 1219 5719 Apophthegma:
1261 5639 1414 5697 Εἶπεν
1454 5645 1617 5717 γέρων
1652 5657 1665 5671 ⁸
1705 5643 1731 5695 6
1760 5642 1904 5715 λόγος
1934 5645 1959 5695 ό
1993 5642 2153 5701 σκλη-

2266 5431 2353 5503 ρός
2389 5431 2479 5479 καὶ
2508 5429 2623 5503 τούς
2651 5426 2841 5503 καλοὺς
2884 5434 3022 5481 ποιεῖ
3057 5427 3250 5490 κακούς
3284 5448 3296 5461 ·
3326 5427 3352 5481 6
3385 5425 3444 5482 δε
3496 5427 3653 5491 καλός
3684 5428 3883 5503 ὠφελεῖ

2268 5500 2482 5561 πάντας.
2513 5500 2764 5556 σοιειεν.

2342 5572 2416 5644 (c)
2458 5571 2544 5629 Cf.
2570 5570 2685 5628 VV.
2717 5570 2828 5626 PP.
2870 5572 3068 5627 Rosw.
3099 5569 3201 5627 lib.
3232 5569 3305 5627 Ill
3336 5585 3475 5645 cap.
3519 5574 3642 5627 l27.
