4092 6252
228 316 326 375 Q64
1572 311 2226 379 APOPHTHEGMATA.

3471 326 3576 385 262

235 443 391 496 αὐτοῦ
423 464 434 476 ·
466 446 552 495 καὶ
599 442 754 494 πάλιν
805 441 1037 508 ἐκάθισε,
1077 445 1167 494 καὶ
1199 441 1292 494 οὐκ
1333 439 1545 507 ἀνέστη,
1590 443 1680 504 ἓως
1722 443 1867 497 aur-1

1927 460 2121 518 neque
2151 449 2491 518 exsurrexit,
2519 445 2713 506 donec
2732 448 3154 522 deposuissent
3182 456 3461 510 cunctam
3483 469 3580 510 su-

239 534 474 603 εγεμισαν
503 530 593 584 ὅλα
621 534 687 584 τὰ
715 534 876 589 σκεύη
903 551 916 564 ·
946 536 1036 584 καὶ
1065 531 1230 592 οὕτως
1246 529 1469 589 ἀπῆλθεν
1497 531 1599 602 (a).

299 622 381 675 41.
441 623 498 673 Ὀ
549 620 718 684 ἀϐϐᾶς
779 623 907 676 Ἀῐὼ
965 621 1206 694 ἠρώτησε
1258 623 1345 673 τὸν
1416 620 1578 673 ἁϐϐᾶν
1631 625 1818 676 Μακά-

227 730 332 782 ριον
382 711 576 782 λέγων·
634 711 744 764 εἰπέ
796 730 885 782 μοι
939 711 1126 786 ῥῆμα·
1160 710 1296 782 λέγει
1379 710 1520 781 αὐτῷ
1573 713 1598 763 6
1657 711 1817 774 ἀϐϐᾱς

225 800 489 871 Μακάριος
522 819 535 831 ·
595 807 749 872 φεῦγε
796 803 919 860 τοὺς
958 799 1304 872 ἀνθρώπους·
1361 803 1580 853 κάθισον
1633 801 1705 864 εἰς
1757 804 1815 854 τὸ

220 887 407 941 κιλλίον
450 908 570 957 σου,
623 909 708 941 και
754 889 980 942 κλαῦσον
1029 891 1123 950 τὰς
1152 888 1408 962 ἁμαρτίας
1463 909 1578 954 σου,
1621 895 1709 942 καὶ
1747 895 1817 963 μὴ

219 977 500 1051 ἀγαπήσῃς
531 978 711 1032 λαλιὰν
753 977 1032 1051 ἀνθρώπων
1064 996 1076 1008 ’
1112 983 1199 1031 καὶ
1229 979 1372 1051 σώζῃ
1404 980 1506 1050 (ὁ).

1926 535 2298 606 pellectilem.
2327 540 2489 594 Tunc
2509 538 2753 594 demum
2778 539 2942 596 abiit.

1994 624 2085 679 41.
2119 625 2222 681 Aio
2263 625 2454 682 abbas
2504 626 2892 698 interrogavit
2926 629 3247 686 Macarium
3293 629 3578 686 abbatem

1926 717 1984 768 et
2017 729 2028 767 :
2062 714 2255 771 Profer
2287 715 2451 783 mihi,
2483 715 2696 788 inquit,
2726 717 3103 774 sententiam.
3147 719 3486 792 Respondet
3526 720 3582 777 ei

1926 804 2212 859 Macarius
2234 803 2425 860 abbas
2451 820 2462 859 :
2483 806 2642 874 Fuge
2662 805 2958 871 homines,
2992 806 3135 864 sede
3158 808 3218 863 in
3243 807 3456 864 cellula
3477 813 3584 865 tua

1927 897 1983 948 et
2029 891 2180 948 deﬂe
2232 897 2479 965 peccata
2532 899 2656 965 tua,
2696 909 2892 968 neque
2945 895 3220 952 dilexeris
3273 897 3578 970 loquelam

1927 980 2265 1052 hominum,
2301 983 2582 1055 salusque
2606 983 2713 1039 tibi
2743 983 3029 1055 obtinget.

1768 1131 2020 1188 NOTAE.

292 1271 488 1352 (a)_C_f.
510 1286 746 1352 supra
775 1272 889 1328 sub
939 1272 1195 1352 l8,_VV.
1235 1273 1348 1329 PP.
1382 1276 1577 1331 Rosw.
1610 1273 1714 1330 lib.
1746 1275 1817 1329 lll
2003 1275 2085 1347 (ὁ)
2115 1275 2195 1331 Cf.
2237 1277 2342 1332 VV.
2379 1279 2478 1332 PP.
2512 1279 2706 1336 Bosw.
2733 1277 2837 1336 lib.
2867 1278 2939 1334 Ill
2960 1294 3096 1352 cap.
3137 1281 3256 1336 189.

219 1343 357 1417 cap.
384 1344 480 1409 73,
508 1343 630 1400 lib.’
645 1344 746 1399 VII
779 1359 913 1416 cap.
949 1349 1004 1413 3,
1040 1349 1087 1400 t.

1861 1743 1959 1801 IV.

1095 1904 1277 1963 ALIA
1324 1903 1595 1964 SANCTI
1638 1902 1956 1963 MACARII
1999 1904 2677 1966 APOPHTHEGMATA

1486 2069 1517 2101 Δ
1545 2069 1616 2102 JO.
1649 2069 1792 2104 ΒΛΡΤ.
1834 2069 2105 2103 COTELERIO
2139 2070 2299 2104 EDITA.

204 2206 229 2237 ε
266 2189 595 2239 Sanctorum
623 2199 814 2237 senum
835 2186 1316 2255 ApOphthegmata
1334 2204 1358 2233 ν
1385 2201 1432 2255 s.
1463 2203 1548 2255 vv.
1569 2187 1824 2255 Agathon,
1850 2187 2170 2255 ζιιιιζιανίιιξζ
2182 2188 2814 2255 TheodorusPhermemis
2831 2189 2974 2254 apud
2997 2189 3225 2255 Io.Bapt.
3245 2190 3577 2242 Cotelerium

1280 2249 1419 2300 Eccl.
1457 2249 1641 2304 Graec.
1681 2250 1826 2305 Mon.
1861 2251 1919 2300 T.
1953 2251 1990 2309 l,
2030 2266 2080 2316 p.
2114 2252 2222 2300 372.
2254 2253 2368 2304 443.
2408 2253 2516 2301 451.

280 2546 328 2599 1.
374 2541 535 2598 Εἶπεν
567 2544 593 2594 6
638 2541 806 2604 ἀϐϐᾶς
846 2545 1029 2613 Πέτρος
1061 2542 1087 2593 6
1139 2548 1230 2593 τοῦ
1272 2539 1410 2593 ἀϐϐᾶ
1463 2546 1603 2606 Λώτ,
1646 2543 1722 2594 ὅτι
1765 2540 1812 2593 ἓν
1847 2539 1867 2594 Ῐ

1997 2544 2048 2596 1.
2079 2544 2281 2598 Petrus
2316 2542 2529 2608 abbas,
2563 2543 2895 2617 discipulus
2927 2546 3031 2602 Lot
3065 2545 3300 2602 abbatis
3328 2563 3340 2601 :
3377 2548 3572 2612 Eram,

207 2643 276 2706 τῷ
305 2634 488 2706 κελλίῳ
545 2639 638 2685 τοῦ
680 2630 816 2684 ἆϐϐᾱ
867 2631 1152 2702 Ἀγάθωνος
1191 2634 1329 2702 ἤμην
1372 2635 1516 2697 ποτέ,
1568 2636 1657 2683 καὶ
1692 2628 1814 2689 ἦλθε

1927 2629 2135 2701 inquit,
2166 2629 2495 2704 aliquando
2518 2631 2578 2687 in
2611 2632 2820 2688 cellula
2848 2634 3176 2703 Agathonis
3204 2633 3464 2701 abbatis,
3497 2634 3578 2691 ad

205 2727 331 2798 πρὸς
414 2723 578 2776 αὐτὸν
645 2717 868 2792 ἀδελφὸς
928 2719 1087 2791 λέγων
1121 2735 1133 2748 ⁸
1197 2719 1321 2772 Θέλω
1401 2720 1613 2778 οἰκῆσαι
1679 2722 1812 2792 μετά

1927 2734 2104 2790 quem
2127 2721 2288 2775 venit
2306 2720 2488 2776 frater
2512 2721 2717 2778 dicens
2745 2741 2758 2780 :
2782 2722 2922 2778 Volo
2942 2722 3212 2779 habitare
3229 2739 3368 2779 cum
3385 2722 3575 2779 fratri-

202 2809 439 2884 ἀδελφῶν
464 2830 477 2842 ·
538 2809 678 2863 εἶπόν
732 2828 822 2881 μοι
859 2817 969 2869 πῶς
1008 2810 1118 2877 μετ’
1171 2810 1339 2861 αὐτῶν
1388 2809 1588 2866 οἰκήσω
1625 2826 1636 2838 ο
1677 2810 1812 2880 λέγει

1927 2807 2070 2873 bus;
2097 2807 2242 2864 doce
2267 2824 2494 2880 mequo
2510 2817 2687 2881 pacto
2705 2827 2842 2866 cum
2864 2811 2934 2866 iis
2949 2827 3249 2868 maneam.
3271 2813 3372 2868 Cui
3391 2827 3575 2868 senex

201 2907 345 2972 αὐτῷ
378 2903 404 2953 ὁ
447 2904 618 2974 γέρων
652 2919 664 2931 ·
701 2902 770 2960 ὡς
813 2897 861 2950 ἐν
913 2906 973 2970 τῇ
1021 2903 1199 2971 πρώτῃ
1242 2900 1413 2970 ἡμέρᾳ
1458 2901 1536 2950 ὅτε
1591 2899 1806 2972 ιίσέρχῃ

204 2994 333 3064 πρὸς
385 2990 601 3052 αὐτούς,
643 2988 806 3048 οὕτως
862 2986 1080 3059 φύλαξον
1139 2991 1232 3045 τὴν
1273 2987 1512 3050 ξενιτείαν
1569 3006 1662 3039 σου
1713 2989 1812 3038 πά-

213 3098 310 3141 σας
350 3082 441 3139 τὰς
468 3080 665 3152 ἡμέρας
708 3086 804 3138 τῆς
847 3079 980 3140 ζωῆς
1014 3095 1129 3140 σου,
1173 3078 1255 3128 ἱνα
1297 3081 1367 3149 μὴ
1402 3075 1811 3151 παῤῥησιασθῇς

209 3167 321 3239 μετ’
360 3167 534 3219 αὐτῶν
567 3184 579 3196 ⁶
621 3166 756 3237 λέγει
804 3169 942 3236 αὐτῷ
978 3167 1002 3217 6
1054 3164 1217 3226 ἁϐϐᾶς
1265 3167 1536 3238 Μακάριος
1569 3183 1579 3194 ·
1612 3169 1663 3217 τί
1708 3167 1809 3236 γὰρ

209 3262 353 3308 ποιεῖ
410 3261 441 3313 ἡ
497 3255 815 3328 «cippus-ia;
868 3253 1004 3326 λέγει
1057 3254 1196 3324 αὐτῷ
1241 3255 1266 3305 6
1319 3258 1479 3326 γέρων
1514 3272 1525 3283 ε
1578 3257 1734 3306 ἔοικεν
1777 3255 1806 3311 ἡ

214 3342 500 3417 πιῤῥησία
538 3345 769 3394 καύσωνι
818 3343 1016 3414 μεγάλῳ
1046 3362 1057 3376 ·
1102 3342 1155 3405 ὃς
1188 3344 1308 3395 ὅταν
1346 3348 1579 3414 γίνηται,
1631 3345 1812 3402 πάντες

217 3434 505 3503 φεύγουσιν
551 3429 653 3484 ἀπὸ
697 3435 973 3504 προσώπου
1034 3432 1211 3498 αὑτοῦ,
1262 3435 1351 3484 καὶ
1419 3439 1518 3483 τῶν
1584 3428 1811 3506 δένδρων

216 3522 309 3572 τὸν
355 3521 555 3592 καρπὸν
605 3515 893 3594 διαφθείρει
927 3537 939 3552 ’
986 3520 1124 3592 λόγω
1155 3521 1295 3590 αὐτῷ
1349 3521 1374 3572 ὁ
1429 3518 1588 3581 ἀϐϐᾶς
1631 3522 1812 3573 Μακά-

209 3628 330 3683 ριος
359 3630 373 3643 ο
411 3609 574 3671 οὕτως
622 3609 829 3682 χαλεπή
867 3608 1008 3663 ἔστιν
1049 3612 1078 3668 ἣ
1128 3609 1439 3685 παρρησίας
1489 3614 1579 3662 καὶ
1618 3608 1754 3662 εἶπεν
1785 3612 1811 3662 6

208 3698 382 3761 ἆϐϐᾶς
434 3697 669 3771 Ἀγάθων
704 3721 715 3733 ·
759 3698 853 3752 οὐκ
897 3702 1038 3752 ἔστιν
1090 3699 1258 3774 ἕτερον
1311 3700 1476 3761 πάθος
1515 3699 1809 3770 χαλεπώτε-

204 3808 296 3866 ρον
339 3797 437 3850 τῆς
488 3788 788 3864 παρρησίας
812 3806 824 3818 ⁶
858 3793 1134 3861 γεννήτρια
1165 3790 1266 3861 γάρ
1317 3787 1428 3840 ἔστι
1460 3790 1662 3841 πάντων
1711 3797 1818 3841 τῶν

1921 2896 2229 2967 respondit
2262 2916 2274 2956 :
2329 2899 2853 2963 Quemadmodum
2884 2900 3082 2972 primo
3132 2901 3227 2958 die
3261 2902 3569 2971 ingressus

1924 2985 2024 3050 tui,
2063 2985 2147 3040 sic
2200 2988 2497 3043 custodito
2554 2988 2878 3059 hospitium
2925 2994 3096 3046 tuum
3150 2990 3573 3061 peregrinatio-

1921 3089 2182 3146 nemque
2212 3076 2440 3130 cunctis
2460 3076 2674 3131 diebus
2703 3077 2854 3132 vitae
2885 3081 3044 3146 tuae,
3077 3078 3159 3134 ita
3191 3083 3252 3133 ut
3275 3093 3418 3148 erga
3438 3077 3570 3135 illos

1923 3178 2041 3218 non
2083 3163 2268 3219 utaris
2307 3163 2546 3220 ﬁducia.
2585 3165 2676 3220 Ait
2725 3164 2777 3219 ei
2812 3167 3101 3222 Macarius
3145 3166 3337 3223 abbas
3370 3184 3383 3223 :
3419 3167 3572 3234 Quid

1922 3251 2078 3307 enim
2109 3251 2287 3308 efﬁcit
2314 3252 2578 3310 ﬁducia?
2602 3253 2704 3309 Cui
2736 3269 2948 3314 senex:
2976 3255 3196 3311 Similis
3227 3261 3333 3323 est,
3365 3255 3572 3329 inquit,

1921 3339 2144 3396 ﬁducia
2157 3342 2343 3398 aestui
2358 3358 2601 3412 magno,
2620 3343 2723 3415 qui
2737 3343 2983 3415 quando
2995 3344 3323 3414 contigerit,
3341 3345 3575 3415 fugiunt

1923 3446 2133 3486 omnes
2173 3447 2210 3486 a
2236 3430 2385 3487 facie
2420 3433 2568 3499 eius,
2617 3431 2840 3505 quique
2867 3433 3153 3490 arborum
3193 3433 3418 3490 fructus
3448 3450 3573 3492 cor-

1921 3521 2163 3592 rumpit.
2233 3519 2381 3577 Dicit
2423 3522 2704 3578 Macarius
2759 3522 2955 3578 abbas
3010 3539 3022 3578 :
3079 3523 3320 3580 Adeone
3383 3523 3574 3583 saevit

1922 3609 2141 3665 ﬁducia
2160 3608 2189 3663 ?
2214 3610 2446 3680 Agatho
2476 3611 2700 3667 abbas:
2735 3611 2940 3667 Nullus
2962 3616 3069 3678 est,
3088 3612 3302 3686 inquit,
3325 3611 3573 3670 affectus

1923 3699 2155 3754 saevior
2197 3698 2444 3756 ﬁducia.
2485 3701 2767 3756 Omnium
2801 3701 3026 3774 quippe
3057 3701 3572 3774 perturbationum

1921 3792 2112 3844 mater
2141 3793 2246 3843 est.
2290 3789 2463 3844 Decet
2497 3794 2696 3844 autem
2731 3788 3019 3845 cultorem
3051 3791 3144 3845 sui
3194 3790 3417 3846 ﬁducia
3469 3806 3572 3847 ca-

203 3881 429 3932 παθῶν·
474 3884 657 3952 πρέπει
712 3875 771 3931 δι
823 3886 897 3930 τῶ
948 3877 1139 3951 ἐργάτῃ
1203 3879 1273 3948 μὴ
1326 3877 1808 3953 παρρησιάζεσθαι,
1849 3893 1867 3950 (

1927 3891 2070 3943 rere,
2093 3877 2327 3932 etiamsi
2359 3877 2521 3933 solus
2574 3878 2631 3932 in
2682 3877 2830 3934 cella
2862 3882 3146 3934 versetur.
3181 3880 3324 3935 Novi
3355 3879 3573 3936 etenim

203 3969 300 4021 κᾶν
349 3988 508 4042 μονος
644 3971 692 4020 ἓν
865 3967 1046 4038 κελλίῳ
1080 3982 1092 3994 ⁸
1143 3964 1265 4020 οἶδα
1316 3969 1416 4042 γὰρ
1466 3969 1546 4019 ὃτι
1595 3965 1811 4040 ἀδελφὸς

1927 3965 2190 4029 fratrem,
2226 3966 2327 4036 qui
2358 3966 2458 4020 diu
2492 3966 2550 4021 in
2581 3965 2795 4021 cellula
2835 3972 3312 4038 perseveraverat
3342 3967 3577 4023 habens

205 4064 442 4120 ποιήσας
474 4063 668 4132 χρόνον
704 4056 752 4109 ἓν
783 4057 854 4126 τῷ
892 4056 1071 4123 κελλίῳ
1100 4057 1271 4122 οἰκῶν,
1317 4058 1453 4127 ἔχων
1488 4077 1539 4108 τι
1565 4067 1811 4109 κοιτωνα-

1927 4053 2225 4120 lectulum,
2260 4054 2475 4112 dixisse
2518 4071 2530 4109 :
2570 4057 2610 4108 E
2642 4054 2791 4110 cella
2829 4056 3243 4124 emigrassem,
3277 4071 3400 4112 non
3443 4070 3574 4127 per-

202 4169 338 4223 ριον,
392 4146 556 4211 εἶπεν,
606 4148 687 4199 ὅτι
736 4144 952 4218 μετέϐην
998 4145 1053 4197 ἐκ
1113 4153 1204 4198 τοῦ
1266 4144 1487 4211 κελλίου,
1537 4150 1608 4218 μὴ
1664 4150 1814 4217 γνοὺς

1927 4148 2095 4214 cepto
2133 4141 2233 4198 illo
2269 4142 2510 4209 lectulo,
2536 4143 2646 4198 nisi
2691 4142 2845 4198 alius
2891 4141 3229 4200 monuisset
3265 4159 3386 4201 me.
3423 4142 3576 4200 Talis

206 4239 337 4292 αὐτὸ
361 4240 424 4291 τὸ
454 4237 817 4310 κοιτωνάριον,
850 4235 893 4287 εἰ
939 4239 1010 4307 μή
1044 4234 1206 4308 ἕτερός
1235 4253 1325 4306 μοι
1362 4230 1496 4287 εἶπεν
1529 4253 1542 4268 ο
1579 4237 1604 4286 6
1643 4243 1816 4288 τοιοῦ-

1927 4238 2126 4289 autem
2146 4246 2280 4287 vere
2310 4235 2400 4286 est.
2422 4231 2731 4302 operarius
2749 4235 2806 4287 et
2829 4230 3097 4288 bellator.

204 4347 294 4390 τος
336 4326 575 4400 ἐργάτης
604 4324 718 4378 ἐστὶ
747 4329 838 4378 καὶ
858 4324 1177 4397 πολεμιστής
1208 4324 1312 4394 (a).

277 4439 334 4492 2.
372 4431 533 4490 Εἶπεν
594 4434 619 4484 6
669 4431 831 4495 ἁϐϐᾶς
877 4433 1146 4506 Μακάριος
1202 4439 1274 4503 τῷ
1332 4429 1469 4502 ἀϐϐᾷ
1519 4435 1768 4507 Ζαχαρία
1799 4449 1811 4463 ·

1997 4430 2054 4482 2.
2093 4425 2385 4483 Macarius
2426 4424 2618 4482 abbas
2646 4425 2945 4482 Zachariae
2981 4424 3184 4482 abbati
3218 4424 3362 4481 :Dic
3410 4425 3574 4494 mihi,

205 4523 317 4576 εἰπέ
356 4542 452 4596 μοι
480 4526 540 4575 τὸ
572 4523 719 4595 ἔργον
748 4528 841 4574 τοῦ
869 4528 1110 4594 μοναχοῦ
1143 4538 1155 4550 °
1188 4520 1323 4592 λέγει
1352 4521 1494 4592 αὐτῷ
1529 4537 1541 4551 ⁸
1571 4523 1655 4593 ἐμὲ
1685 4520 1819 4592 ἐρω-

1927 4515 2142 4587 inquit,
2170 4530 2322 4587 opus
2345 4516 2647 4572 monachi.
2677 4514 2769 4569 Ait
2800 4515 2883 4569 ei:
2908 4515 3070 4570 Tune
3101 4530 3196 4570 me
3222 4514 3577 4584 interrogas,

202 4618 320 4683 τᾷς,
382 4615 593 4686 πάτερ;
650 4615 738 4663 καὶ
786 4610 922 4681 λέγει
977 4611 1002 4662 6
1043 4609 1202 4671 ἀϐϐᾶς
1255 4609 1564 4684 Μακάριος⁶
1624 4610 1818 4682 πληρο-

1929 4610 2098 4675 pater
2119 4603 2147 4658 ‘l
2175 4607 2322 4660 Tum
2354 4604 2640 4660 Macarius
2663 4603 2853 4659 abbas
2896 4619 2908 4657 :
2954 4603 3035 4659 De
3067 4608 3142 4669 te,
3182 4602 3398 4674 inquit,
3430 4603 3582 4658 mihi

209 4708 475 4774 φοροῦμαι
517 4699 590 4760 εἰς
638 4702 712 4765 σὲ,
746 4702 920 4752 τέκνον
950 4704 1201 4771 Ζαχαρία
1224 4713 1238 4728 ⁶
1284 4701 1394 4750 ἔστι
1420 4701 1521 4772 γὰρ
1550 4699 1574 4750 6
1613 4700 1818 4750 νύσσων

1927 4709 2288 4767 persuasum
2305 4698 2414 4758 est,
2429 4693 2510 4747 ﬁli
2527 4692 2828 4748 Zacharia.
2848 4693 2942 4747 Est
2959 4692 3120 4748 enim
3133 4692 3236 4764 qui
3253 4707 3346 4746 me
3359 4692 3579 4764 pulsat,

207 4807 272 4861 με
304 4796 398 4841 τοῦ
431 4789 702 4861 ἐρωτῆσαί
730 4805 786 4840 σε
817 4802 832 4818 ⁸
872 4780 1008 4858 λέγει
1039 4787 1179 4856 αὐτῷ
1207 4787 1231 4838 6
1262 4789 1538 4859 Ζαχαρίας
1567 4803 1578 4815 ·
1620 4788 1678 4837 τὸ
1705 4783 1820 4837 κατ’

1930 4789 1994 4838 ut
2037 4783 2398 4851 interrogem
2438 4787 2512 4837 te.
2546 4780 2867 4836 Zacharius
2892 4780 3049 4836 hanc
3074 4779 3318 4853 protulit
3350 4787 3584 4837 senten-

208 4877 318 4950 ἐμὲ,
369 4879 563 4951 πάτερ,
618 4879 677 4928 τὸ
730 4876 909 4929 ἑαυτὸν
969 4874 1254 4948 βιάζεσθαι
1299 4875 1371 4937 εἰς
1418 4876 1603 4944 πάντα,
1671 4869 1821 4935 οὗτος

1929 4872 2073 4928 tiam
2110 4888 2120 4925 :
2157 4873 2459 4937 Quantum
2493 4885 2635 4938 ergo
2660 4869 2902 4941 quidem
2927 4869 3223 4935 existimo,
3257 4875 3446 4941 pater,
3478 4869 3584 4942 qui

207 4965 353 5019 ἐστιν
387 4967 415 5018 6
445 4969 683 5038 μοναχός

1932 4977 1995 5017 se
2020 4961 2219 5032 ipsum
2256 4959 2414 5030 cogit
2435 4960 2513 5015 ad
2531 4959 2757 5026 omnia,
2785 4960 2834 5014 is
2860 4963 2946 5014 est
2971 4958 3308 5022 monachus
3338 4959 3438 5031 (b).

281 5074 336 5129 3.
400 5073 462 5126 Ὀ
529 5070 690 5133 ἁϐϐᾶς
743 5068 1019 5144 Θεόδωρος
1077 5073 1102 5124 ὁ
1158 5079 1252 5135 τῆς
1308 5075 1510 5144 Φέρμης
1565 5071 1821 5127 ἐκτήσατο

2001 5072 2053 5124 3.
2081 5067 2422 5124 Theodorus
2449 5066 2641 5122 abbas
2686 5066 2970 5122 Phermae
3007 5070 3122 5121 tres
3161 5066 3350 5122 bonos
3399 5065 3585 5122 libros

214 5167 338 5236 τρία
387 5161 579 5236 βιϐλία
625 5160 757 5213 καλά
781 5181 793 5194 ·
848 5166 938 5215 καὶ
981 5160 1237 5234 παρέϐαλε
1266 5161 1336 5232 τῷ
1375 5159 1514 5213 ἀϐϐοῖ
1542 5164 1817 5232 Μακαρίῳ,

1931 5157 2250 5230 possidens
2282 5156 2359 5212 ad
2391 5156 2719 5212 Macarium
2757 5154 3042 5211 abbatem
3085 5156 3265 5222 venit,
3295 5159 3350 5211 et
3378 5170 3391 5210 :
3423 5157 3584 5218 Tres,

219 5258 306 5305 καὶ
332 5252 477 5324 λέγει
517 5251 679 5321 αὐτῷ,
713 5253 794 5304 ὅτι
823 5252 932 5324 ἔχω
971 5255 1094 5324 τρία
1140 5249 1323 5322 βιϐλία
1369 5249 1522 5315 καλά,
1565 5254 1653 5302 καὶ
1696 5249 1820 5321 ὠφεο
1857 5245 1867 5298 ]

1932 5247 2145 5319 inquit,
2191 5245 2333 5300 mihi
2367 5249 2504 5300 sunt
2534 5244 2669 5300 libri
2708 5243 3021 5315 praeclari,
3075 5260 3147 5299 ex
3189 5258 3451 5316 quorum
3509 5246 3589 5298 le-

217 5339 413 5415 λοῦμαι
472 5340 526 5404 ἐξ
585 5343 772 5406 αὐτῶν,
830 5344 920 5393 καὶ
978 5341 1028 5392 οἱ
1076 5335 1288 5412 ἀδελφοὶ
1349 5346 1640 5412 κιχρῶνται
1689 5339 1823 5390 αὐτὰ

1933 5337 2127 5392 ctione
2145 5334 2403 5390 fructum
2425 5334 2627 5406 capio;
2649 5331 2858 5390 fratres
2882 5348 3127 5406 quoque
3148 5332 3220 5387 iis
3242 5337 3507 5401 utuntur,
3531 5337 3588 5386 et

1771 5477 2036 5534 NOTAE.

299 5619 382 5689 (a)
413 5618 498 5675 Cf.
527 5618 641 5675 VV.
675 5617 780 5674 PP.
823 5621 1024 5675 Rosw.
1058 5615 1164 5674 lib.
1206 5616 1275 5672 lll
1298 5631 1465 5689 _cap._
1493 5618 1592 5672 198
1624 5634 1639 5684 ;
1669 5615 1837 5672 lib.V
2016 5612 2097 5683 (b)
2129 5609 2218 5667 Cf.
2261 5611 2368 5666 VV.
2405 5609 2511 5666 PP.
2544 5611 2739 5667 Rosw.
2771 5608 2874 5667 lib.
2902 5608 2950 5666 V
2976 5612 3024 5678 ι,
3049 5611 3102 5666 6.

223 5686 416 5749 libell.
462 5692 547 5757 to,
584 5689 620 5746 8
661 5689 805 5760 ;lib.
846 5690 945 5747 VII
994 5703 1136 5762 cap.
1172 5690 1261 5746 42.
1295 5686 1511 5747 Douth.
1555 5690 1748 5746 Doctr.
1781 5689 1836 5744 4.
