4092 6252
531 312 635 369 263
1842 308 1942 366 J0.
1984 310 2137 367 SAL.

2286 309 2563 368 MLERUS
3787 312 3902 368 264

530 438 750 511 pariter
781 438 1121 511 proﬁciunt.
1142 438 1331 495 Eﬂare
1356 438 1534 511 igitur
1557 437 1723 502 mihi,
1746 436 1893 509 quid
1923 436 2146 492 debean

2288 442 2379 489 καὶ
2427 438 2738 509 ὠφελοῦνται
2770 454 2787 473 ο
2828 436 2935 490 εἰπί
2983 434 3073 490 οὖν
3112 456 3221 509 μοι,
3268 440 3321 488 τί
3362 436 3573 509 ὤφειλον
3621 445 3846 497 ποιῆσαι
3884 453 3901 507 ;

531 527 727 584 facere
754 548 766 593 ;
796 544 939 583 num
982 527 1060 584 ad
1104 544 1298 583 meam
1323 527 1695 599 fratrumque
1724 526 2031 581 utilitatem
2076 542 2145 581 eo

2290 529 2549 598 κατάσχω
2598 530 2732 579 αὐτὰ
2770 528 2842 589 εἰς
2886 531 2975 585 τὴν
3025 529 3151 597 ἐμήν
3204 531 3293 578 καὶ
3350 531 3444 585 τὴν
3500 536 3598 579 τῶν
3659 525 3906 598 ἀδελφῶν

531 616 843 681 retineam,
876 632 951 672 an
986 616 1244 672 vendam
1273 616 1529 689 demque
1552 614 1961 687 pauperibus?
1993 618 2147 670 Sene.

2290 615 2550 687 ὧφελειαν,
2585 617 2613 675 ἣ
2667 616 2897 674 πωλήσω
2952 618 3087 667 αὐτὰ
3135 620 3223 667 καὶ
3272 612 3429 667 δώσω
3468 623 3757 687 πτωχοῖςς
3806 620 3906 667 καὶ

531 705 845 775 respondit
890 722 902 761 :
955 705 1239 762 Pulchrae
1269 706 1513 777 quidem
1560 705 1823 760 actiones
1868 710 2026 769 sunt,
2076 719 2147 759 εει

2292 704 2592 778 ἀποκριθεὶς
2622 707 2647 756 6
2672 710 2832 779 γέρων
2861 701 2968 757 εἶπε
3008 721 3019 732 ·
3068 704 3222 756 καλαὶ
3269 708 3358 777 μεν
3407 706 3461 756 αἱ
3498 705 3734 774 πράξεις,
3769 703 3907 756 ἀλλὰ

532 793 741 850 melior
756 795 1037 851 omnibus
1051 802 1138 851 est
1157 802 1502 867 paupertas.
1520 796 1648 861 Quo
1663 793 1867 850 audito
1894 792 2148 848 discessit

2292 794 2481 866 μείζων
2525 796 2728 846 πάντων
2782 797 2810 853 ἡ
2856 793 3195 866 ἀκτημοσύνη
3230 794 3343 846 ἐστί
3378 813 3389 824 ·
3432 799 3521 846 καὶ
3550 802 3707 846 τοῦτο
3742 793 3908 845 ἁκού-

532 898 758 956 eosque
784 883 1070 949 vendidit,
1096 889 1153 940 et
1198 884 1521 957 pecuniam
1570 882 1734 940 dedit
1776 882 2145 955 pauperibus

2294 902 2409 947 σας,
2462 882 2692 936 ἀπελθὼν
2734 884 2998 942 ἐπώλησεν
3038 885 3191 949 αὐτὰ,
3241 888 3331 936 καὶ
3385 879 3609 936 διέδωκε
3634 890 3900 956 πτωχοῖς.

2172 1153 2245 1213 ν.

1243 1284 1923 1348 APOPHTHEGMATA
1969 1284 2239 1345 SANCTI
2283 1284 2608 1345 MACARII
2654 1284 3189 1346 ALEXANDRINI

1801 1434 1833 1467 Δ
1864 1433 1937 1469 J0.
1972 1433 2112 1466 ΒΔΡΤ.
2149 1432 2417 1466 ΟΟτΕΙιΕῘυΟ
2450 1433 2615 1467 EDITA.

533 1553 561 1586 ε
595 1532 913 1587 Sanctorum
946 1548 1137 1585 senum
1180 1534 1651 1599 Apopbthegmata
1683 1553 1708 1581 ρ
1742 1550 1783 1583 s.
1815 1550 1865 1583 ν.
1893 1534 2149 1660 Μαεατῐξιιε

2282 1534 2378 1582 ῐοιιε
2400 1533 2542 1596 apud
2573 1533 2655 1583 Jo.
2693 1534 2842 1597 Bapt.
2876 1534 3197 1584 Cotelerium
3230 1532 3371 1587 Eccl.
3408 1530 3592 1581 Graec.
3618 1532 3759 1582 Mon.
3785 1536 3824 1581 t.
3858 1532 3898 1588 Ι.

2284 1610 2364 1659 sq.

902 1839 988 1895 De
1025 1838 1240 1895 abbate
1278 1837 1549 1895 Macario
1588 1837 1810 1895 urbico.
2215 1843 2257 1896 Β
2376 1840 2518 1909 Περ]

2215 1843 2257 1896 Β
2376 1840 2531 1909 Περὶ
2569 1842 2679 1887 τοῦ
2718 1834 2887 1887 ἀϐϐἆ
2925 1839 3272 1909 Μακαρίου
3310 1841 3421 1888 τοῦ
3463 1834 3828 1888 πολιτικοῦ.

611 1933 658 1984 t.
692 1928 976 1983 Macarius
1006 1926 1273 1989 πολιτικός
1294 1926 1389 1982 ille
1416 1927 1608 1982 abbas
1635 1925 1961 1998 aliquando
1993 1924 2069 1979 ad
2102 1939 2185 1979 se-

2372 1925 2424 1978 1.
2477 1924 2703 1983 Ἀπῆλθέ
2755 1944 2878 1977 ποτε
2924 1926 2949 1976 6
3003 1923 3167 1985 ἁϐϐᾶς
3220 1926 3489 1999 Μακάριος
3550 1926 3575 1975 6
3630 1923 3904 1985 πολιτικός

535 2016 762 2074 candos
794 2016 1132 2089 palmarum
1158 2032 1360 2072 ramos
1385 2015 1540 2079 exiit,
1565 2014 1847 2071 fratribus
1865 2016 2063 2086 ipsum
2090 2029 2151 2068 co

2298 2013 2461 2083 κόψαι
2502 2012 2684 2065 θαλλία
2711 2018 2799 2065 καὶ
2828 2016 2877 2065 οἱ
2908 2010 3119 2085 ἀδελφοὶ
3144 2013 3255 2085 μετ’
3288 2016 3449 2065 αὑτοῦ
3484 2035 3496 2046 ·
3530 2017 3619 2065 καὶ
3656 2012 3904 2084 λέγουσιν

536 2105 907 2162 mitantibus.
933 2107 1043 2171 Qui
1065 2107 1258 2177 primo
1281 2105 1378 2160 die
1404 2106 1488 2161 ei:
1522 2104 2152 2176 Veni,inquiunt.patei

2299 2102 2438 2171 αὑτῷ
2488 2105 2579 2158 τὴν
2623 2107 2829 2173 πρώτην
2882 2103 3079 2174 ἡμέραν
3111 2118 3123 2131 ⁶
3184 2097 3360 2176 δεῦρο,
3404 2102 3535 2173 φάγε
3578 2100 3689 2172 μεθ’
3729 2102 3901 2173 ἡμῶν,

535 2194 849 2250 nobiscum
892 2194 1173 2249 comedet
1205 2193 1467 2249 Accessit
1491 2192 1669 2261 igitur
1689 2192 1783 2248 ille
1810 2200 1864 2247 et
1894 2191 2151 2247 comedit

2296 2193 2457 2262 πάτερ
2487 2209 2498 2220 ·
2536 2191 2560 2241 6
2610 2187 2668 2242 δὲ
2719 2190 2916 2249 ἀπῆλθε
2963 2195 3051 2242 καὶ
3083 2193 3237 2261 ἔφαγε
3269 2207 3281 2219 ·
3328 2195 3418 2242 καὶ
3471 2190 3624 2242 πάλιν
3664 2198 3728 2262 τῇ
3763 2190 3894 2263 ἄλλῃ

535 2283 732 2339 Altero
754 2298 891 2337 eum
917 2283 1011 2337 die
1042 2282 1256 2337 iterum
1290 2288 1524 2353 rogant,
1543 2288 1603 2336 ut
1625 2281 2006 2337 coniedat.At
2032 2282 2079 2335 is
2105 2296 2151 2335 re

2295 2276 2535 2349 λέγουσιν
2576 2280 2715 2348 αὐτῷ
2767 2285 2945 2349 φαγεῖν
2980 2300 2992 2311 ·
3027 2280 3053 2330 6
3095 2276 3154 2330 δὲ
3198 2282 3291 2330 οὐκ
3340 2278 3538 2344 ἤθελεν,
3572 2278 3680 2330 ἀλλ’
3731 2279 3902 2350 ἔλεγεν

535 2387 766 2428 nuens:
816 2373 951 2441 Vos,
984 2372 1196 2444 inquit,
1250 2370 1377 2439 ﬁlii,
1405 2370 1607 2426 cibum
1661 2371 1913 2425 sumatis
1946 2386 2151 2425 necess

2298 2370 2474 2429 αὐτοῖς
2506 2384 2517 2395 ·
2553 2368 2700 2437 ὑμεῖς
2727 2372 2913 2439 χρείαν
2946 2370 3091 2439 ἔχετε
3131 2375 3329 2439 φαγεῖν,
3366 2372 3519 2420 τέκνα
3552 2386 3566 2400 ⁸
3598 2366 3771 2440 ἀκμὴν
3796 2371 3902 2443 γὰρ

537 2465 661 2527 est;
696 2459 891 2516 adhuc
914 2460 1071 2515 enim
1102 2475 1243 2515 caro
1292 2459 1435 2516 estis
1462 2476 1475 2526 ;
1508 2475 1650 2530 ergo
1690 2475 1831 2515 vero
1858 2474 2019 2514 nunc
2048 2457 2153 2514 noli

1824 2480 1831 2510 ι
1858 2474 2019 2514 nunc
2048 2457 2187 2514 nolo
2300 2455 2434 2531 σάρξ
2471 2454 2585 2509 ἕστε
2613 2473 2625 2486 '
2657 2454 2755 2526 ἐγὼ
2787 2452 2847 2508 δε
2876 2464 2964 2507 νῦν
2996 2460 3055 2508 οὐ
3085 2455 3210 2509 θέλω
3241 2464 3440 2529 φαγεῖν.

538 2549 906 2604 manducare
920 2594 932 2605 .

610 2642 663 2693 2.
698 2638 990 2692 Macarius
1017 2636 1208 2693 abbas
1222 2636 1899 2692 convenitPacbomium
1917 2635 2184 2691 abbatem

2368 2636 2421 2688 2.
2474 2632 2762 2704 Ιιαρέϐαλεν
2825 2634 2850 2684 6
2901 2632 3064 2696 ἁϐϐἄς
3102 2635 3375 2708 Μακάριος
3432 2636 3563 2706 πρὸς
3605 2637 3691 2686 τὸν
3736 2633 3906 2687 ἁϐϐἄν

534 2725 1132 2782 Tabennesiotarum.
1166 2726 1353 2791 Quem
1388 2725 1741 2781 Pacbomius
1773 2726 2147 2793 interrogans

2300 2728 2588 2795 Παχώμιον
2616 2731 2714 2775 τῶν
2752 2722 3190 2780 Ταϐεννησιωτῶν
3219 2744 3232 2757 ·
3258 2725 3283 2775 6
3317 2720 3376 2776 δὲ
3408 2728 3699 2796 Παχὼμιος
3723 2724 3906 2797 ἠρώτα

533 2815 613 2881 Si,
637 2815 853 2886 inquit,
880 2813 1090 2871 fratres
1118 2814 1467 2886 disciplinae
1489 2814 1760 2870 ordinem
1785 2830 1901 2868 non
1927 2828 2149 2869 servan‘

2300 2814 2454 2863 αὐτὸν
2503 2811 2662 2883 λέγων
2692 2829 2704 2841 ·
2734 2814 2814 2864 ὅτε
2854 2812 2981 2865 εἰσὶν
3030 2810 3243 2884 ἀδελφοὶ
3292 2814 3531 2881 ἄτακτοι,
3571 2812 3727 2864 καλὸν
3787 2814 3906 2865 ἐστι

530 2902 843 2960 bonumne
863 2910 944 2958 est
964 2904 1261 2975 corripere
1282 2903 1421 2958 eos?
1438 2904 1762 2974 Respondit
1784 2903 2068 2959 Macarius
2083 2901 2146 2957 at

2302 2902 2589 2958 παιδεῦσαι
2638 2908 2870 2973 αὐτούς
2914 2905 3047 2976 λέγει
3099 2905 3240 2975 αὐτῷ
3293 2907 3318 2957 6
3377 2904 3538 2966 ἆϐϐᾱς
3583 2907 3848 2977 Μακάριος
3885 2927 3900 2941 υ

530 2992 673 3050 bas:
700 2994 934 3063 Castiga
960 2999 1015 3047 et
1039 2993 1191 3049 iuste
1220 3007 1322 3048 eos
1352 2992 1569 3055 iudica,
1612 2993 1715 3064 qui
1741 2992 1842 3047 tibi
1867 2992 2146 3047 subiiciui

2300 2990 2611 3059 παίδευσον,
2653 2998 2740 3046 καὶ
2782 3001 2953 3066 κρῖνον
2998 2991 3218 3056 δικαίως
3264 2997 3384 3057 τοὺς
3424 2996 3523 3047 ὑπὸ
3567 2997 3628 3047 σέ
3654 3015 3666 3030 ·
3702 2994 3796 3057 ἔξω
3842 2990 3905 3047 δε

532 3086 665 3150 tur;
702 3086 867 3138 extra
894 3097 1038 3139 vero
1082 3081 1441 3137 iudicaveris
1487 3081 1791 3136 neminem
1830 3103 1840 3145 ;
1873 3096 2014 3135 nam
2049 3096 2148 3136 scr:

2301 3088 2373 3155 μὴ
2417 3087 2593 3157 κρίνῃς
2629 3085 2772 3145 τινάς
2799 3105 2811 3117 ·
2845 3087 3139 3155 γέγραπται
3186 3086 3289 3156 γάρ
3321 3101 3332 3113 ·
3389 3087 3550 3157 οὐχὶ
3591 3087 3737 3143 τοὺς
3777 3086 3903 3136 ἔσω

531 3176 698 3243 ptum
723 3177 811 3227 est
840 3188 853 3227 :
882 3172 1091 3227 Nonne
1115 3171 1187 3227 de
1205 3170 1299 3236 iis,
1337 3171 1440 3242 qui
1461 3170 1625 3225 intus
1651 3177 1813 3235 sunt,
1844 3186 1942 3226 vos
1965 3170 2147 3226 indici

2236 3173 2484 3254 ρὺμείς
2514 3176 2771 3245 κρίνετε
2810 3175 3003 3239 ;τοὺς
3043 3169 3111 3226 δὲ
3154 3172 3267 3235 ἔξω
3306 3174 3331 3224 6
3373 3176 3526 3233 Θεὸς
3578 3179 3818 3247 κρινεῖ.

534 3264 605 3315 tis
629 3261 824 3317 fNam
855 3276 969 3327 eos,
1000 3262 1105 3332 qui
1121 3260 1278 3329 foris
1304 3263 1462 3322 sunt,
1502 3259 1650 3315 Deus
1680 3259 1969 3316 iudicabit
2002 3261 2111 3329 (a).

606 3349 958 3404 3.Macarius
982 3348 1174 3404 abbas
1191 3348 1522 3421 aliquando
1536 3364 1641 3420 per
1657 3348 2190 3421 quatuorintegros

2372 3352 2423 3404 3.
2468 3348 2712 3407 Ἐποίησέ
2763 3368 2887 3402 ποτε
2946 3352 2971 3401 6
3025 3348 3187 3410 ἀϐϐἆς
3237 3351 3505 3422 Μακάριος
3556 3351 3896 3424 τετράμηνον,

535 3451 769 3491 menses
843 3435 1109 3508 quotidie
1185 3436 1465 3492 visitabat
1543 3437 1783 3491 fratrem
1856 3437 2151 3507 quendam

2298 3437 2639 3511 παραϐάλλων
2687 3443 2787 3490 τινὶ
2839 3435 3041 3511 ἀδελφῷ
3081 3440 3394 3513 ἡμερούσιον
3429 3458 3442 3472 ο
3475 3445 3565 3492 καὶ
3610 3443 3716 3511 οὐχ
3755 3439 3898 3513 εὗρεν

530 3539 726 3596 neque
779 3539 1071 3597 unquam,
1128 3540 1201 3579 ne
1242 3525 1422 3581 semel
1458 3525 1725 3596 quidem,
1776 3524 2005 3579 invenit
2048 3541 2146 3579 eui

2298 3530 2453 3578 αὑτὸν
2502 3530 2841 3601 εὐκαιροῦντα
2870 3529 2940 3601 ⁸⁸)
2990 3526 3091 3581 ἀπὸ
3120 3538 3211 3589 τῆς
3255 3536 3562 3601 προσευχῆς
3600 3525 3725 3582 οὐδὲ
3754 3528 3898 3591 ἅπαξ

529 3619 838 3670 vacantem
897 3613 974 3668 ab
1018 3614 1304 3668 oratione.
1355 3613 1696 3669 Admiratus
1748 3614 1925 3685 igitur
1990 3614 2137 3669 dixit

1990 3614 2137 3669 dixit
2166 3629 2181 3667 :
2295 3620 2383 3667 καὶ
2407 3617 2677 3688 θαυμάσας
2706 3617 2865 3689 ἂεγεν
2894 3637 2906 3650 ο
2945 3615 3065 3671 ἰδοὺ
3096 3616 3315 3689 ἇπίγειος
3344 3619 3558 3690 ἄγγελος
3588 3634 3601 3649 ⁸

531 3704 677 3758 Ecce
714 3702 1006 3758 terrestris
1027 3701 1276 3772 angelus
1298 3701 1310 3757 ι

1856 3817 2065 3874 VARIA
2077 3820 2117 3873 E
2158 3819 2553 3877 LEC'I‘IONES.

601 3916 649 3952 ⁶⁴
678 3916 764 3973 Al.
801 3916 1104 3990 ἀμελοῦντα.

654 4076 657 4077 ,
2091 4014 2342 4072 NOTAE.

600 4121 684 4194 (a)
715 4122 734 4175 l
762 4122 891 4177 Cor.
923 4138 979 4187 v,
1018 4124 1101 4186 i2,
1135 4123 1218 4177 t3.

1414 4389 1670 4517 JO.
1749 4389 2127 4518 SAL.
2206 4390 2998 4511 SBMLBRI

1056 4582 1700 4644 DISSERTATIONES
1744 4583 1949 4643 DUAE
1998 4585 2095 4643 DE
2140 4583 2482 4647 SCRIPTIS
2527 4586 2586 4645 S.
2635 4588 2957 4654 MACARII
3001 4587 3366 4649 AEGYPTII

1650 4854 2372 4943 DlSSEBTATlO
2436 4858 2788 4946 PRIOR

517 4997 821 5084 Specimen
848 4995 1143 5084 examinis
1174 4996 1367 5084 critici
1396 4996 1652 5084 Operam
1683 5014 1835 5084 quae
1861 4998 1947 5083 ita
1964 5001 2253 5083 feruntur
2272 5002 2547 5084 Macarii,
2567 5003 2681 5084 sub
2706 5003 3053 5084 laetissimos
3070 5005 3369 5084 gstosque
3392 5005 3516 5084 d_ie_s
3543 5006 3882 5084 Glirigaab

589 5070 804 5140 inferis
853 5072 1168 5140 magniﬁce
1212 5070 1485 5125 redeunti
1534 5085 1753 5133 sacros,
1789 5071 1926 5126 boni
1970 5072 2172 5127 ominis
2204 5088 2415 5129 caussa
2441 5074 2622 5129 edidit
2649 5075 2703 5128 J.
2732 5074 2790 5128 S.
2821 5077 2881 5137 δ’,
2912 5075 3035 5131 Sal.
3070 5070 3364 5133 ’Τίμα-[8.
3412 5079 3536 5135 LL.
3588 5078 3653 5134 S.
3687 5078 3882 5137 Halae

590 5140 1111 5213 Magdeburgicae,
1138 5144 1296 5212 typis
1319 5141 1569 5197 Joannis
1599 5142 1928 5199 Christiani
1956 5144 2232 5202 Hendetii
2256 5144 2441 5201 Acad.
2478 5145 2627 5215 Typ.
2660 5146 2989 5203 MDCCXL
3008 5148 3180 5220 V(a).

591 5391 762 5468 [P_ag.
780 5393 831 5466 3]
858 5395 985 5449 Viro
1001 5407 1224 5449 summe
1240 5393 1583 5459 reverenda,
1606 5394 1970 5468 amplissimo
1984 5436 1997 5461 ,
2015 5395 2347 5468 doctissimo
2360 5396 2433 5451 D.
2451 5396 2699 5453 Gott/ui
2710 5402 2917 5468 uguste
2930 5399 3393 5465 Franckio,Fac.
3411 5400 3613 5457 Theol.
3626 5400 3765 5457 Hal.
3776 5401 3870 5457 Sc.

513 5465 952 5535 niOri,patrono
963 5481 1069 5521 suo
1081 5481 1445 5535 summopere
1459 5466 1815 5523 venerando.
1834 5466 1997 5539 [Pag.
2016 5467 2088 5538 4.]
2113 5466 2240 5522 Viro
2253 5482 2474 5523 summe
2487 5465 3559 5540 reverenda,amplissimo,doctissimo
3571 5471 3875 5543 D.Sigism-

986 5598 1013 5639 ρ’
1212 5636 1215 5639 .
1350 5638 1353 5645 ,
2052 5582 2303 5641 NOTAE.

594 5688 674 5765 (a)
696 5692 940 5749 Constat
963 5690 1202 5765 paginis
1228 5694 1298 5748 24
1323 5691 1473 5748 ἱη-ᾇ.
1498 5692 1576 5746 De
1601 5690 1856 5748 Macario
1887 5706 2077 5766 usque
2115 5690 2195 5748 ad
2216 5650 2359 5765 pag.
2385 5692 2448 5747 2-1
2476 5692 2691 5765 agitur,
2715 5692 2853 5750 dein
2880 5707 3025 5768 pag.
3062 5654 3225 5753 21-24
3249 5694 3324 5751 de
3352 5658 3693 5754 Tertulliani
3716 5698 3871 5771 Apo-
