4092 6252
233 283 340 338 265
1309 280 1402 335 DE
1441 280 1764 336 SCRIPTIS
1805 280 1871 335 S.
1912 280 2218 336 MACARII
2257 280 2616 338 AEGYPTII.
3543 289 3649 344 266

243 408 452 463 Jacobo
470 407 895 477 Baumgarten,
913 404 1065 460 Sem.
1097 403 1296 461 Theol.
1317 406 1617 472 directori,
1630 409 1889 476 patrono
1910 422 2014 462 suo
2031 421 2397 476 summopere
2419 409 2778 466 venerando.
2812 411 2957 466 Leve
2978 411 3085 467 hoc
3107 416 3161 468 et
3185 417 3354 468 tenue
3364 411 3646 480 scriptum

244 497 595 554 reverentiae
607 510 750 551 suae
775 496 1196 551 documentum
1228 498 1432 552 multis
1445 497 1780 567 faustisque
1800 496 1860 550 in
1883 497 2064 564 festos
2083 496 2186 550 hos
2213 497 2334 552 dies
2355 497 2650 554 ominibus
2673 505 2728 554 et
2759 503 3202 568 precationibus
3233 502 3404 571 offert
3420 507 3645 557 auctor.

274 642 280 646 ,
319 588 470 656 [Pag.
511 585 561 656 5]
596 584 751 640 Bella
773 585 1138 651 suntverba,
1171 585 1279 640 viri
1305 603 1540 641 summe
1571 585 1898 648 reverendi,
1926 601 2083 656 quae
2110 585 2406 640 habentur
2433 586 2490 640 in
2523 587 2777 642 Homilia
2807 588 2957 644 inter
2983 590 3212 644 Macarii
3256 589 3435 659 vulgo
3469 588 3650 644 credi-

246 680 332 732 tas
353 676 427 727 V“
448 675 529 745 (a)
557 674 585 745 §
609 675 664 739 9,
690 674 979 728 omnibus
1003 674 1156 728 veris
1181 674 1522 729 Christianis
1541 675 1893 730 Xanthicum
1921 689 2208 738 mensem,
2241 675 2358 730 sive
2399 675 2679 746 Aprilem,
2716 692 2836 731 non
2886 677 3104 733 iniuria
3135 677 3331 733 fausta
3371 693 3649 750 quaeque

235 763 509 835 polliceri.
540 766 660 818 Hoc
691 763 874 827 enim,
899 762 1419 834 quemadmodum
1454 769 1700 818 renovat
1725 762 1900 834 quasi
1926 762 2122 831 frigidi
2157 769 2212 816 et
2258 762 2479 817 inimici
2508 763 2648 818 olim
2701 765 2845 820 caeli
2881 770 3181 831 naturam,
3215 771 3270 822 et
3301 765 3646 821 calidiorem

228 853 342 909 iam
374 853 834 923 iucundamque
860 851 1077 918 reddit,
1114 853 1191 907 ita
1223 852 1400 908 beata
1441 852 1771 907 recordatio
1801 867 2030 919 eorum,
2063 867 2217 923 quae
2239 851 2350 905 sub
2375 851 2487 907 hoc
2511 851 2627 908 fere
2649 853 2804 908 idem
2836 859 3072 926 tempus
3094 855 3154 911 in
3175 870 3286 909 nos
3308 870 3518 910 omnes
3544 869 3652 926 per

231 940 555 998 Salvatoris
596 955 822 995 novam
866 939 1042 1013 quasi
1075 940 1254 995 vitam
1284 941 1719 1004 redundarunt,
1777 956 1900 995 non
1943 945 2139 1012 potest
2177 956 2296 994 non
2339 940 2521 995 animi
2551 943 2892 1013 opprimere
2918 944 3233 1007 tristitiam,
3268 950 3650 1015 mentemque

219 1030 420 1086 divina
443 1030 715 1102 quadam
747 1029 1106 1101 perfundere
1139 1029 1381 1085 laetitia.
1418 1030 1580 1086 Unde
1613 1045 1718 1084 oro
1752 1035 1929 1100 atque
1956 1029 2230 1093 obsecro,
2265 1029 2368 1084 viri
2418 1046 2655 1085 summe
2691 1033 3018 1097 reverendi,
3069 1049 3176 1103 pro
3209 1033 3426 1088 eximia
3454 1036 3651 1086 vestra

217 1119 642 1174 benevolentia
668 1117 994 1173 clementer
1024 1118 1518 1188 interpretamini,
1547 1117 1713 1189 quod
1743 1117 2028 1172 sollemne
2060 1117 2171 1172 hoc
2208 1117 2541 1172 Christiano
2582 1118 2713 1174 orbi
2740 1125 2978 1191 tempus
3014 1121 3187 1176 vobis
3209 1136 3280 1176 ex
3308 1120 3490 1177 animi
3519 1134 3650 1174 sen-

225 1208 406 1263 tentia
429 1207 722 1277 gratulari
774 1208 1067 1276 sustineo,
1115 1207 1295 1279 inque
1325 1223 1460 1262 eam
1492 1222 1618 1262 rem
1657 1207 1785 1262 leve
1815 1206 1931 1261 hoc
1962 1206 2130 1260 vobis
2160 1205 2345 1262 offero
2378 1208 2685 1278 scriptum.
2721 1209 2889 1273 Quod
2921 1210 3166 1281 quidem
3211 1210 3341 1281 ipse
3391 1208 3536 1264 satis
3564 1208 3653 1262 in-

225 1296 425 1366 telligo
446 1297 527 1351 ita
558 1312 688 1350 esse
721 1301 1163 1366 comparatum,
1193 1295 1633 1351 venerabilibus
1666 1301 1729 1350 ut
1768 1295 2043 1366 personis
2070 1295 2284 1350 vestris
2320 1295 2572 1364 dignum
2626 1297 2812 1351 videri
2842 1297 2934 1352 vix
2968 1298 3173 1369 possit.
3209 1299 3404 1363 Quare
3439 1301 3494 1352 et
3522 1297 3649 1368 ipse

224 1401 342 1441 non
387 1384 770 1440 mediocriter
814 1385 1190 1450 dubitabam,
1229 1401 1305 1440 an
1352 1386 1604 1438 summis
1671 1383 2015 1438 nominibus
2062 1383 2271 1438 vestris
2320 1383 2641 1438 inscribere
2700 1384 2844 1439 illud
2907 1384 3225 1440 commode
3280 1384 3529 1456 possim.
3582 1384 3652 1438 At

218 1473 471 1529 videbar
501 1473 808 1529 mihisatis
835 1475 1194 1542 cognovisse
1218 1475 1277 1528 in
1313 1474 1502 1538 vobis,
1558 1473 1662 1527 viri
1696 1489 1929 1526 summe
1981 1471 2299 1529 reverendi,
2337 1471 2498 1543 [Pag.
2533 1472 2590 1544 6]
2635 1488 2769 1528 eam
2802 1473 3101 1536 virtutem,
3125 1490 3268 1545 qua,
3299 1479 3361 1528 ut
3400 1471 3648 1543 potestis

224 1563 511 1623 maxime,
546 1563 750 1617 omnia
778 1562 1342 1617 benevolentissime
1362 1565 1420 1617 in
1445 1578 1577 1616 eam
1616 1561 1883 1631 accipere
1915 1561 2114 1615 soletis
2150 1569 2377 1631 partem
2412 1577 2568 1632 quae
2591 1562 2899 1616 estlenior.
2931 1562 3304 1631 Quidniergo
3319 1561 3532 1617 eodem
3555 1576 3650 1615 me

223 1650 525 1705 beneficio
558 1649 867 1704 fruiturum
897 1667 1155 1722 sperem,
1182 1651 1326 1704 dum
1366 1666 1635 1704 meorum
1665 1650 1957 1705 rationem
1981 1650 2152 1719 vobis
2187 1649 2521 1704 studiorum
2537 1650 2628 1704 his
2654 1651 2902 1706 reddere
2927 1651 3262 1706 volo?'l‘um
3290 1651 3516 1705 nemihi
3537 1649 3652 1721 ipsi

225 1739 479 1810 quidem
515 1738 790 1803 satisfeci,
825 1740 925 1794 sed
955 1739 1142 1795 multa
1167 1739 1368 1794 adhuc
1409 1739 1798 1811 reprehendo.
1835 1741 1950 1793 Hoc
1981 1744 2200 1801 tamen,
2231 1738 2363 1792 licet
2395 1737 2542 1792 forte
2567 1739 2831 1803 unicum,
2866 1755 2985 1794 non
3017 1741 3264 1794 omnino
3297 1754 3497 1794 carere
3538 1753 3651 1792 sua

223 1843 596 1898 quacunque
623 1826 862 1883 utilitate
894 1829 1036 1882 mihi
1073 1828 1402 1891 videbatur,
1435 1827 1597 1900 quod
1622 1828 1747 1898 jam
1783 1826 2024 1895 intelligi
2074 1832 2286 1897 potest,
2321 1839 2391 1881 ex
2433 1844 2492 1881 se
2522 1827 2652 1898 ipso
2679 1828 3021 1892 Macarium,
3047 1828 3096 1882 si
3120 1827 3432 1897 diligenter
3455 1826 3653 1881 volva-

219 1923 336 1982 tur,
374 1933 556 1990 posse
607 1917 664 1972 in
701 1918 898 1972 multis
936 1917 1175 1987 corrigi,
1237 1917 1402 1989 quod
1433 1918 1638 1972 omnia
1687 1916 1777 1970 bis
1811 1921 1912 1971 aut
1943 1922 2030 1970 ter
2061 1921 2398 1979 occurrunt,
2450 1920 2506 1969 et
2543 1915 2920 1970 librariorum
2956 1917 3094 1971 inde
3120 1932 3349 1971 errores
3390 1915 3650 1983 abstergi

219 2010 447 2078 optime
474 2011 750 2076 possunt.
794 2006 962 2073 Quod
995 2006 1126 2061 licet
1159 2022 1409 2077 parvum
1443 2005 1708 2060 utilitatis
1740 2011 2111 2060 momentum
2160 2005 2208 2058 si
2261 2004 2433 2059 vobis
2470 2020 2589 2059 non
2631 2007 2866 2076 penitus
2923 2005 3249 2077 improbari
3283 2005 3646 2069 intellexero,

217 2097 325 2151 viri
360 2111 604 2150 summe
642 2097 968 2163 reverendi,
1003 2096 1253 2150 videbor
1288 2095 1431 2150 mihi
1465 2110 1585 2149 non
1619 2094 1901 2150 inutiliter
1933 2095 2085 2148 hanc
2127 2110 2378 2165 parvam
2409 2109 2657 2164 operam
2697 2095 3127 2149 consumsisse.
3154 2094 3353 2150 Valete
3386 2099 3444 2148 et
3468 2094 3650 2148 bene-

217 2184 482 2240 volentia
511 2190 728 2250 vestra,
754 2184 870 2239 nisi
905 2184 1189 2254 indignus
1219 2183 1487 2252 videbor,
1523 2199 1699 2256 porro
1731 2199 1825 2238 me
1852 2183 2301 2254 amplectimini.
2347 2182 2576 2238 Dabam
2610 2182 2789 2238 Halae
2820 2183 2936 2238 sub
2960 2184 3120 2254 ipsos
3146 2182 3334 2238 festos
3374 2181 3530 2238 dies.

857 2483 1019 2553 [Pag.
1064 2482 1119 2555 Ἴ]
1143 2483 1170 2554 §
1203 2485 1245 2538 ι.

297 2594 450 2658 Quae
483 2591 752 2647 Macarii
781 2590 1280 2645 circumferuntur
1313 2591 1630 2662 Opuscula,
1667 2596 1728 2645 ut
1757 2591 1885 2645 dili-

225 2682 378 2750 genti
423 2680 684 2736 lectione
730 2694 849 2733 non
886 2678 1137 2733 omnino
1184 2679 1430 2748 indigna
1470 2685 1628 2744 sunt,
1658 2681 1738 2734 ita
1784 2695 1889 2734 nec

218 2770 362 2826 forte
393 2770 518 2825 hoc
535 2769 833 2831 examine,
867 2767 1133 2823 Macarii
1149 2784 1226 2822 an
1265 2769 1630 2838 nomenjure
1662 2785 1804 2839 prae
1830 2784 1890 2822 se

218 2858 412 2915 ferant
444 2863 507 2912 et
547 2872 754 2912 revera
785 2857 864 2910 ab
905 2872 976 2911 eo
1008 2856 1145 2911 sint.
1176 2860 1367 2927 Atque
1399 2858 1494 2911 hic
1525 2873 1645 2912 non
1677 2857 1888 2912 dubito

219 2947 344 3003 fore
376 2946 704 3018 plerosque
719 2946 820 3016 qui
855 2945 1162 3010 mirentur,
1182 2945 1328 3016 quid
1363 2945 1436 2999 sit
1458 2946 1622 3016 quod
1647 2961 1758 3015 ego
1785 2961 1889 3015 po-

226 3035 531 3090 tissimum
571 3033 840 3088 dubitem
881 3033 955 3087 de
984 3049 1066 3097 re,
1096 3033 1170 3087 de
1210 3049 1331 3103 qua
1361 3035 1591 3088 nemini
1628 3050 1895 3105 unquam

239 3121 363 3178 fere
383 3123 441 3177 in
489 3128 745 3177 mentem
781 3121 958 3176 venit.
995 3123 1144 3188 Quin
1178 3127 1233 3176 et
1271 3122 1397 3192 ipse
1424 3122 1793 3194 aliquantum
1836 3123 1899 3178 ti-

247 3211 485 3266 midum
523 3226 617 3264 me
642 3226 768 3265 esse
799 3226 920 3266 non
947 3225 1120 3279 nego.
1162 3213 1468 3281 Utcunque
1507 3227 1643 3265 vero
1687 3227 1778 3265 res
1804 3227 1899 3266 ce-

247 3299 935 3366 ciderit,juvabittamen
954 3301 1158 3369 errori,
1190 3315 1368 3370 quem
1395 3315 1524 3353 esse
1561 3301 1902 3371 suspicatus

257 3403 420 3449 sum,
455 3402 551 3440 me
577 3387 773 3455 ipsum
813 3402 921 3457 pro
951 3388 1101 3442 virili
1128 3393 1294 3459 parte
1321 3387 1644 3443 obstitisse.

1017 3494 1043 3565 ς
1073 3493 1135 3548 ιι.

1922 2483 1966 2536 Α
1999 2482 2275 2538 codicum
2306 2484 2453 2539 MSS.
2484 2490 2588 2548 est,
2625 2483 2875 2538 alterum
2907 2499 2978 2539 ex
3006 2483 3150 2555 ipsis
3195 2488 3460 2539 veterum
3504 2484 3650 2539 seri-'-

1999 2572 2114 2643 ptis
2147 2573 2392 2642 petitum
2425 2578 2481 2626 et
2512 2572 2886 2628 testimoniis.
2923 2573 3092 2638 Quod
3125 2573 3171 2628 si
3204 2589 3345 2644 ergo
3378 2559 3659 2628 neutrum

2003 2661 2210 2716 stabile
2262 2668 2318 2716 et
2363 2661 2602 2716 ﬁrmum
2649 2661 2738 2724 sit,
2773 2677 2891 2717 non
2942 2667 3161 2718 temere
3212 2661 3487 2720 dubitare
3543 2676 3655 2731 ego

2004 2750 2264 2805 videbor.
2300 2755 2487 2823 Atque
2519 2750 2576 2805 id
2610 2751 2812 2822 ipsum
2847 2766 2958 2819 ego
2991 2767 3212 2806 assero.

2076 2839 2336 2893 Primum
2365 2840 2525 2894 enim
2565 2840 2729 2911 quod
2763 2839 2973 2895 attinet
2992 2840 3066 2895 ad
3095 2842 3270 2908 MSS.,
3303 2839 3380 2895 ad
3413 2855 3570 2912 quae
3598 2839 3659 2895 in

2005 2927 2096 2982 his
2126 2928 2302 2982 rebus
2330 2943 2655 2998 provocare
2677 2929 3100 2998 nonexiguum
3114 2934 3202 2983 est
3225 2929 3659 2996 testimonium",

2010 3015 2197 3071 multa
2226 3021 2397 3071 erunt
2426 3016 2990 3086 circumspicienda.
3028 3018 3218 3081 Quam
3250 3017 3482 3088 antiqui
3513 3002 3660 3071 tales

2009 3105 2244 3159 codices
2270 3105 2404 3168 sint,
2425 3105 2525 3175 qui
2551 3105 2886 3160 Macarium
2913 3110 3220 3160 auctorem
3245 3104 3525 3175 produnt,
3550 3110 3664 3160 sta-

2013 3200 2172 3248 tuere
2213 3193 2309 3247 vix
2337 3209 2607 3263 possum,
2640 3193 2782 3264 quia
2807 3209 3013 3248 eorum
3047 3194 3105 3247 in
3139 3193 3228 3248 his
3269 3194 3454 3258 terris,
3490 3198 3555 3248 ut
3578 3192 3663 3261 ﬁt,

2012 3282 2176 3337 nulla
2208 3289 2309 3335 aut
2338 3281 2556 3350 exigua
2583 3287 2673 3336 est
2700 3282 2924 3338 notitia.
2958 3287 3027 3337 At
3056 3283 3408 3337 contendere
3438 3281 3534 3338 vix
3562 3298 3668 3338 ve-

2013 3387 2165 3436 reor,
2194 3386 2312 3424 non
2347 3370 2499 3424 ultra
2533 3371 2839 3426 saeculum
2886 3387 2964 3425 xu
3010 3375 3112 3426 aut
3144 3387 3240 3425 xui
3295 3387 3426 3426 esse
3466 3387 3664 3442 posse,

2015 3460 2175 3531 quia,
2208 3463 2270 3513 ut
2298 3459 2687 3514 ostendemus
2726 3464 2956 3529 postea,
2990 3470 3168 3515 nemo
3220 3459 3340 3514 fere
3371 3463 3506 3515 ante
3560 3459 3671 3515 ista

328 3597 504 3664 Quod
529 3602 703 3653 antea
727 3598 849 3668 jam
881 3599 1063 3669 tetigi,
1098 3616 1274 3672 posse
1307 3601 1452 3656 mihi
1480 3600 1625 3656 forte
1653 3601 1907 3656 aliorum

245 3689 490 3745 obstare
513 3688 946 3753 auctoritatem,
980 3690 1082 3760 qui
1109 3690 1251 3744 nihil
1277 3689 1387 3745 tale
1429 3691 1711 3761 suspicati
1746 3696 1905 3754 sunt,

242 3777 302 3832 id
333 3777 536 3832 adhuc
607 3777 900 3832 contendo
954 3779 1090 3832 vitio
1134 3778 1274 3832 mihi
1334 3781 1476 3833 verti
1510 3779 1672 3834 nullo
1726 3779 1908 3834 modo

240 3866 414 3940 [Pag.
450 3866 507 3939 8]
540 3882 735 3937 posse.
773 3869 855 3920 Ita
903 3865 1063 3921 enim
1103 3866 1160 3921 in
1204 3867 1293 3922 his
1346 3867 1558 3922 studiis
1602 3868 1744 3922 mihi
1781 3869 1908 3939 jam

242 3956 345 4010 diu
375 3955 706 4010 multorum
730 3954 1184 4010 auctoritatibus
1197 3958 1500 4011 suasiesse
1518 3957 1907 4021 versandum,

243 4049 305 4101 ut
339 4050 565 4100 temere
605 4043 770 4108 nihil,
799 4058 907 4098 nec
939 4043 1065 4098 sine
1116 4045 1449 4100 rationibus
1499 4045 1666 4099 facile
1715 4045 1913 4100 crede-

241 4149 392 4190 rem.
429 4136 634 4204 Neque
667 4131 780 4187 hoc
821 4147 1020 4186 meum
1055 4149 1306 4188 examen
1341 4133 1460 4188 ulla
1493 4135 1548 4187 in
1582 4150 1642 4188 re
1685 4135 1913 4190 nomini

245 4237 618 4291 magnorum
641 4221 905 4276 virorum
938 4236 1180 4292 erogare
1194 4222 1464 4294 daliquid
1485 4228 1698 4293 potest.
1723 4224 1912 4278 Mirari

244 4312 407 4368 enim
434 4325 622 4366 nemo
655 4310 762 4364 erit
785 4309 888 4382 qui
926 4315 1096 4373 vetet,
1118 4327 1223 4365 cur
1241 4311 1395 4366 hanc
1416 4327 1592 4366 nemo
1615 4314 1912 4383 quaestio-

244 4417 384 4456 nem
422 4398 701 4455 moverit.
732 4399 851 4454 Nisi
891 4399 1029 4470 quis
1062 4415 1131 4454 eo
1165 4399 1308 4454 forte
1339 4399 1547 4455 referat
1584 4402 1907 4464 Possinum,

245 4490 346 4560 qui
365 4490 423 4543 in
455 4489 761 4544 Thesauro
789 4503 899 4542 suo
914 4489 1167 4543 ascetico
1195 4488 1270 4542 de
1304 4489 1471 4544 tertio
1498 4489 1913 4545 Macarioideo

247 4575 678 4648 cogitat,quod
699 4576 914 4631 horum
947 4576 1209 4630 duorum
1239 4579 1428 4632 neutri
1461 4583 1722 4632 veterum
1758 4579 1915 4633 testi-

248 4668 526 4721 monium
562 4669 756 4719 exstet
810 4666 998 4729 Quam
1040 4665 1291 4736 quidam
1330 4666 1493 4720 litem
1543 4666 1720 4721 simul
1779 4683 1915 4722 cou-

248 4757 465 4821 fecero,
502 4756 551 4808 si
577 4753 734 4809 hanc
764 4758 1026 4824 potuero,
1065 4770 1252 4825 quam
1295 4755 1422 4825 ipse
1448 4753 1690 4825 incipio.

1007 4860 1033 4932 ς
1062 4861 1149 4915 ιιι.

323 4971 519 5040 Atque
547 4964 868 5020 videamus
891 4966 1040 5036 jam,
1070 4967 1292 5039 quibus
1325 4969 1694 5036 argumentis
1737 4969 1913 5024 ﬁdem

2016 3555 2288 3619 tempora
2305 3547 2552 3603 istorum
2573 3564 2823 3620 operum
2839 3548 3095 3604 Macarii
3121 3548 3233 3603 sub
3249 3547 3490 3603 nomine
3508 3563 3671 3603 men-

2017 3640 2239 3693 tionem
2269 3637 2424 3692 facit.
2459 3637 2577 3692 Hoc
2608 3652 2748 3707 ergo
2782 3653 2924 3692 sane
2957 3653 3076 3692 non
3128 3637 3380 3692 multum
3439 3637 3672 3692 roboris

2021 3726 2262 3781 habebit
2307 3731 2750 3795 argumentum.
2784 3725 2948 3798 [Pag.
2983 3725 3037 3797 9]
3092 3726 3347 3791 Accedit,
3379 3726 3494 3781 sint
3542 3726 3672 3780 licet

1949 3826 1985 3879 Β
2019 3817 2149 3871 MSS
2194 3813 2381 3883 multi,
2416 3819 2669 3884 possunt
2695 3817 2771 3869 ab
2808 3831 2925 3869 uno
2967 3831 3176 3869 omnes
3226 3814 3472 3885 profecti
3517 3829 3670 3879 esse,

2021 3911 2197 3974 atque
2221 3918 2360 3971 ergo
2384 3904 2748 3958 auctoritatis
2779 3903 2977 3958 adhuc
3011 3903 3276 3958 minoris.
3301 3906 3469 3968 Tum,
3507 3903 3555 3957 si
3580 3902 3672 3957 vel

2025 3992 2280 4046 maxime
2311 3992 2655 4046 auctoritate
2696 3992 2846 4048 MSS.
2891 3997 3206 4053 constaret,
3238 3993 3308 4046 iis
3349 3996 3550 4046 tamen
3601 4007 3673 4045 ex

2021 4097 2091 4135 eo
2109 4084 2328 4135 tantum
2342 4079 2536 4150 capite
2552 4079 2779 4150 aliquid
2794 4079 3056 4134 dandum
3071 4085 3241 4146 esset,
3257 4080 3421 4150 quod
3437 4079 3675 4133 rationi-

2024 4169 2138 4224 bus
2152 4168 2448 4223 contraria
2466 4183 2584 4222 non
2604 4168 2962 4223 dicuntJam
2979 4184 3120 4222 vero
3138 4168 3261 4222 fieri
3277 4167 3374 4222 vix
3389 4171 3676 4238 potest,ut

2024 4262 2230 4314 auctor
2255 4257 2570 4321 asceticus,
2589 4257 2784 4328 qualis
2802 4257 3232 4321 estMacarius,
3259 4252 3383 4311 tam
3417 4255 3519 4310 diu
3550 4271 3674 4310 mo-

2024 4347 2231 4402 nachis
2264 4347 2570 4414 ignoratus
2603 4347 2674 4400 sit
2698 4346 3105 4417 perxetplura
3122 4344 3460 4410 saecula,ut
3498 4359 3675 4399 nemo

2024 4437 2151 4506 ejus
2178 4435 2530 4491 meminerit.
2564 4434 2750 4502 Adde,
2780 4435 2943 4506 quod
2980 4434 3145 4489 multi
3179 4433 3316 4488 talia
3362 4438 3677 4505 praecepta

2025 4525 2388 4596 scripserint,
2424 4529 2485 4579 ut
2514 4524 2627 4578 hoc
2656 4523 2919 4578 studium
2959 4522 3246 4581 ἀσκητικὸν
3291 4523 3408 4576 fere
3440 4537 3678 4592 semper

2026 4613 2294 4684 viguerit.
2314 4616 2393 4668 lta
2422 4613 2535 4668 hoc
2565 4613 2929 4683 eodemjure
2964 4613 3215 4675 Caveas,
3245 4612 3386 4666 Hist.
3425 4611 3526 4665 Lit.
3552 4613 3606 4664 P.
3641 4629 3677 4675 l,

2024 4702 2284 4760 Macarii
2314 4707 2490 4771 negat
2517 4717 2648 4756 esse
2676 4701 3030 4772 opusculum
3065 4700 3314 4773 aliquod
3355 4700 3427 4754 de
3467 4699 3679 4754 exodio

2028 4791 2594 4861 animaejustorum
2645 4798 2700 4845 et
2754 4791 3103 4862 impiorum,
3137 4789 3323 4862 quod,
3385 4788 3518 4844 licet
3568 4788 3676 4843 MS.

2027 4878 2322 4950 praeferat
2343 4879 2598 4935 Macarii
2626 4894 2872 4944 nomen,
2907 4884 3106 4934 tamen
3130 4879 3281 4934 ratio
3313 4876 3680 4934 tractationis

2033 4969 2263 5024 absona
2285 4972 2337 5022 et
2365 4982 2484 5023 non
2518 4969 2881 5023 conveniens
2913 4969 3005 5022 sit.
3052 4967 3423 5038 Etprofecto,
3460 4967 3505 5021 si
3549 4965 3683 5020 licet

252 5057 465 5112 haberi
517 5053 696 5109 velint
745 5061 844 5109 aut
874 5054 1022 5109 velle
1056 5056 1304 5126 possint,
1332 5057 1435 5128 qui
1467 5058 1755 5121 Macario,
1789 5059 1915 5129 qui-
1954 5097 1994 5152 Ο
2028 5055 3102 5126 conjecturisindulgere.nondubito,
3125 5055 3682 5111 nostraomniaMa-

256 5160 501 5217 cunque
535 5143 584 5197 is
611 5143 710 5210 sit,
739 5143 852 5198 ista
901 5143 1274 5199 adscribunt.
1308 5145 1476 5200 Nulla
1503 5151 1656 5201 certe
1697 5146 1916 5202 habere

258 5234 375 5289 alia
407 5235 692 5304 possunt,
715 5246 902 5303 quam
934 5233 1181 5288 omnino
1208 5235 1351 5289 duo.
1374 5235 1637 5299 Quorum
1661 5235 1910 5291 alterum

2027 5145 2278 5203 cariana
2294 5144 2595 5216 Opuscula
2614 5150 2881 5216 tempore
2896 5145 3106 5201 eodem
3135 5161 3269 5199 cum
3286 5145 3400 5200 hoc
3413 5145 3524 5199 isto
3544 5145 3683 5196 nata

2023 5240 2079 5290 et
2109 5235 2528 5290 consarcinata
2584 5233 2788 5290 fuisse.

1869 5404 2120 5458 NOTAE.

267 5574 524 5658 logetico
551 5574 878 5658 disputatio
903 5576 1145 5658 additur
1168 5576 1498 5658 brevishoc
1522 5576 1715 5658 indice
1749 5593 1761 5631 :
1791 5577 1920 5658 Ex-

269 5647 465 5716 plendi
478 5647 663 5716 spatii
675 5647 1720 5721 caussa,quodmefe/ellit,pauculas
1732 5650 1920 5706 anim-

2026 5578 2369 5634 adversiones
2399 5580 2457 5634 in
2495 5579 2828 5636 Tertulliani
2867 5578 3264 5651 Apologetioum
3309 5575 3496 5651 prodo.
3529 5575 3681 5629 EDIT.

2105 5651 2183 5720 (α)
2209 5652 2391 5717 Corr.,
2428 5651 2722 5708 Semlerus
2752 5648 3183 5722 falsa'scripsit
3211 5653 3355 5705 Χωι.
3388 5648 3465 5701 In.
