4092 6252
499 283 601 341 267

568 497 767 556 Μδὸιί·
786 511 949 566 ergo,
982 499 1045 551 ut
1097 494 1375 559 vidimus,
1410 495 1522 551 nisi
1557 496 1797 552 aliunde
1829 496 2150 553 auctoritas

500 588 747 652 accedit,
770 585 935 642 nulla
956 590 1060 640 est.
1089 583 1538 655 Videamusjam
1554 591 1980 653 argumentum
2014 586 2152 640 alte-

497 691 657 742 rum,
689 682 887 731 utrum
917 673 1030 730 tale
1061 672 1284 745 aliquid
1307 681 1490 730 exstet
1516 674 1576 729 in
1595 680 1862 730 veterum
1893 674 2149 746 scriptis.

502 764 868 837 Ubiquidem
899 763 1153 831 cogitate
1168 762 1423 818 scribere
1472 779 1566 818 me
1583 765 1762 819 credo
1784 768 1842 817 et
1861 763 2150 834 judicare,

501 853 722 909 nemini
749 857 1012 909 veterum
1042 855 1251 908 notum
1277 851 1479 919 fuisse,
1520 853 1686 924 quod
1713 853 2018 910 Macarius
2040 853 2154 908 ista

499 941 819 1015 reliquerit.

574 1033 657 1086 lta
676 1043 908 1095 omnes,
940 1029 1044 1100 qui
1082 1029 1157 1084 de
1187 1029 1575 1100 scriptoribus
1611 1029 2020 1086 ecclesiasticis
2043 1034 2155 1085 tra-

500 1117 798 1185 diderunt,
830 1122 990 1174 certo
1019 1133 1091 1174 ex
1122 1117 1369 1173 consilio
1395 1117 1470 1173 de
1501 1119 1768 1176 Macario
1808 1125 1863 1174 et
1887 1119 1982 1174 his
2025 1120 2155 1188 eius

503 1205 822 1280 Opusculis
866 1209 1083 1263 tacent.
1142 1210 1331 1278 Atque
1377 1206 1487 1262 hos
1541 1223 1652 1278 ego
1703 1213 1995 1274 auctores,
2034 1223 2156 1279 quo

502 1297 797 1369 cujusque
835 1294 997 1368 [Pag.
1035 1295 1119 1364 10]
1163 1297 1355 1365 major
1379 1312 1504 1351 esse
1543 1298 1863 1352 auctoritas
1902 1297 2154 1364 videtur,

502 1384 772 1454 singulos
803 1384 1010 1439 ordine
1057 1382 1382 1439 collocabo.
1412 1389 1640 1454 Agmen
1679 1386 1956 1441 omnium
1997 1387 2159 1442 ducit

506 1473 930 1543 Hieronymus.
964 1471 1264 1544 Hic,quod
1290 1475 1659 1528 notuminter
1683 1489 1895 1530 omnes
1912 1480 2157 1541 est,non

508 1561 736 1630 vulgari
770 1560 1080 1630 diligentia
1111 1561 1169 1616 in
1196 1562 1308 1616 ista
1347 1567 1701 1632 argumento
1738 1567 2010 1619 versatus
2049 1571 2154 1626 est,

507 1654 896 1721 veterumque
911 1648 1272 1720 reipublicae
1289 1651 1649 1707 Christianae
1666 1652 1992 1722 insignium
2012 1652 2160 1708 viro.

1841 279 1941 338 J0.
1982 281 2141 338 SAL.
2191 277 2575 335 SEMLERUS

2185 405 2233 458 Λ
2264 403 2428 475 apud
2485 404 2859 460 Gennadium
2915 408 3123 479 quaeri
3167 408 3454 482 possint?
3483 409 3641 464 Haec
3673 409 3899 464 Caveus.

3801 286 3899 340 268

2267 494 2718 558 Quaeetcontra
2750 511 2843 550 me
2864 497 3000 561 sint,
3029 497 3142 552 nisi
3166 504 3522 554 everterem.
3553 498 3724 564 Quod
3752 499 3903 553 facile

2268 598 2535 654 possum.
2565 585 2735 639 Miror
2755 585 2936 648 enim,
2972 587 3236 642 vxrumin
3266 587 3384 643 hoc
3416 602 3636 656 genere
3655 586 3908 642 doctissi-

2267 687 2434 726 mum
2464 671 2577 727 ista
2606 673 2932 744 scripsisse.
2969 677 3133 730 Putat
3165 675 3239 730 de
3277 676 3425 732 solis
3453 675 3720 748 epistolis
3756 674 3908 746 loqui

2265 761 2658 816 Gennadium.
2680 765 2748 815 At
2773 762 2832 817 id
2863 777 2983 818 non
3003 763 3281 820 credibile
3310 770 3423 830 est,
3450 766 3599 836 quia
3627 763 3910 820 confectu-

2263 865 2364 904 rus
2385 855 2509 905 erat
2537 850 2793 906 indicem
2809 853 3109 921 potiorum
3125 859 3448 910 auctorum
3466 858 3525 910 et
3543 854 3906 924 scriptorum.

2265 938 2550 994 Macarius
2581 938 2694 994 isto
2723 942 2990 1010 tempore
3031 941 3384 997 notissimus
3421 941 3601 1008 ;ideo
3637 939 3795 1005 dicit,
3820 941 3912 997 ille

2266 1027 2616 1098 Aegyptius.
2651 1029 2714 1082 Et
2738 1044 2875 1083 eum
2917 1029 3045 1100 ejus
3077 1030 3451 1087 mentionem
3486 1029 3690 1094 faciat.
3723 1030 3910 1101 utique

2265 1131 2386 1172 non
2418 1115 2709 1172 minorem
2725 1123 2957 1187 partem
2970 1117 3047 1174 ab
3061 1134 3130 1174 eo
3145 1120 3514 1189 scriptorum
3536 1119 3910 1182 nominasset,

2267 1207 2372 1260 sed
2404 1205 2695 1276 majorem
2727 1213 2781 1263 et
2821 1207 3135 1279 potiorem.
3166 1209 3230 1263 Et
3256 1208 3304 1263 si
3333 1208 3596 1264 fuissent
3626 1213 3827 1263 nostra
3851 1221 3912 1262 eo

2268 1297 2554 1366 tempore,
2603 1296 2850 1352 fuissent
2893 1296 3221 1362 tritissima,
3263 1297 3415 1369 quia
3461 1296 3752 1356 summa.
3785 1297 3914 1350 Cum

2267 1380 2434 1454 [Pag.
2468 1383 2556 1456 l2]
2594 1401 2733 1455 ergo
2791 1391 2980 1442 taceat
3029 1386 3395 1455 Gennadius,
3453 1387 3622 1442 idem
3667 1389 3753 1441 est
3785 1400 3847 1439 ac
3874 1382 3914 1437 si

2267 1471 2445 1537 dicat,
2484 1473 2803 1531 Macarium
2817 1475 2964 1530 haec
2979 1490 3099 1530 non
3117 1476 3450 1546 scripsisse.
3478 1475 3704 1531 Deinde
3734 1477 3915 1545 aperte

2270 1563 2609 1618 Gennadius
2641 1564 2796 1628 dicit,
2831 1565 3066 1636 scripsit
3099 1580 3280 1620 unam
3300 1570 3545 1621 tantum
3596 1561 3914 1635 epistolam,

2269 1657 2305 1713 i.
2335 1667 2384 1706 e.
2420 1651 2562 1707 nihil
2603 1652 2765 1708 aliud
2794 1653 2963 1709 ultra.
3008 1656 3120 1709 Nec
3151 1654 3372 1724 fugisse
3407 1654 3627 1710 eadem
3653 1652 3726 1707 de
3752 1665 3918 1706 causa

507 1752 640 1794 rum
674 1739 846 1803 vitas,
879 1743 935 1793 et
965 1740 1310 1810 praesertim
1330 1740 1549 1810 scripta
1573 1756 1780 1796 eorum
1808 1741 2062 1815 reliquit.
2092 1744 2161 1798 At
2193 1755 2238 1811 Β
2270 1732 2380 1796 ista
2420 1746 2672 1812 possunt
2707 1741 2834 1812 ejus
2874 1742 3074 1797 oculos
3114 1748 3216 1798 aut
3255 1742 3665 1814 diligentiam,
3705 1740 3838 1812 quia
3873 1743 3920 1793 et

510 1826 672 1884 idem
685 1827 778 1883 hic
793 1827 1186 1899 Hieronymus
1207 1829 1412 1893 nescit,
1429 1829 1764 1887 Macarium
1779 1830 2004 1904 aliquid
2022 1847 2162 1888 con-

508 1917 830 1988 scripsisse,
865 1922 920 1972 et
960 1916 1096 1973 ideo
1126 1932 1199 1973 ex
1224 1917 1334 1972 isto
1375 1917 1512 1974 albo
1551 1920 1782 1975 omittit.
1817 1921 2009 1992 Atque
2048 1921 2163 1977 hoc

512 2009 937 2076 argumentum
978 2021 1049 2061 eo
1079 2007 1623 2080 estgravius,quod
1641 2009 1981 2082 Hieronymi
1998 2015 2164 2066 aetas

513 2110 635 2151 non
667 2093 861 2150 solum
892 2095 1123 2151 Macarii
1171 2100 1444 2167 tempora
1497 2112 1618 2152 non
1663 2097 1852 2153 multo
1901 2105 2036 2170 post
2079 2104 2168 2155 est

515 2188 855 2247 consecuta,
884 2183 990 2238 sed
1017 2188 1073 2238 et
1102 2184 1228 2254 ipse
1258 2183 1667 2240 habitaculum
1709 2187 1942 2242 Macarii
1977 2187 2166 2243 oculis

517 2272 641 2327 suis
673 2271 833 2335 vidit,
862 2276 926 2326 ut
966 2275 1214 2326 testatur
1261 2273 1334 2328 de
1387 2289 1449 2329 se
1495 2273 1624 2345 ipse
1675 2274 1827 2330 inter
1879 2277 2169 2347 opuscula

518 2361 594 2416 de
624 2360 760 2414 Vitis
790 2363 1050 2431 patrum.
1095 2361 1298 2416 Mortui
1325 2362 1453 2431 jam
1495 2368 1663 2418 erant
1691 2365 1945 2430 Macarii,
1979 2369 2035 2421 et
2066 2365 2168 2437 qui

519 2449 589 2504 iis
609 2448 1079 2520 supervixerant,
1122 2448 1307 2505 multa
1359 2450 1788 2522 Hieronymum
1837 2452 1911 2508 de
1962 2469 2170 2510 eorum

518 2537 640 2593 vita
679 2542 735 2592 et
759 2537 936 2592 rebus
967 2537 1150 2606 gestis
1193 2537 1545 2604 docuerunt,
1577 2545 1636 2595 at
1681 2541 1755 2595 de
1806 2542 2038 2614 scriptis
2091 2547 2173 2598 ta-

525 2629 687 2682 cent.
711 2623 882 2692 Quod
908 2625 955 2680 si
986 2640 1127 2696 ergo
1153 2625 1234 2694 hi,
1262 2628 1365 2699 qui
1391 2629 1610 2694 omnia,
1641 2644 1798 2702 quae
1824 2631 1900 2686 ad
1931 2631 2173 2688 laudem

526 2713 934 2771 Macariorum
988 2715 1279 2785 pertinere
1341 2715 1713 2784 videbantur,
1777 2721 2174 2787 contulerunt,

528 2801 697 2860 nulla
714 2802 846 2872 ejus
879 2803 1102 2874 scripta
1131 2804 1345 2869 sciunt,
1365 2805 1512 2860 scire
1544 2807 1941 2863 multominus
1971 2810 2010 2865 ii
2043 2825 2175 2882 pos-

535 2891 810 2964 sunt,qui
826 2891 1079 2946 multum
1110 2897 1319 2964 pOStea
1342 2893 1631 2950 vixerunt.
1668 2897 1851 2954 Sedet
1889 2905 2048 2955 certo
2081 2915 2181 2955 ne-

527 2981 740 3045 sciunt.
763 2982 906 3054 quia
931 2980 1133 3038 itidem
1161 2987 1368 3039 tacent.
1400 2983 1830 3056 Hieronymum
1864 2989 2021 3044 enim
2053 2989 2182 3060 jam

2275 1831 2472 1899 majus
2497 1845 2671 1901 opus,
2695 1831 3534 1902 quamepistola,coniiciunt,
3561 1836 3773 1886 etnota
3793 1827 3918 1882 fuis-

2274 1923 2404 1974 sent
2430 1919 2704 1974 omnium
2729 1920 3178 1986 maxime.Quin
3197 1921 3416 1976 ethaec
3446 1917 3723 1992 epistola,
3753 1930 3919 1989 quam

2275 2008 2543 2064 Macario
2571 2008 2674 2063 dat
2704 2008 3064 2075 Gennadius,
3100 2009 3195 2064 vix
3216 2009 3360 2065 mihi
3379 2025 3594 2065 revera
3621 2007 3699 2063 ab
3715 2022 3784 2062 eo
3808 2019 3918 2059 esse

2277 2097 2529 2164 videtur,
2561 2098 2724 2169 quod
2758 2098 3149 2169 Hieronymus
3189 2114 3308 2154 non
3340 2098 3720 2154 mentionem
3750 2094 3874 2150 facit
3903 2108 3917 2157 ;

2278 2186 2401 2258 qui,
2435 2186 2481 2240 si
2527 2186 2867 2251 exstitisset,
2901 2203 3034 2242 eam
3079 2188 3136 2242 in
3191 2187 3435 2243 deserto
3485 2188 3601 2242 isto
3635 2181 3920 2241 domicilio

2282 2275 2736 2340 monachorum,
2750 2275 2969 2347 quibus
2984 2275 3565 2345 praefuitMacarius,
3596 2276 3724 2329 sine
3755 2270 3919 2326 dubio

2281 2364 2541 2419 vidisset.
2577 2365 2691 2419 His.
2746 2364 2906 2419 addo
2952 2365 3148 2419 adhuc
3198 2366 3508 2433 Ruﬁnum,
3543 2364 3650 2436 qui
3693 2360 3838 2418 libro
3871 2374 3918 2413 ιι

2283 2469 2414 2524 cap.
2440 2453 2472 2506 4
2495 2453 2678 2524 (a)et8
2706 2453 2779 2507 de
2801 2454 3065 2508 Macariis
3096 2455 3238 2525 agit,
3272 2459 3332 2509 at
3359 2454 3438 2510 de
3472 2452 3710 2525 scriptis
3740 2451 3879 2505 tacet
3907 2467 3916 2506 ;

2285 2543 2612 2598 Honorium
2627 2543 2670 2595 A
2682 2542 3240 2612 ugustodunensem,
3256 2543 3359 2614 qui
3379 2543 3673 2614 pleraque
3697 2537 3922 2612 quidem

2288 2649 2359 2687 ex
2397 2631 2708 2686 Gennadio
2748 2637 2803 2686 et
2842 2631 2972 2685 aliis
3003 2631 3274 2704 sublegit,
3301 2637 3361 2687 at
3400 2633 3552 2704 quia
3581 2635 3750 2693 tacet,
3792 2622 3921 2681 nihil

2289 2721 2443 2777 ultra
2455 2720 2807 2789 cognovisse
2821 2720 3145 2776 credendus
3162 2726 3265 2776 est.
3277 2721 3383 2778 Sed
3399 2721 3570 2777 omisi
3590 2715 3924 2776 Palladium,

2290 2811 2386 2883 qui
2402 2811 2592 2882 prime
2607 2814 2742 2881 post
2760 2809 3188 2881 Hieronymum
3204 2810 3334 2866 loco
3365 2803 3923 2866 commemorandus

2294 2898 2517 2969 fuisse.,
2560 2899 2672 2953 nisi
2706 2899 2795 2955 isti
2815 2897 3527 2970 mihiconjungendiesse
3544 2898 3651 2953 visi
3677 2894 3923 2952 fuissent.

2297 2989 2394 3044 Hic
2409 3002 2570 3044 anno
2585 2987 2963 3058 postobitum
2990 2988 3224 3043 Macarii
3249 2987 3515 3044 eundem
3545 2987 3606 3042 in
3630 2987 3822 3041 locum
3848 2993 3926 3034 so-

525 3070 747 3142 excipit
767 3071 1127 3138 Gennadius,
1156 3071 1562 3129 testimonium
1579 3075 1994 3146 perhibiturus,
2021 3093 2082 3133 se
2107 3078 2182 3135 de
2219 3107 2259 3162 ρ
2294 3078 2559 3134 litudinis
2577 3081 2845 3146 accessit,
2878 3085 2934 3134 et
2954 3085 3152 3134 tamen
3182 3077 3566 3134 nihilhorum
3595 3075 3924 3162 scriptorutn

527 3159 623 3216 his
653 3160 914 3217 Macarii
937 3160 1085 3216 nihil
1109 3162 1359 3218 omnino
1388 3178 1498 3218 suo
1523 3168 1789 3236 tempore
1804 3168 2178 3236 cognovisse.

529 3251 641 3305 Nec
669 3248 917 3320 objiciet
948 3249 1103 3321 quis,
1135 3250 1299 3323 quod
1331 3252 1652 3308 Macarium
1682 3254 1833 3310 inter
1864 3256 2183 3328 scriptores

526 3337 952 3394 ecclesiasticos
983 3344 1186 3409 ponat.
1222 3340 1370 3396 illud
1432 3341 1594 3398 enim
1629 3341 1774 3398 nihil
1819 3343 1936 3399 huc
1989 3344 2180 3416 juvat.

529 3427 850 3483 Videamus
871 3425 1006 3498 ipsa
1037 3427 1323 3485 Gennadii
1363 3429 1437 3484 de
1468 3431 1718 3487 Macario
1762 3433 1967 3490 verba.

1296 3517 1426 3588 δν.

600 3603 907 3660 Macarius
926 3603 1247 3661 monachus
1269 3606 1434 3664 itteA
1447 3607 1735 3678 egyptius,
1753 3609 1928 3680 signis
1939 3614 1992 3667 et
2005 3613 2184 3668 virtu-

532 3693 686 3749 tibus
712 3694 930 3758 ctarus,
960 3709 1146 3750 unam
1174 3698 1406 3750 tantum
1426 3698 1650 3764 scripta
1675 3698 1754 3752 ad
1755 3698 2021 3766 juniores
2050 3717 2184 3769 pro-

528 3781 799 3852 fessionis
810 3797 951 3838 suae
962 3783 1294 3853 epistolam,
1311 3785 1371 3839 in
1401 3800 1514 3856 qua
1527 3785 1708 3849 docet,
1731 3787 1930 3858 [Pag.-1
1951 3789 1992 3860 l]
2011 3791 2183 3847 illum

527 3873 783 3944 perfecte
789 3887 955 3942 posse
967 3874 1189 3930 servire
1211 3874 1454 3946 Deo.qui
1475 3875 1850 3933 conditionem
1872 3879 2183 3935 creationz’s

529 3976 674 4018 suae
692 3977 1047 4032 cognoscens
1075 3963 1156 4019 ad
1171 3978 1369 4021 omnes
1397 3967 1771 4037 semetipsum
1799 3967 2183 4026 inclinaverit

533 4051 783 4118 labores,
818 4057 871 4109 et
891 4053 1174 4109 luctando
1206 4058 1383 4126 atque
1411 4055 1518 4111 Dei
1543 4057 1840 4113 auxilium
1867 4059 2184 4116 adversum

527 4157 716 4206 omne,
749 4142 908 4213 quod
943 4142 1005 4197 in
1038 4143 1151 4199 hac
1182 4144 1301 4200 vita
1332 4160 1508 4201 suave
1538 4155 1640 4214 est,
1682 4148 2075 4217 explorando,
2105 4151 2186 4205 ad

526 4232 865 4287 naturalem
880 4247 1109 4305 quoque
1133 4234 1482 4302 perveniens
1508 4237 1853 4306 puritatem,
1881 4239 2184 4295 continen-

529 4319 670 4376 tiam
697 4321 857 4376 vetut
886 4321 1410 4378 naturaedebitum
1433 4340 1651 4380 munus
1677 4326 2017 4381 obtinuerit.

598 4408 720 4471 Hic,
750 4413 812 4463 ut
838 4409 1130 4475 videmus,
1166 4412 1436 4466 meminit
1467 4413 1665 4483 scripti
1694 4413 1946 4483 alicujus
1985 4431 2019 4470 a
2049 4413 2183 4470 Μα-

528 4496 711 4562 cario.
727 4497 830 4552 sed
842 4497 1180 4569 epistolam,
1195 4505 1249 4554 et
1264 4499 1510 4572 quidem
1533 4516 1716 4558 unam
1733 4505 1963 4559 tantum
1984 4504 2177 4575 appel-

528 4584 632 4640 lat.
659 4585 944 4658 Adeoque
966 4601 1074 4643 nec
1103 4587 1404 4654 Homilias,
1424 4603 1531 4643 nec
1549 4588 1663 4645 alia
1692 4591 1995 4662 Opuscula
2013 4592 2185 4648 audi-

529 4679 693 4731 verat
742 4679 845 4730 aut
889 4675 1138 4731 viderat.
1183 4677 1346 4732 Venit
1368 4676 1427 4732 in
1475 4684 1737 4736 mentem
1785 4679 1961 4746 illius,
2016 4681 2182 4752 quod

531 4760 752 4819 Caveas
785 4763 928 4818 Hist.
949 4763 1055 4819 Lit.
1081 4765 1137 4818 P.
1179 4781 1214 4820 ιι
1246 4765 1320 4822 de
1346 4768 1599 4824 Macario
1632 4774 1840 4824 contra
1869 4770 2180 4824 Possinum

531 4849 758 4916 scribit,
809 4853 912 4923 qui
964 4853 1174 4910 eadem
1219 4855 1292 4910 de
1335 4871 1519 4912 causa
1571 4858 1806 4913 tertium
1861 4859 2179 4914 Macarium

527 4939 951 5011 exsculpserat,
979 4943 1144 5014 quod
1175 4945 1516 5002 Gennadius
1529 4945 1603 5002 de
1633 4946 1922 5018 Aegyptio
1943 4953 2177 5004 taceret.

528 5029 884 5099 Respondet,
902 5030 1174 5100 induam,
1192 5035 1419 5089 Caveus
1435 5033 1545 5090 ita:
1567 5055 1590 5085 (ι
1608 5035 1760 5100 Quid
1774 5037 1819 5090 si
1833 5035 2179 5093 Gennadius

528 5117 602 5174 de
644 5118 786 5175 solis
828 5123 1058 5177 Macarii
1087 5123 1351 5194 epistolis
1405 5123 1670 5196 loquitur
1699 5123 1726 5178 ?
1756 5125 1905 5190 Quid
1957 5126 2005 5180 si
2064 5125 2181 5182 alia

528 5208 832 5280 scripserit
860 5211 1168 5275 Macarius,
1203 5228 1358 5286 quae
1391 5213 1676 5270 Gennadii
1699 5214 2070 5285 diligentiam
2095 5216 2179 5270 fu-

529 5299 742 5370 gerint,
775 5316 911 5357 cum
939 5316 1060 5359 non
1088 5318 1284 5375 pauca
1329 5302 1446 5359 sint
1487 5303 1726 5376 scripta,
1754 5319 1911 5377 quae
1957 5303 2179 5360 frustra

2298 3167 2567 3223 meminit
2589 3168 2645 3221 in
2676 3167 2924 3222 Historia
2957 3167 3260 3232 Lausiaca,
3290 3167 3422 3223 licet
3450 3166 3692 3224 Macarii
3713 3157 3924 3232 egregia

2296 3257 2452 3313 facta
2482 3256 2798 3312 collaudet.
2828 3256 3008 3312 Omisi
3041 3262 3096 3310 et
3116 3256 3405 3312 Joannem
3451 3256 3822 3314 Cassianum,
3844 3243 3924 3316 qui

2294 3347 2368 3401 de
2415 3345 2690 3401 institutis
2741 3345 3086 3400 monasticis
3128 3344 3392 3400 scribens
3447 3344 3647 3401 multa
3703 3333 3929 3396 celebria

2296 3436 2532 3491 Macarii
2562 3435 2721 3491 dicta
2741 3433 2996 3498 atfert,at
3025 3433 3172 3489 haec
3197 3435 3326 3505 ejus
3358 3433 3671 3506 Opuscula
3702 3426 3926 3500 ignorat,

2293 3541 2448 3595 quae
2473 3529 2669 3580 tamen
2692 3523 2928 3595 pr0prie
2959 3522 3036 3578 ad
3069 3539 3248 3577 suum
3263 3523 3569 3579 scribendi
3605 3535 3788 3592 genus
3817 3525 3926 3585 per-

2296 3612 2620 3676 tinuissent,
2647 3613 2691 3666 si
2720 3612 3101 3667 exstitissent.
3137 3612 3312 3677 Quin,
3343 3611 3514 3683 quod
3549 3610 3746 3666 adhuc
3767 3600 3922 3660 addo,

2299 3707 2518 3757 tacetet
2549 3700 2783 3758 Suidas.
2811 3704 3008 3772 Neque
3026 3701 3183 3754 enim
3211 3700 3269 3754 in
3302 3700 3423 3756 vita
3453 3697 3717 3756 Macarii
3733 3691 3924 3780 scripta

2296 3792 2424 3861 ejus
2456 3791 2575 3846 ulla
2607 3795 2918 3857 memorat,
2946 3789 3047 3844 sed
3073 3790 3376 3860 quaedam
3393 3788 3654 3858 Evagrii,
3675 3774 3920 3851 discipuli

2295 3879 2468 3935 illius.
2493 3880 2708 3935 Unicus
2739 3883 2941 3944 restat,
2971 3878 3073 3932 sed
3099 3879 3145 3931 is
3177 3893 3245 3933 ex
3278 3877 3733 3939 recentioribus,
3761 3870 3920 3926 Joan-

2294 3985 2390 4026 nes
2455 3968 2828 4030 Trithemius,
2898 3968 2999 4038 qui
3054 3968 3374 4022 Macarium
3429 3966 3586 4021 inter
3639 3963 3921 4031 scriptores

2299 4059 2460 4130 [Pag.
2492 4057 2577 4130 13]
2613 4057 2796 4125 ponit,
2832 4055 2992 4110 nulla
3018 4059 3218 4110 tamen
3248 4055 3378 4126 ejus
3425 4057 3646 4127 scripta
3693 4055 3922 4105 comme-

2297 4146 2684 4214 morat.Quod
2701 4145 2774 4200 ad
2790 4145 3112 4201 Simeonem
3130 4145 3514 4213 Logothetam
3537 4143 3918 4223 attinet,queﬂt

2296 4239 2524 4292 Caveus
2552 4240 2754 4289 monet
2793 4233 3052 4305 capitula
3081 4235 3256 4289 CLXX
3290 4235 3545 4290 ascetica
3584 4223 3918 4316 metaphrttfl

2293 4324 2644 4389 illustrasse,
2676 4324 2789 4379 hoc
2831 4323 3104 4385 sufﬁciat,
3138 4338 3297 4391 eum,
3322 4322 3464 4393 quia
3497 4327 3600 4378 aut
3631 4310 3916 4374 incertisit,

2295 4420 2397 4468 aut
2435 4418 2588 4468 certe
2627 4429 2704 4468 xu
2746 4412 2991 4467 demum
3044 4410 3285 4475 saeculi,
3331 4427 3545 4482 parum
3609 4417 3776 4479 posse
3826 4397 3918 4490 ista

2296 4503 2514 4573 scripta
2547 4501 2714 4556 tueri.
2747 4501 2803 4555 Si
2827 4501 2902 4555 ad
2938 4517 3184 4555 manum
3217 4499 3547 4572 aliquando
3591 4500 3716 4569 ipse
3773 4483 3918 4544 fuerit

2292 4592 2343 4648 is
2373 4572 2536 4655 liber.
2582 4591 2754 4662 plura
2786 4589 2934 4645 forte
2966 4589 3334 4645 notabimus.
3380 4591 3616 4645 Certum
3667 4593 3799 4649 ergo
3823 4572 3912 4630 es"

2293 4685 2426 4737 ante
2455 4679 2762 4735 saeculum
2796 4695 2873 4734 xu
2907 4695 3025 4733 non
3056 4683 3196 4733 nota
3230 4677 3411 4733 fuisse
3470 4673 3814 4734 Macariana.

3036 4771 3063 4836 §
3106 4767 3198 4821 v1.

2364 4860 2516 4916 Satis
2546 4875 2684 4928 ergo
2714 4857 2835 4912 suis
2865 4857 3197 4912 rationibus
3228 4856 3589 4917 destituitur,
3651 4853 3710 4904 ut
3736 4836 3910 4932 credo.

2290 4947 2494 5020 opinio
2523 4927 2870 5019 pervulgata
2899 4946 2973 5001 de
3000 4946 3256 5002 Macarii
3287 4944 3538 5016 scriptis.
3571 4939 3682 4998 Sed
3717 4946 3815 5027 nec

2291 5019 2657 5109 argumentis
2686 5036 2824 5090 solis
2857 5035 3099 5100 innitor,
3140 5049 3330 5105 quum
3369 5034 3444 5089 de
3477 5023 3781 5104 Opusculis
3804 5019 3912 5109 istis

2289 5101 2521 5190 duvbito,
2557 5124 2791 5180 Addam
2820 5123 2980 5179 aliud
3001 5101 3400 5195 adhuc,quod
3437 5101 3662 5177 tantum
3688 5101 3915 5203 abesllll

2289 5214 2623 5275 istiscedat.
2655 5220 2715 5268 ut
2737 5212 2996 5284 pondere
3031 5228 3142 5268 suo
3160 5217 3459 5282 praestare
3489 5200 3910 5292 potius-opinﬁ;

2293 5303 2522 5361 Scilicet
2556 5280 2752 5358 totam'
2773 5301 3067 5358 scribendi
3090 5280 3402 5366 rationem,
3429 5280 3551 5373 qua
3571 5281 3802 5352 confecti
3831 5280 3910 5332 isti

2112 5494 2362 5550 NOTAE.

608 5671 690 5743 (a)
719 5671 907 5737 Corn,
943 5670 1242 5730 Semlerus
1278 5670 1456 5730 habet
1484 5675 1537 5728 3.
1566 5673 1719 5728 Emr.
