4092 6252
278 323 379 379 269

1338 312 1426 368 DE
1465 310 1791 367 SCRIPTIS
1830 310 1888 365 S.
1931 309 2231 370 MACARII
2273 314 2622 375 AEGYPTII.

3559 317 3668 375 270

275 442 612 508 suntlibelli,
634 440 890 498 alienam
915 454 1051 495 esse
1073 452 1194 494 non
1216 436 1408 493 solum
1428 453 1464 493 a
1486 437 1775 502 Macario,
1806 434 1909 490 sed
1943 438 1989 491 Α
2020 437 2179 494 idem
2212 441 2494 514 traditur;
2532 448 2593 499 ut
2620 442 2759 499 inde
2809 443 2991 500 ferme
3030 447 3338 515 appareat,
3378 446 3678 501 consacci-

274 552 308 593 a
350 535 551 607 quovis
580 531 694 587 alio
726 534 968 585 auctore
998 527 1315 583 contendo.
1352 528 1523 582 Eccui
1554 526 1712 581 enim
1764 523 1910 580 illud

270 620 561 698 probabile
609 619 864 685 videtur,
912 616 990 673 ab
1038 616 1241 688 aliquo
1295 621 1535 671 auctore
1583 614 1677 671 bis
1722 620 1775 669 et
1824 620 1912 669 ter

267 714 460 770 eadem
492 714 549 765 et
567 708 755 765 verba
776 706 1146 778 easdemque
1170 706 1493 760 sententias
1519 704 1759 759 diversa
1784 722 1912 755 συν-

263 805 416 874 αφιίᾳ,
432 800 491 855 in
509 813 701 870 parva
723 796 1085 867 scriptorum
1104 793 1278 861 mole,
1299 810 1408 866 pro
1434 792 1679 861 integris
1704 798 1757 847 et
1779 792 1910 847 aliis

256 887 553 961 opusculis
585 885 772 955 repeti
800 889 856 939 et
882 882 1125 939 obtrudi
1158 883 1186 939 7
1222 886 1292 938 At
1322 881 1381 937 id
1407 880 1794 938 ostendemus
1828 880 1911 936 ita

250 978 306 1034 in
338 978 429 1034 bis
465 975 701 1033 Macarii
733 988 888 1039 esse,
920 973 1003 1028 ita
1041 976 1265 1037 tamen,
1300 975 1362 1027 ut
1404 970 1582 1026 simul
1627 984 1909 1026 nonnun-

249 1082 431 1140 quam
458 1066 579 1122 alia
599 1077 867 1137 quoque,
892 1076 1090 1133 pauca
1118 1064 1317 1115 tamen
1349 1075 1725 1124 moneamus,
1755 1074 1911 1131 quae

250 1156 328 1213 ad
355 1154 661 1210 diversam
687 1152 1047 1222 scripturam
1073 1155 1130 1205 et
1168 1148 1480 1205 lectionem
1511 1148 1803 1221 pertinere
1830 1147 1912 1203 vi-

254 1244 570 1302 debuntur.

996 1330 1020 1393 ε
1056 1328 1168 1383 VII.

321 1420 588 1492 Exempli
618 1419 751 1476 loco
793 1432 1174 1490 apponemus
1225 1432 1316 1483 ea,
1361 1430 1518 1488 quae
1557 1415 1631 1469 de
1671 1430 1804 1484 cap.
1843 1414 1908 1470 13

254 1510 536 1582 Opusculi
578 1510 650 1565 de
683 1508 965 1564 Custodia
1005 1506 1202 1563 cordis
1242 1522 1299 1576 p.
1339 1509 1405 1560 22
1440 1505 1581 1560 edit.
1623 1504 1909 1560 Pritianae

255 1598 420 1670 [Pag.
451 1598 542 1671 14]
581 1598 939 1653 notavimus.
972 1596 1052 1651 Ex
1082 1597 1196 1650 isto
1232 1596 1461 1663 integra
1494 1595 1743 1650 Homilia
1771 1609 1909 1649 con-

258 1686 409 1742 fecta
455 1694 568 1746 est.
601 1685 808 1740 iisdem
849 1684 1041 1740 verbis
1081 1691 1135 1739 et
1177 1684 1501 1749 sententiis,
1534 1696 1663 1738 Xixa
1691 1683 1910 1738 scilicet

2022 533 2164 583 nata
2193 529 2433 585 aliunde
2461 531 2611 587 haec
2637 548 2785 588 esse.
2834 532 3001 598 Quod
3035 548 3176 587 vero
3221 532 3298 588 ad
3328 533 3676 589 varietatem

2021 617 2347 688 scripturae
2374 620 2689 676 allatorum
2722 622 3039 677 verborum
3068 636 3247 688 porro
3278 622 3504 687 attinet,
3535 636 3676 693 pos-

2022 706 2140 761 sint
2177 707 2291 763 ista
2320 710 2641 780 conjuncta
2690 710 2873 766 fuisse
2909 710 3093 766 videri
3128 728 3141 767 :
3177 715 3266 763 καὶ
3312 715 3383 783 μὴ
3417 709 3677 781 ἀπογινώ-

2022 814 2183 861 σκειν,
2213 794 2321 849 ἀλλ’
2368 798 2416 850 ἐν
2459 804 2635 851 πίστει
2664 805 2798 866 cet.,
2848 805 2950 856 aut
2979 798 3148 856 facile
3202 799 3279 856 ab
3325 799 3528 873 aliquo
3573 799 3677 856 ad-

2021 882 2143 939 dita
2164 892 2318 940 sunt.
2349 888 2549 958 Neque
2570 888 2730 943 enim
2754 886 2983 956 dubito,
3006 888 3171 961 quod
3196 904 3267 943 ex
3285 887 3675 960 sequentibus

2021 974 2335 1044 apparebit
2358 975 2589 1042 melius,
2611 976 2878 1031 diversos
2905 976 3106 1040 fuisse,
3130 977 3233 1049 qui
3257 978 3370 1033 ista
3391 992 3463 1033 ex
3484 976 3677 1032 diver-

2023 1063 2103 1118 sis
2124 1063 2254 1117 aliis
2279 1064 2701 1135 congesserint.
2733 1065 2846 1122 Sed
2869 1065 2964 1121 vix
2987 1065 3243 1136 placent,
3272 1080 3427 1137 quae
3450 1065 3675 1122 ibidem

2022 1157 2205 1207 sunt:
2252 1156 2338 1204 τὸν
2381 1158 2573 1206 σκοπὸν
2631 1161 2723 1207 τοῦ
2774 1158 2889 1217 νοὸς
2941 1154 3101 1207 αὑτοῦ
3159 1154 3227 1216 εἰς
3279 1162 3428 1207 τοῦτο
3485 1157 3678 1226 ἔχοντα

2023 1235 2118 1293 διὰ
2146 1245 2351 1303 παντὸς.
2405 1245 2605 1314 Neque
2644 1243 2807 1299 enim
2846 1242 2995 1299 scire
3050 1242 3218 1299 facile
3244 1248 3354 1314 est,
3388 1243 3535 1315 quid
3566 1242 3678 1300 ista

2021 1329 2377 1399 signiﬁcent.
2411 1333 2477 1387 Et
2508 1348 2645 1387 cum
2686 1347 2805 1387 non
2834 1332 2916 1387 ita
2949 1333 3134 1387 multo
3174 1335 3313 1403 post
3342 1336 3626 1404 sequatur
3657 1347 3672 1385 :

2021 1422 2172 1485 μόνον
2238 1422 2325 1471 τὸν
2382 1423 2572 1495 Χύριον
2622 1418 2701 1474 ἀεὶ
2761 1424 2861 1492 πρὸ
2916 1419 3191 1493 ὀφθαλμῶν
3249 1422 3390 1492 ἔχειν
3446 1425 3536 1473 καὶ
3586 1422 3678 1482 τὰς

2021 1508 2224 1570 ante;
2249 1509 2429 1575 αὑτοῦ,
2461 1526 2676 1583 parum
2718 1509 2888 1566 abest
2924 1511 3067 1582 quin
3101 1510 3289 1578 legam
3327 1530 3339 1565 :
3365 1512 3451 1561 τόν
3479 1528 3532 1562 τε
3556 1527 3677 1562 σκο-

2019 1601 2113 1649 πὸν
2158 1606 2248 1649 τοῦ
2292 1601 2404 1660 νοὸς
2449 1599 2609 1650 αὐτοῦ
2659 1598 2730 1661 εἰς
2771 1606 2949 1651 τοῦτον
3003 1598 3112 1672 [τὸν
3152 1597 3368 1672 Κύριον]
3417 1598 3558 1670 ἔχειν
3585 1594 3680 1650 διὰ

2018 1690 2229 1747 παντὸς.
2273 1687 2429 1742 Licet
2458 1688 2619 1742 enim
2645 1687 2874 1761 liquido
2915 1687 3262 1757 intelligere,
3298 1688 3501 1743 omnia
3528 1687 3680 1743 inter

258 1777 461 1847 p.287.
488 1777 614 1840 Quo
628 1773 846 1830 addam
868 1773 1128 1845 denique
1143 1772 1512 1845 Opusculum
1528 1773 1600 1829 de
1614 1773 1911 1828 Libertate
1945 1789 1988 1842 Β
2021 1793 2102 1843 se,
2132 1777 2178 1830 si
2204 1777 2513 1832 materiam
2541 1777 2739 1847 ipsam
2767 1781 3019 1847 spectes,
3038 1776 3291 1832 confusa
3316 1791 3465 1831 esse.
3493 1782 3677 1847 Atque

251 1865 464 1921 mentis
493 1879 625 1934 cap.
669 1867 750 1925 18,
786 1869 841 1917 et
884 1862 1342 1933 Apophthegma
1386 1864 1645 1933 primum
1691 1878 1748 1933 p.
1783 1861 1904 1916 23!.

322 1957 379 2008 tu
406 1951 708 2024 Opusculo
722 1952 794 2007 de
810 1951 1091 2008 Custodia
1110 1951 1306 2005 cordis
1322 1966 1379 2022 p.
1395 1955 1462 2005 22
1479 1952 1557 2006 ita
1571 1951 1864 2005 habemus
1890 1966 1904 2005 :

247 2042 272 2094 ὁ
312 2039 714 2113 βουλόμενος
750 2039 1142 2112 προσελθεῖν
1182 2047 1267 2109 τῷ
1311 2044 1543 2112 Κυρίῳ,
1583 2058 1696 2091 και
1736 2039 1910 2101 ζωῆς

248 2131 513 2183 αἰωνίου
604 2129 1125 2192 καταξιωθῆναι,
1200 2134 1310 2181 καὶ
1394 2133 1909 2202 κατοικητήριον

247 2220 765 2290 Θεοῦγενέσθαι,
805 2222 923 2269 xui
961 2219 1334 2289 πνεύματος
1370 2216 1558 2289 ἁγίου
1598 2217 1911 2280 καταξιω-

249 2311 457 2374 θῆναι,
487 2310 593 2359 ἰνα
630 2310 778 2369 τοὺς
810 2311 1099 2379 καρποὺς
1136 2306 1337 2359 αὐτοῦ
1384 2309 1547 2359 κατὰ
1590 2308 1702 2367 τὰς
1746 2305 1905 2358 ἐντο-

247 2397 350 2459 λὰς
394 2405 502 2451 τοῦ
548 2401 798 2471 Κυρίου
850 2393 1092 2468 δυνηθῇ
1155 2395 1417 2468 ἁμώμως
1468 2401 1579 2447 καὶ
1620 2399 1912 2471 καθαρῶς

252 2495 493 2552 ποιεῖν,
533 2485 738 2545 οὕτως
775 2483 1030 2556 ὀφείλει
1077 2483 1507 2558 ἐνάρξασθαι.
1557 2485 1690 2540 Haec
1722 2486 1912 2556 perio-

254 2574 360 2630 dus
382 2577 581 2647 prima
609 2574 788 2645 primi
828 2571 1107 2645 Opusculi
1134 2573 1240 2644 (α).
1303 2573 1365 2626 Et
1404 2574 1669 2629 similiter
1699 2574 1913 2629 eadem

252 2664 425 2720 verba
443 2665 501 2719 in
524 2661 820 2720 Homiliae
840 2660 1087 2732 periodo
1106 2663 1319 2732 prima,
1340 2662 1447 2716 nisi
1466 2663 1625 2733 quod
1649 2678 1756 2733 pro
1780 2670 1911 2716 Θεοῦ

244 2753 449 2825 legitur
466 2760 565 2806 τοῦ
596 2758 831 2826 Χριστοῦ
858 2750 964 2821 (b),
991 2765 1099 2820 pro
1120 2751 1526 2820 καταξιωθῆναι,
1552 2751 1909 2824 πληρωθῆναι,

242 2843 407 2915 quod
451 2842 608 2898 forte
653 2841 897 2905 factum,
949 2854 1024 2895 ne
1066 2839 1223 2894 idem
1274 2840 1524 2896 verbum
1567 2842 1765 2896 statim
1821 2844 1912 2897 bis

240 2935 583 2987 occurreret
624 2944 775 3000 ;pro
823 2931 1057 3003 καρποὺς
1097 2928 1276 2997 αὐτοῦ,
1310 2928 1522 2999 legitur
1548 2935 1781 3004 καρποὺς
1819 2939 1910 2983 τοῦ

246 3022 554 3091 πνεύματος,
586 3019 711 3083 ubi,
743 3017 879 3089 quis
908 3020 1068 3079 αΰτὸς
1090 3018 1182 3082 sit,
1209 3018 1561 3088 exprimitur
1594 3035 1607 3085 ;
1641 3036 1748 3090 pro
1777 3023 1912 3073 κατὰ

2017 1865 2132 1920 hoc
2188 1866 2411 1936 ipsum,
2459 1870 2521 1919 ut
2570 1865 2865 1921 Christum
2910 1866 3047 1937 quis
3096 1865 3419 1931 intueatur,
3474 1869 3678 1920 monet

2021 1952 2389 2023 Opusculum
2428 1952 2500 2007 de
2543 1953 2835 2009 Libertate
2873 1968 3005 2023 cap.
3058 1956 3115 2007 16
3156 1957 3212 2008 et
3248 1958 3333 2019 Π,
3374 1952 3535 2007 unde
3579 1953 3677 2008 vix

2020 2042 2226 2096 dubito
2248 2041 2397 2097 haec
2422 2058 2556 2096 esse
2578 2048 2875 2112 excerpta.
2910 2045 3023 2096 Nec
3049 2040 3331 2112 estquod
3378 2042 3513 2112 quis
3538 2039 3675 2096 ideo

2020 2131 2250 2186 dubitet
2291 2130 2365 2185 de
2412 2130 2527 2185 hac
2574 2131 2937 2201 conjectura,
2980 2129 3142 2201 quod
3193 2130 3484 2201 scriptura
3528 2129 3677 2185 haec

2022 2219 2228 2275 eadem
2263 2220 2334 2275 sit
2360 2220 2416 2274 in
2451 2219 2722 2275 Homilia.
2757 2219 3100 2275 Videbimus
3131 2219 3287 2275 enim
3321 2219 3673 2274 alterutrum

2022 2316 2229 2364 natum
2261 2314 2315 2363 et
2342 2308 2565 2364 factum
2591 2324 2720 2364 esse
2765 2307 3082 2379 posterius,
3112 2307 3273 2378 [Pag.
3311 2306 3396 2380 16]
3439 2312 3492 2363 et
3523 2307 3676 2363 adeo

2022 2404 2362 2470 corruptam
2412 2403 2512 2453 aut
2558 2398 2782 2453 bonam
2833 2396 3073 2453 alterius
3113 2398 3466 2468 scripturam
3513 2410 3677 2451 acce-

2021 2488 2199 2559 pisse.

2095 2576 2373 2647 Sequitur
2401 2591 2580 2646 porro
2611 2575 2668 2629 in
2692 2574 2765 2631 de
2796 2572 3273 2631 CustodianZi-u
3307 2572 3679 2646 βιάζεσθαι

2024 2670 2149 2740 χρὴ
2178 2664 2384 2725 ἀεὶείς
2412 2670 2531 2716 πᾶν
2571 2663 2834 2736 ἀγαθὸν,
2866 2668 2974 2716 καὶ
3001 2662 3090 2725 εἰς
3130 2664 3343 2723 πάσας
3372 2664 3483 2725 τὰς
3516 2660 3678 2714 ἕντο-

2022 2755 2132 2816 λὰς
2172 2762 2281 2806 τοῦ
2324 2757 2587 2827 Κυρίου,
2630 2751 2742 2804 κᾶν
2780 2757 2861 2825 μὴ
2905 2751 3221 2813 θελούσης
3250 2760 3358 2812 τῆς
3399 2746 3679 2824 καρδίας

2026 2840 2139 2895 διὰ
2193 2847 2302 2901 τὴν
2360 2850 2683 2895 συνοῦσαν
2734 2842 2890 2914 αὐτῇ
2939 2840 3283 2915 ἁμαρτίαν.
3318 2841 3382 2895 In
3424 2838 3678 2896 Homilia

2023 2932 2313 2988 omittitur
2353 2929 2451 2995 ἀεὶ,
2493 2945 2603 2986 nec
2652 2930 2711 2985 id
2768 2929 2956 2999 male;
3001 2929 3241 2985 additur
3302 2944 3439 2983 vero
3490 2930 3677 3001 ἔργον

2023 3022 2240 3091 ἀγαθόν,
2292 3020 2430 3074 item
2474 3033 2593 3074 non
2636 3018 2789 3074 male
2820 3035 2834 3085 ;
2883 3018 3178 3073 omitittur
3208 3018 3349 3073 item
3378 3015 3473 3068 κᾶν
3503 3020 3575 3088 μὴ
3604 3018 3681 3069 θε-

247 3110 340 3169 τὰς
388 3108 588 3167 ἐντολὰς
624 3114 717 3160 τοῦ
764 3110 961 3181 Κυρίου
1002 3105 1216 3176 legitur
1276 3112 1368 3159 xui
1412 3109 1506 3168 τὰς
1554 3107 1751 3169 ἐντολὰς
1818 3116 1910 3162 τοῦ

2032 3112 2216 3170 λούσης
2253 3116 2347 3170 τῆς
2393 3104 2639 3180 καρδίας,
2691 3123 2811 3162 non
2867 3106 3042 3162 bene.
3080 3106 3144 3160 In
3189 3104 3485 3177 Opusculo
3518 3105 3680 3161 enim

254 3198 485 3270 Χριστοῦ
507 3214 521 3227 ·
548 3202 649 3249 Καὶ
668 3211 812 3251 sane
834 3194 1136 3266 perplacet
1170 3211 1184 3261 ;
1214 3194 1474 3249 Christus
1502 3212 1610 3266 pro
1635 3196 1906 3265 Domino,

251 3285 399 3357 quia
428 3284 488 3338 in
536 3284 773 3339 Patrum
813 3283 1047 3354 scriptis
1083 3285 1369 3339 Dominus
1400 3291 1455 3338 et
1498 3284 1762 3340 Christus
1801 3303 1909 3358 pro

259 3372 478 3426 eodem
518 3377 619 3426 est.
645 3379 790 3426 Tum
833 3388 940 3443 pro
970 3372 1197 3445 ἀμώμως
1245 3377 1336 3425 καὶ
1366 3375 1611 3446 καθαρῶς
1657 3374 1908 3443 legimus

263 3461 509 3533 καθαρῶς
547 3464 635 3512 καὶ
674 3459 917 3533 ἀμώμως,
945 3460 1053 3516 levi
1088 3462 1417 3518 mutatione
1454 3479 1467 3527 ;
1500 3468 1556 3518 et
1583 3479 1689 3533 pro
1723 3473 1905 3532 ποιεῖν,

260 3556 385 3607 ποιῆ
397 3566 505 3611 σαι,
528 3564 643 3603 non
671 3548 840 3614 male,
859 3549 1000 3622 quia
1021 3553 1132 3605 hoc
1151 3556 1388 3621 tempus
1412 3568 1590 3623 saepe
1605 3555 1869 3624 sequitur
1894 3572 1908 3621 ;

258 3652 369 3709 pro
400 3637 582 3702 οὕτως,
615 3637 782 3703 οὗτος,
813 3638 987 3704 male,
1032 3655 1173 3694 nam
1212 3639 1535 3709 legendum
1566 3643 1760 3711 οὔτωςς
1803 3659 1911 3716 pro

255 3724 591 3801 ἐνάρξασθαι,
660 3726 936 3799 ἄρξασθαι,
990 3729 1155 3799 quod
1217 3729 1428 3784 melius
1475 3731 1758 3805 ἄρξασθαι.
1810 3738 1911 3789 Pe-

250 3814 464 3871 riodus
490 3816 673 3871 altera
696 3815 809 3872 levi
846 3818 1174 3873 mutatione
1200 3818 1417 3873 diﬁ‘ert.

323 3905 389 3959 In
424 3905 728 3976 Opusculo
759 3905 833 3962 de
865 3905 1149 3961 Custodia
1184 3909 1451 3980 sequitur
1484 3926 1495 3963 :
1530 3914 1638 3961 xui.
1678 3911 1768 3972 εἰς
1808 3915 1913 3969 τὴν

253 3993 463 4066 εὐχὴν
512 3995 799 4046 πάντοτε
836 4003 1360 4071 προσκαρτερεῖν
1401 3997 1605 4050 αὐτόν
1639 4016 1648 4027 ·
1683 4004 1792 4052 καὶ
1830 4005 1910 4073 μὴ

253 4082 746 4155 ἀπογινώσκειν
782 4079 1328 4155 προσδεχόμενος
1367 4093 1476 4137 τοῦ
1519 4092 1762 4160 Κυρίου
1802 4094 1915 4148 τὴν

250 4170 610 4242 ὶπίσκεψιν
640 4176 886 4230 καὶτήν
920 4170 1247 4244 βοήθειαν
1297 4176 1595 4242 πάντοτε,
1626 4181 1732 4229 τὸν
1776 4197 1915 4230 σκο-

250 4264 366 4314 πὸν
394 4266 516 4313 τοῦ
544 4263 688 4321 νοὸς
719 4264 919 4313 αὑτοῦ
952 4260 1249 4323 εἰςτοῦτο
1280 4265 1446 4334 ἓχὼν
1480 4260 1591 4316 διὰ
1629 4272 1870 4328 παντὸς
1900 4284 1913 4298 ⁸

248 4352 309 4406 In
340 4349 603 4406 Homilia
626 4349 1000 4419 aliquantum
1034 4349 1199 4406 aliter
1232 4369 1245 4406 :
1270 4358 1359 4404 xui
1389 4352 1460 4416 ἑίς
1488 4359 1581 4413 τὴν
1614 4356 1777 4427 εὐχὴν
1804 4362 1911 4430 χρὴ

2022 3200 2094 3255 de
2126 3198 2418 3254 Libertate
2441 3196 2653 3252 mentis
2684 3211 2818 3267 cap.
2851 3199 2912 3250 13
2952 3192 3015 3249 id
3048 3192 3308 3259 additur,
3337 3192 3503 3266 quod
3537 3208 3679 3249 mox

2024 3286 2296 3360 pluribus
2328 3285 2684 3341 videbimus.
3630 3306 3633 3307 '

2092 3377 2151 3431 In
2187 3373 2486 3446 Opusculo
2506 3374 2697 3445 primo
2729 3372 2807 3428 ita
2832 3372 3099 3444 procedit
3129 3388 3141 3426 :
3167 3371 3297 3425 οἷον
3323 3369 3682 3444 βιάζεσθαι

2022 3465 2248 3518 ἑαυτὸν
2298 3464 2387 3525 εἰς
2429 3466 2495 3516 τὸ
2548 3468 3080 3535 ταπεινοφρονεῖν
3129 3460 3395 3513 ἐνώπιον
3435 3461 3680 3513 πάντῶν

2022 3555 2383 3626 ἀνθρώπων,
2425 3557 2532 3604 καὶ
2575 3551 2803 3604 ἑαυτὸν
2842 3555 3094 3604 πάντων
3127 3552 3362 3604 ἱλαττω
3401 3554 3509 3602 καὶ
3547 3553 3681 3621 χεί-

2021 3665 2171 3718 ρονα
2199 3644 2533 3713 ἡγεῖσθαι,
2562 3646 2642 3713 μὴ
2676 3642 2886 3702 ζητῶν
2925 3646 3120 3713 τιμὴν
3155 3641 3185 3700 ἣ
3229 3642 3492 3692 ἔπαινόν
3522 3640 3551 3698 ἣ
3588 3636 3685 3691 δό-

2024 3734 2132 3797 ξαν
2162 3734 2334 3804 παρά
2374 3751 2566 3799 τινος,
2609 3732 2901 3790 καθὼςέν
2941 3737 3021 3800 τῷ
3056 3729 3419 3801 Εῦαγγελίῳ
3457 3732 3686 3800 γέγρα-

2026 3842 2197 3889 πται,
2248 3822 2312 3875 In
2344 3820 2591 3876 homilia
2622 3834 2731 3890 pro
2769 3817 3057 3891 βιάζεσθαι
3115 3825 3205 3874 est
3245 3817 3537 3889 βιαζίσθω,
3563 3831 3683 3872 non

2026 3912 2205 3975 male,
2236 3910 2401 3981 quod
2424 3908 2810 3980 imperativus
2842 3922 3019 3979 saepe
3046 3907 3334 3979 sequitur,
3387 3912 3442 3960 et
3465 3905 3685 3976 ubique

2028 4000 2175 4056 forte
2207 3996 2591 4069 reponendus
2631 3996 2723 4050 sit.
2756 3998 2895 4050 Eam
2952 3996 3219 4067 sequitur
3252 4012 3265 4049 :
3302 3998 3374 4066 μὴ
3418 3994 3586 4054 ζητῶν
3614 4013 3685 4045 τι-

2027 4093 2130 4162 μὴν
2161 4093 2294 4153 cet.,
2346 4085 2511 4158 quod
2570 4100 2689 4139 non
2749 4089 2902 4139 stare
2956 4087 3155 4156 potest
3207 4099 3345 4137 cum
3405 4081 3689 4153 βιάζεσθαι

2030 4177 2212 4251 [χρὴ].
2249 4175 2354 4231 sed
2399 4191 2575 4230 casus
2622 4179 2869 4245 quartus
2910 4188 3042 4229 esse
3083 4172 3361 4227 debebat.
3416 4170 3684 4241 Omissis,

2027 4284 2183 4340 quae
2215 4282 2335 4321 non
2369 4264 2622 4319 multum
2654 4261 2959 4328 differunt,
3001 4278 3111 4334 pro
3145 4263 3287 4335 παρά
3324 4279 3458 4320 τινος
3484 4264 3566 4315 est
3602 4256 3691 4311 δό-

2028 4358 2120 4421 ξαν
2139 4355 2205 4408 ἁν
2223 4357 2291 4429 θρ
2308 4361 2485 4407 ώπων
2506 4355 2649 4425 παρὰ
2669 4371 2822 4415 τινος,
2845 4354 3009 4424 quod
3040 4357 3243 4423 putem
3270 4347 3687 4405 invertendum

248 4440 408 4493 αὐτὸν
443 4438 621 4513 [Pag.
674 4439 759 4512 15]
807 4441 1028 4492 πάντοτε
1074 4450 1499 4518 προσκαρτερεῖν,
1553 4450 1608 4500 et
1650 4444 1731 4501 ita
1783 4448 1912 4518 qui-

2033 4445 2193 4509 δόξαν
2226 4445 2368 4517 παρά
2399 4462 2537 4504 τινος
2568 4441 2867 4516 ἀνθρώπων.

251 4528 392 4585 dem
427 4533 588 4583 recte
618 4548 631 4591 ς
666 4543 806 4583 nam
834 4533 943 4601 χρὴ
974 4535 1075 4583 aut
1096 4530 1571 4602 exprimendum,
1604 4534 1768 4605 quod
1794 4551 1916 4591 ma-

249 4618 380 4687 lim,
414 4621 527 4674 aut
556 4614 1143 4688 subintelligendum.
1187 4619 1301 4675 Sed
1333 4636 1509 4691 porro
1541 4622 1619 4677 ita
1660 4622 1795 4692 legit
1826 4637 1837 4676 :
1868 4626 1915 4677 ἐν

254 4710 433 4760 πίστει
464 4701 792 4778 προσδοκίας
820 4713 912 4757 τοῦ
947 4711 1140 4781 Κυρίου
1184 4712 1275 4767 τὴν
1326 4708 1599 4781 ἐπίσκεψιν
1643 4716 1733 4763 καὶ
1785 4711 1918 4785 βοή-

258 4798 400 4849 θειαν
476 4793 640 4846 αὐτοῦ
704 4796 924 4847 πάντοτε
996 4792 1359 4869 ἐκδεχόμενον,
1431 4802 1517 4851 τὸν
1574 4804 1767 4853 σκοπὸν
1829 4810 1918 4856 τοῦ

254 4888 366 4946 νοὸς
399 4888 569 4937 αΰτοῦ
599 4882 671 4944 εἰς
699 4890 850 4935 τοῦτο
878 4886 1071 4955 ἔχοντα
1112 4882 1205 4938 διὰ
1234 4892 1445 4947 παντὸς.
1488 4889 1649 4954 Quae
1681 4890 1916 4957 docent,

258 4988 585 5046 perperam
629 4973 687 5027 in
724 4971 975 5041 vulgatis
1017 4975 1182 5029 istius
1235 4976 1517 5045 Opusculi
1562 4979 1923 5035 editionibus

258 5079 389 5117 esse
430 5057 867 5133 προσδεχόμενος
913 5068 968 5117 et
1016 5064 1171 5134 ἔχων,
1218 5080 1353 5120 cum
1398 5069 1691 5122 sermonis
1745 5069 1924 5123 series

260 5150 589 5208 manifesto
619 5150 884 5221 requirat
929 5166 1134 5205 casum
1165 5159 1468 5223 quartum.
1518 5158 1653 5220 ista,
1686 5157 1760 5213 de
1804 5173 1925 5212 non

262 5238 671 5312 desperando,
696 5254 816 5294 non
840 5241 1160 5295 commode
1177 5241 1270 5297 hic
1287 5249 1445 5307 sunt,
1471 5245 1603 5299 etin
1629 5246 1928 5318 Opusculo

268 5330 341 5385 de
368 5327 677 5385 Libertate
704 5330 915 5385 mentis
956 5344 1090 5399 cap.
1130 5332 1192 5387 16
1221 5335 1277 5387 et
1320 5332 1385 5387 l7
1416 5333 1641 5389 meliori
1679 5340 1930 5409 συναφείᾳ

2100 4538 2160 4591 lu
2187 4533 2491 4606 Opusculo
2523 4548 2701 4603 porro
2722 4536 2809 4585 est
2841 4547 2854 4586 :
2888 4528 3049 4582 ἀλλὰ
3086 4534 3281 4602 μόνον
3312 4531 3417 4580 τὸν
3450 4530 3689 4600 Κύριον

2029 4623 2117 4677 ἀεὶ
2155 4626 2278 4695 πρὸ
2310 4621 2645 4694 ὀφθαλμῶν
2678 4622 2873 4691 ἔχειν,
2908 4622 3017 4670 καὶ
3050 4620 3162 4680 τὰς
3187 4616 3432 4678 ἔντολὰς
3463 4615 3688 4672 αὐταῦ,

2030 4713 2203 4783 αὐτῷ
2244 4716 2410 4784 μόνῳ
2452 4708 2847 4782 βουλόμενος
2887 4708 3143 4781 ἀρέσαι.
3190 4712 3250 4762 In
3292 4704 3547 4762 Homilia
3584 4721 3692 4777 pro

2031 4805 2172 4873 ἔχειν
2231 4806 2316 4855 est
2370 4803 2528 4871 ἔχων,
2582 4798 2761 4870 idque
2820 4802 2998 4853 recte.
3064 4795 3479 4867 Supplendum
3530 4796 3691 4851 enim

2036 4891 2307 4965 βιαζέσθω
2337 4896 2452 4944 cet.
2492 4888 2647 4960 ἔχων.
2683 4888 2883 4942 Cetera
2908 4902 3121 4957 parum
3151 4885 3396 4940 distant.

2107 4982 2191 5035 De
2224 4978 2505 5033 Custodia
2543 4991 2721 5048 porro
2757 4992 2769 5031 :
2799 4974 2889 5036 εἰς
2926 4979 3042 5033 τὴν
3080 4994 3422 5047 πραοτητα
3461 4975 3695 5045 ὁμοίως

2036 5069 2263 5122 ἑαυτὸν
2305 5065 2614 5139 βιαζέτω,
2656 5067 2877 5137 καὶμὴ
2912 5064 3222 5123 θελούσης
3253 5072 3359 5123 τῆς
3398 5058 3690 5137 καρδίας,

2038 5159 2111 5219 ὥς
2138 5161 2213 5229 φή
2234 5176 2333 5209 σιν
2364 5158 2388 5207 ὁ
2416 5158 2649 5230 Κύριος
2683 5172 2694 5183 ·
2738 5155 2971 5226 μάθετε
3014 5152 3421 5224 ἀπ’ἒμοῦεθῐ.
3447 5149 3699 5207 Homilia

2040 5246 2210 5301 addit
2272 5244 2339 5306 εἰς
2392 5250 2485 5303 τὴν
2540 5247 2811 5316 πραότητα
2861 5249 2967 5302 τῆς
3020 5237 3317 5316 καρδίας,
3377 5246 3432 5294 et
3482 5238 3700 5293 omittit

2047 5333 2301 5408 βιαξέτω,
2333 5332 2479 5406 quid
2524 5347 2559 5388 τι
2598 5332 2930 5402 glossatore
2975 5335 3119 5403 puto
3167 5344 3239 5386 ex
3292 5325 3699 5400 superioribus

1842 5486 2089 5542 NOTAE.

352 5622 574 5695 (a)_Sic
619 5620 920 5695 Semlerus
951 5638 964 5689 ;
996 5621 1171 5695 lege:
1216 5624 1369 5679 Haec
1416 5622 1696 5695 periodus
1739 5628 1937 5695 prima

279 5693 489 5761 capitis
522 5695 583 5750 l3
612 5693 803 5763 primi
833 5692 1142 5764 Opusculi.
1172 5695 1322 5751 Em'r.

2118 5624 2199 5697 (b)
2229 5625 2415 5694 Corn,
2449 5625 2745 5682 Semlerus
2774 5623 2990 5681 habet:
3026 5635 3134 5695 pro
3157 5624 3267 5672 τοῦ
3305 5622 3458 5670 Θεοῦ
3489 5614 3702 5687 legitur

2048 5704 2361 5771 Χριστοῦ.
2406 5701 2483 5754 ID.
3528 5698 3529 5701 Ἴ
