4092 6252
516 255 619 313 267
1860 251 1960 310 J0.
2001 252 2160 309 SAL.
2209 249 2594 306 SEMLERUS
3792 258 3883 313 263

1250 377 1426 451 guu.
2204 376 2252 431 A
2282 375 2447 447 apud
2503 375 2878 432 Gennadium
2933 379 3141 451 quaeri
3184 380 3464 452 possint?
3493 380 3642 436 Haec
3673 381 3885 436 Caveas.

586 470 784 528 MSS“!
804 483 966 538 ergo,
1000 472 1063 523 ut
1115 466 1393 531 vidimus,
1429 467 1542 523 nisi
1575 468 1816 524 aliunde
1848 467 2169 525 auctoritas
2286 466 2737 530 Quaeetcontra
2769 482 2862 522 me
2883 468 3019 533 sint,
3049 469 3160 524 nisi
3184 476 3530 526 averterem.
3559 469 3722 535 Quod
3747 469 3889 526 facile

517 561 764 625 accedit,
788 557 953 614 nulla
974 562 1079 612 est.
1107 555 1557 626 Videamusjam
1573 562 2000 626 argumentum
2033 557 2171 612 alte-
2287 570 2554 626 possum.
2584 556 2754 611 Miror
2774 557 2954 620 enim,
2991 558 3255 613 Virumin
3286 558 3398 614 hoc
3429 573 3639 627 genere
3657 558 3894 614 doctissi-

515 663 675 715 rum,
707 654 905 704 utrum
935 645 1048 702 tale
1079 645 1304 718 aliquid
1326 653 1508 702 exstet
1534 645 1594 701 in
1613 653 1880 702 veterum
1913 646 2168 718 scriptis.
2287 659 2452 698 mum
2483 644 2596 699 ista
2626 644 2950 715 scripsisse.
2988 648 3153 702 Putat
3183 647 3258 702 de
3297 647 3438 703 solis
3465 646 3718 719 epistolis
3752 646 3893 718 loqui

519 737 886 810 Ubiquidem
917 734 1172 804 cogitate
1186 734 1441 791 scribere
1489 751 1584 790 me
1603 737 1781 791 credo
1803 740 1860 789 et
1880 735 2169 806 judicare,
2283 733 2676 788 Gennadium.
2699 737 2767 786 At
2792 733 2850 789 id
2881 749 3002 790 non
3021 735 3301 791 credibile
3328 742 3437 801 est,
3463 737 3604 808 quia
3632 735 3896 791 confectu-

519 826 740 882 nemini
767 830 1030 882 veterum
1060 827 1270 880 notum
1295 823 1498 891 fuisse,
1539 825 1705 896 quod
1732 825 2036 882 Macarius
2059 825 2174 880 ista
2283 837 2383 876 rus
2404 827 2528 877 erat
2555 821 2812 877 indicem
2828 825 3127 893 potiorum
3144 830 3461 881 auctorum
3478 829 3535 881 et
3552 826 3893 896 scriptorum.

517 913 836 988 reliquerit.
2283 910 2568 965 Macarius
2600 909 2712 965 isto
2742 914 3010 982 tempore
3049 912 3400 969 notissimus
3437 931 3450 980 ;
3477 912 3608 968 ideo
3641 911 3790 977 dicit,
3813 912 3898 968 ille

592 1005 675 1058 Ita
694 1017 926 1067 omnes,
958 1001 1062 1072 qui
1101 1001 1175 1056 de
1205 1001 1594 1073 scriptoribus
1631 1002 2038 1058 ecclesiasticis
2063 1006 2174 1057 tra-
2285 999 2635 1070 Aegyptius.
2669 1001 2733 1054 Et
2758 1015 2894 1055 cum
2935 1001 3064 1071 ejus
3096 1001 3465 1058 mentionem
3498 1000 3691 1064 faciat,
3723 1002 3897 1072 utique

517 1090 816 1158 diderunt,
849 1094 1009 1146 certo
1037 1105 1110 1146 ex
1140 1089 1387 1145 consilio
1414 1089 1488 1145 de
1520 1091 1787 1148 Macario
1827 1097 1881 1146 et
1906 1091 2000 1146 his
2044 1092 2174 1160 eius
2283 1102 2405 1143 non
2437 1087 2728 1143 minorem
2744 1089 3149 1158 partemabeo
3163 1091 3524 1160 scriptorum
3547 1090 3898 1154 nominasset,

521 1179 840 1252 Opusculis
885 1181 1102 1234 tacent.
1161 1181 1350 1250 Atque
1397 1178 1507 1234 hos
1559 1194 1671 1250 ego
1723 1185 2014 1246 auctores,
2053 1195 2175 1251 quo
2286 1179 2391 1232 sed
2423 1177 2715 1248 majorem
2746 1185 2800 1234 et
2839 1179 3153 1251 potiorem.
3185 1181 3248 1235 Et
3275 1179 3323 1234 si
3351 1179 3604 1234 fuissent
3633 1184 3822 1234 nostra
3843 1192 3900 1233 eo

520 1269 815 1341 cujusque
854 1267 1016 1340 [Pag.
1054 1267 1137 1338 10]
1182 1269 1374 1338 major
1398 1284 1523 1323 esse
1563 1269 1882 1324 auctoritas
1921 1269 2173 1337 videtur,
2288 1269 2573 1337 tempore,
2622 1267 2869 1323 fuissent
2912 1268 3239 1334 tritissima,
3282 1268 3431 1340 quia
3476 1267 3752 1327 ἀσκητικά.
3781 1269 3901 1323 Cum

520 1356 790 1426 singulos
821 1356 1029 1411 ordine
1076 1355 1401 1411 collocabo.
1431 1361 1660 1426 Agmen
1698 1358 1974 1413 omnium
2015 1359 2178 1414 ducit
2285 1352 2452 1426 [Pag.
2487 1354 2575 1428 l2]
2613 1372 2752 1426 ergo
2810 1363 2999 1413 taceat
3047 1357 3413 1427 Gennadius,
3469 1358 3630 1413 idem
3673 1361 3754 1412 est
3783 1371 3840 1410 ac
3865 1354 3902 1408 si

524 1446 948 1516 Hieronymus.
983 1444 1282 1516 Hic,quod
1308 1447 1678 1501 notuminter
1702 1461 1914 1502 omnes
1931 1452 2037 1513 est,
2055 1462 2176 1502 non
2286 1443 2463 1509 dicat,
2502 1445 2821 1502 Macarium
2836 1447 2984 1501 haec
2998 1461 3118 1501 non
3136 1447 3467 1518 scripsisse.
3493 1446 3708 1502 Deinde
3736 1449 3903 1517 aperte

526 1533 755 1603 vulgari
788 1532 1099 1603 diligentia
1129 1534 1188 1588 in
1215 1534 1327 1588 ista
1366 1540 1720 1604 argumento
1757 1541 2028 1591 versatus
2069 1543 2173 1596 est,
2289 1534 2628 1589 Gennadius
2660 1535 2815 1598 dicit,
2850 1536 3085 1607 scripsit
3117 1551 3299 1591 unam
3319 1540 3558 1592 tantum
3606 1533 3902 1606 epistolam,

525 1627 915 1694 veterumque
931 1620 1291 1693 reipublicae
1308 1623 2012 1694 Christianaeinsignium
2031 1624 2179 1680 viro-
2288 1629 2323 1685 i.
2353 1639 2403 1679 e.
2438 1623 2582 1678 nihil
2622 1623 2784 1679 aliud
2813 1625 2982 1680 ultra.
3026 1627 3140 1680 Nec
3169 1624 3392 1695 fugisse
3425 1625 3637 1681 eadem
3660 1623 3730 1679 de
3754 1637 3906 1678 causa

526 1725 658 1767 rum
693 1712 865 1775 vitas,
898 1715 954 1766 et
985 1712 1329 1782 praesertim
1349 1711 1568 1782 scripta
1593 1728 1800 1768 eorum
1827 1713 2081 1786 reliquit.
2111 1716 2180 1770 At
2212 1726 2258 1782 Β
2288 1704 2399 1768 ista
2440 1718 2691 1783 possunt
2726 1713 2854 1783 ejus
2893 1713 3093 1768 oculos
3133 1719 3236 1769 aut
3273 1713 3672 1784 diligentiam,
3711 1712 3834 1784 quia
3867 1714 3909 1765 et

528 1799 796 1856 idemhic
812 1799 1204 1871 Hieronymus
1226 1801 1431 1865 nescit,
1447 1801 1782 1859 Macarium
1797 1803 2023 1875 aliquid
2041 1819 2181 1860 con-
2295 1801 2490 1871 majus
2516 1817 2690 1872 opus,
2714 1818 2900 1873 quam
2912 1801 3549 1874 epistola,coniiciunt,
3575 1807 3629 1857 et
3645 1807 3775 1856 nota
3794 1799 3908 1854 fuis-

527 1889 849 1961 scripsisse,
884 1894 938 1944 et
980 1888 1114 1945 ideo
1145 1904 1218 1945 ex
1243 1889 1352 1945 isto
1394 1889 1530 1946 albo
1571 1891 1803 1947 omittit.
1836 1893 2028 1964 Atque
2067 1892 2182 1948 hoc
2293 1895 2422 1945 sent
2450 1890 2723 1946 omnium
2747 1891 3196 1957 maxime.0uin
3216 1891 3436 1947 ethaec
3465 1888 3729 1963 epistola,
3757 1902 3909 1960 quam

530 1981 956 2049 argumentum
996 1993 1068 2034 eo
1099 1979 1643 2052 estgravius,quod
1660 1980 2184 2054 Hieronymiaetas
2294 1979 2562 2035 Macario
2591 1979 2693 2034 dat
2723 1979 3083 2046 Gennadius,
3119 1980 3214 2035 vix
3235 1980 3382 2036 mihi
3401 1996 3608 2036 revera
3633 1978 3708 2035 ab
3723 1993 3786 2034 eo
3809 1990 3908 2031 esse

531 2082 654 2124 non
684 2066 880 2122 solum
911 2067 1142 2123 Macarii
1189 2073 1462 2139 tempora
1517 2084 1638 2124 non
1682 2069 1871 2125 multo
1920 2076 2056 2141 post
2098 2076 2187 2126 est
2296 2068 2548 2135 videtur,
2581 2069 2743 2141 quod
2777 2069 3168 2141 Hieronymus
3208 2085 3326 2125 non
3361 2069 3726 2125 mentionem
3755 2067 3907 2128 facit;

533 2161 874 2220 consecuta,
903 2155 1009 2211 sed
1036 2160 1092 2211 et
1121 2156 1247 2226 ipse
1276 2155 1687 2212 habitaculum
1729 2158 1962 2214 Macarii
1996 2159 2186 2214 oculis
2297 2158 2420 2230 qui,
2454 2157 2502 2212 si
2547 2157 2886 2222 exstitisset,
2920 2174 3054 2213 eam
3097 2159 3156 2212 in
3210 2158 3454 2214 deserto
3503 2159 3614 2213 isto
3647 2153 3910 2212 domicilio

535 2244 660 2300 suis
691 2244 852 2308 vidit,
881 2248 945 2298 ut
985 2247 1233 2299 testatur
1280 2245 1353 2300 de
1406 2261 1468 2301 se
1514 2245 1644 2316 ipse
1693 2246 1847 2302 inter
1899 2249 2188 2319 opuscula
2301 2246 3580 2318 monaclioruni,quibuspraefuitMacarius,
3610 2247 3732 2300 sine
3760 2242 3910 2298 dubio

537 2334 613 2389 de
642 2333 779 2387 Vitis
810 2336 1069 2403 patrum.
1114 2333 1317 2389 Mortui
1345 2334 1472 2403 jam
1514 2340 1683 2390 erant
1710 2337 1964 2401 Macarii,
1998 2341 2056 2393 et
2085 2337 2188 2409 qui
2300 2336 2560 2390 vidisset.
2597 2336 2711 2390 His.
2765 2335 2925 2390 addo
2971 2335 3168 2390 adhuc
3218 2337 3526 2404 Ruﬁnum,
3559 2335 3661 2407 qui
3702 2332 3837 2388 libro
3867 2346 3911 2384 ιι

537 2422 607 2478 iis
627 2420 1098 2492 supervixerant,
1141 2420 1327 2477 multa
1378 2423 1807 2494 Hieronymum
1856 2424 1931 2480 de
1981 2441 2189 2481 eorum
2303 2440 2434 2495 cap.
2459 2425 2491 2478 4
2515 2424 2698 2496 (a)et8
2725 2424 2798 2479 de
2821 2425 3084 2480 Macariis
3116 2426 3258 2496 agit,
3291 2431 3354 2480 at
3383 2425 3459 2480 de
3491 2423 3718 2496 scriptis
3747 2423 3909 2478 tacet;

537 2510 658 2567 vita
696 2514 754 2565 et
777 2509 956 2564 rebus
986 2509 1170 2578 gestis
1213 2509 1565 2577 docuerunt,
1597 2517 1654 2568 at
1701 2513 1775 2567 de
1826 2513 2058 2586 scriptis
2111 2519 2192 2570 ta-
2304 2514 2630 2570 Honorium
2647 2513 3684 2585 Augustodunensem,quipleraque
3707 2509 3914 2583 quidem

543 2603 706 2656 cent.
730 2596 901 2665 Quod
928 2598 975 2653 si
1005 2613 1146 2668 ergo
1173 2598 1253 2667 hi,
1281 2601 1384 2671 qui
1411 2601 1630 2666 omnia,
1661 2616 1817 2674 quae
1843 2604 1920 2658 ad
1951 2603 2193 2660 laudem
2307 2620 2379 2658 ex
2416 2603 2728 2658 Gennadio
2767 2608 2822 2657 et
2862 2602 2991 2657 aliis
3023 2602 3294 2674 sublegit,
3321 2608 3384 2658 at
3423 2604 3570 2674 quia
3599 2607 3757 2664 tacet,
3796 2594 3914 2653 nihil

544 2686 954 2744 Macariorum
1007 2688 1298 2758 pertinere
1361 2688 1733 2757 videbantur,
1796 2693 2193 2760 contulerunt,
2308 2687 3916 2761 ultracoguovissecredendusest.SedomisiPalladium,

547 2775 716 2833 nulla
733 2775 865 2845 ejus
898 2776 1122 2847 scripta
1151 2777 1364 2841 sciunt,
1385 2777 1532 2833 scire
1563 2779 1749 2835 multo
1764 2781 1962 2835 minus
1991 2781 2029 2837 ii
2063 2798 2195 2853 pos~
2310 2783 2406 2854 qui
2422 2782 2612 2853 prime
2627 2781 3356 2852 postHieronymumloco
3389 2774 3917 2837 commemorandus

553 2864 1098 2936 sunt,quimultum
1130 2869 1338 2936 postea
1361 2865 1651 2923 vixerunt.
1689 2870 1799 2925 Sed
1816 2876 1871 2926 et
1909 2876 2068 2926 certo
2101 2887 2200 2926 ne-
2313 2870 2536 2940 fuisse.,
2580 2871 2692 2924 nisi
2725 2869 3546 2941 istimihiconjungendiesse
3561 2869 3664 2924 visi
3689 2866 3917 2923 fuissent.

545 2955 759 3018 sciunt,
782 2955 924 3026 quia
949 2953 1152 3010 itidem
1181 2959 1388 3012 tacent.
1420 2956 1850 3028 Hieronymum
1884 2961 2041 3015 enim
2072 2961 2202 3032 jam
2317 2961 2414 3016 Hic
2429 2958 2983 3029 annopostobitum
3009 2959 3244 3014 Macarii
3269 2958 3536 3014 eundem
3564 2958 3623 3013 in
3646 2957 3826 3012 locum
3849 2965 3920 3006 so-

544 3042 766 3133 excipit
785 3043 1146 3133 Gennadius,
1175 3044 1582 3102 testimonium
1598 3047 2014 3118 perhibiturus,
2040 3065 2102 3105 se
2127 3050 2201 3106 de
2239 3078 2279 3133 C
2314 3049 2579 3106 litudinis
2596 3051 2865 3117 accessit,
2897 3055 2954 3104 et
2973 3057 3172 3105 tamen
3201 3049 3585 3105 nihilhorum
3612 3046 3918 3133 scriptorurn

545 3132 641 3188 his
670 3133 932 3189 Macarii
956 3132 1104 3189 nihil
1128 3134 1379 3190 omnino
1407 3151 1517 3190 suo
1542 3140 1808 3208 tempore
1823 3139 2198 3208 cognovisse.
2249 3128 2278 3133 ’
2317 3138 2587 3194 meminit
2608 3139 2665 3193 in
2696 3138 2944 3193 Historia
2976 3138 3280 3201 Lausiaca,
3310 3136 3445 3194 licet
3473 3136 3706 3194 Macarii
3725 3128 3918 3203 egregia

547 3224 660 3278 Nec
687 3221 936 3293 objiciet
966 3222 1122 3294 quis,
1154 3223 1319 3295 quod
1351 3225 1671 3281 Macarium
1701 3226 1852 3282 inter
1884 3228 2203 3299 scriptores
2315 3228 2472 3284 facta
2502 3227 2817 3283 collaudet.
2847 3227 3028 3283 Omisi
3060 3232 3116 3281 et
3135 3226 3428 3284 Joannem
3473 3227 3824 3284 Cassianum,
3845 3215 3916 3288 qui

544 3310 971 3367 ecclesiasticos
1001 3316 1205 3382 ponat.
1241 3312 1390 3369 Illud
1451 3314 1613 3370 enim
1649 3313 1794 3370 nihil
1839 3315 1955 3370 huc
2010 3316 2201 3387 juvat.
2314 3318 2388 3372 de
2435 3316 2710 3372 institutis
2761 3315 3105 3371 monasticis
3147 3315 3416 3370 scribens
3471 3314 3658 3371 multa
3712 3305 3919 3366 celebria

546 3399 868 3456 Videamus
889 3398 1025 3470 ipsa
1055 3399 1343 3458 Gennadii
1382 3401 1457 3457 de
1488 3403 1738 3459 Macario
1781 3405 1987 3461 verba.
2316 3407 2553 3462 Macarii
2583 3405 2740 3461 dicta
2761 3404 3016 3470 aifert,at
3043 3404 3191 3460 haec
3216 3405 3347 3476 ejus
3381 3403 3683 3477 Opuscula
3711 3399 3917 3470 ignorat.

1316 3489 1344 3560 ἕ
1387 3492 1445 3545 V-
2313 3511 2468 3567 quae
2492 3501 2689 3550 tamen
2712 3494 2948 3566 proprie
2979 3493 3056 3549 ad
3089 3509 3267 3548 suum
3282 3494 3586 3550 scribendi
3620 3505 3793 3562 genus
3819 3497 3918 3556 per-

620 3576 928 3633 Macarius
946 3576 1267 3634 monachus
1289 3579 2204 3652 illeAegyptius,signisetvirtu-
2315 3583 2640 3647 tinuissent,
2667 3583 2712 3637 si
2740 3583 3120 3638 exstitissent.
3149 3583 3332 3647 Quin,
3365 3581 3533 3654 quod
3567 3581 3755 3636 adhuc
3775 3571 3915 3630 addo,

551 3666 705 3722 tibus
731 3667 950 3732 clarus,
979 3681 1166 3723 unam
1194 3671 1426 3722 tantum
1445 3670 1671 3736 scripta
1695 3670 1775 3724 ad
1775 3670 2041 3738 juniores
2070 3689 2204 3741 pro-
2319 3678 2538 3728 tacetet
2569 3671 2802 3728 Suidas.
2831 3675 3027 3743 Neque
3046 3672 3204 3725 enim
3230 3671 3288 3725 in
3323 3672 3448 3727 vita
3477 3667 3728 3726 Macarii
3744 3663 3917 3731 scripta

547 3755 1391 3826 fessiouissuaeepistolamdn
1420 3757 1728 3828 quadocet,
1752 3759 1950 3830 [Pag.t
1972 3761 2013 3831 l]
2032 3763 2203 3818 illum
2317 3763 2445 3833 ejus
2477 3761 2595 3816 ulla
2627 3767 2938 3828 memorat,
2967 3761 3069 3814 sed
3093 3761 3398 3831 quaedam
3417 3758 3670 3828 Evagrii,
3689 3744 3915 3821 discipuli

545 3845 1208 3917 per/'ecteposseservire
1231 3846 1475 3917 Deo.qui
1495 3847 1870 3906 conditionem
1893 3851 2202 3907 creationis
2315 3850 2488 3906 illius.
2512 3851 2728 3906 Unicus
2760 3853 2960 3916 restat,
2992 3848 3094 3903 sed
3118 3850 3165 3902 is
3197 3864 3265 3903 ex
3298 3847 3744 3909 recentioribus,
3771 3841 3914 3896 Ιοαη·

547 3949 1067 4005 suaecognoscens
1095 3935 1390 3993 adomnes
1417 3940 1791 4008 semetipsum
1819 3939 2204 3996 inclinaverit
2314 3955 2411 3997 nes
2476 3938 2849 4001 Trithemius,
2918 3938 3018 4008 qui
3075 3938 3396 3992 Macarium
3453 3937 3605 3992 inter
3655 3933 3915 4000 scriptores

551 4024 802 4091 labores,
837 4029 891 4082 et
909 4025 1193 4081 luctando
1225 4030 1403 4097 atque
1431 4027 1538 4083 Dei
1562 4028 1860 4084 auxilium
1887 4030 2204 4088 adversum
2319 4030 2480 4100 [Pag.
2513 4027 2598 4100 i3]
2634 4028 2817 4096 ponit,
2853 4025 3011 4081 nulla
3038 4030 3239 4080 tamen
3268 4026 3400 4096 ejus
3450 4026 3662 4096 scripta
3706 4025 3917 4075 comme'

545 4129 735 4179 omne,
767 4115 927 4185 quod
962 4114 1025 4170 in
1057 4115 1171 4171 hac
1201 4116 1321 4172 vita
1351 4131 1528 4172 suave
1558 4127 1660 4186 est,
1702 4120 2096 4189 explorando,
2125 4121 2206 4176 ad
2318 4116 2705 4184 morat.Quod
2721 4117 2795 4171 ad
2810 4116 3133 4172 Simeonem
3149 4116 3535 4183 Logothetam
3557 4113 3914 4194 attinet,quenl

543 4205 884 4260 naturalem
898 4220 1129 4277 quoque
1151 4205 1503 4274 perveniens
1528 4209 1873 4277 puritatem,
1901 4210 2204 4266 continen-
2316 4209 2544 4264 Caveus
2572 4211 2774 4260 monet
2813 4204 3072 4276 capitula
3101 4205 3277 4259 CLXX
3310 4205 3565 4259 ascetica
3603 4193 3914 4285 metaphrifél

546 4293 688 4349 tiam
716 4294 876 4349 velut
905 4294 1430 4351 naturaedebitum
1453 4312 1670 4352 munus
1697 4298 2038 4353 obtinuerit.
2314 4295 2664 4359 illustrasse,
2697 4294 2809 4350 hoc
2851 4293 3125 4356 sufﬁciat,
3158 4308 3318 4361 eum,
3343 4293 3487 4363 quia
3518 4295 3617 4346 aut
3647 4280 3911 4342 incertisil.

617 4381 738 4445 Hic,
768 4386 832 4436 ut
857 4382 1149 4448 videmus,
1185 4384 1456 4439 meminit
1487 4385 1686 4456 scripti
1714 4385 1967 4456 ali-cujus
2005 4403 2039 4442 a
2069 4386 2204 4442 Ma-
2233 4427 2278 4481 Β
2316 4391 2417 4439 aut
2455 4389 2608 4439 certe
2648 4399 2726 4439 xu
2767 4383 3010 4438 demum
3065 4380 3306 4445 saeculi,
3351 4397 3565 4452 parum
3627 4386 3799 4481 posset
3830 4367 3912 4481 ista:

546 4469 1529 4545 curio,sedepistolam,etquidem
1553 4453 1735 4530 unam
1752 4453 1984 4531 tantum
2004 4476 2198 4547 appel-
2233 4453 2278 4481 υ
2317 4474 2534 4545 scripta
2568 4472 2734 4527 tueri.
2767 4471 2822 4526 Si
2847 4471 2923 4526 ad
2958 4487 3205 4526 manum
3238 4468 3566 4542 aliquando
3609 4468 3729 4537 ipse
3781 4453 3913 4547 inierit

546 4557 650 4613 lat.
678 4558 962 4630 Adeoque
984 4575 1093 4615 nec
1123 4542 1424 4627 Homilias,
1443 4577 1551 4617 nec
1568 4561 1683 4618 alia
1712 4563 2015 4635 Opuscula
2033 4542 2205 4620 audi-
2312 4563 2364 4619 is
2393 4542 2557 4626 liber,
2603 4561 2774 4632 plura
2807 4559 2954 4615 forte
2986 4560 3356 4615 notabimus.
3401 4561 3633 4614 Certum
3681 4562 3805 4617 ergo
3827 4542 3907 4599 θείς

547 4652 712 4703 verat
761 4653 864 4703 aut
907 4649 1157 4704 viderat.
1202 4650 1447 4706 Venitin
1494 4656 1757 4708 mentem
1805 4652 1982 4718 illius,
2037 4653 2203 4724 quod
2314 4655 2448 4708 ante
2476 4649 2784 4705 saeculum
2816 4665 2894 4704 xu
2927 4664 3047 4703 non
3077 4653 3216 4703 nota
3251 4648 3432 4703 fuisse
3491 4641 3818 4703 Macariana.

549 4734 771 4792 Caveas
805 4735 947 4791 Hist.
968 4736 1074 4792 Lit.
1100 4738 1156 4792 P.
1199 4754 1234 4793 ιι
1265 4739 1340 4795 de
1367 4741 1620 4796 Macario
1652 4746 1862 4797 contra
1890 4741 2200 4795 Possinum
3057 4740 3084 4806 §
3126 4737 3219 4791 Vl.

550 4822 778 4889 scribit,
828 4825 933 4896 qui
984 4825 1194 4883 eadem
1238 4827 1312 4883 de
1355 4844 1539 4884 causa
1591 4830 1827 4886 tertium
1881 4829 2199 4886 Macarium
2385 4829 2537 4886 Satis
2567 4844 2705 4898 ergo
2735 4827 2857 4881 suis
2886 4805 3218 4882 rationibus
3249 4824 3605 4883 destituitur,
3665 4820 3720 4870 ut
3745 4805 3905 4900 crede.

546 4894 971 4984 exsculpserat,
999 4916 1164 4987 quod
1195 4917 1624 4974 Gennadiusde
1654 4918 1944 4990 Aegyptio
1964 4923 2198 4975 taceret.
2311 4917 2515 4990 opinio
2543 4894 2891 4988 pervulgata
2920 4915 2994 4970 de
3021 4916 3277 4972 Macarii
3307 4911 3555 4984 scriptis.
3587 4905 3693 4964 Sed
3725 4913 3818 4994 necf

546 4986 1565 5072 Respondet,induain,Caveusita:
1588 4986 2200 5072 «Quid'siGennadius
2313 4986 2678 5079 argumentis
2707 5005 2844 5060 solis
2878 5005 3120 5070 innitor,
3162 5019 3349 5075 quum
3389 5002 3463 5056 de
3495 4986 3906 5079 Ορυεουξίείέηῗ

547 5090 622 5147 de
663 5069 806 5148 solis
847 5095 1078 5150 Macarii
1108 5069 1371 5166 epistolis
1426 5069 1691 5168 loquitur
1720 5095 1747 5150 9
1777 5096 1927 5162 Quid
1978 5096 2027 5150 si
2085 5095 2202 5152 alia
2310 5069 2542 5161 duvbilo,
2578 5094 2813 5149 Addam
2841 5093 3001 5148 aliud
3022 5069 3420 5164 adhuc,quod
3455 5093 3672 5144 tantum
3698 5069 3908 5170 abeslll‘

546 5180 852 5253 scripserit
880 5183 1188 5247 Macarius,
1224 5200 1378 5257 quae
1411 5186 1698 5242 Gennadii
1720 5185 2092 5256 diligentiam
2116 5186 2200 5241 fu-
2311 5185 2644 5247 istiscedat,
2676 5189 2737 5238 ut
2758 5182 3018 5254 pondere
3053 5198 3164 5238 suo
3181 5185 3476 5252 praestare
3505 5168 3904 5258 potius‘optnfl:

548 5247 762 5343 geri—nt,
795 5287 930 5329 cum
959 5288 1079 5330 non
1107 5247 1304 5347 pauca
1351 5274 1467 5331 sint
1508 5275 1748 5348 scripta,
1775 5247 1932 5348 quae
1979 5275 2200 5331 frustra
2313 5273 2542 5332 Scilicet
2577 5247 2773 5328 totam-
2794 5271 3088 5328 scribendi
3111 5247 3420 5333 rationem,
3446 5247 3564 5339 qua
3585 5247 3802 5318 confecti
3829 5247 3901 5298 isti

2133 5463 2384 5521 NOTAE.

626 5643 708 5715 (α)
737 5643 926 5709 Corr.,
963 5642 1262 5701 Semlerus
1297 5642 1476 5702 habet
1505 5646 1558 5700 3.
1587 5644 1741 5699 Emr.
