  <div class='ocr_page' id='page_1' title='image "/cluster/home/n/w/nwhite01/storage/ocr_20150623/34/mdp.39015041165401/148.png"; bbox 0 0 4092 6252; ppageno 0'>
   <div class='ocr_carea' id='block_1_1' title="bbox 252 326 365 382">
    <p class='ocr_par' dir='ltr' id='par_1_1' title="bbox 252 326 365 382">
     <span class='ocr_line' id='line_1_1' title="bbox 252 326 365 382; baseline 0.009 -1"><span class='ocrx_word' id='word_1_1' title='bbox 252 326 365 382; x_wconf 74' lang='grc'>269</span> 
     </span>
    </p>
   </div>
   <div class='ocr_carea' id='block_1_2' title="bbox 1332 313 2618 378">
    <p class='ocr_par' dir='ltr' id='par_1_2' title="bbox 1332 313 2618 378">
     <span class='ocr_line' id='line_1_2' title="bbox 1332 313 2618 378; baseline 0.005 -7"><span class='ocrx_word' id='word_1_2' title='bbox 1332 315 1422 371; x_wconf 86' lang='lat' dir='ltr'>DE</span> <span class='ocrx_word' id='word_1_3' title='bbox 1461 313 1786 370; x_wconf 80' lang='lat' dir='ltr'><strong>SCRIPTIS</strong></span> <span class='ocrx_word' id='word_1_4' title='bbox 1826 313 1883 369; x_wconf 91' lang='lat' dir='ltr'><strong>S.</strong></span> <span class='ocrx_word' id='word_1_5' title='bbox 1926 313 2227 373; x_wconf 81' lang='lat' dir='ltr'><strong>MACABII</strong></span> <span class='ocrx_word' id='word_1_6' title='bbox 2268 318 2618 378; x_wconf 80' lang='lat' dir='ltr'><strong>AEGYPTIL</strong></span> 
     </span>
    </p>
   </div>
   <div class='ocr_carea' id='block_1_3' title="bbox 3555 321 3664 377">
    <p class='ocr_par' dir='ltr' id='par_1_3' title="bbox 3555 321 3664 377">
     <span class='ocr_line' id='line_1_3' title="bbox 3555 321 3664 377; baseline 0 0"><span class='ocrx_word' id='word_1_7' title='bbox 3555 321 3664 377; x_wconf 82' lang='lat'><strong>270</strong></span> 
     </span>
    </p>
   </div>
   <div class='ocr_carea' id='block_1_4' title="bbox 250 438 3674 519">
    <p class='ocr_par' dir='ltr' id='par_1_4' title="bbox 250 438 3674 519">
     <span class='ocr_line' id='line_1_4' title="bbox 250 438 3674 519; baseline -0.001 -12"><span class='ocrx_word' id='word_1_8' title='bbox 250 445 605 512; x_wconf 85' lang='lat' dir='ltr'><strong>suntlibelli,</strong></span> <span class='ocrx_word' id='word_1_9' title='bbox 629 443 886 501; x_wconf 88' lang='lat' dir='ltr'><strong>alienam</strong></span> <span class='ocrx_word' id='word_1_10' title='bbox 911 457 1046 499; x_wconf 88' lang='lat' dir='ltr'><strong>esse</strong></span> <span class='ocrx_word' id='word_1_11' title='bbox 1067 455 1188 497; x_wconf 92' lang='lat' dir='ltr'><strong>non</strong></span> <span class='ocrx_word' id='word_1_12' title='bbox 1211 439 1404 496; x_wconf 90' lang='lat' dir='ltr'><strong>solum</strong></span> <span class='ocrx_word' id='word_1_13' title='bbox 1424 457 1460 496; x_wconf 88' lang='lat' dir='ltr'><strong>a</strong></span> <span class='ocrx_word' id='word_1_14' title='bbox 1481 440 1771 505; x_wconf 80' lang='lat' dir='ltr'><strong>Macario,</strong></span> <span class='ocrx_word' id='word_1_15' title='bbox 1801 438 1905 493; x_wconf 92' lang='lat' dir='ltr'><strong>sed</strong></span> <span class='ocrx_word' id='word_1_16' title='bbox 1939 441 1985 494; x_wconf 83' lang='grc' dir='ltr'>Α</span> <span class='ocrx_word' id='word_1_17' title='bbox 2016 440 2175 498; x_wconf 91' lang='lat' dir='ltr'><strong>idem</strong></span> <span class='ocrx_word' id='word_1_18' title='bbox 2208 444 2491 517; x_wconf 85' lang='lat' dir='ltr'><strong>traditur;</strong></span> <span class='ocrx_word' id='word_1_19' title='bbox 2527 451 2589 502; x_wconf 92' lang='lat' dir='ltr'><strong>ut</strong></span> <span class='ocrx_word' id='word_1_20' title='bbox 2616 446 2755 502; x_wconf 90' lang='lat' dir='ltr'><strong>inde</strong></span> <span class='ocrx_word' id='word_1_21' title='bbox 2804 446 2987 503; x_wconf 81' lang='lat' dir='ltr'><strong>ferme</strong></span> <span class='ocrx_word' id='word_1_22' title='bbox 3026 450 3335 519; x_wconf 83' lang='lat' dir='ltr'><strong>appareat,</strong></span> <span class='ocrx_word' id='word_1_23' title='bbox 3375 449 3674 505; x_wconf 84' lang='lat' dir='ltr'><strong>consacci-</strong></span> 
     </span>
    </p>
   </div>
   <div class='ocr_carea' id='block_1_5' title="bbox 249 526 1906 610">
    <p class='ocr_par' dir='ltr' id='par_1_5' title="bbox 249 526 1906 610">
     <span class='ocr_line' id='line_1_5' title="bbox 249 526 1906 610; baseline -0.008 -15"><span class='ocrx_word' id='word_1_24' title='bbox 249 555 289 596; x_wconf 84' lang='lat' dir='ltr'><strong>a</strong></span> <span class='ocrx_word' id='word_1_25' title='bbox 334 538 543 610; x_wconf 86' lang='lat' dir='ltr'><strong>quovis</strong></span> <span class='ocrx_word' id='word_1_26' title='bbox 573 534 689 590; x_wconf 88' lang='lat' dir='ltr'><strong>alio</strong></span> <span class='ocrx_word' id='word_1_27' title='bbox 720 537 964 589; x_wconf 89' lang='lat' dir='ltr'><strong>auctore</strong></span> <span class='ocrx_word' id='word_1_28' title='bbox 994 530 1311 587; x_wconf 92' lang='lat' dir='ltr'><strong>contendo.</strong></span> <span class='ocrx_word' id='word_1_29' title='bbox 1347 531 1519 586; x_wconf 89' lang='lat' dir='ltr'><strong>Eccui</strong></span> <span class='ocrx_word' id='word_1_30' title='bbox 1550 529 1709 584; x_wconf 89' lang='lat' dir='ltr'><strong>enim</strong></span> <span class='ocrx_word' id='word_1_31' title='bbox 1760 526 1906 584; x_wconf 91' lang='lat' dir='ltr'><strong>illud</strong></span> 
     </span>
    </p>
   </div>
   <div class='ocr_carea' id='block_1_6' title="bbox 245 618 1907 701">
    <p class='ocr_par' dir='ltr' id='par_1_6' title="bbox 245 618 1907 701">
     <span class='ocr_line' id='line_1_6' title="bbox 245 618 1907 701; baseline -0.007 -17"><span class='ocrx_word' id='word_1_32' title='bbox 245 624 555 701; x_wconf 80' lang='lat' dir='ltr'><strong>probabile</strong></span> <span class='ocrx_word' id='word_1_33' title='bbox 604 622 861 687; x_wconf 89' lang='lat' dir='ltr'><strong>videtur,</strong></span> <span class='ocrx_word' id='word_1_34' title='bbox 908 620 986 676; x_wconf 90' lang='lat' dir='ltr'><strong>ab</strong></span> <span class='ocrx_word' id='word_1_35' title='bbox 1033 619 1236 692; x_wconf 89' lang='lat' dir='ltr'><strong>aliquo</strong></span> <span class='ocrx_word' id='word_1_36' title='bbox 1290 624 1531 675; x_wconf 90' lang='lat' dir='ltr'><strong>auctore</strong></span> <span class='ocrx_word' id='word_1_37' title='bbox 1580 618 1672 673; x_wconf 86' lang='lat' dir='ltr'><strong>bis</strong></span> <span class='ocrx_word' id='word_1_38' title='bbox 1717 624 1770 672; x_wconf 94' lang='lat' dir='ltr'><strong>et</strong></span> <span class='ocrx_word' id='word_1_39' title='bbox 1820 623 1907 672; x_wconf 90' lang='lat' dir='ltr'><strong>ter</strong></span> 
     </span>
    </p>
   </div>
   <div class='ocr_carea' id='block_1_7' title="bbox 242 707 1907 782">
    <p class='ocr_par' dir='ltr' id='par_1_7' title="bbox 242 707 1907 782">
     <span class='ocr_line' id='line_1_7' title="bbox 242 707 1907 782; baseline -0.011 -9"><span class='ocrx_word' id='word_1_40' title='bbox 242 716 454 773; x_wconf 85' lang='lat' dir='ltr'><strong>eadem</strong></span> <span class='ocrx_word' id='word_1_41' title='bbox 486 718 544 769; x_wconf 89' lang='lat' dir='ltr'><strong>et</strong></span> <span class='ocrx_word' id='word_1_42' title='bbox 563 712 750 767; x_wconf 87' lang='lat' dir='ltr'><strong>verba</strong></span> <span class='ocrx_word' id='word_1_43' title='bbox 772 709 1142 782; x_wconf 89' lang='lat' dir='ltr'><strong>easdemque</strong></span> <span class='ocrx_word' id='word_1_44' title='bbox 1164 708 1489 764; x_wconf 79' lang='lat' dir='ltr'><strong>sententias</strong></span> <span class='ocrx_word' id='word_1_45' title='bbox 1514 707 1755 762; x_wconf 87' lang='lat' dir='ltr'><strong>diversa</strong></span> <span class='ocrx_word' id='word_1_46' title='bbox 1779 725 1907 758; x_wconf 82' lang='grc' dir='ltr'>συν-</span> 
     </span>
    </p>
   </div>
   <div class='ocr_carea' id='block_1_8' title="bbox 238 795 1906 877">
    <p class='ocr_par' dir='ltr' id='par_1_8' title="bbox 238 795 1906 877">
     <span class='ocr_line' id='line_1_8' title="bbox 238 795 1906 877; baseline -0.005 -19"><span class='ocrx_word' id='word_1_47' title='bbox 238 809 407 877; x_wconf 67' lang='grc' dir='ltr'>αφείᾳ,</span> <span class='ocrx_word' id='word_1_48' title='bbox 424 804 485 858; x_wconf 91' lang='lat' dir='ltr'><strong>in</strong></span> <span class='ocrx_word' id='word_1_49' title='bbox 504 816 697 874; x_wconf 89' lang='lat' dir='ltr'><strong>parva</strong></span> <span class='ocrx_word' id='word_1_50' title='bbox 718 799 1080 870; x_wconf 89' lang='lat' dir='ltr'><strong>scriptorum</strong></span> <span class='ocrx_word' id='word_1_51' title='bbox 1100 796 1274 864; x_wconf 92' lang='lat' dir='ltr'><strong>mole,</strong></span> <span class='ocrx_word' id='word_1_52' title='bbox 1295 812 1404 870; x_wconf 90' lang='lat' dir='ltr'><strong>pro</strong></span> <span class='ocrx_word' id='word_1_53' title='bbox 1430 796 1675 865; x_wconf 77' lang='lat' dir='ltr'><strong>integris</strong></span> <span class='ocrx_word' id='word_1_54' title='bbox 1700 803 1752 851; x_wconf 85' lang='lat' dir='ltr'><strong>et</strong></span> <span class='ocrx_word' id='word_1_55' title='bbox 1775 795 1906 850; x_wconf 89' lang='lat' dir='ltr'><strong>aliis</strong></span> 
     </span>
    </p>
   </div>
   <div class='ocr_carea' id='block_1_9' title="bbox 229 883 1906 965">
    <p class='ocr_par' dir='ltr' id='par_1_9' title="bbox 229 883 1906 965">
     <span class='ocr_line' id='line_1_9' title="bbox 229 883 1906 965; baseline -0.006 -16"><span class='ocrx_word' id='word_1_56' title='bbox 229 890 550 965; x_wconf 86' lang='lat' dir='ltr'><strong>opusculis</strong></span> <span class='ocrx_word' id='word_1_57' title='bbox 580 888 768 959; x_wconf 84' lang='lat' dir='ltr'><strong>repeti</strong></span> <span class='ocrx_word' id='word_1_58' title='bbox 796 892 853 943; x_wconf 89' lang='lat' dir='ltr'><strong>et</strong></span> <span class='ocrx_word' id='word_1_59' title='bbox 877 885 1120 942; x_wconf 85' lang='lat' dir='ltr'><strong>obtrudi</strong></span> <span class='ocrx_word' id='word_1_60' title='bbox 1153 886 1181 942; x_wconf 83' lang='lat'><strong>?</strong></span> <span class='ocrx_word' id='word_1_61' title='bbox 1218 889 1288 941; x_wconf 86' lang='lat' dir='ltr'><strong>At</strong></span> <span class='ocrx_word' id='word_1_62' title='bbox 1317 884 1377 941; x_wconf 89' lang='lat' dir='ltr'><strong>id</strong></span> <span class='ocrx_word' id='word_1_63' title='bbox 1403 883 1790 941; x_wconf 87' lang='lat' dir='ltr'><strong>ostendemus</strong></span> <span class='ocrx_word' id='word_1_64' title='bbox 1824 883 1906 939; x_wconf 90' lang='lat' dir='ltr'><strong>ita</strong></span> 
     </span>
    </p>
   </div>
   <div class='ocr_carea' id='block_1_10' title="bbox 224 973 1904 1043">
    <p class='ocr_par' dir='ltr' id='par_1_10' title="bbox 224 973 1904 1043">
     <span class='ocr_line' id='line_1_10' title="bbox 224 973 1904 1043; baseline -0.007 -6"><span class='ocrx_word' id='word_1_65' title='bbox 224 982 287 1037; x_wconf 88' lang='lat' dir='ltr'><strong>in</strong></span> <span class='ocrx_word' id='word_1_66' title='bbox 320 981 421 1037; x_wconf 89' lang='lat' dir='ltr'><strong>his</strong></span> <span class='ocrx_word' id='word_1_67' title='bbox 460 977 697 1037; x_wconf 78' lang='lat' dir='ltr'><strong>Macarii</strong></span> <span class='ocrx_word' id='word_1_68' title='bbox 728 991 884 1043; x_wconf 88' lang='lat' dir='ltr'><strong>esse,</strong></span> <span class='ocrx_word' id='word_1_69' title='bbox 916 976 999 1031; x_wconf 90' lang='lat' dir='ltr'><strong>ita</strong></span> <span class='ocrx_word' id='word_1_70' title='bbox 1037 979 1260 1040; x_wconf 88' lang='lat' dir='ltr'><strong>tamen,</strong></span> <span class='ocrx_word' id='word_1_71' title='bbox 1297 978 1357 1030; x_wconf 94' lang='lat' dir='ltr'><strong>ut</strong></span> <span class='ocrx_word' id='word_1_72' title='bbox 1400 973 1578 1030; x_wconf 90' lang='lat' dir='ltr'><strong>simul</strong></span> <span class='ocrx_word' id='word_1_73' title='bbox 1623 988 1904 1029; x_wconf 85' lang='lat' dir='ltr'><strong>nonnun-</strong></span> 
     </span>
    </p>
   </div>
   <div class='ocr_carea' id='block_1_11' title="bbox 222 1068 1906 1144">
    <p class='ocr_par' dir='ltr' id='par_1_11' title="bbox 222 1068 1906 1144">
     <span class='ocr_line' id='line_1_11' title="bbox 222 1068 1906 1144; baseline -0.005 -17"><span class='ocrx_word' id='word_1_74' title='bbox 222 1086 425 1144; x_wconf 88' lang='lat' dir='ltr'><strong>quam</strong></span> <span class='ocrx_word' id='word_1_75' title='bbox 454 1068 575 1125; x_wconf 87' lang='lat' dir='ltr'><strong>atia</strong></span> <span class='ocrx_word' id='word_1_76' title='bbox 594 1080 864 1140; x_wconf 90' lang='lat' dir='ltr'><strong>quoque,</strong></span> <span class='ocrx_word' id='word_1_77' title='bbox 888 1078 1086 1136; x_wconf 87' lang='lat' dir='ltr'><strong>pauca</strong></span> <span class='ocrx_word' id='word_1_78' title='bbox 1113 1068 1313 1119; x_wconf 88' lang='lat' dir='ltr'><strong>tamen</strong></span> <span class='ocrx_word' id='word_1_79' title='bbox 1344 1078 1721 1127; x_wconf 88' lang='lat' dir='ltr'><strong>moneamus,</strong></span> <span class='ocrx_word' id='word_1_80' title='bbox 1750 1077 1906 1134; x_wconf 90' lang='lat' dir='ltr'><strong>quae</strong></span> 
     </span>
    </p>
   </div>
   <div class='ocr_carea' id='block_1_12' title="bbox 224 1151 1907 1225">
    <p class='ocr_par' dir='ltr' id='par_1_12' title="bbox 224 1151 1907 1225">
     <span class='ocr_line' id='line_1_12' title="bbox 224 1151 1907 1225; baseline -0.007 -9"><span class='ocrx_word' id='word_1_81' title='bbox 224 1160 312 1216; x_wconf 87' lang='lat' dir='ltr'><strong>ad</strong></span> <span class='ocrx_word' id='word_1_82' title='bbox 344 1158 657 1214; x_wconf 84' lang='lat' dir='ltr'><strong>diversam</strong></span> <span class='ocrx_word' id='word_1_83' title='bbox 682 1155 1043 1225; x_wconf 86' lang='lat' dir='ltr'><strong>scripturam</strong></span> <span class='ocrx_word' id='word_1_84' title='bbox 1070 1158 1125 1208; x_wconf 91' lang='lat' dir='ltr'><strong>et</strong></span> <span class='ocrx_word' id='word_1_85' title='bbox 1164 1151 1476 1209; x_wconf 88' lang='lat' dir='ltr'><strong>lectionem</strong></span> <span class='ocrx_word' id='word_1_86' title='bbox 1506 1152 1798 1224; x_wconf 86' lang='lat' dir='ltr'><strong>pertinere</strong></span> <span class='ocrx_word' id='word_1_87' title='bbox 1827 1151 1907 1206; x_wconf 90' lang='lat' dir='ltr'><strong>vi-</strong></span> 
     </span>
    </p>
   </div>
   <div class='ocr_carea' id='block_1_13' title="bbox 230 1247 565 1305">
    <p class='ocr_par' dir='ltr' id='par_1_13' title="bbox 230 1247 565 1305">
     <span class='ocr_line' id='line_1_13' title="bbox 230 1247 565 1305; baseline -0.009 0"><span class='ocrx_word' id='word_1_88' title='bbox 230 1247 565 1305; x_wconf 86' lang='lat' dir='ltr'><strong>debuntur.</strong></span> 
     </span>
    </p>
   </div>
   <div class='ocr_carea' id='block_1_14' title="bbox 991 1332 1164 1396">
    <p class='ocr_par' dir='ltr' id='par_1_14' title="bbox 991 1332 1164 1396">
     <span class='ocr_line' id='line_1_14' title="bbox 991 1332 1164 1396; baseline -0.012 -9"><span class='ocrx_word' id='word_1_89' title='bbox 991 1333 1016 1396; x_wconf 71' lang='grc' dir='ltr'><strong>ς</strong></span> <span class='ocrx_word' id='word_1_90' title='bbox 1052 1332 1164 1386; x_wconf 82' lang='lat' dir='ltr'><strong>VII.</strong></span> 
     </span>
    </p>
   </div>
   <div class='ocr_carea' id='block_1_15' title="bbox 307 1418 1904 1495">
    <p class='ocr_par' dir='ltr' id='par_1_15' title="bbox 307 1418 1904 1495">
     <span class='ocr_line' id='line_1_15' title="bbox 307 1418 1904 1495; baseline -0.005 -14"><span class='ocrx_word' id='word_1_91' title='bbox 307 1423 582 1495; x_wconf 80' lang='lat' dir='ltr'><strong>Exempli</strong></span> <span class='ocrx_word' id='word_1_92' title='bbox 612 1422 747 1479; x_wconf 92' lang='lat' dir='ltr'><strong>loco</strong></span> <span class='ocrx_word' id='word_1_93' title='bbox 790 1436 1169 1493; x_wconf 88' lang='lat' dir='ltr'><strong>apponemus</strong></span> <span class='ocrx_word' id='word_1_94' title='bbox 1221 1436 1311 1485; x_wconf 91' lang='lat' dir='ltr'><strong>ea,</strong></span> <span class='ocrx_word' id='word_1_95' title='bbox 1357 1434 1514 1492; x_wconf 91' lang='lat' dir='ltr'><strong>quae</strong></span> <span class='ocrx_word' id='word_1_96' title='bbox 1552 1418 1627 1473; x_wconf 89' lang='lat' dir='ltr'><strong>de</strong></span> <span class='ocrx_word' id='word_1_97' title='bbox 1666 1434 1800 1488; x_wconf 88' lang='lat' dir='ltr'><strong>cap.</strong></span> <span class='ocrx_word' id='word_1_98' title='bbox 1838 1418 1904 1473; x_wconf 80' lang='grc'>13</span> 
     </span>
    </p>
   </div>
   <div class='ocr_carea' id='block_1_16' title="bbox 232 1508 1905 1586">
    <p class='ocr_par' dir='ltr' id='par_1_16' title="bbox 232 1508 1905 1586">
     <span class='ocr_line' id='line_1_16' title="bbox 232 1508 1905 1586; baseline -0.006 -14"><span class='ocrx_word' id='word_1_99' title='bbox 232 1513 531 1586; x_wconf 81' lang='lat' dir='ltr'><strong>Opusculi</strong></span> <span class='ocrx_word' id='word_1_100' title='bbox 573 1512 646 1568; x_wconf 88' lang='lat' dir='ltr'><strong>de</strong></span> <span class='ocrx_word' id='word_1_101' title='bbox 679 1511 961 1567; x_wconf 78' lang='lat' dir='ltr'><strong>Custodia</strong></span> <span class='ocrx_word' id='word_1_102' title='bbox 1001 1509 1198 1567; x_wconf 80' lang='lat' dir='ltr'><strong>cordis</strong></span> <span class='ocrx_word' id='word_1_103' title='bbox 1237 1526 1295 1579; x_wconf 90' lang='lat' dir='ltr'><strong>p.</strong></span> <span class='ocrx_word' id='word_1_104' title='bbox 1334 1513 1401 1563; x_wconf 89' lang='grc'><strong>22</strong></span> <span class='ocrx_word' id='word_1_105' title='bbox 1435 1509 1577 1563; x_wconf 90' lang='lat' dir='ltr'><strong>edit.</strong></span> <span class='ocrx_word' id='word_1_106' title='bbox 1619 1508 1905 1563; x_wconf 88' lang='lat' dir='ltr'><strong>Pritianae</strong></span> 
     </span>
    </p>
   </div>
   <div class='ocr_carea' id='block_1_17' title="bbox 234 1598 1905 1674">
    <p class='ocr_par' dir='ltr' id='par_1_17' title="bbox 234 1598 1905 1674">
     <span class='ocr_line' id='line_1_17' title="bbox 234 1598 1905 1674; baseline -0.005 -16"><span class='ocrx_word' id='word_1_107' title='bbox 234 1602 413 1674; x_wconf 76' lang='lat' dir='ltr'><strong>[Pag.</strong></span> <span class='ocrx_word' id='word_1_108' title='bbox 447 1602 539 1674; x_wconf 62' lang='lat' dir='ltr'><strong>t4]</strong></span> <span class='ocrx_word' id='word_1_109' title='bbox 575 1601 934 1656; x_wconf 83' lang='lat' dir='ltr'><strong>notavimus.</strong></span> <span class='ocrx_word' id='word_1_110' title='bbox 969 1599 1047 1654; x_wconf 83' lang='lat' dir='ltr'><strong>Ex</strong></span> <span class='ocrx_word' id='word_1_111' title='bbox 1078 1600 1192 1653; x_wconf 92' lang='lat' dir='ltr'><strong>isto</strong></span> <span class='ocrx_word' id='word_1_112' title='bbox 1228 1599 1457 1665; x_wconf 87' lang='lat' dir='ltr'><strong>integra</strong></span> <span class='ocrx_word' id='word_1_113' title='bbox 1489 1598 1739 1653; x_wconf 86' lang='lat' dir='ltr'><strong>Homilia</strong></span> <span class='ocrx_word' id='word_1_114' title='bbox 1767 1612 1905 1651; x_wconf 81' lang='lat' dir='ltr'><strong>con—</strong></span> 
     </span>
    </p>
   </div>
   <div class='ocr_carea' id='block_1_18' title="bbox 238 1686 1906 1752">
    <p class='ocr_par' dir='ltr' id='par_1_18' title="bbox 238 1686 1906 1752">
     <span class='ocr_line' id='line_1_18' title="bbox 238 1686 1906 1752; baseline -0.004 -5"><span class='ocrx_word' id='word_1_115' title='bbox 238 1690 404 1747; x_wconf 75' lang='lat' dir='ltr'><strong>tecta</strong></span> <span class='ocrx_word' id='word_1_116' title='bbox 451 1697 564 1749; x_wconf 86' lang='lat' dir='ltr'><strong>est.</strong></span> <span class='ocrx_word' id='word_1_117' title='bbox 596 1688 805 1743; x_wconf 88' lang='lat' dir='ltr'><strong>iisdem</strong></span> <span class='ocrx_word' id='word_1_118' title='bbox 846 1688 1037 1744; x_wconf 86' lang='lat' dir='ltr'><strong>verbis</strong></span> <span class='ocrx_word' id='word_1_119' title='bbox 1077 1694 1131 1742; x_wconf 93' lang='lat' dir='ltr'><strong>et</strong></span> <span class='ocrx_word' id='word_1_120' title='bbox 1173 1686 1497 1752; x_wconf 86' lang='lat' dir='ltr'><strong>sententiis,</strong></span> <span class='ocrx_word' id='word_1_121' title='bbox 1530 1699 1658 1742; x_wconf 69' lang='lat' dir='ltr'><strong>xxxa</strong></span> <span class='ocrx_word' id='word_1_122' title='bbox 1687 1686 1906 1742; x_wconf 89' lang='lat' dir='ltr'><strong>scilicet</strong></span> 
     </span>
    </p>
   </div>
   <div class='ocr_carea' id='block_1_19' title="bbox 2018 532 3671 602">
    <p class='ocr_par' dir='ltr' id='par_1_19' title="bbox 2018 532 3671 602">
     <span class='ocr_line' id='line_1_19' title="bbox 2018 532 3671 602; baseline 0.004 -17"><span class='ocrx_word' id='word_1_123' title='bbox 2018 537 2159 587; x_wconf 90' lang='lat' dir='ltr'><strong>nata</strong></span> <span class='ocrx_word' id='word_1_124' title='bbox 2188 532 2429 589; x_wconf 90' lang='lat' dir='ltr'><strong>aliunde</strong></span> <span class='ocrx_word' id='word_1_125' title='bbox 2457 534 2607 591; x_wconf 89' lang='lat' dir='ltr'><strong>haec</strong></span> <span class='ocrx_word' id='word_1_126' title='bbox 2633 552 2781 591; x_wconf 90' lang='lat' dir='ltr'><strong>esse.</strong></span> <span class='ocrx_word' id='word_1_127' title='bbox 2830 535 2998 602; x_wconf 86' lang='lat' dir='ltr'><strong>Quod</strong></span> <span class='ocrx_word' id='word_1_128' title='bbox 3031 551 3172 590; x_wconf 90' lang='lat' dir='ltr'><strong>vero</strong></span> <span class='ocrx_word' id='word_1_129' title='bbox 3217 535 3294 591; x_wconf 90' lang='lat' dir='ltr'><strong>ad</strong></span> <span class='ocrx_word' id='word_1_130' title='bbox 3324 535 3671 592; x_wconf 83' lang='lat' dir='ltr'><strong>varietatem</strong></span> 
     </span>
    </p>
   </div>
   <div class='ocr_carea' id='block_1_20' title="bbox 2017 620 3671 696">
    <p class='ocr_par' dir='ltr' id='par_1_20' title="bbox 2017 620 3671 696">
     <span class='ocr_line' id='line_1_20' title="bbox 2017 620 3671 696; baseline 0.003 -22"><span class='ocrx_word' id='word_1_131' title='bbox 2017 620 2342 691; x_wconf 89' lang='lat' dir='ltr'><strong>scripturae</strong></span> <span class='ocrx_word' id='word_1_132' title='bbox 2370 623 2684 679; x_wconf 88' lang='lat' dir='ltr'><strong>allatorum</strong></span> <span class='ocrx_word' id='word_1_133' title='bbox 2718 625 3033 680; x_wconf 88' lang='lat' dir='ltr'><strong>verborum</strong></span> <span class='ocrx_word' id='word_1_134' title='bbox 3064 640 3242 692; x_wconf 88' lang='lat' dir='ltr'><strong>porro</strong></span> <span class='ocrx_word' id='word_1_135' title='bbox 3274 625 3499 691; x_wconf 86' lang='lat' dir='ltr'><strong>attinet,</strong></span> <span class='ocrx_word' id='word_1_136' title='bbox 3531 639 3671 696; x_wconf 90' lang='lat' dir='ltr'><strong>pos-</strong></span> 
     </span>
    </p>
   </div>
   <div class='ocr_carea' id='block_1_21' title="bbox 2017 709 3672 787">
    <p class='ocr_par' dir='ltr' id='par_1_21' title="bbox 2017 709 3672 787">
     <span class='ocr_line' id='line_1_21' title="bbox 2017 709 3672 787; baseline 0.002 -25"><span class='ocrx_word' id='word_1_137' title='bbox 2017 709 2135 764; x_wconf 88' lang='lat' dir='ltr'><strong>sint</strong></span> <span class='ocrx_word' id='word_1_138' title='bbox 2173 711 2286 766; x_wconf 90' lang='lat' dir='ltr'><strong>ista</strong></span> <span class='ocrx_word' id='word_1_139' title='bbox 2316 714 2638 783; x_wconf 90' lang='lat' dir='ltr'><strong>conjuncta</strong></span> <span class='ocrx_word' id='word_1_140' title='bbox 2686 713 2869 770; x_wconf 84' lang='lat' dir='ltr'><strong>fuisse</strong></span> <span class='ocrx_word' id='word_1_141' title='bbox 2905 713 3089 769; x_wconf 92' lang='lat' dir='ltr'><strong>videri</strong></span> <span class='ocrx_word' id='word_1_142' title='bbox 3125 731 3138 769; x_wconf 90' lang='lat'><strong>:</strong></span> <span class='ocrx_word' id='word_1_143' title='bbox 3172 718 3261 766; x_wconf 85' lang='grc' dir='ltr'>καὶ</span> <span class='ocrx_word' id='word_1_144' title='bbox 3308 717 3379 787; x_wconf 80' lang='grc' dir='ltr'><strong>μὴ</strong></span> <span class='ocrx_word' id='word_1_145' title='bbox 3413 712 3672 785; x_wconf 71' lang='grc' dir='ltr'>ἀπογινώ-</span> 
     </span>
    </p>
   </div>
   <div class='ocr_carea' id='block_1_22' title="bbox 2018 798 3673 876">
    <p class='ocr_par' dir='ltr' id='par_1_22' title="bbox 2018 798 3673 876">
     <span class='ocr_line' id='line_1_22' title="bbox 2018 798 3673 876; baseline 0.005 -26"><span class='ocrx_word' id='word_1_146' title='bbox 2018 817 2180 865; x_wconf 75' lang='grc' dir='ltr'>σκειν,</span> <span class='ocrx_word' id='word_1_147' title='bbox 2208 798 2317 851; x_wconf 76' lang='grc' dir='ltr'>ἀλλ’</span> <span class='ocrx_word' id='word_1_148' title='bbox 2364 801 2412 853; x_wconf 75' lang='grc' dir='ltr'>ἐν</span> <span class='ocrx_word' id='word_1_149' title='bbox 2455 807 2631 855; x_wconf 80' lang='grc' dir='ltr'><strong>πίστει</strong></span> <span class='ocrx_word' id='word_1_150' title='bbox 2660 808 2794 868; x_wconf 89' lang='lat' dir='ltr'><strong>cet.,</strong></span> <span class='ocrx_word' id='word_1_151' title='bbox 2845 808 2947 860; x_wconf 88' lang='lat' dir='ltr'><strong>aut</strong></span> <span class='ocrx_word' id='word_1_152' title='bbox 2974 802 3145 859; x_wconf 86' lang='lat' dir='ltr'><strong>facile</strong></span> <span class='ocrx_word' id='word_1_153' title='bbox 3198 803 3275 859; x_wconf 92' lang='lat' dir='ltr'><strong>ab</strong></span> <span class='ocrx_word' id='word_1_154' title='bbox 3320 803 3524 876; x_wconf 87' lang='lat' dir='ltr'><strong>aliquo</strong></span> <span class='ocrx_word' id='word_1_155' title='bbox 3568 802 3673 859; x_wconf 90' lang='lat' dir='ltr'><strong>ad-</strong></span> 
     </span>
    </p>
   </div>
   <div class='ocr_carea' id='block_1_23' title="bbox 2017 885 3671 963">
    <p class='ocr_par' dir='ltr' id='par_1_23' title="bbox 2017 885 3671 963">
     <span class='ocr_line' id='line_1_23' title="bbox 2017 885 3671 963; baseline 0.004 -22"><span class='ocrx_word' id='word_1_156' title='bbox 2017 885 2140 942; x_wconf 92' lang='lat' dir='ltr'><strong>dita</strong></span> <span class='ocrx_word' id='word_1_157' title='bbox 2160 894 2314 943; x_wconf 89' lang='lat' dir='ltr'><strong>sunt.</strong></span> <span class='ocrx_word' id='word_1_158' title='bbox 2346 891 2545 961; x_wconf 87' lang='lat' dir='ltr'><strong>Neque</strong></span> <span class='ocrx_word' id='word_1_159' title='bbox 2567 892 2726 945; x_wconf 88' lang='lat' dir='ltr'><strong>enim</strong></span> <span class='ocrx_word' id='word_1_160' title='bbox 2750 889 2979 959; x_wconf 91' lang='lat' dir='ltr'><strong>dubito,</strong></span> <span class='ocrx_word' id='word_1_161' title='bbox 3002 891 3166 963; x_wconf 92' lang='lat' dir='ltr'><strong>quod</strong></span> <span class='ocrx_word' id='word_1_162' title='bbox 3191 907 3263 946; x_wconf 90' lang='lat' dir='ltr'><strong>ex</strong></span> <span class='ocrx_word' id='word_1_163' title='bbox 3281 890 3671 963; x_wconf 86' lang='lat' dir='ltr'><strong>sequentibus</strong></span> 
     </span>
    </p>
   </div>
   <div class='ocr_carea' id='block_1_24' title="bbox 2017 977 3673 1052">
    <p class='ocr_par' dir='ltr' id='par_1_24' title="bbox 2017 977 3673 1052">
     <span class='ocr_line' id='line_1_24' title="bbox 2017 977 3673 1052; baseline 0.003 -22"><span class='ocrx_word' id='word_1_164' title='bbox 2017 977 2331 1047; x_wconf 88' lang='lat' dir='ltr'><strong>apparebit</strong></span> <span class='ocrx_word' id='word_1_165' title='bbox 2353 978 2584 1045; x_wconf 90' lang='lat' dir='ltr'><strong>melius,</strong></span> <span class='ocrx_word' id='word_1_166' title='bbox 2607 980 2875 1035; x_wconf 89' lang='lat' dir='ltr'><strong>diversos</strong></span> <span class='ocrx_word' id='word_1_167' title='bbox 2901 979 3102 1043; x_wconf 85' lang='lat' dir='ltr'><strong>fuisse,</strong></span> <span class='ocrx_word' id='word_1_168' title='bbox 3126 980 3228 1052; x_wconf 86' lang='lat' dir='ltr'><strong>qui</strong></span> <span class='ocrx_word' id='word_1_169' title='bbox 3253 981 3365 1036; x_wconf 92' lang='lat' dir='ltr'><strong>ista</strong></span> <span class='ocrx_word' id='word_1_170' title='bbox 3387 995 3459 1036; x_wconf 91' lang='lat' dir='ltr'><strong>ex</strong></span> <span class='ocrx_word' id='word_1_171' title='bbox 3480 980 3673 1036; x_wconf 83' lang='lat' dir='ltr'><strong>diver-</strong></span> 
     </span>
    </p>
   </div>
   <div class='ocr_carea' id='block_1_25' title="bbox 2019 1065 3671 1139">
    <p class='ocr_par' dir='ltr' id='par_1_25' title="bbox 2019 1065 3671 1139">
     <span class='ocr_line' id='line_1_25' title="bbox 2019 1065 3671 1139; baseline 0.003 -19"><span class='ocrx_word' id='word_1_172' title='bbox 2019 1067 2099 1121; x_wconf 85' lang='lat' dir='ltr'><strong>sis</strong></span> <span class='ocrx_word' id='word_1_173' title='bbox 2120 1065 2250 1121; x_wconf 87' lang='lat' dir='ltr'><strong>aliis</strong></span> <span class='ocrx_word' id='word_1_174' title='bbox 2274 1068 2696 1138; x_wconf 84' lang='lat' dir='ltr'><strong>congesserint.</strong></span> <span class='ocrx_word' id='word_1_175' title='bbox 2730 1068 2841 1125; x_wconf 94' lang='lat' dir='ltr'><strong>Sed</strong></span> <span class='ocrx_word' id='word_1_176' title='bbox 2865 1068 2960 1123; x_wconf 82' lang='lat' dir='ltr'><strong>vix</strong></span> <span class='ocrx_word' id='word_1_177' title='bbox 2983 1068 3239 1138; x_wconf 90' lang='lat' dir='ltr'><strong>placent,</strong></span> <span class='ocrx_word' id='word_1_178' title='bbox 3267 1084 3423 1139; x_wconf 86' lang='lat' dir='ltr'><strong>quae</strong></span> <span class='ocrx_word' id='word_1_179' title='bbox 3446 1068 3671 1126; x_wconf 88' lang='lat' dir='ltr'><strong>ibidem</strong></span> 
     </span>
    </p>
   </div>
   <div class='ocr_carea' id='block_1_26' title="bbox 2018 1158 3673 1229">
    <p class='ocr_par' dir='ltr' id='par_1_26' title="bbox 2018 1158 3673 1229">
     <span class='ocr_line' id='line_1_26' title="bbox 2018 1158 3673 1229; baseline -0.001 -19"><span class='ocrx_word' id='word_1_180' title='bbox 2018 1160 2200 1210; x_wconf 87' lang='lat' dir='ltr'><strong>sunt:</strong></span> <span class='ocrx_word' id='word_1_181' title='bbox 2248 1159 2334 1208; x_wconf 84' lang='grc' dir='ltr'>τὸν</span> <span class='ocrx_word' id='word_1_182' title='bbox 2377 1161 2570 1209; x_wconf 84' lang='grc' dir='ltr'>σκοπὸν</span> <span class='ocrx_word' id='word_1_183' title='bbox 2627 1164 2719 1210; x_wconf 83' lang='grc' dir='ltr'>τοῦ</span> <span class='ocrx_word' id='word_1_184' title='bbox 2770 1161 2884 1221; x_wconf 86' lang='grc' dir='ltr'>νοὸς</span> <span class='ocrx_word' id='word_1_185' title='bbox 2936 1158 3097 1210; x_wconf 76' lang='grc' dir='ltr'>αὐτοῦ</span> <span class='ocrx_word' id='word_1_186' title='bbox 3154 1158 3223 1219; x_wconf 81' lang='grc' dir='ltr'><strong>εἰς</strong></span> <span class='ocrx_word' id='word_1_187' title='bbox 3275 1165 3424 1211; x_wconf 86' lang='grc' dir='ltr'>τοῦτο</span> <span class='ocrx_word' id='word_1_188' title='bbox 3480 1160 3673 1229; x_wconf 85' lang='grc' dir='ltr'>ἔχοντα</span> 
     </span>
    </p>
   </div>
   <div class='ocr_carea' id='block_1_27' title="bbox 2018 1239 3674 1318">
    <p class='ocr_par' dir='ltr' id='par_1_27' title="bbox 2018 1239 3674 1318">
     <span class='ocr_line' id='line_1_27' title="bbox 2018 1239 3674 1318; baseline 0.005 -23"><span class='ocrx_word' id='word_1_189' title='bbox 2018 1239 2113 1296; x_wconf 83' lang='grc' dir='ltr'>διὰ</span> <span class='ocrx_word' id='word_1_190' title='bbox 2142 1249 2347 1306; x_wconf 80' lang='grc' dir='ltr'>παντὸς.</span> <span class='ocrx_word' id='word_1_191' title='bbox 2401 1248 2601 1317; x_wconf 90' lang='lat' dir='ltr'><strong>Neque</strong></span> <span class='ocrx_word' id='word_1_192' title='bbox 2640 1246 2803 1303; x_wconf 90' lang='lat' dir='ltr'><strong>enim</strong></span> <span class='ocrx_word' id='word_1_193' title='bbox 2842 1246 2992 1302; x_wconf 91' lang='lat' dir='ltr'><strong>scire</strong></span> <span class='ocrx_word' id='word_1_194' title='bbox 3047 1245 3214 1302; x_wconf 85' lang='lat' dir='ltr'><strong>facile</strong></span> <span class='ocrx_word' id='word_1_195' title='bbox 3240 1251 3350 1317; x_wconf 90' lang='lat' dir='ltr'><strong>est,</strong></span> <span class='ocrx_word' id='word_1_196' title='bbox 3384 1246 3531 1318; x_wconf 89' lang='lat' dir='ltr'><strong>quid</strong></span> <span class='ocrx_word' id='word_1_197' title='bbox 3562 1246 3674 1303; x_wconf 85' lang='lat' dir='ltr'><strong>ista</strong></span> 
     </span>
    </p>
   </div>
   <div class='ocr_carea' id='block_1_28' title="bbox 2018 1332 3668 1407">
    <p class='ocr_par' dir='ltr' id='par_1_28' title="bbox 2018 1332 3668 1407">
     <span class='ocr_line' id='line_1_28' title="bbox 2018 1332 3668 1407; baseline 0.001 -20"><span class='ocrx_word' id='word_1_198' title='bbox 2018 1332 2373 1402; x_wconf 85' lang='lat' dir='ltr'><strong>signiﬁcent.</strong></span> <span class='ocrx_word' id='word_1_199' title='bbox 2408 1336 2473 1390; x_wconf 87' lang='lat' dir='ltr'><strong>Et</strong></span> <span class='ocrx_word' id='word_1_200' title='bbox 2503 1351 2641 1389; x_wconf 90' lang='lat' dir='ltr'><strong>cum</strong></span> <span class='ocrx_word' id='word_1_201' title='bbox 2681 1350 2801 1391; x_wconf 92' lang='lat' dir='ltr'><strong>non</strong></span> <span class='ocrx_word' id='word_1_202' title='bbox 2830 1335 2912 1391; x_wconf 90' lang='lat' dir='ltr'><strong>ita</strong></span> <span class='ocrx_word' id='word_1_203' title='bbox 2944 1335 3131 1390; x_wconf 91' lang='lat' dir='ltr'><strong>multo</strong></span> <span class='ocrx_word' id='word_1_204' title='bbox 3169 1339 3309 1406; x_wconf 90' lang='lat' dir='ltr'><strong>post</strong></span> <span class='ocrx_word' id='word_1_205' title='bbox 3337 1339 3621 1407; x_wconf 87' lang='lat' dir='ltr'><strong>sequatur</strong></span> <span class='ocrx_word' id='word_1_206' title='bbox 3652 1350 3668 1388; x_wconf 90' lang='lat'><strong>:</strong></span> 
     </span>
    </p>
   </div>
   <div class='ocr_carea' id='block_1_29' title="bbox 2016 1422 3674 1498">
    <p class='ocr_par' dir='ltr' id='par_1_29' title="bbox 2016 1422 3674 1498">
     <span class='ocr_line' id='line_1_29' title="bbox 2016 1422 3674 1498; baseline 0.001 -25"><span class='ocrx_word' id='word_1_207' title='bbox 2016 1425 2168 1489; x_wconf 83' lang='grc' dir='ltr'>μόνον</span> <span class='ocrx_word' id='word_1_208' title='bbox 2233 1426 2320 1475; x_wconf 87' lang='grc' dir='ltr'>τὸν</span> <span class='ocrx_word' id='word_1_209' title='bbox 2376 1426 2568 1498; x_wconf 82' lang='grc' dir='ltr'>Χύριον</span> <span class='ocrx_word' id='word_1_210' title='bbox 2618 1422 2697 1477; x_wconf 78' lang='grc' dir='ltr'><strong>ἀεὶ</strong></span> <span class='ocrx_word' id='word_1_211' title='bbox 2756 1427 2857 1496; x_wconf 90' lang='grc' dir='ltr'>πρὸ</span> <span class='ocrx_word' id='word_1_212' title='bbox 2912 1423 3187 1495; x_wconf 76' lang='grc' dir='ltr'>ὀφθαλμῶν</span> <span class='ocrx_word' id='word_1_213' title='bbox 3245 1425 3385 1495; x_wconf 82' lang='grc' dir='ltr'>ἔχειν</span> <span class='ocrx_word' id='word_1_214' title='bbox 3442 1427 3532 1475; x_wconf 81' lang='grc' dir='ltr'>καὶ</span> <span class='ocrx_word' id='word_1_215' title='bbox 3582 1424 3674 1485; x_wconf 83' lang='grc' dir='ltr'><strong>τὰς</strong></span> 
     </span>
    </p>
   </div>
   <div class='ocr_carea' id='block_1_30' title="bbox 2016 1511 3672 1586">
    <p class='ocr_par' dir='ltr' id='par_1_30' title="bbox 2016 1511 3672 1586">
     <span class='ocr_line' id='line_1_30' title="bbox 2016 1511 3672 1586; baseline 0.001 -23"><span class='ocrx_word' id='word_1_216' title='bbox 2016 1511 2220 1574; x_wconf 77' lang='grc' dir='ltr'>ἐντολὰς</span> <span class='ocrx_word' id='word_1_217' title='bbox 2244 1512 2424 1578; x_wconf 76' lang='grc' dir='ltr'>αὐτοῦ,</span> <span class='ocrx_word' id='word_1_218' title='bbox 2458 1529 2671 1586; x_wconf 85' lang='lat' dir='ltr'><strong>parum</strong></span> <span class='ocrx_word' id='word_1_219' title='bbox 2714 1512 2883 1569; x_wconf 91' lang='lat' dir='ltr'><strong>abest</strong></span> <span class='ocrx_word' id='word_1_220' title='bbox 2920 1514 3063 1585; x_wconf 91' lang='lat' dir='ltr'><strong>quin</strong></span> <span class='ocrx_word' id='word_1_221' title='bbox 3097 1513 3285 1581; x_wconf 80' lang='lat' dir='ltr'><strong>legam</strong></span> <span class='ocrx_word' id='word_1_222' title='bbox 3324 1515 3447 1568; x_wconf 76' lang='grc' dir='ltr'>ετόν</span> <span class='ocrx_word' id='word_1_223' title='bbox 3476 1531 3529 1565; x_wconf 88' lang='grc' dir='ltr'><strong>τε</strong></span> <span class='ocrx_word' id='word_1_224' title='bbox 3552 1530 3672 1565; x_wconf 84' lang='grc' dir='ltr'>σκο-</span> 
     </span>
    </p>
   </div>
   <div class='ocr_carea' id='block_1_31' title="bbox 2014 1597 3676 1675">
    <p class='ocr_par' dir='ltr' id='par_1_31' title="bbox 2014 1597 3676 1675">
     <span class='ocr_line' id='line_1_31' title="bbox 2014 1597 3676 1675; baseline 0 -22"><span class='ocrx_word' id='word_1_225' title='bbox 2014 1604 2109 1653; x_wconf 82' lang='grc' dir='ltr'>πὸν</span> <span class='ocrx_word' id='word_1_226' title='bbox 2154 1609 2245 1653; x_wconf 82' lang='grc' dir='ltr'>τοῦ</span> <span class='ocrx_word' id='word_1_227' title='bbox 2288 1604 2401 1663; x_wconf 85' lang='grc' dir='ltr'>νοὸς</span> <span class='ocrx_word' id='word_1_228' title='bbox 2445 1602 2605 1654; x_wconf 71' lang='grc' dir='ltr'>αὐτοῦ</span> <span class='ocrx_word' id='word_1_229' title='bbox 2655 1602 2727 1664; x_wconf 82' lang='grc' dir='ltr'><strong>εἰς</strong></span> <span class='ocrx_word' id='word_1_230' title='bbox 2767 1609 2945 1654; x_wconf 85' lang='grc' dir='ltr'>τοῦτον</span> <span class='ocrx_word' id='word_1_231' title='bbox 2999 1601 3108 1675; x_wconf 86' lang='grc' dir='ltr'>[τὸν</span> <span class='ocrx_word' id='word_1_232' title='bbox 3147 1600 3364 1675; x_wconf 79' lang='grc' dir='ltr'><strong>Κύριον]</strong></span> <span class='ocrx_word' id='word_1_233' title='bbox 3413 1601 3554 1673; x_wconf 80' lang='grc' dir='ltr'>ἔχειν</span> <span class='ocrx_word' id='word_1_234' title='bbox 3582 1597 3676 1653; x_wconf 80' lang='grc' dir='ltr'><strong>διὰ</strong></span> 
     </span>
    </p>
   </div>
   <div class='ocr_carea' id='block_1_32' title="bbox 2014 1690 3675 1763">
    <p class='ocr_par' dir='ltr' id='par_1_32' title="bbox 2014 1690 3675 1763">
     <span class='ocr_line' id='line_1_32' title="bbox 2014 1690 3675 1763; baseline 0.002 -20"><span class='ocrx_word' id='word_1_235' title='bbox 2014 1694 2225 1750; x_wconf 79' lang='grc' dir='ltr'>παντὸς.</span> <span class='ocrx_word' id='word_1_236' title='bbox 2268 1690 2425 1745; x_wconf 90' lang='lat' dir='ltr'><strong>Licet</strong></span> <span class='ocrx_word' id='word_1_237' title='bbox 2454 1692 2614 1746; x_wconf 88' lang='lat' dir='ltr'><strong>enim</strong></span> <span class='ocrx_word' id='word_1_238' title='bbox 2642 1690 2869 1763; x_wconf 89' lang='lat' dir='ltr'><strong>liquido</strong></span> <span class='ocrx_word' id='word_1_239' title='bbox 2911 1690 3258 1760; x_wconf 85' lang='lat' dir='ltr'><strong>intelligere,</strong></span> <span class='ocrx_word' id='word_1_240' title='bbox 3294 1691 3497 1746; x_wconf 89' lang='lat' dir='ltr'><strong>omnia</strong></span> <span class='ocrx_word' id='word_1_241' title='bbox 3524 1691 3675 1746; x_wconf 87' lang='lat' dir='ltr'><strong>inter</strong></span> 
     </span>
    </p>
   </div>
   <div class='ocr_carea' id='block_1_33' title="bbox 237 1776 3673 1851">
    <p class='ocr_par' dir='ltr' id='par_1_33' title="bbox 237 1776 3673 1851">
     <span class='ocr_line' id='line_1_33' title="bbox 237 1776 3673 1851; baseline 0 -17"><span class='ocrx_word' id='word_1_242' title='bbox 237 1781 457 1851; x_wconf 85' lang='lat' dir='ltr'><strong>p.287.</strong></span> <span class='ocrx_word' id='word_1_243' title='bbox 484 1780 610 1844; x_wconf 84' lang='lat' dir='ltr'><strong>Quo</strong></span> <span class='ocrx_word' id='word_1_244' title='bbox 624 1776 843 1833; x_wconf 87' lang='lat' dir='ltr'><strong>addam</strong></span> <span class='ocrx_word' id='word_1_245' title='bbox 864 1777 1124 1849; x_wconf 89' lang='lat' dir='ltr'><strong>denique</strong></span> <span class='ocrx_word' id='word_1_246' title='bbox 1140 1776 1508 1847; x_wconf 89' lang='lat' dir='ltr'><strong>Opusculum</strong></span> <span class='ocrx_word' id='word_1_247' title='bbox 1524 1776 1596 1832; x_wconf 86' lang='lat' dir='ltr'><strong>de</strong></span> <span class='ocrx_word' id='word_1_248' title='bbox 1610 1776 1907 1831; x_wconf 85' lang='lat' dir='ltr'><strong>Libertate</strong></span> <span class='ocrx_word' id='word_1_249' title='bbox 1940 1793 1983 1845; x_wconf 78' lang='grc' dir='ltr'>Β</span> <span class='ocrx_word' id='word_1_250' title='bbox 2017 1796 2097 1846; x_wconf 88' lang='lat' dir='ltr'><strong>se,</strong></span> <span class='ocrx_word' id='word_1_251' title='bbox 2128 1780 2173 1833; x_wconf 89' lang='lat' dir='ltr'><strong>si</strong></span> <span class='ocrx_word' id='word_1_252' title='bbox 2200 1780 2509 1835; x_wconf 88' lang='lat' dir='ltr'><strong>materiam</strong></span> <span class='ocrx_word' id='word_1_253' title='bbox 2537 1781 2734 1850; x_wconf 87' lang='lat' dir='ltr'><strong>ipsam</strong></span> <span class='ocrx_word' id='word_1_254' title='bbox 2764 1784 3015 1851; x_wconf 89' lang='lat' dir='ltr'><strong>spectes,</strong></span> <span class='ocrx_word' id='word_1_255' title='bbox 3034 1779 3287 1835; x_wconf 81' lang='lat' dir='ltr'><strong>confusa</strong></span> <span class='ocrx_word' id='word_1_256' title='bbox 3312 1795 3461 1834; x_wconf 91' lang='lat' dir='ltr'><strong>esse.</strong></span> <span class='ocrx_word' id='word_1_257' title='bbox 3489 1784 3673 1851; x_wconf 81' lang='lat' dir='ltr'><strong>Atque</strong></span> 
     </span>
    </p>
   </div>
   <div class='ocr_carea' id='block_1_34' title="bbox 230 1864 1900 1937">
    <p class='ocr_par' dir='ltr' id='par_1_34' title="bbox 230 1864 1900 1937">
     <span class='ocr_line' id='line_1_34' title="bbox 230 1864 1900 1937; baseline -0.002 -14"><span class='ocrx_word' id='word_1_258' title='bbox 230 1870 460 1925; x_wconf 84' lang='lat' dir='ltr'><strong>mentis</strong></span> <span class='ocrx_word' id='word_1_259' title='bbox 490 1882 621 1937; x_wconf 85' lang='lat' dir='ltr'><strong>cap.</strong></span> <span class='ocrx_word' id='word_1_260' title='bbox 666 1870 745 1929; x_wconf 86' lang='grc'><strong>18,</strong></span> <span class='ocrx_word' id='word_1_261' title='bbox 782 1873 837 1920; x_wconf 91' lang='lat' dir='ltr'><strong>et</strong></span> <span class='ocrx_word' id='word_1_262' title='bbox 880 1865 1339 1936; x_wconf 82' lang='lat' dir='ltr'><strong>Apophthegma</strong></span> <span class='ocrx_word' id='word_1_263' title='bbox 1382 1867 1640 1936; x_wconf 87' lang='lat' dir='ltr'><strong>primum</strong></span> <span class='ocrx_word' id='word_1_264' title='bbox 1687 1882 1744 1935; x_wconf 93' lang='lat' dir='ltr'><strong>p.</strong></span> <span class='ocrx_word' id='word_1_265' title='bbox 1778 1864 1900 1919; x_wconf 81' lang='grc'><strong>231.</strong></span> 
     </span>
    </p>
   </div>
   <div class='ocr_carea' id='block_1_35' title="bbox 311 1954 1899 2027">
    <p class='ocr_par' dir='ltr' id='par_1_35' title="bbox 311 1954 1899 2027">
     <span class='ocr_line' id='line_1_35' title="bbox 311 1954 1899 2027; baseline -0.001 -16"><span class='ocrx_word' id='word_1_266' title='bbox 311 1960 372 2011; x_wconf 83' lang='grc' dir='ltr'><strong>Ιῐ]</strong></span> <span class='ocrx_word' id='word_1_267' title='bbox 402 1954 705 2027; x_wconf 89' lang='lat' dir='ltr'><strong>Opusculo</strong></span> <span class='ocrx_word' id='word_1_268' title='bbox 717 1956 789 2011; x_wconf 88' lang='lat' dir='ltr'><strong>de</strong></span> <span class='ocrx_word' id='word_1_269' title='bbox 806 1954 1088 2011; x_wconf 82' lang='lat' dir='ltr'><strong>Custodia</strong></span> <span class='ocrx_word' id='word_1_270' title='bbox 1106 1955 1302 2009; x_wconf 81' lang='lat' dir='ltr'><strong>cordis</strong></span> <span class='ocrx_word' id='word_1_271' title='bbox 1318 1969 1375 2025; x_wconf 92' lang='lat' dir='ltr'><strong>p.</strong></span> <span class='ocrx_word' id='word_1_272' title='bbox 1391 1958 1458 2008; x_wconf 87' lang='grc'><strong>22</strong></span> <span class='ocrx_word' id='word_1_273' title='bbox 1474 1956 1552 2009; x_wconf 87' lang='lat' dir='ltr'><strong>ita</strong></span> <span class='ocrx_word' id='word_1_274' title='bbox 1566 1954 1860 2009; x_wconf 82' lang='lat' dir='ltr'><strong>habemus</strong></span> <span class='ocrx_word' id='word_1_275' title='bbox 1885 1969 1899 2009; x_wconf 90' lang='lat'><strong>:</strong></span> 
     </span>
    </p>
   </div>
   <div class='ocr_carea' id='block_1_36' title="bbox 226 2043 1905 2116">
    <p class='ocr_par' dir='ltr' id='par_1_36' title="bbox 226 2043 1905 2116">
     <span class='ocr_line' id='line_1_36' title="bbox 226 2043 1905 2116; baseline -0.002 -19"><span class='ocrx_word' id='word_1_276' title='bbox 226 2047 254 2097; x_wconf 84' lang='grc' dir='ltr'>ὁ</span> <span class='ocrx_word' id='word_1_277' title='bbox 300 2043 710 2116; x_wconf 79' lang='grc' dir='ltr'>βουλόμενος</span> <span class='ocrx_word' id='word_1_278' title='bbox 746 2043 1139 2115; x_wconf 77' lang='grc' dir='ltr'><strong>προσελθεῖν</strong></span> <span class='ocrx_word' id='word_1_279' title='bbox 1178 2050 1263 2111; x_wconf 83' lang='grc' dir='ltr'>τῷ</span> <span class='ocrx_word' id='word_1_280' title='bbox 1307 2046 1539 2116; x_wconf 85' lang='grc' dir='ltr'><strong>Κυρίῳ,</strong></span> <span class='ocrx_word' id='word_1_281' title='bbox 1579 2062 1691 2093; x_wconf 88' lang='grc' dir='ltr'><strong>και</strong></span> <span class='ocrx_word' id='word_1_282' title='bbox 1733 2043 1905 2104; x_wconf 79' lang='grc' dir='ltr'>ζωῆς</span> 
     </span>
    </p>
   </div>
   <div class='ocr_carea' id='block_1_37' title="bbox 227 2132 1905 2205">
    <p class='ocr_par' dir='ltr' id='par_1_37' title="bbox 227 2132 1905 2205">
     <span class='ocr_line' id='line_1_37' title="bbox 227 2132 1905 2205; baseline -0.002 -18"><span class='ocrx_word' id='word_1_283' title='bbox 227 2134 513 2187; x_wconf 83' lang='grc' dir='ltr'><strong>αἰωνίου</strong></span> <span class='ocrx_word' id='word_1_284' title='bbox 601 2132 1122 2195; x_wconf 77' lang='grc' dir='ltr'><strong>καταξιωθῆναι,</strong></span> <span class='ocrx_word' id='word_1_285' title='bbox 1195 2136 1306 2184; x_wconf 85' lang='grc' dir='ltr'>καὶ</span> <span class='ocrx_word' id='word_1_286' title='bbox 1389 2137 1905 2205; x_wconf 78' lang='grc' dir='ltr'><strong>κατοικητήριον</strong></span> 
     </span>
    </p>
   </div>
   <div class='ocr_carea' id='block_1_38' title="bbox 226 2220 1907 2293">
    <p class='ocr_par' dir='ltr' id='par_1_38' title="bbox 226 2220 1907 2293">
     <span class='ocr_line' id='line_1_38' title="bbox 226 2220 1907 2293; baseline -0.004 -15"><span class='ocrx_word' id='word_1_287' title='bbox 226 2223 761 2293; x_wconf 76' lang='grc' dir='ltr'>θεοῦγενίσθαι,</span> <span class='ocrx_word' id='word_1_288' title='bbox 801 2225 918 2273; x_wconf 85' lang='grc' dir='ltr'><strong>καὶ</strong></span> <span class='ocrx_word' id='word_1_289' title='bbox 958 2222 1329 2293; x_wconf 80' lang='grc' dir='ltr'>πνεύματος</span> <span class='ocrx_word' id='word_1_290' title='bbox 1367 2220 1554 2291; x_wconf 75' lang='grc' dir='ltr'>ἁγίου</span> <span class='ocrx_word' id='word_1_291' title='bbox 1594 2220 1907 2283; x_wconf 85' lang='grc' dir='ltr'>καταξιω-</span> 
     </span>
    </p>
   </div>
   <div class='ocr_carea' id='block_1_39' title="bbox 228 2309 1901 2381">
    <p class='ocr_par' dir='ltr' id='par_1_39' title="bbox 228 2309 1901 2381">
     <span class='ocr_line' id='line_1_39' title="bbox 228 2309 1901 2381; baseline -0.002 -16"><span class='ocrx_word' id='word_1_292' title='bbox 228 2316 460 2376; x_wconf 77' lang='grc' dir='ltr'>θῆναι,</span> <span class='ocrx_word' id='word_1_293' title='bbox 490 2312 591 2361; x_wconf 87' lang='grc' dir='ltr'><strong>ίνα</strong></span> <span class='ocrx_word' id='word_1_294' title='bbox 626 2313 774 2372; x_wconf 81' lang='grc' dir='ltr'>τοὺς</span> <span class='ocrx_word' id='word_1_295' title='bbox 806 2314 1095 2381; x_wconf 86' lang='grc' dir='ltr'>καρποὺς</span> <span class='ocrx_word' id='word_1_296' title='bbox 1133 2309 1333 2362; x_wconf 80' lang='grc' dir='ltr'>αὐτοῦ</span> <span class='ocrx_word' id='word_1_297' title='bbox 1380 2313 1542 2362; x_wconf 85' lang='grc' dir='ltr'>κατὰ</span> <span class='ocrx_word' id='word_1_298' title='bbox 1585 2312 1698 2370; x_wconf 81' lang='grc' dir='ltr'><strong>τὰς</strong></span> <span class='ocrx_word' id='word_1_299' title='bbox 1742 2309 1901 2361; x_wconf 74' lang='grc' dir='ltr'>ἕντο-</span> 
     </span>
    </p>
   </div>
   <div class='ocr_carea' id='block_1_40' title="bbox 226 2396 1908 2474">
    <p class='ocr_par' dir='ltr' id='par_1_40' title="bbox 226 2396 1908 2474">
     <span class='ocr_line' id='line_1_40' title="bbox 226 2396 1908 2474; baseline -0.002 -20"><span class='ocrx_word' id='word_1_300' title='bbox 226 2402 352 2462; x_wconf 79' lang='grc' dir='ltr'>λὰς</span> <span class='ocrx_word' id='word_1_301' title='bbox 396 2408 506 2453; x_wconf 83' lang='grc' dir='ltr'>τοῦ</span> <span class='ocrx_word' id='word_1_302' title='bbox 549 2404 795 2474; x_wconf 80' lang='grc' dir='ltr'>Κυρίου</span> <span class='ocrx_word' id='word_1_303' title='bbox 847 2396 1089 2471; x_wconf 74' lang='grc' dir='ltr'>δυνηθῇ</span> <span class='ocrx_word' id='word_1_304' title='bbox 1150 2398 1413 2471; x_wconf 79' lang='grc' dir='ltr'><strong>ἀμώμως</strong></span> <span class='ocrx_word' id='word_1_305' title='bbox 1464 2404 1576 2451; x_wconf 80' lang='grc' dir='ltr'>καὶ</span> <span class='ocrx_word' id='word_1_306' title='bbox 1616 2402 1908 2474; x_wconf 81' lang='grc' dir='ltr'>καθαρῶς</span> 
     </span>
    </p>
   </div>
   <div class='ocr_carea' id='block_1_41' title="bbox 232 2485 1907 2560">
    <p class='ocr_par' dir='ltr' id='par_1_41' title="bbox 232 2485 1907 2560">
     <span class='ocr_line' id='line_1_41' title="bbox 232 2485 1907 2560; baseline 0.001 -18"><span class='ocrx_word' id='word_1_307' title='bbox 232 2497 497 2554; x_wconf 82' lang='grc' dir='ltr'>ποιεῖν,</span> <span class='ocrx_word' id='word_1_308' title='bbox 536 2488 734 2548; x_wconf 83' lang='grc' dir='ltr'>οὕτως</span> <span class='ocrx_word' id='word_1_309' title='bbox 771 2486 1026 2559; x_wconf 76' lang='grc' dir='ltr'><strong>ὀφείλει</strong></span> <span class='ocrx_word' id='word_1_310' title='bbox 1073 2485 1503 2560; x_wconf 74' lang='grc' dir='ltr'>ἐνάρξασθαι.</span> <span class='ocrx_word' id='word_1_311' title='bbox 1554 2488 1685 2543; x_wconf 69' lang='grc' dir='ltr'><strong>Ηεεϐ</strong></span> <span class='ocrx_word' id='word_1_312' title='bbox 1719 2489 1907 2559; x_wconf 87' lang='lat' dir='ltr'><strong>perio-</strong></span> 
     </span>
    </p>
   </div>
   <div class='ocr_carea' id='block_1_42' title="bbox 236 2574 1908 2650">
    <p class='ocr_par' dir='ltr' id='par_1_42' title="bbox 236 2574 1908 2650">
     <span class='ocr_line' id='line_1_42' title="bbox 236 2574 1908 2650; baseline -0.001 -16"><span class='ocrx_word' id='word_1_313' title='bbox 236 2579 362 2634; x_wconf 91' lang='lat' dir='ltr'><strong>dus</strong></span> <span class='ocrx_word' id='word_1_314' title='bbox 385 2579 579 2650; x_wconf 88' lang='lat' dir='ltr'><strong>prima</strong></span> <span class='ocrx_word' id='word_1_315' title='bbox 606 2577 785 2647; x_wconf 90' lang='lat' dir='ltr'><strong>primi</strong></span> <span class='ocrx_word' id='word_1_316' title='bbox 824 2574 1104 2647; x_wconf 91' lang='lat' dir='ltr'><strong>Opusculi</strong></span> <span class='ocrx_word' id='word_1_317' title='bbox 1130 2576 1236 2647; x_wconf 84' lang='grc' dir='ltr'>(α).</span> <span class='ocrx_word' id='word_1_318' title='bbox 1298 2577 1361 2630; x_wconf 92' lang='lat' dir='ltr'><strong>Et</strong></span> <span class='ocrx_word' id='word_1_319' title='bbox 1400 2577 1665 2632; x_wconf 87' lang='lat' dir='ltr'><strong>similiter</strong></span> <span class='ocrx_word' id='word_1_320' title='bbox 1694 2577 1908 2633; x_wconf 85' lang='lat' dir='ltr'><strong>eadem</strong></span> 
     </span>
    </p>
   </div>
   <div class='ocr_carea' id='block_1_43' title="bbox 236 2663 1907 2737">
    <p class='ocr_par' dir='ltr' id='par_1_43' title="bbox 236 2663 1907 2737">
     <span class='ocr_line' id='line_1_43' title="bbox 236 2663 1907 2737; baseline -0.004 -14"><span class='ocrx_word' id='word_1_321' title='bbox 236 2666 429 2723; x_wconf 82' lang='lat' dir='ltr'><strong>verba</strong></span> <span class='ocrx_word' id='word_1_322' title='bbox 447 2667 504 2721; x_wconf 91' lang='lat' dir='ltr'><strong>in</strong></span> <span class='ocrx_word' id='word_1_323' title='bbox 526 2664 817 2721; x_wconf 82' lang='lat' dir='ltr'><strong>Homiliae</strong></span> <span class='ocrx_word' id='word_1_324' title='bbox 835 2663 1083 2734; x_wconf 88' lang='lat' dir='ltr'><strong>periodo</strong></span> <span class='ocrx_word' id='word_1_325' title='bbox 1104 2665 1315 2735; x_wconf 89' lang='lat' dir='ltr'><strong>prima,</strong></span> <span class='ocrx_word' id='word_1_326' title='bbox 1336 2665 1443 2719; x_wconf 90' lang='lat' dir='ltr'><strong>nisi</strong></span> <span class='ocrx_word' id='word_1_327' title='bbox 1462 2666 1621 2736; x_wconf 91' lang='lat' dir='ltr'><strong>quod</strong></span> <span class='ocrx_word' id='word_1_328' title='bbox 1644 2682 1752 2737; x_wconf 90' lang='lat' dir='ltr'><strong>pro</strong></span> <span class='ocrx_word' id='word_1_329' title='bbox 1776 2674 1907 2720; x_wconf 79' lang='grc' dir='ltr'>Θεοῦ</span> 
     </span>
    </p>
   </div>
   <div class='ocr_carea' id='block_1_44' title="bbox 227 2752 1904 2829">
    <p class='ocr_par' dir='ltr' id='par_1_44' title="bbox 227 2752 1904 2829">
     <span class='ocr_line' id='line_1_44' title="bbox 227 2752 1904 2829; baseline -0.002 -19"><span class='ocrx_word' id='word_1_330' title='bbox 227 2757 451 2829; x_wconf 80' lang='lat' dir='ltr'><strong>legitur</strong></span> <span class='ocrx_word' id='word_1_331' title='bbox 469 2762 563 2808; x_wconf 84' lang='grc' dir='ltr'>τοῦ</span> <span class='ocrx_word' id='word_1_332' title='bbox 593 2760 828 2829; x_wconf 83' lang='grc' dir='ltr'>Χριστοῦ</span> <span class='ocrx_word' id='word_1_333' title='bbox 855 2752 961 2825; x_wconf 82' lang='grc' dir='ltr'>(ὁ),</span> <span class='ocrx_word' id='word_1_334' title='bbox 988 2768 1095 2823; x_wconf 92' lang='lat' dir='ltr'><strong>pro</strong></span> <span class='ocrx_word' id='word_1_335' title='bbox 1116 2754 1522 2824; x_wconf 77' lang='grc' dir='ltr'>καταξιωθῆναι,</span> <span class='ocrx_word' id='word_1_336' title='bbox 1548 2753 1904 2827; x_wconf 79' lang='grc' dir='ltr'>πληρωθῆναι,</span> 
     </span>
    </p>
   </div>
   <div class='ocr_carea' id='block_1_45' title="bbox 225 2842 1908 2920">
    <p class='ocr_par' dir='ltr' id='par_1_45' title="bbox 225 2842 1908 2920">
     <span class='ocr_line' id='line_1_45' title="bbox 225 2842 1908 2920; baseline -0.001 -19"><span class='ocrx_word' id='word_1_337' title='bbox 225 2846 407 2920; x_wconf 87' lang='lat' dir='ltr'><strong>quod</strong></span> <span class='ocrx_word' id='word_1_338' title='bbox 452 2844 604 2900; x_wconf 83' lang='lat' dir='ltr'><strong>forte</strong></span> <span class='ocrx_word' id='word_1_339' title='bbox 650 2844 894 2907; x_wconf 81' lang='lat' dir='ltr'><strong>factum,</strong></span> <span class='ocrx_word' id='word_1_340' title='bbox 946 2857 1021 2898; x_wconf 89' lang='lat' dir='ltr'><strong>ne</strong></span> <span class='ocrx_word' id='word_1_341' title='bbox 1063 2842 1219 2896; x_wconf 88' lang='lat' dir='ltr'><strong>idem</strong></span> <span class='ocrx_word' id='word_1_342' title='bbox 1270 2844 1521 2899; x_wconf 89' lang='lat' dir='ltr'><strong>verbum</strong></span> <span class='ocrx_word' id='word_1_343' title='bbox 1563 2846 1760 2899; x_wconf 89' lang='lat' dir='ltr'><strong>statim</strong></span> <span class='ocrx_word' id='word_1_344' title='bbox 1817 2847 1908 2900; x_wconf 89' lang='lat' dir='ltr'><strong>bis</strong></span> 
     </span>
    </p>
   </div>
   <div class='ocr_carea' id='block_1_46' title="bbox 225 2931 1906 3007">
    <p class='ocr_par' dir='ltr' id='par_1_46' title="bbox 225 2931 1906 3007">
     <span class='ocr_line' id='line_1_46' title="bbox 225 2931 1906 3007; baseline -0.002 -16"><span class='ocrx_word' id='word_1_345' title='bbox 225 2938 579 2992; x_wconf 69' lang='lat' dir='ltr'><strong>occurreret</strong></span> <span class='ocrx_word' id='word_1_346' title='bbox 620 2948 633 2999; x_wconf 89' lang='lat'><strong>;</strong></span> <span class='ocrx_word' id='word_1_347' title='bbox 663 2948 772 3003; x_wconf 89' lang='lat' dir='ltr'><strong>pro</strong></span> <span class='ocrx_word' id='word_1_348' title='bbox 818 2934 1054 3005; x_wconf 80' lang='grc' dir='ltr'>καρποὺς</span> <span class='ocrx_word' id='word_1_349' title='bbox 1094 2932 1272 3001; x_wconf 74' lang='grc' dir='ltr'>αὑτοῦ,</span> <span class='ocrx_word' id='word_1_350' title='bbox 1306 2931 1518 3002; x_wconf 76' lang='lat' dir='ltr'><strong>legitur</strong></span> <span class='ocrx_word' id='word_1_351' title='bbox 1544 2938 1778 3007; x_wconf 83' lang='grc' dir='ltr'>καρποὺς</span> <span class='ocrx_word' id='word_1_352' title='bbox 1815 2943 1906 2987; x_wconf 78' lang='grc' dir='ltr'>τοῦ</span> 
     </span>
    </p>
   </div>
   <div class='ocr_carea' id='block_1_47' title="bbox 232 3020 1908 3094">
    <p class='ocr_par' dir='ltr' id='par_1_47' title="bbox 232 3020 1908 3094">
     <span class='ocr_line' id='line_1_47' title="bbox 232 3020 1908 3094; baseline 0 -19"><span class='ocrx_word' id='word_1_353' title='bbox 232 3025 551 3094; x_wconf 75' lang='grc' dir='ltr'>πνεύματος,</span> <span class='ocrx_word' id='word_1_354' title='bbox 582 3022 708 3086; x_wconf 90' lang='lat' dir='ltr'><strong>ubi,</strong></span> <span class='ocrx_word' id='word_1_355' title='bbox 739 3020 876 3092; x_wconf 90' lang='lat' dir='ltr'><strong>quis</strong></span> <span class='ocrx_word' id='word_1_356' title='bbox 905 3022 1064 3082; x_wconf 79' lang='grc' dir='ltr'>αῦτός</span> <span class='ocrx_word' id='word_1_357' title='bbox 1087 3021 1179 3085; x_wconf 87' lang='lat' dir='ltr'><strong>sit,</strong></span> <span class='ocrx_word' id='word_1_358' title='bbox 1206 3022 1557 3090; x_wconf 85' lang='lat' dir='ltr'><strong>exprimitur</strong></span> <span class='ocrx_word' id='word_1_359' title='bbox 1590 3038 1603 3088; x_wconf 91' lang='lat'><strong>;</strong></span> <span class='ocrx_word' id='word_1_360' title='bbox 1636 3038 1745 3093; x_wconf 89' lang='lat' dir='ltr'><strong>pro</strong></span> <span class='ocrx_word' id='word_1_361' title='bbox 1773 3027 1908 3076; x_wconf 78' lang='grc' dir='ltr'>κατὰ</span> 
     </span>
    </p>
   </div>
   <div class='ocr_carea' id='block_1_48' title="bbox 2013 1868 3674 1940">
    <p class='ocr_par' dir='ltr' id='par_1_48' title="bbox 2013 1868 3674 1940">
     <span class='ocr_line' id='line_1_48' title="bbox 2013 1868 3674 1940; baseline 0 -17"><span class='ocrx_word' id='word_1_362' title='bbox 2013 1868 2128 1923; x_wconf 91' lang='lat' dir='ltr'><strong>hoc</strong></span> <span class='ocrx_word' id='word_1_363' title='bbox 2184 1868 2407 1939; x_wconf 87' lang='lat' dir='ltr'><strong>ipsum,</strong></span> <span class='ocrx_word' id='word_1_364' title='bbox 2455 1873 2517 1922; x_wconf 91' lang='lat' dir='ltr'><strong>ut</strong></span> <span class='ocrx_word' id='word_1_365' title='bbox 2566 1868 2860 1924; x_wconf 88' lang='lat' dir='ltr'><strong>Christum</strong></span> <span class='ocrx_word' id='word_1_366' title='bbox 2906 1868 3043 1940; x_wconf 88' lang='lat' dir='ltr'><strong>quis</strong></span> <span class='ocrx_word' id='word_1_367' title='bbox 3092 1869 3415 1935; x_wconf 86' lang='lat' dir='ltr'><strong>intueatur,</strong></span> <span class='ocrx_word' id='word_1_368' title='bbox 3470 1872 3674 1923; x_wconf 88' lang='lat' dir='ltr'><strong>monet</strong></span> 
     </span>
    </p>
   </div>
   <div class='ocr_carea' id='block_1_49' title="bbox 2016 1954 3674 2027">
    <p class='ocr_par' dir='ltr' id='par_1_49' title="bbox 2016 1954 3674 2027">
     <span class='ocr_line' id='line_1_49' title="bbox 2016 1954 3674 2027; baseline 0 -15"><span class='ocrx_word' id='word_1_369' title='bbox 2016 1955 2384 2027; x_wconf 90' lang='lat' dir='ltr'><strong>Opusculum</strong></span> <span class='ocrx_word' id='word_1_370' title='bbox 2424 1955 2496 2011; x_wconf 87' lang='lat' dir='ltr'><strong>de</strong></span> <span class='ocrx_word' id='word_1_371' title='bbox 2540 1956 2831 2011; x_wconf 81' lang='lat' dir='ltr'><strong>Libertate</strong></span> <span class='ocrx_word' id='word_1_372' title='bbox 2868 1971 3002 2026; x_wconf 90' lang='lat' dir='ltr'><strong>cap.</strong></span> <span class='ocrx_word' id='word_1_373' title='bbox 3053 1959 3111 2010; x_wconf 76' lang='lat'><strong>16</strong></span> <span class='ocrx_word' id='word_1_374' title='bbox 3152 1961 3209 2011; x_wconf 92' lang='lat' dir='ltr'><strong>et</strong></span> <span class='ocrx_word' id='word_1_375' title='bbox 3244 1960 3329 2021; x_wconf 87' lang='lat' dir='ltr'><strong>l7,</strong></span> <span class='ocrx_word' id='word_1_376' title='bbox 3370 1954 3531 2010; x_wconf 91' lang='lat' dir='ltr'><strong>unde</strong></span> <span class='ocrx_word' id='word_1_377' title='bbox 3576 1956 3674 2012; x_wconf 87' lang='lat' dir='ltr'><strong>vix</strong></span> 
     </span>
    </p>
   </div>
   <div class='ocr_carea' id='block_1_50' title="bbox 2016 2043 3671 2115">
    <p class='ocr_par' dir='ltr' id='par_1_50' title="bbox 2016 2043 3671 2115">
     <span class='ocr_line' id='line_1_50' title="bbox 2016 2043 3671 2115; baseline 0.001 -16"><span class='ocrx_word' id='word_1_378' title='bbox 2016 2045 2222 2099; x_wconf 90' lang='lat' dir='ltr'><strong>dubito</strong></span> <span class='ocrx_word' id='word_1_379' title='bbox 2243 2044 2393 2100; x_wconf 87' lang='lat' dir='ltr'><strong>haec</strong></span> <span class='ocrx_word' id='word_1_380' title='bbox 2418 2062 2552 2099; x_wconf 85' lang='lat' dir='ltr'><strong>esse</strong></span> <span class='ocrx_word' id='word_1_381' title='bbox 2573 2052 2871 2115; x_wconf 83' lang='lat' dir='ltr'><strong>excerpta.</strong></span> <span class='ocrx_word' id='word_1_382' title='bbox 2905 2047 3019 2099; x_wconf 86' lang='lat' dir='ltr'><strong>Nec</strong></span> <span class='ocrx_word' id='word_1_383' title='bbox 3045 2053 3139 2099; x_wconf 88' lang='lat' dir='ltr'><strong>est</strong></span> <span class='ocrx_word' id='word_1_384' title='bbox 3161 2044 3326 2115; x_wconf 92' lang='lat' dir='ltr'><strong>quod</strong></span> <span class='ocrx_word' id='word_1_385' title='bbox 3374 2045 3510 2115; x_wconf 88' lang='lat' dir='ltr'><strong>quis</strong></span> <span class='ocrx_word' id='word_1_386' title='bbox 3535 2043 3671 2100; x_wconf 90' lang='lat' dir='ltr'><strong>ideo</strong></span> 
     </span>
    </p>
   </div>
   <div class='ocr_carea' id='block_1_51' title="bbox 2016 2132 3673 2204">
    <p class='ocr_par' dir='ltr' id='par_1_51' title="bbox 2016 2132 3673 2204">
     <span class='ocr_line' id='line_1_51' title="bbox 2016 2132 3673 2204; baseline 0 -17"><span class='ocrx_word' id='word_1_387' title='bbox 2016 2134 2246 2189; x_wconf 86' lang='lat' dir='ltr'><strong>dubitet</strong></span> <span class='ocrx_word' id='word_1_388' title='bbox 2287 2134 2361 2189; x_wconf 90' lang='lat' dir='ltr'><strong>de</strong></span> <span class='ocrx_word' id='word_1_389' title='bbox 2408 2133 2522 2189; x_wconf 89' lang='lat' dir='ltr'><strong>hac</strong></span> <span class='ocrx_word' id='word_1_390' title='bbox 2570 2134 2933 2204; x_wconf 89' lang='lat' dir='ltr'><strong>conjectura,</strong></span> <span class='ocrx_word' id='word_1_391' title='bbox 2975 2133 3138 2204; x_wconf 88' lang='lat' dir='ltr'><strong>quod</strong></span> <span class='ocrx_word' id='word_1_392' title='bbox 3189 2133 3481 2204; x_wconf 86' lang='lat' dir='ltr'><strong>scriptura</strong></span> <span class='ocrx_word' id='word_1_393' title='bbox 3523 2132 3673 2188; x_wconf 89' lang='lat' dir='ltr'><strong>haec</strong></span> 
     </span>
    </p>
   </div>
   <div class='ocr_carea' id='block_1_52' title="bbox 2017 2221 3669 2279">
    <p class='ocr_par' dir='ltr' id='par_1_52' title="bbox 2017 2221 3669 2279">
     <span class='ocr_line' id='line_1_52' title="bbox 2017 2221 3669 2279; baseline 0 -2"><span class='ocrx_word' id='word_1_394' title='bbox 2017 2222 2223 2279; x_wconf 89' lang='lat' dir='ltr'><strong>eadem</strong></span> <span class='ocrx_word' id='word_1_395' title='bbox 2259 2223 2330 2278; x_wconf 92' lang='lat' dir='ltr'><strong>sit</strong></span> <span class='ocrx_word' id='word_1_396' title='bbox 2356 2223 2412 2277; x_wconf 93' lang='lat' dir='ltr'><strong>in</strong></span> <span class='ocrx_word' id='word_1_397' title='bbox 2447 2222 2717 2279; x_wconf 84' lang='lat' dir='ltr'><strong>Homilia.</strong></span> <span class='ocrx_word' id='word_1_398' title='bbox 2752 2222 3096 2278; x_wconf 88' lang='lat' dir='ltr'><strong>Videbimus</strong></span> <span class='ocrx_word' id='word_1_399' title='bbox 3127 2222 3282 2277; x_wconf 90' lang='lat' dir='ltr'><strong>enim</strong></span> <span class='ocrx_word' id='word_1_400' title='bbox 3318 2221 3669 2277; x_wconf 87' lang='lat' dir='ltr'><strong>alterutrum</strong></span> 
     </span>
    </p>
   </div>
   <div class='ocr_carea' id='block_1_53' title="bbox 2017 2310 3672 2383">
    <p class='ocr_par' dir='ltr' id='par_1_53' title="bbox 2017 2310 3672 2383">
     <span class='ocr_line' id='line_1_53' title="bbox 2017 2310 3672 2383; baseline -0.001 -16"><span class='ocrx_word' id='word_1_401' title='bbox 2017 2319 2225 2367; x_wconf 89' lang='lat' dir='ltr'><strong>natum</strong></span> <span class='ocrx_word' id='word_1_402' title='bbox 2257 2317 2311 2366; x_wconf 90' lang='lat' dir='ltr'><strong>et</strong></span> <span class='ocrx_word' id='word_1_403' title='bbox 2338 2311 2561 2367; x_wconf 85' lang='lat' dir='ltr'><strong>factum</strong></span> <span class='ocrx_word' id='word_1_404' title='bbox 2587 2327 2716 2367; x_wconf 90' lang='lat' dir='ltr'><strong>esse</strong></span> <span class='ocrx_word' id='word_1_405' title='bbox 2761 2311 3078 2381; x_wconf 85' lang='lat' dir='ltr'><strong>posterius,</strong></span> <span class='ocrx_word' id='word_1_406' title='bbox 3107 2310 3269 2382; x_wconf 88' lang='lat' dir='ltr'><strong>[Pag.</strong></span> <span class='ocrx_word' id='word_1_407' title='bbox 3307 2310 3392 2383; x_wconf 75' lang='grc' dir='ltr'><strong>ιϐ]</strong></span> <span class='ocrx_word' id='word_1_408' title='bbox 3435 2315 3488 2366; x_wconf 90' lang='lat' dir='ltr'><strong>et</strong></span> <span class='ocrx_word' id='word_1_409' title='bbox 3519 2310 3672 2366; x_wconf 77' lang='lat' dir='ltr'><strong>adeo</strong></span> 
     </span>
    </p>
   </div>
   <div class='ocr_carea' id='block_1_54' title="bbox 2017 2399 3673 2473">
    <p class='ocr_par' dir='ltr' id='par_1_54' title="bbox 2017 2399 3673 2473">
     <span class='ocr_line' id='line_1_54' title="bbox 2017 2399 3673 2473; baseline -0.002 -16"><span class='ocrx_word' id='word_1_410' title='bbox 2017 2407 2358 2473; x_wconf 89' lang='lat' dir='ltr'><strong>corruptam</strong></span> <span class='ocrx_word' id='word_1_411' title='bbox 2407 2406 2507 2456; x_wconf 89' lang='lat' dir='ltr'><strong>aut</strong></span> <span class='ocrx_word' id='word_1_412' title='bbox 2554 2401 2777 2456; x_wconf 89' lang='lat' dir='ltr'><strong>bonam</strong></span> <span class='ocrx_word' id='word_1_413' title='bbox 2828 2399 3068 2455; x_wconf 90' lang='lat' dir='ltr'><strong>alterius</strong></span> <span class='ocrx_word' id='word_1_414' title='bbox 3109 2401 3462 2471; x_wconf 87' lang='lat' dir='ltr'><strong>scripturam</strong></span> <span class='ocrx_word' id='word_1_415' title='bbox 3509 2414 3673 2454; x_wconf 86' lang='lat' dir='ltr'><strong>acce-</strong></span> 
     </span>
    </p>
   </div>
   <div class='ocr_carea' id='block_1_55' title="bbox 2018 2491 2195 2562">
    <p class='ocr_par' dir='ltr' id='par_1_55' title="bbox 2018 2491 2195 2562">
     <span class='ocr_line' id='line_1_55' title="bbox 2018 2491 2195 2562; baseline 0.006 -18"><span class='ocrx_word' id='word_1_416' title='bbox 2018 2491 2195 2562; x_wconf 87' lang='lat' dir='ltr'><strong>pisse.</strong></span> 
     </span>
    </p>
   </div>
   <div class='ocr_carea' id='block_1_56' title="bbox 2091 2575 3675 2650">
    <p class='ocr_par' dir='ltr' id='par_1_56' title="bbox 2091 2575 3675 2650">
     <span class='ocr_line' id='line_1_56' title="bbox 2091 2575 3675 2650; baseline -0.004 -15"><span class='ocrx_word' id='word_1_417' title='bbox 2091 2579 2370 2649; x_wconf 90' lang='lat' dir='ltr'><strong>Sequitur</strong></span> <span class='ocrx_word' id='word_1_418' title='bbox 2397 2594 2576 2650; x_wconf 87' lang='lat' dir='ltr'><strong>porro</strong></span> <span class='ocrx_word' id='word_1_419' title='bbox 2607 2578 2664 2632; x_wconf 90' lang='lat' dir='ltr'><strong>in</strong></span> <span class='ocrx_word' id='word_1_420' title='bbox 2688 2577 2761 2633; x_wconf 85' lang='lat' dir='ltr'><strong>de</strong></span> <span class='ocrx_word' id='word_1_421' title='bbox 2792 2576 3269 2634; x_wconf 56' lang='lat' dir='ltr'><strong>Custodiam?”</strong></span> <span class='ocrx_word' id='word_1_422' title='bbox 3303 2575 3675 2650; x_wconf 76' lang='grc' dir='ltr'>βιάζεσθαι</span> 
     </span>
    </p>
   </div>
   <div class='ocr_carea' id='block_1_57' title="bbox 2019 2664 3674 2743">
    <p class='ocr_par' dir='ltr' id='par_1_57' title="bbox 2019 2664 3674 2743">
     <span class='ocr_line' id='line_1_57' title="bbox 2019 2664 3674 2743; baseline -0.002 -22"><span class='ocrx_word' id='word_1_423' title='bbox 2019 2673 2145 2743; x_wconf 85' lang='grc' dir='ltr'>χρή</span> <span class='ocrx_word' id='word_1_424' title='bbox 2174 2667 2380 2728; x_wconf 82' lang='grc' dir='ltr'>ἀεὶείς</span> <span class='ocrx_word' id='word_1_425' title='bbox 2408 2673 2526 2719; x_wconf 86' lang='grc' dir='ltr'>πᾶν</span> <span class='ocrx_word' id='word_1_426' title='bbox 2567 2666 2830 2739; x_wconf 76' lang='grc' dir='ltr'>ἀγαθὸν,</span> <span class='ocrx_word' id='word_1_427' title='bbox 2862 2671 2970 2719; x_wconf 85' lang='grc' dir='ltr'>καὶ</span> <span class='ocrx_word' id='word_1_428' title='bbox 2997 2666 3085 2729; x_wconf 87' lang='grc' dir='ltr'><strong>εἰς</strong></span> <span class='ocrx_word' id='word_1_429' title='bbox 3126 2667 3339 2726; x_wconf 81' lang='grc' dir='ltr'>πάσας</span> <span class='ocrx_word' id='word_1_430' title='bbox 3368 2667 3480 2727; x_wconf 85' lang='grc' dir='ltr'><strong>τὰς</strong></span> <span class='ocrx_word' id='word_1_431' title='bbox 3512 2664 3674 2717; x_wconf 79' lang='grc' dir='ltr'>ἕντο-</span> 
     </span>
    </p>
   </div>
   <div class='ocr_carea' id='block_1_58' title="bbox 2019 2750 3675 2830">
    <p class='ocr_par' dir='ltr' id='par_1_58' title="bbox 2019 2750 3675 2830">
     <span class='ocr_line' id='line_1_58' title="bbox 2019 2750 3675 2830; baseline -0.003 -21"><span class='ocrx_word' id='word_1_432' title='bbox 2019 2758 2128 2819; x_wconf 81' lang='grc' dir='ltr'><strong>)ἁς</strong></span> <span class='ocrx_word' id='word_1_433' title='bbox 2168 2764 2277 2809; x_wconf 83' lang='grc' dir='ltr'>τοῦ</span> <span class='ocrx_word' id='word_1_434' title='bbox 2320 2760 2583 2830; x_wconf 79' lang='grc' dir='ltr'>Κυρίου,</span> <span class='ocrx_word' id='word_1_435' title='bbox 2626 2754 2738 2807; x_wconf 81' lang='grc' dir='ltr'>κᾶν</span> <span class='ocrx_word' id='word_1_436' title='bbox 2776 2760 2857 2827; x_wconf 76' lang='grc' dir='ltr'><strong>μὴ</strong></span> <span class='ocrx_word' id='word_1_437' title='bbox 2901 2754 3216 2817; x_wconf 85' lang='grc' dir='ltr'>θελούσης</span> <span class='ocrx_word' id='word_1_438' title='bbox 3245 2762 3355 2815; x_wconf 79' lang='grc' dir='ltr'>τῆς</span> <span class='ocrx_word' id='word_1_439' title='bbox 3394 2750 3675 2827; x_wconf 81' lang='grc' dir='ltr'>καρδίας</span> 
     </span>
    </p>
   </div>
   <div class='ocr_carea' id='block_1_59' title="bbox 2022 2842 3674 2918">
    <p class='ocr_par' dir='ltr' id='par_1_59' title="bbox 2022 2842 3674 2918">
     <span class='ocr_line' id='line_1_59' title="bbox 2022 2842 3674 2918; baseline 0 -20"><span class='ocrx_word' id='word_1_440' title='bbox 2022 2843 2135 2898; x_wconf 79' lang='grc' dir='ltr'><strong>διὰ</strong></span> <span class='ocrx_word' id='word_1_441' title='bbox 2189 2850 2298 2905; x_wconf 79' lang='grc' dir='ltr'>τὴν</span> <span class='ocrx_word' id='word_1_442' title='bbox 2356 2853 2679 2897; x_wconf 77' lang='grc' dir='ltr'>συνοῦσαν</span> <span class='ocrx_word' id='word_1_443' title='bbox 2730 2844 2886 2917; x_wconf 71' lang='grc' dir='ltr'>αὐτῇ</span> <span class='ocrx_word' id='word_1_444' title='bbox 2935 2844 3280 2918; x_wconf 74' lang='grc' dir='ltr'>ἁμαρτίαν.</span> <span class='ocrx_word' id='word_1_445' title='bbox 3314 2844 3377 2898; x_wconf 90' lang='lat' dir='ltr'><strong>In</strong></span> <span class='ocrx_word' id='word_1_446' title='bbox 3421 2842 3674 2899; x_wconf 81' lang='lat' dir='ltr'><strong>Homilia</strong></span> 
     </span>
    </p>
   </div>
   <div class='ocr_carea' id='block_1_60' title="bbox 2020 2932 3674 3004">
    <p class='ocr_par' dir='ltr' id='par_1_60' title="bbox 2020 2932 3674 3004">
     <span class='ocr_line' id='line_1_60' title="bbox 2020 2932 3674 3004; baseline -0.005 -13"><span class='ocrx_word' id='word_1_447' title='bbox 2020 2935 2308 2991; x_wconf 90' lang='lat' dir='ltr'><strong>omittitur</strong></span> <span class='ocrx_word' id='word_1_448' title='bbox 2349 2932 2447 2998; x_wconf 80' lang='grc' dir='ltr'><strong>ἀεὶ,</strong></span> <span class='ocrx_word' id='word_1_449' title='bbox 2489 2949 2599 2989; x_wconf 92' lang='lat' dir='ltr'><strong>nec</strong></span> <span class='ocrx_word' id='word_1_450' title='bbox 2648 2933 2707 2987; x_wconf 90' lang='lat' dir='ltr'><strong>id</strong></span> <span class='ocrx_word' id='word_1_451' title='bbox 2764 2932 2952 3003; x_wconf 87' lang='lat' dir='ltr'><strong>male;</strong></span> <span class='ocrx_word' id='word_1_452' title='bbox 2996 2932 3237 2987; x_wconf 88' lang='lat' dir='ltr'><strong>additur</strong></span> <span class='ocrx_word' id='word_1_453' title='bbox 3298 2946 3435 2987; x_wconf 85' lang='lat' dir='ltr'><strong>vero</strong></span> <span class='ocrx_word' id='word_1_454' title='bbox 3486 2933 3674 3004; x_wconf 78' lang='grc' dir='ltr'>ἔργον</span> 
     </span>
    </p>
   </div>
   <div class='ocr_carea' id='block_1_61' title="bbox 2018 3018 3677 3095">
    <p class='ocr_par' dir='ltr' id='par_1_61' title="bbox 2018 3018 3677 3095">
     <span class='ocr_line' id='line_1_61' title="bbox 2018 3018 3677 3095; baseline -0.004 -19"><span class='ocrx_word' id='word_1_455' title='bbox 2018 3026 2235 3095; x_wconf 75' lang='grc' dir='ltr'>ἀγαθόν,</span> <span class='ocrx_word' id='word_1_456' title='bbox 2288 3023 2425 3077; x_wconf 89' lang='lat' dir='ltr'><strong>item</strong></span> <span class='ocrx_word' id='word_1_457' title='bbox 2470 3036 2590 3077; x_wconf 93' lang='lat' dir='ltr'><strong>non</strong></span> <span class='ocrx_word' id='word_1_458' title='bbox 2632 3021 2784 3077; x_wconf 86' lang='lat' dir='ltr'><strong>male</strong></span> <span class='ocrx_word' id='word_1_459' title='bbox 2816 3038 2829 3087; x_wconf 91' lang='lat'>;</span> <span class='ocrx_word' id='word_1_460' title='bbox 2879 3021 3174 3077; x_wconf 91' lang='lat' dir='ltr'><strong>omitittur</strong></span> <span class='ocrx_word' id='word_1_461' title='bbox 3204 3021 3344 3076; x_wconf 88' lang='lat' dir='ltr'><strong>item</strong></span> <span class='ocrx_word' id='word_1_462' title='bbox 3374 3018 3469 3071; x_wconf 82' lang='grc' dir='ltr'>κᾶν</span> <span class='ocrx_word' id='word_1_463' title='bbox 3499 3023 3571 3092; x_wconf 80' lang='grc' dir='ltr'><strong>μὴ</strong></span> <span class='ocrx_word' id='word_1_464' title='bbox 3600 3021 3677 3071; x_wconf 86' lang='grc' dir='ltr'>θε-</span> 
     </span>
    </p>
   </div>
   <div class='ocr_carea' id='block_1_62' title="bbox 233 3107 1908 3187">
    <p class='ocr_par' dir='ltr' id='par_1_62' title="bbox 233 3108 1906 3184">
     <span class='ocr_line' id='line_1_62' title="bbox 233 3108 1906 3184; baseline 0.001 -20"><span class='ocrx_word' id='word_1_465' title='bbox 233 3114 337 3173; x_wconf 81' lang='grc' dir='ltr'>τὰς</span> <span class='ocrx_word' id='word_1_466' title='bbox 385 3110 584 3170; x_wconf 78' lang='grc' dir='ltr'>ἑντολὰς</span> <span class='ocrx_word' id='word_1_467' title='bbox 620 3116 715 3162; x_wconf 81' lang='grc' dir='ltr'>τοῦ</span> <span class='ocrx_word' id='word_1_468' title='bbox 760 3112 957 3184; x_wconf 81' lang='grc' dir='ltr'>Κυρίου</span> <span class='ocrx_word' id='word_1_469' title='bbox 1000 3108 1213 3179; x_wconf 85' lang='lat' dir='ltr'><strong>legitur</strong></span> <span class='ocrx_word' id='word_1_470' title='bbox 1272 3114 1363 3162; x_wconf 82' lang='grc' dir='ltr'>καὶ</span> <span class='ocrx_word' id='word_1_471' title='bbox 1408 3112 1502 3171; x_wconf 83' lang='grc' dir='ltr'><strong>τὰς</strong></span> <span class='ocrx_word' id='word_1_472' title='bbox 1549 3110 1747 3172; x_wconf 71' lang='grc' dir='ltr'>ἐντολὰς</span> <span class='ocrx_word' id='word_1_473' title='bbox 1814 3120 1906 3165; x_wconf 83' lang='grc' dir='ltr'>τοῦ</span> 
     </span>
    </p>
   </div>
   <div class='ocr_carea' id='block_1_63' title="bbox 2028 3107 3676 3187">
    <p class='ocr_par' dir='ltr' id='par_1_63' title="bbox 2028 3107 3676 3183">
     <span class='ocr_line' id='line_1_63' title="bbox 2028 3107 3676 3183; baseline -0.001 -18"><span class='ocrx_word' id='word_1_474' title='bbox 2028 3116 2212 3174; x_wconf 64' lang='grc' dir='ltr'>λούσης</span> <span class='ocrx_word' id='word_1_475' title='bbox 2249 3119 2343 3173; x_wconf 83' lang='grc' dir='ltr'>τῆς</span> <span class='ocrx_word' id='word_1_476' title='bbox 2389 3107 2635 3183; x_wconf 79' lang='grc' dir='ltr'>καρδίας,</span> <span class='ocrx_word' id='word_1_477' title='bbox 2687 3126 2807 3165; x_wconf 92' lang='lat' dir='ltr'><strong>non</strong></span> <span class='ocrx_word' id='word_1_478' title='bbox 2864 3109 3038 3165; x_wconf 91' lang='lat' dir='ltr'><strong>bene.</strong></span> <span class='ocrx_word' id='word_1_479' title='bbox 3076 3110 3139 3163; x_wconf 84' lang='lat' dir='ltr'><strong>In</strong></span> <span class='ocrx_word' id='word_1_480' title='bbox 3185 3107 3481 3179; x_wconf 89' lang='lat' dir='ltr'><strong>Opusculo</strong></span> <span class='ocrx_word' id='word_1_481' title='bbox 3514 3108 3676 3163; x_wconf 91' lang='lat' dir='ltr'><strong>enim</strong></span> 
     </span>
    </p>
   </div>
   <div class='ocr_carea' id='block_1_64' title="bbox 242 3197 1902 3273">
    <p class='ocr_par' dir='ltr' id='par_1_64' title="bbox 242 3197 1902 3273">
     <span class='ocr_line' id='line_1_64' title="bbox 242 3197 1902 3273; baseline 0.001 -18"><span class='ocrx_word' id='word_1_482' title='bbox 242 3202 480 3273; x_wconf 82' lang='grc' dir='ltr'>Χριστοῦ</span> <span class='ocrx_word' id='word_1_483' title='bbox 502 3217 516 3231; x_wconf 78' lang='grc' dir='ltr'><strong>ο</strong></span> <span class='ocrx_word' id='word_1_484' title='bbox 543 3204 645 3252; x_wconf 79' lang='grc' dir='ltr'><strong>Καὶ</strong></span> <span class='ocrx_word' id='word_1_485' title='bbox 665 3214 809 3254; x_wconf 89' lang='lat' dir='ltr'><strong>sane</strong></span> <span class='ocrx_word' id='word_1_486' title='bbox 832 3197 1133 3269; x_wconf 87' lang='lat' dir='ltr'><strong>perplacet</strong></span> <span class='ocrx_word' id='word_1_487' title='bbox 1166 3214 1180 3263; x_wconf 89' lang='lat'><strong>;</strong></span> <span class='ocrx_word' id='word_1_488' title='bbox 1210 3197 1470 3253; x_wconf 86' lang='lat' dir='ltr'><strong>Christus</strong></span> <span class='ocrx_word' id='word_1_489' title='bbox 1498 3215 1606 3270; x_wconf 90' lang='lat' dir='ltr'><strong>pro</strong></span> <span class='ocrx_word' id='word_1_490' title='bbox 1630 3199 1902 3267; x_wconf 92' lang='lat' dir='ltr'><strong>Domino,</strong></span> 
     </span>
    </p>
   </div>
   <div class='ocr_carea' id='block_1_65' title="bbox 240 3286 1905 3361">
    <p class='ocr_par' dir='ltr' id='par_1_65' title="bbox 240 3286 1905 3361">
     <span class='ocr_line' id='line_1_65' title="bbox 240 3286 1905 3361; baseline 0.002 -20"><span class='ocrx_word' id='word_1_491' title='bbox 240 3289 394 3361; x_wconf 83' lang='lat' dir='ltr'><strong>quia</strong></span> <span class='ocrx_word' id='word_1_492' title='bbox 423 3288 482 3342; x_wconf 89' lang='lat' dir='ltr'><strong>in</strong></span> <span class='ocrx_word' id='word_1_493' title='bbox 531 3288 771 3342; x_wconf 89' lang='lat' dir='ltr'><strong>Patrum</strong></span> <span class='ocrx_word' id='word_1_494' title='bbox 810 3286 1043 3357; x_wconf 89' lang='lat' dir='ltr'><strong>scriptis</strong></span> <span class='ocrx_word' id='word_1_495' title='bbox 1079 3288 1366 3341; x_wconf 87' lang='lat' dir='ltr'><strong>Dominus</strong></span> <span class='ocrx_word' id='word_1_496' title='bbox 1397 3294 1451 3341; x_wconf 90' lang='lat' dir='ltr'><strong>et</strong></span> <span class='ocrx_word' id='word_1_497' title='bbox 1494 3288 1758 3343; x_wconf 87' lang='lat' dir='ltr'><strong>Christus</strong></span> <span class='ocrx_word' id='word_1_498' title='bbox 1796 3305 1905 3361; x_wconf 91' lang='lat' dir='ltr'><strong>pro</strong></span> 
     </span>
    </p>
   </div>
   <div class='ocr_carea' id='block_1_66' title="bbox 250 3374 1904 3449">
    <p class='ocr_par' dir='ltr' id='par_1_66' title="bbox 250 3374 1904 3449">
     <span class='ocr_line' id='line_1_66' title="bbox 250 3374 1904 3449; baseline 0.002 -19"><span class='ocrx_word' id='word_1_499' title='bbox 250 3376 471 3430; x_wconf 83' lang='lat' dir='ltr'><strong>eodem</strong></span> <span class='ocrx_word' id='word_1_500' title='bbox 511 3380 615 3429; x_wconf 90' lang='lat' dir='ltr'><strong>est.</strong></span> <span class='ocrx_word' id='word_1_501' title='bbox 641 3382 787 3429; x_wconf 87' lang='lat' dir='ltr'><strong>Tum</strong></span> <span class='ocrx_word' id='word_1_502' title='bbox 830 3390 937 3445; x_wconf 90' lang='lat' dir='ltr'><strong>pro</strong></span> <span class='ocrx_word' id='word_1_503' title='bbox 966 3374 1194 3447; x_wconf 81' lang='grc' dir='ltr'>ἀμώμως</span> <span class='ocrx_word' id='word_1_504' title='bbox 1242 3380 1333 3428; x_wconf 88' lang='grc' dir='ltr'>καὶ</span> <span class='ocrx_word' id='word_1_505' title='bbox 1363 3378 1607 3449; x_wconf 83' lang='grc' dir='ltr'>καθαρῶς</span> <span class='ocrx_word' id='word_1_506' title='bbox 1654 3378 1904 3446; x_wconf 86' lang='lat' dir='ltr'><strong>legimus</strong></span> 
     </span>
    </p>
   </div>
   <div class='ocr_carea' id='block_1_67' title="bbox 255 3461 1902 3537">
    <p class='ocr_par' dir='ltr' id='par_1_67' title="bbox 255 3461 1902 3537">
     <span class='ocr_line' id='line_1_67' title="bbox 255 3461 1902 3537; baseline 0.003 -23"><span class='ocrx_word' id='word_1_507' title='bbox 255 3465 502 3537; x_wconf 76' lang='grc' dir='ltr'>καθαρῶς</span> <span class='ocrx_word' id='word_1_508' title='bbox 542 3467 630 3515; x_wconf 83' lang='grc' dir='ltr'>καὶ</span> <span class='ocrx_word' id='word_1_509' title='bbox 671 3461 914 3535; x_wconf 77' lang='grc' dir='ltr'><strong>ἂμώμως,</strong></span> <span class='ocrx_word' id='word_1_510' title='bbox 940 3464 1048 3519; x_wconf 89' lang='lat' dir='ltr'><strong>levi</strong></span> <span class='ocrx_word' id='word_1_511' title='bbox 1086 3464 1413 3521; x_wconf 86' lang='lat' dir='ltr'><strong>mutatione</strong></span> <span class='ocrx_word' id='word_1_512' title='bbox 1450 3482 1463 3530; x_wconf 95' lang='lat'>;</span> <span class='ocrx_word' id='word_1_513' title='bbox 1496 3472 1552 3521; x_wconf 91' lang='lat' dir='ltr'><strong>et</strong></span> <span class='ocrx_word' id='word_1_514' title='bbox 1579 3483 1685 3537; x_wconf 88' lang='lat' dir='ltr'><strong>pro</strong></span> <span class='ocrx_word' id='word_1_515' title='bbox 1719 3475 1902 3535; x_wconf 77' lang='grc' dir='ltr'>ποιεῖν,</span> 
     </span>
    </p>
   </div>
   <div class='ocr_carea' id='block_1_68' title="bbox 254 3551 1903 3627">
    <p class='ocr_par' dir='ltr' id='par_1_68' title="bbox 254 3551 1903 3627">
     <span class='ocr_line' id='line_1_68' title="bbox 254 3551 1903 3627; baseline 0.006 -24"><span class='ocrx_word' id='word_1_516' title='bbox 254 3559 497 3615; x_wconf 85' lang='grc' dir='ltr'>ποιῆσαι,</span> <span class='ocrx_word' id='word_1_517' title='bbox 521 3567 639 3606; x_wconf 89' lang='lat' dir='ltr'><strong>non</strong></span> <span class='ocrx_word' id='word_1_518' title='bbox 668 3551 836 3617; x_wconf 88' lang='lat' dir='ltr'><strong>male,</strong></span> <span class='ocrx_word' id='word_1_519' title='bbox 856 3552 997 3624; x_wconf 90' lang='lat' dir='ltr'><strong>quia</strong></span> <span class='ocrx_word' id='word_1_520' title='bbox 1016 3555 1129 3608; x_wconf 87' lang='lat' dir='ltr'><strong>hoc</strong></span> <span class='ocrx_word' id='word_1_521' title='bbox 1146 3559 1384 3624; x_wconf 86' lang='lat' dir='ltr'><strong>tempus</strong></span> <span class='ocrx_word' id='word_1_522' title='bbox 1408 3571 1587 3626; x_wconf 85' lang='lat' dir='ltr'><strong>saepe</strong></span> <span class='ocrx_word' id='word_1_523' title='bbox 1602 3558 1865 3627; x_wconf 85' lang='lat' dir='ltr'><strong>sequitur</strong></span> <span class='ocrx_word' id='word_1_524' title='bbox 1890 3574 1903 3626; x_wconf 90' lang='lat'>;</span> 
     </span>
    </p>
   </div>
   <div class='ocr_carea' id='block_1_69' title="bbox 252 3640 1907 3719">
    <p class='ocr_par' dir='ltr' id='par_1_69' title="bbox 252 3640 1907 3719">
     <span class='ocr_line' id='line_1_69' title="bbox 252 3640 1907 3719; baseline 0.001 -22"><span class='ocrx_word' id='word_1_525' title='bbox 252 3656 365 3713; x_wconf 85' lang='lat' dir='ltr'><strong>pro</strong></span> <span class='ocrx_word' id='word_1_526' title='bbox 394 3640 577 3705; x_wconf 75' lang='grc' dir='ltr'>οὕτως,</span> <span class='ocrx_word' id='word_1_527' title='bbox 611 3640 778 3706; x_wconf 80' lang='grc' dir='ltr'>οὗτος,</span> <span class='ocrx_word' id='word_1_528' title='bbox 809 3641 984 3706; x_wconf 90' lang='lat' dir='ltr'><strong>male,</strong></span> <span class='ocrx_word' id='word_1_529' title='bbox 1029 3658 1170 3697; x_wconf 90' lang='lat' dir='ltr'><strong>nam</strong></span> <span class='ocrx_word' id='word_1_530' title='bbox 1209 3641 1532 3711; x_wconf 88' lang='lat' dir='ltr'><strong>legendum</strong></span> <span class='ocrx_word' id='word_1_531' title='bbox 1562 3646 1757 3713; x_wconf 77' lang='grc' dir='ltr'>οὖτως;</span> <span class='ocrx_word' id='word_1_532' title='bbox 1799 3663 1907 3719; x_wconf 88' lang='lat' dir='ltr'><strong>pro</strong></span> 
     </span>
    </p>
   </div>
   <div class='ocr_carea' id='block_1_70' title="bbox 248 3728 1908 3809">
    <p class='ocr_par' dir='ltr' id='par_1_70' title="bbox 248 3728 1908 3809">
     <span class='ocr_line' id='line_1_70' title="bbox 248 3728 1908 3809; baseline 0.007 -28"><span class='ocrx_word' id='word_1_533' title='bbox 248 3728 586 3806; x_wconf 70' lang='grc' dir='ltr'>ἐνάρξασθαι,</span> <span class='ocrx_word' id='word_1_534' title='bbox 656 3730 933 3803; x_wconf 81' lang='grc' dir='ltr'>ἄρξεσθαι,</span> <span class='ocrx_word' id='word_1_535' title='bbox 987 3731 1151 3802; x_wconf 86' lang='lat' dir='ltr'><strong>quod</strong></span> <span class='ocrx_word' id='word_1_536' title='bbox 1214 3732 1424 3787; x_wconf 84' lang='lat' dir='ltr'><strong>melius</strong></span> <span class='ocrx_word' id='word_1_537' title='bbox 1471 3734 1755 3809; x_wconf 80' lang='grc' dir='ltr'>ἄρξασθαι.</span> <span class='ocrx_word' id='word_1_538' title='bbox 1806 3741 1908 3791; x_wconf 86' lang='lat' dir='ltr'><strong>Pe-</strong></span> 
     </span>
    </p>
   </div>
   <div class='ocr_carea' id='block_1_71' title="bbox 244 3818 1414 3876">
    <p class='ocr_par' dir='ltr' id='par_1_71' title="bbox 244 3818 1414 3876">
     <span class='ocr_line' id='line_1_71' title="bbox 244 3818 1414 3876; baseline 0.001 -1"><span class='ocrx_word' id='word_1_539' title='bbox 244 3818 458 3875; x_wconf 87' lang='lat' dir='ltr'><strong>riodus</strong></span> <span class='ocrx_word' id='word_1_540' title='bbox 485 3820 669 3875; x_wconf 88' lang='lat' dir='ltr'><strong>altera</strong></span> <span class='ocrx_word' id='word_1_541' title='bbox 691 3819 805 3875; x_wconf 89' lang='lat' dir='ltr'><strong>levi</strong></span> <span class='ocrx_word' id='word_1_542' title='bbox 842 3820 1171 3875; x_wconf 90' lang='lat' dir='ltr'><strong>mutatione</strong></span> <span class='ocrx_word' id='word_1_543' title='bbox 1196 3821 1414 3876; x_wconf 76' lang='lat' dir='ltr'><strong>differt.</strong></span> 
     </span>
    </p>
   </div>
   <div class='ocr_carea' id='block_1_72' title="bbox 323 3908 1909 3982">
    <p class='ocr_par' dir='ltr' id='par_1_72' title="bbox 323 3908 1909 3982">
     <span class='ocr_line' id='line_1_72' title="bbox 323 3908 1909 3982; baseline 0.003 -19"><span class='ocrx_word' id='word_1_544' title='bbox 323 3909 386 3963; x_wconf 89' lang='lat' dir='ltr'><strong>In</strong></span> <span class='ocrx_word' id='word_1_545' title='bbox 422 3908 723 3979; x_wconf 87' lang='lat' dir='ltr'><strong>Opusculo</strong></span> <span class='ocrx_word' id='word_1_546' title='bbox 755 3908 829 3965; x_wconf 85' lang='lat' dir='ltr'><strong>de</strong></span> <span class='ocrx_word' id='word_1_547' title='bbox 861 3908 1147 3965; x_wconf 85' lang='lat' dir='ltr'><strong>Custodia</strong></span> <span class='ocrx_word' id='word_1_548' title='bbox 1180 3912 1448 3982; x_wconf 89' lang='lat' dir='ltr'><strong>sequitur</strong></span> <span class='ocrx_word' id='word_1_549' title='bbox 1480 3929 1492 3966; x_wconf 91' lang='lat'>:</span> <span class='ocrx_word' id='word_1_550' title='bbox 1527 3917 1635 3965; x_wconf 82' lang='grc' dir='ltr'>καὶ</span> <span class='ocrx_word' id='word_1_551' title='bbox 1674 3914 1764 3975; x_wconf 83' lang='grc' dir='ltr'><strong>εἰς</strong></span> <span class='ocrx_word' id='word_1_552' title='bbox 1805 3919 1909 3973; x_wconf 82' lang='grc' dir='ltr'>τὴν</span> 
     </span>
    </p>
   </div>
   <div class='ocr_carea' id='block_1_73' title="bbox 248 3997 1907 4076">
    <p class='ocr_par' dir='ltr' id='par_1_73' title="bbox 248 3997 1907 4076">
     <span class='ocr_line' id='line_1_73' title="bbox 248 3997 1907 4076; baseline 0.002 -25"><span class='ocrx_word' id='word_1_553' title='bbox 248 3997 459 4070; x_wconf 80' lang='grc' dir='ltr'>εὐχήν</span> <span class='ocrx_word' id='word_1_554' title='bbox 506 3999 795 4049; x_wconf 81' lang='grc' dir='ltr'>πάντοτε</span> <span class='ocrx_word' id='word_1_555' title='bbox 833 4006 1357 4074; x_wconf 81' lang='grc' dir='ltr'>προσκαρτερεῖν</span> <span class='ocrx_word' id='word_1_556' title='bbox 1397 4000 1602 4053; x_wconf 74' lang='grc' dir='ltr'>αὐτόν</span> <span class='ocrx_word' id='word_1_557' title='bbox 1634 4019 1645 4031; x_wconf 89' lang='grc'><strong>·</strong></span> <span class='ocrx_word' id='word_1_558' title='bbox 1680 4008 1907 4076; x_wconf 78' lang='grc' dir='ltr'>καὶμὴ</span> 
     </span>
    </p>
   </div>
   <div class='ocr_carea' id='block_1_74' title="bbox 248 4082 1911 4163">
    <p class='ocr_par' dir='ltr' id='par_1_74' title="bbox 248 4082 1911 4163">
     <span class='ocr_line' id='line_1_74' title="bbox 248 4082 1911 4163; baseline 0.002 -24"><span class='ocrx_word' id='word_1_559' title='bbox 248 4086 741 4158; x_wconf 71' lang='grc' dir='ltr'>ἀπογινώσκειν</span> <span class='ocrx_word' id='word_1_560' title='bbox 778 4082 1324 4159; x_wconf 76' lang='grc' dir='ltr'>προσδεχόμενος</span> <span class='ocrx_word' id='word_1_561' title='bbox 1364 4096 1472 4141; x_wconf 81' lang='grc' dir='ltr'>τοῦ</span> <span class='ocrx_word' id='word_1_562' title='bbox 1516 4096 1759 4163; x_wconf 82' lang='grc' dir='ltr'>Κυρίου</span> <span class='ocrx_word' id='word_1_563' title='bbox 1799 4097 1911 4151; x_wconf 78' lang='grc' dir='ltr'>τὴν</span> 
     </span>
    </p>
   </div>
   <div class='ocr_carea' id='block_1_75' title="bbox 245 4173 1912 4247">
    <p class='ocr_par' dir='ltr' id='par_1_75' title="bbox 245 4173 1912 4247">
     <span class='ocr_line' id='line_1_75' title="bbox 245 4173 1912 4247; baseline 0.002 -18"><span class='ocrx_word' id='word_1_564' title='bbox 245 4174 604 4245; x_wconf 75' lang='grc' dir='ltr'>ἑπίσκεψιν</span> <span class='ocrx_word' id='word_1_565' title='bbox 635 4179 743 4227; x_wconf 84' lang='grc' dir='ltr'>καὶ</span> <span class='ocrx_word' id='word_1_566' title='bbox 770 4179 882 4233; x_wconf 79' lang='grc' dir='ltr'>τὴν</span> <span class='ocrx_word' id='word_1_567' title='bbox 916 4173 1244 4247; x_wconf 78' lang='grc' dir='ltr'>βοήθειαν</span> <span class='ocrx_word' id='word_1_568' title='bbox 1294 4180 1591 4245; x_wconf 77' lang='grc' dir='ltr'>πάντοτε,</span> <span class='ocrx_word' id='word_1_569' title='bbox 1622 4184 1728 4232; x_wconf 89' lang='grc' dir='ltr'>τὸν</span> <span class='ocrx_word' id='word_1_570' title='bbox 1772 4200 1912 4233; x_wconf 83' lang='grc' dir='ltr'>σκο-</span> 
     </span>
    </p>
   </div>
   <div class='ocr_carea' id='block_1_76' title="bbox 246 4262 1909 4337">
    <p class='ocr_par' dir='ltr' id='par_1_76' title="bbox 246 4262 1909 4337">
     <span class='ocr_line' id='line_1_76' title="bbox 246 4262 1909 4337; baseline 0.003 -20"><span class='ocrx_word' id='word_1_571' title='bbox 246 4266 371 4317; x_wconf 85' lang='grc' dir='ltr'>πὸν</span> <span class='ocrx_word' id='word_1_572' title='bbox 398 4270 510 4315; x_wconf 79' lang='grc' dir='ltr'>τοῦ</span> <span class='ocrx_word' id='word_1_573' title='bbox 538 4266 683 4323; x_wconf 88' lang='grc' dir='ltr'>νοὸς</span> <span class='ocrx_word' id='word_1_574' title='bbox 715 4266 916 4316; x_wconf 77' lang='grc' dir='ltr'>αὑτοῦ</span> <span class='ocrx_word' id='word_1_575' title='bbox 950 4262 1038 4326; x_wconf 83' lang='grc' dir='ltr'><strong>εἰς</strong></span> <span class='ocrx_word' id='word_1_576' title='bbox 1058 4272 1245 4317; x_wconf 83' lang='grc' dir='ltr'>τοῦτο</span> <span class='ocrx_word' id='word_1_577' title='bbox 1277 4269 1443 4337; x_wconf 82' lang='grc' dir='ltr'>ἓχὼν</span> <span class='ocrx_word' id='word_1_578' title='bbox 1476 4264 1588 4319; x_wconf 81' lang='grc' dir='ltr'><strong>διὰ</strong></span> <span class='ocrx_word' id='word_1_579' title='bbox 1626 4275 1866 4331; x_wconf 82' lang='grc' dir='ltr'>παντός</span> <span class='ocrx_word' id='word_1_580' title='bbox 1896 4288 1909 4301; x_wconf 74' lang='grc'><strong>⁸</strong></span> 
     </span>
    </p>
   </div>
   <div class='ocr_carea' id='block_1_77' title="bbox 244 4352 1908 4433">
    <p class='ocr_par' dir='ltr' id='par_1_77' title="bbox 244 4352 1908 4433">
     <span class='ocr_line' id='line_1_77' title="bbox 244 4352 1908 4433; baseline 0.001 -23"><span class='ocrx_word' id='word_1_581' title='bbox 244 4356 314 4410; x_wconf 92' lang='lat' dir='ltr'><strong>In</strong></span> <span class='ocrx_word' id='word_1_582' title='bbox 346 4352 598 4408; x_wconf 87' lang='lat' dir='ltr'><strong>Homilia</strong></span> <span class='ocrx_word' id='word_1_583' title='bbox 620 4352 997 4422; x_wconf 88' lang='lat' dir='ltr'><strong>aliquantum</strong></span> <span class='ocrx_word' id='word_1_584' title='bbox 1031 4353 1196 4409; x_wconf 87' lang='lat' dir='ltr'><strong>aliter</strong></span> <span class='ocrx_word' id='word_1_585' title='bbox 1229 4373 1242 4410; x_wconf 90' lang='lat'><strong>:</strong></span> <span class='ocrx_word' id='word_1_586' title='bbox 1267 4361 1356 4408; x_wconf 83' lang='grc' dir='ltr'>καὶ</span> <span class='ocrx_word' id='word_1_587' title='bbox 1386 4356 1457 4419; x_wconf 83' lang='grc' dir='ltr'><strong>ἐὶς</strong></span> <span class='ocrx_word' id='word_1_588' title='bbox 1485 4362 1578 4416; x_wconf 78' lang='grc' dir='ltr'>τὴν</span> <span class='ocrx_word' id='word_1_589' title='bbox 1610 4358 1774 4429; x_wconf 78' lang='grc' dir='ltr'>εὐχὴν</span> <span class='ocrx_word' id='word_1_590' title='bbox 1800 4364 1908 4433; x_wconf 80' lang='grc' dir='ltr'>χρὴ</span> 
     </span>
    </p>
   </div>
   <div class='ocr_carea' id='block_1_78' title="bbox 2018 3194 3676 3270">
    <p class='ocr_par' dir='ltr' id='par_1_78' title="bbox 2018 3194 3676 3270">
     <span class='ocr_line' id='line_1_78' title="bbox 2018 3194 3676 3270; baseline -0.004 -12"><span class='ocrx_word' id='word_1_591' title='bbox 2018 3203 2089 3258; x_wconf 86' lang='lat' dir='ltr'><strong>de</strong></span> <span class='ocrx_word' id='word_1_592' title='bbox 2121 3200 2414 3256; x_wconf 82' lang='lat' dir='ltr'><strong>Libertate</strong></span> <span class='ocrx_word' id='word_1_593' title='bbox 2437 3199 2650 3254; x_wconf 85' lang='lat' dir='ltr'><strong>mentis</strong></span> <span class='ocrx_word' id='word_1_594' title='bbox 2680 3214 2815 3270; x_wconf 87' lang='lat' dir='ltr'><strong>cap.</strong></span> <span class='ocrx_word' id='word_1_595' title='bbox 2847 3201 2908 3253; x_wconf 80' lang='lat' dir='ltr'><strong>l3</strong></span> <span class='ocrx_word' id='word_1_596' title='bbox 2948 3196 3010 3252; x_wconf 89' lang='lat' dir='ltr'><strong>id</strong></span> <span class='ocrx_word' id='word_1_597' title='bbox 3044 3196 3304 3262; x_wconf 89' lang='lat' dir='ltr'><strong>additur,</strong></span> <span class='ocrx_word' id='word_1_598' title='bbox 3333 3194 3500 3269; x_wconf 88' lang='lat' dir='ltr'><strong>quod</strong></span> <span class='ocrx_word' id='word_1_599' title='bbox 3532 3211 3676 3252; x_wconf 87' lang='lat' dir='ltr'><strong>mox</strong></span> 
     </span>
    </p>
   </div>
   <div class='ocr_carea' id='block_1_79' title="bbox 2019 3288 3629 3363">
    <p class='ocr_par' dir='ltr' id='par_1_79' title="bbox 2019 3288 3629 3363">
     <span class='ocr_line' id='line_1_79' title="bbox 2019 3288 3629 3363; baseline -0.001 -19"><span class='ocrx_word' id='word_1_600' title='bbox 2019 3290 2292 3363; x_wconf 89' lang='lat' dir='ltr'><strong>pluribus</strong></span> <span class='ocrx_word' id='word_1_601' title='bbox 2324 3288 2680 3344; x_wconf 87' lang='lat' dir='ltr'><strong>videbimus.</strong></span> <span class='ocrx_word' id='word_1_602' title='bbox 3626 3308 3629 3309; x_wconf 65' lang='lat'><strong><em>&#39;</em></strong></span> 
     </span>
    </p>
   </div>
   <div class='ocr_carea' id='block_1_80' title="bbox 2089 3372 3679 3449">
    <p class='ocr_par' dir='ltr' id='par_1_80' title="bbox 2089 3372 3679 3449">
     <span class='ocr_line' id='line_1_80' title="bbox 2089 3372 3679 3449; baseline -0.006 -15"><span class='ocrx_word' id='word_1_603' title='bbox 2089 3380 2148 3433; x_wconf 89' lang='lat' dir='ltr'><strong>ln</strong></span> <span class='ocrx_word' id='word_1_604' title='bbox 2183 3376 2483 3449; x_wconf 87' lang='lat' dir='ltr'><strong>Opusculo</strong></span> <span class='ocrx_word' id='word_1_605' title='bbox 2501 3376 2693 3449; x_wconf 91' lang='lat' dir='ltr'><strong>primo</strong></span> <span class='ocrx_word' id='word_1_606' title='bbox 2725 3375 2803 3431; x_wconf 88' lang='lat' dir='ltr'><strong>ita</strong></span> <span class='ocrx_word' id='word_1_607' title='bbox 2828 3375 3095 3447; x_wconf 89' lang='lat' dir='ltr'><strong>procedit</strong></span> <span class='ocrx_word' id='word_1_608' title='bbox 3125 3392 3138 3429; x_wconf 88' lang='lat'><strong>:</strong></span> <span class='ocrx_word' id='word_1_609' title='bbox 3163 3373 3293 3427; x_wconf 82' lang='grc' dir='ltr'>οἷον</span> <span class='ocrx_word' id='word_1_610' title='bbox 3318 3372 3679 3447; x_wconf 79' lang='grc' dir='ltr'>βιάζεσθαι</span> 
     </span>
    </p>
   </div>
   <div class='ocr_carea' id='block_1_81' title="bbox 2018 3464 3677 3538">
    <p class='ocr_par' dir='ltr' id='par_1_81' title="bbox 2018 3464 3677 3538">
     <span class='ocr_line' id='line_1_81' title="bbox 2018 3464 3677 3538; baseline -0.005 -16"><span class='ocrx_word' id='word_1_611' title='bbox 2018 3469 2244 3522; x_wconf 75' lang='grc' dir='ltr'>ἑαυτὸν</span> <span class='ocrx_word' id='word_1_612' title='bbox 2294 3466 2383 3528; x_wconf 85' lang='grc' dir='ltr'><strong>εἰς</strong></span> <span class='ocrx_word' id='word_1_613' title='bbox 2425 3470 2491 3518; x_wconf 83' lang='grc' dir='ltr'>τὸ</span> <span class='ocrx_word' id='word_1_614' title='bbox 2544 3471 3076 3538; x_wconf 80' lang='grc' dir='ltr'>ταπεινοφρονείν</span> <span class='ocrx_word' id='word_1_615' title='bbox 3124 3464 3391 3516; x_wconf 82' lang='grc' dir='ltr'>ἐνώπιον</span> <span class='ocrx_word' id='word_1_616' title='bbox 3430 3464 3677 3516; x_wconf 80' lang='grc' dir='ltr'>πάντῶν</span> 
     </span>
    </p>
   </div>
   <div class='ocr_carea' id='block_1_82' title="bbox 2019 3555 3677 3629">
    <p class='ocr_par' dir='ltr' id='par_1_82' title="bbox 2019 3555 3677 3629">
     <span class='ocr_line' id='line_1_82' title="bbox 2019 3555 3677 3629; baseline -0.003 -19"><span class='ocrx_word' id='word_1_617' title='bbox 2019 3558 2379 3629; x_wconf 80' lang='grc' dir='ltr'>ἀνθρώπων,</span> <span class='ocrx_word' id='word_1_618' title='bbox 2421 3560 2529 3607; x_wconf 84' lang='grc' dir='ltr'>καὶ</span> <span class='ocrx_word' id='word_1_619' title='bbox 2571 3555 2799 3607; x_wconf 81' lang='grc' dir='ltr'>ἑαυτὸν</span> <span class='ocrx_word' id='word_1_620' title='bbox 2838 3558 3090 3607; x_wconf 79' lang='grc' dir='ltr'>πάντων</span> <span class='ocrx_word' id='word_1_621' title='bbox 3123 3555 3358 3606; x_wconf 78' lang='grc' dir='ltr'>ἑλαττω</span> <span class='ocrx_word' id='word_1_622' title='bbox 3397 3557 3505 3605; x_wconf 86' lang='grc' dir='ltr'>καὶ</span> <span class='ocrx_word' id='word_1_623' title='bbox 3543 3555 3677 3624; x_wconf 84' lang='grc' dir='ltr'>χεί-</span> 
     </span>
    </p>
   </div>
   <div class='ocr_carea' id='block_1_83' title="bbox 2017 3639 3681 3721">
    <p class='ocr_par' dir='ltr' id='par_1_83' title="bbox 2017 3639 3681 3721">
     <span class='ocr_line' id='line_1_83' title="bbox 2017 3639 3681 3721; baseline -0.004 -21"><span class='ocrx_word' id='word_1_624' title='bbox 2017 3668 2167 3721; x_wconf 87' lang='grc' dir='ltr'>ρονα</span> <span class='ocrx_word' id='word_1_625' title='bbox 2196 3647 2530 3716; x_wconf 73' lang='grc' dir='ltr'>ἡγεῖσθαι,</span> <span class='ocrx_word' id='word_1_626' title='bbox 2559 3649 2638 3715; x_wconf 81' lang='grc' dir='ltr'><strong>μὴ</strong></span> <span class='ocrx_word' id='word_1_627' title='bbox 2673 3644 2882 3705; x_wconf 81' lang='grc' dir='ltr'>ζητῶν</span> <span class='ocrx_word' id='word_1_628' title='bbox 2921 3649 3116 3715; x_wconf 76' lang='grc' dir='ltr'>τιμὴν</span> <span class='ocrx_word' id='word_1_629' title='bbox 3150 3644 3181 3704; x_wconf 77' lang='grc' dir='ltr'><strong>ἣ</strong></span> <span class='ocrx_word' id='word_1_630' title='bbox 3225 3646 3488 3696; x_wconf 82' lang='grc' dir='ltr'>ἔπαινόν</span> <span class='ocrx_word' id='word_1_631' title='bbox 3518 3642 3547 3700; x_wconf 80' lang='grc' dir='ltr'><strong>ἣ</strong></span> <span class='ocrx_word' id='word_1_632' title='bbox 3584 3639 3681 3694; x_wconf 56' lang='lat'><strong>6‘6-</strong></span> 
     </span>
    </p>
   </div>
   <div class='ocr_carea' id='block_1_84' title="bbox 2020 3732 3682 3807">
    <p class='ocr_par' dir='ltr' id='par_1_84' title="bbox 2020 3732 3682 3807">
     <span class='ocr_line' id='line_1_84' title="bbox 2020 3732 3682 3807; baseline -0.005 -18"><span class='ocrx_word' id='word_1_633' title='bbox 2020 3738 2128 3799; x_wconf 85' lang='grc' dir='ltr'>ξαν</span> <span class='ocrx_word' id='word_1_634' title='bbox 2158 3738 2330 3807; x_wconf 80' lang='grc' dir='ltr'>παρά</span> <span class='ocrx_word' id='word_1_635' title='bbox 2369 3754 2562 3803; x_wconf 85' lang='grc' dir='ltr'>τινος,</span> <span class='ocrx_word' id='word_1_636' title='bbox 2605 3734 2897 3794; x_wconf 77' lang='grc' dir='ltr'>καθὼςὲν</span> <span class='ocrx_word' id='word_1_637' title='bbox 2937 3741 3017 3803; x_wconf 83' lang='grc' dir='ltr'>τῷ</span> <span class='ocrx_word' id='word_1_638' title='bbox 3052 3732 3415 3805; x_wconf 65' lang='grc' dir='ltr'>Εὗαγγελίῳ</span> <span class='ocrx_word' id='word_1_639' title='bbox 3453 3734 3682 3802; x_wconf 75' lang='grc' dir='ltr'><strong>’γέγρα-</strong></span> 
     </span>
    </p>
   </div>
   <div class='ocr_carea' id='block_1_85' title="bbox 2021 3819 3681 3894">
    <p class='ocr_par' dir='ltr' id='par_1_85' title="bbox 2021 3819 3681 3894">
     <span class='ocr_line' id='line_1_85' title="bbox 2021 3819 3681 3894; baseline -0.002 -16"><span class='ocrx_word' id='word_1_640' title='bbox 2021 3846 2193 3893; x_wconf 76' lang='grc' dir='ltr'>πται.</span> <span class='ocrx_word' id='word_1_641' title='bbox 2245 3826 2309 3878; x_wconf 90' lang='lat' dir='ltr'><strong>In</strong></span> <span class='ocrx_word' id='word_1_642' title='bbox 2340 3823 2586 3879; x_wconf 90' lang='lat' dir='ltr'><strong>homilia</strong></span> <span class='ocrx_word' id='word_1_643' title='bbox 2618 3838 2726 3894; x_wconf 92' lang='lat' dir='ltr'><strong>pro</strong></span> <span class='ocrx_word' id='word_1_644' title='bbox 2766 3820 3053 3894; x_wconf 79' lang='grc' dir='ltr'>βιάζεσθαι</span> <span class='ocrx_word' id='word_1_645' title='bbox 3110 3828 3200 3877; x_wconf 87' lang='lat' dir='ltr'><strong>est</strong></span> <span class='ocrx_word' id='word_1_646' title='bbox 3241 3819 3533 3892; x_wconf 78' lang='grc' dir='ltr'>βιαξέσθω,</span> <span class='ocrx_word' id='word_1_647' title='bbox 3559 3834 3681 3875; x_wconf 91' lang='lat' dir='ltr'><strong>non</strong></span> 
     </span>
    </p>
   </div>
   <div class='ocr_carea' id='block_1_86' title="bbox 2022 3908 3682 3985">
    <p class='ocr_par' dir='ltr' id='par_1_86' title="bbox 2022 3908 3682 3985">
     <span class='ocr_line' id='line_1_86' title="bbox 2022 3908 3682 3985; baseline -0.004 -15"><span class='ocrx_word' id='word_1_648' title='bbox 2022 3916 2200 3978; x_wconf 90' lang='lat' dir='ltr'><strong>male,</strong></span> <span class='ocrx_word' id='word_1_649' title='bbox 2232 3912 2397 3985; x_wconf 89' lang='lat' dir='ltr'><strong>quod</strong></span> <span class='ocrx_word' id='word_1_650' title='bbox 2420 3913 2806 3983; x_wconf 89' lang='lat' dir='ltr'><strong>imperativus</strong></span> <span class='ocrx_word' id='word_1_651' title='bbox 2838 3925 3015 3982; x_wconf 91' lang='lat' dir='ltr'><strong>saepe</strong></span> <span class='ocrx_word' id='word_1_652' title='bbox 3042 3910 3331 3981; x_wconf 88' lang='lat' dir='ltr'><strong>sequitur,</strong></span> <span class='ocrx_word' id='word_1_653' title='bbox 3384 3915 3438 3963; x_wconf 89' lang='lat' dir='ltr'><strong>et</strong></span> <span class='ocrx_word' id='word_1_654' title='bbox 3461 3908 3682 3979; x_wconf 89' lang='lat' dir='ltr'><strong>ubique</strong></span> 
     </span>
    </p>
   </div>
   <div class='ocr_carea' id='block_1_87' title="bbox 2025 3997 3682 4071">
    <p class='ocr_par' dir='ltr' id='par_1_87' title="bbox 2025 3997 3682 4071">
     <span class='ocr_line' id='line_1_87' title="bbox 2025 3997 3682 4071; baseline -0.008 -12"><span class='ocrx_word' id='word_1_655' title='bbox 2025 4003 2171 4059; x_wconf 81' lang='lat' dir='ltr'><strong>forte</strong></span> <span class='ocrx_word' id='word_1_656' title='bbox 2203 4000 2587 4071; x_wconf 89' lang='lat' dir='ltr'><strong>reponendus</strong></span> <span class='ocrx_word' id='word_1_657' title='bbox 2627 3999 2719 4053; x_wconf 88' lang='lat' dir='ltr'><strong>sit.</strong></span> <span class='ocrx_word' id='word_1_658' title='bbox 2751 4001 2892 4053; x_wconf 88' lang='lat' dir='ltr'><strong>Eam</strong></span> <span class='ocrx_word' id='word_1_659' title='bbox 2949 3999 3215 4069; x_wconf 90' lang='lat' dir='ltr'><strong>sequitur</strong></span> <span class='ocrx_word' id='word_1_660' title='bbox 3248 4015 3261 4052; x_wconf 90' lang='lat'>:</span> <span class='ocrx_word' id='word_1_661' title='bbox 3299 4001 3370 4069; x_wconf 80' lang='grc' dir='ltr'><em>μὴ</em></span> <span class='ocrx_word' id='word_1_662' title='bbox 3415 3997 3583 4057; x_wconf 83' lang='grc' dir='ltr'>ζητῶν</span> <span class='ocrx_word' id='word_1_663' title='bbox 3610 4016 3682 4048; x_wconf 62' lang='grc' dir='ltr'>τι.</span> 
     </span>
    </p>
   </div>
   <div class='ocr_carea' id='block_1_88' title="bbox 2024 4084 3685 4165">
    <p class='ocr_par' dir='ltr' id='par_1_88' title="bbox 2024 4084 3685 4165">
     <span class='ocr_line' id='line_1_88' title="bbox 2024 4084 3685 4165; baseline -0.004 -23"><span class='ocrx_word' id='word_1_664' title='bbox 2024 4097 2126 4165; x_wconf 82' lang='grc' dir='ltr'><strong>μὴν</strong></span> <span class='ocrx_word' id='word_1_665' title='bbox 2157 4096 2290 4155; x_wconf 89' lang='lat' dir='ltr'><strong>cet.,</strong></span> <span class='ocrx_word' id='word_1_666' title='bbox 2342 4088 2507 4162; x_wconf 91' lang='lat' dir='ltr'><strong>quod</strong></span> <span class='ocrx_word' id='word_1_667' title='bbox 2566 4102 2685 4142; x_wconf 91' lang='lat' dir='ltr'><strong>non</strong></span> <span class='ocrx_word' id='word_1_668' title='bbox 2746 4092 2899 4142; x_wconf 89' lang='lat' dir='ltr'><strong>stare</strong></span> <span class='ocrx_word' id='word_1_669' title='bbox 2952 4090 3151 4158; x_wconf 87' lang='lat' dir='ltr'><strong>potest</strong></span> <span class='ocrx_word' id='word_1_670' title='bbox 3203 4102 3341 4141; x_wconf 93' lang='lat' dir='ltr'><strong>cum</strong></span> <span class='ocrx_word' id='word_1_671' title='bbox 3401 4084 3685 4156; x_wconf 80' lang='grc' dir='ltr'>βιάζεσθαι</span> 
     </span>
    </p>
   </div>
   <div class='ocr_carea' id='block_1_89' title="bbox 2025 4172 3680 4254">
    <p class='ocr_par' dir='ltr' id='par_1_89' title="bbox 2025 4172 3680 4254">
     <span class='ocr_line' id='line_1_89' title="bbox 2025 4172 3680 4254; baseline -0.007 -15"><span class='ocrx_word' id='word_1_672' title='bbox 2025 4180 2208 4254; x_wconf 82' lang='grc' dir='ltr'><strong>[χρή].</strong></span> <span class='ocrx_word' id='word_1_673' title='bbox 2246 4178 2349 4234; x_wconf 90' lang='lat' dir='ltr'><strong>sed</strong></span> <span class='ocrx_word' id='word_1_674' title='bbox 2395 4194 2571 4233; x_wconf 87' lang='lat' dir='ltr'><strong>casus</strong></span> <span class='ocrx_word' id='word_1_675' title='bbox 2619 4182 2866 4248; x_wconf 89' lang='lat' dir='ltr'><strong>quartus</strong></span> <span class='ocrx_word' id='word_1_676' title='bbox 2906 4192 3038 4232; x_wconf 91' lang='lat' dir='ltr'><strong>esse</strong></span> <span class='ocrx_word' id='word_1_677' title='bbox 3079 4174 3358 4230; x_wconf 90' lang='lat' dir='ltr'><strong>debebat.</strong></span> <span class='ocrx_word' id='word_1_678' title='bbox 3412 4172 3680 4243; x_wconf 78' lang='lat' dir='ltr'><strong>Omissis,</strong></span> 
     </span>
    </p>
   </div>
   <div class='ocr_carea' id='block_1_90' title="bbox 2023 4259 3687 4343">
    <p class='ocr_par' dir='ltr' id='par_1_90' title="bbox 2023 4259 3687 4343">
     <span class='ocr_line' id='line_1_90' title="bbox 2023 4259 3687 4343; baseline -0.005 -20"><span class='ocrx_word' id='word_1_679' title='bbox 2023 4286 2179 4343; x_wconf 88' lang='lat' dir='ltr'><strong>quae</strong></span> <span class='ocrx_word' id='word_1_680' title='bbox 2212 4285 2331 4324; x_wconf 90' lang='lat' dir='ltr'><strong>non</strong></span> <span class='ocrx_word' id='word_1_681' title='bbox 2365 4266 2618 4323; x_wconf 91' lang='lat' dir='ltr'><strong>multum</strong></span> <span class='ocrx_word' id='word_1_682' title='bbox 2651 4264 2955 4331; x_wconf 68' lang='lat' dir='ltr'><strong>differunt,</strong></span> <span class='ocrx_word' id='word_1_683' title='bbox 2997 4281 3107 4337; x_wconf 90' lang='lat' dir='ltr'><strong>pro</strong></span> <span class='ocrx_word' id='word_1_684' title='bbox 3142 4267 3284 4338; x_wconf 85' lang='grc' dir='ltr'><strong>παρά</strong></span> <span class='ocrx_word' id='word_1_685' title='bbox 3320 4281 3454 4323; x_wconf 87' lang='grc' dir='ltr'>τινος</span> <span class='ocrx_word' id='word_1_686' title='bbox 3480 4268 3561 4318; x_wconf 91' lang='lat' dir='ltr'><strong>est</strong></span> <span class='ocrx_word' id='word_1_687' title='bbox 3599 4259 3687 4315; x_wconf 83' lang='grc' dir='ltr'><strong>δό-</strong></span> 
     </span>
    </p>
   </div>
   <div class='ocr_carea' id='block_1_91' title="bbox 2024 4350 3684 4432">
    <p class='ocr_par' dir='ltr' id='par_1_91' title="bbox 2024 4350 3684 4432">
     <span class='ocr_line' id='line_1_91' title="bbox 2024 4350 3684 4432; baseline -0.003 -21"><span class='ocrx_word' id='word_1_688' title='bbox 2024 4361 2116 4424; x_wconf 86' lang='grc' dir='ltr'>ξαν</span> <span class='ocrx_word' id='word_1_689' title='bbox 2135 4358 2201 4411; x_wconf 79' lang='grc' dir='ltr'><strong>ἁν</strong></span> <span class='ocrx_word' id='word_1_690' title='bbox 2220 4361 2245 4411; x_wconf 87' lang='grc' dir='ltr'><strong>θ</strong></span> <span class='ocrx_word' id='word_1_691' title='bbox 2260 4378 2287 4432; x_wconf 87' lang='grc' dir='ltr'><strong>ρ</strong></span> <span class='ocrx_word' id='word_1_692' title='bbox 2304 4364 2481 4410; x_wconf 85' lang='grc' dir='ltr'>ώπων</span> <span class='ocrx_word' id='word_1_693' title='bbox 2502 4358 2646 4429; x_wconf 84' lang='grc' dir='ltr'>παρὰ</span> <span class='ocrx_word' id='word_1_694' title='bbox 2665 4374 2818 4419; x_wconf 83' lang='grc' dir='ltr'>τινος,</span> <span class='ocrx_word' id='word_1_695' title='bbox 2841 4357 3004 4427; x_wconf 86' lang='lat' dir='ltr'><strong>quod</strong></span> <span class='ocrx_word' id='word_1_696' title='bbox 3036 4359 3239 4427; x_wconf 90' lang='lat' dir='ltr'><strong>putem</strong></span> <span class='ocrx_word' id='word_1_697' title='bbox 3267 4350 3684 4408; x_wconf 89' lang='lat' dir='ltr'><strong>invertendum</strong></span> 
     </span>
    </p>
   </div>
   <div class='ocr_carea' id='block_1_92' title="bbox 247 4441 1908 4527">
    <p class='ocr_par' dir='ltr' id='par_1_92' title="bbox 247 4441 1908 4521">
     <span class='ocr_line' id='line_1_92' title="bbox 247 4441 1908 4521; baseline 0.004 -25"><span class='ocrx_word' id='word_1_698' title='bbox 247 4443 413 4496; x_wconf 71' lang='grc' dir='ltr'>αὐτὸν</span> <span class='ocrx_word' id='word_1_699' title='bbox 447 4441 617 4515; x_wconf 84' lang='lat' dir='ltr'><strong>[Pag.</strong></span> <span class='ocrx_word' id='word_1_700' title='bbox 670 4442 757 4515; x_wconf 80' lang='grc'><strong>15]</strong></span> <span class='ocrx_word' id='word_1_701' title='bbox 804 4444 1025 4495; x_wconf 80' lang='grc' dir='ltr'>πάντοτε</span> <span class='ocrx_word' id='word_1_702' title='bbox 1071 4454 1497 4520; x_wconf 85' lang='grc' dir='ltr'>προσκαρτερεῖν,</span> <span class='ocrx_word' id='word_1_703' title='bbox 1549 4454 1604 4503; x_wconf 89' lang='lat' dir='ltr'><strong>et</strong></span> <span class='ocrx_word' id='word_1_704' title='bbox 1646 4447 1728 4503; x_wconf 86' lang='lat' dir='ltr'><strong>ita.</strong></span> <span class='ocrx_word' id='word_1_705' title='bbox 1780 4451 1908 4521; x_wconf 88' lang='lat' dir='ltr'><strong>qui-</strong></span> 
     </span>
    </p>
   </div>
   <div class='ocr_carea' id='block_1_93' title="bbox 2028 4441 2863 4527">
    <p class='ocr_par' dir='ltr' id='par_1_93' title="bbox 2029 4444 2863 4520">
     <span class='ocr_line' id='line_1_93' title="bbox 2029 4444 2863 4520; baseline -0.006 -17"><span class='ocrx_word' id='word_1_706' title='bbox 2029 4447 2189 4512; x_wconf 77' lang='grc' dir='ltr'>δόξαν</span> <span class='ocrx_word' id='word_1_707' title='bbox 2222 4448 2365 4520; x_wconf 81' lang='grc' dir='ltr'>παρά</span> <span class='ocrx_word' id='word_1_708' title='bbox 2395 4465 2533 4508; x_wconf 89' lang='grc' dir='ltr'>τινος</span> <span class='ocrx_word' id='word_1_709' title='bbox 2565 4444 2863 4519; x_wconf 85' lang='grc' dir='ltr'>ἀνθρώπων.</span> 
     </span>
    </p>
   </div>
   <div class='ocr_carea' id='block_1_94' title="bbox 251 4532 1912 4609">
    <p class='ocr_par' dir='ltr' id='par_1_94' title="bbox 251 4532 1912 4609">
     <span class='ocr_line' id='line_1_94' title="bbox 251 4532 1912 4609; baseline 0.003 -21"><span class='ocrx_word' id='word_1_710' title='bbox 251 4532 399 4588; x_wconf 89' lang='lat' dir='ltr'><strong>dem</strong></span> <span class='ocrx_word' id='word_1_711' title='bbox 432 4536 584 4587; x_wconf 87' lang='lat' dir='ltr'><strong>recte</strong></span> <span class='ocrx_word' id='word_1_712' title='bbox 614 4552 627 4593; x_wconf 82' lang='lat'><strong>;</strong></span> <span class='ocrx_word' id='word_1_713' title='bbox 663 4546 803 4586; x_wconf 88' lang='lat' dir='ltr'><strong>nam</strong></span> <span class='ocrx_word' id='word_1_714' title='bbox 831 4536 941 4605; x_wconf 79' lang='grc' dir='ltr'>χρὴ</span> <span class='ocrx_word' id='word_1_715' title='bbox 970 4538 1071 4587; x_wconf 90' lang='lat' dir='ltr'><strong>aut</strong></span> <span class='ocrx_word' id='word_1_716' title='bbox 1092 4533 1568 4606; x_wconf 83' lang='lat' dir='ltr'><strong>exprimendum,</strong></span> <span class='ocrx_word' id='word_1_717' title='bbox 1600 4537 1764 4609; x_wconf 86' lang='lat' dir='ltr'><strong>quod</strong></span> <span class='ocrx_word' id='word_1_718' title='bbox 1791 4554 1912 4593; x_wconf 88' lang='lat' dir='ltr'><strong>ma-</strong></span> 
     </span>
    </p>
   </div>
   <div class='ocr_carea' id='block_1_95' title="bbox 248 4618 1912 4695">
    <p class='ocr_par' dir='ltr' id='par_1_95' title="bbox 248 4618 1912 4695">
     <span class='ocr_line' id='line_1_95' title="bbox 248 4618 1912 4695; baseline 0.001 -19"><span class='ocrx_word' id='word_1_719' title='bbox 248 4620 387 4688; x_wconf 84' lang='lat' dir='ltr'><strong>lim,</strong></span> <span class='ocrx_word' id='word_1_720' title='bbox 420 4624 523 4675; x_wconf 91' lang='lat' dir='ltr'><strong>aut</strong></span> <span class='ocrx_word' id='word_1_721' title='bbox 552 4618 1140 4690; x_wconf 81' lang='lat' dir='ltr'><strong>subintelligendum.</strong></span> <span class='ocrx_word' id='word_1_722' title='bbox 1184 4622 1298 4678; x_wconf 90' lang='lat' dir='ltr'><strong>Sed</strong></span> <span class='ocrx_word' id='word_1_723' title='bbox 1330 4640 1506 4695; x_wconf 88' lang='lat' dir='ltr'><strong>porro</strong></span> <span class='ocrx_word' id='word_1_724' title='bbox 1538 4625 1616 4680; x_wconf 89' lang='lat' dir='ltr'><strong>ita</strong></span> <span class='ocrx_word' id='word_1_725' title='bbox 1656 4626 1791 4695; x_wconf 87' lang='lat' dir='ltr'><strong>legit</strong></span> <span class='ocrx_word' id='word_1_726' title='bbox 1822 4640 1834 4679; x_wconf 88' lang='lat'>:</span> <span class='ocrx_word' id='word_1_727' title='bbox 1864 4628 1912 4680; x_wconf 75' lang='grc' dir='ltr'>ἐν</span> 
     </span>
    </p>
   </div>
   <div class='ocr_carea' id='block_1_96' title="bbox 254 4703 1914 4788">
    <p class='ocr_par' dir='ltr' id='par_1_96' title="bbox 254 4703 1914 4788">
     <span class='ocr_line' id='line_1_96' title="bbox 254 4703 1914 4788; baseline 0.004 -26"><span class='ocrx_word' id='word_1_728' title='bbox 254 4712 438 4762; x_wconf 80' lang='grc' dir='ltr'>πίστει</span> <span class='ocrx_word' id='word_1_729' title='bbox 465 4703 791 4780; x_wconf 82' lang='grc' dir='ltr'>προσδοκίας</span> <span class='ocrx_word' id='word_1_730' title='bbox 818 4716 909 4761; x_wconf 86' lang='grc' dir='ltr'>τοῦ</span> <span class='ocrx_word' id='word_1_731' title='bbox 944 4715 1137 4785; x_wconf 87' lang='grc' dir='ltr'>Κυρίου</span> <span class='ocrx_word' id='word_1_732' title='bbox 1179 4716 1272 4769; x_wconf 81' lang='grc' dir='ltr'>τὴν</span> <span class='ocrx_word' id='word_1_733' title='bbox 1322 4711 1596 4785; x_wconf 71' lang='grc' dir='ltr'>ἐπίσκεψιν</span> <span class='ocrx_word' id='word_1_734' title='bbox 1640 4720 1729 4766; x_wconf 84' lang='grc' dir='ltr'>καὶ</span> <span class='ocrx_word' id='word_1_735' title='bbox 1781 4714 1914 4788; x_wconf 81' lang='grc' dir='ltr'><strong>βοή-</strong></span> 
     </span>
    </p>
   </div>
   <div class='ocr_carea' id='block_1_97' title="bbox 262 4795 1914 4872">
    <p class='ocr_par' dir='ltr' id='par_1_97' title="bbox 262 4795 1914 4872">
     <span class='ocr_line' id='line_1_97' title="bbox 262 4795 1914 4872; baseline 0.003 -21"><span class='ocrx_word' id='word_1_736' title='bbox 262 4800 407 4851; x_wconf 87' lang='grc' dir='ltr'>θειαν</span> <span class='ocrx_word' id='word_1_737' title='bbox 477 4795 639 4848; x_wconf 77' lang='grc' dir='ltr'>αὐτοῦ</span> <span class='ocrx_word' id='word_1_738' title='bbox 704 4798 922 4849; x_wconf 78' lang='grc' dir='ltr'>πάντοτε</span> <span class='ocrx_word' id='word_1_739' title='bbox 993 4795 1356 4872; x_wconf 72' lang='grc' dir='ltr'>ἐκδεχόμενον,</span> <span class='ocrx_word' id='word_1_740' title='bbox 1428 4805 1514 4854; x_wconf 83' lang='grc' dir='ltr'>τὸν</span> <span class='ocrx_word' id='word_1_741' title='bbox 1570 4808 1764 4856; x_wconf 86' lang='grc' dir='ltr'>σκοπὸν</span> <span class='ocrx_word' id='word_1_742' title='bbox 1826 4813 1914 4859; x_wconf 78' lang='grc' dir='ltr'>τοῦ</span> 
     </span>
    </p>
   </div>
   <div class='ocr_carea' id='block_1_98' title="bbox 257 4883 1913 4961">
    <p class='ocr_par' dir='ltr' id='par_1_98' title="bbox 257 4883 1913 4961">
     <span class='ocr_line' id='line_1_98' title="bbox 257 4883 1913 4961; baseline 0.006 -23"><span class='ocrx_word' id='word_1_743' title='bbox 257 4889 372 4946; x_wconf 81' lang='grc' dir='ltr'>νοὸς</span> <span class='ocrx_word' id='word_1_744' title='bbox 404 4888 570 4936; x_wconf 75' lang='grc' dir='ltr'>αὐτοῦ</span> <span class='ocrx_word' id='word_1_745' title='bbox 601 4883 672 4944; x_wconf 84' lang='grc' dir='ltr'>εἰς</span> <span class='ocrx_word' id='word_1_746' title='bbox 700 4892 850 4937; x_wconf 86' lang='grc' dir='ltr'>τοῦτο</span> <span class='ocrx_word' id='word_1_747' title='bbox 877 4889 1069 4958; x_wconf 77' lang='grc' dir='ltr'>ἔχοντα</span> <span class='ocrx_word' id='word_1_748' title='bbox 1109 4885 1202 4941; x_wconf 77' lang='grc' dir='ltr'><strong>διὰ</strong></span> <span class='ocrx_word' id='word_1_749' title='bbox 1231 4895 1442 4951; x_wconf 86' lang='grc' dir='ltr'>παντὸς.</span> <span class='ocrx_word' id='word_1_750' title='bbox 1485 4893 1646 4957; x_wconf 83' lang='lat' dir='ltr'><strong>Quae</strong></span> <span class='ocrx_word' id='word_1_751' title='bbox 1677 4893 1913 4961; x_wconf 88' lang='lat' dir='ltr'><strong>docent,</strong></span> 
     </span>
    </p>
   </div>
   <div class='ocr_carea' id='block_1_99' title="bbox 258 4973 1919 5047">
    <p class='ocr_par' dir='ltr' id='par_1_99' title="bbox 258 4973 1919 5047">
     <span class='ocr_line' id='line_1_99' title="bbox 258 4973 1919 5047; baseline 0.005 -18"><span class='ocrx_word' id='word_1_752' title='bbox 258 4987 589 5046; x_wconf 87' lang='lat' dir='ltr'><strong>perperam</strong></span> <span class='ocrx_word' id='word_1_753' title='bbox 633 4973 689 5026; x_wconf 91' lang='lat' dir='ltr'><strong>in</strong></span> <span class='ocrx_word' id='word_1_754' title='bbox 726 4973 974 5042; x_wconf 83' lang='lat' dir='ltr'><strong>vulgatis</strong></span> <span class='ocrx_word' id='word_1_755' title='bbox 1014 4977 1181 5031; x_wconf 87' lang='lat' dir='ltr'><strong>istius</strong></span> <span class='ocrx_word' id='word_1_756' title='bbox 1233 4978 1514 5047; x_wconf 89' lang='lat' dir='ltr'><strong>Opusculi</strong></span> <span class='ocrx_word' id='word_1_757' title='bbox 1558 4982 1919 5038; x_wconf 86' lang='lat' dir='ltr'><strong>editionibus</strong></span> 
     </span>
    </p>
   </div>
   <div class='ocr_carea' id='block_1_100' title="bbox 259 5056 1920 5135">
    <p class='ocr_par' dir='ltr' id='par_1_100' title="bbox 259 5056 1920 5135">
     <span class='ocr_line' id='line_1_100' title="bbox 259 5056 1920 5135; baseline 0.006 -18"><span class='ocrx_word' id='word_1_758' title='bbox 259 5077 394 5117; x_wconf 89' lang='lat' dir='ltr'><strong>esse</strong></span> <span class='ocrx_word' id='word_1_759' title='bbox 436 5056 868 5132; x_wconf 78' lang='grc' dir='ltr'>προσδεχόμενος</span> <span class='ocrx_word' id='word_1_760' title='bbox 912 5070 968 5118; x_wconf 89' lang='lat' dir='ltr'><strong>et</strong></span> <span class='ocrx_word' id='word_1_761' title='bbox 1015 5066 1170 5135; x_wconf 80' lang='grc' dir='ltr'>ἔχων,</span> <span class='ocrx_word' id='word_1_762' title='bbox 1216 5082 1350 5123; x_wconf 88' lang='lat' dir='ltr'><strong>cum</strong></span> <span class='ocrx_word' id='word_1_763' title='bbox 1395 5071 1688 5125; x_wconf 82' lang='lat' dir='ltr'><strong>sermonis</strong></span> <span class='ocrx_word' id='word_1_764' title='bbox 1741 5073 1920 5127; x_wconf 90' lang='lat' dir='ltr'><strong>serics</strong></span> 
     </span>
    </p>
   </div>
   <div class='ocr_carea' id='block_1_101' title="bbox 259 5148 1922 5224">
    <p class='ocr_par' dir='ltr' id='par_1_101' title="bbox 259 5148 1922 5224">
     <span class='ocr_line' id='line_1_101' title="bbox 259 5148 1922 5224; baseline 0.006 -19"><span class='ocrx_word' id='word_1_765' title='bbox 259 5148 599 5207; x_wconf 85' lang='lat' dir='ltr'><strong>manifesto</strong></span> <span class='ocrx_word' id='word_1_766' title='bbox 629 5148 886 5217; x_wconf 89' lang='lat' dir='ltr'><strong>requirat</strong></span> <span class='ocrx_word' id='word_1_767' title='bbox 930 5167 1134 5205; x_wconf 80' lang='lat' dir='ltr'><strong>casum</strong></span> <span class='ocrx_word' id='word_1_768' title='bbox 1165 5161 1466 5224; x_wconf 83' lang='lat' dir='ltr'><strong>quartum.</strong></span> <span class='ocrx_word' id='word_1_769' title='bbox 1515 5162 1649 5223; x_wconf 89' lang='lat' dir='ltr'><strong>lsta,</strong></span> <span class='ocrx_word' id='word_1_770' title='bbox 1683 5160 1757 5215; x_wconf 92' lang='lat' dir='ltr'><strong>de</strong></span> <span class='ocrx_word' id='word_1_771' title='bbox 1801 5176 1922 5215; x_wconf 91' lang='lat' dir='ltr'><strong>non</strong></span> 
     </span>
    </p>
   </div>
   <div class='ocr_carea' id='block_1_102' title="bbox 258 5233 1924 5320">
    <p class='ocr_par' dir='ltr' id='par_1_102' title="bbox 258 5233 1924 5320">
     <span class='ocr_line' id='line_1_102' title="bbox 258 5233 1924 5320; baseline 0.008 -29"><span class='ocrx_word' id='word_1_772' title='bbox 258 5233 683 5307; x_wconf 83' lang='lat' dir='ltr'><strong>desperando,</strong></span> <span class='ocrx_word' id='word_1_773' title='bbox 706 5250 822 5290; x_wconf 93' lang='lat' dir='ltr'><strong>non</strong></span> <span class='ocrx_word' id='word_1_774' title='bbox 845 5241 1161 5293; x_wconf 81' lang='lat' dir='ltr'><strong>commode</strong></span> <span class='ocrx_word' id='word_1_775' title='bbox 1177 5242 1269 5297; x_wconf 91' lang='lat' dir='ltr'><strong>hic</strong></span> <span class='ocrx_word' id='word_1_776' title='bbox 1286 5251 1443 5309; x_wconf 90' lang='lat' dir='ltr'><strong>sunt,</strong></span> <span class='ocrx_word' id='word_1_777' title='bbox 1469 5248 1601 5302; x_wconf 86' lang='lat' dir='ltr'><strong>etin</strong></span> <span class='ocrx_word' id='word_1_778' title='bbox 1626 5248 1924 5320; x_wconf 89' lang='lat' dir='ltr'><strong>Opusculo</strong></span> 
     </span>
    </p>
   </div>
   <div class='ocr_carea' id='block_1_103' title="bbox 261 5322 1926 5411">
    <p class='ocr_par' dir='ltr' id='par_1_103' title="bbox 261 5322 1926 5411">
     <span class='ocr_line' id='line_1_103' title="bbox 261 5322 1926 5411; baseline 0.007 -32"><span class='ocrx_word' id='word_1_779' title='bbox 261 5328 336 5383; x_wconf 85' lang='lat' dir='ltr'><strong>de</strong></span> <span class='ocrx_word' id='word_1_780' title='bbox 368 5322 689 5379; x_wconf 85' lang='lat' dir='ltr'><strong>Libertate</strong></span> <span class='ocrx_word' id='word_1_781' title='bbox 715 5328 919 5383; x_wconf 84' lang='lat' dir='ltr'><strong>mentis</strong></span> <span class='ocrx_word' id='word_1_782' title='bbox 961 5342 1094 5395; x_wconf 86' lang='lat' dir='ltr'><strong>cap.</strong></span> <span class='ocrx_word' id='word_1_783' title='bbox 1134 5330 1194 5385; x_wconf 85' lang='lat' dir='ltr'><strong>l6</strong></span> <span class='ocrx_word' id='word_1_784' title='bbox 1221 5336 1277 5387; x_wconf 92' lang='lat' dir='ltr'><strong>et</strong></span> <span class='ocrx_word' id='word_1_785' title='bbox 1319 5334 1383 5388; x_wconf 86' lang='grc'><strong>17</strong></span> <span class='ocrx_word' id='word_1_786' title='bbox 1414 5336 1638 5391; x_wconf 82' lang='lat' dir='ltr'><strong>meliori</strong></span> <span class='ocrx_word' id='word_1_787' title='bbox 1676 5342 1926 5411; x_wconf 78' lang='grc' dir='ltr'>συναφείᾳ</span> 
     </span>
    </p>
   </div>
   <div class='ocr_carea' id='block_1_104' title="bbox 2096 4531 3685 4609">
    <p class='ocr_par' dir='ltr' id='par_1_104' title="bbox 2096 4531 3685 4609">
     <span class='ocr_line' id='line_1_104' title="bbox 2096 4531 3685 4609; baseline -0.008 -16"><span class='ocrx_word' id='word_1_788' title='bbox 2096 4540 2156 4593; x_wconf 87' lang='lat' dir='ltr'><strong>In</strong></span> <span class='ocrx_word' id='word_1_789' title='bbox 2183 4536 2487 4609; x_wconf 91' lang='lat' dir='ltr'><strong>Opusculo</strong></span> <span class='ocrx_word' id='word_1_790' title='bbox 2520 4551 2697 4607; x_wconf 89' lang='lat' dir='ltr'><strong>porro</strong></span> <span class='ocrx_word' id='word_1_791' title='bbox 2719 4538 2805 4588; x_wconf 91' lang='lat' dir='ltr'><strong>est</strong></span> <span class='ocrx_word' id='word_1_792' title='bbox 2837 4550 2850 4589; x_wconf 90' lang='lat'><strong>:</strong></span> <span class='ocrx_word' id='word_1_793' title='bbox 2884 4531 3045 4585; x_wconf 78' lang='grc' dir='ltr'>ἀλλὰ</span> <span class='ocrx_word' id='word_1_794' title='bbox 3083 4536 3277 4605; x_wconf 82' lang='grc' dir='ltr'>μόνον</span> <span class='ocrx_word' id='word_1_795' title='bbox 3308 4535 3413 4583; x_wconf 83' lang='grc' dir='ltr'>τὸν</span> <span class='ocrx_word' id='word_1_796' title='bbox 3446 4533 3685 4603; x_wconf 78' lang='grc' dir='ltr'>Κύριον</span> 
     </span>
    </p>
   </div>
   <div class='ocr_carea' id='block_1_105' title="bbox 2025 4618 3684 4699">
    <p class='ocr_par' dir='ltr' id='par_1_105' title="bbox 2025 4618 3684 4699">
     <span class='ocr_line' id='line_1_105' title="bbox 2025 4618 3684 4699; baseline -0.006 -19"><span class='ocrx_word' id='word_1_797' title='bbox 2025 4626 2113 4680; x_wconf 77' lang='grc' dir='ltr'><strong>ἀεὶ</strong></span> <span class='ocrx_word' id='word_1_798' title='bbox 2151 4630 2274 4699; x_wconf 88' lang='grc' dir='ltr'>πρὸ</span> <span class='ocrx_word' id='word_1_799' title='bbox 2306 4624 2641 4697; x_wconf 79' lang='grc' dir='ltr'><strong>ὀφθαλμῶν</strong></span> <span class='ocrx_word' id='word_1_800' title='bbox 2674 4624 2869 4694; x_wconf 80' lang='grc' dir='ltr'>ἔχειν,</span> <span class='ocrx_word' id='word_1_801' title='bbox 2905 4624 3014 4673; x_wconf 82' lang='grc' dir='ltr'>καὶ</span> <span class='ocrx_word' id='word_1_802' title='bbox 3046 4623 3158 4683; x_wconf 79' lang='grc' dir='ltr'><strong>τὰς</strong></span> <span class='ocrx_word' id='word_1_803' title='bbox 3183 4619 3429 4680; x_wconf 69' lang='grc' dir='ltr'>ἐντολὰς</span> <span class='ocrx_word' id='word_1_804' title='bbox 3459 4618 3684 4675; x_wconf 73' lang='grc' dir='ltr'>αὐταῦ,</span> 
     </span>
    </p>
   </div>
   <div class='ocr_carea' id='block_1_106' title="bbox 2026 4708 3689 4787">
    <p class='ocr_par' dir='ltr' id='par_1_106' title="bbox 2026 4708 3689 4787">
     <span class='ocr_line' id='line_1_106' title="bbox 2026 4708 3689 4787; baseline -0.004 -18"><span class='ocrx_word' id='word_1_805' title='bbox 2026 4716 2199 4786; x_wconf 76' lang='grc' dir='ltr'>αὐτῷ</span> <span class='ocrx_word' id='word_1_806' title='bbox 2240 4719 2406 4787; x_wconf 79' lang='grc' dir='ltr'><strong>μόνῳ</strong></span> <span class='ocrx_word' id='word_1_807' title='bbox 2448 4711 2843 4785; x_wconf 74' lang='grc' dir='ltr'>βουλόμενος</span> <span class='ocrx_word' id='word_1_808' title='bbox 2883 4711 3139 4783; x_wconf 79' lang='grc' dir='ltr'>ἀρέσαι.</span> <span class='ocrx_word' id='word_1_809' title='bbox 3187 4715 3246 4765; x_wconf 89' lang='lat' dir='ltr'><strong>In</strong></span> <span class='ocrx_word' id='word_1_810' title='bbox 3288 4708 3544 4765; x_wconf 87' lang='lat' dir='ltr'><strong>Homilia</strong></span> <span class='ocrx_word' id='word_1_811' title='bbox 3580 4724 3689 4780; x_wconf 90' lang='lat' dir='ltr'><strong>pro</strong></span> 
     </span>
    </p>
   </div>
   <div class='ocr_carea' id='block_1_107' title="bbox 2027 4798 3687 4876">
    <p class='ocr_par' dir='ltr' id='par_1_107' title="bbox 2027 4798 3687 4876">
     <span class='ocr_line' id='line_1_107' title="bbox 2027 4798 3687 4876; baseline -0.004 -17"><span class='ocrx_word' id='word_1_812' title='bbox 2027 4808 2168 4876; x_wconf 76' lang='grc' dir='ltr'>ἔχειν</span> <span class='ocrx_word' id='word_1_813' title='bbox 2228 4809 2312 4858; x_wconf 89' lang='lat' dir='ltr'><strong>est</strong></span> <span class='ocrx_word' id='word_1_814' title='bbox 2366 4805 2524 4874; x_wconf 78' lang='grc' dir='ltr'>ἔχων,</span> <span class='ocrx_word' id='word_1_815' title='bbox 2578 4800 2758 4873; x_wconf 91' lang='lat' dir='ltr'><strong>idque</strong></span> <span class='ocrx_word' id='word_1_816' title='bbox 2817 4806 2995 4856; x_wconf 90' lang='lat' dir='ltr'><strong>recte.</strong></span> <span class='ocrx_word' id='word_1_817' title='bbox 3060 4798 3475 4870; x_wconf 91' lang='lat' dir='ltr'><strong>Supplendum</strong></span> <span class='ocrx_word' id='word_1_818' title='bbox 3527 4798 3687 4853; x_wconf 87' lang='lat' dir='ltr'><strong>enim</strong></span> 
     </span>
    </p>
   </div>
   <div class='ocr_carea' id='block_1_108' title="bbox 2032 4889 3392 4968">
    <p class='ocr_par' dir='ltr' id='par_1_108' title="bbox 2032 4889 3392 4968">
     <span class='ocr_line' id='line_1_108' title="bbox 2032 4889 3392 4968; baseline -0.004 -22"><span class='ocrx_word' id='word_1_819' title='bbox 2032 4894 2303 4968; x_wconf 81' lang='grc' dir='ltr'>βιαζέσθω</span> <span class='ocrx_word' id='word_1_820' title='bbox 2334 4900 2448 4947; x_wconf 94' lang='lat' dir='ltr'><strong>cet.</strong></span> <span class='ocrx_word' id='word_1_821' title='bbox 2488 4891 2644 4963; x_wconf 80' lang='grc' dir='ltr'><strong>ἱχων.</strong></span> <span class='ocrx_word' id='word_1_822' title='bbox 2679 4890 2879 4945; x_wconf 89' lang='lat' dir='ltr'><strong>Cetera</strong></span> <span class='ocrx_word' id='word_1_823' title='bbox 2904 4904 3117 4960; x_wconf 88' lang='lat' dir='ltr'><strong>parum</strong></span> <span class='ocrx_word' id='word_1_824' title='bbox 3147 4889 3392 4943; x_wconf 90' lang='lat' dir='ltr'><strong>distant.</strong></span> 
     </span>
    </p>
   </div>
   <div class='ocr_carea' id='block_1_109' title="bbox 2103 4978 3691 5051">
    <p class='ocr_par' dir='ltr' id='par_1_109' title="bbox 2103 4978 3691 5051">
     <span class='ocr_line' id='line_1_109' title="bbox 2103 4978 3691 5051; baseline -0.006 -14"><span class='ocrx_word' id='word_1_825' title='bbox 2103 4985 2188 5038; x_wconf 88' lang='lat' dir='ltr'><strong>De</strong></span> <span class='ocrx_word' id='word_1_826' title='bbox 2220 4981 2501 5037; x_wconf 77' lang='lat' dir='ltr'><strong>Custodia</strong></span> <span class='ocrx_word' id='word_1_827' title='bbox 2541 4994 2717 5051; x_wconf 87' lang='lat' dir='ltr'><strong>porro</strong></span> <span class='ocrx_word' id='word_1_828' title='bbox 2753 4978 2886 5039; x_wconf 74' lang='grc' dir='ltr'>εείς</span> <span class='ocrx_word' id='word_1_829' title='bbox 2922 4982 3038 5036; x_wconf 84' lang='grc' dir='ltr'>τὴν</span> <span class='ocrx_word' id='word_1_830' title='bbox 3076 4996 3419 5049; x_wconf 86' lang='grc' dir='ltr'>πραοτητα</span> <span class='ocrx_word' id='word_1_831' title='bbox 3458 4978 3691 5048; x_wconf 80' lang='grc' dir='ltr'>ὁμοίως</span> 
     </span>
    </p>
   </div>
   <div class='ocr_carea' id='block_1_110' title="bbox 2033 5061 3687 5142">
    <p class='ocr_par' dir='ltr' id='par_1_110' title="bbox 2033 5061 3687 5142">
     <span class='ocr_line' id='line_1_110' title="bbox 2033 5061 3687 5142; baseline -0.005 -18"><span class='ocrx_word' id='word_1_832' title='bbox 2033 5072 2260 5125; x_wconf 81' lang='grc' dir='ltr'>ἑαυτὸν</span> <span class='ocrx_word' id='word_1_833' title='bbox 2302 5068 2610 5142; x_wconf 76' lang='grc' dir='ltr'>βιαςέτω,</span> <span class='ocrx_word' id='word_1_834' title='bbox 2652 5071 2875 5139; x_wconf 76' lang='grc' dir='ltr'>καὶμὴ</span> <span class='ocrx_word' id='word_1_835' title='bbox 2908 5066 3219 5127; x_wconf 78' lang='grc' dir='ltr'>θελούσης</span> <span class='ocrx_word' id='word_1_836' title='bbox 3250 5075 3356 5127; x_wconf 88' lang='grc' dir='ltr'>τῆς</span> <span class='ocrx_word' id='word_1_837' title='bbox 3394 5061 3687 5141; x_wconf 73' lang='grc' dir='ltr'>καρδίας,</span> 
     </span>
    </p>
   </div>
   <div class='ocr_carea' id='block_1_111' title="bbox 2034 5153 3695 5233">
    <p class='ocr_par' dir='ltr' id='par_1_111' title="bbox 2034 5153 3695 5233">
     <span class='ocr_line' id='line_1_111' title="bbox 2034 5153 3695 5233; baseline -0.004 -20"><span class='ocrx_word' id='word_1_838' title='bbox 2034 5162 2107 5222; x_wconf 83' lang='grc' dir='ltr'>ὥς</span> <span class='ocrx_word' id='word_1_839' title='bbox 2134 5165 2209 5233; x_wconf 79' lang='grc' dir='ltr'><strong>φή</strong></span> <span class='ocrx_word' id='word_1_840' title='bbox 2230 5180 2330 5212; x_wconf 90' lang='grc' dir='ltr'><strong>σιν</strong></span> <span class='ocrx_word' id='word_1_841' title='bbox 2361 5161 2385 5210; x_wconf 88' lang='grc' dir='ltr'><em>ὁ</em></span> <span class='ocrx_word' id='word_1_842' title='bbox 2413 5161 2646 5233; x_wconf 82' lang='grc' dir='ltr'>Κύριος</span> <span class='ocrx_word' id='word_1_843' title='bbox 2680 5175 2691 5187; x_wconf 90' lang='grc'>·</span> <span class='ocrx_word' id='word_1_844' title='bbox 2734 5159 2967 5230; x_wconf 75' lang='grc' dir='ltr'>μάθετε</span> <span class='ocrx_word' id='word_1_845' title='bbox 3010 5155 3285 5228; x_wconf 71' lang='grc' dir='ltr'><strong>ἀπ’ἒμοῦ</strong></span> <span class='ocrx_word' id='word_1_846' title='bbox 3309 5160 3417 5210; x_wconf 90' lang='lat' dir='ltr'><strong>cet.</strong></span> <span class='ocrx_word' id='word_1_847' title='bbox 3443 5153 3695 5211; x_wconf 82' lang='lat' dir='ltr'><strong>Homilia</strong></span> 
     </span>
    </p>
   </div>
   <div class='ocr_carea' id='block_1_112' title="bbox 2036 5240 3696 5319">
    <p class='ocr_par' dir='ltr' id='par_1_112' title="bbox 2036 5240 3696 5319">
     <span class='ocr_line' id='line_1_112' title="bbox 2036 5240 3696 5319; baseline -0.005 -15"><span class='ocrx_word' id='word_1_848' title='bbox 2036 5249 2206 5304; x_wconf 79' lang='lat' dir='ltr'><strong>addit</strong></span> <span class='ocrx_word' id='word_1_849' title='bbox 2268 5248 2335 5309; x_wconf 87' lang='grc' dir='ltr'><strong>εἰς</strong></span> <span class='ocrx_word' id='word_1_850' title='bbox 2389 5253 2481 5307; x_wconf 79' lang='grc' dir='ltr'>τὴν</span> <span class='ocrx_word' id='word_1_851' title='bbox 2536 5251 2808 5319; x_wconf 86' lang='grc' dir='ltr'>πραότητα</span> <span class='ocrx_word' id='word_1_852' title='bbox 2857 5252 2963 5306; x_wconf 80' lang='grc' dir='ltr'>τῆς</span> <span class='ocrx_word' id='word_1_853' title='bbox 3017 5240 3314 5319; x_wconf 83' lang='grc' dir='ltr'>καρδίας,</span> <span class='ocrx_word' id='word_1_854' title='bbox 3373 5250 3429 5298; x_wconf 91' lang='lat' dir='ltr'><strong>et</strong></span> <span class='ocrx_word' id='word_1_855' title='bbox 3479 5240 3696 5297; x_wconf 88' lang='lat' dir='ltr'><strong>omittit</strong></span> 
     </span>
    </p>
   </div>
   <div class='ocr_carea' id='block_1_113' title="bbox 2043 5329 3696 5411">
    <p class='ocr_par' dir='ltr' id='par_1_113' title="bbox 2043 5329 3696 5411">
     <span class='ocr_line' id='line_1_113' title="bbox 2043 5329 3696 5411; baseline -0.004 -22"><span class='ocrx_word' id='word_1_856' title='bbox 2043 5336 2298 5411; x_wconf 79' lang='grc' dir='ltr'>βιαζέτω,</span> <span class='ocrx_word' id='word_1_857' title='bbox 2330 5335 2477 5409; x_wconf 88' lang='lat' dir='ltr'><strong>quid</strong></span> <span class='ocrx_word' id='word_1_858' title='bbox 2520 5352 2555 5392; x_wconf 78' lang='grc' dir='ltr'><strong>ει</strong></span> <span class='ocrx_word' id='word_1_859' title='bbox 2595 5335 2927 5405; x_wconf 80' lang='lat' dir='ltr'><strong>glossatorc</strong></span> <span class='ocrx_word' id='word_1_860' title='bbox 2972 5338 3115 5406; x_wconf 92' lang='lat' dir='ltr'><strong>puto</strong></span> <span class='ocrx_word' id='word_1_861' title='bbox 3164 5348 3237 5390; x_wconf 87' lang='lat' dir='ltr'><strong>ex</strong></span> <span class='ocrx_word' id='word_1_862' title='bbox 3289 5329 3696 5404; x_wconf 87' lang='lat' dir='ltr'><strong>superioribus</strong></span> 
     </span>
    </p>
   </div>
   <div class='ocr_carea' id='block_1_114' title="bbox 1838 5489 2086 5545">
    <p class='ocr_par' dir='ltr' id='par_1_114' title="bbox 1838 5489 2086 5545">
     <span class='ocr_line' id='line_1_114' title="bbox 1838 5489 2086 5545; baseline 0.004 -1"><span class='ocrx_word' id='word_1_863' title='bbox 1838 5489 2086 5545; x_wconf 81' lang='lat' dir='ltr'><strong>NOTAE.</strong></span> 
     </span>
    </p>
   </div>
   <div class='ocr_carea' id='block_1_115' title="bbox 345 5608 1935 5698">
    <p class='ocr_par' dir='ltr' id='par_1_115' title="bbox 345 5608 1935 5698">
     <span class='ocr_line' id='line_1_115' title="bbox 345 5608 1935 5698; baseline 0.018 -40"><span class='ocrx_word' id='word_1_864' title='bbox 644 5608 931 5698; x_wconf 64' lang='lat' dir='ltr'><strong>Semlerus</strong></span> <span class='ocrx_word' id='word_1_865' title='bbox 962 5612 1130 5698; x_wconf 45' lang='grc' dir='ltr'><strong>μορε</strong></span> <span class='ocrx_word' id='word_1_866' title='bbox 1162 5619 1368 5698; x_wconf 81' lang='lat' dir='ltr'><strong>:_Haec</strong></span> <span class='ocrx_word' id='word_1_867' title='bbox 1416 5624 1693 5695; x_wconf 85' lang='lat' dir='ltr'><strong>periodus</strong></span> <span class='ocrx_word' id='word_1_868' title='bbox 1736 5632 1935 5698; x_wconf 79' lang='lat' dir='ltr'><strong>prima</strong></span> 
     </span>
    </p>
   </div>
   <div class='ocr_carea' id='block_1_116' title="bbox 256 5677 1323 5752">
    <p class='ocr_par' dir='ltr' id='par_1_116' title="bbox 256 5677 1323 5752">
     <span class='ocr_line' id='line_1_116' title="bbox 256 5677 1323 5752; baseline 0.007 -14"><span class='ocrx_word' id='word_1_869' title='bbox 256 5677 509 5750; x_wconf 74' lang='lat' dir='ltr'><strong>capitis</strong></span> <span class='ocrx_word' id='word_1_870' title='bbox 545 5677 609 5732; x_wconf 87' lang='lat' dir='ltr'><strong>t3</strong></span> <span class='ocrx_word' id='word_1_871' title='bbox 640 5680 818 5745; x_wconf 82' lang='lat' dir='ltr'><strong>primi</strong></span> <span class='ocrx_word' id='word_1_872' title='bbox 847 5677 1145 5752; x_wconf 58' lang='lat' dir='ltr'><strong>Opusculi.</strong></span> <span class='ocrx_word' id='word_1_873' title='bbox 1174 5688 1323 5748; x_wconf 81' lang='grc' dir='ltr'>Εοιτ.</span> 
     </span>
    </p>
   </div>
   <div class='ocr_carea' id='block_1_117' title="bbox 2115 5617 3699 5700">
    <p class='ocr_par' dir='ltr' id='par_1_117' title="bbox 2115 5617 3699 5700">
     <span class='ocr_line' id='line_1_117' title="bbox 2115 5617 3699 5700; baseline -0.009 -16"><span class='ocrx_word' id='word_1_874' title='bbox 2115 5628 2197 5700; x_wconf 89' lang='lat' dir='ltr'><strong>(b)</strong></span> <span class='ocrx_word' id='word_1_875' title='bbox 2226 5629 2411 5697; x_wconf 89' lang='lat' dir='ltr'><strong>Corr.,</strong></span> <span class='ocrx_word' id='word_1_876' title='bbox 2445 5627 2741 5685; x_wconf 90' lang='lat' dir='ltr'><strong>Semlerus</strong></span> <span class='ocrx_word' id='word_1_877' title='bbox 2771 5625 2987 5683; x_wconf 90' lang='lat' dir='ltr'><strong>habet:</strong></span> <span class='ocrx_word' id='word_1_878' title='bbox 3022 5638 3131 5699; x_wconf 87' lang='lat' dir='ltr'><strong>pro</strong></span> <span class='ocrx_word' id='word_1_879' title='bbox 3154 5628 3264 5676; x_wconf 86' lang='grc' dir='ltr'>τοῦ</span> <span class='ocrx_word' id='word_1_880' title='bbox 3302 5625 3455 5674; x_wconf 82' lang='grc' dir='ltr'>Θεοῦ</span> <span class='ocrx_word' id='word_1_881' title='bbox 3486 5617 3699 5690; x_wconf 84' lang='lat' dir='ltr'><strong>legitur</strong></span> 
     </span>
    </p>
   </div>
   <div class='ocr_carea' id='block_1_118' title="bbox 2046 5703 2480 5774">
    <p class='ocr_par' dir='ltr' id='par_1_118' title="bbox 2046 5703 2480 5774">
     <span class='ocr_line' id='line_1_118' title="bbox 2046 5703 2480 5774; baseline 0.009 -21"><span class='ocrx_word' id='word_1_882' title='bbox 2046 5707 2358 5774; x_wconf 80' lang='grc' dir='ltr'>Χριστοῦ.</span> <span class='ocrx_word' id='word_1_883' title='bbox 2402 5703 2480 5757; x_wconf 82' lang='lat' dir='ltr'><strong>ID.</strong></span> 
     </span>
    </p>
   </div>
  </div>
