4092 6252
568 281 667 336 251

568 495 944 568 proficiscere
980 509 1130 558 cras,
1165 507 1390 563 eosque
1431 491 1714 548 laudibus
1768 490 1929 545 effer.
1967 494 2219 559 Pergens

570 585 771 656 itaque
826 582 1005 637 frater
1049 581 1413 637 collaudavit
1466 597 1584 645 eos,
1628 596 1897 635 vocans:
1935 578 2218 650 Apostoli,

570 672 781 738 sancti,
819 673 980 742 justi.
1009 673 1152 727 Tum
1184 670 1326 725 adiit
1357 685 1561 725 senem
1588 669 1854 740 dixitque
1887 686 1900 724 :
1936 668 2216 724 Laudavi.

571 763 680 828 Qui
714 778 724 814 :
761 761 1009 825 Nihilne,
1052 761 1262 831 inquit,
1301 759 1402 814 tibi
1443 762 1882 830 responderunt
1912 758 1939 814 ?
1968 760 2163 813 Frater
2203 773 2215 811 :

567 851 738 906 Nihil.
781 853 941 905 Tunc
981 865 1162 904 senex
1205 848 1332 902 inﬁt
1365 865 1378 902 :
1410 851 1586 912 Nosti,
1629 847 1870 918 quantis
1928 863 2029 902 eos
2076 862 2218 900 con-

567 939 826 995 tumeliis
851 937 1276 1007 aﬂ‘eceris,lnec
1291 938 1620 1008 quidquam
1636 936 2072 1006 responderunt
2087 934 2218 998 tibi;

566 1034 622 1084 et
648 1029 891 1101 quantis
913 1028 1156 1083 eosdem
1183 1025 1463 1082 laudibus
1492 1027 1821 1084 ornaveris.
1851 1024 2118 1095 nihilque
2144 1023 2220 1078 ad

561 1122 617 1173 te
653 1117 945 1190 prolocuti
982 1121 1136 1171 sunt.
1171 1117 1254 1170 Ita
1280 1120 1336 1170 et
1375 1120 1457 1179 tu,
1491 1115 1536 1168 si
1578 1112 1799 1168 salvari
1841 1114 2033 1184 cupis,
2067 1127 2220 1167 mor-

561 1211 700 1262 tuus
745 1206 876 1270 ﬁas,
911 1221 1018 1260 nec
1051 1204 1295 1274 injurias
1338 1203 1676 1267 hominum,
1725 1217 1831 1256 nec
1879 1201 2089 1256 laudes
2120 1216 2221 1256 eo-

561 1312 696 1351 rum
725 1294 966 1362 cogites,
1005 1294 1189 1348 instar
1221 1298 1593 1347 mortuorum
1626 1309 1638 1346 :
1676 1291 1759 1345 sic
1799 1291 1958 1345 enim
2004 1290 2220 1361 poteris

566 1384 770 1439 salvus
804 1384 948 1438 fieri.

633 1476 722 1527 24.
758 1472 1139 1526 l’roﬁciscens
1171 1470 1499 1541 aliquando
1533 1471 1820 1525 Macarius
1861 1468 2052 1524 abbas
2082 1485 2216 1523 cum

563 1561 844 1618 fratribus
870 1576 973 1630 per
995 1566 1329 1630 Aegyptum
1346 1575 1598 1629 puerum
1628 1559 1856 1614 audivit
1875 1559 2045 1612 matri
2074 1574 2217 1612 suae

560 1651 643 1706 ita
670 1650 1018 1721 loquentem
1053 1664 1065 1700 2
1098 1651 1292 1710 Mater,
1325 1648 1494 1701 dives
1529 1648 1778 1718 quidam
1801 1647 1992 1716 diligit
2015 1663 2128 1705 me.
2161 1651 2219 1701 et

562 1739 661 1796 odi
690 1755 828 1794 eum
855 1754 868 1804 ;
898 1753 1127 1809 pauper
1159 1752 1298 1791 vero
1323 1737 1450 1791 odit
1472 1753 1586 1802 me,
1618 1737 1877 1804 etdiligo
1899 1753 2057 1791 eum.
2089 1737 2213 1801 Quo

2331 1744 2471 1807 μισῶ
2501 1735 2656 1786 αὐτόν
2697 1749 2708 1760 '

564 1828 767 1884 audito
783 1842 1056 1882 sermone
1077 1826 1362 1881 Macarius
1381 1826 1571 1880 abbas
1589 1825 1921 1880 admiratus
1940 1831 2049 1880 est.
2073 1827 2222 1880 Tum

557 1923 770 1984 fratres
799 1935 811 1971 :
846 1915 1019 1981 Quid,
1052 1914 1350 1985 inquiunt,
1385 1915 1497 1969 hoc
1512 1915 1804 1982 verbiest,
1837 1921 2023 1984 pater,
2056 1914 2220 1985 quod

557 2005 874 2062 admireris
895 2003 922 2057 Τ
956 2006 1145 2059 Senex
1171 2002 1478 2074 respondit
1511 2022 1522 2060 :
1559 2006 1784 2058 Revera
1815 2004 2101 2058 Dominus
2118 2019 2223 2058 no-

559 2101 678 2150 ster
701 2094 865 2148 dives
897 2098 1004 2156 est,
1040 2097 1097 2146 et
1124 2091 1316 2161 diligit
1342 2107 1474 2156 nos,
1517 2092 1633 2161 ipsi
1683 2099 1884 2146 autem
1934 2091 2219 2146 nolumus

559 2183 613 2238 ei
641 2183 1058 2252 obtemperare
1095 2197 1107 2245 ;
1145 2180 1424 2236 inimicus
1456 2187 1662 2235 contra
1708 2187 1907 2235 noster
1943 2179 2220 2234 diabolus

560 2287 791 2342 pauper
822 2277 929 2331 est,
971 2271 1214 2341 oditque
1247 2285 1378 2333 nos,
1406 2275 1461 2324 et
1492 2285 1602 2322 nos
1637 2269 1938 2339 diligimus
1970 2269 2217 2338 impuri-

561 2367 741 2415 tatem
765 2364 913 2430 ejus.

628 2454 717 2504 25.
755 2453 991 2519 Rogans
1034 2451 1288 2502 Poemen
1319 2448 1510 2502 abbas
1548 2447 1806 2502 eundem
1838 2447 2041 2502 multis
2076 2463 2213 2500 cum

555 2536 818 2593 lacrimis
863 2554 874 2591 :
907 2537 1006 2591 Dic
1058 2537 1222 2600 mihi,
1250 2536 1458 2606 inquit,
1493 2535 1802 2607 quomodo
1842 2535 2057 2592 salver.
2111 2535 2211 2590 Cui

557 2641 738 2680 senex
765 2625 1072 2695 respondit
1110 2641 1122 2679 :
1157 2625 1352 2688 Quam
1380 2625 1620 2695 quaeris
1648 2640 1794 2690 rem,
1836 2623 1954 2679 iam
1977 2625 2218 2679 recessit

565 2729 602 2769 a
640 2712 974 2768 monachis.

634 2807 722 2858 26.
756 2802 1041 2857 Macarius
1081 2801 1272 2856 abbas
1321 2799 1648 2871 aliquando
1695 2800 1841 2855 adiit
1892 2801 2214 2855 Antonium

563 2891 871 2949 abbatem.
903 2891 1172 2956 Quocum
1211 2889 1564 2954 collocutus,
1606 2905 1743 2944 cum
1782 2890 1842 2944 in
1885 2891 2098 2946 Scetim
2130 2905 2215 2945 re-

563 2984 904 3047 verteretur,
937 2979 1220 3034 fratribus
1249 2979 1494 3035 obviam
1518 2978 1888 3034 venientibus
1921 2979 2070 3034 inter
2101 2995 2214 3035 ser-

562 3069 992 3126 mocinandum
1029 3089 1042 3124 :
1074 3069 1348 3133 Antonio,
1383 3067 1592 3139 inquit,
1629 3068 1833 3124 abbati
1890 3068 2032 3134 dixi,
2102 3085 2211 3125 nos
2255 3105 2296 3162 Ο

560 3174 684 3215 non
713 3158 934 3214 habere
960 3159 1019 3213 in
1050 3157 1182 3214 loco
1209 3163 1412 3214 nostro
1446 3156 1832 3213 oblationem.
1868 3158 1980 3213 Sed
2013 3162 2214 3229 patres

562 3249 692 3304 aliis
723 3248 798 3305 de
827 3249 1010 3304 rebus
1050 3248 1342 3302 disserere
1386 3251 1732 3318 coeperunt,
1767 3262 1876 3302 nec
1935 3248 2214 3319 quaesie-

557 3343 696 3393 runt
734 3337 992 3408 amplius
1010 3336 1237 3392 discere
1269 3352 1624 3407 responsum
1653 3337 1833 3402 senis,
1863 3351 2059 3408 neque
2086 3338 2212 3408 ipse

558 3422 903 3495 prolocutus
947 3431 1055 3479 est.
1109 3427 1226 3479 Hoc
1279 3425 1458 3492 igitur
1505 3425 1756 3496 quidam
1808 3440 1880 3480 ex
1941 3425 2212 3495 patribus

557 3513 706 3567 dixit
737 3530 750 3568 :
784 3514 836 3569 Si
861 3513 1111 3568 viderint
1141 3518 1353 3584 patres,
1388 3529 1419 3567 e
1451 3512 1706 3568 fratrum
1741 3513 2032 3568 memoria
2062 3515 2212 3569 exci-

560 3601 721 3667 dere,
767 3607 828 3656 ut
874 3602 947 3656 de
1001 3617 1062 3655 re
1105 3603 1174 3655 iis
1230 3601 1350 3654 utili
1412 3601 1796 3671 interrogent,
1839 3601 2091 3671 adigunt
2149 3620 2208 3658 se

558 3692 744 3763 ipsos,
779 3697 839 3745 ut
864 3691 1221 3762 principium
1251 3691 1545 3745 sermonis
1579 3690 1884 3760 proferant
1925 3706 1940 3757 ;
1971 3693 2135 3763 quod
2159 3693 2208 3747 si

557 3797 747 3836 veroa
767 3781 1047 3836 fratribus
1071 3795 1189 3834 non
1210 3780 1552 3849 alligantur,
1578 3797 1913 3836 sermonem
1938 3797 2056 3838 non
2083 3799 2208 3853 per-

559 3876 910 3942 sequuntur,
940 3874 1000 3923 ut
1021 3885 1092 3922 ne
1124 3868 1650 3940 deprehendantur
1677 3869 1855 3926 locuti
1886 3886 2005 3926 non
2037 3871 2206 3927 inter-

556 3960 768 4030 rogati,
802 3957 1186 4030 videaturque
1218 3957 1460 4029 loquela
1487 3958 1678 4014 otiosa
1713 3974 1861 4015 esse.

551 4169 560 4173 -
625 4142 713 4193 27.
748 4138 949 4194 Esaias
1002 4138 1188 4192 abbas
1234 4136 1609 4206 interrogans
1649 4137 1966 4193 Macarium
2009 4138 2207 4196 abba-

555 4234 676 4284 tem
709 4243 722 4282 :
759 4226 955 4283 Profer
1004 4226 1170 4290 mihi,
1208 4226 1422 4297 inquit,
1454 4227 1831 4282 sententiam.
1866 4227 1967 4282 Cui
2026 4243 2207 4283 senex

554 4317 862 4388 respondit
903 4332 914 4369 :
963 4316 1237 4370 Homines
1287 4315 1444 4382 fuge.
1509 4316 1714 4370 Esaias
1755 4315 1947 4372 abbas
1993 4331 2006 4368 :
2053 4316 2206 4381 Quid

553 4412 664 4470 est,
697 4405 908 4477 inquit,
935 4405 1138 4472 fugere
1171 4404 1440 4458 homines
1461 4401 1488 4456 7
1519 4403 1841 4472 Respondit
1862 4419 2074 4460 senex:
2115 4408 2202 4462 Se-

553 4495 694 4550 dere
724 4493 782 4548 in
806 4492 954 4549 cella
992 4500 1091 4548 tua
1119 4497 1173 4546 et
1204 4491 1421 4546 deﬂere
1462 4497 1706 4562 peccata
1737 4498 1857 4548 tua.

625 4677 712 4728 28.
748 4670 1114 4743 Paphnutius
1149 4669 1358 4733 abbas,
1404 4669 1637 4724 Macarii
1679 4669 1913 4725 abbatis
1943 4669 2203 4743 discipu-

551 4761 666 4825 lus,
684 4761 798 4816 hoc
822 4760 1014 4814 retulit
1047 4776 1058 4812 :
1098 4759 1340 4826 Rogavi,
1371 4758 1577 4828 inquit,
1614 4765 1844 4827 patrem
1888 4776 2110 4826 meum,
2145 4768 2205 4817 ut

543 4848 701 4906 mihi
728 4850 946 4904 diceret
980 4847 1248 4901 verbum.
1278 4849 1325 4898 Is
1343 4852 1541 4900 autem
1579 4847 1961 4915 :Nemimem,
1988 4849 2200 4922 inquit,

551 4938 811 5002 laeseris,
846 4953 953 4992 nec
979 4951 1348 5007 quemquam
1373 4935 1890 4992 condemnaveris.
1923 4939 2072 4994 Haec
2099 4940 2204 4996 ob-,

553 5043 724 5084 serva
764 5034 818 5081 et
859 5026 1204 5080 salvaberis.

621 5121 709 5173 29.
746 5114 1035 5170 Macarius
1062 5113 1252 5169 abbas
1291 5113 1436 5168 dixit
1473 5127 1485 5166 :
1520 5113 1647 5169 Noli
1676 5113 1938 5171 dormire
1965 5117 2023 5172 in
2053 5118 2200 5174 cella

553 5206 780 5275 fratris,
808 5221 988 5277 quem
1032 5202 1192 5258 mala
1219 5201 1380 5257 fama
1420 5202 1603 5273 petiit.

1421 277 1526 333 SS.
1569 274 2055 331 MACARIORUM
2098 270 2428 329 AEGYPTII
2470 272 2558 328 ET
2596 274 3092 332 ALEXANDRINI
3819 280 3911 334 252

568 407 689 463 cuti
720 410 859 461 sunt
887 405 1035 460 ‘Illle
1070 422 1081 460 :
1115 403 1285 460 Nihil.
1318 406 1466 458 Tum
1487 418 1666 457 senex
1703 419 1714 456 :
1743 406 1976 465 lterum,
2000 400 2211 472 inquit,
2255 402 2299 454 A
2335 400 2510 473 255
2546 398 2657 453 ὁδὶ
2695 404 2786 472 ἔφη
2831 416 2843 428 ·

2904 401 3065 471 οὐχὶ·
3107 401 3239 473 λέγει
3269 401 3414 471 αὐτῷ
3454 402 3480 453 6
3526 406 3688 475 γέρων
3722 425 3736 436 -
3765 405 3916 476 ὕπαγε

2331 492 2481 541 πάλιν
2535 493 2732 563 αὔριον,
2793 494 2878 542 καὶ
2939 487 3164 553 δοξασον
3220 491 3437 552 αὐτοὺς,
3479 490 3708 544 ἀπελθὼν
3762 490 3842 545 οὖν
3893 496 3914 545 6

2333 576 2552 650 ἀδελφὸς
2610 576 2853 640 ἐδόξασεν
2906 580 3097 641 αὐτοὺς
3151 579 3312 650 λέγων
3366 597 3380 610 ·
3433 581 3735 648 ἀπόστολοι,
3767 583 3916 653 ἇγιοι,

2331 673 2419 719 καὶ
2451 665 2652 720 δίκαιοι
2694 688 2705 698 ·
2739 673 2827 719 καὶ
2884 665 3003 725 ἦλθε
3046 671 3175 741 πρὸς
3225 671 3313 719 τὸν
3373 672 3614 741 γέροντα,
3677 679 3764 722 καὶ
3800 668 3918 723 εἶπεν

2333 757 2472 826 αὐτῷ
2510 774 2521 786 ·
2557 753 2786 818 ἑδοξασα
2819 776 2832 788 ο
2858 761 2948 808 καὶ
2978 755 3110 827 λέγει
3135 757 3276 827 αὐτῷ
3311 775 3322 786 ο
3357 753 3513 809 οὐδέν
3548 777 3633 810 σοι
3655 757 3918 830 ἀπεκρίθη·

2335 863 2430 896 σαν
2463 860 2476 910 ;
2519 847 2610 916 ἔφη
2648 847 2672 895 6
2713 841 2932 916 ἀδελφός
2957 861 2968 874 ⁸
2995 846 3142 915 οὐχί·
3169 845 3301 916 λέγει
3323 844 3470 915 αὐτῷ
3501 847 3526 897 6
3557 851 3718 920 γέρων
3747 867 3759 879 θ
3788 844 3922 909 οἶδας

2331 938 2471 984 πόσα
2525 934 2787 1004 ἠτίμασας
2839 934 3046 998 αὐτούς,
3105 939 3193 986 καὶ
3225 930 3380 986 οὐδὲν
3427 933 3807 1007 ἀπεκρίθησαν,
3847 940 3923 986 καὶ

2333 1027 2474 1076 πόσα
2503 1020 2756 1084 ἐδόξασας
2795 1024 2998 1087 αὐτούς,
3035 1030 3123 1075 καὶ
3177 1020 3329 1076 οὐδέν
3388 1043 3477 1077 σοι
3541 1023 3816 1082 ἐλάλησαν.
3854 1026 3925 1076 οὖ-

2331 1130 2431 1172 τως
2458 1117 2546 1164 καὶ
2598 1114 2683 1178 σύ,
2729 1111 2812 1164 ἐὰν
2860 1111 3005 1183 θέλῃς
3041 1114 3293 1175 σωθῆναι,
3347 1120 3504 1183 γενοῦ
3555 1118 3725 1186 νεκρός
3759 1127 3771 1139 ·
3808 1118 3925 1184 μήτε

2329 1205 2423 1257 τὴν
2473 1197 2683 1252 ἀδικίαν
2739 1209 2836 1252 τῶν
2890 1200 3193 1274 ἀνθρώπων,
3249 1205 3385 1273 μήτε
3436 1206 3534 1260 τὴν
3585 1197 3742 1264 δοξαν
3773 1202 3922 1253 αὐτῶν

2329 1289 2540 1362 λογίσῃ,
2573 1292 2640 1350 ὡς
2671 1292 2719 1341 οἱ
2748 1295 2918 1364 νεκροί
2954 1307 2965 1320 '
2995 1296 3084 1343 καὶ
3113 1287 3343 1343 δύνασαι
3379 1294 3620 1350 σωθῆναι

2401 1470 2494 1522 24.
2580 1472 2977 1541 Παρερχόμενὸς
3019 1486 3143 1521 ποτε
3197 1469 3221 1518 6
3263 1467 3429 1530 ἀϐϐᾶς
3478 1471 3749 1541 Μακάριος
3811 1470 3924 1539 μετὰ

2333 1554 2562 1627 ἀδελφῶν
2592 1553 2684 1608 διὰ
2722 1566 2814 1618 τῆς
2846 1557 3137 1628 Αἰγύπτου,
3185 1561 3382 1615 ἤκουσε
3443 1555 3674 1611 παιδίου
3712 1557 3922 1628 λέγοντος

2329 1654 2436 1718 τῇμ
2467 1650 2587 1718 ητρὶ
2636 1645 2822 1698 αὐτοῦ·
2883 1645 3051 1717 ἀμμᾶ,
3105 1646 3358 1707 πλούσιός
3408 1668 3495 1704 τις
3535 1646 3718 1718 ἀγαπᾷ
3740 1665 3816 1718 με,
3843 1650 3922 1698 καὶ

2758 1739 2848 1786 καὶ
2876 1739 3086 1806 πτωχὸς
3115 1744 3257 1806 μισεῖ
3286 1756 3370 1808 με,
3401 1743 3497 1790 καὶ
3546 1737 3736 1808 ἀγαπῶ
3763 1735 3918 1787 αὐτὸν.

3608 1840 3620 1851 ⁶
3661 1830 3747 1877 καὶ
3767 1824 3924 1893 λέγον·

2324 1934 2418 1978 ⁵σιν
2441 1914 2581 1984 αὐτῷ
2611 1916 2662 1965 οἱ
2690 1909 2907 1984 ἀδελφοί
2948 1933 2960 1945 ο
2995 1919 3045 1966 τί
3089 1913 3203 1966 ἐστι
3241 1917 3298 1965 τὸ
3341 1916 3496 1989 ῥῆμα
3528 1922 3705 1979 τοῦτο,
3737 1914 3919 1984 πάτερ’

2333 2005 2413 2054 ὅτι
2467 2002 2809 2075 ἐθαύμασας;
3113 2008 3201 2055 καὶ
3254 2003 3394 2076 λέγει
3449 2004 3685 2065 αὐτοῖςὸ
3737 2006 3919 2074 γέρων

2333 2090 2531 2153 ἀληθῶς
2588 2093 2613 2143 6
2662 2094 2839 2166 κύριος
2907 2093 3051 2163 ἡμῶν
3115 2092 3363 2153 πλούσιός
3427 2093 3546 2146 ἔστι
3619 2097 3709 2144 καὶ
3763 2090 3927 2160 ἀγαπᾷ

3531 2199 3542 2211 ·
3585 2183 3612 2234 ὁ
3654 2178 3712 2234 δί
3756 2180 3925 2251 ἐχθρὸς

2331 2271 2476 2340 ἡμῶν
2503 2265 2741 2329 διάϐολος
2766 2276 2981 2339 πτωχός
3012 2269 3124 2322 ἐστι
3155 2275 3244 2323 καὶ
3293 2279 3448 2343 μισεῖ
3479 2274 3643 2344 ἡμᾶς,
3677 2275 3762 2322 καὶ
3807 2267 3925 2338 ἀγα-

2332 1830 2421 1877 καὶ
2450 1824 2679 1885 ἀκούσας
2706 1825 2730 1874 6
2761 1823 2928 1885 ἀϐϐᾶς
2967 1827 3240 1897 Μακάριος
3278 1825 3557 1897 ἐθαύμασε

2331 2182 2492 2251 ἡμᾶς,
2540 2189 2628 2232 καί
2686 2181 2746 2232 οὐ
2803 2181 3006 2252 θέλομεν
3047 2180 3206 2233 αὑτοῦ
3253 2181 3468 2235 ἀκοῦσα

2328 2365 2500 2427 πῶμεν
2530 2358 2689 2410 αὑτοῦ
2720 2363 2812 2416 τὴν
2842 2357 3188 2430 ἀκαθαρσίαν.

2404 2447 2497 2500 25.
2584 2447 2933 2517 Παρεκάλεσεν
3000 2449 3024 2498 6
3081 2447 3244 2510 ἀϐϐᾶς
3314 2455 3527 2522 [Ιοιμὴν
3596 2449 3748 2501 αὐτὸν
3810 2447 3924 2517 μετὰ

2329 2535 2523 2587 πολλῶν
2575 2533 2817 2607 δακρύων
2866 2536 3025 2604 λέγων
3061 2555 3072 2566 ”
3121 2539 3230 2590 εἰπέ
3277 2558 3367 2609 μοι
3408 2541 3563 2613 ῥῆμα
3610 2547 3720 2598 πῶς
3752 2537 3918 2588 mea.-

2329 2623 2624 2698 ἀποκριθεὶς
2682 2623 2740 2677 δὲ
2789 2626 2814 2676 6
2868 2630 3029 2698 γέρων
3081 2623 3214 2678 εἶπεν
3282 2629 3429 2697 αὑτῷ
3470 2645 3482 2657 ⁸
3547 2631 3606 2681 1'6
3657 2620 3918 2702 πρᾶγμαὸ

2328 2714 2523 2778 ζητεῖς,
2555 2713 2751 2773 ἀπῆλθε
2779 2721 2865 2765 νῦν
2894 2714 2994 2766 ἀπὸ
3025 2724 3124 2767 τῶν
3153 2724 3436 2787 μοναχῶν,

2399 2804 2485 2858 26.
2541 2801 2803 2873 Παρέϐαλέ
2852 2822 2974 2855 ποτε
3033 2806 3057 2856 ὁ
3116 2803 3276 2864 ἀϐϐᾶς
3334 2807 3613 2878 Μακάριος
3679 2812 3750 2874 τῷ
3800 2797 3920 2866 ἀϐϐᾁ

2326 2892 2587 2963 Ἀντωνίῳ
2617 2909 2629 2921 ο
2677 2896 2766 2943 καὶ
2824 2891 3055 2955 λαλήσας
3106 2893 3245 2964 αὐτῷ
3309 2893 3638 2969 ὑπέστρεψεν
3696 2892 3761 2952 εἰς
3809 2894 3918 2944 Σκῆ-

2325 3001 2404 3033 τιν
2433 2998 2445 3011 ·
2489 2986 2579 3034 καὶ
2610 2977 2763 3038 ἦλθον
2812 2983 2862 3034 οἱ
2901 2987 3110 3055 πατέρες
3152 2982 3218 3042 εἰς
3264 2980 3566 3043 ἀπάντησιν
3599 2982 3758 3035 αὐτοῦ
3787 2997 3798 3011 ·
3842 2980 3914 3028 καὶ

2327 3072 2390 3131 ὡς
2443 3068 2670 3135 ἐλάλουν,
2723 3066 2858 3123 εἶπεν
2909 3071 3088 3131 αὐτοῖς
3134 3072 3160 3122 6
3212 3075 3375 3143 γέρων
3413 3090 3427 3102 ·
3483 3075 3610 3144 ἔφην
3669 3078 3742 3140 τῷ
3804 3057 3919 3134 ἀϐϐᾇ

2328 3159 2605 3232 Ἀντωνίῳ,
2687 3163 2750 3220 ὡς
2817 3160 2910 3212 οὐκ
2973 3163 3161 3232 ἔχομεν
3215 3166 3531 3234 προσφορὰν
3565 3164 3614 3215 ἓν
3668 3169 3738 3231 τῷ
3793 3161 3914 3226 τόπῳ

2325 3250 2508 3322 ἡμῶν·
2560 3254 2645 3302 καὶ
2679 3248 2901 3322 ἤρξαντο
2967 3251 3017 3301 οἱ
3072 3253 3284 3323 πατέρες
3336 3249 3518 3304 λαλεῖν
3578 3254 3698 3323 περὶ
3750 3245 3912 3308 ἄλλων,

2328 3344 2418 3391 καὶ
2463 3338 2558 3391 οὐκ
2607 3338 2887 3410 ἠρώτησαν
2937 3339 3012 3390 ἔτι
3059 3340 3243 3408 μαθεῖν
3294 3343 3386 3396 τὴν
3445 3338 3739 3414 ἀπόκρισιν
3790 3331 3912 3403 παρά

2324 3435 2416 3480 τοῦ
2466 3432 2720 3501 γέροντος,
2785 3429 2901 3480 οὔτε
2940 3427 2966 3479 6
3005 3431 3167 3502 γέρων
3222 3427 3399 3490 αὐτοῖς
3449 3427 3567 3482 εἰπε
3602 3446 3614 3459 ·
3644 3434 3791 3480 τοῦτο
3835 3416 3908 3473 οὖν

2320 3516 2460 3587 ἔλεγέ
2507 3537 2586 3578 τις
2647 3525 2745 3568 τῶν
2792 3520 3045 3587 πατέρων,
3106 3518 3186 3570 ὅτι
3235 3516 3321 3568 ἐὰν
3381 3513 3584 3571 ἴδωσιν
3632 3519 3681 3570 οἱ
3717 3515 3909 3580 πατέρες

2320 3608 2400 3658 ὅτι
2447 3605 2683 3658 λανθάνει
2733 3609 2857 3668 τοὺς
2915 3603 3164 3677 ἀδελφοὺς
3438 3612 3503 3660 τὸ
3559 3610 3606 3643 ³⁵
3666 3607 3906 3680 ἐρωτῆσαι

2319 3699 2438 3769 περὶ
2513 3697 2816 3766 πράγματος
2886 3694 3195 3766 ὠφελοῦντος
3252 3696 3463 3760 αὐτούς,
3539 3693 3905 3766 ἀναγκάζουσιν

3343 3786 3426 3836 ἓάν
3476 3785 3538 3840 δὲ
3579 3790 3650 3857 μὴ
3704 3782 3904 3850 ἀναγκα-

2321 3875 2490 3926 σθῶσι
2519 3875 2660 3945 παρὰ
2688 3882 2785 3925 τῶν
2827 3869 3082 3945 ἀδελφῶν,
3120 3873 3213 3924 οὐκ
3251 3875 3326 3925 ἔτι
3356 3872 3575 3929 λαλοῦσι
3611 3877 3695 3926 τόν
3724 3871 3862 3939 λόγον
3891 3879 3900 3891 ⁸

2319 3783 2533 3844 ἑαυτοὺς
2563 3783 2717 3836 εἰπεῖν
2745 3782 2920 3859 ἀρχὴν
2963 3793 3055 3835 τοῦ
3088 3784 3243 3855 λόγου
3279 3802 3289 3812 ·

2321 3964 2402 4015 ἵνα
2448 3966 2519 4035 μὴ
2568 3963 2848 4034 εὑρεθῶσιν
2898 3963 2967 4023 ὡς
3015 3966 3085 4034 μὴ
3140 3964 3525 4034 ἐπερωτώμενοι
3578 3967 3670 4016 καὶ
3715 3957 3905 4012 λαλοῦν·

2316 4072 2419 4119 τες,
2450 4056 2540 4104 καὶ
2571 4054 2634 4112 ὡς
2674 4051 2956 4124 ἀρφολογία
2987 4053 3302 4124 εὐρίσκιται.

2389 4143 2475 4195 27.
2551 4141 2847 4213 Ἠρώτησεν
2907 4143 2931 4192 6
2984 4139 3143 4203 ἀϐϐἀς
3213 4139 3434 4202 Ἠσαῖας
3496 4144 3524 4195 6
3603 4138 3762 4193 ἀϐϐᾶν
3808 4133 3902 4189 Μα-

2317 4233 2496 4302 κάριον
2544 4231 2702 4302 λέγων
2730 4248 2742 4261 ·
2799 4229 2907 4283 εἰπέ
2946 4250 3035 4302 μοι
3080 4231 3228 4304 ῥῆμα
3260 4251 3272 4264 ο
3298 4235 3384 4282 καὶ
3426 4229 3568 4302 λέγει
3608 4224 3794 4298 αὑτῷὸ
3830 4221 3902 4289 ’γέ-

2315 4339 2416 4392 ρων
2460 4337 2472 4349 ·
2509 4327 2661 4391 φεῦγε
2718 4323 2842 4380 τοὺς
2895 4317 3238 4391 ἀνθρώπους⁶
3275 4319 3413 4391 ἔλεγε
3465 4321 3613 4391 αὐτῷ
3666 4319 3692 4369 6
3756 4307 3904 4392 ἁϐϐᾷς

2317 4410 2540 4470 Ἠσαίας
2581 4427 2593 4441 ’
2643 4413 2694 4460 τί
2750 4407 2861 4461 ἐστι
2908 4411 2965 4460 τὸ
2996 4411 3196 4479 φεύγειν
3251 4412 3368 4470 τοὺς
3421 4407 3720 4485 ἀνθρώπους
3750 4420 3762 4470 ;
3793 4402 3817 4452 ό
3853 4391 3903 4447 δῖ

2313 4502 2475 4572 γέρων
2520 4495 2655 4550 εἶπεν
2686 4497 2826 4568 αὐτῷ
2868 4515 2878 4527 '
2908 4500 2967 4551 1'6
2997 4500 3216 4551 καθίσαι
3249 4498 3318 4560 εἰς
3359 4500 3417 4551 τὸ
3453 4499 3652 4552 κελλίον
3684 4513 3794 4556 σου,
3824 4486 3902 4538 καί

2315 4585 2543 4638 κλαῦσαι
2569 4589 2655 4647 τὰς
2682 4585 2940 4660 ἁμαρτίας
2984 4605 3077 4639 σου
3103 4587 3202 4657 (b).

2384 4675 2478 4730 28.
2537 4671 2742 4746 Ἔλεγεν
2800 4677 2824 4726 6
2876 4673 3035 4736 ἀϐϐᾶς
3086 4677 3400 4747 Παφνούτιος
3451 4676 3476 4727 6
3531 4675 3770 4747 μαθητὴς
3816 4666 3896 4715 τοῦ

2315 4763 2451 4815 ἀϐϐᾶ
2507 4769 2803 4838 Μακαρίου,
2859 4765 2938 4817 ὅτι
2988 4765 3318 4838 παρεκάλεσα
3382 4769 3468 4818 τὸν
3540 4767 3736 4834 πατέρα
3781 4771 3893 4826 μου)

2565 4853 2673 4906 εἰπέ
2721 4873 2811 4924 μοι
2840 4853 2992 4924 λόγον
3025 4871 3035 4882 ·
3072 4855 3097 4906 6
3139 4851 3196 4906 δε
3236 4856 3327 4926 ἔφη
3378 4871 3390 4883 ⁸
3434 4859 3504 4925 μὴ
3557 4848 3895 4910 κακοποιὴσᾩς

3217 4952 3382 4996 ταῦτα
3427 4949 3572 5016 τήρει
3610 4943 3696 4993 καὶ
3736 4933 3889 4999 σώζῃ·

2313 4852 2469 4924 λέγων
2504 4873 2514 4884 ·

2313 4944 2447 5007 τινά,
2487 4939 2624 5014 μηδὲ
2654 4946 2966 5017 κατακρίνῃς
3005 4945 3120 4994 τινά
3153 4963 3164 4974 ·

2383 5119 2471 5174 29.
2525 5118 2676 5173 Εἶπεν
2723 5121 2749 5171 6
2804 5119 2966 5183 ἀϐϐᾶς
3025 5123 3296 5196 Μακάριος
3341 5139 3353 5153 ⁸
3411 5141 3480 5193 μη
3541 5116 3787 5191 κοιμηθῇς
3828 5103 3892 5162 εἷς

2312 5208 2507 5261 κελλίον
2537 5206 2757 5287 ἀδελφοῦ
2790 5212 3004 5281 ἔχοντος
3032 5215 3200 5269 κακὴν
3233 5215 3428 5283 φήμην.
3583 5223 3588 5226 ’

1888 5322 2143 5377 VARIAE
2176 5322 2572 5381 LECTIONES.

622 5423 670 5459 ³⁸
701 5421 789 5476 ΑΙ.
817 5427 919 5491 τῷ.

2103 5509 2353 5566 NOTAE.

622 5610 704 5684 (a)
757 5609 838 5666 Cf.
882 5608 1239 5684 Hist_.l.aus.
1286 5605 1535 5676 antiqua
1586 5606 1776 5662 versio
1822 5621 1953 5678 cap.
1989 5611 2046 5667 9.
2086 5609 2195 5663 VV.

546 5684 649 5740 PP.
683 5681 875 5740 Rosw.
902 5696 960 5754 p.
992 5681 1115 5745 990,
1147 5681 1199 5732 2.

2379 5610 2458 5683 (ὁ)
2492 5610 2574 5667 Cf.
2604 5612 2710 5666 VV.
2744 5613 2844 5667 PP.
2878 5613 3071 5668 Rosw.
3103 5610 3204 5666 lib.
3237 5609 3305 5665 llI
3334 5625 3467 5676 cap.
3498 5608 3617 5664 189.
