4092 6252
295 410 388 468 30.
438 405 725 481 Παρέϐαλὼ
783 424 908 458 ποτε
953 410 1024 475 τῷ
1092 402 1229 475 ἁϐϐᾀ
1278 408 1533 478 Μακαρίῳ
1591 401 1803 476 ἀδελφοὶ
1834 404 1881 460 Λ

230 500 299 561 εὶς
532 503 738 558 Σκῆτιν,
772 499 860 547 καὶ
899 494 1005 565 οὐχ
1036 493 1180 568 εὖρον
1220 496 1268 546 ἓν
1316 502 1387 565 τῷ
1429 493 1608 563 κελλίῳ
1641 494 1801 546 αὐτοῦ

229 585 389 652 οὐδὲν,
412 588 547 657 εἰμὴ
580 582 726 659 ὕδωρ
778 590 999 657 σαπρόν,
1041 588 1131 636 καὶ
1156 582 1396 653 λέγουσιν
1429 583 1568 654 αύτῷ
1596 600 1612 616 ⁸
1646 582 1801 650 ἀϐϐᾶ,

227 674 371 748 δεῦρο
416 678 519 728 ἄνω
550 675 622 737 εἰς
668 678 763 732 τὴν
790 679 993 744 κώμην,
1036 678 1125 724 καὶ
1169 670 1497 744 ἀναπαύομέν
1531 691 1587 725 σε
1618 693 1631 705 ο
1671 671 1804 743 λέγει

220 769 388 827 αὐτοῖς
418 767 443 817 6
472 769 635 838 γέρων
662 785 674 797 ⁸
716 760 919 827 οἴδατε,
970 759 1205 834 ἀδελφοὶ,
1256 766 1314 814 τὸ
1352 761 1685 834 ἀρτοκοπείον
1714 769 1804 813 τοῦ

215 853 374 916 δεῖνος
405 854 479 917 εἰς
517 858 612 912 τήν
642 859 823 925 κώμην
856 869 869 917 ;
902 857 994 905 xui
1030 851 1272 923 λέγουσιν
1312 850 1450 922 αὐτῷ
1481 867 1494 881 °
1524 856 1609 904 ναί
1634 873 1644 883 ·
1670 850 1805 922 λέγει

211 943 382 1005 αὐτοῖς
412 946 439 996 6
468 948 633 1017 γέρων
659 960 671 973 ’
719 942 866 1014 κάγὼ
897 938 1022 995 οἶδα
1051 944 1179 993 αύτὸ
1212 958 1223 970 ·
1249 937 1428 993 οἴδατε
1474 945 1562 993 xui
1610 944 1666 992 τὸ
1696 961 1806 1012 χω-

207 1038 317 1105 ρίον
369 1041 463 1086 τοῦ
524 1030 688 1094 δεῖνος
739 1034 868 1085 ὅπου
937 1032 963 1083 6
1016 1033 1249 1102 ποταμὸς
1304 1032 1514 1101 κρούει;
1567 1029 1805 1101 λέγουσιν

210 1122 348 1193 αύτῷ
378 1140 389 1152 ·
432 1127 519 1175 ναὶ
551 1137 564 1152 ⁶
587 1122 722 1194 λέγει
761 1121 942 1182 αὐτοῖς
970 1121 995 1171 6
1033 1123 1195 1193 γέρων
1227 1136 1240 1148 ’
1288 1118 1434 1190 κάγὼ
1475 1114 1598 1170 οῖδα
1644 1118 1800 1170 αὐτὸ·

211 1212 295 1264 ὅτε
348 1207 436 1263 οὖν
496 1211 641 1278 θέλω⁹
713 1209 772 1263 ού
821 1215 1007 1286 χρείαν
1061 1209 1203 1280 ὑμῶν
1259 1211 1388 1280 ἔχω,
1441 1206 1547 1259 ἀλλ’
1601 1206 1807 1279 ἐμαυτῷ

210 1299 456 1361 ἀναϐάζω
487 1302 553 1355 ³⁸.

280 1391 369 1444 3t.
402 1388 608 1461 Ἐλεγον
638 1394 757 1463 περὶ
801 1396 893 1440 τοῦ
932 1386 1069 1439 ἀϐϐᾶ
1112 1391 1409 1458 Μακαρίου,
1443 1386 1521 1438 ὅτι
1567 1384 1611 1438 εἰ
1649 1404 1809 1457 προσ-

210 1484 410 1554 ἠρχετο
460 1479 603 1549 αὐτῷ
656 1475 874 1550 ἀδελφὸς
922 1479 985 1536 ὡς
1041 1474 1174 1547 όιγίῳ
1220 1479 1420 1548 γέροντι
1468 1479 1557 1527 καὶ
1599 1475 1806 1546 μεγάλῳ

208 1570 342 1639 μετὰ
391 1566 576 1639 φόϐου,
627 1562 777 1619 οὐδὲν
823 1564 985 1617 ἐλάλει
1032 1564 1212 1635 αὐτῷ’
1266 1564 1308 1617 εἰ
1352 1561 1409 1616 δε
1462 1563 1624 1634 ἔλεγεν
1666 1563 1805 1634 αύτῷ

210 1675 291 1718 τις
350 1664 451 1708 τῶν
496 1652 727 1727 ἀδελφῶν
775 1658 843 1717 ὡς
894 1653 1165 1717 ἐξουθενών
1224 1653 1422 1705 αὐτὸν·
1480 1651 1634 1717 ἁϐϐᾱ,
1704 1654 1808 1725 οῖρα

215 1747 337 1796 ὅταν
393 1740 457 1805 ἧς
503 1743 793 1815 καμηλίτης
823 1751 911 1796 xui
962 1743 1194 1804 ἔκλεπτες
1242 1748 1412 1815 νίτρον
1464 1748 1553 1794 καὶ
1604 1740 1807 1803 ἐπώλεις

211 1833 357 1898 αὐτὸ,
401 1833 496 1885 οὐκ
525 1831 699 1907 ἔδερόν
730 1852 788 1886 σε
825 1835 874 1885 οἱ
897 1836 1121 1905 τηρηταί
1151 1833 1188 1867 ³⁷
1218 1851 1236 1904 ε
1267 1832 1311 1885 εἰ
1340 1833 1506 1884 ταῦτά
1534 1850 1608 1892 τις
1643 1832 1806 1902 ἔλεγεν

206 1922 373 1993 αὐτῷ,
411 1921 578 1976 ἐλάλει
606 1922 748 1995 αύτῷ
776 1926 909 1995 μετὰ
934 1927 1125 1996 χαρᾶς,
1156 1924 1200 1973 εῖ
1224 1941 1276 1975 τι
1305 1920 1461 1974 αὐτὸν
1488 1921 1666 1994 ἠρώτα

276 2191 368 2247 32.
427 2189 643 2262 Ἐλεγον
690 2208 808 2262 περι
861 2198 952 2243 τοῦ
996 2189 1133 2243 ἀϐϐᾶ
1182 2193 1461 2262 Μακαρίου
1510 2196 1601 2241 τοῦ
1649 2190 1809 2260 μεγά-

208 2280 315 2345 λου,
365 2282 448 2333 ὅτι
484 2282 683 2351 γέγονε,
715 2282 889 2340 καθώς
920 2278 1033 2332 ἐστι
1070 2283 1446 2353 γεγραμμένον,
1482 2280 1589 2339 θεὸς

212 2367 425 2439 ἐπίγειος
458 2368 555 2437 (ὁ)
586 2386 599 2398 ⁶
655 2369 737 2421 ὅτι
767 2370 940 2441 ὥσπερ
988 2368 1128 2420 ἐστὶν
1168 2370 1194 2419 6
1235 2371 1366 2429 Θεὸς
1420 2366 1693 2427 σκεπάζων
1724 2371 1809 2418 τὸν

215 2462 419 2529 κόσμον,
484 2456 651 2517 οὕτως
700 2460 905 2527 γέγονεν
953 2455 979 2507 6
1020 2454 1182 2517 ἁϐϐᾱς
1232 2456 1499 2529 Μακάριος
1539 2455 1811 2515 σκεπάζων

216 2548 277 2597 τὰ
329 2546 709 2617 ἐλαττώματα,
758 2544 794 2595 ἀ
848 2543 1049 2597 ἔϐλεπεν
1098 2546 1167 2605 ὡς
1223 2548 1295 2617 μὴ
1350 2543 1577 2617 βλέπων,
1632 2550 1722 2596 xui
1778 2542 1812 2595 ἃ

210 2638 389 2693 ἤκουεν
420 2639 501 2696 ὡς
524 2640 596 2708 μὴ
620 2633 825 2687 ἁκούων

273 2726 366 2782 33.
396 2730 708 2796 Διηγησατο
753 2724 776 2776 6
803 2721 969 2785 ἁϐϐᾶς
997 2726 1255 2793 Βιτίμιος,
1286 2724 1365 2775 ὅτι
1395 2722 1558 2792 ἔλεγεν
1582 2723 1607 2774 6
1653 2720 1811 2783 ἁϐϐᾶς

204 2814 520 2888 Μακάριος·
572 2815 867 2884 καθημένου
916 2816 1014 2881 μού
1054 2831 1174 2864 ποτε
1217 2811 1288 2873 εἰς
1340 2818 1549 2877 Σκῆτιν,
1592 2810 1809 2869 κατέϐη-

210 2922 305 2954 σαν
354 2899 454 2955 δύο
513 2908 747 2977 νεώτεροι
807 2901 997 2963 ξενικοὶ
1044 2900 1195 2952 ἐκεῖ·
1252 2905 1342 2952 καὶ
1381 2902 1405 2952 6
1445 2902 1535 2971 μεν
1581 2901 1652 2961 εἰς
1696 2898 1809 2971 εἶχε

210 2994 425 3061 γένειον,
450 2992 476 3043 6
512 2987 571 3044 δε
608 2990 761 3052 ἄλλος
789 2988 966 3064 ἀρχὴν
1007 2988 1210 3061 βάλλων
1248 2993 1444 3060 γενείου
1476 3006 1489 3018 ⁸
1516 2994 1606 3041 καὶ
1653 2985 1807 3047 ἦλθον

212 3083 344 3151 πρὸς
380 3097 444 3151 με
486 3078 705 3151 λέγοντες
743 3095 757 3109 ’
806 3086 907 3132 ποῦ
963 3081 1104 3132 ἔστιν
1144 3080 1173 3136 ἠ
1217 3077 1368 3130 κελλα
1406 3085 1497 3130 τοῦ
1530 3076 1667 3131 ὰϐϐᾶ
1699 3084 1807 3131 Μα-
1841 3110 1882 3164 C

208 3171 398 3241 καρίου
428 3186 442 3233 ;
474 3167 617 3240 κάγὼ
660 3166 799 3222 εἶπον
833 3185 846 3199 ⁸
880 3172 933 3220 τί
975 3168 1135 3220 θέλετε
1160 3166 1314 3219 αὐτόν
1347 3184 1361 3233 ;
1401 3171 1492 3219 καὶ
1519 3166 1758 3239 λέγουσιν
1787 3185 1801 3200 ο

207 3255 481 3319 ἀκούοντες
535 3259 604 3310 τὰ
642 3262 761 3329 περὶ
808 3257 969 3309 αὐτοῦ
1022 3260 1112 3309 καὶ
1158 3265 1253 3317 τῆς
1302 3260 1532 3317 Σκητεως
1585 3254 1803 3328 ἤλθομεν

210 3342 342 3398 ἰδεῖν
375 3346 530 3398 αὐτόν
562 3363 575 3377 ο
603 3346 732 3417 λέγω
766 3346 943 3408 αὐτοῖς
968 3363 982 3376 ⁶
1017 3344 1117 3415 ἐγώ
1166 3344 1273 3416 εἰμι
1314 3361 1327 3373 ·
1384 3350 1473 3398 καὶ
1511 3343 1688 3398 ἔϐαλον
1718 3364 1803 3416 με·

207 3435 444 3500 τάνοιαν,
474 3434 704 3505 λέγοντες
732 3451 746 3464 ⁸
800 3431 904 3487 ὧδε
934 3434 1139 3507 θελομεν
1187 3441 1379 3507 μεῖναι.
1433 3432 1531 3505 ἐγὼ
1585 3431 1643 3486 δὲ
1686 3432 1803 3505 βλέ-

205 3542 315 3575 πων
372 3522 560 3583 αύτούς
614 3527 892 3598 τρυφεροὺς
946 3528 1037 3575 xui
1090 3525 1153 3584 ὡς
1212 3525 1313 3574 ἀπὸ
1367 3522 1613 3588 πλούτου,
1672 3521 1801 3594 λέγω

199 3611 377 3675 αὐτοῖς
413 3631 426 3645 ·
460 3612 519 3665 ού
570 3608 799 3665 δύνασθε
846 3613 1062 3665 καθίσαι
1102 3607 1205 3663 ὦδε
1232 3627 1244 3639 ⁸
1274 3614 1362 3662 καὶ
1398 3610 1533 3682 λέγει
1571 3612 1596 3662 6
1627 3612 1799 3682 μειζο-

200 3721 345 3777 τερος
376 3719 388 3731 ⁸
440 3701 527 3755 ἐὰν
556 3706 627 3774 μὴ
672 3698 948 3773 δυνώμεθα
985 3702 1205 3753 καθίσαι
1248 3696 1372 3765 ὧδε,
1422 3701 1684 3773 ὑπάγομεν
1716 3698 1801 3752 ἆλ-

196 3791 369 3865 λαχοῦ
405 3808 419 3823 ‘
461 3791 594 3863 λέγω
646 3791 744 3863 ἐγὼ
792 3799 864 3861 τῷ
909 3790 1146 3862 λογισμῷ
1191 3809 1292 3862 μου
1328 3806 1340 3819 ⁸
1385 3785 1478 3842 διὰ
1525 3794 1577 3842 τί
1623 3785 1800 3841 διώκω

197 3881 382 3943 αύτούς
422 3886 514 3934 xui
564 3878 1010 3941 σκανδαλίζονται
1042 3896 1056 3945 ;
1081 3880 1106 3931 6
1137 3886 1298 3942 κόπος
1341 3886 1479 3931 ποιεῖ
1508 3878 1697 3938 αύτούς
1728 3875 1799 3931 δι’

435 3971 635 4024 ἑαυτὼν
702 3977 881 4041 φυγεῖν
919 3987 930 3998 ·
992 3972 1081 4021 καὶ
1150 3967 1282 4040 λέγω
1341 3967 1515 4029 αὐτοῖς
1552 3982 1564 3995 ·
1628 3964 1796 4034 δεῦτε,

193 4066 452 4118 ποιήσατε
508 4059 715 4119 ἑαυτοῖς
760 4057 956 4111 κελλίον
1003 4057 1046 4110 εἰ
1094 4054 1323 4109 δύνασθε
1360 4070 1371 4080 ·
1409 4062 1499 4109 καὶ
1548 4056 1797 4127 λέγουσι⁶

197 4143 364 4212 δεῖξον
423 4151 558 4221 ἡμῖν
612 4152 790 4214 τόπον,
849 4151 939 4199 καὶ
976 4152 1222 4218 ποιοῦμεν
1252 4163 1265 4175 ’
1308 4141 1471 4198 ἔδωκε
1515 4141 1574 4198 δε
1632 4144 1801 4207 αὐτοῖς

194 4239 220 4290 ὀ
264 4244 428 4313 γέρων
475 4236 687 4291 πέλεκυν
716 4237 759 4277 ²⁸
807 4241 896 4289 xui.
947 4231 1241 4288 ἁναϐολίδιν
1270 4237 1312 4271 ²⁹
1358 4239 1547 4307 μεστόν
1582 4234 1800 4307 ψωμίων

195 4331 283 4380 καὶ
312 4328 442 4390 ἅλας
474 4343 486 4356 ’
522 4322 685 4389 ἔδειξε
712 4323 771 4379 δε
815 4326 993 4389 αὐτοῖς
1022 4326 1049 4377 6
1087 4329 1248 4398 γέρων
1286 4329 1375 4377 xui
1404 4328 1595 4397 πέτραν
1637 4323 1798 4384 σκλη-

197 4419 291 4490 ρὰν
328 4417 488 4489 λέγων
519 4432 533 4447 ·
578 4415 909 4487 λατομὴσατε
951 4412 1076 4480 ὧδε,
1117 4419 1206 4467 καὶ
1248 4417 1421 4488 φέρετε
1466 4413 1640 4476 αὐτοῖς
1676 4414 1803 4477 ξύλα

198 4508 253 4558 ἑκ
305 4514 399 4560 τοῦ
455 4506 623 4576 ἕλους,
682 4510 773 4559 xui
833 4506 1180 4576 στεγάσαντες
1235 4505 1524 4556 καθίσατε·
1568 4502 1800 4575 ἐνόμιζον

201 4591 259 4647 δε
288 4598 408 4667 ἐγώ,
438 4600 621 4669 φησίν,
652 4596 733 4647 ὃτι
753 4594 999 4667 μελλουσι
1025 4591 1119 4646 διὰ
1142 4597 1228 4645 τὸν
1258 4599 1417 4645 κοπον
1432 4591 1722 4667 ἀναχωρεῖν
1736 4598 1799 4649 ³ο.

203 4682 481 4755 ἠρώτησαν
534 4680 594 4737 δέ
642 4703 724 4756 με,
775 4689 827 4736 τί
857 4685 1181 4758 ἐργάζωνται
1228 4679 1368 4735 ὧδεο
1399 4682 1529 4753 λέγω
1578 4682 1751 4744 αὐτοῖς
1784 4696 1797 4712 °

202 4776 295 4831 τὴν
345 4776 521 4848 σειράν
555 4790 568 4802 ·
621 4779 711 4826 xui
766 4772 1011 4845 λαμϐάνω
1069 4771 1203 4844 βαΐα
1256 4769 1309 4822 ἐκ
1356 4779 1449 4823 τοῦ
1506 4770 1665 4839 ἕλους,
1714 4776 1803 4823 xui

202 4857 422 4916 δεικνύω
472 4863 650 4926 αὐτοῖς
696 4866 789 4921 τὴν
839 4864 1015 4937 ἀρχὴν
1062 4868 1153 4921 τῆς
1204 4866 1401 4933 σειρᾶς,
1435 4864 1526 4911 xui
1569 4868 1673 4922 πῶς
1711 4858 1803 4934 ῥά-

198 4970 340 5005 πτειν
393 4949 498 5020 δεῖ,
558 4956 648 5004 xui
704 4949 843 5004 εἶπον
874 4968 892 4985 ο
946 4957 1139 5003 ποιεῖτε
1189 4946 1473 5021 σπυρίδας,
1533 4953 1620 5001 xui
1671 4968 1804 5021 παρ-

198 5043 345 5113 έχετε
392 5049 500 5104 τοῖς
545 5040 752 5114 φύλαξι,
786 5045 874 5094 xui
905 5044 1145 5113 φέρουσιν
1189 5038 1311 5111 ύμῖν
1350 5036 1533 5110 ψωμία
1564 5054 1575 5066 ·
1625 5036 1801 5090 λοιπὸν

200 5126 285 5182 οὖν
323 5129 425 5204 ἐγὼ
476 5130 797 5206 ἀνεχώρησα
823 5150 834 5163 ·
875 5129 1026 5182 αὐτοὶ
1067 5125 1125 5182 δε
1173 5126 1286 5201 μεθ’
1319 5128 1584 5199 ὑπομονῆς
1631 5129 1802 5180 πάντα

1571 276 2215 335 APOPHTHEGMATA.

3473 292 3576 348 254

1988 408 2076 460 30.
2129 405 2215 460 Ad
2267 404 2592 461 Macarium
2632 406 2914 465 abbatem
2954 410 3015 466 in
3071 413 3232 469 Scete
3261 418 3572 488 quondam

1916 503 2297 550 accesserunt
2334 494 2565 561 fratres,
2601 512 2707 552 nec
2755 500 3089 572 quidquam
3123 503 3475 563 invenerunt
3512 509 3575 564 in

1915 583 2061 639 cella
2093 583 2220 655 ejus
2239 584 2352 639 nisi
2392 600 2615 657 aquam
2653 588 2970 657 putridain.
3004 590 3204 663 Itaque
3257 594 3346 649 ei:
3379 596 3572 663 Abba,

1913 672 2210 744 inquiunt,
2244 678 2501 729 ascende
2532 675 2589 729 in
2624 692 2660 746 p
2709 690 2873 744 gum,
2902 683 2958 732 et
2976 680 3310 738 reticiemus
3335 690 3405 738 te.
3434 686 3576 750 Qui-

1913 761 2027 817 bus
2089 778 2271 817 senex
2317 764 2664 835 respondit:
2721 768 2934 834 Nostis,
2982 767 3211 836 fratres,
3259 772 3574 842 pistrinum

1914 849 2074 905 illius
2115 850 2375 906 hominis
2428 852 2487 905 in
2532 868 2684 922 pago
2743 854 3009 910 ?Dicunt
3057 876 3070 912 :
3119 860 3318 914 Etiam.
3354 860 3577 919 Deinde

1916 955 2097 994 senex
2125 959 2135 994 :
2167 943 2283 1008 Ego
2314 956 2557 1011 quoque
2591 942 2963 998 novi.Nostis
2994 951 3051 1000 et
3082 948 3398 1016 praedium
3422 951 3577 1007 illius

1914 1028 2199 1091 hominis,
2252 1030 2351 1083 ubi
2383 1028 2600 1083 ﬂuvius
2642 1031 2777 1086 salit
2806 1030 2835 1087 7
2874 1034 3051 1090 Aiunt
3081 1054 3092 1090 :
3130 1037 3438 1095 Novimus.
3466 1040 3577 1097 Se-

1916 1132 2032 1172 nex
2065 1133 2076 1168 :
2116 1119 2174 1171 Et
2200 1132 2332 1186 ego,
2368 1116 2579 1190 inquit,
2615 1119 2773 1174 novi.
2840 1122 3092 1186 Quando
3133 1125 3311 1195 igitur
3359 1128 3575 1199 placet,

1919 1206 2088 1261 vobis
2117 1206 2258 1261 mihi
2290 1222 2442 1278 opus
2476 1223 2595 1262 non
2644 1214 2751 1273 est,
2802 1212 2908 1267 sed
2942 1212 3072 1284 ipse
3126 1214 3271 1271 mihi
3301 1217 3578 1289 adporto.

1989 1384 2075 1435 3t.
2104 1382 2355 1436 Aiebant
2386 1382 2458 1437 de
2484 1383 2739 1439 Macario
2776 1384 3014 1451 abbate,
3038 1388 3223 1460 quod,
3254 1390 3305 1444 si
3332 1391 3409 1447 ad
3440 1409 3579 1449 eum

1917 1469 2225 1525 accederet
2251 1469 2431 1525 frater
2456 1488 2593 1527 cum
2636 1474 2861 1537 timore,
2898 1482 3182 1547 tanquam
3204 1478 3278 1533 ad
3303 1486 3579 1538 sanctum

1917 1562 1973 1613 et
2030 1574 2317 1627 magnum
2380 1576 2605 1627 senem,
2640 1561 2783 1617 nihil
2832 1564 2881 1617 ei
2925 1564 3310 1637 loquebatur.
3352 1569 3409 1625 Si
3440 1586 3580 1627 vero

1915 1646 2163 1703 fratrum
2205 1648 2505 1720 quispiam
2538 1657 2828 1720 tanquam
2872 1654 3013 1707 nihil
3068 1672 3205 1711 eum
3239 1658 3463 1713 faciens
3491 1659 3585 1715 di-

1849 1754 1888 1807 Β
1918 1743 2072 1791 ceret
2097 1737 2149 1791 ei
2182 1755 2194 1792 :
2229 1739 2422 1802 Abba,
2454 1739 2703 1809 quando
2728 1755 2859 1794 eras
2885 1746 3245 1799 camelarius
3276 1751 3329 1801 te
3358 1747 3581 1805 nitrum

1916 1825 2212 1883 furabaris
2259 1842 2329 1882 ac
2358 1827 2684 1892 vendebas,
2722 1844 2921 1885 nonne
2960 1832 3355 1891 verberabant
3385 1842 3438 1892 et
3481 1852 3581 1893 cu-

1917 1916 2118 1972 stodes
2147 1915 2176 1967 ‘I
2215 1915 2276 1969 Si
2313 1916 2457 1971 talia
2506 1918 2641 1988 quis
2688 1926 2841 1973 esset
2878 1920 2928 1974 ei
2967 1919 3222 1989 locutus,
3264 1924 3402 1980 huic
3441 1941 3582 1983 cum

1916 2003 2155 2077 gaudio,
2206 2004 2252 2059 si
2301 2004 2445 2075 quid
2502 2022 2641 2062 eum
2703 2008 3144 2080 interrogasset,
3219 2027 3578 2084 responsum

1914 2092 2119 2150 dabaL

1990 2187 2077 2238 32.
2122 2183 2197 2237 De
2231 2182 2481 2238 Macario
2513 2200 2732 2254 magno
2771 2186 2990 2243 abbate
3016 2188 3384 2255 asserebant,
3412 2189 3580 2262 quod

1919 2272 2215 2335 exstiterit,
2249 2273 2398 2326 sicut
2422 2275 2701 2345 scriptum
2732 2283 2838 2341 est,
2891 2277 3040 2331 deus
3081 2278 3397 2345 terrestris,
3432 2280 3576 2352 quia

1921 2360 2439 2432 quemadmodum
2482 2366 2632 2417 Deus
2667 2366 2957 2419 mundum
2994 2368 3150 2435 tegit,
3176 2368 3257 2423 ita
3291 2370 3577 2425 Macarius

1923 2449 2108 2503 abbas
2160 2448 2373 2503 delicta
2410 2450 2750 2521 obtegebat,
2804 2469 2959 2525 quae
2994 2455 3219 2510 viderat
3249 2457 3424 2527 quasi
3454 2472 3576 2514 non

1920 2537 2361 2608 vidisset,quae
2401 2540 2671 2596 audierat
2703 2543 2877 2614 quasi
2924 2559 3045 2599 non
3085 2544 3430 2600 audivisset.

1992 2716 2080 2772 33.
2105 2716 2371 2772 Vitimins
2401 2717 2592 2774 abbas
2630 2719 2894 2774 narravit
2941 2721 3263 2779 Macarium
3294 2723 3581 2781 abbatem

1919 2804 2000 2861 ita
2037 2806 2355 2861 retulisse:
2421 2807 2671 2863 Sedente
2728 2825 2821 2863 me
2897 2809 3225 2883 aliquando
3277 2814 3337 2869 in
3406 2814 3580 2879 Sceti,

1920 2894 2055 2949 illuc
2086 2895 2523 2951 descenderunt
2561 2897 2683 2951 duo
2743 2898 2983 2954 iuvenes
3039 2902 3383 2973 peregrini;
3438 2919 3587 2976 quo-

1917 2999 2047 3037 rum
2081 2999 2233 3039 unus
2252 2984 2510 3039 barbam
2530 2985 2793 3053 gerebat,
2816 2986 2963 3042 alter
2987 3004 3122 3044 vero
3142 2990 3398 3061 primam
3418 2993 3588 3048 emit-

1918 3071 2076 3127 tebat
2108 3071 2475 3143 lanuginem.
2509 3072 2619 3139 Qui
2654 3081 2940 3130 venerunt
3002 3076 3079 3131 ad
3131 3095 3226 3133 me
3256 3086 3537 3149 rogantes
3568 3096 3584 3139 ε

1919 3160 2023 3217 Ubi
2045 3166 2136 3217 est
2156 3161 2304 3216 cella
2330 3162 2562 3218 Macarii
2596 3160 2832 3219 abbatis
2863 3162 2891 3218 ?
2920 3166 3040 3233 Ego
3072 3182 3085 3220 :
3121 3168 3270 3223 Num
3294 3168 3463 3240 quid,
3497 3169 3587 3226 in-

1914 3266 2121 3323 quam,
2155 3266 2292 3306 eum
2322 3250 2503 3306 vultis
2531 3250 2560 3306 ‘?
2582 3252 2762 3307 Aiunt
2797 3268 2810 3307 :
2850 3253 3068 3310 Audita
3097 3254 3224 3311 eius
3252 3273 3321 3313 ac
3350 3259 3585 3316 Sceteos

1914 3338 2076 3396 fama
2091 3340 2383 3405 venimus,
2403 3340 2972 3399 utvideamuseum.
2996 3344 3134 3400 Dico
3165 3346 3261 3401 iis:
3291 3350 3411 3416 Ego
3426 3364 3581 3404 sum.

1915 3431 2211 3501 Factaque
2233 3428 2502 3500 corporis
2534 3428 2915 3486 inclinatione
2950 3448 2961 3487 :
2999 3433 3120 3502 Hic,
3148 3434 3449 3508 inquiunt,
3478 3452 3582 3493 cu-

1913 3517 2112 3590 pimus
2146 3533 2410 3575 manere.
2480 3520 2597 3588 Ego
2635 3534 2773 3573 vero
2823 3519 3031 3575 videns
3060 3538 3160 3578 eos
3207 3523 3494 3582 delicatos
3528 3529 3587 3582 et

1912 3606 2069 3662 velut
2095 3607 2154 3662 in
2168 3607 2384 3662 divitiis
2401 3606 2688 3663 educatos
2716 3607 2813 3663 aio
2847 3624 2859 3661 :
2896 3612 3020 3665 Non
3049 3613 3296 3682 potestis
3322 3613 3583 3671 residere

1910 3695 2026 3751 hic.
2062 3696 2239 3753 Maior
2271 3695 2593 3768 respondet
2621 3715 2633 3755 :
2659 3695 2716 3750 Si
2749 3713 2869 3752 non
2922 3714 3247 3769 possumus
3278 3718 3583 3760 remanere

1910 3785 2030 3854 hic,
2062 3785 2138 3841 ad
2153 3784 2339 3841 alium
2366 3800 2686 3857 pergemus
2707 3784 2927 3842 locum.
2954 3788 3103 3845 Tum
3127 3805 3259 3860 ego,
3280 3791 3444 3863 apud
3464 3808 3580 3848 me:

1914 3878 2047 3939 Cur,
2089 3875 2359 3947 inquam,
2394 3874 2550 3946 pello
2578 3890 2704 3941 eos,
2734 3882 2790 3930 et
2838 3876 3196 3934 scandalum
3228 3881 3525 3951 patientur
3556 3881 3586 3939 7

1913 3963 2117 4022 Labor
2145 3964 2377 4028 efﬁciet,
2426 3968 2488 4019 ut
2529 3969 2745 4035 sponte
2768 3963 3019 4036 fugiant.
3072 3967 3278 4038 Itaque
3308 3968 3445 4025 dico
3472 3970 3582 4026 iis:

1911 4053 2131 4124 Venite,
2166 4054 2486 4109 construite
2513 4053 2687 4109 vobis
2717 4054 3015 4120 cellulam,
3050 4056 3097 4111 si
3128 4057 3398 4128 potestis.
3439 4057 3526 4113 Illi
3563 4072 3581 4115 :

1912 4141 2168 4200 Ostende
2196 4141 2371 4197 nobis
2393 4142 2593 4197 locum
2627 4146 2682 4198 et
2713 4148 3152 4200 construemus.
3184 4145 3353 4201 Dedit
3379 4150 3581 4218 autem

1912 4232 1983 4287 iis
2011 4247 2190 4287 senex
2218 4231 2499 4296 securim,
2529 4246 2860 4304 peramque
2920 4233 3164 4305 plenam
3212 4234 3494 4307 panibus,
3528 4241 3585 4294 et

1912 4320 2018 4377 sal.
2062 4320 2449 4391 Ostenditque
2473 4326 2701 4392 petram
2733 4321 2948 4378 duram
2980 4339 3233 4379 monens
3269 4343 3282 4383 :
3322 4325 3579 4397 Lapides

1912 4411 2008 4467 hic
2040 4410 2302 4474 incidite,
2330 4416 2511 4482 atque
2551 4416 2783 4481 portate
2831 4412 3001 4468 vobis
3040 4413 3206 4481 ligna
3244 4430 3313 4470 ex
3341 4414 3582 4488 palude,

1912 4507 2182 4572 tectoque
2230 4499 2511 4570 imposito
2565 4499 2837 4555 residete.
2887 4501 3177 4557 Putabam
3209 4510 3429 4559 autem.
3488 4505 3583 4561 in-

1910 4590 2059 4661 quit.
2089 4606 2192 4645 eos
2222 4594 2462 4661 pr0pter
2510 4588 2776 4645 laborem
2822 4605 3160 4646 recessuros
3204 4608 3355 4648 esse.
3401 4593 3583 4651 Porro

1913 4679 2207 4751 petierunt
2254 4694 2290 4734 a
2314 4694 2428 4741 me,
2461 4677 2607 4751 quid
2634 4693 2711 4733 oo
2740 4677 2853 4733 loci
2881 4681 3180 4749 operaturi
3208 4690 3423 4738 essent.
3474 4685 3586 4739 Re-

1915 4768 2187 4840 spondeo
2217 4783 2229 4821 :
2269 4767 2522 4823 Plectam
2550 4766 3139 4840 facite.Sumptisque
3155 4768 3308 4825 foliis
3333 4770 3582 4842 palmat-

1913 4872 2045 4912 rum
2078 4873 2108 4911 e
2149 4855 2388 4927 palude,
2429 4855 2680 4912 ostendo
2732 4856 2803 4911 iis
2857 4856 3083 4927 plectae
3130 4859 3491 4931 principum,
3522 4866 3580 4920 et

1912 4946 2221 5018 quomodo
2260 4961 2549 5002 consuere
2580 4951 2870 5018 oporteat,
2902 4953 2958 5002 et
2989 4967 3003 5003 :
3049 4946 3263 5011 Facite,
3302 4950 3577 5022 inquam,

1913 5041 2170 5107 sportas,
2220 5051 2372 5107 quas
2405 5035 2647 5091 tradetis
2675 5036 3048 5102 custodibus,
3091 5036 3130 5091 ii
3160 5053 3301 5094 vero
3329 5039 3578 5098 afferent

1911 5125 2082 5182 vobis
2114 5140 2317 5197 panes.
2348 5124 2571 5180 Deinde
2589 5124 2876 5181 abscessi.
2894 5131 2965 5181 At
2982 5125 3065 5181 illi
3088 5127 3380 5198 patienter
3396 5143 3579 5202 quae-

1516 5220 1525 5227 ’
1564 5250 1829 5306 VARIAE
1869 5248 2232 5307 LECTIONE.

274 5382 322 5416 se
365 5381 460 5439 sic
502 5396 614 5454 pro
654 5376 1029 5441 ἀναϐιϐάζω
1068 5392 1082 5406 ’
1164 5377 1210 5412 ³⁷
1239 5374 1325 5431 Al.
1358 5380 1623 5451 κριταί·
1704 5377 1752 5412 ²⁸
1793 5374 1877 5430 Al.

1920 5373 2194 5427 πέλυκα·
2271 5374 2319 5409 ³⁸
2350 5372 2437 5427 Al.
2467 5369 2892 5427 ἂναϐολίδιον
2921 5394 2934 5408 ·

3015 5378 3058 5415 ³⁰
3084 5375 3170 5432 ΑΙ.
3205 5376 3496 5448 φεύγειν,

1773 5500 2032 5559 NOTAE.

307 5604 366 5677 α)
406 5605 492 5677 Ct‘.
522 5603 636 5661 VV.
669 5604 774 5677 PP.
807 5606 1004 5661 Bosw.
1043 5601 1151 5677 lib.
1181 5599 1277 5677 Vll
1305 5598 1560 5677 c_ap._12,
1592 5600 1661 5677 ἓ.

307 5604 366 5677 a)
406 5605 492 5662 Ct‘.
522 5604 636 5661 VV.
669 5604 774 5661 PP.
807 5606 1004 5661 Bosw.
1043 5604 1151 5659 lib.
1182 5604 1277 5655 Vll
1305 5614 1438 5671 cap.
1470 5604 1560 5666 12,
1592 5604 1661 5659 2.,

283 5604 362 5749 ξιτ)
401 5676 485 5736 Cf.
520 5676 772 5737 Constit.
820 5680 1034 5750 Apost.
1086 5673 1156 5730 ll.
1203 5671 1278 5727 26
1316 5670 1566 5768 Coteler.
1604 5672 1803 5730 Patres

1913 5601 2121 5670 Apost.
2147 5598 2317 5670 Tom.
2346 5597 2365 5651 Ι
2399 5614 2459 5669 p.
2484 5596 2608 5655 239.

1985 5670 2063 5743 (ιι)
2096 5668 2176 5728 Ct.
2213 5668 2543 5729 Sententiae
2563 5674 2820 5742 Aegypt.
2859 5671 2963 5725 PP.
2992 5669 3113 5726 107.
