4092 6252
580 298 687 355 255

1423 300 1526 357 SS.
1570 297 2065 357 MACARIORUM
2104 249 2441 354 AEGYPTII
2482 295 2567 352 ET
2605 295 3100 352 ALEXANDRINI
3806 298 3901 353 256

580 442 818 499 cunque
856 425 1285 482 mandaveram
1315 426 1575 482 exsecuti
1614 431 1770 491 sunt,
1801 442 1908 481 nec
1952 430 2222 481 venerunt

2350 421 2616 487 ἐποίησαν,
2676 424 2776 476 ὅσα
2819 421 2957 476 εἶπον
3007 422 3221 484 αὐτοῖς·
3271 426 3357 474 καὶ
3407 421 3465 475 οὐ
3513 422 3784 495 παρέϐαλον
3831 443 3911 495 μοι

579 515 658 572 ad
687 531 783 571 me
816 515 1002 571 tribus
1033 518 1226 571 annis.
1264 518 1376 585 Ego
1412 530 1548 571 vero
1579 516 1824 571 assidue
1857 532 1999 571 cum
2032 515 2238 571 animo

578 621 714 661 meo
728 605 1114 672 colluctabar,
1130 612 1416 677 reputans
1442 622 1454 659 :
1490 605 1724 678 Ecquae
1738 612 1827 661 est
1857 621 2065 660 eorum
2094 619 2232 675 ope-

574 696 744 756 ratio,
778 695 939 764 quod
974 711 1093 749 non
1125 696 1478 750 accesserint
1516 694 1937 764 interrogaturi
1973 694 2047 748 de
2078 693 2236 762 cogi-

579 782 850 839 talione?
902 784 1005 849 Qui
1041 784 1245 855 procul
1286 783 1576 846 habitant,
1610 785 1856 839 veniunt
1896 783 1972 839 ad
2007 798 2099 837 me
2135 799 2146 836 :
2179 785 2236 838 et

579 872 669 928 isti
699 889 833 928 cum
891 874 1211 945 propinqui
1259 874 1395 941 sint,
1423 888 1543 927 non
1588 878 1985 940 accesserunt,
2017 887 2127 927 nec
2157 870 2234 926 ad

576 960 725 1017 alios
740 962 1131 1033 profectisunt
1161 979 1172 1015 :
1202 962 1516 1017 dumtaxat
1544 966 1798 1033 pergunt
1821 961 1897 1017 ad
1912 961 2233 1015 ecclesiam

577 1052 759 1117 taciti,
798 1059 856 1106 ut
880 1051 1179 1124 accipiant
1204 1051 1585 1107 oblationem.
1630 1053 1817 1123 Atque
1850 1051 2016 1107 oravi
2043 1050 2235 1106 Domi-

572 1158 740 1208 num,
775 1143 1047 1198 ieiunans
1082 1157 1202 1196 una
1230 1140 1630 1208 hebdomade,
1661 1145 1725 1195 ut
1754 1140 2105 1209 dignaretur
2131 1138 2237 1193 mi-

573 1237 635 1294 hi
658 1233 973 1292 ostendere
1002 1230 1413 1301 operationem
1455 1246 1682 1285 eorum.
1724 1230 1859 1284 Post
1906 1228 2238 1284 hebdoma-

575 1326 713 1381 dem
745 1338 886 1377 vero
924 1335 1177 1388 surgens
1209 1318 1286 1373 ad
1317 1334 1415 1373 eos
1463 1318 1603 1382 abii,
1641 1325 1699 1372 ut
1746 1319 2022 1381 intuerer,
2088 1332 2234 1388 quo-

575 1412 759 1470 modo
772 1414 1032 1479 agerent.
1049 1407 1258 1462 Etcum
1278 1408 1617 1477 pulsassem
1633 1412 2234 1477 aperuerunt,meque

577 1502 909 1558 salutarunt
956 1513 1091 1552 cum
1119 1495 1366 1550 silentio.
1428 1496 1553 1549 Feci
1586 1497 1937 1560 orationem,
1980 1500 2035 1548 et
2073 1493 2224 1548 sedi.

576 1590 760 1646 Maior
790 1587 980 1642 innuit
1005 1585 1244 1654 minori,
1268 1590 1325 1638 ut
1364 1583 1759 1653 egrederetur.
1801 1584 2051 1654 ipseque
2083 1582 2236 1637 sedit

578 1679 655 1737 ad
676 1674 1102 1733 conﬁciendam
1122 1672 1398 1745 plectam,
1415 1689 1521 1726 nec
1538 1672 1868 1744 quidquam
1884 1671 2235 1743 loquebatur

2348 512 2430 565 ἐπὶ
2477 520 2598 586 τρία
2640 516 2725 571 ἔτη
2763 531 2775 543 ·
2830 518 2921 564 καὶ
2972 515 3177 585 ἔμετινα
3231 512 3459 585 πολεμῶν
3506 519 3614 575 τοῖς
3640 513 3912 585 λογισμοῖς,

2346 601 2503 672 λέγων
2529 608 2547 634 ·’
2575 607 2650 662 τίς
2688 604 2792 674 οἶρα
2829 601 2968 653 ἐστὶν
3002 605 3029 661 ἡ
3073 601 3293 675 ἐργασία
3340 601 3531 667 αὐτῶν,
3590 603 3669 654 ὅτι
3714 602 3801 654 ούκ
3830 599 3913 660 ἧλ-

2350 693 2434 743 θον
2490 694 2752 764 ἐρωτῆσαι
2784 691 3072 763 λογισμὸν;
3124 694 3173 743 οἰ
3202 690 3302 743 ἀπὸ
3334 693 3559 763 μήκοθεν
3600 692 3640 727 ³1
3692 694 3919 763 ἔρχονται

2346 786 2474 852 πρός
2505 800 2568 853 με
2595 798 2608 810 ·
2655 787 2744 833 καὶ
2783 782 2923 833 οὗτοι
2970 782 3019 833 οἱ
3060 780 3213 852 ἐγγύς
3255 780 3347 833 οὐκ
3385 778 3561 845 ἦλθον,
3814 784 3918 832 οὔτε

2349 866 2407 921 δὲ
2455 874 2581 944 πρὸς
2613 870 2798 931 ἄλλους
2842 871 3042 941 ὑπῆγον
3078 886 3091 899 ⁵
3139 869 3183 921 εἰ
3220 874 3290 941 μὴ
3326 875 3477 940 μόνον
3523 869 3595 932 εἰς
3623 874 3715 927 τὴν
3758 868 3920 927 ἐκκλη-

2351 963 2469 1009 σίαν
2502 968 2810 1023 σιωπῶντες,
2837 958 3006 1010 λαϐεῖν
3041 963 3134 1017 τὴν
3173 960 3475 1033 προσφοράν
3506 976 3518 988 ·
3566 965 3655 1010 καὶ
3700 958 3919 1030 ηὐξάμην

2347 1055 2419 1117 τῷ
2461 1054 2575 1117 Θεῷ
2618 1050 2907 1108 νηστεύσας
2934 1051 3025 1105 τὴν
3074 1043 3368 1118 ἑϐδομάδα,
3420 1049 3505 1098 ἰνα
3555 1043 3700 1119 δείξῃ
3732 1066 3814 1119 μοι
3837 1051 3919 1105 τὴν

2347 1134 2594 1207 ἐργασίαν
2652 1136 2819 1188 αὐτῶν
2859 1150 2872 1163 ’
2908 1138 3135 1198 ἀναστὰς
3195 1133 3254 1189 δέ
3319 1139 3452 1209 μετὰ
3498 1141 3590 1194 τὴν
3645 1132 3917 1207 ἑϐδομάδα,

2348 1224 2579 1284 ἀπῆλθον
2608 1230 2734 1301 πρὸς
2772 1226 2960 1289 αὐτοὺς
2995 1223 3144 1291 ἰδεῖν,
3176 1234 3285 1288 πῶς
3332 1228 3593 1285 κάθηνται
3621 1243 3633 1255 °
3667 1230 3753 1278 καὶ
3781 1228 3917 1299 κρού-

2349 1320 2537 1376 σαντος
2579 1335 2678 1387 μου
2728 1314 2971 1386 ἀνέῳξαν,
3022 1320 3111 1367 καὶ
3150 1315 3464 1374 ἠσπάσαντὸ
3505 1334 3569 1387 με
3600 1323 3877 1376 σιωπῶντες
3904 1333 3917 1347 ο

2345 1409 2432 1456 καὶ
2492 1410 2719 1466 ποιήσας
2774 1404 2937 1475 εὐχὴν
2968 1406 3189 1456 ἐκάθισα
3222 1422 3233 1434 ·
3257 1407 3445 1466 νεύσας
3487 1400 3546 1457 δε
3580 1406 3606 1456 6
3640 1405 3822 1475 μείζων
3857 1410 3919 1472 τῷ

2345 1497 2634 1568 μικροτέρῳ
2685 1493 2918 1555 ἐξελθεῖν,
2980 1492 3189 1546 ἐκάθισε
3251 1494 3453 1546 πλέκειν
3514 1494 3563 1528 ³³
3621 1497 3705 1545 τὸν
3765 1495 3920 1565 σειρὰν

2344 1582 2575 1645 λαλήσας
2609 1580 2775 1655 μηδέν
2810 1587 2929 1634 ’καὶ
2961 1590 3019 1655 τῇ
3054 1585 3164 1657 ὥρᾳ
3210 1591 3306 1645 τῆς
3333 1584 3522 1644 ἐνάτης
3568 1585 3795 1657 ἔκρουσε,
3843 1586 3921 1633 καὶ

2345 1669 2492 1730 ἦλθεν
2545 1674 2570 1724 6
2602 1678 2837 1743 νεώτερος
2868 1676 2935 1736 ³³,
2990 1678 3079 1723 καὶ
3125 1671 3337 1729 ἐποίησε
3371 1677 3561 1747 μικρὸν
3611 1672 3803 1742 ἕψημα,
3843 1675 3923 1723 καὶ

575 1767 662 1824 Ad
688 1767 899 1822 horam
922 1779 1058 1818 vero
1100 1778 1317 1817 nonam
1347 1763 1657 1833 strepitum
1697 1760 1905 1815 edidit.
1958 1761 2123 1815 Venit
2151 1761 2222 1815 iu-

2343 1766 2602 1837 παρέθηκε
2638 1762 2919 1834 τράπεζαν,
2953 1765 3222 1821 νεύσαντος
3270 1762 3413 1832 αύτῷ
3467 1770 3559 1814 τοῦ
3598 1763 3880 1834 μειζοτέρου
3913 1778 3922 1790 ’

573 1855 867 1921 nior,fecit
882 1851 1127 1924 paulum
1145 1851 1512 1921 polentae,ac
1535 1850 1758 1906 maiore
1776 1851 1876 1905 inn
1887 1856 2058 1905 uente
2075 1849 2195 1921 adp
2211 1881 2230 1893 -

573 1945 688 2000 suit
716 1957 1010 2005 mensam,
1057 1956 1315 2010 cumque
1374 1954 1555 2009 super
1584 1954 1719 1993 cam
1754 1942 1864 1993 trcs
1893 1938 2229 2009 paximates

575 2032 894 2106 posuisset,
923 2030 1075 2084 stetit
1100 2036 1323 2083 tacens.
1347 2031 1465 2097 Ego
1496 2043 1632 2082 vero
1668 2028 1789 2082 dixi
1816 2044 1827 2080 :
1866 2027 2229 2097 Surgite.co-

573 2121 907 2178 medamus.
922 2122 982 2173 Et
996 2122 1424 2186 consurgentes
1441 2116 1642 2171 cibum
1660 2116 1956 2187 sumpsim
1970 2121 2226 2171 us.Attu-

570 2210 631 2266 lit
658 2208 931 2273 baucale,
962 2223 1031 2261 ac
1048 2206 1331 2260 bibimus.
1365 2207 1430 2259 Ut
1461 2211 1656 2260 autem
1682 2204 1925 2259 advenit
1956 2220 2221 2276 vespera,

570 2300 778 2356 dicunt
809 2296 948 2351 mihi
980 2312 991 2349 :
1028 2294 1343 2350 Recedisne
1373 2294 1400 2346 ?
1432 2294 1725 2364 Respondi
1764 2313 1775 2351 :
1810 2294 2078 2357 Non,sed
2130 2293 2224 2348 hic

569 2388 831 2445 dormio.
883 2384 1041 2441 Unde
1064 2389 1392 2455 posuerunt
1421 2383 1562 2436 mihi
1586 2389 1845 2437 stoream
1878 2398 1943 2437 ex
1965 2391 2148 2453 parte,
2170 2388 2225 2437 et

570 2478 680 2534 sibi
713 2475 790 2531 ad
854 2474 1143 2543 angulum
1203 2488 1275 2527 ex
1308 2478 1492 2542 parte,
1522 2478 1577 2526 et
1609 2472 2013 2543 deposuerunt
2040 2488 2222 2526 zonas

570 2583 710 2622 suas
732 2569 789 2619 et
815 2561 1228 2625 succinctoria,
1269 2559 1568 2629 simulque
1600 2561 2041 2615 collocaverunt
2069 2577 2131 2616 se
2164 2562 2221 2616 in

571 2660 757 2710 matta
786 2658 922 2707 ante
952 2667 1064 2704 me.
1096 2652 1365 2705 Ceterum
1398 2655 1721 2719 postquam
1756 2655 2222 2719 composuerunt

570 2760 652 2807 se,
689 2740 855 2797 oravi
888 2740 1093 2799 Deum.
1120 2744 1180 2793 ut
1209 2738 1351 2793 mihi
1383 2737 1791 2809 operationem
1824 2754 2030 2792 eorum
2064 2754 2224 2793 reve-

566 2832 731 2889 laret.
772 2833 932 2885 Tunc
982 2833 1249 2898 apertum
1299 2832 1391 2882 est
1444 2834 1681 2893 tectum,
1732 2832 1978 2897 ortaque
2007 2833 2093 2881 est
2122 2826 2223 2882 lux

566 2920 729 2976 velut
753 2912 857 2991 per
887 2918 1047 2973 diem
1083 2932 1096 2970 :
1132 2918 1244 2988 ipsi
1275 2922 1473 2972 autem
1507 2932 1625 2971 non
1650 2915 1973 2971 cernebant
2000 2915 2218 2995 lu‘cem.

568 3010 705 3066 Cum
736 3024 878 3064 vero
927 3007 1337 3062 existimarent
1379 3004 1637 3060 dormire
1696 3021 1811 3074 me,
1840 3005 2029 3060 maior
2071 3005 2223 3060 fodit

562 3094 815 3154 minoris
840 3094 1436 3164 latus.Consurgunt,
1470 3094 2221 3165 cinguntseetexpandunt

564 3203 783 3244 manus
822 3185 898 3241 ad
940 3183 1189 3240 coelum.
1226 3184 1405 3239 Porro
1445 3198 1556 3251 ego
1587 3182 1905 3238 cernebam
1937 3199 2075 3249 eos;
2109 3184 2218 3256 ipsi

563 3293 687 3333 non
709 3275 992 3331 videbant
1012 3289 1125 3327 me.
1142 3276 1330 3345 Atque
1355 3272 1477 3327 vidi
1507 3272 1834 3327 daemones
1854 3273 2039 3328 instar
2056 3289 2216 3328 mus-

563 3380 791 3430 carum,
812 3363 1115 3417 venientes
1145 3378 1325 3431 super
1346 3364 1638 3416 minorem
1670 3376 1683 3425 ;
1712 3376 1973 3431 quorum
1994 3362 2087 3416 alii
2121 3377 2216 3417 ac-

562 3453 875 3516 cedebant,
908 3456 969 3506 ut
1000 3450 1275 3504 sederent
1328 3450 1386 3502 in
1436 3464 1537 3503 ore
1570 3450 1716 3514 eius,
1770 3450 1873 3504 alii
1907 3451 1965 3504 in
1994 3450 2206 3507 oculis.

565 3537 1339 3610 Simulconspexiangelum
1375 3538 1914 3592 Dominitenentem
1948 3539 2212 3608 gladium

557 3629 734 3703 ignis.
768 3627 1316 3685 circumvallantein
1345 3642 1504 3689 eum,
1545 3625 1991 3699 daemonesque
2026 3628 2103 3683 ab
2143 3644 2213 3684 eo

558 3717 1011 3792 propellentem.
1070 3721 1138 3772 At
1187 3714 1395 3770 maiori
1428 3731 1544 3769 non
1578 3721 1847 3786 poterant
1887 3719 2215 3789 appropin-

558 3823 770 3881 quare.
797 3807 951 3862 Circa
973 3806 1327 3861 matutinum
1355 3820 1491 3860 vero
1507 3811 1744 3876 tempus
1769 3806 2169 3862 recubuerunt
2198 3823 2209 3861 :

558 3903 737 3970 atque
755 3912 865 3965 ego
879 3895 1203 3951 assimilavi
1220 3910 1304 3948 me
1325 3910 1451 3949 mox
1469 3894 1935 3966 expergefactum
1954 3913 1967 3963 ;
1986 3895 2211 3967 ipsique

559 3986 847 4044 similiter.
883 3985 1001 4040 Hoc
1035 3992 1232 4038 autem
1269 3983 1581 4039 dumtaxat
1638 3983 1779 4038 mihi
1824 3985 2093 4042 elocutus
2124 3990 2215 4041 est

554 4070 801 4134 verbum
826 4074 1014 4145 major
1040 4090 1051 4128 :
1078 4073 1176 4127 Vis
1204 4072 1520 4128 recitemus
1545 4072 1865 4129 duodecim
1894 4074 2160 4146 psalmos
2185 4075 2214 4130 ‘I

556 4166 661 4223 Aio
693 4180 707 4221 :
739 4166 947 4220 Etiam.
972 4166 1118 4219 Tum
1143 4161 1341 4233 psallit
1365 4162 1561 4217 minor
1585 4161 1853 4235 quinque
1876 4164 2160 4233 psalmos,
2178 4180 2213 4219 a

557 4270 659 4311 sex
675 4253 967 4319 versibus,
984 4259 1038 4306 et
1055 4268 1241 4306 unum
1262 4251 1519 4314 alleluia,
1534 4257 1707 4321 atque
1720 4252 1795 4306 ad
1814 4268 2213 4323 unumquem-

555 4358 673 4415 que
712 4358 949 4397 versum
992 4341 1190 4395 exibat
1229 4340 1382 4408 ignis
1416 4339 1647 4408 lampas
1686 4356 1756 4394 ex
1792 4355 1893 4395 ore
1933 4340 2075 4411 ejus,
2115 4343 2210 4412 adj

556 4431 1002 4502 scendebatqne
1027 4430 1083 4483 in
1114 4428 1369 4483 coelum.
1419 4427 1546 4481 Pari
1593 4427 1774 4482 modo
1820 4428 1995 4483 etiam
2027 4431 2217 4500 major

557 4519 801 4595 quando
824 4519 1130 4592 aperiebat
1149 4533 1215 4573 os
1232 4533 1399 4571 suum
1421 4515 2046 4589 psallendo,tanquam
2065 4518 2213 4574 fuui-
2250 4503 2296 4560 θ

556 4610 727 4666 culus
773 4610 926 4681 ignis
981 4605 1418 4687 egrediebatur,
1448 4610 1504 4659 et
1544 4605 1914 4675 pertingebat
1944 4624 2126 4679 usque
2157 4609 2217 4665 in

557 4700 815 4756 coelum.
852 4697 1037 4752 Etiam
1070 4710 1180 4764 ego
1236 4709 1558 4764 parumper
1596 4710 1667 4749 ex
1700 4700 1933 4764 pectore
1960 4700 2214 4754 recitavi.

557 4785 703 4843 Dein
738 4786 943 4841 exiens
972 4784 1090 4839 dixi
1122 4804 1133 4836 :
1168 4783 1339 4838 Orate
1354 4798 1589 4853 prome.
1612 4783 1728 4854 lpsi
1751 4788 1949 4840 autem
1974 4786 2217 4843 inclina.

555 4880 768 4931 verunt
795 4889 857 4929 se
889 4880 945 4929 et
975 4877 1308 4928 tacuerunt.
1352 4872 1622 4942 Comperi
1644 4886 1805 4941 ergo,
1834 4874 1997 4945 quod
2025 4876 2219 4946 major

560 4962 855 5038 perfectus
893 4968 1067 5030 esset,
1102 4960 1393 5017 minorem
1425 4975 1565 5016 vero
1610 4962 1809 5020 adhuc
1838 4962 2219 5035 impugnaret

556 5053 867 5111 inimicus.
902 5054 1169 5109 Ceterum
1226 5054 1363 5122 post
1398 5065 1628 5121 paucos
1678 5050 1803 5107 dies
1855 5052 2219 5111 obdormivit

2341 1857 2432 1904 καὶ
2480 1854 2659 1909 ἔθηκεν
2700 1851 2771 1912 εἰς
2802 1850 2963 1908 αὐτὴν
2994 1858 3132 1925 τρεῖς
3168 1849 3515 1923 παξαμάδας,
3549 1856 3638 1903 καὶ
3663 1853 3779 1908 ἔστη
3816 1869 3924 1902 σιω-

2342 1950 2450 1993 πῶν
2484 1959 2495 1970 ·
2526 1940 2625 2012 ἐγὼ
2680 1937 2738 1992 δὲ
2789 1938 2929 1992 εἶπον
2963 1959 2975 1971 ·
3020 1941 3299 2013 ἐγείρεσθε,
3352 1944 3600 2011 φάγωμεν
3635 1959 3647 1973 ο
3695 1944 3780 1991 καὶ
3818 1937 3921 1989 ἀνα-

2344 2032 2555 2090 στάντες
2621 2032 2873 2101 ἐφάγομεν
2915 2043 2926 2054 ⁸
2994 2049 3082 2080 και
3140 2033 3321 2098 ἤνεγκε
3367 2032 3428 2080 τὸ
3488 2028 3791 2101 βαυκάλιον,
3842 2031 3920 2078 καὶ

2339 2118 2543 2189 ἐπίομεν
2577 2138 2588 2150 ⁸
2627 2121 2693 2179 ὡς
2746 2114 2804 2169 δὲ
2860 2116 3054 2188 ἐγένετο
3114 2118 3324 2190 ἑσπέρα,
3379 2117 3601 2189 λέγουσί
3653 2137 3741 2189 μοι
3774 2137 3791 2151 ο
3835 2118 3921 2167 ὑπ-

2338 2210 2513 2277 άγεις;
2551 2206 2649 2277 ἐγὼ
2683 2203 2741 2258 δὲ
2786 2204 2923 2258 εἶπον
2957 2226 2969 2239 ο
3000 2206 3147 2277 ούχί,
3190 2204 3296 2257 ἀλλ’
3337 2203 3446 2260 ὧδε
3473 2216 3739 2280 κοιμώμαι
3780 2226 3794 2239 ·
3843 2210 3920 2256 καὶ

2337 2299 2525 2353 ἐθηκάν
2575 2314 2664 2367 μοι
2702 2294 2915 2365 ψιάθιον
2957 2297 3100 2369 παρὰ
3130 2300 3277 2368 μέρος
3309 2312 3321 2324 ·
3347 2300 3441 2348 καὶ
3492 2296 3696 2357 ἑαυτοῖς
3743 2297 3810 2357 εἰς
3845 2299 3919 2350 τὴν

3117 2390 3206 2435 καὶ
3237 2381 3367 2456 ἦραν
3653 2387 3745 2447 τὰς
3778 2388 3919 2447 ζώνας

3303 2479 3393 2525 καὶ
3449 2477 3641 2533 ἔθηκαν
3724 2474 3917 2532 ἑαυτοὺς

2335 2389 2525 2455 γωνίαν
2580 2384 2626 2418 ³⁴
2677 2386 2818 2459 παρὰ
2866 2388 3014 2458 μέρος
3047 2402 3059 2413 ’

2337 2474 2504 2525 αὐτῶν
2571 2479 2658 2525 καὶ
2724 2478 2844 2534 τοὺς
2916 2472 3226 2535 ἀναλάϐους,

2336 2565 2466 2635 ὁμοῦ
2510 2564 2577 2623 εἰς
2615 2566 2673 2614 τὸ
2729 2563 2940 2633 ψιάθιον
2996 2565 3284 2635 ἔμπροσθέν
3337 2583 3440 2635 μου
3476 2581 3490 2594 ·
3534 2567 3599 2625 ὡς
3652 2562 3711 2616 δέ
3744 2566 3915 2619 ἔθηκαν

2336 2652 2571 2717 ἑαυτούς,
2624 2652 2863 2723 ηὐξάμην
2907 2660 2977 2722 τῷ
3022 2660 3154 2721 Θεῷ,
3210 2653 3291 2703 ἵνα
3337 2671 3430 2722 μοι
3479 2652 3788 2724 ἀποκαλύψῃ
3835 2655 3914 2708 τὴν

2335 2744 2584 2814 ἐργασίαν
2620 2740 2787 2792 αὐτῶν
2821 2762 2833 2774 ·
2875 2746 2963 2793 καὶ
3011 2742 3254 2813 ὴνεῴχθη
3297 2744 3327 2799 ἡ
3373 2746 3560 2813 στέγη,
3613 2747 3701 2795 διαὶ
3742 2741 3915 2812 ἐγένετο

2334 2838 2438 2901 φώς
2467 2832 2533 2890 ὡς
2565 2830 2733 2902 ἡμέρα
2763 2831 2808 2864 ³⁵
2842 2846 2852 2857 ·
2890 2829 3038 2881 αὐτοὶ
3070 2826 3129 2881 δέ
3157 2829 3251 2881 ούκ
3292 2831 3545 2905 ἐθεώρουν
3583 2835 3638 2884 τὸ
3677 2839 3771 2903 φῶς
3797 2850 3810 2863 ο
3837 2832 3914 2879 καὶ

2334 2921 2397 2978 ὡς
2444 2918 2675 2990 ἐνόμιζον
2729 2920 2809 2969 ὅτι
2846 2927 3132 2990 κοιμῶμαι,
3177 2921 3359 2971 νύσσει
3404 2921 3432 2970 6
3478 2921 3674 2993 μείζων
3722 2923 3802 2971 τὸν
3841 2936 3914 2988 μι-

2332 3013 2573 3080 κρότερον
2618 3007 2686 3068 εἰς
2730 3011 2824 3065 τὴν
2872 3007 3113 3079 πλευράν,
3174 3013 3263 3059 καὶ
3304 3008 3617 3082 ἐγείρονται,
3666 3014 3752 3060 καὶ
3801 3007 3909 3067 ζων-

2330 3103 2477 3148 νῦσιν
2526 3096 2573 3131 “
2615 3094 2846 3164 ἑαυτούς,
2896 3100 2983 3148 καὶ
3028 3094 3308 3148 ἐκτείνουσι
3355 3099 3453 3159 τὰς
3508 3106 3694 3170 χεῖρας
3731 3096 3799 3158 εἰς
3840 3097 3914 3146 τὸν

2332 3186 2544 3258 οὐρανόν
2577 3204 2589 3217 ’
2623 3189 2712 3236 καὶ
2742 3185 2988 3256 ἐθεώρουν
3020 3184 3209 3245 αὐτούς
3239 3205 3254 3217 ·
3289 3185 3439 3237 αὐτοὶ
3472 3184 3543 3239 δὲ
3574 3187 3667 3239 οὐκ
3696 3186 3915 3258 ἐθεώρουν

2329 3294 2392 3348 με
2424 3292 2435 3305 ⁸
2479 3279 2567 3326 καὶ
2599 3270 2737 3326 εἶδον
2763 3277 2882 3333 τοὺς
2919 3270 3168 3344 δαίμονας
3198 3273 3528 3347 ἐρχομένους
3566 3279 3735 3351 ὥσπερ
3774 3277 3914 3347 μυίας

2327 3365 2412 3415 ἐπὶ
2448 3366 2535 3416 τὸν
2574 3367 2876 3437 μικρότερον
2903 3377 2919 3392 ·
2968 3367 3059 3414 καὶ
3101 3365 3149 3413 οἱ
3179 3366 3269 3434 μεν
3313 3366 3557 3435 ἤρχοντο
3601 3368 3812 3419 καθίσαι
3852 3361 3913 3421 εἰς

2326 3457 2385 3505 τὸ
2418 3459 2587 3524 στόμα
2617 3452 2797 3515 αὐτοῦ,
2840 3452 2888 3503 οἱ
2920 3448 2978 3504 δε
3018 3451 3084 3511 εἰς
3114 3456 3233 3513 τοὺς
3267 3451 3578 3525 ὀφθαλμοὺς
3607 3456 3763 3508 αὑτοῦ
3789 3470 3803 3483 ·
3834 3455 3909 3503 καὶ

2328 3538 2465 3594 εἶδον
2497 3541 2711 3613 ἄγγελον
2750 3546 2934 3612 κυρίου
2986 3546 3276 3612 κατέχοντα
3317 3543 3593 3617 ῥομφαίαν
3632 3550 3806 3620 πυρός,
3836 3542 3908 3592 καὶ

2325 3637 2786 3706 περιχαρακοῦντα
2846 3630 3001 3681 αὐτὸν
3049 3636 3136 3682 καὶ
3195 3627 3456 3684 διώκοντα
3497 3640 3623 3696 τοὺς
3677 3633 3907 3705 δαίμονας

2327 3719 2414 3773 ἀπ’
2461 3720 2620 3772 αὑτοῦ
2654 3738 2666 3751 ο
2709 3728 2781 3789 τῷ
2822 3716 2881 3771 δέ
2911 3720 3194 3791 μειζοτέρῳ
3225 3720 3319 3772 ούκ
3358 3718 3612 3777 ἐδύναντο
3650 3723 3906 3797 προσεγγί-

2328 3828 2419 3861 σαι
2446 3828 2459 3841 ·
2502 3813 2593 3861 καὶ
2635 3811 2698 3868 ὡς
2736 3813 2853 3883 περὶ
2896 3813 2990 3868 τὴν
3034 3812 3219 3880 προίαν
3241 3812 3431 3868 ἔθηκαν
3476 3817 3695 3874 ἐαυτούς
3726 3830 3737 3841 ·
3778 3808 3903 3879 κάγώ

2325 3901 2551 3954 ἐποίησα
2580 3896 2799 3968 ἐμαυτὸν
2828 3899 2907 3949 ὅτι
2939 3894 3274 3965 διυπνίσθην,
3307 3904 3396 3951 καὶ
3441 3901 3597 3954 αὐτοὶ
3641 3902 3869 3955 ὡσαύτως
3892 3909 3902 3923 ⁸

2326 3984 2432 4041 εἶπε
2472 3985 2530 4039 δέ
2578 4006 2668 4058 μοι
2698 3987 2723 4037 ὀ
2763 3987 2954 4058 μείζων
2998 3990 3085 4038 τὸν
3128 3987 3276 4058 λόγον
3323 3996 3508 4040 τοῦτον
3540 3995 3693 4062 μόνον
3722 4006 3735 4019 ⁸
3770 3985 3906 4041 θελεις

2327 4075 2564 4151 βάλωμεν
2594 4079 2715 4136 τοὺς
2738 4072 2950 4128 δώδεκα
3175 4076 3413 4149 ψαλμοὺς
3446 4094 3459 4144 ;
3483 4077 3619 4151 λέγω
3652 4098 3663 4112 ·
3692 4083 3773 4130 ναί
3796 4094 3807 4108 ·
3829 4076 3907 4125 καὶ

2323 4165 2506 4237 ψάλλει
2557 4166 2582 4216 6
2637 4170 2940 4240 μικρότερος
2996 4170 3143 4217 πέντε
3193 4164 3434 4238 ψαλμοὺς
3482 4166 3586 4221 ἀπὸ
3627 4168 3679 4230 ἐξ
3728 4169 3906 4235 στίχων

2325 4260 2416 4307 καὶ
2443 4255 2491 4307 ἓν
2523 4254 2803 4312 ἁλληλούια
2834 4274 2848 4289 ⁸
2896 4260 2983 4307 καὶ
3015 4257 3149 4306 κατὰ
3202 4261 3389 4327 στίχον
3434 4256 3690 4330 ἐξήρχετο
3718 4253 3907 4325 λαμπὰς

2325 4346 2490 4417 πυρὸς
2528 4346 2582 4395 ἐκ
2632 4352 2722 4395 τοῦ
2766 4347 3020 4416 στόματος
3070 4344 3250 4407 αὐτοῦ,
3297 4350 3387 4397 καὶ
3429 4344 3687 4399 ἀνέϐαινεν
3738 4343 3805 4403 εἰς
3831 4341 3905 4391 τὸν

2326 4437 2540 4505 οὐρανόν
2572 4449 2583 4461 ·
2627 4434 2878 4494 ὡσαύτως
2919 4440 3007 4485 καὶ
3038 4434 3062 4485 6
3108 4434 3297 4504 μείζων
3340 4435 3416 4486 ὅτι
3451 4439 3629 4506 ἤνοιγε
3660 4438 3717 4487 τὸ
3752 4434 3905 4499 στόμα

2327 4522 2486 4573 αὐτοῦ
2516 4520 2745 4593 ψάλλων,
2791 4524 2860 4583 ὡς
2903 4527 3137 4594 σχοινίον
3177 4526 3335 4595 πυρὸς
3388 4524 3473 4595 (α)
3524 4525 3795 4597 ἐξήρχετο,
3825 4519 3903 4569 καὶ

2326 4613 2533 4683 ἔφθανεν
2594 4612 2685 4673 ἓως
2749 4619 2841 4663 τοῦ
2890 4613 3149 4686 ούρανοῦ·
3200 4612 3345 4685 κάγὼ
3386 4610 3526 4666 εἶπον
3585 4618 3765 4687 μικρὸν
3818 4606 3907 4658 ἀπὸ

2329 4702 2556 4761 στήθους
2584 4720 2597 4733 θ
2642 4706 2732 4753 καὶ
2781 4700 2995 4764 ἐξελθὼν
3027 4703 3159 4773 λέγω
3192 4721 3205 4735 ο
3252 4703 3469 4765 εὔξασθε
3493 4710 3613 4777 περὶ
3653 4704 3700 4738 ³⁷
3739 4703 3857 4772 ἐμοῦ
3890 4707 3902 4721 ⁸

2326 4789 2474 4842 αὐτοὶ
2527 4786 2585 4843 δε
2643 4790 2819 4843 ἔϐαλον
2880 4793 3156 4863 μετάνοιαν
3224 4801 3516 4853 σιωπῶντες
3548 4792 3779 4864 ’ἔμαθον
3833 4778 3908 4837 οὖν

2327 4880 2406 4932 ὅτι
2455 4881 2480 4931 6
2534 4883 2724 4951 μείζων
2784 4880 2973 4943 τελειός
3026 4884 3157 4946 ἐστι,
3215 4890 3287 4953 τῷ
3335 4879 3394 4935 δέ
3440 4885 3727 4956 μικροτέρῳ
3755 4877 3908 4947 ἀκμὴν

2327 4966 2562 5041 ἐπολέμει
2618 4970 2643 5020 ὁ
2703 4971 2943 5043 ἐχθρός⁶
2995 4973 3128 5042 μετὰ
3194 4968 3253 5023 δε
3300 4974 3491 5047 μικρὰς
3550 4974 3744 5045 ἡμέρας
3787 4968 3911 5017 ἐκοι-

2326 5060 2469 5131 μήθη
2512 5059 2538 5109 6
2590 5059 2781 5130 μείζων
2837 5055 3074 5132 ἁδελφός,
3117 5065 3205 5113 καὶ
3244 5068 3305 5133 τῇ
3366 5066 3514 5136 τρίτη
3565 5062 3732 5133 ἡμέρᾳ
3767 5056 3791 5107 ὁ
3826 5069 3904 5125 μι-

1918 5169 2181 5227 VARIAE
2223 5175 2511 5231 LECTION
2521 5174 2625 5230 ES.

635 5286 685 5322 ³¹
716 5284 803 5341 ΑΙ.
837 5285 1161 5359 μακρόθεν
1201 5297 1257 5359 ‘_
1299 5283 1344 5317 ³²
1375 5282 1465 5337 ΑΙ.
1507 5264 1780 5359 πλέκων·

632 5359 682 5431 ξθ
716 5356 913 5423 Corr.,
944 5356 1202 5413 Coteler.
1243 5356 1563 5416 ξώνουσιν
1588 5372 1602 5425 ;
1630 5356 1707 5414 al.
1744 5356 2097 5420 ζωννύουσί
2124 5396 2140 5411 .

2274 5307 2455 5351 τερος

1860 5289 1933 5375 ³³,
1954 5286 2041 5340 Al.
2072 5292 2261 5395 μικρὲ

2552 5290 2602 5324 ³⁸
2639 5290 2727 5345 Αι.
2780 5290 2959 5347 inser.
3002 5290 3185 5351 ἄλλην
3220 5333 3233 5348 .
3312 5293 3360 5329 ³⁸
3415 5292 3501 5349 Al.
3546 5293 3608 5347 ἐν
3647 5286 3879 5361 ἡμέρᾳ·

2120 5486 2349 5543 NOTAE

631 5610 714 5681 (a)
740 5611 1194 5681 Exomovinupég,
1238 5608 1553 5681 funiculus
1601 5606 1758 5679 ignis
1796 5608 2007 5665 Ruﬁno
2037 5609 2219 5665 inter-

631 5627 714 5681 (α)
740 5627 771 5662 2.
820 5627 976 5692 οινιον
1017 5627 1085 5661 πυ
1124 5627 1194 5674 ος,
1238 5627 1553 5688 [amemus
1601 5627 1758 5679 zgms
1799 5627 2007 5665 nunno
2037 5627 2217 5665 inter-

561 5689 727 5759 prete
759 5630 897 5759 (iv.
933 5680 1035 5738 PP.
1070 5627 1264 5739 lgesw.
1294 5680 1400 5738 lib.
1433 5681 1506 5736 Ill
1558 5695 1693 5752 cap.
1740 5681 1887 5750 195].
1923 5684 2100 5739 Porro
2140 5681 2217 5738 ad

2326 5609 2573 5665 Joannis
2599 5612 2934 5668 versionem
2967 5614 3026 5669 in
3054 5612 3271 5670 iisdem
3287 5614 3431 5670 Vitis
3451 5616 3682 5671 Patrum
3713 5607 3901 5676 fama5

2328 5683 2579 5757 irrepsit,
2606 5698 2679 5741 ex
2690 5684 2999 5743 abbreviat
3020 5702 3129 5744 ura
3141 5688 3649 5759 vocisfuniculus.
3673 5681 3902 5735 Cornum
