4092 6252
253 265 344 319 257

1584 255 2243 314 APOPHTHEGMATA.

3486 269 3593 325 258

261 392 471 462 κρότερος
502 386 619 435 ’καὶ
660 384 743 434 ὅτε
788 380 1077 453 παρέϐαλόν
1126 401 1252 442 τινες
1293 390 1391 433 τῶν
1434 386 1665 456 πατέρων
1701 385 1825 455 πρὸς

1950 381 2131 436 maior
2162 382 2361 448 frater,
2397 399 2465 439 ac
2493 384 2664 440 tertia
2687 384 2783 440 die
2816 385 3030 442 minor.
3053 389 3321 462 Cumque
3351 407 3382 448 e
3408 393 3587 449 Patri-

261 480 336 528 τὸν
374 474 520 527 ἆϐϐἆν
566 473 857 543 Μακάριον,
914 470 1191 542 ἐλάμϐανεν
1245 472 1434 534 αὐτοὺς
1486 472 1557 531 εἰς
1593 475 1686 529 τὴν
1717 471 1824 524 κέλ-

260 565 334 617 λαν
375 564 533 616 αὐτῶν
585 562 786 633 λέγων’
842 557 1011 626 δεῦτε,
1082 557 1224 613 ἴδετε
1263 564 1320 613 τὸ
1377 564 1660 636 μαρτύριον
1729 568 1826 612 τῶν

254 660 426 726 μικρῶν
455 651 605 714 ξένων

312 742 393 797 34.
450 738 782 793 Ἀπέστειλάν
838 757 963 791 ποτε
1022 741 1152 811 πρὸς
1206 742 1292 791 τὸν
1338 737 1500 792 ἀϐϐᾶν
1557 741 1826 812 Μακάρων

249 831 290 883 ἐν
545 835 606 901 τῇ
665 832 845 886 Σκήτει
876 829 924 879 οἱ
963 831 1194 900 γέροντες
1242 835 1335 880 τοῦ
1387 833 1559 904 ὄρους,
1591 848 1824 904 παρακα·

245 921 429 982 λοῦντες
470 918 626 971 αὐτόν
657 935 669 947 ·
705 921 794 969 καί
845 936 976 988 φασι
1013 920 1144 991 πρὸς
1189 917 1344 970 αὐτόν
1379 938 1390 950 ·
1439 919 1520 970 ἵνα
1558 922 1627 980 μὴ
1660 918 1821 989 σκυλῇ

245 1011 382 1070 πᾶςό
428 1007 554 1068 λαός
610 1009 742 1078 πρὸς
799 1009 870 1069 σέ,
910 1003 1148 1078 ἀξιοῦμέν
1191 1025 1248 1059 σε
1285 1009 1669 1079 παραγενέσθαι
1697 1011 1825 1080 πρὸς

244 1100 390 1170 ἡμᾶς,
433 1099 567 1158 ὅπως
609 1096 916 1167 θεασώμεθα
959 1097 1060 1169 πρὸ
1113 1102 1205 1147 τοῦ
1249 1115 1305 1147 σε
1347 1092 1654 1168 ἐκδημῆσαι
1697 1100 1827 1170 πρὸς

247 1189 410 1258 κύριον
442 1188 899 1260 ’παραγενομένου
959 1183 1119 1236 αὐτοῦ
1185 1183 1234 1235 ἐν
1285 1193 1355 1255 τῷ
1403 1189 1528 1258 ὀρει,
1579 1187 1823 1257 συνήχθη

245 1282 336 1337 πᾶς
374 1277 398 1327 6
435 1275 558 1336 λαὸς
609 1276 736 1348 πρὸς
791 1272 945 1325 αύτον
978 1287 991 1302 ·
1062 1279 1151 1325 καὶ
1199 1275 1521 1346 παρεκάλουν
1575 1275 1727 1327 αὐτόν
1779 1275 1828 1325 οἰ

243 1370 459 1438 γέροντες
507 1365 664 1416 εἰπεῖν
707 1363 856 1435 λόγον
907 1372 1016 1425 τοῖς
1071 1359 1312 1435 ἀδελφοῖς
1347 1382 1358 1393 ·
1393 1366 1418 1415 6
1495 1361 1553 1416 δὲ
1601 1364 1828 1424 ἀκούσας

243 1455 329 1524 ἔφη
379 1469 392 1481 ⁹

244 1541 487 1614 ὀφθαλμοὶ
565 1543 711 1613 ἡμῶν
791 1537 1013 1613 δάκρυα,
1076 1545 1176 1616 πρὸ
1242 1548 1333 1593 τοῦ
1385 1543 1520 1613 ἡμᾶς
1573 1541 1824 1608 ἀπελθεῖν,

244 1633 366 1683 ὅπου
396 1633 462 1682 τὰ
496 1632 641 1702 ἡμῶν
674 1626 879 1698 δάκρυα
918 1633 1242 1683 κατακαύσει
1272 1633 1337 1682 τὰ
1379 1636 1598 1702 σώματα
1639 1633 1782 1702 ἡμῶν
1813 1673 1824 1685 .

457 1452 786 1523 κλαύσωμεν,
866 1449 1080 1523 ἀδελφοί
1135 1457 1224 1503 καὶ
1291 1456 1728 1524 καταγαγέτωσαν
1779 1455 1828 1504 οἱ

1935 468 2050 524 bus
2081 471 2352 527 nonnulli
2383 471 2616 528 adirent
2655 475 2973 531 Macarium
3004 476 3308 548 abbatem,
3331 480 3590 538 ducebat

1937 573 2039 614 eos
2063 558 2122 614 in
2166 560 2377 616 cellam
2423 577 2629 617 eorum
2661 563 2861 619 dicens
2892 581 2903 618 :
2956 566 3174 635 Venite,
3208 568 3402 626 videte
3435 586 3590 628 mar-

1937 648 2156 718 tyrium
2189 650 2491 706 minorum
2511 652 2984 724 peregrinorum.

2009 737 2096 792 34.
2138 739 2417 795 Miserunt
2459 739 2785 813 aliquando
2825 742 2904 798 ad
2944 745 3264 802 Macarium
3305 748 3589 806 abbatem

1936 824 1996 880 in
2029 826 2178 881 Sceti
2209 843 2380 884 senes
2412 829 2654 893 montis,
2683 837 2994 901 precantes
3020 849 3157 890 eum
3189 851 3260 892 ac
3291 836 3586 894 dicentes:

1938 916 2015 968 Ne
2059 915 2335 973 universa
2376 917 2692 975 multitudo
2733 920 2808 976 ad
2850 924 2902 976 te
2944 923 3239 980 veniendo
3290 925 3587 996 fatigetur,

1938 1017 2272 1074 precamur,
2321 1011 2384 1062 ut
2433 1008 2684 1064 accedas
2734 1010 2812 1065 ad
2863 1025 2991 1076 nos,
3039 1015 3211 1084 teque
3250 1013 3586 1082 videamus,

1937 1095 2262 1164 antequam
2283 1095 2538 1165 emigres
2560 1096 2638 1152 ad
2661 1097 3002 1154 Dominum.
3024 1100 3288 1166 Quicum
3307 1103 3590 1161 adfuisset

1938 1181 1998 1235 in
2028 1187 2246 1253 monte,
2274 1189 2638 1257 congregata
2664 1190 2750 1242 est
2769 1187 2967 1244 omnis
2993 1189 3309 1247 multitudo
3330 1191 3408 1248 ad
3425 1209 3586 1249 eum.

1938 1269 2122 1325 Senes
2147 1285 2286 1327 vero
2326 1279 2709 1342 rogaverunt,
2741 1280 2803 1330 ut
2833 1275 2911 1331 ad
2951 1275 3160 1334 fratres
3198 1279 3445 1338 haberet
3471 1297 3587 1338 ser-

1939 1373 2201 1414 monem.
2239 1359 2334 1416 Ille
2367 1361 2586 1431 igitur:
2639 1363 2963 1430 Ploremus,
3005 1366 3220 1438 inquit,
3261 1368 3491 1436 fratres,
3533 1375 3591 1427 et

1937 1446 2092 1501 oculi
2140 1449 2330 1504 nostri
2385 1450 2750 1520 profundant
2793 1451 3092 1523 lacrimas,
3142 1461 3470 1529 antequam
3519 1473 3590 1515 eo

1940 1534 2249 1600 abeamus,
2293 1537 2390 1592 ubi
2439 1538 2698 1594 lacrimae
2738 1545 2952 1596 nostrae
2994 1543 3397 1601 combusturm
3452 1551 3592 1602 sunt

1938 1639 2190 1695 corpora
2212 1632 2441 1683 nostra.
2486 1631 2550 1683 Et
2581 1629 2959 1700 ploraverunt
2980 1633 3198 1699 cuncti,
3226 1635 3591 1693 ceciderunt-

245 1725 330 1772 καὶ
378 1719 630 1772 ἔκλαυσαν
659 1721 862 1782 πάντες,
914 1725 1002 1771 καὶ
1056 1721 1235 1772 ἔπεσον
1284 1722 1368 1772 ἐπὶ
1423 1725 1699 1792 πρόσωπον
1739 1721 1829 1773 αύ-

1950 1727 2056 1784 ;ue
2083 1729 2262 1785 super
2292 1715 2504 1772 faciem
2529 1733 2709 1774 suam
2738 1724 2793 1776 et
2814 1719 3091 1776 dixerunt
3116 1738 3129 1776 :
3153 1725 3340 1789 Pater,
3361 1741 3469 1782 ora
3483 1741 3590 1798 pro

238 1817 334 1860 τῶν
358 1814 445 1861 καὶ⁹
472 1809 610 1861 εἷπον
643 1829 655 1841 ·
688 1809 870 1880 πάτερ,
899 1805 1044 1871 εὖξαι
1071 1810 1196 1882 ὑπὲρ
1229 1810 1373 1881 ἡμῶν

302 1897 387 1953 35.
438 1896 655 1950 Ἀλλοτε
698 1897 852 1949 πάλιν
907 1893 1111 1968 δαίμων
1160 1896 1347 1955 ἕπέστη
1409 1905 1480 1967 τῷ
1533 1893 1668 1970 ἀϐϐᾇ
1719 1906 1829 1951 Μα-

233 1991 390 2058 καρίῳ
420 1989 556 2058 μετὰ
597 1991 914 2059 μαχαιρίου,
951 1986 1102 2038 θέλων
1132 1989 1214 2038 νὸν
1245 1983 1389 2039 πόδα
1431 1987 1591 2039 αὐτοῦ
1617 1987 1779 2058 κόψαι
1809 2005 1825 2020 ·

233 2080 319 2126 καὶ
369 2072 463 2128 διὰ
521 2078 608 2132 την
658 2077 1133 2148 ταπεινοφροσύνην
1203 2075 1363 2127 αὐτοῦ
1437 2080 1508 2148 μὴ
1587 2072 1828 2139 δυνηθεὶς

233 2162 357 2235 λέγει
411 2163 556 2234 αύτῷ
588 2178 602 2193 ⁶
637 2166 738 2216 ὅσα
794 2167 961 2234 ἔχετε,
1007 2169 1096 2216 καὶ
1134 2165 1283 2234 ἡμεῖς
1319 2167 1507 2235 ἔχομεν
1540 2183 1550 2194 ’
1601 2171 1730 2237 μόνῃ
1763 2173 1824 2238 τῇ

233 2256 672 2326 ταπεινοφροσύνῃ
709 2249 977 2327 διαφέρετε
1004 2255 1170 2324 ἡμῶν,
1202 2258 1292 2306 καὶ
1316 2261 1547 2326 κρατεῖτε

515 2431 604 2487 36.
647 2429 799 2484 Εἶπεν
845 2431 870 2481 6
917 2429 1082 2492 ἆϐϐᾶς
1109 2432 1376 2505 Μακάριος
1411 2451 1422 2464 ·
1465 2434 1550 2484 ἐὰν
1579 2433 1829 2504 μνησθῶ-

239 2539 317 2590 μεν
353 2531 452 2573 τῶν
508 2521 610 2571 ὑπὸ
659 2527 764 2570 τὼν
825 2517 1102 2591 ἀνθρώπων
1168 2521 1494 2591 ἐπαγομένων
1559 2523 1684 2592 ἡμῖν
1741 2542 1832 2574 κα-

237 2617 348 2673 κῶν,
395 2610 714 2683 ἁναιροῦμεν
760 2613 853 2666 την
909 2605 1130 2680 δύναμιν
1174 2617 1264 2668 τῆς
1293 2617 1380 2661 τοῦ
1409 2618 1542 2662 Θεοῦ
1572 2615 1780 2682 μνήμης
1814 2629 1828 2643 ο

235 2696 313 2749 εὰν
344 2695 401 2751 δὲ
440 2700 760 2770 μνησθῶμεν
793 2704 890 2748 τῶν
940 2706 1111 2749 κακῶν
1142 2706 1240 2750 τῶν
1281 2695 1562 2770 δαιμόνων,
1610 2702 1834 2771 ἐσόμεθα

231 2787 452 2861 ἄτρωτοι
494 2787 598 2858 (ά).

301 2877 388 2931 37.
423 2877 578 2931 Εἶπεν
609 2876 635 2927 6
668 2873 831 2937 ἀϐϐᾶς
881 2877 1204 2946 Παφνούτιος
1234 2876 1259 2927 6
1306 2878 1549 2948 μαθητὴς
1576 2884 1665 2929 τοῦ
1699 2875 1834 2928 ἆϐϐᾶ

234 2965 535 3036 Μακαρίου,
577 2966 655 3016 ὅτι
694 2964 857 3035 ἔλεγεν
889 2965 914 3015 6
961 2967 1144 3036 γέρων,
1179 2966 1260 3016 ὅτι
1290 2967 1372 3016 ὅτε
1411 2969 1550 3036 ἤμην
1595 2963 1829 3032 παιδίον,

235 3054 368 3123 μετὰ
410 3061 511 3104 τῶν
558 3052 716 3104 ἄλλων
756 3049 983 3106 παιδίων
1024 3052 1239 3105 ἔϐοσκον
1273 3051 1462 3125 βοίδια
1495 3077 1507 3086 ·
1551 3059 1639 3106 καὶ
1671 3052 1829 3111 ἀπῆλ-
1865 3084 1905 3140 C

237 3142 323 3192 θον
355 3141 543 3212 κλέψαι
591 3139 809 3195 συκίδια
843 3163 854 3175 ·

231 3231 425 3296 αὐτῶν,
458 3236 548 3283 καὶ
595 3229 765 3282 λαϐὼν
819 3233 1004 3303 ἔφαγον
1053 3231 1181 3285 αύτό
1216 3249 1226 3261 ⁸
1275 3238 1364 3284 καὶ
1404 3233 1485 3284 ὅτε
1531 3234 1832 3304 μνημονεύω

913 3147 1001 3194 καὶ
1045 3146 1108 3203 ὡς
1154 3148 1458 3216 τρέχουσιν,
1488 3146 1661 3195 ἔπεσεν
1701 3143 1750 3194 ἓν
1781 3142 1833 3205 ἐξ

233 3319 422 3383 αὐτοῦ,
455 3321 695 3390 κάθημαι
724 3319 932 3371 κλαίων.

306 3405 400 3461 38.
447 3405 598 3460 Εἶπεν
629 3409 654 3458 6
705 3407 866 3470 ἀϐϐᾶς
903 3409 1192 3484 Μακάριος,
1251 3412 1330 3461 ὃτι
1378 3418 1674 3484 περιπατῶν
1712 3419 1834 3462 ποτε

231 3493 302 3554 εἰς
346 3499 444 3553 τὴν
495 3498 702 3569 ἔρημον,
746 3497 887 3570 εὗρον
934 3503 1142 3573 κρανίον
1193 3499 1262 3560 εἰς
1309 3502 1366 3550 τὸ
1417 3495 1608 3568 ἔδαφος
1655 3506 1833 3572 νεκροῦ

227 3580 542 3657 ἓῤῥιμμένον
597 3601 610 3613 ⁶
662 3590 750 3639 καὶ
807 3586 1061 3647 σαλεύσας
1110 3587 1235 3639 αύτὸ
1287 3595 1350 3658 τῇ
1414 3585 1570 3659 βαίνῃ
1629 3584 1831 3660 ῥάϐδῳ,

225 3670 452 3730 ἐλάλησέ
496 3693 587 3746 μοι
639 3679 696 3727 τὸ
729 3680 937 3749 κρανίον
979 3690 989 3702 ·
1042 3681 1131 3728 καὶ
1155 3675 1286 3747 λέγω
1312 3675 1451 3746 αύτῷ
1490 3690 1502 3702 ⁰
1545 3679 1610 3727 σὺ
1640 3681 1713 3736 τίς
1745 3674 1833 3742 εἶ;

1091 3764 1190 3836 ἐγὼ
1233 3769 1372 3838 ἥμην
1430 3764 1708 3840 ἀρχιερεύς
1737 3773 1836 3816 τῶν

224 3849 482 3919 εἰδώλων,
519 3861 608 3906 καὶ
647 3861 745 3906 τῶν
799 3855 1078 3926 μεινάντων
1128 3853 1379 3912 Ἑλλήνων
1424 3855 1470 3889 ⁸³
1506 3853 1554 3905 ἐν
1584 3862 1654 3924 τῷ
1699 3859 1837 3926 τόπῳ

225 3759 492 3835 ἀπεκρίθη
542 3783 632 3835 μοι
680 3769 738 3816 τό
787 3769 996 3836 κρανίον
1029 3783 1041 3797 ·

221 3944 394 4013 τούτῳ
431 3960 444 3972 ·
496 3946 562 3994 σὺ
609 3939 666 3995 δὲ
728 3943 776 3995 εἴ
815 3946 1085 4017 Μακάριος
1130 3944 1155 3994 6
1198 3948 1616 4016 πνευματοφόρος
1664 3961 1674 3971 ·
1725 3945 1837 3996 οἷαν

222 4031 363 4104 ὥραν
652 4031 1061 4103 σπλαγχνισθῇς
1103 4035 1223 4093 τοὺς
1276 4032 1326 4084 ἐν
1373 4039 1435 4104 τῇ
1485 4031 1715 4099 κολάσει,
1749 4033 1838 4080 καὶ

220 4123 359 4193 εὔχῃ
394 4125 526 4196 περὶ
565 4120 753 4185 αὐτῶν,
801 4123 1234 4194 παραμυθοῦνται
1274 4120 1443 4192 ὀλίγον
1479 4136 1490 4149 ·
1531 4119 1666 4191 λέγει
1699 4117 1837 4188 αύτῷ

219 4211 244 4261 6
272 4214 446 4284 γέρων
484 4227 498 4238 ⁸
533 4213 660 4261 ποία
689 4209 830 4262 ἐστὶν
860 4211 889 4267 ἡ
919 4212 1248 4285 παραμυθία,
1281 4215 1370 4262 καὶ
1401 4214 1476 4269 τίς
1505 4211 1534 4267 ἡ
1579 4207 1792 4267 κόλασις
1822 4225 1834 4273 ;

217 4295 360 4369 λέγει
421 4299 616 4370 αὐτῷ’
664 4300 784 4351 ὅσον
839 4299 1028 4372 ἀπέχει
1083 4301 1108 4351 6
1169 4298 1379 4372 οὐρανός
1431 4297 1532 4350 ἀπὸ
1587 4305 1697 4361 τῆς,
1757 4315 1837 4348 το-

223 4391 413 4440 σοῦτόν
452 4388 602 4440 ἐστιν
654 4396 758 4463 πῦρ
803 4390 1132 4441 ὑποκάτωθεν
1178 4390 1341 4460 ἡμῶν,
1377 4387 1476 4441 ἀπὸ
1523 4383 1699 4439 ποδῶν
1747 4385 1838 4446 ἕως

219 4477 450 4548 κεφαλῆς
515 4474 806 4533 ἆστηκότων
854 4478 999 4549 ἡμῶν
1054 4483 1209 4551 μέσον
1256 4485 1348 4529 τοῦ
1378 4480 1538 4552 πυρός
1577 4492 1590 4504 ⁸
1633 4480 1720 4526 καὶ
1747 4474 1840 4526 οὐκ

222 4567 340 4618 ἔστι
392 4571 686 4639 πρόσωπον
726 4570 852 4639 πρὸς
891 4571 1170 4640 πρόσωπον
1221 4568 1514 4619 θεάσασθαί
1546 4584 1681 4632 τινα,
1715 4562 1841 4615 ἀλλὰ

225 4657 285 4705 τὸ
333 4660 630 4728 πρόσωπον
677 4655 898 4708 ἑκάστου
931 4659 977 4691 ³9
1027 4660 1155 4728 πρὸς
1198 4659 1284 4707 τὸν
1342 4655 1512 4726 ἑτέρου
1561 4659 1718 4704 νῶτον
1756 4670 1842 4704 κε-

227 4743 485 4803 κόλληται
536 4761 548 4772 ’
581 4747 650 4806 ὡς
696 4742 782 4797 οὖν
837 4748 970 4818 εὔχῃ
1036 4747 1162 4820 ὑπὲρ
1221 4747 1385 4818 ἡμῶν,
1444 4744 1501 4796 ἐκ
1543 4747 1730 4818 μέρους
1766 4760 1842 4801 τις

228 4835 416 4906 θεωρεῖ
471 4837 536 4888 τὸ
577 4837 856 4908 πρόσωπον
911 4842 1003 4888 τοῦ
1047 4834 1220 4910 ἑτέρου
1254 4851 1266 4864 ·
1295 4835 1425 4892 αὕτη
1473 4831 1613 4885 ἐστὶν
1658 4833 1688 4889 ἡ
1740 4849 1844 4882 πα-

1875 4435 1918 4490 D

1941 1802 2134 1857 nobis.

2009 1890 2098 1944 35.
2128 1891 2478 1949 Aliaiterum
2512 1894 2636 1950 vice
2667 1895 2927 1952 daemon
2951 1897 3240 1954 adversus
3263 1900 3591 1959 Macarium

1941 1978 2221 2035 abbatem
2254 1981 2575 2038 insurrexit
2604 2000 2743 2040 cum
2765 1983 3047 2054 gladiolo,
3073 1987 3200 2059 ejus
3227 1989 3442 2060 pedem
3463 2005 3594 2047 am-

1938 2071 2276 2138 putaturus.
2296 2071 2463 2135 Quod
2491 2087 2630 2128 cum
2649 2073 3298 2143 propterhumilitatem
3321 2078 3448 2134 eius
3469 2094 3591 2136 non

1939 2158 2244 2228 potuisset,
2291 2160 2389 2220 ei:
2435 2160 2836 2233 Quaecunque
2875 2163 3129 2235 habetis,
3173 2165 3384 2238 inquit,
3407 2168 3594 2225 habe-

1939 2262 2074 2301 mus
2113 2252 2172 2301 et
2201 2263 2308 2303 nos
2344 2265 2356 2314 ;
2399 2248 2527 2306 sola
2563 2250 2902 2308 humilitate
2942 2268 2978 2309 a
3026 2253 3202 2310 nobis
3223 2254 3493 2324 differtis,
3534 2262 3593 2314 et

1941 2335 2312 2406 praevaletis.

2009 2424 2098 2478 36.
2153 2424 2303 2480 Dixit
2334 2427 2621 2482 Macarius
2653 2427 2842 2484 abbas
2873 2446 2885 2484 :
2921 2430 2978 2485 Si
3020 2432 3439 2489 retinuerimus
3471 2449 3592 2490 me-

1939 2512 2195 2568 moriam
2215 2513 2508 2569 malorum
2536 2515 2613 2570 ab
2643 2515 2990 2573 hominibus
3019 2519 3191 2574 nobis
3209 2519 3588 2592 inﬂictorum,

1942 2599 2257 2656 abolemus
2284 2603 2406 2657 vim
2428 2604 2850 2661 recordationis
2879 2606 2977 2662 Dei
3001 2625 3015 2660 :
3045 2608 3095 2663 si
3127 2625 3267 2665 vero
3296 2611 3594 2668 recordati

1941 2690 2231 2745 fuerimus
2278 2695 2599 2758 malorum,
2646 2710 2802 2765 quae
2842 2711 2948 2766 per
2994 2697 3321 2754 daemones
3373 2701 3596 2758 contin-

1944 2785 2108 2849 gunt,
2139 2780 2362 2835 erimus
2394 2781 2771 2838 invulnerati.

2013 2867 2099 2922 37.
2135 2869 2501 2940 Paphnutius
2541 2871 2751 2939 abbas,
2786 2874 3019 2930 Macarii
3062 2875 3304 2932 abbatis
3342 2879 3594 2951 discipu-

1941 2956 2057 3021 lus,
2098 2958 2309 3022 retulit,
2353 2975 2557 3015 senem
2597 2960 2818 3016 dixisse
2852 2979 2864 3016 :
2909 2963 3164 3028 Quando
3214 2981 3366 3034 puer
3404 2982 3589 3035 eram,

1940 3044 2192 3102 buculas
2208 3063 2344 3102 cum
2359 3047 2488 3103 aliis
2504 3049 2701 3119 pueris
2725 3051 3073 3120 pascebam,
3089 3054 3189 3124 qui
3210 3062 3596 3126 perrexerunt

1942 3135 2204 3190 furatum
2236 3136 2405 3191 ﬁcus.
2435 3137 2705 3210 Dumque
2722 3145 2987 3204 currunt,
3017 3156 3139 3197 una
3165 3157 3236 3198 ex
3267 3143 3335 3197 iis
3361 3143 3593 3211 cecidit,

1942 3241 2124 3297 quam
2145 3224 2355 3280 tollens
2375 3225 2628 3281 comedi.
2649 3228 2889 3292 Quoties
2911 3227 3084 3299 igitur
3107 3230 3189 3286 rei
3217 3231 3344 3287 eius
3372 3247 3598 3290 memo-

1941 3315 2030 3370 ria
2057 3313 2230 3378 redit,
2257 3314 2502 3385 plorans
2542 3314 2739 3371 sedeo.

2014 3401 2101 3456 38.
2133 3402 2404 3458 Narravit
2460 3403 2747 3460 Macarius
2795 3404 3035 3461 abbas:
3088 3409 3198 3464 lter
3254 3423 3440 3480 agens
3489 3409 3598 3466 ali-

1943 3492 2189 3563 quando
2219 3507 2325 3564 per
2354 3507 2643 3558 eremum,
2679 3494 2877 3550 inveni
2909 3495 3231 3554 calvariam
3263 3499 3481 3555 mortui
3519 3499 3598 3556 ad

1947 3581 2143 3637 solum
2166 3581 2454 3637 iacentem
2477 3599 2490 3648 ;
2513 3598 2696 3654 quam
2717 3599 2854 3639 cum
2883 3584 3097 3641 baculo
3120 3587 3360 3657 palmeo
3381 3589 3600 3644 movis-

1947 3687 2096 3734 sem,
2128 3668 2328 3725 locuta
2357 3676 2444 3725 est
2478 3671 2913 3728 mihicalvaria.
2941 3673 3080 3729 Dico
3111 3675 3200 3730 ei:
3229 3677 3311 3732 Tu
3343 3677 3476 3749 quis
3493 3677 3598 3734 es?

1947 3758 2274 3829 Respondit
2343 3758 2487 3814 mihi
2549 3759 2859 3817 calvaria:
2930 3763 3050 3833 Ego
3112 3778 3277 3820 eram
3334 3763 3600 3836 pontifex

1947 3847 2269 3912 idolorum,
2320 3863 2650 3920 eorumque
2689 3849 3021 3918 gentilium,
3052 3853 3152 3922 qui
3195 3852 3254 3907 in
3303 3854 3417 3909 hoc
3468 3853 3599 3910 loco

1947 3935 2284 4006 degebant:
2329 3939 2390 3990 tu
2427 3951 2569 3991 vero
2601 3952 2664 3991 es
2697 3938 2984 3992 Macarius
3024 3938 3244 4010 Spiritu
3282 3940 3488 3996 divino
3514 3957 3601 3996 re-

1948 4025 2176 4097 pletus;
2209 4039 2571 4096 quacunque
2601 4025 2749 4081 hora
2780 4034 3120 4083 commotus
3141 4027 3344 4098 fueris
3377 4029 3601 4085 miseri-

1948 4112 2154 4170 cordia
2183 4126 2325 4182 erga
2355 4126 2478 4177 eos,
2505 4113 2609 4184 qui
2641 4114 2700 4168 in
2726 4115 3034 4170 tormentis
3060 4120 3218 4185 sunt,
3251 4121 3307 4173 et
3336 4119 3601 4173 oraveris

1948 4218 2058 4274 pro
2082 4202 2172 4271 iis,
2197 4201 2508 4272 paululum
2537 4204 2795 4258 sentiunt
2817 4202 3034 4260 solatii.
3069 4206 3157 4261 Ait
3181 4206 3603 4272 senex:Quod-

1951 4307 2092 4347 nam
2122 4296 2209 4346 est
2237 4291 2542 4357 solatium,
2575 4297 2631 4347 et
2669 4292 2981 4364 quodnam
3014 4295 3418 4351 tormentum?
3457 4295 3598 4352 Illa:

1951 4382 2271 4449 Quantum,
2301 4379 2513 4453 inquit,
2539 4397 2572 4436 a
2597 4386 2753 4437 terra
2778 4381 2964 4438 distat
2987 4382 3228 4447 coelum,
3257 4387 3491 4440 tantum
3518 4387 3605 4439 est

1949 4469 2102 4539 ignis
2120 4468 2274 4524 infra
2305 4485 2489 4534 nos,a
2515 4469 2769 4540 pedibus
2792 4485 2982 4542 usque
3002 4471 3078 4525 ad
3105 4476 3280 4542 caput
3307 4472 3602 4528 stantibus

1951 4557 2127 4614 nobis
2160 4559 2218 4613 in
2254 4558 2452 4614 medio
2480 4559 2665 4635 ignis,
2687 4575 2796 4613 nec
2825 4559 2956 4615 licet
2984 4559 3133 4616 facie
3161 4561 3238 4616 ad
3271 4560 3482 4617 faciem
3517 4561 3606 4615 vi-

1951 4647 2090 4702 dere
2107 4663 2500 4718 quemquam,
2522 4647 2626 4704 sed
2644 4647 2933 4720 cujusque
2957 4648 3137 4704 facies
3161 4649 3342 4705 dorso
3364 4649 3604 4706 alterius

1953 4735 2253 4792 adhaeret.
2297 4736 2552 4800 Quando
2592 4736 2768 4807 igitur
2796 4753 2932 4792 oras
2965 4753 3072 4808 pro
3114 4737 3302 4805 nobis,
3336 4755 3491 4794 unus
3531 4753 3604 4794 ex

1953 4830 2120 4898 parte
2152 4830 2376 4896 spectat
2402 4824 2616 4882 faciem
2648 4825 2907 4881 alterius.
2935 4828 3053 4883 Hoc
3080 4831 3166 4883 est
3195 4826 3500 4886 solatium.
3532 4827 3602 4882 Et

1575 4973 1830 5029 VARIAE
1869 4966 2280 5023 LECTIONES.

303 5094 353 5128 ³⁸
409 5091 507 5150 ΑΙ.
572 5092 780 5166 ἱερεὺς
836 5100 955 5144 τῶν
1009 5090 1315 5150 Ἑλλήνων
1371 5099 1488 5144 τῶν
1550 5089 1900 5163 μεινάντων

1933 5103 1944 5116 ·
1982 5083 2028 5118 ³⁸
2089 5081 2175 5139 ΑΙ.
2238 5081 2392 5134 ἀλλὰ
2447 5090 2646 5145 νῶτος
2695 5082 2997 5136 ἑκάστου.

1808 5206 2066 5266 ΝΟΤΑΕ.

262 5344 404 5430 “(al
444 5341 533 5430 gf.
563 5341 677 5430 XV.
709 5343 815 5397 PP.
850 5342 1047 5398 Rosw.
1079 5341 1182 5398 lib.
1218 5342 1290 5430 III,
1319 5357 1453 5414 cap.
1485 5341 1581 5396 195
1608 5358 1620 5409 ;
1650 5338 1752 5395 lib.
1788 5337 1854 5392 VI

238 5412 430 5470 libell.
462 5413 520 5476 3,
563 5415 617 5467 2.
1288 5428 1290 5430 '
1396 5412 1407 5414 ⁷

316 5485 406 5565 ib)
433 5483 546 5565 Εἰ.
595 5483 708 5540 VV.
739 5484 844 5565 PP:
877 5483 1577 5565 Roqu.__l_ib‘.nv‘libell.‘ﬁ,

341 5553 398 5626 ε)
425 5555 514 5612 Cf.
543 5571 726 5626 supra
751 5555 880 5611 sub.
910 5557 962 5610 11
997 5557 1146 5621 ;VV.
1173 5555 1258 5611 PP
1277 5557 1470 5610 Bosw.
1495 5553 1596 5610 lib.
1629 5553 1695 5626 Ill
1725 5566 1857 5623 cap.

248 5625 356 5681 124
379 5625 416 5693 ⁷;
449 5626 558 5683 lib.
587 5625 637 5682 ν
659 5627 843 5683 libell.
870 5628 958 5694 15,
991 5628 1100 5695 26;
1127 5627 1230 5687 lib.
1265 5629 1355 5683 VII
1387 5642 1520 5699 cap.
1557 5627 1641 5691 13,
1664 5625 1718 5678 6.

559 5725 809 5782 ΡΑΤΗΟΙ..
843 5725 948 5781 Gn.
991 5725 1251 5782 XXXIV.

2045 5333 2130 5416 ξεί)
2165 5331 2248 5416 Cf-
2267 5331 2710 5416 Ενεεςοβειρίιξι
2734 5333 3091 5416 metres}.
3111 5334 3449 5416 Asstdium
3475 5350 3610 5416 capo

1966 5402 2155 5470 XCIII;
2181 5406 2346 5459 Socr.
2381 5405 2526 5460 Hist.
2564 5402 2715 5459 Eccl.
2734 5402 2840 5466 Ἰν,
2872 5405 2969 5472 23;
3000 5405 3110 5459 VV.
3145 5406 3245 5460 PP.
3280 5409 3475 5462 Rosw.
3507 5402 3610 5461 lib.

1968 5484 2012 5537 V
2052 5474 2498 5548 libell._IO,m34
2533 5493 2545 5534 :
2587 5473 2692 5532 lib.
2733 5476 2828 5532 VII
2858 5491 2990 5548 cap.
3032 5475 3122 5545 37,
3170 5479 3246 5546 ἀς
3289 5476 3616 5534 sententiae

1970 5552 2220 5621 Aegypt.
2251 5546 2349 5602 PP.
2382 5546 2476 5609 15.

3302 5714 3336 5772 9
