4092 6252
570 254 677 312 259
1405 249 1508 310 SS.
1554 249 2043 311 MACARIORUM
2074 244 2413 311 RAEGYPTII
2454 248 2541 307 ET
2580 248 3079 311 ALEXANDRINI
3786 256 3876 314 9.60

565 380 891 437 lacrimans
922 396 1105 437 senex
1143 379 1327 437 dixit:
1372 382 1484 436 Vae
1522 379 1638 435 diei
1666 380 1724 435 in
1763 394 1886 450 qua
1916 382 2093 433 natus
2132 392 2181 432 es

2265 377 2292 429 λ
2324 378 2562 451 ραμυθία
2593 393 2605 407 '
2631 382 2720 429 καὶ
2759 377 2993 438 κλαυσας
3022 377 3048 428 ό
3078 379 3239 449 γέρων
3271 373 3401 428 εἶπεν
3433 393 3443 404 ·
3476 375 3590 428 οὐαὶ
3630 385 3688 450 τῇ
3734 381 3881 455 ἡμέρᾳ

566 468 783 525 homo!
809 471 997 542 Atque
1020 471 1101 525 ait
1122 468 1172 523 ei
1202 484 1409 523 senex:
1436 469 1609 523 Estne
1634 467 1795 523 aliud
1819 467 2057 537 gravius
2080 480 2182 537 su}:

2326 468 2374 517 ἐν
2460 465 2703 537 ἐγεννήθη
2732 467 2757 518 6
2783 468 3052 537 ἄνθρωπος
3075 466 3121 500 ⁸ο
3156 483 3167 494 ·
3192 465 3326 535 λέγει
3343 468 3478 537 αὐτῷ
3503 466 3527 517 6
3555 470 3709 540 γέρων
3732 488 3743 501 ·
3762 471 3884 522 ἔστιν

564 557 855 630 plicium?
902 558 1240 629 Respondet
1287 557 1608 613 cranium:
1658 557 1839 629 Major
1901 571 2078 624 paena
2128 570 2180 610 es

2326 555 2451 614 ἆλλη
2484 563 2677 631 χείρων
2721 556 2998 629 βάσανος;
3047 556 3182 627 λέγει
3231 555 3370 626 αὐτῷ
3415 559 3471 607 τὸ
3518 561 3715 631 κρανίον
3746 579 3757 591 -
3793 578 3886 630 μει-

567 647 771 703 subter
800 663 931 702 nos.
967 648 1055 702 Ait
1086 648 1140 701 ei
1166 663 1343 702 senex
1375 663 1386 700 :
1420 649 1485 701 Et
1515 646 1763 718 quinam
1796 644 1911 700 illic
1942 645 2167 713 degunt

2328 643 2510 717 ζοτέρα
2549 644 2781 717 βάσανός
2828 645 2965 698 ἔστιν
2997 646 3328 697 ὑποκάτωθεν
3374 647 3516 716 ἡμῶν
3606 645 3731 717 λέγει
3764 648 3888 719 αὐτῷ

565 736 905 807 Respondet
930 736 982 792 ei
1020 736 1329 791 cranium:
1363 737 1506 803 Nos,
1542 742 1739 806 utpote
1771 734 1874 806 qui
1920 733 2181 805 ignoravi

2327 733 2540 808 ὀγέρων
2576 753 2588 765 ·
2643 740 2733 788 καὶ
2780 740 2912 797 τίνες
2961 736 3092 787 εἰσὶν
3133 733 3279 801 insi;
3320 733 3452 804 λέγει
3496 736 3632 805 αὐτῷ
3680 738 3733 787 τό
3783 757 3890 809 xpu—

566 840 703 881 mus
732 827 935 891 Deum,
972 825 1205 880 modice
1244 824 1715 881 misericordiam
1749 824 2176 895 consequimur

2326 827 2429 874 νίον
2464 844 2476 856 ·
2519 825 2664 895 ἡμεῖς
2693 827 2758 885 ὡς
2786 829 2857 892 μὴ
2900 821 3097 885 εἰδότες
3126 827 3212 876 τὸν
3253 828 3398 889 Θεὸν,
3440 821 3533 874 κάν
3564 822 3725 896 ὀλίγον
3751 824 3891 877 ἐλεού-

563 914 665 986 qui
698 930 838 970 vero
883 919 1293 984 cognoverunt
1326 915 1508 969 Deum
1552 919 1609 968 et
1640 918 2007 984 negaverunt
2054 927 2179 967 eum

2327 913 2459 984 μεθα
2498 949 2512 963 .
2554 915 2603 965 οἱ
2636 910 2693 965 δὲ
2742 916 3035 984 ἐπιγνόντες
3084 916 3170 965 τόν
3225 915 3376 976 Θεὸν,
3421 916 3510 964 καὶ
3564 911 3890 986 ἀρνησάμενοι

563 1002 765 1059 subter
792 1002 965 1059 nobis
1022 1008 1179 1059 sunt.
1212 1005 1374 1059 Tunc
1401 1018 1583 1059 senex
1614 1001 1937 1059 calvariam
1971 1016 2179 1057 sumen

2326 1000 2477 1053 αὐτόν
2512 1002 2583 1066 ⁴¹,
2634 1003 2965 1055 ὑποκάτωθεν
3005 1003 3150 1075 ἡμῶν
3194 1001 3294 1054 εἰσι
3329 1022 3341 1035 ν
3374 1005 3465 1054 καὶ
3512 999 3674 1053 λαϐὼν
3699 1002 3722 1053 ὁ
3750 1007 3893 1075 γέρων

558 1090 748 1147 humo
774 1091 1105 1147 mandavit.

2325 1091 2383 1141 τὸ
2413 1094 2642 1161 κρανίον,
2670 1092 2870 1162 ἔχωσεν
2903 1090 3030 1144 αὐτό
3057 1092 3164 1163 (α).

631 1183 719 1237 39.
770 1179 1095 1235 Narrarunt
1150 1179 1472 1235 Macarium
1522 1178 1881 1251 Aegyptium
1931 1178 2214 1234 abbatem

2635 1183 2727 1235 39.
2774 1178 2983 1249 Ἔλεγον
3040 1183 3157 1251 περὶ
3204 1186 3296 1232 τοῦ
3336 1177 3473 1231 ἀϐϐᾶ
3522 1182 3785 1251 Μακαρίον
3817 1184 3894 1231 τοῦ

559 1269 888 1342 aliquando
920 1284 951 1323 e
993 1268 1141 1325 Sceti
1184 1268 1527 1323 ascendisse
1573 1268 1633 1322 in
1672 1273 1937 1323 montem
1976 1267 2175 1323 Nitriae

2325 1266 2639 1339 Αἰγυπτίου,
2672 1269 2753 1320 ὅτι
2803 1267 3038 1321 ἀνέϐαινέ
3089 1287 3213 1321 ποτε
3266 1271 3322 1321 ἑκ
3373 1275 3467 1329 τῆς
3513 1273 3739 1330 Σκήτεως
3763 1267 3823 1328 εἰς
3848 1271 3896 1319 τὸ

559 1359 665 1426 Qui
692 1375 881 1429 quum
899 1360 1428 1429 appropinquaret,
1452 1357 1537 1413 ait
1563 1356 1859 1427 discipulo
1878 1373 2023 1422 suo;
2051 1360 2175 1412 Prae

2325 1360 2442 1428 ὅρος
2466 1365 2558 1418 τῆς
2592 1360 2808 1428 Νιτρίας
2846 1373 2858 1385 ⁸
2899 1362 2988 1410 καὶ
3022 1359 3091 1419 ὡς
3133 1361 3350 1429 ἤγγισεν
3395 1358 3471 1419 εἰς
3494 1360 3580 1410 τὸν
3610 1362 3777 1420 τόπον,
3808 1353 3899 1409 εἶπε

557 1447 700 1502 cede
727 1446 1060 1519 paululum.
1081 1447 1189 1511 Qui
1219 1446 1463 1519 quidem
1497 1462 1632 1500 cum
1671 1446 1941 1515 praeiret.
1966 1446 2173 1501 obvia:

2324 1454 2395 1516 τῷ
2453 1448 2662 1517 μαθητῇ
2699 1446 2859 1498 αὐτοῦ
2900 1462 2911 1473 ·
2953 1446 3176 1518 προλαϐε
3206 1451 3391 1520 μικρὸν
3427 1467 3439 1479 ο
3474 1451 3565 1499 καὶ
3610 1444 3657 1497 ἐν
3693 1452 3760 1516 τῷ
3789 1464 3901 1520 προ-

556 1535 1087 1606 habuitquendam
1115 1535 1424 1603 gentilium
1447 1535 1841 1590 sacerdotem.
1873 1537 2063 1605 Atque
2093 1534 2172 1589 cla

2325 1538 2468 1606 άγειν
2524 1535 2953 1606 αὐτὸν”συναντᾷ
2991 1555 3093 1587 τινι
3153 1538 3275 1606 ἱερεῖ
3325 1543 3426 1587 τῶν
3482 1535 3733 1593 Ἐλλήνων
3768 1549 3780 1561 ·
3820 1539 3897 1586 καὶ

559 1640 731 1680 mans
754 1623 933 1680 frater
961 1640 1101 1679 eum
1130 1626 1395 1681 vocavit:
1425 1624 1568 1686 Heu,
1602 1624 1741 1686 heu,
1770 1623 2071 1695 inquiens,
2091 1640 2171 1695 qu

2326 1622 2519 1695 κράξας
2550 1623 2736 1694 αὐτῷὸ
2777 1620 2993 1696 ἀδελφὸς
3033 1623 3211 1697 ἐφώνει
3239 1624 3400 1696 λέγων
3439 1639 3452 1652 '
3492 1621 3566 1693 αἶ,
3602 1620 3676 1687 αἶ,
3710 1621 3899 1695 δαῖμον,

558 1717 769 1780 curris,
802 1716 1063 1770 daemon
1091 1714 1121 1767 ‘?
1146 1714 1243 1769 lile
1273 1730 1412 1769 vero
1443 1730 1771 1770 conversus
1807 1714 2024 1786 plagas
2047 1714 2097 1769 ei
2131 1716 2174 1769 ir

2288 1724 2297 1771 ἱ
2326 1716 2427 1764 πόῡ
2456 1717 2698 1783 τρέχεις;
2740 1717 2977 1785 στραφεὶς
3029 1710 3086 1765 δὲ
3133 1716 3315 1772 ἐκεῖνος
3367 1709 3522 1765 διδοῖ
3557 1712 3694 1783 αὐτῷ
3720 1712 3904 1783 πληγὰς

552 1802 717 1867 ﬂixit,
752 1803 1107 1874 reliquitque
1139 1804 1619 1858 semimortuam.
1664 1804 1747 1858 Ac
1791 1802 2001 1859 tollens
2050 1819 2168 1875 quo

2326 1805 2415 1853 καὶ
2454 1800 2596 1872 ἀφίει
2622 1801 2775 1853 αὐτὸν
2806 1803 3034 1872 ἡμιθανῆ
3071 1821 3083 1834 ·
3119 1807 3208 1854 καὶ
3250 1803 3381 1875 οἶρας
3412 1805 3472 1856 τὸ
3523 1801 3666 1865 ξύλον
3698 1803 3865 1874 ἔτρεχε
3889 1817 3899 1829 ·

554 1892 1094 1964 portabatlignum,
1123 1892 1398 1947 cucurrit.
1430 1892 1750 1948 Paululum
1774 1906 2093 1963 progresso
2111 1892 2170 1947 ot

2326 1894 2416 1942 καὶ
2461 1888 2710 1962 προϐάντι
2759 1890 2928 1961 ὀλίγον
2979 1897 3206 1961 συναντᾲ
3245 1890 3384 1962 αὐτῷ
3441 1889 3607 1953 ἀϐϐᾶς
3657 1892 3905 1963 Μακάριος

555 1982 712 2037 viam
728 1980 790 2034 tit
805 1982 955 2035 inter
978 1996 1221 2036 cursum
1238 1982 1529 2036 Macarius
1544 1980 1755 2046 abbas,
1776 1980 1871 2051 qui
1892 1981 1975 2034 ei:
2004 1981 2171 2036 Salve

2324 1983 2562 2051 τρέχοντι
2614 1995 2627 2006 ’
2671 1985 2755 2031 καὶ
2788 1980 2923 2051 λέγει
2952 1980 3093 2049 αὐτῷ
3128 2002 3139 2013 ·
3187 1982 3432 2049 σωθείης,
3478 1983 3719 2047 σωθείης,
3750 2001 3903 2051 καμα-

554 2071 658 2138 sis,
690 2070 904 2141 inquit,
940 2069 1138 2124 salvus
1173 2069 1272 2131 sis.
1302 2069 1507 2125 labore
1550 2069 1845 2125 confecta.
1893 2068 1990 2124 Ille
2029 2070 2170 2125 adm

2325 2073 2449 2143 τηρέ
2481 2088 2492 2100 ⁸
2540 2074 2629 2121 καὶ
2689 2072 2962 2141 θαυμάσας
3016 2066 3137 2128 ἦλθε
3196 2072 3326 2141 πρὸς
3382 2069 3540 2123 αὐτὸν
3598 2074 3689 2122 καὶ
3743 2067 3902 2121 εἶπεν·

552 2164 715 2214 ratus
749 2160 906 2213 venit
931 2158 1009 2212 ad
1039 2176 1175 2214 eum
1204 2164 1260 2214 et
1286 2159 1400 2213 ait:
1436 2158 1584 2225 Quid
1616 2158 1757 2214 boni
1783 2157 1981 2213 vidisti
2010 2160 2067 2212 in
2095 2175 2168 2214 mi

2325 2163 2374 2209 τί
2403 2158 2557 2209 καλὸν
2597 2155 2725 2218 εἶδες
2755 2157 2801 2209 ἐν
2850 2159 2985 2229 ἐμοὶ,
3035 2159 3115 2210 ὃτι
3167 2161 3605 2231 προσηγόρευσάς
3649 2177 3713 2230 με
3744 2174 3757 2224 ;
3787 2157 3907 2227 λέγει

550 2247 717 2320 quod
746 2262 840 2302 me
871 2246 1259 2303 salutaveris?
1290 2248 1382 2302 Ait
1411 2248 1461 2302 ei
1489 2263 1704 2303 senex:
1739 2245 2037 2315 Quoniam
2074 2263 2166 2302 cor

2324 2245 2463 2318 αὒτῷ
2502 2249 2527 2298 6
2579 2251 2740 2321 γέρων
2775 2268 2787 2279 ·
2838 2248 2919 2299 ὅτι
2950 2244 3088 2299 εἶδόν
3144 2266 3201 2300 σε
3249 2256 3519 2300 κοπιῶντα
3548 2266 3559 2277 ·
3599 2252 3689 2300 καὶ
3733 2248 3822 2299 οὐκ
3849 2242 3909 2298 οἶ-

550 2337 716 2408 spexi
744 2344 795 2392 te
816 2336 1016 2391 labore
1038 2336 1288 2402 fessum,
1311 2353 1378 2391 ac
1408 2337 1599 2391 nescis
1627 2341 1680 2391 te
1708 2337 1767 2391 in
1794 2352 2019 2393 vanum
2046 2336 2166 2392 def:

2323 2333 2441 2401 δας,
2500 2338 2576 2388 ὅτι
2633 2336 2704 2396 εἰς
2741 2339 2882 2388 κενὸν
2936 2342 3123 2407 κοπιᾴς
3158 2354 3170 2365 ·
3225 2336 3358 2408 λέγει
3418 2337 3559 2408 αὐτῷ
3593 2341 3683 2389 καὶ
3722 2334 3905 2397 αὐτός’

550 2425 739 2495 tigari.
772 2424 1109 2496 Respondet
1132 2424 1261 2481 ille:
1292 2427 1353 2481 Et
1383 2441 1494 2495 ego
1528 2424 1887 2481 salutatione
1921 2430 2024 2481 tua
2049 2441 2166 2481 cou

2320 2423 2464 2496 κάγὼ
2526 2424 2609 2477 ἐπὶ
2653 2426 2724 2495 τῲ
2783 2424 3049 2495 ἀσπασμῷ
3083 2444 3177 2477 σου
3221 2428 3513 2496 κατενύγην
3546 2442 3559 2456 ·
3592 2430 3681 2478 καὶ
3717 2426 3910 2497 ἔμαθον,

549 2520 806 2586 punctus
835 2530 990 2577 sum,
1015 2518 1071 2569 et
1093 2514 1348 2585 cognovi
1372 2530 1443 2569 ex
1469 2520 1635 2585 parte
1661 2515 1758 2570 Dei
1791 2519 1843 2569 te
1866 2530 2013 2569 esse.
2047 2514 2165 2569 Aliu

2319 2516 2400 2567 ὅτι
2450 2521 2540 2566 τοῦ
2584 2518 2766 2585 μέρους
2805 2522 2894 2566 τοῦ
2927 2518 3053 2567 Θεοῦ
3104 2512 3149 2566 εἶ
3175 2531 3187 2543 ·
3221 2513 3373 2576 ἄλλος
3406 2511 3467 2568 δι
3503 2518 3663 2575 κακὸς
3699 2514 3911 2585 μοναχός

547 2618 689 2657 vero
713 2601 907 2656 malus
940 2602 1270 2658 monachus
1302 2602 1445 2657 mihi
1490 2602 1737 2658 obviam
1780 2602 1974 2657 factus
2003 2607 2163 2658 conti

2318 2601 2626 2665 ἀπαντήσας
2663 2622 2773 2674 μοι,
2822 2601 3007 2676 ὗϐρισέ
3030 2622 3093 2673 με
3133 2619 3146 2631 ·
3194 2601 3339 2671 κάγὼ
3379 2600 3564 2656 ἔδωκα
3621 2603 3760 2674 αὐτῷ
3797 2602 3907 2661 πλη-

548 2691 727 2747 melia
742 2706 835 2745 me
848 2690 1255 2763 affecit,quare
1268 2706 1379 2760 ego
1392 2691 1528 2746 dedi
1542 2694 1595 2746 ei
1609 2692 1820 2762 plagas
1835 2691 1912 2746 ad
1933 2697 2164 2747 morten

2317 2694 2411 2762 γάς
2463 2691 2534 2752 εἰς
2593 2694 2809 2744 θάνάτον
2839 2710 2849 2720 ·
2911 2696 3000 2744 καὶ
3051 2694 3177 2762 ἔγνω
3208 2693 3233 2743 6
3262 2695 3453 2763 γέρων,
3498 2695 3582 2745 ὅτι
3621 2694 3646 2744 6
3693 2693 3913 2764 μαθητὴς

545 2781 615 2834 Ει
643 2780 927 2850 ὀοεηονίι
961 2795 1154 2849 senex,
1207 2796 1344 2835 eum
1385 2780 1458 2835 de
1498 2780 1794 2851 discipulo
1848 2796 1957 2836 suo
2008 2780 2161 2853 loqui

2530 2780 2689 2832 αὐτοῦ
2718 2780 2831 2832 ἐστι
2862 2798 2875 2812 ο
2912 2785 2999 2832 καὶ
3036 2800 3309 2853 κρατησας
3344 2784 3435 2833 τοὺ
3454 2802 3475 2842 ς
3514 2778 3692 2844 πόδας
3719 2780 3867 2833 αὐτοῦ
3893 2780 3912 2830 ὁ

542 2869 691 2924 Tum
717 2868 1109 2941 apprehensis
1131 2869 1256 2923 eius
1276 2868 1530 2940 pedibus
1559 2870 1837 2923 sacerdos
1866 2870 1945 2923 ita
1972 2868 2158 2924 locuti

2320 2872 2476 2943 ἱερεὺς
2523 2870 2685 2941 ἢεγεν
2739 2884 2751 2895 ·
2787 2870 2882 2921 οὐκ
2935 2868 3045 2941 ἀφῶ
3083 2888 3160 2934 σε,
3206 2868 3291 2921 έάν
3349 2874 3420 2941 μὴ
3466 2876 3698 2944 ποιήσῃς
3740 2889 3802 2942 με
3834 2887 3913 2939 μο-

544 2962 665 3013 est:
694 2961 821 3013 Non
852 2957 1151 3013 dimittam
1184 2963 1258 3021 te,
1298 2957 1410 3012 nisi
1436 2973 1530 3013 me
1561 2957 1769 3013 feceris
1809 2957 2160 3014 monachuu

2314 2963 2477 3031 ναχόν
2506 2973 2520 2987 '
2551 2963 2641 3010 καὶ
2670 2955 2824 3016 ἦλθον
2857 2956 3025 3011 ἐπάνω
3063 2959 3191 3011 ὅπου
3221 2954 3282 3017 ἧν
3309 2963 3335 3011 ό
3379 2965 3653 3032 μοναχός,
3699 2963 3787 3012 καὶ
3812 2956 3911 3011 66¢-

547 3047 612 3101 Et
638 3051 927 3102 venerunt
948 3062 1213 3109 sursum,
1239 3045 1339 3101 ubi
1362 3053 1487 3101 erat
1518 3045 1879 3112 monachus,
1922 3053 1974 3101 et
2000 3052 2163 3101 sustu

547 3134 734 3159 1--.--ι
780 3151 908 3159 -.-κη
958 3139 1461 3159 ..--ι,.-......-..ι......
1511 3134 1566 3159 ε...
1602 3134 1910 3159 ---ΙΑ-Σ.....
1958 3136 2163 3159 ..ΛΑ-..εκ

2426 3046 2509 3109 Ξαν
2566 3046 2719 3099 αὐτὸν
2768 3049 2858 3099 καὶ
2916 3050 3135 3116 ἤνεγκαν
3192 3046 3259 3106 εἰς
3329 3051 3423 3105 τὴν
3486 3048 3772 3107 ἓκκλησίαν
3833 3052 3912 3099 τοῦ

2447 3157 2459 3159 _
2493 3140 2613 3159 _____‘_
2661 3131 2858 3159 23:“---
2906 3137 2989 3159 _:-,
3032 3136 3166 3159 :-_.'..
3201 3136 3305 3159 ----’
3350 3135 3514 3159 με’-,με
3604 3136 3908 3159 Ξκι------.-..

542 3134 737 3191 lerunt
775 3151 913 3191 eum
958 3139 1464 3207 portaveruntque
1509 3134 1571 3191 in
1598 3134 1915 3192 ecclesiam
1958 3136 2158 3191 monti:

2313 3137 2459 3210 ὄρους
2491 3157 2503 3168 ·
2528 3140 2617 3189 καὶ
2659 3131 2859 3198 ἰδόντες
2906 3137 2992 3187 τὸν
3030 3136 3166 3208 ἱερέα
3194 3136 3305 3206 μετ’
3344 3135 3538 3204 αὐτοῦ,
3597 3136 3907 3201 ἐξέστησαν·

543 3225 659 3281 Sed
690 3231 998 3280 cernentes
1024 3224 1392 3281 sacerdotem
1419 3240 1557 3281 cum
1587 3240 1659 3280 eo
1686 3224 1999 3297 stupefacti
2037 3240 2151 3280 sun

2312 3231 2402 3278 καὶ
2427 3225 2679 3283 ἐποίησαν
2704 3224 2859 3278 αὐτὸν
2901 3228 3135 3297 μοναχὸν
3169 3244 3182 3257 ο
3216 3229 3306 3277 καὶ
3331 3224 3523 3280 πολλοὶ
3550 3236 3653 3279 τῶν
3684 3226 3911 3284 Ἐλλήνων

546 3314 612 3368 Ει
655 3312 927 3368 fecerunt
958 3328 1099 3369 eum
1129 3313 1523 3369 monachum.
1564 3312 1843 3385 Multique
1886 3313 2162 3383 gentiliur

2314 3314 2539 3387 ἐγένοντο
2599 3311 2851 3367 διἀὑτόν
2910 3318 3218 3389 Χριστιανοὶ
3251 3331 3265 3344 ·
3300 3313 3471 3384 ἔλεγεν
3529 3312 3621 3369 οὖν
3678 3318 3703 3369 6
3766 3312 3911 3373 ἀϐϐᾶς

542 3405 785 3473 propter
798 3417 935 3457 eum
949 3401 1087 3457 facti
1105 3401 1590 3458 suntChristiani.
1607 3402 1921 3458 Asserebat
1934 3417 2079 3471 ergo
2094 3404 2158 3458 Mt

2311 3408 2602 3478 Μακάριος,
2660 3405 2739 3456 ὅτι
2778 3404 2803 3455 6
2842 3403 2992 3474 λόγος
3022 3404 3047 3454 6
3100 3405 3256 3464 κακὸς
3295 3403 3378 3475 (ὁ)
3428 3411 3528 3459 καὶ
3569 3409 3696 3468 τοὺς
3741 3404 3913 3464 καλοὺς

544 3490 739 3547 carius
754 3490 970 3558 abbas,
984 3490 1149 3562 quod
1168 3504 1365 3546 sermo
1381 3490 1573 3545 malus
1593 3490 1775 3546 etiam
1799 3490 1992 3545 bonos
2010 3490 2160 3546 male

2311 3501 2451 3546 ποιεῖ
2502 3495 2693 3556 κακούς
2725 3510 2738 3523 ·
2773 3497 2865 3545 καὶ
2905 3494 2930 3545 6
2986 3492 3145 3554 κάλὸς
3195 3492 3348 3565 λόγος
3400 3499 3500 3548 καὶ
3556 3500 3685 3559 τοὺς
3738 3496 3913 3552 κακοὺς

543 3580 740 3644 faciat,
777 3584 835 3635 et
860 3595 1059 3635 sermo
1084 3579 1282 3634 bonus
1304 3579 1484 3635 etiam
1520 3578 1712 3634 malos
1744 3578 1956 3634 reddat
1989 3578 2197 3636 bonos.
2312 3590 2451 3635 ποιεῖ
2478 3582 2668 3645 καλούς
2694 3583 2793 3645 (c).

617 3672 707 3725 40.
733 3668 1067 3725 Narrabant
1093 3668 1153 3723 in
1185 3666 1458 3723 absentia
1497 3668 1726 3723 Macarii
1750 3667 1991 3723 abbatis
2021 3668 2204 3725 latro-

2385 3675 2471 3727 40.
2505 3669 2712 3741 Ἔλεγον
2755 3675 2871 3743 περὶ
2901 3678 2993 3723 τοῦ
3049 3668 3186 3722 ἀϐϐᾱ
3213 3670 3530 3744 Μακαρίου,
3576 3675 3662 3727 ὅτι
3707 3673 3914 3732 ἀπόντος

543 3760 1035 3829 nemingressum
1057 3773 1185 3813 esse
1198 3756 1475 3812 cellulam
1489 3757 1637 3813 eius.
1667 3760 1799 3829 Ipse
1816 3757 1994 3829 igitur
2013 3774 2159 3828 quur

2314 3759 2473 3812 αὑτοῦ
2524 3759 2730 3817 εἰσῆλθε
2778 3759 2973 3832 λῃστὴς
3020 3758 3092 3820 εἰς
3139 3762 3195 3811 τὸ
3240 3759 3439 3813 κελλίον
3495 3762 3669 3817 αὐτοῦ
3714 3780 3726 3794 υ
3762 3779 3914 3837 παρα-

543 3848 622 3905 ad
653 3847 929 3903 cellulam
971 3846 1261 3912 rediisset,
1308 3846 1534 3901 invenit
1566 3847 1855 3902 latronem
1900 3847 2159 3903 camelui

2310 3853 2580 3921 γενομένου
2635 3845 2694 3901 δὲ
2748 3848 2909 3901 αὐτοῦ
2965 3848 3033 3909 εἰς
3085 3851 3143 3901 τὸ
3184 3848 3399 3914 κελλίον,
3443 3851 3566 3927 εὗρε
3605 3856 3696 3906 τὸν
3726 3852 3913 3925 λῃστὴν

544 3935 905 4009 supellectile
936 3952 1045 3992 sua
1068 3940 1440 3991 ouerantem.
1469 3936 1663 4001 Quare
1685 3936 1977 3991 introiens
2001 3936 2059 3992 in
2086 3952 2153 3993 ce

2309 3941 2591 4010 γεμίζοντα
2628 3942 2715 3995 τὴν
2753 3937 2984 4009 κάμηλον
3040 3939 3107 3989 τά
3164 3939 3321 3995 σκεύη
3377 3938 3546 3993 αὐτοῦ
3592 3960 3604 3972 ·
3668 3941 3825 4004 αὐτὸς
3861 3934 3912 3991 δε

539 4026 727 4083 lulam
753 4033 810 4082 et
840 4024 1124 4083 Macarius
1153 4023 1229 4081 de
1261 4026 1415 4081 vasis
1439 4024 1792 4095 accipiebat,
1827 4031 1883 4080 et
1916 4042 2037 4081 una
2059 4042 2155 4082 cur

2310 4026 2548 4080 εἰσελθὼν
2600 4026 2669 4086 εἰς
2718 4029 2773 4079 τὸ
2830 4024 3023 4078 κελλίον
3078 4024 3355 4097 ἐλάμϐανεν
3397 4025 3504 4081 ἀπὸ
3554 4039 3661 4083 τῶν
3705 4036 3914 4092 σκευῶν,

540 4132 612 4173 eo
631 4115 925 4171 onerabat
950 4113 1269 4170 camelum.
1302 4114 1548 4171 Sarcina
1573 4114 1752 4183 igitur
1784 4114 2071 4186 imposita
2104 4115 2156 4170 fu

2307 4120 2396 4168 καὶ
2425 4115 2726 4188 συνεγέμιξι
2763 4115 2872 4187 μετ’
2903 4115 3064 4167 αὐτοῦ
3122 4119 3215 4173 τήν
3258 4116 3495 4188 κάμηλον
3534 4135 3546 4146 ·
3594 4121 3668 4181 ὡς
3699 4115 3788 4172 οὖν
3816 4119 3917 4191 ἐγέ-

541 4204 1061 4278 οοθρίιννοτὺοιιοτθ
1073 4203 1467 4269 camelum,ut
1480 4206 1974 4276 surgeret.Neque
1993 4209 2151 4260 tame

2305 4224 2487 4276 μισαν,
2534 4203 2788 4277 ἤρξατοὸ
2852 4204 3049 4277 λῃστὴς
3113 4206 3321 4258 τύπτειν
3377 4210 3473 4265 τήν
3532 4209 3798 4279 κάμηλον,
3846 4208 3920 4258 ἵνα

542 4293 845 4364 surgebat.
867 4292 1037 4360 Quod
1069 4292 1170 4347 ubi
1193 4291 1341 4346 vidit
1370 4292 1663 4348 Macarius
1689 4292 2158 4359 abbas,cellulai:

2306 4294 2504 4365 ἀναστῇ
2542 4313 2553 4326 ·
2602 4298 2692 4346 καὶ
2741 4292 2834 4345 οὐκ
2880 4293 3111 4367 ἠγείρετο
3141 4312 3153 4324 ·
3208 4289 3333 4346 ἰδὼν
3365 4291 3426 4347 δὲ
3461 4297 3487 4348 ὁ
3530 4296 3706 4361 ἀϐϐᾶς
3746 4295 3918 4351 Μακά-

542 4384 848 4453 ingressus
872 4396 1126 4451 parvum
1143 4380 1449 4435 sarculum
1466 4380 1711 4444 invenit,
1728 4380 1886 4452 quod
1902 4381 2158 4437 emissur

2304 4402 2436 4455 ριος,
2470 4384 2550 4435 ὅτι
2576 4381 2670 4436 οὐκ
2921 4381 3192 4457 ἐγείρεται,
3226 4382 3467 4436 εἰσελθὼν
3514 4387 3568 4439 ἓν
3622 4385 3699 4460 τῷ
3749 4385 3920 4454 κελλίῳ

539 4472 831 4544 imposuit
860 4471 1091 4527 camelo
1130 4470 1335 4525 dicens
1368 4485 1381 4524 :
1426 4471 1643 4533 Frater,
1676 4469 1790 4524 hoc
1823 4471 2058 4541 quaerit
2095 4488 2155 4527 ca

2306 4470 2420 4545 εὗρε
2460 4474 2643 4543 μικρόν
2695 4466 2938 4522 ualidis
2970 4472 3015 4507 ’⁸³
3058 4488 3069 4500 ·
3104 4475 3193 4524 καὶ
3239 4470 3463 4525 ἐκϐαλὼν
3496 4475 3548 4509 ⁴³
3601 4474 3826 4534 ἐπέθηκε
3861 4478 3916 4543 τῇ

544 4561 754 4618 melus.
799 4564 878 4616 Ac
920 4560 1072 4631 pede
1114 4558 1361 4629 pulsans
1410 4574 1545 4614 eum
1593 4574 1772 4614 senex
1822 4561 1938 4615 ait:
1983 4562 2160 4631 Surge

2306 4559 2521 4633 καμήλῳ
2569 4560 2727 4632 λέγων
2776 4575 2789 4589 ⁶
2826 4554 3029 4632 ἀδελφέ,
3078 4567 3230 4614 τοῦτο
3274 4562 3420 4623 ζητεῖ
3450 4563 3481 4620 ἠ
3513 4564 3765 4637 κάμηλος
3793 4581 3806 4594 ·
3840 4564 3922 4613 καὶ

541 4651 983 4721 Confestimque
1009 4648 1283 4711 surrexit,
1326 4652 1382 4703 et
1421 4663 1747 4719 parumper
1785 4649 2006 4704 itineris
2052 4666 2157 4705 con

2306 4653 2536 4724 κρούσας
2568 4650 2725 4708 αὐτὴν
2765 4650 2979 4722 ὀγέρων
3017 4657 3088 4719 τῷ
3136 4646 3264 4703 ποδὶ
3312 4650 3448 4722 λέγει
3478 4670 3489 4680 ·
3532 4651 3749 4707 ἀνάστα
3788 4667 3801 4679 ⁶
3839 4651 3922 4703 καί

539 4740 675 4795 fecit
703 4745 944 4810 propter
973 4738 1097 4792 eius
1146 4752 1510 4792 sermonem.
1558 4736 1671 4792 Sed
1704 4736 1917 4792 iterum
1952 4739 2155 4794 resedii

2307 4739 2485 4801 εὐθέως
2542 4739 2752 4809 ἀνέστη,
2811 4743 2900 4791 καὶ
2963 4736 3161 4799 ἀπῆλθε
3211 4744 3397 4813 μικρὸν
3462 4737 3563 4795 διὰ
3619 4746 3711 4797 τὸν
3774 4741 3923 4813 λόγον

1874 4900 2135 4956 VARIAE
2174 4901 2577 4959 LECTIONES.

612 5042 660 5117 δέ
683 5040 769 5117 A_l.
802 5041 945 5097 add.
986 5040 1037 5117 εἰ
1086 5040 1245 5117 αιξτή
1304 5040 1481 5117 ἑστιν
1532 5041 1561 5098 ἡ
1593 5043 2133 5117 παμαρυθᾷία-τῆς
2170 5044 2493 5105 κολάσεως
2533 5061 2545 5075 ·
2628 5045 2673 5080 ⁴¹
2707 5042 2792 5099 ΑΙ.
2822 5042 2962 5101 add.
2995 5047 3214 5117 καὶμὴ
3257 5047 3666 5109 ποιήσαντες
3711 5046 3916 5100 αὐτοῦ

540 5115 607 5166 τὸ
641 5113 881 5186 θέλημα
913 5130 925 5144 ·
1005 5114 1052 5148 ⁴²
1094 5112 1182 5168 Al.
1218 5108 1569 5165 σκαλίδιον
1606 5128 1618 5142 ’
1689 5108 1756 5148 ’⁸³
1782 5108 2130 5170 Ἀ1.λαϐών.

2094 5267 2350 5324 NOTAE.

608 5417 690 5545 (ag
715 5416 799 5475 Cf.
834 5419 943 5474 VV.
976 5419 1176 5475 Rosw.
1212 5416 1318 5475 lib.
1351 5416 1423 5472 ΙΙΙ
1446 5432 1576 5490 cap.
1609 5421 1738 5485 172;
1770 5416 1877 5474 lib.
1906 5417 1972 5472 VI
2002 5417 2185 5475 libell.
2300 5421 2386 5504 ρός
2423 5421 2513 5469 καὶ
2542 5420 2657 5479 τοὺς
2684 5415 2875 5480 καλοὺς
2918 5424 3056 5471 ποιεῖ
3091 5418 3283 5481 κακούς
3317 5438 3330 5452 ο
3359 5418 3385 5471 6
3418 5415 3476 5472 δὲ
3530 5417 3705 5481 καλὸς
3739 5418 3924 5492 ὠφελεῖ

537 5496 591 5549 3.
622 5492 645 5543 1
702 5534 714 5546 .
2302 5508 2516 5549 πάντας.
2546 5489 2799 5546 Coteler.

576 5533 591 5558 ,
622 5492 714 5546 16.
2302 5492 2516 5550 πάντας.
2546 5492 2799 5546 Coteler.

608 5561 687 5633 (ὁ)
710 5560 782 5642 ,³οΔ
818 5560 1005 5642 λόγος
1054 5561 1080 5612 ὁ
1124 5563 1358 5642 κακός,
1403 5560 1469 5616 In
1502 5559 1844 5642 Colbertin‘o-
1889 5559 2042 5642 libro
2070 5560 2187 5642 boc
2375 5561 2450 5633 (ο)
2492 5560 2577 5619 Cf.
2604 5561 2719 5617 VV.
2751 5560 2862 5617 PP.
2904 5562 3102 5617 Rosw.
3132 5559 3235 5618 lib.
3266 5559 3338 5617 Ill
3369 5575 3505 5635 cap.
3556 5563 3695 5617 127.

531 5628 723 5708 reperi
754 5628 1212 5708 Apophthegma
1239 5648 1251 5688 :
1294 5628 1447 5686 Εἶπεν
1487 5635 1650 5706 γέρων
1685 5646 1699 5660 υ
1738 5633 1765 5684 ὁ
1793 5632 1937 5705 λόγος
1967 5634 1993 5685 ό
2026 5632 2187 5691 σκλη-

726 5750 749 5775 ο
