4092 6252
229 359 321 417 264
1556 353 2210 421 APOPHTHEGMATA.

3455 369 3560 427 262

236 485 384 538 αὐτοῦ
414 506 425 518 ο
455 489 537 536 καὶ
583 484 737 537 πάλιν
788 483 1020 550 ἐκάθισε,
1061 487 1151 536 καὶ
1183 483 1276 536 οὐκ
1317 481 1528 549 ἀνέστη,
1574 484 1664 546 ἕως
1706 485 1802 538 ἀπ-

1915 502 2105 560 neque
2135 490 2474 561 exsurrexit,
2503 487 2697 548 donec
2716 490 3137 564 deposuissent
3166 498 3445 552 cunctam
3467 511 3563 552 su-

239 576 462 645 εγέμισαν
489 572 577 626 67m
604 576 670 626 τὰ
698 576 860 631 σκεύη
887 594 900 607 ·
929 578 1019 625 καὶ
1049 571 1453 634 οὖτωςὰπῆλθεν
1481 573 1584 645 (a).

296 664 374 717 41.
431 665 485 715 ’0
535 662 700 726 ἀϐϐᾶς
762 664 890 717 Ἀῑὼ
949 663 1190 735 ἠρώτησε
1242 666 1329 715 τὸν
1400 663 1562 715 ἀϐϐᾶν
1615 667 1802 718 Μακά-

227 771 326 823 ριον
375 753 560 824 λέγων·
617 753 727 806 εἰπέ
780 772 869 824 μοι
922 753 1110 827 ῥῆμα·
1144 752 1281 824 λέγει
1363 753 1504 823 αὐτῷ
1557 755 1582 805 6
1641 753 1801 816 ἁϐϐᾶς

226 842 520 913 Μακάριος·
579 849 733 915 φεῦγε
779 846 902 902 τοὺς
942 840 1246 914 ἀνθρώπους
1277 859 1289 871 ·
1345 845 1564 896 κάθισον
1617 844 1689 906 εἰς
1741 847 1800 896 τὸ

220 929 398 983 κελλίον
439 950 554 999 σου,
607 951 692 983 και
738 931 964 984 κλαῦσον
1012 932 1106 992 τὰς
1136 930 1393 1004 ἁμαρτίας
1447 951 1562 997 σου,
1605 938 1693 984 καὶ
1731 938 1801 1005 μὴ

219 1017 486 1093 ἀγαπήσῃς
515 1020 695 1074 λαλιὰν
737 1019 1015 1093 ἄνθρώπων
1049 1038 1058 1049 ·
1096 1025 1182 1074 καὶ
1212 1022 1356 1094 σώζῃ
1388 1021 1490 1092 (ὁ).

1910 577 2282 648 pellectilem.
2311 582 2472 636 Tunc
2493 580 2737 636 demum
2762 581 2926 638 abiit.

1979 666 2068 721 41.
2101 668 2206 723 Aio
2246 668 2438 724 abbas
2488 669 2876 740 interrogavit
2911 670 3230 728 Macarium
3277 671 3561 729 abbatem

1911 760 1967 810 et
2000 771 2012 809 :
2046 756 2239 813 Profer
2271 757 2435 825 mihi,
2466 757 2680 830 inquit,
2710 759 3088 816 sententiam.
3130 761 3470 834 Respondet
3509 762 3565 818 ei

1909 846 2196 901 Macarius
2217 845 2409 902 abbas
2435 862 2446 901 :
2467 847 2626 917 Fuge
2647 847 2942 913 homines,
2976 848 3119 906 sede
3142 849 3201 905 in
3227 849 3439 907 cellula
3460 855 3567 907 tua

1911 938 1967 990 et
2012 933 2164 990 deﬂe
2216 940 2463 1007 peccata
2515 942 2639 1006 tua,
2681 951 2875 1009 neque
2928 937 3204 994 dilexeris
3256 939 3562 1012 loquelam

1912 1022 2248 1093 hominum,
2285 1024 2566 1097 salusque
2589 1024 2696 1081 tibi
2727 1025 3012 1097 obtinget.

1753 1173 2004 1230 NOTAE.

288 1315 362 1386 (a)
394 1314 474 1372 Cf.
497 1329 728 1387 supra
758 1314 872 1370 sub
922 1315 1013 1380 18,
1056 1314 1179 1373 VV.
1218 1315 1332 1370 PP.
1366 1318 1561 1374 Rosw.
1595 1315 1698 1372 lib.
1731 1317 1802 1370 lll

219 1401 347 1458 cap.
376 1386 466 1451 73,
495 1385 730 1442 libfVII
763 1401 897 1458 cap.
933 1390 988 1456 3,
1023 1391 1070 1442 t.

1987 1317 2069 1389 (ὁ)
2098 1317 2178 1373 Cf.
2221 1319 2325 1373 VV.
2363 1321 2462 1374 PP.
2497 1321 2689 1377 Rosw.
2717 1318 2820 1377 lib.
2851 1320 2922 1376 Ill
2944 1336 3079 1394 cap.
3120 1323 3239 1378 189.

1843 1785 1943 1844 IV.

1079 1946 1260 2005 ALIA
1308 1945 1579 2006 SANCTl
1622 1944 1940 2005 MACARII
1983 1945 2660 2008 APOPHTHEGMATA

1469 2112 1500 2143 Δ
1529 2111 1600 2144 J0.
1632 2111 1776 2146 ΒΔΠ.
1817 2111 2089 2146 οοτειεειιο
2123 2112 2283 2146 EDITA.

204 2245 228 2277 ι
263 2229 580 2281 Sanctorum
607 2241 797 2279 senum
819 2228 1300 2297 Apophthegmata
1317 2246 1341 2275 ι)
1367 2243 1415 2297 β.
1447 2244 1532 2297 vv.
1552 2229 1807 2297 Agaflwn,
1834 2229 2798 2297 Z_ac_haria§,_fhooglorusPhermemis
2816 2232 2958 2296 apud
2981 2231 3209 2297 Io.Bapt.
3229 2232 3561 2284 Cotelerium

1263 2291 1402 2341 Eccl.
1441 2291 1625 2346 Graec.
1665 2293 1809 2346 Mon.
1845 2293 1903 2341 T.
1938 2293 1974 2351 l,
2014 2308 2064 2357 p.
2098 2293 2206 2342 372.
2238 2295 2352 2346 443.
2392 2295 2500 2343 451.

277 2588 321 2640 1.
367 2583 518 2640 Εἶπεν
551 2586 577 2636 6
622 2583 789 2646 ἁϐϐᾶς
828 2587 1013 2655 Πέτρος
1045 2583 1070 2635 6
1122 2590 1213 2635 τοῦ
1256 2581 1394 2635 ἁϐϐᾶ
1447 2589 1586 2649 Λώτ,
1629 2585 1705 2635 ὅτι
1749 2581 1796 2635 ἐν

1981 2585 2033 2638 1.
2063 2586 2264 2639 Petrus
2300 2584 2513 2650 abbas,
2547 2585 2879 2658 discipulus
2911 2588 3014 2644 Lot
3049 2587 3284 2643 abbatis
3312 2604 3324 2642 :
3360 2590 3555 2654 Eram,

206 2683 272 2746 τῷ
300 2675 473 2747 κελλίῳ
527 2681 622 2727 τοῦ
663 2673 799 2726 ἀϐϐᾶ
850 2673 1136 2745 Ἀγάθωνος
1175 2676 1312 2743 ἤμην
1356 2676 1499 2738 ποτέ,
1551 2678 1640 2725 καὶ
1676 2669 1798 2731 ἦλθε

204 2768 324 2838 πρὸς
405 2765 563 2817 αὑτὸν
629 2759 851 2834 ἀδελφὸς
911 2761 1070 2833 λέγων
1105 2777 1116 2790 ⁸
1181 2760 1304 2813 θέλω
1384 2762 1597 2820 οἰκῆσαι
1663 2763 1796 2833 μετὰ

201 2849 428 2925 ἀδελφῶν
453 2871 465 2884 ·
521 2851 660 2905 εἰπόν
715 2870 806 2923 μοι
843 2859 953 2910 πῶς
991 2851 1102 2919 μετ’
1155 2851 1322 2902 αὐτῶν
1372 2850 1572 2908 οἰκήσω
1608 2868 1619 2880 ·
1661 2851 1796 2921 λέγει

199 2947 336 3012 αὐτῷ
368 2944 394 2994 6
435 2947 601 3016 γέρων
635 2960 648 2973 ·
683 2944 753 3002 ὡς
796 2939 845 2992 ἐν
895 2947 956 3011 τῇ
1004 2945 1183 3013 πρώτῃ
1225 2941 1396 3012 ἡμέρᾳ
1441 2942 1520 2992 ὅτε
1575 2940 1790 3014 ιὶσέρχῃ

200 3035 324 3104 πρὸς
374 3031 584 3094 αὐτούς,
627 3030 790 3090 οὕτως
845 3028 1064 3101 φύλαξον
1122 3033 1216 3087 τὴν
1257 3029 1495 3091 ξενιτείαν
1553 3048 1646 3081 σου
1697 3029 1796 3081 πά-

208 3138 302 3181 σας
341 3123 428 3180 τὰς
454 3121 648 3194 ἡμέρας
691 3127 787 3180 τῆς
831 3122 964 3182 ζωῆς
998 3137 1112 3182 σου,
1156 3120 1239 3170 ἱνα
1281 3123 1351 3190 μὴ
1386 3117 1795 3193 παῤῥησιασθῇς

204 3207 312 3279 μετ’
351 3208 518 3261 αὐτῶν
551 3226 562 3238 ·
605 3208 739 3280 λέγει
787 3211 925 3277 αὐτῷ
961 3208 985 3258 6
1037 3206 1201 3268 ἁϐϐᾶς
1249 3209 1520 3279 Μακάριος
1553 3225 1564 3236 ·
1596 3211 1647 3259 τί
1692 3208 1792 3278 γὰρ

204 3304 342 3348 ποιεῖ
398 3303 428 3354 ἡ
482 3297 798 3371 παρῤησία;
852 3296 987 3368 λέγει
1041 3296 1180 3366 αὐτῷ
1225 3297 1250 3347 6
1303 3300 1463 3368 γέρων
1498 3314 1509 3326 ε
1562 3299 1718 3348 ἔοικεν
1760 3296 1790 3353 ἡ

209 3383 484 3457 πιρῥησία
521 3388 752 3436 καύσωνι
801 3385 1000 3456 μεγάλῳ
1029 3404 1041 3417 ·
1085 3384 1138 3447 ὃς
1171 3386 1292 3437 ὅταν
1330 3389 1563 3456 γίνηται,
1615 3386 1796 3444 πάντες

210 3474 488 3543 φεύγουσιν
534 3471 636 3526 ἆπό
680 3478 955 3546 προσώπου
1017 3474 1195 3540 αὐτοῦ,
1246 3478 1335 3526 καὶ
1403 3480 1502 3525 τῶν
1568 3470 1795 3548 δένδρων

207 3562 298 3613 τὸν
343 3564 538 3634 καρπὸν
588 3557 875 3636 διαφθείρει
908 3580 921 3594 ο
969 3562 1104 3634 λέγει
1138 3563 1279 3633 αὖτῷ
1333 3563 1358 3614 6
1413 3561 1572 3623 ἀϐϐᾶς
1615 3564 1796 3615 Μακά-

200 3669 318 3723 ριος
347 3671 360 3684 ’
397 3652 558 3713 οὕτως
605 3651 811 3724 χαλεπή
851 3651 991 3705 ἔστιν
1031 3654 1062 3710 ἧ
1111 3650 1423 3726 παῤῥησίαλ;
1473 3657 1563 3704 καὶ
1603 3650 1737 3704 εἶπεν
1769 3653 1794 3704 6

200 3739 368 3802 ἆϐϐᾶς
420 3739 652 3812 Ἀγάθων
687 3763 698 3775 ·
743 3741 837 3794 οὐκ
881 3744 1022 3794 ἔστιν
1073 3742 1242 3816 ἕτερον
1294 3743 1460 3803 πάθος
1498 3741 1793 3813 χαλεπώτε-

196 3849 285 3905 ρον
328 3838 423 3892 τῆς
472 3830 772 3905 παρρησίας
796 3849 807 3861 ’
841 3836 1117 3902 γεννήτρια
1148 3832 1249 3903 γάρ
1301 3829 1411 3882 ἐστι
1443 3833 1646 3883 πάντων
1695 3839 1800 3883 τῶν

1909 2672 2119 2743 inquit,
2151 2671 2478 2745 aliquando
2502 2674 2562 2729 in
2594 2674 2804 2731 cellula
2832 2675 3161 2746 Agathonis
3188 2675 3448 2743 abbatis,
3481 2677 3562 2733 ad

1906 2776 2087 2832 quem
2112 2762 2272 2816 venit
2291 2761 2472 2818 frater
2496 2763 2701 2820 dicens
2729 2783 2742 2822 :
2766 2764 2907 2820 Volo
2927 2764 3196 2820 habitare
3213 2781 3351 2821 cum
3369 2764 3559 2822 fratri-

1906 2848 2054 2914 bus;
2081 2849 2226 2906 doce
2250 2866 2478 2922 mequo
2493 2859 2671 2922 pacto
2689 2868 2826 2908 cum
2848 2853 2918 2908 iis
2933 2869 3233 2910 maneam.
3255 2855 3356 2911 Cui
3374 2869 3558 2910 senex

1905 2938 2213 3008 respondit
2246 2958 2258 2997 :
2313 2941 2837 3005 Quemadmodum
2868 2942 3066 3014 primo
3116 2943 3210 2999 die
3245 2943 3552 3013 ingressus

1907 3028 2008 3092 tui,
2047 3026 2131 3081 sic
2184 3030 2481 3085 custodito
2538 3029 2862 3102 hospitium
2908 3036 3080 3088 tuum
3134 3032 3557 3103 peregrinatio-

1905 3131 2165 3188 nemque
2196 3118 2423 3172 cunctis
2444 3117 2658 3173 diebus
2688 3120 2838 3175 vitae
2869 3123 3028 3188 tuae,
3061 3120 3143 3176 ita
3175 3125 3236 3176 ut
3259 3134 3402 3190 erga
3423 3119 3554 3176 illos

1907 3220 2025 3260 non
2067 3204 2251 3261 utaris
2291 3205 2530 3262 ﬁducia.
2569 3208 2660 3263 Ait
2709 3206 2760 3261 ei
2796 3209 3085 3264 Macarius
3129 3209 3322 3265 abbas
3354 3225 3368 3265 :
3402 3208 3556 3276 Quid

1905 3293 2062 3349 enim
2093 3293 2271 3350 efﬁcit
2298 3294 2562 3352 ﬁducia?
2586 3295 2688 3351 Cui
2720 3311 2932 3355 senex:
2960 3297 3180 3353 Similis
3211 3302 3317 3365 est,
3349 3297 3556 3371 inquit,

1904 3381 2128 3438 ﬁducia
2141 3383 2327 3440 aestui
2342 3399 2585 3454 magno,
2604 3385 2967 3457 quiquando
2979 3387 3307 3457 contigerit,
3325 3387 3558 3458 fugiunt

1907 3487 2117 3529 omnes
2157 3489 2193 3528 a
2220 3472 2369 3529 facie
2404 3475 2552 3540 eius,
2601 3473 2824 3547 quique
2851 3475 3138 3532 arborum
3176 3475 3401 3532 fructus
3432 3491 3557 3534 cor-

1905 3563 2147 3634 rumpit.
2216 3561 2365 3619 Dicit
2407 3564 2688 3620 Macarius
2743 3564 2939 3621 abbas
2993 3581 3006 3620 :
3062 3565 3304 3622 Adeone
3366 3565 3559 3625 saevit

1905 3649 2172 3707 ﬁducia?
2199 3652 2429 3722 Agatho
2460 3652 2685 3709 abbas:
2718 3653 2924 3709 Nullus
2947 3658 3052 3719 est,
3072 3655 3285 3728 inquit,
3309 3654 3556 3712 aﬁ‘ectus

1906 3741 2139 3796 saevior
2181 3741 2428 3798 ﬁducia.
2469 3743 2751 3798 Omnium
2785 3744 3010 3816 quippe
3041 3743 3555 3816 perturbationum

1905 3834 2096 3886 mater
2126 3835 2230 3886 est.
2274 3831 2447 3886 Decet
2482 3836 2680 3886 autem
2715 3831 3003 3887 cultorem
3035 3833 3127 3887 sui
3177 3832 3400 3889 ﬁducia
3453 3847 3556 3889 ca-

195 3921 416 3973 παθῶν·
458 3925 640 3995 πρέπει
695 3917 754 3973 δὲ
808 3929 881 3972 τῶ
931 3918 1122 3993 ἐργάτῃ
1186 3921 1256 3991 μὴ
1310 3919 1791 3995 παρρησιάζεσθαι,

1915 3933 2054 3986 rore,
2077 3919 2312 3974 etiamsi
2344 3919 2505 3975 solus
2558 3920 2617 3974 in
2665 3919 2814 3976 cella
2847 3925 3130 3976 versetur.
3163 3921 3308 3977 Novi
3338 3921 3556 3977 etenim

195 4009 289 4061 κᾶν
337 4030 493 4082 μονος
627 4013 677 4062 ἓν
848 4009 1029 4080 κελλίῳ
1064 4025 1076 4036 ·
1126 4007 1248 4062 οἶδα
1299 4012 1400 4084 γὰρ
1450 4010 1530 4061 ὅτι
1579 4007 1795 4082 ἁδελφὸς

196 4105 429 4162 ποιήσας
461 4105 652 4174 χρόνον
688 4098 736 4151 ἓν
766 4099 837 4170 τῷ
876 4098 1054 4166 κελλίῳ
1084 4099 1254 4164 οἰκῶν,
1301 4101 1436 4170 ἔχων
1472 4119 1522 4150 τι
1548 4109 1795 4152 κοιτωνα-

193 4208 326 4263 ριον,
379 4188 541 4253 εἶπεν,
590 4190 671 4241 ὅτι
719 4187 935 4261 μετέϐην
981 4186 1036 4239 ἔκ
1096 4194 1187 4240 τοῦ
1249 4187 1471 4254 κελλίου,
1521 4192 1592 4260 μὴ
1648 4192 1798 4260 γνοὺς

196 4279 325 4332 αὐτὸ
349 4281 411 4331 τὸ
442 4279 800 4353 κοιτωνάριον,
834 4276 876 4329 εἰ
922 4281 994 4349 μὴ
1028 4277 1190 4351 ἕτερός
1218 4296 1308 4349 μοι
1346 4272 1480 4330 εἶπεν
1513 4295 1526 4310 ·
1562 4279 1588 4329 6
1626 4284 1800 4330 τοιοῦ-

195 4387 282 4430 τος
325 4367 559 4441 ἐργάτης
588 4366 702 4420 ἐστὶ
731 4371 822 4420 καὶ
842 4366 1161 4438 πολεμιστής
1191 4366 1295 4437 (a).

265 4479 322 4533 2.
359 4471 519 4530 Εἶπεν
578 4476 603 4526 6
653 4473 815 4537 ἀϐϐἄς
861 4475 1130 4548 Μακάριος
1185 4482 1257 4546 τῷ
1315 4472 1453 4544 ἀϐϐᾀ
1503 4478 1752 4549 Ζαχαρία
1783 4492 1794 4505 ·

195 4563 305 4617 εἰπέ
344 4585 440 4637 μοι
468 4567 525 4616 τὸ
556 4566 702 4637 ἔργον
733 4571 824 4616 τοῦ
853 4571 1094 4636 μοναχοῦ
1126 4581 1138 4592 ·
1171 4563 1306 4634 λέγει
1335 4563 1477 4634 αὐτῷ
1512 4579 1524 4593 ·
1554 4566 1638 4635 ἐμὲ
1668 4562 1802 4634 ἐρω-

191 4659 308 4724 τᾷς,
369 4655 577 4727 πάτερ;
633 4657 722 4705 καὶ
769 4653 906 4724 λέγει
961 4653 986 4704 6
1027 4651 1186 4713 ἁϐϐᾱς
1239 4652 1548 4727 Μακάριος·
1607 4653 1801 4725 πληρο-

197 4749 464 4815 φοροῦμαι
503 4741 575 4802 εἰς
622 4744 696 4807 σὲ,
730 4745 903 4794 τέκνον
933 4746 1184 4814 Ζαχαρία
1207 4756 1222 4770 °
1267 4743 1378 4793 ἔστι
1403 4743 1504 4814 γὰρ
1533 4741 1558 4792 ὁ
1597 4742 1802 4792 νύσσων

196 4847 261 4901 με
292 4837 386 4882 τοῦ
419 4830 686 4900 ἐρωτῆσαί
714 4848 770 4882 σε
801 4844 815 4860 ⁸
856 4822 991 4900 λέγει
1023 4829 1162 4899 αὑτῷ
1190 4829 1215 4880 6
1245 4832 1521 4901 Ζαχαρίας
1550 4845 1561 4857 ·
1604 4831 1661 4879 τό
1689 4825 1804 4879 κατ’

197 4917 306 4990 ἐμὲ,
357 4920 547 4992 πάτερ,
602 4920 660 4970 τὸ
714 4918 892 4970 ἑαυτὸν
953 4917 1238 4990 βιάζεσθαι
1283 4917 1354 4979 εἰς
1402 4919 1587 4987 πάντα,
1653 4912 1804 4977 οὗτὸς

196 5005 341 5059 ἐστιν
375 5008 402 5059 6
433 5011 668 5079 μοναχός

269 5115 323 5171 3.
387 5114 451 5167 Ὀ
514 5112 674 5176 ἁϐϐᾶς
727 5110 1002 5187 Θεόδωρος
1061 5116 1086 5166 6
1141 5121 1236 5176 τῆς
1291 5117 1494 5186 Φέρμης
1548 5114 1804 5169 ἐκτήσατο

203 5209 326 5277 τρία
374 5202 562 5277 βιϐλία
608 5203 742 5256 καλά
766 5223 778 5236 ·
833 5208 922 5257 καὶ
965 5202 1220 5276 παρέϐαλε
1249 5203 1320 5274 τῷ
1359 5201 1498 5255 ὰϐϐἆ
1526 5206 1800 5274 Μακαρίῳ,

1905 4007 2172 4071 fratrem,
2209 4009 2310 4078 qui
2342 4009 2443 4062 diu
2476 4009 2533 4062 in
2565 4007 2780 4064 cellula
2819 4014 3296 4080 perseveraverat
3326 4008 3560 4065 habens

1905 4095 2209 4162 lectulum,
2243 4096 2459 4152 dixisse
2502 4114 2514 4151 :
2555 4099 2593 4151 E
2625 4095 2775 4152 cella
2814 4098 3227 4166 emigrassem,
3260 4113 3383 4154 non
3427 4113 3558 4169 per—

1907 4190 2078 4256 cepto
2117 4184 2216 4240 illo
2253 4184 2492 4251 lectulo,
2520 4185 2630 4240 nisi
2674 4184 2828 4241 alius
2875 4184 3213 4242 monuisset
3249 4201 3370 4243 me.
3406 4184 3560 4242 Talis

1908 4281 2110 4330 autem
2129 4289 2263 4330 vere
2293 4277 2384 4329 est
2405 4273 2715 4345 operarius
2733 4277 2789 4330 et
2813 4272 3081 4331 bellator.

1980 4472 2038 4525 2.
2077 4467 2369 4525 Macarius
2410 4467 2602 4524 abbas
2629 4467 2928 4524 Zachariae
2965 4467 3168 4524 abbati
3202 4467 3346 4524 :Dic
3393 4468 3558 4536 mihi,

1910 4557 2125 4629 inquit,
2153 4573 2306 4629 opus
2330 4558 2631 4614 monachi.
2661 4556 2752 4611 Ait
2784 4557 2867 4612 ei:
2891 4558 3054 4612 Tune
3085 4573 3179 4612 me
3205 4557 3561 4626 interrogas,

1912 4653 2082 4718 pater
2103 4645 2131 4700 ‘i
2159 4649 2306 4702 Tum
2338 4645 2624 4702 Macarius
2647 4646 2837 4701 abbas
2880 4662 2892 4701 :
2937 4645 3018 4701 De
3050 4651 3126 4712 te,
3167 4645 3382 4717 inquit,
3413 4645 3566 4701 mihi

1911 4752 2272 4810 persuasum
2289 4740 2397 4801 est,
2413 4735 2494 4790 ﬁli
2510 4735 2812 4790 Zacharia.
2833 4735 2926 4790 Est
2942 4735 3104 4790 enim
3117 4735 3221 4806 qui
3237 4749 3329 4789 me
3343 4735 3563 4806 pulsat,

1913 4831 1977 4881 ut
2020 4825 2382 4893 interrogem
2421 4830 2495 4880 te.
2529 4823 2851 4879 Zacharius
2875 4823 3032 4878 hanc
3057 4822 3302 4896 protulit
3334 4829 3568 4879 senten-

1913 4915 2056 4971 tiam
2093 4930 2104 4967 :
2141 4915 2442 4979 Quantum
2477 4927 2619 4981 ergo
2644 4911 2885 4983 quidem
2911 4912 3206 4977 existimo,
3240 4918 3429 4984 pater,
3461 4912 3567 4985 qui

1915 5019 1978 5059 se
2003 5004 2203 5074 ipsum
2241 5001 2398 5072 cogit
2419 5002 2497 5057 ad
2515 5002 2741 5069 omnia,
2769 5002 2818 5056 is
2844 5005 2930 5056 est
2954 5001 3292 5064 monachus
3322 5002 3421 5074 (ὁ).

1985 5114 2036 5166 3.
2065 5109 2406 5166 Theodorus
2433 5108 2624 5164 abbas
2669 5109 2954 5164 Phermae
2989 5113 3106 5164 tres
3145 5108 3334 5164 bonos
3382 5107 3569 5164 libros

1913 5199 2234 5272 possidens
2266 5198 2343 5254 ad
2375 5199 2702 5254 Macarium
2741 5196 3025 5254 abbatem
3069 5199 3248 5265 venit,
3279 5202 3333 5253 et
3361 5213 3374 5253 :
3407 5200 3567 5261 Tres,

207 5299 293 5346 καὶ
319 5293 464 5366 λέγει
503 5294 663 5364 αὐτῷ,
697 5294 778 5346 ὃτι
807 5295 916 5366 ἔχω
956 5297 1077 5367 τρία
1123 5291 1307 5365 βιϐλία
1352 5291 1506 5357 καλά,
1548 5296 1637 5344 καὶ
1679 5291 1803 5363 ὠφε-

1915 5289 2128 5361 inquit,
2174 5287 2316 5342 mihi
2352 5291 2488 5342 sunt
2517 5286 2652 5342 libri
2692 5285 3005 5358 praeclari,
3058 5303 3130 5342 ex
3173 5301 3434 5358 quorum
3494 5288 3572 5341 le—

205 5380 400 5455 λοῦμαι
457 5381 510 5445 ἐξ
569 5384 756 5449 αὐτῶν,
813 5387 904 5435 καὶ
961 5384 1011 5434 οἱ
1059 5377 1271 5454 ἀδελφοὶ
1332 5388 1623 5455 κιχρῶνται
1673 5381 1806 5432 αὐτὰ

1916 5379 2110 5434 ctione
2128 5376 2387 5433 fructum
2409 5376 2610 5448 capio;
2633 5374 2841 5432 fratres
2866 5391 3111 5448 quoque
3131 5375 3203 5430 iis
3227 5377 3492 5444 utuntur,
3515 5379 3572 5428 et

1753 5519 2019 5577 NOTAE.

236 5730 247 5741 .
287 5660 376 5789 (αὖ
399 5659 480 5718 Cf.
510 5659 627 5716 VV.
660 5659 764 5742 Pl).
807 5661 1008 5717 Rosw.
1042 5657 1148 5716 lib.
1190 5658 1258 5714 lll
1299 5673 1431 5730 cap.
1477 5660 1576 5714 198
1608 5676 1622 5726 ;
1653 5657 1820 5714 lib.V

236 5731 330 5789 the
386 5775 401 5789 .
443 5735 531 5789 t0.
569 5731 606 5787 8
649 5731 788 5789 :hb.
832 5731 929 5789 VII
978 5745 1119 5789 can.
1155 5731 1245 5787 42.
1279 5728 1495 5789 Douth.
1538 5732 1732 5788 Doctr.
1764 5731 1819 5786 4.

210 5728 401 5791 libell.
443 5735 531 5799 t0,
569 5731 606 5787 8
647 5731 788 5800 ;lib.
832 5731 929 5789 VII
978 5745 1119 5804 cap.
1155 5731 1245 5787 42.
1279 5728 1495 5789 Douth.
1538 5732 1732 5788 Doetr.
1764 5731 1819 5786 4.

1999 5653 2080 5726 (b)
2112 5651 2202 5709 cr.
2245 5653 2352 5708 vv.
2388 5652 2494 5710 PP.
2527 5654 2722 5710 κυεην.
2753 5651 2858 5709 lib.
2886 5650 2934 5707 ν
2960 5655 3007 5721 1,
3033 5654 3085 5708 6.
