4092 6252
562 294 669 353 263
1874 293 1973 350 J0.
2015 293 2169 351 SAL.
2216 293 2595 352 SEMLERUS
3783 300 3875 356 264

562 422 782 494 pariter
811 421 1153 494 proﬁciunt.
1174 422 1363 478 Eﬁare
1388 421 1565 495 igitur
1588 420 1754 486 mihi,
1778 420 1925 493 quid
1955 420 2178 477 debeau

2259 421 2290 474 Α
2320 426 2411 474 καὶ
2459 422 2771 494 ὠφελοῦνται
2802 439 2819 458 ο
2859 421 2966 475 εἰπὲ
3015 419 3104 474 οὖν
3143 440 3252 493 μοι⁹
3300 425 3352 473 τί
3392 421 3592 494 ὤφειλον
3636 431 3875 492 ποιῆσαι;

563 510 797 576 facere;
826 527 971 567 num
1013 511 1092 567 ad
1135 527 1329 567 meam
1354 511 1727 583 fratrumque
1756 510 2063 565 utilitatem
2107 526 2177 565 eo

2321 513 2581 583 κατάσχω
2630 514 2763 564 αὐτὰ
2802 512 2874 573 εἰς
2918 515 3006 569 τὴν
3056 513 3182 582 ἐμὴν
3236 515 3325 563 καὶ
3379 516 3470 569 τὴν
3524 521 3616 564 τῶν
3674 511 3880 583 ἀδελφῶν

563 599 874 665 retineam,
907 616 982 655 an
1016 600 1275 656 vendam
1304 601 1560 673 demque
1584 598 1992 670 pauperibus?
2024 602 2179 655 Sene.

2322 599 2581 671 ὠφέλειαν,
2617 602 2644 660 ᾖ
2699 601 2927 659 πωλήσω
2984 603 3119 652 αὐτὰ
3167 605 3254 651 καὶ
3304 596 3456 652 δώσω
3493 607 3762 671 πτωχοῐςς
3805 604 3882 652 καὶ

563 688 875 759 respondit
921 706 934 744 :
986 688 1270 745 Pulchrae
1300 689 1544 761 quidem
1591 689 1855 744 actiones
1899 694 2058 753 sunt,
2107 703 2179 743 sei

2323 688 2623 762 ἀποκριθεὶς
2653 691 2678 741 6
2703 695 2864 764 γέρων
2893 686 3000 741 εἶπε
3040 706 3052 717 °
3099 689 3254 741 καλαὶ
3299 693 3388 761 μὲν
3435 691 3488 741 αἱ
3523 689 3744 759 πράξεις,
3774 687 3886 739 ἀλλὰ

564 777 773 833 melior
787 778 1069 834 omnibus
1082 786 1170 834 est
1189 787 1534 851 paupertas.
1552 780 1679 845 Quo
1694 777 1899 834 audito
1925 776 2180 833 discessit

2320 778 2513 850 μείζων
2557 780 2759 831 πάντων
2813 782 2841 838 ἡ
2887 778 3226 850 ἁκτημοσύνη
3261 779 3373 831 ἐστί
3408 797 3418 809 ·
3460 783 3546 831 καὶ
3574 786 3721 830 τοῦτο
3751 776 3886 829 ἀκού-

563 870 789 939 eOSque
815 867 1101 933 vendidit,
1127 872 1184 923 et
1228 868 1552 940 pecuniam
1601 866 1765 923 dedit
1806 865 2176 939 pauperibus

2325 887 2441 931 σας,
2493 866 2723 921 ἀπελθὼν
2766 868 3029 927 ἐπώλησεν
3070 871 3223 935 αὐτὰ,
3272 873 3361 921 καὶ
3415 864 3631 921 διέδωκα
3654 872 3883 938 πτωχοῖς.

2202 1137 2276 1198 V.

1274 1268 1954 1332 APOPHTHEGMATA
2000 1269 2271 1329 SANCTI
2314 1269 2640 1330 MACARII
2684 1270 3221 1331 ALEXANDRINI

1832 1418 1865 1450 Δ
1895 1417 1967 1453 J0.
2004 1418 2143 1450 ΒΔΡΤ.
2179 1416 2448 1450 οοτειιῐςιυο
2481 1418 2645 1451 EDITA.

563 1536 593 1569 ι
625 1514 944 1570 Sanctorum
977 1531 1169 1568 senum
1210 1518 1682 1583 Apophthegmata
1714 1536 1739 1565 ρ
1772 1534 1814 1567 s.
1845 1534 1896 1567 v.
1923 1518 2409 1644 Macarlius
2431 1517 2574 1581 apud
2604 1518 2685 1568 Jo.
2723 1519 2873 1583 Bapt.
2906 1518 3229 1569 Cotelerium
3260 1517 3401 1572 Eccl,
3440 1515 3620 1565 Graec.
3646 1513 3777 1563 Mon.
3800 1516 3833 1559 t.
3860 1511 3892 1566 Ι,

933 1822 1018 1878 De
1056 1821 1271 1878 abbate
1309 1821 1580 1879 Macario
1618 1821 1841 1879 urbico.
2244 1827 2288 1881 Β
2407 1824 2549 1894 mp:

2244 1827 2288 1881 Β
2407 1824 2561 1894 Περὶ
2599 1826 2710 1873 τοῦ
2749 1819 2918 1872 ἆϐϐᾶ
2956 1824 3303 1894 Μακαρίαν
3341 1825 3454 1873 τοῦ
3497 1817 3840 1871 πολιτικοῦ.

641 1915 689 1966 l.
723 1911 1007 1966 Macarius
1036 1909 1303 1973 πολιτικός
1324 1909 1419 1965 ille
1446 1911 1639 1966 abbas
1665 1909 1991 1982 aliquando
2022 1908 2101 1964 ad
2132 1924 2216 1963 se-

2403 1910 2454 1963 1.
2506 1909 2733 1968 Ἀπῆλθέ
2786 1929 2910 1962 ποτε
2954 1912 2980 1961 6
3034 1908 3197 1970 ἀϐϐᾶς
3250 1912 3523 1984 Μακάριος
3583 1908 3607 1958 6
3660 1904 3900 1961 πολιτικὸς

565 1999 793 2057 candos
824 1999 1162 2071 palmarum
1188 2015 1390 2055 ramos
1416 1999 1570 2063 exiit,
1595 1999 1877 2055 fratribus
1895 2000 2093 2071 ipsum
2120 2014 2181 2052 co

2328 1997 2491 2068 κόψαι
2532 1998 2714 2049 θαλλία
2742 2003 2829 2050 καὶ
2859 2000 2907 2050 οἰ
2939 1995 3150 2069 ἀδελφοὶ
3175 1997 3285 2070 μετ’
3319 2000 3484 2050 αὑτοῦ
3518 2019 3530 2030 -
3564 2000 3651 2047 καὶ
3687 1993 3901 2064 λέγουσιν

566 2088 938 2145 mitantibus.
963 2090 1073 2154 Qui
1095 2090 1290 2160 primo
1312 2088 1409 2143 die
1435 2090 1519 2144 ei:
1552 2088 2182 2160 Veni,inquiunt.patei

2329 2087 2468 2155 αὐτῷ
2519 2090 2609 2142 τὴν
2653 2092 2859 2159 πρώτην
2913 2088 3109 2158 ἡμέραν
3142 2103 3154 2116 ο
3213 2082 3392 2161 δεῦρο,
3439 2087 3569 2158 φάγε
3612 2081 3719 2155 μεθ’
3756 2082 3900 2151 ἡμῶν,

566 2176 880 2233 nobiscum
923 2177 1204 2232 comedet
1236 2176 1497 2233 Accessit
1521 2176 1699 2246 igitur
1719 2175 1813 2232 ille
1840 2184 1894 2231 et
1925 2176 2182 2231 comedit

2326 2178 2487 2246 πάτερ
2517 2194 2528 2205 ·
2566 2177 2591 2226 6
2641 2172 2698 2227 δὲ
2749 2175 2947 2233 ἀπῆλθε
2994 2180 3082 2227 καὶ
3113 2177 3267 2246 ἔφαγε
3300 2192 3312 2204 ⁸
3358 2180 3453 2228 καὶ
3505 2174 3657 2227 πάλιν
3696 2177 3755 2243 τῇ
3787 2167 3894 2238 ἄλλῃ

566 2265 763 2321 Altero
785 2281 922 2320 eum
947 2266 1041 2320 die
1072 2267 1287 2320 iterum
1320 2272 1555 2336 rogant,
1574 2272 1634 2320 ut
1656 2265 2036 2321 comedat.At
2062 2266 2109 2319 is
2135 2280 2182 2319 re

2325 2261 2565 2333 λέγουσιν
2606 2264 2745 2333 αὐτῷ
2797 2269 2976 2335 patr/xiv
3011 2284 3023 2296 ·
3058 2265 3083 2315 6
3126 2260 3184 2315 δὲ
3228 2267 3322 2315 οὐκ
3371 2264 3573 2329 ἤθελεν,
3606 2260 3712 2313 ἀλλ’
3759 2258 3900 2326 ἔλεγεν

566 2370 797 2410 nuens:
846 2356 981 2423 Vos,
1014 2355 1227 2427 inquit,
1280 2354 1407 2423 ﬁlii,
1436 2354 1637 2410 cibum
1691 2354 1943 2409 sumatis
1976 2370 2181 2409 necess

2328 2355 2504 2413 αὐτοῖς
2536 2370 2547 2380 ·
2583 2353 2730 2422 ὑμεῖς
2757 2358 2943 2424 χρείαν
2976 2354 3122 2423 ἔχετε
3161 2360 3359 2423 φαγεῖν,
3398 2357 3554 2405 τίκνα
3587 2369 3600 2383 ·
3632 2348 3795 2421 ἀκμὴν
3816 2346 3901 2418 γὰρ

567 2448 653 2498 est
678 2458 693 2508 ;
727 2442 921 2498 adhuc
944 2443 1102 2499 enim
1132 2458 1273 2498 caro
1322 2443 1466 2500 estis
1491 2460 1506 2510 ;
1538 2458 1680 2513 ergo
1720 2459 1861 2500 vero
1888 2459 2049 2499 nunc
2078 2442 2183 2498 nol:

1859 2472 1861 2488 .
1888 2459 2049 2499 nunc
2078 2442 2216 2498 nolo
2330 2440 2464 2516 σάρξ
2501 2439 2615 2493 ἐστε
2643 2458 2654 2470 ·
2686 2440 2785 2511 ἐγὼ
2818 2437 2877 2494 δὲ
2907 2449 2994 2493 νῦν
3026 2445 3085 2494 οὐ
3116 2440 3240 2494 θέλω
3271 2450 3475 2514 φαγεῖν.

568 2532 936 2587 manducare
950 2576 963 2588 .

641 2624 695 2675 2.
728 2620 1020 2675 Macarius
1048 2619 1238 2675 abbas
1252 2620 1929 2677 convenitPachomium
1947 2619 2214 2675 abbatem

2398 2622 2450 2673 2.
2504 2617 2792 2689 Παρίϐαλεν
2855 2619 2880 2669 6
2931 2617 3095 2681 ἆϐϐᾶς
3133 2620 3408 2692 Μακάριος
3466 2620 3598 2691 πρὸς
3639 2618 3723 2669 τὸν
3764 2610 3905 2664 ἁϐϐᾱν

563 2707 1162 2764 Tabenuesiotarum.
1197 2710 1384 2774 Quem
1418 2709 1771 2764 Pachomius
1802 2709 2176 2778 interrogans

2329 2712 2618 2780 Παχὼμιον
2646 2716 2744 2759 τῶν
2781 2707 3219 2766 Ταϐεννησιωτῶν
3250 2730 3262 2742 ·
3288 2710 3313 2760 ὁ
3346 2705 3409 2761 δὲ
3442 2712 3729 2780 Παχώμιος
3752 2704 3906 2777 ἠρώτα

563 2796 643 2863 Si,
667 2798 884 2868 inquit,
911 2796 1121 2853 fratres
1148 2797 1496 2869 disciplinae
1519 2798 1790 2853 ordinem
1814 2814 1932 2853 non
1957 2813 2179 2853 servan‘

2330 2799 2484 2848 αὑτὸν
2533 2797 2692 2867 λέγων
2722 2814 2734 2825 ·
2764 2798 2844 2849 ὅτε
2883 2797 3010 2849 εἰσὶν
3060 2794 3273 2869 ἀδελφοὶ
3321 2799 3567 2865 ἄτακτοι,
3606 2794 3757 2848 καλόν
3810 2791 3906 2842 ἐστι

562 2884 874 2941 bonumne
894 2892 975 2940 est
995 2887 1291 2957 corripere
1312 2886 1451 2941 eos?
1468 2888 1792 2957 Respondit
1813 2887 2098 2943 Macarius
2112 2886 2178 2941 at

2332 2886 2619 2943 παιδεῦσαι
2667 2892 2900 2959 αὐτούςς
2944 2890 3077 2961 λέγει
3128 2890 3269 2961 αὑτῷ
3322 2892 3347 2941 6
3410 2890 3573 2951 ἆϐϐᾶς
3618 2887 3863 2957 Μακάριος
3891 2898 3901 2913 ⁸

562 2974 704 3031 bas:
731 2976 964 3046 Castiga
990 2982 1045 3030 et
1070 2976 1221 3031 iuste
1250 2990 1353 3031 eos
1382 2976 1599 3037 iudica,
1642 2976 1746 3047 qui
1771 2976 1871 3030 tibi
1897 2975 2178 3031 subiiciur

2330 2975 2641 3043 παίδευσον,
2682 2983 2770 3031 καὶ
2812 2986 2982 3050 κρῖνον
3028 2976 3248 3041 δικαίως
3293 2982 3417 3042 τοὺς
3458 2982 3559 3033 ὑπό
3603 2980 3662 3030 σέ
3687 2997 3699 3012 ·
3732 2973 3819 3037 ἔξω
3858 2965 3906 3021 δὲ

562 3067 695 3131 tur;
732 3068 897 3120 extra
926 3080 1068 3120 vero
1113 3063 1471 3119 iudicaveris
1517 3064 1821 3119 neminem
1860 3087 1871 3129 ;
1903 3080 2044 3119 nam
2078 3080 2178 3120 scr:

2331 3073 2402 3140 μὴ
2446 3072 2623 3141 κρίνῃς
2659 3069 2802 3130 τινάς
2829 3090 2841 3101 ·
2875 3072 3169 3141 γέγραπται
3216 3070 3317 3141 ’γάρ
3350 3086 3361 3097 ·
3421 3073 3591 3143 οὐχὶ
3630 3068 3770 3123 τοὺς
3805 3063 3908 3113 ἔσω

561 3157 729 3225 ptum
754 3159 841 3209 est
870 3170 883 3209 :
912 3154 1121 3209 Nonne
1145 3153 1217 3209 de
1235 3153 1329 3219 iis,
1367 3154 1470 3225 qui
1491 3152 1655 3208 intus
1681 3160 1842 3219 sunt,
1874 3169 1973 3210 vos
1994 3154 2177 3210 indice

2265 3158 2513 3238 ρὺμεῖς
2544 3160 2800 3229 κρίνετε
2840 3159 3033 3224 ςτούς
3072 3154 3140 3210 δὲ
3184 3156 3296 3219 ἔξω
3336 3158 3360 3208 6
3403 3161 3570 3218 Θεὸς
3622 3156 3846 3231 κρινεῖ.

565 3246 636 3297 tis
659 3243 853 3298 ?Nam
886 3258 999 3309 eos,
1030 3245 1135 3313 qui
1151 3242 1307 3311 foris
1334 3246 1492 3305 sunt,
1532 3241 1680 3299 Deus
1709 3243 1999 3299 iudicabit
2032 3244 2140 3314 (a).

636 3330 988 3385 3.Macarius
1013 3331 1204 3386 abbas
1221 3331 1551 3403 aliquando
1566 3347 1671 3403 per
1687 3331 2219 3404 quatuorintegros

2402 3337 2453 3389 3.
2498 3333 2743 3391 Ἐποίησέ
2792 3353 2917 3387 ποτε
2975 3336 3000 3386 ὁ
3054 3332 3216 3394 ἀϐϐᾶς
3266 3336 3548 3408 Μακάριος
3599 3332 3906 3407 τετράμηνονι

565 3433 799 3473 menses
873 3417 1139 3489 quotidie
1216 3419 1494 3475 visitabat
1572 3420 1813 3474 fratrem
1886 3420 2181 3491 quendam

2327 3420 2669 3494 παραϐάλλων
2717 3427 2816 3475 τινὶ
2868 3420 3070 3496 ἁδελφῷ
3109 3425 3423 3497 ἡμερούσιον
3470 3445 3483 3459 σ
3517 3430 3607 3477 καὶ
3650 3426 3752 3494 οὐχ
3789 3417 3907 3490 εὗρεν

560 3521 757 3578 neque
809 3521 1101 3579 unquam,
1158 3522 1232 3561 nc
1272 3507 1452 3562 semel
1488 3507 1754 3578 quidem,
1806 3508 2035 3563 invenit
2078 3524 2176 3562 eui

2328 3514 2482 3562 αὑτὸν
2532 3514 2869 3586 εὐκαιροῡντα
2899 3513 2970 3585 ⁴⁴)
3020 3511 3119 3565 ἀπὸ
3150 3522 3240 3574 τῆς
3284 3522 3602 3587 προσευχῆς
3640 3508 3761 3566 οὐδὲ
3788 3501 3906 3563 ἅπαξ

558 3600 868 3652 vacantem
927 3595 1005 3651 ab
1048 3596 1334 3651 oratione.
1384 3595 1726 3652 Admiratus
1778 3597 1955 3667 igitur
2019 3597 2167 3653 dixit

2025 3597 2167 3653 dixit
2197 3613 2210 3651 :
2324 3603 2413 3651 καὶ
2437 3601 2707 3672 θαυμάσας
2735 3601 2894 3673 am.
2923 3620 2935 3634 ο
2974 3598 3094 3655 ἰδοὺ
3125 3600 3344 3674 ἐπίγειος
3373 3604 3599 3677 ἄγγιλος
3629 3619 3641 3634 ·

560 3686 708 3740 Ecce
744 3684 1036 3740 terrestris
1058 3683 1340 3755 angelus!
3418 3710 3421 3713 -

1886 3801 2145 3858 VARIAE
2187 3803 2583 3861 LECTIONES.

630 3898 679 3935 “
707 3898 795 3954 ΑΙ.
831 3898 1134 3972 ἀμελοῦντα.

2120 3998 2371 4055 NOTAE.

566 4116 569 4119 ‘
631 4102 713 4175 (a)
745 4105 764 4157 Ι
792 4104 921 4159 Cor.
952 4120 1009 4168 v,
1048 4106 1131 4167 t2,
1164 4106 1248 4158 t3.

1443 4371 1700 4499 σο.
1779 4371 2156 4501 SAL.
2236 4373 3026 4495 SEMLERI

1085 4564 1730 4625 DISSERTATIONES
1774 4564 1979 4625 DUAE
2029 4567 2124 4626 DE
2170 4566 2510 4630 SCRIPTIS
2556 4570 2614 4629 S.
2664 4571 2987 4638 MACARII
3029 4571 3395 4633 AEGYPTII

1678 4835 2400 4927 DISSERTATIO
2464 4841 2817 4930 PRIOR

547 4977 851 5068 Specimen
877 4976 1173 5068 examinis
1202 4977 1396 5068 critici
1424 4977 1681 5068 Operam
1713 4995 1864 5068 quate
1890 4980 1977 5064 ita
1992 4982 2281 5065 feruntur
2301 4986 2575 5068 Macarii,
2595 4986 2709 5068 sub
2734 4987 3082 5068 lqetissimos
3098 4988 3397 5068 festosque
3420 4990 3546 5047 dies
3575 4980 3898 5068 Cbrigtoiab

618 5050 1197 5137 inferiamagniﬁce
1240 5050 1515 5137 redeunti
1563 5050 1782 5137 sacros,
1816 5052 1957 5137 boni
1996 5050 3392 5137 guiniscaussaecﬁditJ_._§'.:S‘:_.§‘gt._'1'tmr.'s.
3440 5063 3567 5118 LL,
3620 5061 3685 5116 S.
3718 5055 3897 5113 Halae

620 5120 1141 5193 Magdeburgicae,
1167 5125 1325 5192 typis
1348 5122 1598 5179 Joannis
1628 5122 1957 5180 Christiani
1984 5125 2261 5183 Hendelii
2285 5127 2469 5183 Acad.
2506 5128 2655 5198 Typ.
2688 5130 3016 5186 MDCCXL
3036 5133 3083 5188 V
3101 5133 3209 5204 (a).

620 5372 791 5452 [Pag.
810 5373 859 5445 3]
888 5374 1014 5429 Viro
1030 5388 1254 5430 summe
1269 5374 1610 5440 reverenda,
1634 5374 1999 5452 amplissimo
2013 5417 2026 5442 ,
2043 5376 2376 5452 doctissimo
2388 5378 2461 5433 D.
2479 5379 2727 5436 Gott/mi
2738 5386 2945 5452 uguste
2958 5383 3420 5450 Franckio,Fac.
3439 5382 3643 5441 Theol.
3658 5377 3891 5452 Hal.Sc-

541 5445 981 5515 niori,patrono
992 5461 1098 5502 suo
1110 5462 1474 5515 summopere
1487 5447 1843 5503 venerando.
1862 5446 2026 5520 [Pag.
2044 5449 2116 5519 4.]
2140 5447 2269 5504 Viro
2282 5464 2503 5505 summe
2515 5445 3589 5524 reverenda,amplissimo,doctissimo
3600 5448 3895 5520 D.Sigism-

1012 5578 1041 5619 .·
1122 5574 1125 5578 ‘
1198 5572 1243 5617 '.
1378 5618 1383 5625 λ
2080 5564 2331 5623 NOTAE.

622 5668 702 5745 (α)
725 5672 967 5728 Constat
992 5670 1231 5745 paginis
1257 5673 1327 5727 24
1351 5671 1501 5728 ἱιι-ἀ.
1525 5672 1603 5727 De
1628 5670 1885 5729 Macario
1916 5687 2105 5748 usque
2143 5672 2223 5730 ad
2244 5632 2387 5747 pag.
2414 5674 2477 5729 21
2504 5674 2718 5747 agitur,
2744 5676 2881 5733 dein
2907 5691 3053 5752 pag.
3089 5636 3254 5738 21-24
3277 5679 3353 5736 de
3380 5639 3731 5738 Tertulliani
3754 5673 3900 5746 Apo-
