4092 6252
182 257 294 312 265
1268 256 1360 310 DE
1400 255 1723 311 SCRIP’I‘IS
1763 255 1829 310 S.
1871 255 2176 311 MACARII
2216 255 2575 312 AEGYPTII.
3503 263 3609 318 266

194 383 416 438 Iacobo
434 383 854 451 Baumgarten.
872 379 1024 435 Sem.
1055 378 1255 436 Theol.
1275 380 1575 447 directori,
1591 385 1848 451 patrono
1869 397 1974 436 suo
1991 396 2357 451 summopere
2378 383 2737 440 venerando.
2771 385 2916 441 Leve
2937 385 3044 442 hoc
3066 391 3120 442 et
3144 385 3606 454 tenuescriptum

195 471 709 528 reverentiaesuae
733 471 1154 526 documentum
1187 473 1390 526 multis
1404 473 1739 542 faustisque
1759 471 1819 525 in
1842 472 2023 539 festos
2043 471 2145 526 hos
2172 472 2294 526 dies
2315 472 2609 528 ominibus
2633 480 2686 529 et
2718 477 3162 542 precationibus
3193 477 3362 545 offert
3379 482 3605 531 auctor.

272 562 432 631 [Pag.
474 561 522 631 5]
557 560 709 615 Bella
732 567 868 614 sunt
889 559 1096 625 verba,
1129 560 1237 614 viri
1264 577 1498 616 summe
1530 561 1857 623 reverendi,
1885 576 2042 631 quae
2069 560 2366 614 habentur
2392 561 2450 615 iu
2483 561 2736 616 Homilia
2767 563 2916 618 inter
2942 565 3172 620 Macarii
3215 564 3394 634 vulgo
3429 563 3610 618 credi-

197 655 286 707 tas
309 651 386 701 νι·
409 650 490 720 (α)
517 649 545 720 §
570 651 624 714 9,
650 649 938 704 omnibus
963 650 1114 703 veris
1140 649 1481 704 Christianis
1500 650 1852 706 Xanthicum
1880 664 2168 712 mensem,
2200 650 2317 704 sive
2359 649 2638 721 Aprilem,
2676 667 2796 706 non
2846 652 3063 707 iniuria
3094 653 3290 708 fausta
3330 667 3609 724 quaeque

186 739 468 810 polliceri.
500 741 619 794 Hoc
651 739 833 803 enim,
859 737 1378 809 quemadmodum
1412 744 1658 794 renovat
1684 737 1859 810 quasi
1885 737 2081 807 frigidi
2117 745 2170 791 et
2216 737 2439 792 inimici
2468 738 2608 793 olim
2661 740 2805 794 caeli
2841 745 3140 806 naturam,
3173 746 3229 796 et
3260 740 3605 796 calidiorem

179 829 296 884 iam
329 829 792 899 iucundamque
819 827 1036 892 reddit,
1072 828 1150 883 ita
1181 827 1358 883 beata
1401 827 1730 883 recordatio
1759 843 1990 894 eorum,
2022 842 2177 898 quae
2198 827 2310 880 sub
2333 826 2447 882 hoc
2470 827 2587 882 fere
2608 828 2764 883 idem
2795 834 3031 900 tempus
3054 830 3113 886 in
3134 845 3244 884 nos
3267 845 3478 885 omnes
3503 844 3612 900 per

181 916 515 974 Salvatoris
557 931 782 970 novam
826 914 1000 988 quasi
1033 915 1214 971 vitam
1243 916 1678 979 redundarunt,
1737 932 1860 970 non
1903 921 2098 987 potest
2137 931 2255 969 non
2298 915 2481 970 animi
2510 918 2852 988 Opprimere
2877 919 3192 982 tristitiam,
3228 924 3610 989 mentemque

169 1005 377 1061 divina
399 1005 674 1077 quadam
708 1004 1065 1076 perfundere
1097 1004 1340 1060 laetitia.
1377 1005 1539 1060 Unde
1572 1021 1678 1059 oro
1711 1011 1888 1075 atque
1915 1005 2189 1068 obsecro,
2225 1005 2327 1059 viri
2378 1021 2614 1060 summe
2652 1007 2977 1070 reverendi,
3028 1023 3135 1078 pro
3167 1007 3386 1062 eximia
3414 1011 3611 1061 vestra

169 1094 601 1150 benevolentia
627 1093 952 1148 clementer
983 1094 1477 1164 interpretamiui,
1506 1093 1671 1164 quod
1702 1093 1988 1147 sollemne
2019 1092 2129 1146 hoc
2167 1092 2501 1147 Christiano
2541 1093 2672 1148 orbi
2700 1099 2937 1166 tempus
2973 1095 3147 1150 vobis
3169 1111 3239 1150 ex
3267 1094 3450 1152 animi
3478 1109 3610 1148 sen-

177 1183 362 1238 tentia
386 1181 680 1252 gratulari
733 1183 1026 1251 sustineo,
1073 1183 1254 1254 inque
1284 1198 1418 1238 eam
1450 1197 1578 1237 rem
1617 1182 1744 1236 leve
1775 1181 1890 1236 hoc
1920 1181 2089 1235 vobis
2119 1180 2304 1237 offero
2337 1183 2644 1253 scriptum.
2681 1183 2849 1247 Quod
2880 1184 3125 1256 quidem
3171 1184 3301 1255 ipse
3351 1183 3496 1238 satis
3524 1182 3612 1236 in-

178 1271 382 1341 telligo
403 1273 486 1326 ita
517 1287 648 1326 esse
680 1276 1122 1341 comparatum,
1153 1271 1592 1326 venerabilibus
1625 1276 1688 1325 ut
1727 1270 2002 1342 personis
2028 1270 2243 1324 vestris
2279 1270 2531 1340 dignum
2586 1271 2772 1326 videri
2801 1272 2893 1326 vix
2927 1273 3133 1343 possit.
3169 1274 3363 1337 Quare
3398 1276 3453 1326 et
3483 1271 3609 1342 ipse

177 1377 299 1415 non
345 1359 729 1415 mediocriter
773 1360 1149 1425 dubitabam,
1188 1376 1263 1415 an
1311 1361 1563 1414 summis
1630 1358 1974 1413 nominibus
2021 1357 2230 1413 vestris
2279 1358 2600 1413 inscribere
2660 1359 2804 1414 illud
2866 1359 3184 1414 commode
3239 1359 3489 1431 possim.
3542 1359 3612 1412 At

171 1448 430 1504 videbar
462 1449 768 1503 mihisatis
794 1450 1154 1518 cognovisse
1179 1450 1236 1504 in
1272 1449 1461 1512 vobis,
1518 1449 1620 1502 viri
1655 1464 1888 1502 summe
1940 1447 2258 1503 reverendi.
2296 1446 2458 1518 [Pag.
2492 1447 2549 1519 6]
2595 1463 2729 1502 eam
2761 1449 3060 1511 virtutem,
3084 1464 3227 1520 qua,
3259 1453 3321 1502 ut
3359 1446 3608 1518 potestis

177 1538 472 1598 maxime,
505 1538 710 1591 omnia
737 1537 1378 1592 benevolentis-simam
1405 1553 1537 1592 eam
1575 1537 1842 1606 accipere
1874 1536 2074 1590 soletis
2109 1544 2336 1605 partem
2371 1551 2527 1606 quae
2551 1536 2859 1591 estlenior.
2891 1536 3264 1606 Quidniergo
3279 1535 3491 1592 eodem
3515 1551 3609 1589 me

177 1624 486 1680 beneﬁcio
518 1625 826 1680 fruiturum
857 1641 1114 1696 sperem,
1141 1627 1284 1680 dum
1325 1641 1594 1680 meorum
1624 1625 1916 1680 rationem
1941 1625 2111 1693 vobis
2146 1625 2479 1679 studiorum
2497 1625 2588 1678 his
2613 1625 2861 1681 reddere
2886 1626 3222 1681 volo?Tum
3250 1625 3476 1680 nemihi
3498 1624 3612 1695 ipsi

180 1713 440 1784 quidem
476 1713 749 1778 satisfeci,
785 1714 884 1769 sed
915 1714 1101 1770 multa
1127 1715 1327 1770 adhuc
1367 1714 1757 1786 reprehendo.
1794 1716 1909 1768 lloc
1940 1719 2159 1775 tamen,
2190 1713 2322 1767 licet
2355 1713 2501 1768 forte
2527 1713 2790 1778 unicum,
2826 1730 2944 1769 non
2976 1715 3224 1769 omnino
3257 1729 3456 1768 carere
3498 1728 3611 1767 sua

177 1818 557 1874 quacunque
583 1801 822 1858 utilitate
853 1804 995 1857 mihi
1033 1803 1360 1866 videbatur,
1394 1803 1556 1874 quod
1581 1803 1706 1873 jam
1743 1801 1985 1870 intelligi
2033 1806 2246 1872 potest,
2280 1813 2350 1856 ex
2392 1818 2452 1855 se
2482 1802 2611 1872 ipso
2640 1804 2980 1868 Macarium,
3007 1803 3056 1856 si
3080 1802 3392 1872 diligenter
3415 1800 3612 1856 volva-

175 1899 295 1958 tur,
334 1908 516 1965 posse
568 1893 623 1947 in
661 1893 858 1947 multis
896 1892 1134 1963 corrigi,
1197 1893 1360 1964 quod
1393 1893 1597 1947 omnia
1647 1891 1736 1945 bis
1770 1897 1871 1946 aut
1903 1897 1988 1945 ter
2020 1896 2357 1954 occurrunt,
2410 1895 2465 1944 et
2503 1890 2880 1946 librariorum
2916 1891 3054 1946 inde
3080 1907 3310 1946 errores
3351 1889 3610 1957 abstergi

175 1985 408 2054 optime
436 1986 710 2051 possunt.
754 1981 921 2048 Quod
954 1982 1086 2036 licet
1119 1998 1368 2052 parvum
1403 1981 1667 2035 utilitatis
1699 1985 2070 2035 momentum
2120 1979 2168 2032 si
2220 1979 2392 2033 vobis
2429 1994 2549 2034 non
2591 1981 2826 2050 penitus
2883 1980 3209 2051 improbari
3243 1979 3606 2043 intellexero,

174 2071 283 2126 viri
319 2086 564 2125 summe
603 2072 927 2138 reverendi,
963 2071 1213 2125 videbor
1247 2071 1390 2125 mihi
1425 2085 1545 2124 non
1579 2069 1860 2124 inutiliter
1892 2070 2044 2124 hanc
2087 2084 2337 2140 parvam
2368 2084 2616 2139 operam
2657 2070 3087 2123 consumsisse.
3115 2068 3313 2124 Valete
3346 2073 3403 2122 et
3427 2069 3611 2122 bene-

174 2159 441 2214 volentia
472 2166 688 2224 vestra,
713 2160 831 2214 nisi
864 2159 1148 2230 indignus
1180 2159 1446 2226 videbor,
1482 2173 1658 2230 porro
1689 2173 1784 2213 me
1812 2157 2260 2229 amplectimini.
2307 2157 2536 2212 Dabam
2569 2156 2748 2212 Halae
2780 2158 2896 2212 sub
2920 2158 3079 2228 ipsos
3107 2157 3294 2212 festos
3334 2156 3490 2212 dies.

817 2458 979 2528 [9:13.
1023 2458 1130 2528 ης
1162 2459 1205 2512 ι.

817 2458 979 2528 [Pag.
1023 2460 1052 2510 7
1162 2459 1205 2512 ι.

255 2569 411 2633 Quae
441 2566 712 2622 Macarii
741 2457 1240 2620 circumferiiitur
1273 2565 1590 2636 Opuscula,
1627 2571 1688 2620 ut
1717 2565 1845 2620 dili-

183 2657 338 2725 genti
384 2655 645 2710 lectione
691 2669 810 2708 non
846 2653 1096 2708 omnino
1144 2654 1390 2722 indigna
1430 2659 1587 2719 sunt,
1618 2656 1698 2709 ita
1744 2670 1848 2708 nec

177 2745 324 2800 forte
355 2745 476 2800 hoc
493 2744 793 2806 examine,
827 2742 1186 2798 Macariian
1223 2744 1589 2813 nomenjure
1622 2760 1764 2814 prae
1790 2759 1850 2797 se

1881 2459 1926 2511 A
1958 2457 2235 2513 codicum
2266 2459 2413 2513 MSS.
2444 2465 2549 2522 est,
2584 2459 2835 2513 alterum
2867 2473 2937 2514 ex
2966 2459 3110 2529 ipsis
3155 2463 3420 2514 veterum
3464 2458 3609 2513 scri-

1959 2547 2074 2618 ptis
2107 2548 2352 2617 petitum
2385 2552 2441 2602 et
2472 2547 2846 2603 testimoniis.
2882 2547 3052 2612 Quod
3085 2548 3132 2602 si
3165 2563 3305 2618 ergo
3338 2552 3619 2602 neutrum

1963 2635 2170 2690 stabile
2222 2643 2278 2691 et
2324 2635 2562 2691 ﬁrmum
2609 2635 2697 2699 sit,
2732 2652 2850 2691 non
2903 2641 3121 2692 temere
3172 2635 3447 2694 dubitare
3504 2650 3616 2705 ego

1963 2725 2224 2780 videbor.
2260 2730 2448 2797 Atque
2478 2725 2536 2780 id
2570 2725 2772 2796 ipsum
2807 2741 2918 2794 ego
2950 2741 3172 2780 assero.

178 2833 374 2890 ferant
407 2839 466 2887 et
505 2847 715 2886 revera
747 2833 824 2886 ab
865 2847 936 2886 eo
969 2831 1106 2886 sint.
1136 2836 1327 2902 Atque
1359 2832 1454 2886 hic
1484 2848 1604 2886 non
1638 2832 1848 2886 dubito

178 2922 306 2978 fore
338 2921 664 2993 plerosque
679 2921 780 2991 qui
815 2920 1288 2991 mirentur,quid
1323 2920 1396 2974 sit
1418 2921 1580 2991 quod
1607 2936 1717 2989 ego
1745 2936 1848 2990 po-

186 3010 490 3064 tissimum
532 3008 801 3062 dubitem
841 3008 915 3062 de
944 3024 1026 3072 re,
1056 3008 1130 3062 de
1170 3025 1290 3078 qua
1321 3009 1551 3062 nemini
1588 3025 1855 3080 unquam

200 3096 324 3152 fere
345 3097 404 3151 in
451 3103 707 3151 mentem
742 3096 918 3152 venit.
955 3098 1105 3162 Quin
1139 3101 1193 3151 et
1231 3097 1357 3168 ipse
1384 3097 1753 3168 aliquantum
1796 3099 1859 3153 ti—

206 3186 448 3240 midum
484 3201 577 3239 me
602 3201 729 3239 esse
760 3201 880 3240 non
907 3200 1080 3254 nego.
1122 3187 1428 3256 Utcunque
1467 3202 1602 3240 vero
1647 3202 1738 3240 res
1764 3202 1858 3241 ce-

207 3274 895 3341 ciderit,juvabittamen
914 3275 1119 3344 errori,
1150 3289 1328 3345 quem
1355 3291 1484 3328 esse
1521 3275 1861 3346 suspicatus

217 3377 382 3424 sum,
418 3377 512 3415 me
538 3363 734 3430 ipsum
773 3377 880 3432 pro
910 3363 1060 3418 virili
1087 3368 1254 3434 parte
1281 3363 1604 3418 obstitisse.

977 3469 1003 3540 §
1033 3469 1095 3523 ιι.

289 3572 466 3638 Quod
491 3577 663 3628 antea
687 3573 809 3644 jam
841 3575 1023 3644 tetigi,
1058 3591 1234 3647 posse
1267 3575 1412 3631 mihi
1440 3575 1586 3631 forte
1613 3576 1866 3632 aliorum

205 3663 454 3720 obstare
474 3664 906 3729 auctoritatem,
939 3665 1042 3736 qui
1069 3665 1211 3719 nihil
1237 3665 1347 3719 tale
1390 3667 1672 3735 suspicati
1707 3671 1865 3730 sunt,

202 3752 262 3807 id
293 3751 498 3807 adhuc
567 3753 860 3808 contendo
913 3753 1050 3807 vitio
1094 3753 1235 3807 mihi
1294 3755 1436 3808 verti
1470 3754 1633 3809 nullo
1686 3755 1868 3809 modo

201 3840 376 3914 [Pag.
413 3840 468 3914 8]
501 3857 695 3912 posse.
733 3844 816 3896 lta
863 3841 1022 3896 enim
1063 3841 1122 3895 in
1165 3843 1254 3896 his
1306 3842 1519 3898 studiis
1562 3843 1704 3897 mihi
1742 3844 1868 3914 jam

203 3931 307 3984 diu
337 3929 666 3985 multorum
691 3929 1460 3986 auctoritatibussuasiesse
1479 3932 1867 3995 versandum,

203 4023 267 4075 ut
302 4024 527 4074 temere
565 4017 731 4083 nihil,
761 4033 868 4072 nec
899 4019 1025 4074 sine
1077 4019 1409 4074 rationibus
1459 4020 1626 4074 facile
1675 4021 1873 4075 crede-

203 4123 355 4164 rem.
392 4110 594 4178 Neque
626 4107 740 4161 hoc
782 4122 980 4161 meum
1016 4123 1265 4162 examen
1302 4107 1420 4164 ulla
1453 4110 1508 4162 in
1543 4125 1603 4163 re
1646 4109 1873 4164 nomini

206 4212 578 4266 magnorum
600 4196 866 4251 virorum
898 4211 1140 4267 erogare
1154 4196 1424 4269 daliquid
1446 4203 1659 4268 potest.
1684 4199 1871 4253 Mirari

205 4286 370 4342 enim
398 4300 582 4340 nemo
615 4285 722 4339 erit
746 4285 848 4357 qui
887 4291 1057 4349 vetet,
1079 4302 1184 4340 cur
1202 4285 1356 4340 hanc
1376 4302 1553 4341 nemo
1576 4289 1873 4358 quaestio-

205 4391 346 4430 nem
385 4373 661 4429 moverit.
693 4374 811 4429 Nisi
851 4374 989 4445 quis
1023 4390 1092 4428 eo
1126 4374 1269 4429 forte
1299 4373 1508 4429 referat
1546 4376 1868 4440 Possinum,

207 4464 386 4533 quiin
419 4463 722 4518 Thesauro
750 4477 860 4516 suo
874 4464 1128 4518 ascetico
1155 4463 1230 4517 de
1264 4465 1432 4518 tertio
1458 4463 1873 4520 Macarioideo

209 4551 640 4622 cogitat,quod
659 4551 876 4606 horum
908 4551 1170 4606 duorum
1199 4553 1388 4607 neutri
1421 4558 1683 4607 veterum
1719 4553 1875 4608 testi-

210 4641 490 4695 monium
524 4644 716 4694 exstet
771 4641 959 4704 Quam
1001 4640 1252 4711 quidam
1291 4641 1454 4695 litem
1504 4641 1680 4696 simul
1739 4658 1876 4696 cou-

211 4730 430 4794 fecero,
467 4730 514 4782 si
539 4728 696 4783 hanc
726 4734 988 4799 potuero,
1026 4745 1212 4800 quam
1255 4729 1383 4800 ipse
1410 4729 1652 4800 incipio.

967 4834 994 4906 ξ
1024 4835 1110 4890 ιιι.

287 4945 484 5013 Atque
512 4939 829 4995 videamus
853 4941 1002 5011 jam,
1031 4941 1254 5013 quibus
1286 4943 1655 5011 argumentis
1697 4943 1874 4999 fidem

2036 2814 2296 2868 Primum
2326 2815 2485 2868 enim
2526 2813 2689 2886 quod
2723 2814 2933 2869 attinet
2952 2814 3027 2869 ad
3055 2816 3230 2882 MSS.,
3263 2813 3340 2869 ad
3374 2829 3531 2886 quae
3557 2813 3620 2869 in

1965 2902 2056 2957 his
2086 2903 2262 2956 rebus
2290 2918 2615 2972 provocare
2637 2904 3060 2973 noniexiguum
3074 2908 3162 2957 est
3185 2903 3620 2982 testimonium;

1970 2990 2157 3045 multa
2186 2996 2357 3045 erunt
2386 2991 2950 3060 circumspicienda.
2987 2992 3178 3055 Quam
3210 2991 3442 3062 antiqui
3474 2991 3620 3046 tales

1969 3080 2204 3134 codices
2230 3079 2364 3142 sint,
2385 3079 2484 3149 qui
2512 3079 2846 3135 Macarium
2873 3084 3179 3134 auctorem
3205 3079 3485 3150 produnt,
3510 3084 3624 3135 sta-

1973 3175 2132 3222 tuere
2173 3167 2269 3222 vix
2297 3183 2568 3238 possum,
2600 3169 2742 3239 quia
2767 3184 2974 3222 eorum
3006 3168 3064 3221 in
3099 3168 3188 3222 his
3230 3168 3415 3232 terris,
3451 3172 3515 3222 ut
3539 3166 3623 3235 ﬁt,

1972 3257 2137 3312 nulla
2169 3264 2269 3310 aut
2298 3256 2516 3324 exigua
2543 3261 2633 3311 est
2661 3257 2884 3312 notitia.
2918 3260 2987 3310 At
3016 3258 3368 3312 contendere
3399 3255 3493 3312 vix
3523 3272 3628 3311 ve-

1973 3362 2125 3410 reor,
2154 3361 2273 3399 non
2308 3345 2459 3399 ultra
2493 3345 2799 3400 saeculum
2846 3361 2924 3400 xu
2970 3350 3072 3399 aut
3104 3361 3200 3400 xui
3255 3361 3386 3400 esse
3427 3361 3624 3416 posse,

1974 3434 2135 3506 quia,
2169 3439 2230 3488 ut
2258 3433 2647 3488 ostendemus
2686 3439 2916 3504 postea,
2950 3445 3128 3489 nemo
3179 3433 3301 3488 fere
3331 3437 3466 3489 ante
3520 3433 3631 3489 ista

1977 3530 2248 3594 tempora
2265 3523 2512 3578 istorum
2533 3539 2782 3594 operum
2799 3523 3056 3578 Macarii
3081 3522 3193 3577 sub
3210 3521 3451 3578 nomine
3469 3536 3631 3577 men-

1979 3615 2200 3668 tionem
2230 3611 2385 3667 facit.
2419 3612 2537 3666 Hoc
2569 3627 2708 3681 ergo
2742 3627 2884 3666 sane
2918 3627 3037 3666 non
3088 3611 3340 3666 multum
3400 3611 3632 3666 roboris

1981 3701 2222 3756 habebit
2268 3706 2710 3769 argumentum.
2745 3699 2908 3772 [Pag.
2943 3699 2998 3771 9]
3051 3700 3307 3765 Accedit,
3339 3700 3454 3755 sint
3503 3699 3633 3754 licet

1909 3801 1946 3853 Β
1980 3792 2109 3846 MSS
2154 3788 2341 3856 multi,
2377 3793 2629 3858 possunt
2655 3792 2732 3844 ab
2768 3805 2886 3844 uno
2927 3805 3137 3843 omnes
3187 3789 3432 3860 profecti
3478 3803 3630 3853 esse,

1981 3887 2157 3948 atque
2181 3893 2320 3945 ergo
2344 3879 2708 3932 auctoritatis
2739 3877 2937 3932 adhuc
2971 3877 3236 3932 minoris.
3262 3880 3430 3942 Tum,
3468 3877 3516 3931 si
3541 3876 3632 3932 vel

1985 3966 2240 4020 maxime
2270 3966 2616 4020 auctoritate
2657 3967 2806 4022 MSS.
2851 3971 3166 4027 constaret,
3199 3967 3268 4020 iis
3309 3970 3510 4020 tamen
3562 3980 3633 4019 ex

1982 4071 2052 4110 eo
2069 4059 2289 4110 tantum
2303 4054 2496 4125 capite
2513 4053 2739 4124 aliquid
2755 4054 3016 4109 dandum
3031 4059 3202 4120 esset,
3218 4053 3381 4125 quod
3397 4054 3636 4107 rationi-

1985 4144 2098 4198 bus
2113 4142 2408 4198 contraria
2426 4158 2545 4197 non
2564 4143 2923 4197 dicuntJaIn
2940 4158 3080 4197 vero
3099 4142 3221 4196 fieri
3238 4141 3335 4196 vix
3350 4145 3636 4212 potest,ut

1985 4237 2190 4290 auctor
2215 4231 2530 4295 ascetieus,
2550 4231 2744 4302 qualis
2763 4231 3192 4295 estMacarius,
3223 4236 3344 4285 tam
3378 4230 3479 4284 diu
3511 4245 3635 4284 mo-

1985 4322 2192 4376 nachis
2225 4322 2531 4389 ignoratus
2563 4321 2634 4375 sit
2659 4321 3066 4391 perxetplura
3083 4319 3421 4384 saecula,ut
3459 4333 3636 4373 nemo

1984 4412 2112 4480 ejus
2139 4409 2490 4465 meminerit.
2525 4409 2711 4476 Adde,
2740 4409 2904 4480 quod
2941 4408 3105 4463 multi
3140 4408 3277 4463 talia
3323 4413 3638 4479 praecepta

1986 4499 2348 4570 scripserint,
2385 4503 2445 4553 ut
2475 4498 2588 4553 hoc
2617 4497 2880 4552 studium
2919 4497 3207 4555 ἀσκητικὸν
3251 4497 3368 4551 fere
3401 4512 3639 4567 semper

1987 4588 2354 4658 viguerit.lta
2383 4587 2496 4642 hoc
2526 4587 2889 4657 eudemjure
2924 4587 3175 4650 Caveas,
3206 4586 3347 4640 Hist.
3386 4585 3486 4639 Lit.
3513 4587 3568 4638 P.
3602 4604 3638 4650 l,

1987 4677 2245 4734 Macarii
2275 4682 2450 4745 negat
2478 4691 2608 4731 esse
2637 4675 2990 4747 opusculum
3026 4675 3275 4747 aliquod
3316 4674 3388 4728 de
3427 4673 3639 4728 exodio

1988 4765 2555 4836 animaejustorum
2606 4773 2661 4819 et
2715 4765 3064 4836 impiorum,
3097 4764 3284 4837 quod,
3346 4763 3478 4819 licet
3529 4763 3637 4818 MS.

1989 4852 2282 4924 praeferat
2305 4853 2558 4909 Macarii
2588 4869 2833 4917 nomen,
2867 4858 3066 4908 tamen
3090 4853 3242 4908 ratio
3273 4851 3640 4908 tractationis

1994 4944 2224 4998 absona
2246 4947 2298 4997 et
2325 4957 2446 4997 non
2479 4944 2842 4997 conveniens
2873 4943 2966 4996 sit.
3012 4945 3076 4996 Et
3099 4941 3384 5013 profecto,
3421 4942 3467 4996 si
3511 4941 3644 4996 licet

216 5029 429 5086 haberi
480 5027 657 5083 velint
705 5036 804 5083 aut
835 5029 983 5084 velle
1018 5031 1265 5100 possint,
1293 5031 1395 5102 qui
1429 5033 1716 5096 Macario,
1749 5033 1875 5103 qui-
1915 5072 1955 5127 Ο
1989 5030 3063 5101 conjecturisindulgere,nondubito,
3086 5029 3643 5085 nostraomniaMa-

219 5133 465 5190 cunque
499 5118 546 5171 is
573 5117 671 5185 sit,
701 5117 814 5173 ista
863 5118 1235 5174 adscribunt.
1269 5120 1437 5175 Nulla
1464 5125 1616 5176 certe
1657 5121 1877 5177 habere

223 5207 340 5262 alia
371 5211 654 5278 possunt,
677 5221 864 5278 quam
896 5208 1142 5263 omnino
1169 5209 1312 5263 duo.
1335 5210 1598 5274 Quorum
1621 5209 1872 5265 alterum

1987 5120 2238 5177 cariana
2255 5119 2556 5191 Opuscula
2574 5125 2842 5192 tempore
2857 5120 3066 5175 eodem
3097 5136 3230 5174 cum
3247 5120 3360 5174 hoc
3374 5119 3485 5173 isto
3505 5121 3644 5171 nata

1984 5214 2040 5265 et
2071 5210 2489 5265 consarcinata
2545 5208 2749 5265 fuisse.

1830 5378 2080 5433 NOTAE.

233 5547 487 5634 legetico
514 5549 840 5634 disputatio
865 5550 1108 5634 additur
1131 5550 1460 5634 brevishoc
1483 5551 1675 5634 indice
1711 5568 1722 5606 :
1752 5551 1880 5634 15x-

237 5620 431 5689 ptendi
444 5620 626 5692 spatii
635 5622 1034 5694 caussa,quod
1046 5621 1681 5694 mefe/ettit,paucutas
1694 5624 1881 5681 anim-

1988 5552 2330 5626 adversiones
2360 5555 2418 5608 in
2457 5554 2789 5612 Tertulliani
2828 5551 3225 5626 Apologeticum
3270 5549 3458 5626 prodo.
3491 5550 3644 5604 EDlT.

2066 5625 2144 5695 (α)
2170 5626 2353 5691 Corr.,
2389 5626 2683 5683 Semlerus
2713 5620 3144 5696 falsa-scripsit
3172 5627 3316 5680 xm.
3350 5620 3428 5673 In.
