4092 6252
501 275 603 334 267

571 489 768 548 MSS“!
788 503 951 557 ergo,
985 491 1046 542 ut
1099 486 1377 551 vidimus,
1412 487 1524 542 nisi
1559 487 1800 543 aliunde
1832 487 2152 544 auctoritas

501 581 749 644 accedit,
772 577 937 634 nulla
958 581 1063 631 est.
1091 575 1541 646 Videamusjam
1557 582 1984 644 argumentum
2017 577 2155 631 alte-

499 683 659 735 rum,
691 674 889 723 utrum
920 665 1032 721 tele
1063 664 1288 737 aliquid
1310 672 1492 721 exstet
1519 665 1577 720 in
1597 671 1864 722 veterum
1896 665 2152 736 scriptis.

504 756 870 830 Ubiquidem
901 754 1156 823 cogitate
1170 753 1426 810 scribere
1474 771 1568 810 me
1586 755 1765 810 credo
1787 759 1844 808 et
1864 754 2152 825 judicare,

1843 270 1943 329 J0.
1985 271 2144 328 SAL.
2193 267 2577 325 SEMLEHUS

3795 274 3894 330 268

2188 395 2235 450 Α
2266 393 2431 466 apud
2487 394 2861 451 Gennadium
2917 398 3124 469 quaeri
3169 398 3400 471 pessint
3423 398 3453 452 ?
3482 398 3636 454 Haec
3668 399 3893 453 Ceveus.

2269 485 2721 549 Quaeetcontra
2752 501 2846 541 me
2866 487 3002 552 sint,
3032 487 3144 542 nisi
3169 493 3519 543 everterem.
3550 487 3719 552 Quod
3747 487 3898 542 facile

2271 588 2539 644 possum.
2568 575 2738 629 Miror
2758 575 2939 639 enim,
2975 592 3163 632 Virum
3182 577 3238 632 in
3269 577 3384 632 hoc
3416 591 3633 646 genere
3651 576 3902 631 doctissi-

2271 678 2436 716 mum
2467 662 2580 717 ista
2609 663 2934 734 scripsisse.
2972 667 3136 721 Putat
3168 665 3242 720 de
3281 665 3425 721 solis
3452 664 3716 737 epistolis
3751 663 3902 736 loqui

2267 751 2661 807 Gennadium.
2684 756 2751 805 At
2776 752 2835 808 id
2865 768 2986 809 non
3005 754 3285 810 credibile
3313 760 3424 820 est,
3449 755 3596 826 quia
3625 752 3904 808 confectu-

503 845 725 902 nemini
751 849 1014 901 veterum
1044 847 1254 899 notum
1281 842 1481 910 fuisse,
1522 844 1688 915 quod
1716 844 2020 902 Macarius
2043 843 2157 899 ista
2265 855 2367 895 rus
2388 845 2512 896 erat
2541 841 2796 896 indicem
2812 843 3112 912 potiorum
3129 849 3447 900 auctorum
3465 843 3902 914 etscriptorum.

502 933 821 991 reliquerit.

577 950 604 990 ιι
657 950 821 990 uerit.

577 950 660 1078 lt:
678 1036 910 1086 omnes,
942 1021 1046 1092 qui
1085 1020 1160 1076 de
1189 1020 1578 1092 scriptoribus
1614 1021 2023 1076 ecclesiasticis
2047 1025 2158 1076 tra-

502 1109 800 1177 diderunt,
833 1114 994 1166 certo
1021 1124 1093 1165 ex
1125 1109 1372 1164 consilio
1398 1109 1473 1164 de
1505 1110 1771 1166 Macario
1811 1116 1865 1165 et
1889 1109 1984 1165 his
2028 1111 2158 1179 ejus

505 1198 824 1273 Opusculis
869 1201 1086 1254 tacent.
1145 1201 1334 1269 Atque
1381 1198 1491 1254 hos
1543 1214 1655 1269 ego
1707 1204 1998 1265 auctores,
2037 1215 2159 1270 quo

505 1289 800 1360 cujusque
839 1287 1000 1360 [Pag.
1038 1287 1121 1356 l0]
1167 1288 1358 1356 major
1383 1303 1507 1343 esse
1547 1289 1867 1343 auctoritas
1905 1289 2157 1355 videtur,

505 1376 775 1446 singulos
807 1376 1013 1431 ordine
1061 1374 1386 1430 collocabo.
1415 1379 1644 1445 Agmen
1683 1376 1959 1432 omnium
2000 1378 2162 1433 ducit

509 1466 933 1535 Hieronymus.
967 1463 1267 1535 Hic,quod
1293 1466 1662 1520 notuminter
1687 1480 1898 1520 omnes
1915 1471 2022 1532 est,
2039 1481 2161 1522 non

511 1553 740 1623 vulgari
773 1552 1084 1622 diligentia
1113 1553 1173 1608 in
1200 1553 1311 1608 ista
1350 1558 1704 1623 argumento
1743 1559 2013 1610 versatus
2053 1562 2158 1616 est.

511 1647 899 1713 veterumque
915 1640 1276 1712 reipublicae
1293 1643 1652 1698 Christianae
1669 1643 1996 1713 insignium
2016 1643 2164 1699 viro-

2268 928 2553 985 Mecarius
2584 928 2697 984 isto
2727 933 2994 1001 tempore
3033 930 3385 987 notissimus
3421 949 3434 998 ;
3463 930 3598 987 ideo
3633 928 3789 994 dicit,
3815 929 3907 986 ille

2269 1018 2619 1090 Aegyptius.
2654 1020 2717 1073 Et
2742 1034 2879 1074 cum
2920 1019 3048 1090 ejus
3080 1020 3450 1077 mentionem
3484 1019 3685 1082 faciat,
3717 1019 3906 1090 utique

2268 1122 2389 1162 non
2421 1106 2712 1162 minorem
2728 1113 2961 1177 partem
2973 1108 3051 1164 ab
3064 1124 3134 1164 eo
3147 1110 3511 1179 scriptorum
3535 1108 3906 1170 nominasset,

2271 1197 2376 1251 sed
2408 1197 2699 1266 majorem
2731 1204 2784 1253 et
2824 1197 3137 1270 potiorem.
3168 1199 3233 1252 Et
3259 1197 3307 1252 si
3335 1197 3593 1252 fuissent
3622 1201 3823 1252 nostra
3846 1209 3907 1250 eo

2272 1288 2558 1356 tempore,
2606 1287 2853 1342 fuissent
2897 1287 3224 1352 tritissima,
3266 1287 3415 1358 quia
3460 1285 3747 1344 ἀσκητιχά.
3779 1285 3908 1339 Cum

2270 1371 2438 1445 [Pag.
2471 1374 2560 1446 l2]
2597 1391 2736 1446 ergo
2795 1381 2984 1432 taceat
3032 1376 3396 1445 Gennadius,
3454 1376 3618 1431 idem
3663 1378 3749 1430 est
3781 1388 3843 1428 ac
3869 1371 3909 1425 si

2271 1463 2448 1528 dicat,
2487 1464 2806 1520 Macarium
2820 1466 2967 1520 haec
2983 1480 3102 1520 non
3121 1465 3450 1536 scripsisse.
3477 1464 3700 1520 Deinde
3729 1466 3911 1534 aperte

2274 1553 2613 1609 Gennadius
2645 1554 2799 1617 dicit,
2835 1555 3070 1626 scripsit
3102 1570 3282 1610 unam
3303 1559 3544 1611 tantum
3594 1551 3909 1624 epistolam,

2273 1648 2308 1704 ί.
2338 1659 2388 1697 e.
2423 1642 2566 1698 nihil
2607 1643 2769 1698 aliud
2798 1643 2967 1699 ultra.
3011 1647 3124 1699 Nec
3154 1643 3374 1714 fugisse
3407 1643 3624 1699 eadem
3649 1641 3723 1696 de
3748 1654 3914 1696 causa

511 1745 644 1787 rum
679 1731 850 1794 vitas,
883 1735 938 1784 et
969 1731 1314 1802 praesertim
1333 1731 1553 1801 scripta
1577 1747 1786 1788 eorum
1813 1732 2066 1805 reliquit.
2097 1735 2165 1789 At
2197 1745 2243 1802 Β
2274 1723 2384 1786 ista
2424 1737 2676 1802 possunt
2711 1732 2838 1802 ejus
2877 1732 3078 1787 oculos
3117 1739 3220 1788 aut
3258 1732 3662 1803 diligentiam,
3702 1729 3834 1801 quia
3869 1731 3916 1781 et

515 1818 677 1876 idem
688 1818 782 1874 hic
797 1819 1190 1890 Hieronymus
1211 1820 1417 1884 nescit,
1432 1821 1768 1878 Macarium
1783 1821 2009 1894 aliquid
2027 1838 2167 1879 con-

513 1909 835 1980 scripsisse,
869 1913 924 1964 et
965 1907 1100 1964 ideo
1130 1923 1203 1964 ex
1228 1908 1338 1964 isto
1379 1908 1516 1965 albo
1556 1911 1788 1966 omittit.
1821 1913 2013 1983 Atque
2053 1912 2166 1968 hoc

517 2001 941 2068 argumentum
981 2013 1054 2053 eo
1084 2002 1170 2053 est
1187 1998 1628 2071 gravius,quod
1646 2000 1985 2072 Hieronymi
2003 2007 2169 2057 aetas

517 2101 640 2143 non
671 2085 865 2141 solum
896 2087 1127 2142 Macarii
1175 2091 1448 2158 tempore
1502 2103 1622 2143 non
1667 2089 1857 2144 multo
1907 2096 2041 2161 post
2084 2095 2173 2146 est

520 2180 860 2239 consecuta,
889 2174 994 2229 sed
1022 2180 1078 2230 et
1108 2175 1232 2246 ipse
1262 2175 1672 2231 habitaculum
1714 2177 1947 2233 Macarii
1982 2178 2172 2234 oculis

522 2264 646 2319 suis
677 2263 838 2327 vidit,
867 2267 931 2317 ut
971 2267 1219 2318 testatur
1266 2264 1339 2319 de
1391 2280 1455 2320 se
1500 2264 1629 2336 ipse
1679 2265 1833 2321 inter
1885 2268 2174 2339 opuscula

523 2353 599 2408 de
629 2352 765 2406 Vitis
796 2355 1056 2422 patrum.
1101 2352 1304 2407 Mortui
1331 2353 1458 2422 jam
1500 2359 1669 2410 erant
1697 2357 1950 2421 Macarii,
1985 2361 2041 2413 et
2071 2357 2174 2428 qui

525 2440 595 2496 iis
615 2439 1085 2511 supervixerant,
1128 2439 1313 2496 multa
1365 2442 1793 2513 Hieronymum
1843 2444 1916 2499 de
1967 2461 2175 2501 eorum

524 2529 645 2585 vita
684 2533 741 2584 et
765 2528 942 2583 rebus
973 2528 1156 2597 gestis
1199 2529 1551 2596 docuerunt,
1582 2536 1641 2587 at
1687 2533 1761 2587 de
1811 2533 2044 2605 scriptis
2097 2539 2179 2589 te-

531 2621 694 2674 cent.
718 2615 888 2683 Quod
915 2617 961 2671 si
992 2631 1134 2687 ergo
1159 2617 1240 2686 hi,
1268 2620 1371 2691 qui
1397 2620 1616 2686 omnia,
1647 2636 1804 2693 quae
1829 2623 1905 2678 ad
1937 2623 2179 2680 laudem

533 2704 941 2762 Macariorum
994 2706 1285 2776 pertinere
1348 2707 1719 2776 videbantur,
1782 2711 2180 2779 contulerunt,

535 2793 704 2850 nulla
721 2793 853 2863 ejus
886 2794 1109 2865 scripta
1138 2795 1351 2860 sciunt,
1371 2797 1518 2852 scire
1550 2798 1948 2855 multominus
1977 2801 2015 2856 ii
2049 2817 2181 2872 pos-

542 2882 1086 2954 sunt,quimultum
1118 2888 1325 2954 postea
1348 2884 1637 2942 vixerunt.
1675 2889 1858 2945 Sedet
1895 2896 2054 2946 certo
2087 2906 2186 2946 ne-

535 2972 748 3036 sciunt,
771 2973 913 3045 quia
937 2971 1140 3028 itidem
1168 2978 1375 3030 tacent.
1407 2975 1837 3047 Hieronymum
1870 2980 2027 3034 enim
2059 2981 2188 3051 jam

2280 1821 2476 1890 majus
2501 1836 2675 1892 opus,
2699 1821 3534 1893 quamepistola,conticiunt,
3561 1824 3770 1875 etnota
3790 1816 3914 1872 fuis-

2278 1914 2407 1964 sent
2435 1909 2709 1966 omnium
2733 1911 3014 1965 maxime.
3032 1910 3181 1976 Quin
3200 1911 3418 1966 ethaec
3448 1906 3722 1982 epistola,
3750 1919 3916 1978 quam

2279 1999 2547 2055 Macario
2576 1999 2678 2053 dat
2708 1999 3068 2065 Gennadius,
3103 2000 3199 2055 vix
3219 1999 3362 2054 mihi
3383 2015 3596 2055 revera
3622 1996 3699 2053 ab
3715 2011 3783 2052 eo
3807 2007 3916 2049 esse

2282 2088 2533 2155 videtur,
2566 2089 2728 2160 quod
2762 2089 3153 2160 Hieronymus
3193 2104 3312 2144 non
3343 2088 3718 2144 mentionem
3748 2084 3871 2139 facit
3899 2097 3914 2145 ;

2282 2178 2406 2249 qui,
2439 2177 2487 2231 si
2532 2177 2871 2241 exstitisset,
2905 2193 3039 2232 eam
3083 2178 3140 2232 in
3195 2177 3438 2233 deserto
3486 2177 3601 2231 isto
3635 2170 3918 2230 domicilio

2287 2265 2973 2337 monecliorum,quibus
2989 2265 3566 2336 praefuitMacarius,
3596 2265 3722 2319 sine
3753 2259 3916 2316 dubio

2286 2356 2546 2410 vidisset.
2581 2355 2696 2410 His.
2751 2355 2910 2410 addo
2956 2355 3152 2409 adhuc
3203 2356 3510 2423 Ruﬁnum,
3544 2353 3648 2426 qui
3692 2350 3835 2407 libro
3869 2363 3916 2402 xi

2289 2460 2419 2515 cap.
2445 2445 2476 2497 4
2500 2444 2683 2515 (a)et8
2710 2443 2783 2498 de
2805 2444 3069 2499 Macariis
3101 2445 3242 2515 egit,
3277 2449 3336 2499 at
3364 2444 3442 2500 de
3475 2441 3709 2514 scriptis
3739 2440 3876 2494 tacet
3904 2456 3913 2495 ;

2289 2534 2615 2590 Honorium
2631 2533 2674 2586 Α
2687 2533 3244 2602 ugustodunensem,
3260 2533 3364 2604 qui
3383 2533 3672 2604 pleraque
3697 2527 3920 2601 quidem

2293 2640 2364 2678 ex
2401 2622 2712 2677 Gennadio
2752 2628 2807 2676 et
2847 2621 2977 2676 aliis
3008 2621 3279 2694 sublegit,
3305 2627 3365 2677 at
3405 2622 3554 2693 quia
3583 2625 3750 2682 tacet,
3790 2611 3918 2670 nihil

2294 2714 2447 2768 ultra
2459 2711 2812 2780 cognovisse
2826 2711 3150 2767 credendus
3166 2716 3270 2766 est.
3282 2711 3388 2767 Sed
3403 2710 3571 2766 omisi
3591 2705 3922 2765 Palladium,

2296 2801 2596 2873 quiprime
2611 2804 2747 2871 post
2765 2799 3338 2872 Hieronymumloco
3369 2791 3921 2856 commemorandus

2300 2889 2522 2958 fuisse.,
2565 2890 2677 2944 nisi
2711 2889 2800 2945 isti
2820 2888 3530 2960 mihiconjungendiesse
3546 2887 3651 2942 visi
3678 2883 3922 2940 fuissent.

2303 2979 2399 3035 Hic
2414 2993 2575 3034 anno
2589 2977 2968 3048 postobitum
2995 2977 3229 3033 Macarii
3254 2976 3519 3033 eundem
3548 2977 3608 3032 in
3633 2975 3822 3030 locum
3847 2982 3926 3023 so-

533 3059 754 3132 excipit
774 3061 1134 3129 Gennadius,
1163 3063 1568 3120 testimonium
1584 3066 2000 3136 perhibiturus,
2026 3085 2088 3124 se
2113 3069 2187 3126 de
2225 3097 2264 3153 C
2300 3069 2564 3125 litudinis
2581 3070 2850 3136 accessit,
2883 3075 2939 3124 et
2960 3075 3158 3124 tamen
3187 3067 3573 3124 nihilhorum
3600 3064 3926 3153 scriptorqu

535 3149 631 3206 his
661 3151 921 3207 Macarii
945 3151 1092 3207 nihil
1117 3153 1366 3208 omnino
1395 3169 1505 3209 suo
1529 3159 1795 3227 tempore
1810 3159 2184 3227 cognovisse.

537 3241 650 3294 Nec
677 3238 924 3309 objiciet
956 3240 1110 3312 quis,
1142 3241 1306 3312 quod
1339 3244 1658 3299 Macarium
1689 3245 1839 3301 inter
1870 3247 2189 3318 scriptores

535 3327 960 3383 ecclesiasticos
991 3334 1194 3400 ponet.
1230 3329 1378 3386 Illud
1439 3332 1600 3388 enim
1636 3332 1781 3388 nihil
1825 3334 1942 3390 huc
1995 3335 2186 3406 juvat.

538 3416 858 3472 Videamus
879 3415 1014 3487 ipsa
1044 3417 1330 3475 Gennadii
1371 3420 1444 3474 de
1475 3422 1725 3477 Macario
1768 3423 1974 3479 verba.

1304 3507 1433 3578 δν.

611 3591 916 3649 Macarius
935 3593 1255 3650 monachus
1277 3596 1376 3651 ille
1388 3598 1442 3653 Α
1455 3598 1742 3668 egyptius,
1759 3599 1934 3670 signis
1945 3605 1998 3657 et
2013 3603 2190 3658 virtu-

543 3681 696 3737 tibus
722 3683 939 3747 clarus,
969 3698 1155 3739 unam
1183 3688 1414 3739 tantum
1434 3688 1658 3754 scripta
1682 3687 1762 3743 ad
1761 3689 2028 3756 juniores
2055 3707 2190 3759 pro-

539 3770 809 3840 fessionis
820 3786 960 3827 suae
972 3772 1302 3842 epistolam,
1319 3774 1380 3828 in
1409 3789 1521 3846 qua
1534 3775 1715 3838 docet,
1739 3776 1894 3847 [Pag.
1914 3779 1936 3832 l
1957 3779 1998 3850 l]
2018 3782 2190 3837 illum

537 3860 794 3932 perfecte
799 3875 964 3930 posse
975 3863 1198 3918 servire
1218 3863 1462 3934 Deo.qui
1483 3865 1857 3923 conditionem
1879 3869 2130 3926 creation
2140 3872 2189 3926 is

540 3963 684 4005 suae
703 3964 1057 4020 cognoscens
1084 3951 1165 4007 ad
1181 3967 1378 4010 omnes
1405 3957 1777 4026 semetipsum
1805 3957 2189 4016 inclinaverit

545 4038 793 4105 labores,
828 4044 881 4097 et
901 4041 1182 4097 luctando
1214 4047 1391 4114 atque
1419 4044 1526 4101 Dei
1550 4046 1846 4103 auxilium
1873 4049 2190 4107 adversum

539 4143 726 4193 omne,
759 4129 918 4200 quod
952 4130 1014 4185 in
1047 4131 1160 4187 hac
1191 4132 1310 4188 vita
1340 4149 1516 4190 suave
1545 4145 1647 4203 est,
1689 4138 2082 4207 explorando,
2111 4140 2193 4196 ad

537 4219 875 4274 naturalem
890 4235 1118 4292 quoque
1142 4223 1490 4290 perveniens
1515 4227 1860 4295 puritatem,
1887 4229 2190 4285 continen-

540 4305 680 4362 tiam
709 4307 868 4362 velut
896 4310 1418 4367 naturaedebitum
1441 4329 1658 4369 munus
1684 4316 2024 4372 obtinuerit.

610 4394 731 4458 Hic,
760 4401 822 4450 ut
848 4396 1138 4464 videmus,
1174 4401 1443 4456 meminit
1475 4402 1672 4474 scripti
1701 4403 1953 4474 alicujus
1991 4422 2026 4461 a
2056 4405 2190 4462 Ma-

540 4482 722 4549 cario,
738 4483 840 4538 sed
853 4485 1189 4555 epistolam,
1203 4494 1257 4543 et
1273 4489 1518 4561 quidem
1541 4507 1722 4548 unam
1739 4497 1970 4550 tantum
1990 4496 2184 4566 appel-

541 4570 642 4626 lat.
671 4572 954 4644 Adeoque
976 4590 1084 4630 nec
1113 4577 1412 4644 Homilies,
1430 4595 1539 4634 nec
1556 4579 1671 4636 alia
1699 4583 2002 4653 Opuscula
2019 4583 2192 4639 audi-

541 4665 704 4716 verat
753 4666 856 4717 eut
899 4663 1146 4720 viderat.
1191 4667 1354 4722 Venit
1376 4667 1435 4722 in
1483 4674 1744 4726 mentem
1793 4669 1969 4737 illius,
2023 4672 2189 4743 quod

543 4746 763 4805 Caveas
796 4750 938 4806 Hist.
959 4751 1064 4807 Lit.
1091 4753 1146 4807 P.
1189 4770 1223 4809 ιι
1255 4754 1328 4811 de
1354 4759 1608 4813 Macario
1639 4765 1848 4816 contra
1877 4761 2186 4815 Possinum

543 4835 769 4903 scribit,
819 4840 923 4910 qui
974 4841 1183 4898 eadem
1228 4843 1301 4899 de
1344 4861 1527 4902 causa
1579 4847 1814 4904 tertium
1869 4849 2186 4904 Macarium

539 4926 962 4998 exsculpseret,
989 4931 1154 5002 quod
1185 4935 1612 4991 Gennadiusde
1642 4937 1930 5008 Aegyptio
1951 4943 2185 4994 taceret.

540 5017 895 5086 Respondet,
913 5018 1184 5088 induam,
1202 5022 1428 5078 Ceveus
1443 5023 1524 5079 ita
1541 5041 1553 5079 :
1576 5045 1600 5074 α
1617 5025 1769 5090 Quid
1783 5027 1827 5079 si
1841 5025 2187 5083 Gennadius

539 5104 614 5161 de
655 5105 797 5162 solis
839 5109 1068 5165 Macarii
1098 5111 1360 5182 epistolis
1414 5111 1679 5185 loquitur
1708 5113 1735 5168 ε’
1765 5114 1913 5180 Quid
1965 5116 2013 5170 si
2072 5115 2189 5172 alia

540 5195 843 5267 scripserit
871 5199 1178 5263 Macarius,
1213 5217 1367 5274 quae
1400 5203 1685 5258 Gennadii
1708 5203 2079 5275 diligentiam
2103 5205 2186 5260 fu-

541 5285 753 5357 gerint,
786 5303 921 5344 cum
949 5303 1070 5346 non
1098 5305 1294 5363 pauca
1339 5290 1456 5348 sint
1496 5292 1736 5364 scripta,
1763 5308 1920 5366 quae
1965 5293 2186 5351 frustra

2303 3157 2572 3213 meminit
2593 3158 2651 3212 in
2681 3157 2929 3212 Historia
2961 3157 3266 3221 Lausiaca,
3295 3156 3425 3212 licet
3462 3155 3700 3213 Macarii
3721 3145 3929 3240 egregia

2301 3247 2457 3304 facta
2487 3246 2802 3303 collaudet.
2833 3246 3014 3302 Omisi
3047 3251 3102 3301 et
3121 3245 3408 3302 Joannem
3463 3245 3926 3306 Cassianum,qu

2299 3337 2374 3392 de
2421 3336 2696 3391 institutis
2747 3335 3091 3390 monasticis
3133 3334 3397 3390 scribens
3455 3334 3649 3391 multa
3705 3323 3928 3386 celebria

2302 3426 2538 3481 Macarii
2568 3425 2726 3481 dicta
2746 3424 3002 3488 affert,et
3030 3423 3178 3480 haec
3202 3425 3252 3494 ej
3266 3441 3332 3478 us
3363 3423 3674 3496 Opuscula
3703 3415 3926 3488 ignorat,

2299 3531 2454 3586 quae
2479 3520 2674 3570 tamen
2698 3513 2934 3585 pr0prie
2965 3512 3042 3568 ad
3075 3529 3253 3567 suum
3269 3513 3573 3569 scribendi
3609 3524 3789 3581 genus
3817 3514 3926 3574 per-

2302 3603 2626 3667 tinuissent,
2653 3603 2696 3656 si
2726 3602 3107 3657 exstitissent.
3141 3601 3318 3666 Quin,
3349 3601 3521 3673 quod
3554 3600 3748 3656 adhuc
3770 3589 3923 3648 addo,

2305 3697 2524 3748 tacetet
2555 3691 2789 3748 Suidas.
2817 3694 3014 3763 Neque
3032 3691 3190 3744 enim
3217 3690 3275 3744 in
3309 3690 3429 3746 vita
3461 3680 3720 3746 Macarii
3736 3680 3925 3770 scripta

2303 3782 2430 3852 ejus
2463 3781 2581 3836 ulla
2612 3786 2925 3848 memorat,
2953 3779 3054 3834 sed
3079 3780 3382 3850 quaedam
3400 3777 3658 3848 Evagrii,
3679 3763 3922 3839 discipuli

2301 3871 2474 3925 illius.
2498 3871 2714 3925 Unicus
2745 3873 2948 3934 restat,
2977 3868 3080 3921 sed
3105 3869 3152 3921 is
3183 3883 3252 3922 ex
3285 3866 3736 3928 recentioribus,
3764 3859 3921 3914 Joan-

2300 3975 2396 4016 nes
2461 3957 2835 4020 Trithemius,
2905 3958 3005 4028 qui
3061 3957 3380 4012 Macarium
3435 3955 3592 4010 inter
3643 3951 3923 4018 scriptores

2305 4049 2466 4120 [Pag.
2499 4047 2584 4119 l3]
2619 4047 2803 4115 ponit,
2839 4045 2998 4100 nulla
3025 4050 3225 4100 tamen
3255 4045 3384 4116 ejus
3432 4046 3651 4116 scripta
3697 4043 3924 4094 comme-

2303 4136 2692 4204 ωσι-ιιι.ουοά
2707 4136 2781 4190 ad
2797 4136 3118 4191 Simeonem
3136 4134 3522 4203 Logothetam
3543 4131 3921 4211 attinet,quenl

2302 4229 2530 4282 Ceveus
2558 4231 2760 4280 monet
2800 4223 3058 4295 capitula
3088 4225 3263 4279 CLXX
3296 4224 3552 4279 ascetica
3590 4212 3921 4304 metaphrafl

2300 4315 2650 4379 illustrasse,
2683 4315 2796 4369 hoc
2837 4312 3111 4374 sufﬁciat,
3144 4327 3304 4380 eum,
3329 4311 3471 4383 quia
3503 4316 3605 4368 aut
3636 4297 3919 4395 incertisil,

2303 4412 2403 4460 aut
2442 4408 2595 4459 certe
2634 4419 2711 4458 xu
2753 4402 2998 4457 demum
3050 4400 3292 4465 saeculi,
3337 4417 3551 4472 parum
3615 4405 3780 4468 posse
3829 4387 3920 4477 ista

2303 4494 2521 4564 scripta
2555 4491 2721 4547 tueri.
2754 4491 2809 4545 Si
2833 4491 2910 4545 ad
2945 4506 3192 4545 manum
3224 4471 3553 4562 aliquando
3598 4489 3722 4557 ipse
3777 4471 3922 4564 fuerit

2299 4583 2350 4638 is
2379 4560 2543 4646 liber,
2590 4581 2760 4652 plura
2793 4579 2940 4634 forte
2972 4560 3342 4635 notabimus:
3387 4581 3622 4634 Certum
3672 4581 3803 4637 ergo
3827 4560 3915 4616 es"

2300 4675 2434 4727 ante
2462 4669 2769 4725 saeculum
2803 4684 2881 4723 xu
2915 4683 3032 4723 non
3063 4673 3203 4723 nota
3237 4667 3418 4722 fuisse
3477 4661 3818 4723 Macariana.

3043 4760 3070 4825 §
3113 4757 3205 4810 v1.

2371 4849 2524 4906 Satis
2554 4864 2692 4917 ergo
2721 4847 2843 4901 suis
2873 4824 3204 4902 rationibus
3235 4845 3596 4906 destituitur,
3657 4841 3715 4892 ut
3741 4824 3914 4919 credi).

2297 4937 2502 5010 opinio
2529 4914 2877 5009 pervulgata
2907 4935 2980 4990 de
3008 4935 3264 4992 Macarii
3294 4933 3544 5006 scriptis.
3577 4927 3688 4986 Sed
3722 4933 3820 5014 nec

2299 5006 2665 5100 argumentis
2693 5026 2830 5080 solis
2865 5025 3106 5090 innitor,
3147 5039 3336 5095 quum
3377 5023 3451 5078 de
3484 5011 3786 5100 Opusculis
3808 5006 3917 5100 istis.

2297 5089 2528 5180 duvbilo,
2565 5114 2798 5170 Addam
2827 5113 2987 5169 aliud
3009 5089 3407 5184 adhuc,quod
3445 5089 3668 5166 tan—tum
3695 5089 3920 5191 δὺεξείιξί

2297 5204 2631 5265 istiscedat,
2663 5210 2724 5258 ut
2745 5202 3004 5273 pondere
3039 5218 3150 5258 suo
3167 5206 3466 5272 praestare
3497 5188 3916 5279 ροιὶιιεᾷορξηιθίςς

2301 5293 2529 5350 Scilicet
2564 5267 2759 5348 totam-
2781 5291 3074 5348 scribendi
3097 5267 3410 5356 rationem,
3437 5267 3558 5363 qua
3579 5270 3808 5341 confecti
3836 5267 3915 5319 isti

2120 5482 2371 5540 NOTAE.

619 5657 701 5729 (a)
729 5657 918 5724 Corr.,
954 5658 1252 5717 Semlerus
1288 5658 1466 5718 habet
1493 5664 1547 5717 3.
1575 5662 1728 5718 Emr.
