4092 6252
272 323 375 379 269

1338 312 1426 367 DE
1465 311 1791 367 SCRIPTIS
1830 310 1887 366 S.
1930 309 2231 370 MACARII
2272 315 2621 375 AEGYPTll.

3559 319 3668 375 270

269 442 613 509 suntlibelli,
635 440 890 498 alienam
914 454 1050 496 esse
1072 452 1193 494 non
1216 436 1408 494 solum
1428 454 1464 493 a
1485 437 1774 502 Macario,
1805 435 1908 491 sed
1943 437 1988 491 A
2019 437 2179 495 idem
2212 442 2493 513 traditur;
2531 448 2593 499 ut
2620 443 2759 499 inde
2808 444 2991 500 ferme
3029 448 3338 516 appareat,
3378 446 3677 502 consacci-

268 553 304 593 a
345 535 550 607 quovis
580 531 694 587 alio
725 534 968 585 auctore
998 527 1316 583 contendo.
1352 528 1522 582 Eccui
1554 527 1713 581 enim
1764 524 1910 581 illud

264 621 561 698 probabile
610 619 864 685 videtur,
911 616 990 673 ab
1037 616 1240 689 aliquo
1294 621 1535 672 auctore
1583 615 1676 671 bis
1721 620 1774 669 et
1824 620 1911 669 ter

260 714 457 770 eadem
490 715 548 765 et
568 709 754 764 verba
775 706 1146 779 easdemque
1169 706 1493 761 sententias
1518 704 1759 759 diversa
1783 723 1911 755 συν-

257 805 412 874 αφείᾳ,
428 801 489 855 in
508 813 701 871 parva
722 797 1085 867 scriptorum
1104 793 1278 861 mole,
1299 809 1407 867 pro
1434 792 1678 862 integris
1704 799 1757 848 et
1779 792 1910 847 aliis

249 887 553 962 opusculis
584 886 772 956 repeti
801 889 856 940 et
881 882 1125 939 obtrudi
1157 884 1185 939 ?
1222 886 1292 938 At
1321 881 1381 938 id
1408 880 1794 938 ostendemus
1828 880 1910 936 ita

244 979 301 1035 in
332 978 425 1035 his
462 975 701 1034 Macarii
732 989 887 1040 esse,
920 973 1003 1029 ita
1040 976 1264 1037 tamen,
1300 975 1362 1027 ut
1404 970 1581 1027 simul
1626 984 1908 1025 nonnun-

242 1083 428 1141 quam
456 1066 578 1122 alia
598 1077 867 1137 quoque,
892 1076 1090 1133 pauca
1118 1065 1317 1116 tamen
1348 1075 1724 1124 moneamus,
1755 1074 1910 1131 quae

243 1156 322 1213 ad
351 1155 660 1211 diversam
687 1152 1046 1222 scripturam
1073 1155 1129 1205 et
1168 1148 1479 1205 lectionem
1511 1149 1801 1220 pertinere
1830 1148 1911 1203 vi-

248 1244 568 1302 debuntur.

995 1330 1020 1393 ς
1056 1328 1167 1383 VIl.

315 1420 586 1492 Exempli
616 1419 750 1476 loco
793 1433 1173 1490 apponemus
1224 1432 1315 1482 ea,
1360 1431 1517 1489 quae
1556 1415 1630 1469 de
1670 1430 1804 1485 cap.
1842 1414 1907 1470 13

248 1510 534 1583 Opusculi
576 1510 648 1565 de
682 1508 965 1564 Custodit:
1004 1506 1201 1563 cordis
1241 1522 1298 1576 p.
1338 1510 1405 1560 22
1439 1506 1581 1560 edit.
1622 1504 1909 1560 Pritianae

248 1598 416 1670 [Pag.
448 1598 541 1671 14]
579 1598 938 1653 notavimus.
972 1596 1051 1651 Ex
1081 1597 1195 1650 isto
1231 1596 1460 1663 integra
1493 1595 1743 1650 Homilia
1770 1609 1909 1649 con-

252 1687 405 1743 fecta
452 1695 566 1747 est.
600 1685 808 1740 iisdem
848 1684 1041 1741 verbis
1080 1691 1135 1739 et
1176 1684 1500 1749 sententiis,
1533 1696 1663 1739 xuxa
1691 1683 1909 1738 scilicet

2022 534 2163 584 nata
2192 529 2433 587 aliunde
2461 531 2611 587 haec
2637 549 2785 588 esse.
2833 533 3001 598 Quod
3034 548 3175 588 vero
3220 532 3298 589 ad
3327 533 3675 590 varietatem

2021 618 2346 688 scripturae
2374 620 2689 677 allatorum
2721 622 3038 677 verborum
3069 637 3246 689 porro
3277 622 3502 688 attinet,
3535 637 3675 694 pos-

2021 707 2139 761 sint
2176 707 2290 763 ista
2320 711 2641 781 conjuncta
2688 710 2873 767 fuisse
2908 711 3092 767 videri
3129 729 3141 767 :
3176 716 3265 764 καὶ
3312 716 3383 784 μὴ
3416 710 3676 783 ἀπογινώ-

2022 814 2183 861 σκειν,
2212 795 2321 849 ἀλλ’
2368 798 2415 850 ἐν
2458 804 2634 852 πίστει
2663 806 2797 866 cet.,
2848 806 2950 857 aut
2978 799 3149 856 facile
3201 800 3279 857 ab
3323 800 3528 874 aliquo
3572 800 3677 857 ad-

2020 882 2143 940 dita
2164 892 2317 940 sunt.
2349 888 2549 959 Neque
2570 889 2729 943 enim
2754 887 2982 956 dubito,
3006 888 3171 961 quod
3195 904 3267 944 ex
3284 888 3674 960 sequentibus

2020 974 2335 1044 apparebit
2356 976 2588 1042 melius,
2610 977 2878 1032 diversos
2904 977 3105 1041 fuisse,
3130 978 3233 1050 qui
3257 979 3368 1034 ista
3390 993 3462 1033 ex
3483 977 3677 1033 diver-

2022 1063 2102 1117 sis
2124 1063 2254 1117 aliis
2278 1065 2700 1134 congesserint.
2733 1066 2845 1123 Sed
2869 1066 2963 1121 vix
2986 1065 3243 1136 placent,
3271 1081 3427 1137 quae
3450 1065 3675 1123 ibidem

2022 1158 2204 1207 sunt:
2251 1156 2338 1205 τὸν
2381 1159 2573 1206 σκοπὸν
2631 1162 2723 1208 τοῦ
2774 1159 2888 1218 νοὸς
2940 1156 3101 1208 αὐτοῦ
3158 1155 3227 1216 εἰς
3278 1162 3428 1208 τοῦτο
3484 1158 3677 1227 ἔχοντα

2022 1235 2117 1293 διὰ
2146 1246 2351 1303 παντὸς.
2404 1245 2604 1314 Neque
2644 1244 2806 1300 enim
2846 1244 2995 1299 scire
3049 1244 3217 1300 facile
3243 1249 3354 1315 est,
3387 1244 3535 1315 quid
3565 1243 3678 1300 ista

2021 1329 2377 1399 signiﬁcent.
2410 1334 2476 1387 Et
2506 1348 2645 1387 cum
2685 1348 2805 1388 non
2834 1333 2915 1388 ita
2948 1333 3134 1388 multo
3172 1336 3313 1403 post
3341 1336 3625 1404 sequatur
3657 1347 3671 1386 :

2020 1422 2172 1485 μόνον
2237 1422 2324 1471 τὸν
2382 1423 2572 1494 Χύριον
2621 1419 2701 1473 ἀεὶ
2760 1424 2860 1493 πρὸ
2915 1420 3191 1493 ὀφθαλμῶν
3248 1423 3389 1493 ἔχειν
3446 1425 3535 1473 καὶ
3585 1422 3678 1482 τὰς

2020 1508 2223 1571 ἐντολὰς
2248 1509 2428 1576 αὐτοῦ,
2462 1526 2675 1583 parum
2718 1510 2887 1566 abest
2923 1511 3067 1582 quin
3100 1510 3288 1579 legam
3327 1513 3450 1565 ετόν
3479 1528 3532 1563 τε
3555 1528 3676 1562 σκο·

2018 1601 2112 1649 πόν
2158 1606 2248 1650 τοῦ
2291 1602 2404 1661 νοὸς
2449 1600 2609 1650 αὐτοῦ
2658 1599 2729 1661 εἰς
2770 1607 2949 1652 τοῦτον
3002 1599 3112 1672 [τὸν
3150 1598 3367 1673 Κύριον]
3416 1599 3557 1671 ἔχειν
3585 1595 3679 1651 διὰ

2018 1691 2228 1747 παντὸς.
2272 1688 2428 1743 Licet
2459 1689 2618 1743 enim
2646 1687 2873 1761 liquido
2914 1688 3260 1758 intelligere,
3297 1688 3500 1743 omnia
3527 1688 3679 1744 inter

250 1777 458 1847 p.281.
486 1777 612 1841 Quo
627 1773 845 1830 addam
867 1774 1127 1846 denique
1142 1773 1511 1845 Opusculum
1528 1774 1599 1829 de
1613 1773 1910 1828 Libertate
1943 1790 1987 1843 Β
2021 1794 2101 1843 se,
2132 1777 2177 1830 si
2203 1777 2513 1832 materiam
2541 1778 2738 1847 ipsam
2767 1782 3019 1848 spectes,
3037 1777 3290 1833 confusa
3316 1792 3464 1831 esse.
3492 1782 3676 1848 Atque

243 1866 461 1922 mentis
491 1880 624 1934 cap.
668 1867 748 1926 t8.
785 1870 841 1917 et
883 1862 1342 1933 Apophthegma
1386 1864 1643 1933 primum
1691 1879 1747 1932 p.
1782 1861 1903 1916 231.

316 1957 374 2008 In
403 1951 707 2024 Opusculo
721 1953 793 2007 de
808 1951 1091 2008 Custodia
1110 1951 1305 2006 cordis
1320 1966 1378 2023 p.
1394 1955 1462 2005 22
1478 1952 1556 2006 ita
1570 1951 1863 2006 habemus
1889 1966 1903 2006 :

239 2044 264 2094 6
307 2039 713 2114 βουλόμενος
750 2040 1141 2113 προσελθεῖν
1182 2047 1266 2109 τῷ
1310 2044 1542 2113 Κυρίῳ,
1582 2059 1695 2091 και
1735 2040 1909 2102 ζωῆς

240 2131 511 2183 αἰωνίου
603 2129 1125 2192 καταξιωθῆναι,
1199 2133 1309 2181 καὶ
1393 2133 1909 2203 κατοικητήριον

240 2227 399 2274 Θεοῦ
423 2220 764 2291 γενέσθαι,
804 2222 921 2270 καὶ
960 2220 1332 2290 πνεύματος
1369 2216 1558 2289 ἁγίου
1598 2217 1910 2280 καταξιω-

241 2312 453 2374 θῆναι,
484 2310 593 2359 ἶνα
629 2311 777 2370 τοὺς
808 2311 1098 2379 καρποὺς
1135 2306 1336 2359 αὐτοῦ
1382 2310 1545 2359 κατὰ
1588 2309 1701 2367 τὰς
1745 2306 1905 2359 ἐντο-

237 2398 341 2459 λὰς
386 2406 503 2451 τοῦ
551 2401 797 2471 Κυρίου
849 2393 1091 2468 δυνηθῇ
1153 2395 1416 2468 ἁμώμως
1468 2400 1578 2447 καὶ
1618 2399 1911 2471 καθαρῶς

240 2496 487 2552 ποιεῖν,
538 2486 737 2545 οὕτως
774 2483 1028 2556 ὀφείλει
1075 2483 1505 2558 ἐνάρξασθαι.
1556 2485 1689 2540 Haec
1723 2486 1911 2556 perio-

243 2575 351 2631 dus
374 2577 582 2648 prima
609 2574 787 2645 primi
826 2572 1106 2645 Opusculi
1132 2574 1239 2645 (α).
1302 2574 1363 2627 Et
1403 2574 1668 2629 similiter
1698 2575 1912 2630 eadem

242 2664 419 2721 verba
437 2666 505 2720 in
528 2662 819 2719 Homiliae
838 2661 1085 2731 periodo
1106 2663 1318 2732 prima,
1338 2662 1446 2717 nisi
1466 2664 1625 2733 quod
1648 2679 1755 2734 pro
1780 2671 1911 2717 Θεοῦ

236 2755 443 2826 legitur
463 2760 565 2806 τοῦ
594 2758 830 2826 Χριστοῦ
856 2750 963 2822 (b),
991 2765 1098 2821 pro
1119 2750 1525 2821 καταξιωθῆναι,
1551 2751 1908 2824 πληρωθῆναι,

234 2844 402 2916 quod
448 2843 607 2898 forte
652 2841 896 2905 factum,
949 2855 1023 2895 ne
1064 2839 1221 2894 idem
1272 2840 1523 2896 verbum
1566 2843 1763 2896 statim
1820 2845 1911 2898 bis

233 2935 581 2989 occurreret
622 2944 635 2995 ;
666 2945 774 3000 pro
821 2931 1055 3003 καρποὺς
1095 2928 1274 2997 αὑτοῦ,
1309 2928 1521 2999 legitur
1547 2935 1781 3005 καρποὺς
1818 2940 1910 2984 τοῦ

238 3022 552 3091 πνεύματος,
585 3018 710 3083 ubi,
741 3017 877 3089 quis
907 3020 1067 3079 αῦτὸς
1089 3018 1181 3081 sit,
1208 3019 1560 3087 exprimitur
1593 3035 1607 3085 ;
1639 3036 1748 3090 pro
1776 3023 1911 3073 κατὰ

2016 1864 2131 1920 hoc
2188 1866 2410 1937 ipsum,
2459 1871 2521 1919 ut
2570 1866 2864 1921 Christum
2910 1866 3046 1937 quis
3095 1866 3418 1933 intueatur,
3473 1870 3677 1921 monet

2021 1953 2388 2024 Opusculum
2428 1953 2499 2008 de
2543 1953 2834 2009 Libertate
2872 1969 3005 2023 cap.
3057 1956 3115 2008 16
3155 1959 3211 2008 et
3247 1958 3331 2019 ΓΙ,
3373 1952 3534 2008 unde
3579 1954 3677 2009 vix

2019 2043 2226 2097 dubito
2248 2042 2397 2097 haec
2421 2058 2556 2097 esse
2578 2049 2875 2113 excerpta.
2908 2045 3022 2097 Nec
3049 2041 3329 2112 estquod
3377 2042 3513 2113 quis
3538 2040 3674 2097 ideo

2020 2131 2249 2187 dubitet
2291 2130 2365 2186 de
2411 2131 2526 2186 hac
2573 2131 2937 2201 conjectura,
2979 2130 3142 2202 quod
3193 2130 3483 2202 scriptura
3527 2129 3676 2185 haec

2021 2219 2227 2276 eadem
2262 2220 2334 2275 sit
2360 2220 2416 2275 in
2452 2220 2721 2276 Homilia.
2756 2219 3099 2275 Videbimus
3130 2219 3285 2275 enim
3320 2219 3672 2275 alterutrum

2021 2316 2228 2365 natum
2260 2314 2315 2364 et
2341 2308 2565 2365 factum
2591 2324 2719 2364 esse
2765 2309 3081 2380 posterius,
3110 2307 3273 2379 [Pag.
3310 2307 3395 2381 t6]
3438 2313 3491 2363 et
3522 2308 3675 2364 adeo

2020 2404 2361 2470 corruptam
2411 2404 2511 2454 aut
2558 2398 2781 2453 bonam
2832 2396 3072 2453 alterius
3112 2398 3465 2469 scripturam
3512 2411 3677 2451 acce-

2020 2488 2199 2560 pisse.

2095 2576 2372 2647 Sequitur
2400 2591 2579 2647 porro
2610 2575 2668 2630 in
2691 2575 2764 2631 de
2795 2573 3271 2631 Custodiantra
3306 2572 3678 2647 βιάζεσθαι

2023 2670 2148 2740 χρὴ
2178 2665 2383 2726 ἀεὶείς
2412 2670 2530 2717 πᾶν
2570 2663 2833 2736 ἀγαθὸν,
2865 2668 2973 2717 καὶ
3000 2663 3088 2726 εἰς
3128 2664 3342 2723 πάσας
3371 2665 3482 2725 τὰς
3515 2662 3676 2715 ἕντο-

2022 2755 2131 2816 )ὰς
2172 2762 2280 2807 τοῦ
2324 2758 2586 2828 Κυρίου,
2628 2752 2741 2804 κᾶν
2780 2757 2860 2825 μὴ
2904 2751 3220 2815 θελούσης
3248 2760 3357 2813 τῆς
3397 2747 3677 2825 καρδίας

2025 2840 2138 2896 διὰ
2192 2847 2301 2901 τὴν
2358 2850 2682 2895 συνοῦσαν
2733 2842 2889 2914 αὐτῇ
2938 2841 3283 2915 ἁμαρτίαν.
3317 2841 3380 2895 In
3423 2840 3676 2896 Homilia

2022 2933 2312 2989 omittitur
2352 2930 2451 2995 ἀεὶ,
2492 2946 2602 2986 nec
2650 2930 2709 2985 id
2767 2930 2954 3000 male;
2999 2929 3240 2985 additur
3300 2944 3438 2984 vero
3488 2931 3677 3002 ἔργον

2022 3023 2239 3092 ἀγαθόν,
2291 3020 2429 3074 item
2472 3034 2592 3074 non
2636 3018 2788 3074 male
2819 3036 2832 3084 ;
2882 3018 3177 3074 omitittur
3207 3018 3347 3073 item
3377 3015 3471 3068 κᾶν
3501 3021 3573 3090 μὴ
3602 3019 3680 3070 θε-

239 3111 335 3170 τὰς
382 3107 587 3168 ἐντολὰς
623 3114 717 3159 τοῦ
763 3109 959 3181 Κυρίου
1001 3105 1215 3176 legitur
1275 3112 1366 3159 καὶ
1411 3110 1505 3168 τὰς
1553 3107 1750 3169 ἐντολὰς
1817 3117 1908 3162 τοῦ

2031 3112 2214 3170 λούσης
2252 3116 2345 3171 τῆς
2392 3105 2638 3180 καρδίας,
2690 3122 2810 3162 non
2867 3106 3041 3162 bene.
3079 3107 3142 3160 In
3187 3105 3484 3176 Opusculo
3516 3105 3679 3161 enim

245 3199 483 3270 Χριστοῦ
505 3214 519 3228 ο
547 3201 647 3249 Καὶ
667 3211 810 3250 sane
832 3194 1135 3267 perplacet
1169 3211 1183 3260 ;
1213 3194 1473 3250 Christus
1501 3212 1609 3267 pro
1633 3196 1905 3265 Domino,

243 3287 394 3357 quia
424 3285 487 3339 in
534 3284 773 3339 Patrum
811 3283 1046 3354 scriptis
1082 3284 1368 3339 Dominus
1399 3292 1454 3338 et
1497 3284 1761 3340 Christus
1799 3303 1908 3358 pro

251 3373 476 3427 eodem
516 3377 616 3426 est.
644 3379 789 3426 Tum
832 3388 938 3443 pro
968 3372 1195 3444 ἀμώμως
1244 3377 1335 3425 καὶ
1366 3376 1610 3446 καθαρῶς
1656 3375 1907 3443 legimus

256 3461 507 3533 καθαρῶς
545 3464 633 3512 καὶ
673 3458 915 3532 ἁμὼμως,
941 3461 1050 3516 levi
1087 3461 1416 3517 mutatione
1453 3479 1465 3528 ;
1499 3468 1555 3519 et
1582 3479 1688 3533 pro
1722 3472 1905 3532 ποιεῖν,

253 3557 503 3610 ποιῆσαι,
525 3564 642 3603 non
670 3548 838 3614 male,
857 3549 998 3621 quia
1018 3552 1131 3605 hoc
1149 3556 1387 3621 tempus
1411 3568 1589 3623 saepe
1604 3555 1868 3623 sequitur
1893 3571 1906 3623 ;

251 3653 365 3709 pro
396 3636 579 3702 οὕτως,
613 3636 780 3703 οὗτος,
811 3638 985 3703 male,
1030 3655 1172 3694 nam
1210 3638 1535 3709 legendum
1565 3642 1759 3711 οὗτωςς
1802 3659 1910 3716 pro

247 3724 589 3802 ὶνάρξασθαι,
658 3726 935 3799 ἄρξασθαι,
988 3729 1153 3799 quod
1216 3729 1426 3784 melius
1474 3731 1757 3806 ἄρξασθαι.
1809 3737 1911 3789 Pe-

243 3815 463 3872 riodus
489 3816 672 3871 altera
695 3815 808 3871 levi
844 3818 1173 3872 mutatione
1198 3818 1416 3873 differt.

318 3906 385 3960 In
422 3904 727 3976 Opusculo
758 3904 831 3961 de
864 3905 1148 3961 Custodia
1182 3908 1450 3979 sequitur
1484 3926 1495 3963 :
1530 3915 1637 3962 καὶ
1677 3911 1766 3973 εἰς
1807 3915 1912 3970 τὴν

246 3994 461 4067 εὐχὴν
508 3995 799 4046 πάντοτε
835 4002 1359 4070 προσκαρτερεῖν
1399 3997 1520 4050 αὐτ
1544 4002 1604 4049 όν
1637 4016 1647 4028 ·
1682 4004 1791 4052 καὶ¹
1829 4005 1909 4072 μὴ

245 4083 745 4155 ἀπογινώσκειν
782 4079 1326 4156 προσδεχόμενος
1365 4093 1475 4137 τοῦ
1518 4092 1761 4160 Κυρίου
1802 4094 1913 4147 τὴν

241 4170 609 4242 ὶπίσκεψιν
638 4176 747 4223 καὶ
773 4176 885 4230 τὴν
918 4170 1246 4244 βοήθειαν
1296 4176 1593 4242 πάντοτε,
1625 4181 1730 4229 τὸν
1774 4197 1913 4229 σκο-

241 4266 361 4315 πόν
390 4266 513 4313 τοῦ
542 4263 687 4320 νοὸς
719 4263 918 4313 αὑτοῦ
951 4259 1039 4323 εἰς
1060 4269 1247 4314 τοῦτο
1279 4265 1445 4335 ἓχὼν
1478 4261 1589 4316 διὰ
1628 4273 1868 4328 παντὸς
1898 4284 1911 4298 ⁸

240 4353 302 4408 In
334 4349 601 4407 Homilia
624 4348 998 4419 aliquantum
1033 4349 1198 4406 aliter
1231 4357 1357 4407 εκαὶ
1389 4352 1459 4415 ἑίς
1487 4359 1579 4413 τὴν
1612 4355 1775 4427 εὐχὴν
1802 4362 1909 4430 χρὴ

2021 3201 2093 3255 de
2125 3198 2417 3254 Libertate
2440 3196 2652 3252 mentis
2683 3211 2817 3267 cap.
2849 3198 2911 3251 13
2950 3193 3014 3249 id
3047 3193 3307 3260 additur,
3337 3192 3502 3267 quod
3535 3208 3678 3250 mox

2022 3286 2295 3360 pluribus
2327 3285 2683 3341 videbimus.
3628 3306 3631 3307 ν

2092 3377 2150 3431 In
2186 3372 2485 3446 Opusculo
2503 3373 2696 3445 primo
2728 3372 2805 3428 ita
2830 3372 3099 3444 procedit
3128 3389 3140 3427 :
3165 3372 3296 3425 οἷον
3321 3370 3681 3445 βιάζεσθαι

2021 3466 2246 3518 ἑαυτὸν
2297 3464 2385 3525 εἰς
2428 3466 2494 3517 τὸ
2546 3468 3078 3535 ταπεινοφρονεῖν
3127 3461 3394 3513 ἐνώπιον
3433 3462 3679 3513 πάντῶν

2022 3555 2381 3626 ἀνθρώπων,
2423 3557 2531 3604 καὶ
2574 3551 2803 3604 ἑαυτὸν
2840 3554 3093 3604 πάντων
3125 3552 3361 3604 ἑλαττω
3401 3555 3508 3602 καὶ
3546 3553 3680 3622 χεί-

2019 3665 2170 3717 ρονα
2198 3644 2533 3713 ἡγεῖσθαι,
2561 3646 2641 3712 μὴ
2676 3642 2885 3702 ζητῶν
2924 3647 3118 3713 τιμὴν
3154 3641 3183 3701 ἣ
3228 3643 3491 3693 ἔπαινόν
3520 3640 3550 3698 ἣ
3586 3637 3683 3691 δό-

2023 3734 2131 3797 ξαν
2161 3734 2333 3804 παρά
2372 3751 2565 3800 τινος,
2608 3731 2900 3790 καθὼςίν
2939 3737 3020 3800 τῷ
3055 3730 3417 3801 Εῦασγγελίῳ
3456 3732 3685 3800 γέγρα-

2024 3842 2196 3889 πται.
2247 3822 2312 3875 In
2343 3819 2589 3876 homilia
2621 3835 2729 3890 pro
2768 3817 3056 3891 βιάζεσθαι
3114 3825 3203 3874 est
3244 3816 3536 3890 βιαζίσθω,
3561 3831 3683 3872 non

2024 3912 2203 3975 male,
2234 3909 2399 3981 quod
2423 3909 2809 3980 imperativus
2840 3922 3018 3979 saepe
3045 3907 3333 3978 sequitur,
3386 3912 3440 3959 et
3464 3905 3684 3977 ubique

2026 4000 2173 4056 forte
2205 3996 2590 4069 reponendus
2630 3996 2722 4051 sit.
2755 3997 2895 4050 Eam
2951 3996 3218 4067 sequitur
3251 4012 3264 4048 :
3301 3998 3373 4065 μὴ
3417 3994 3585 4053 ζητῶν
3612 4013 3685 4045 τι·

2026 4093 2128 4161 μὴν
2159 4093 2293 4153 cet.,
2344 4085 2510 4159 quod
2569 4099 2689 4139 non
2748 4089 2901 4139 stare
2955 4086 3154 4156 potest
3206 4098 3344 4137 cum
3403 4081 3687 4154 βιάζεσθαι

2028 4178 2210 4252 [χρή].
2248 4176 2352 4232 sed
2398 4191 2573 4230 casus
2621 4179 2869 4245 quartus
2908 4188 3040 4228 esse
3082 4171 3360 4227 debebat.
3414 4170 3682 4241 Omissis,

2026 4284 2181 4340 quae
2214 4282 2333 4321 non
2368 4264 2621 4320 multum
2653 4262 2957 4327 differunt,
2999 4278 3110 4334 pro
3144 4264 3286 4335 παρά
3322 4278 3457 4320 τινος
3482 4264 3563 4315 est
3601 4256 3689 4311 δό-

2026 4358 2118 4421 ξαν
2138 4355 2204 4408 ἀν
2222 4358 2247 4408 θ
2262 4376 2290 4429 ρ
2307 4361 2484 4407 ώπων
2504 4355 2648 4425 παρὰ
2667 4372 2821 4415 τινος,
2844 4353 3008 4424 quod
3038 4357 3241 4423 putem
3270 4347 3686 4405 invertendum

240 4441 405 4495 αὐτὸν
441 4438 620 4513 [Pag.
672 4438 758 4512 t5]
805 4441 1027 4492 πάντοτε
1074 4450 1498 4518 προσκαρτερεῖν,
1552 4450 1606 4500 et
1648 4444 1729 4500 ita
1782 4448 1910 4518 qui-

2031 4445 2190 4509 δόξαν
2224 4446 2367 4517 παρά
2397 4462 2536 4505 τινος
2567 4442 2865 4516 ἀνθρώπων.

242 4530 389 4587 dem
424 4532 585 4583 recte
616 4548 630 4589 ς
664 4543 805 4583 nam
832 4533 942 4601 χρὴ
972 4535 1073 4584 aut
1095 4530 1569 4602 exprimendum.
1603 4534 1765 4605 quod
1792 4551 1914 4591 ma-

240 4619 376 4687 lim,
411 4621 524 4674 aut
554 4614 1143 4687 subintelligendum.
1186 4618 1300 4675 Sed
1332 4636 1508 4691 porro
1540 4622 1617 4677 ita
1659 4622 1793 4693 legit
1824 4637 1836 4676 :
1866 4625 1913 4676 ἐν

245 4712 430 4760 πίστει
463 4700 791 4778 προσδοκίας
820 4712 911 4757 τοῦ
946 4711 1139 4781 Κυρίου
1182 4712 1275 4766 τὴν
1325 4708 1598 4781 ίπίσκεψιν
1643 4717 1731 4764 καὶ
1783 4711 1916 4785 βοή-

250 4799 396 4851 θειαν
477 4793 638 4845 αὐτοῦ
702 4796 923 4847 πάντοτε
995 4791 1359 4869 ἐκδεχόμενον,
1430 4801 1516 4850 τὸν
1572 4805 1765 4853 σκοπὸν
1827 4810 1917 4856 τοῦ

246 4889 362 4947 νοὸς
395 4888 568 4937 αὒτοῡ
597 4882 669 4944 εἰς
697 4890 849 4935 τοῦτο
876 4886 1070 4955 ἔχοντα
1111 4882 1203 4938 διὰ
1232 4891 1444 4947 παντός.
1486 4889 1648 4953 Quae
1679 4889 1915 4957 docent,

250 4988 583 5047 perperam
627 4972 685 5027 in
723 4971 974 5041 vulgatis
1016 4974 1181 5028 istius
1234 4974 1514 5044 Opusculi
1561 4979 1921 5035 editionibus

250 5079 385 5119 esse
428 5057 866 5133 προσδεχόμενος
911 5067 967 5116 et
1014 5064 1169 5133 ἔχων,
1216 5080 1351 5120 cum
1396 5068 1690 5121 sermonis
1744 5070 1921 5123 series

252 5150 588 5208 manifesto
618 5150 884 5220 requirat
929 5166 1133 5205 casum
1164 5159 1467 5223 quartum.
1515 5158 1651 5219 Ista,
1684 5157 1759 5213 de
1802 5173 1924 5213 non

252 5238 670 5312 desperando,
694 5253 815 5293 non
840 5241 1158 5294 commode
1176 5241 1269 5297 hic
1286 5248 1444 5307 sunt,
1470 5249 1524 5298 et
1546 5245 1603 5299 in
1627 5246 1926 5318 Opusculo

259 5330 334 5385 de
364 5326 675 5384 Libertate
703 5330 914 5384 mentis
955 5344 1089 5399 cap.
1130 5332 1191 5388 t6
1219 5335 1276 5387 et
1319 5332 1383 5386 17
1415 5332 1640 5389 meliori
1677 5340 1928 5408 συναφείᾳ

2098 4538 2159 4591 In
2185 4533 2489 4606 Opasculo
2521 4548 2699 4604 porro
2721 4536 2807 4585 est
2840 4547 2853 4586 :
2887 4527 3047 4582 ἀλλὰ
3085 4533 3279 4602 μόνον
3310 4532 3415 4580 τὸν
3448 4530 3687 4600 Κύριον

2028 4624 2116 4677 ἀεὶ
2154 4627 2277 4695 πρὸ
2308 4621 2644 4694 ὀφθαλμῶν
2676 4622 2872 4692 ἔχειν,
2906 4621 3015 4670 καὶ
3049 4619 3160 4680 τὰς
3186 4616 3431 4678 ἐντολὰς
3462 4614 3687 4672 αὐταῦ,

2028 4714 2201 4784 αὐτῷ
2242 4716 2408 4784 μόνῳ
2450 4709 2845 4782 βουλόμενος
2886 4708 3142 4781 ἀρέσαι.
3189 4711 3249 4761 tn
3290 4704 3546 4761 Homilia
3583 4720 3691 4777 pro

2030 4805 2171 4873 ἔχειν
2229 4807 2314 4855 est
2369 4803 2527 4871 ἔχων,
2580 4798 2760 4871 idque
2819 4802 2997 4854 recte.
3062 4794 3477 4867 Supplendum
3529 4795 3689 4850 enim

2034 4891 2305 4965 βιαζέσθω
2336 4897 2450 4944 cet.
2490 4888 2646 4960 έχων.
2681 4888 2881 4942 Cetera
2907 4901 3119 4957 parum
3149 4884 3395 4939 distant.

2106 4981 2189 5035 De
2223 4978 2503 5033 Custodia
2543 4991 2719 5047 porro
2754 4975 2887 5035 ῑείς
2924 4979 3041 5033 τὴν
3078 4993 3421 5047 πραοτητα
3460 4975 3693 5044 ὁμοίως

2035 5068 2262 5122 ἑαυτὸν
2304 5065 2612 5138 βιαζέτω,
2654 5067 2876 5136 καὶμὴ
2910 5063 3221 5123 θελούσης
3252 5071 3358 5122 τῆς
3396 5058 3689 5137 καρδίας,

2036 5159 2109 5218 ὧς
2137 5161 2332 5229 φήσιν
2363 5158 2387 5207 ὀ
2415 5158 2647 5230 Κύριος
2681 5172 2693 5183 ι
2736 5155 2969 5226 μάθετε
3013 5151 3287 5224 ἀπ’ἒμοῦ·
3311 5156 3419 5205 cet.
3445 5148 3697 5207 Homilia

2039 5246 2209 5301 addit
2270 5244 2337 5305 εἰς
2390 5249 2483 5302 τὴν
2538 5247 2809 5317 πραότητα
2859 5249 2965 5302 τῆς
3018 5236 3316 5315 καρδίας,
3375 5245 3431 5294 et
3481 5235 3698 5293 omittit

2046 5333 2300 5407 βιαξέτω,
2332 5332 2479 5405 quid
2522 5347 2557 5388 ιι
2596 5332 2929 5402 glossatorc
2973 5334 3117 5403 puto
3166 5344 3239 5386 ex
3291 5324 3698 5399 superioribus

1840 5486 2088 5542 NOTAE.

347 5621 575 5695 (a)_Sic
619 5619 919 5695 Semlerus
950 5637 964 5688 ;
996 5620 1169 5695 lege:
1216 5623 1367 5679 Haec
1415 5622 1694 5694 periodus
1738 5628 1936 5695 prima

270 5692 493 5762 capitis
524 5692 583 5749 t3
614 5692 801 5762 primi
832 5692 1140 5763 Opusculi.
1170 5695 1321 5750 Emr.

2117 5624 2198 5697 (b)
2227 5625 2413 5693 Corr.,
2447 5624 2743 5681 Semlerus
2773 5622 2988 5680 habet:
3024 5633 3133 5695 pro
3155 5623 3266 5671 τοῦ
3304 5619 3457 5667 Θεοῦ
3488 5612 3701 5685 legitur

2048 5702 2360 5771 Χριστοῦ.
2404 5699 2482 5753 lD.
