4092 6252
482 273 578 328 271

1830 279 1931 336 J0.
1973 278 2128 334 SAL.
2171 277 2551 335 SEMLERUS

3785 288 3880 339 272

478 399 790 470 repetitum
805 416 956 458 esse.
977 406 1124 461 Nam
1143 405 1409 462 abfuisse
1426 406 1600 463 docet
1617 407 1698 475 id,
1722 405 1887 479 quod
1905 420 2026 460 non
2045 403 2130 459 in.

2263 403 2516 472 ejusdem
2539 404 2817 476 Opusculi
2855 402 3377 480 επροσδοκῶντα
3417 402 3529 458 διὰ
3569 409 3801 469 παντὸς
3832 408 3881 462 ἐν

481 487 974 560 terceditsignum
987 495 1394 560 connexionis,
1410 496 1511 550 sed
1528 503 1836 567 tamquam
1853 499 2130 566 perpetuo

478 576 643 650 [Pag.
683 579 766 649 17]
800 596 1073 638 sermone
1103 584 1372 652 iunctum
1404 592 1509 641 est.

553 667 616 721 In
636 667 910 726 Custodia
929 675 1388 745 ροῐτοεὸμοίως
1413 675 1495 735 εἰς
1519 678 1583 727 τὸ
1606 671 1770 727 εἶναι
1801 673 1852 726 ἐ)
1873 678 1931 731 εὴ
1950 692 2126 744 μονα,

480 760 797 829 χρηστὸν,
839 760 1312 832 εὔσπλαγχνον,
1354 762 1614 834 ἀγαθὸν,
1657 765 1772 821 ὅση
1826 760 2126 832 δύναμις,

481 845 704 898 ἑαυτὸν
744 846 983 910 ἐθίζειν
1022 854 1178 923 μετά
1217 851 1386 923 βίας,
1427 854 1503 913 ὦς
1548 872 1740 925 φησιν
1772 854 1796 903 ὁ
1840 854 2068 924 Κύριος
2107 867 2119 879 ⁶

479 937 737 1006 γίνεσθε
763 941 870 991 cet.
904 939 962 992 in
996 939 1248 996 Homilia
1288 958 1395 1013 pro
1435 941 1729 997 inﬁnitivo
1775 941 1985 996 melius
2030 939 2127 991 ἐθιο

483 1022 632 1090 ζέτω,
655 1025 880 1081 omisso
908 1029 1039 1098 μετά
1065 1027 1210 1100 βίας,
1241 1030 1403 1102 quod
1438 1030 1681 1085 nollem.

553 1114 711 1178 Quae
742 1130 920 1186 porro
965 1124 1314 1188 sequuntur,
1356 1135 1474 1175 non
1527 1119 1779 1174 mullum
1823 1118 2126 1184 differunt,

479 1201 596 1257 nisi
638 1203 803 1273 quod
830 1203 890 1258 in
935 1206 1187 1262 Homilia
1213 1223 1320 1278 pro
1366 1207 1606 1274 vulgato
1633 1209 1828 1278 legere
1871 1207 2078 1262 vellem
2112 1223 2125 1262 :

482 1290 655 1365 ὥσπερ
697 1292 1042 1366 ὑπογραμμὸν
1074 1299 1192 1369 πρὸ
1255 1296 1596 1368 ὀφθαλμῶν
1646 1297 1847 1368 ἐχέτω
1891 1295 1938 1348 ἐν
1982 1299 2125 1368 πάσῃ

481 1384 660 1452 μνήμῃ
721 1381 913 1433 αὑτοῦ
971 1381 1340 1459 ἀληθαργήτῳ,
1397 1386 1538 1456 quia
1569 1387 1736 1442 aliter
1773 1386 1886 1442 ista
1919 1386 2132 1441 ultima

482 1482 606 1523 non
650 1467 803 1523 bene
853 1470 1258 1537 cohaererent,
1300 1481 1354 1528 et
1401 1491 1458 1546 p.
1511 1479 1576 1529 25
1615 1475 1675 1529 in
1717 1474 2015 1546 Opusculo
2061 1474 2132 1529 de

487 1555 762 1613 Custodia
796 1558 944 1614 haec
991 1560 1110 1615 fere
1162 1567 1502 1632 repetuntur
1532 1579 1544 1617 :
1576 1568 1692 1615 τότε
1741 1567 1940 1638 θεωρῶν
1974 1564 1998 1614 ὁ
2032 1565 2133 1615 Κύ-

482 1663 618 1720 ριος.
662 1689 674 1700 .
723 1688 735 1700 .
782 1685 795 1698 .
828 1655 932 1708 πῶς
985 1647 1164 1720 βιάζει
1207 1650 1382 1703 ἑαυτὸν
1431 1659 1652 1705 πάντοτε
1693 1653 1763 1714 εἰς
1800 1657 1892 1711 την
1923 1656 2131 1725 μνήμην

485 1733 646 1786 αὐτοῦ
692 1740 800 1790 cet.
838 1736 1012 1803 ;hinc
1063 1738 1335 1796 additum
1385 1741 1597 1797 vellem
1629 1743 1806 1808 αὑτοῦ,
1863 1742 1986 1798 scil.
2041 1749 2131 1794 τοῦ

488 1831 745 1898 Χριστοῦ.

559 1915 626 1972 In
656 1914 729 1970 de
753 1913 1028 1972 Custodia
1059 1933 1119 1989 p.
1151 1918 1220 1973 24
1251 1920 1516 1992 sequitur
1555 1925 1660 1973 καὶ
1699 1922 1814 1979 ὅση
1857 1919 2134 1993 δύναμις

489 2000 814 2074 βιαζέσθω
845 2012 981 2067 ταῖς
1014 2006 1238 2078 εὐχαῖς
1270 2018 1814 2082 προσκαρτερεῖν,
1844 2007 1959 2062 διὰ
1987 2031 2135 2062 παν-

488 2095 594 2153 τὸς
626 2088 930 2164 δεόμενος
960 2099 1070 2147 καὶ
1109 2099 1451 2149 πιστεύων.
1482 2099 1544 2152 In
1573 2098 1826 2155 Homilia
1855 2099 2136 2155 ommitti-

488 2184 581 2236 tur
608 2178 876 2253 βιαζέσθω
898 2189 952 2238 et
977 2184 1252 2240 scribitur
1273 2192 1742 2261 προσκαρτερείτω.

563 2270 838 2341 Sequitur
866 2287 1045 2342 porro
1084 2273 1330 2341 ibidem,
1363 2277 1606 2332 omissis
1645 2293 1801 2349 quae
1829 2276 1974 2333 nihil
2015 2276 2136 2334 fere

491 2364 768 2415 mutant:
807 2364 898 2412 καὶ
943 2361 1141 2425 οὕτως
1181 2363 1216 2414 ἃ
1268 2371 1372 2415 νῦν
1411 2367 1572 2438 μετά
1613 2365 1765 2438 βίας
1795 2371 2012 2439 καὶμὴ
2050 2369 2138 2420 θε-

490 2447 730 2510 λούσης
766 2457 881 2510 τῆς
917 2447 1202 2524 καρδίας
1236 2462 1435 2523 ποιεῖ,
1477 2453 1720 2516 ἐθίζειν
1760 2456 1984 2508 ἑαυτὸν
2026 2452 2138 2508 διὰ

492 2540 724 2598 παντὸς
763 2538 853 2600 εἰς
891 2542 956 2590 τὸ
998 2541 1263 2610 ἀγαθὸν,
1292 2547 1397 2595 καὶ
1427 2552 1542 2595 τοῦ
1578 2549 1819 2620 Κυρίου
1859 2545 1955 2598 ἀεὶ
1994 2567 2139 2618 μνη-

494 2628 803 2698 μονεύειν,
845 2633 952 2680 καὶ
993 2627 1374 2702 προσδοκᾷν
1414 2633 1602 2685 αὐτὸν
1637 2630 1748 2686 διὰ
1789 2639 2029 2697 παντὸς
2082 2635 2139 2687 ἐν

493 2714 686 2788 πολλῇ
729 2717 1096 2787 ἀγαθότητι
1146 2725 1252 2772 καὶ
1293 2719 1529 2794 ἀγάπη.
1559 2723 1620 2777 In
1656 2723 1903 2779 Homilia
1930 2740 2039 2796 pro
2066 2729 2136 2796 μὴ

498 2803 743 2865 θελούσης
800 2812 910 2861 cet.
959 2815 1046 2862 est
1095 2807 1328 2870 ἀκούσης
1374 2820 1465 2872 τῆς
1509 2809 1735 2885 καρδίας
1782 2821 1936 2878 ποιεῖ,
1992 2813 2142 2866 ἑκου-

499 2897 626 2955 σίως
655 2893 734 2965 (α)
764 2895 950 2966 πράξει
983 2901 1124 2963 ποτέ,
1161 2898 1374 2959 Ἐθίζων
1405 2907 1537 2966 cet.,
1571 2899 1754 2961 ἐθίζων
1787 2917 2030 2974 quoque
2063 2903 2142 2958 le-

497 2983 762 3054 gendum
793 2990 879 3040 est
909 2985 966 3040 in
995 2986 1320 3059 Opusculo.
1363 2992 1506 3045 Nam
1555 2989 1741 3051 ἐθίζειν
1775 3007 1896 3048 non
1928 2992 2141 3063 placet,

2240 497 2463 544 πίστει
2516 490 2899 565 ἀῖιστάκτῳ
2951 499 3008 546 τὸ
3064 495 3490 560 ἕλεοςαύτοῡ,
3535 502 3644 548 καὶ
3685 496 3887 569 βιάζε-

2243 582 2392 632 σθαι
2424 580 2641 634 ἑαυτὸν
2665 583 2753 644 εἱς
2783 587 2846 634 τὸ
2880 583 3226 657 οἰκτείρειν
3253 588 3889 656 cet.,proquoauctius

2239 668 2298 723 in
2322 671 2592 736 Homilia,
2621 669 3001 746 προσδοκῶντα
3041 670 3133 725 διὰ
3161 676 3351 734 παντὸς
3389 676 3438 725 ἐν
3460 677 3643 726 πίστει
3682 671 3891 727 ἀδιστά-

2239 778 2343 829 κτῳ
2416 763 2472 811 τὸ
2527 760 2656 822 ἔλεος
2710 762 2887 827 αύτοῡ,
2933 768 3022 815 καὶ
3073 761 3369 834 βιάζεσθαι
3429 762 3612 814 ἑαυτὸν
3685 763 3756 824 εἰς
3805 768 3889 822 τὴν

2241 848 2469 919 ἀγάπην,
2551 855 2622 922 μὴ
2683 853 2875 923 ἔχοντα
2934 852 3138 923 ἀγάπην
3201 868 3214 882 ·
3279 850 3579 924 βιάζεσθαι
3634 859 3786 917 cet.;
3842 858 3894 908 et

2237 938 2455 992 rectius
2483 938 2728 1010 quidem
2758 942 2857 1007 ita,
2890 942 3054 1013 quod
3086 941 3260 997 docet
3302 941 3685 1013 Opusculum
3714 942 3784 998 de
3814 943 3892 996 Li—

2241 1025 2460 1082 bertate
2515 1043 2570 1084 c.
2643 1031 2703 1083 18
2764 1046 2775 1084 :
2827 1034 2956 1102 πρὸς
3017 1030 3243 1101 ἀγάπην,
3295 1034 3371 1102 μὴ
3431 1031 3649 1102 ἔχοντας
3675 1029 3891 1102 ἀγάπην.

2237 1117 2367 1171 Jam
2398 1117 2688 1188 scriptura
2714 1119 2773 1174 in
2804 1119 3054 1175 Homilia
3079 1125 3133 1174 et
3165 1119 3477 1192 Opusculo
3508 1121 3605 1174 lmo
3634 1120 3895 1192 aliquan-

2239 1205 2428 1261 tulum
2461 1205 2676 1272 differt,
2722 1208 2878 1263 unde
2907 1209 3053 1280 quid
3085 1216 3457 1274 statuamus,
3494 1225 3568 1264 ex
3618 1210 3896 1282 scriptura

2241 1294 2524 1364 Opusculi
2554 1297 2626 1352 de
2649 1296 2945 1353 Libertate
2973 1313 3375 1369 exponemus.
3412 1300 3582 1363 Quae
3618 1297 3743 1353 talis
3773 1303 3852 1352 est
3883 1316 3896 1352 :

2244 1384 2533 1454 [συνωθεῖν]
2607 1390 2738 1458 πρὸς
2815 1390 2872 1438 τὸ
2948 1385 3230 1458 ἀνέχεσθαι
3309 1387 3532 1459 ἀτιμίας
3608 1393 3696 1438 καὶ
3777 1406 3896 1459 παρ-

2241 1474 2469 1544 οράσεως
2542 1479 2631 1526 καὶ
2699 1482 2807 1537 τοῖς
2866 1474 3298 1546 ἐξουθενουμένοις
3385 1475 3738 1550 ἐγκαρτερεῖν,
3798 1491 3895 1545 pro

2241 1577 2363 1633 quo
2407 1563 2536 1632 lege
2602 1579 2746 1619 casu
2810 1569 3025 1635 quarto
3080 1569 3199 1626 τοὺς
3253 1565 3719 1637 ἑξουθενουμένους
3781 1563 3894 1619 scil.

2243 1652 2397 1721 ἡμᾶς,
2432 1651 2468 1704 i.
2500 1667 2548 1706 e.
2603 1657 2660 1706 ut
2716 1654 2773 1707 in
2821 1654 3072 1709 Homilia
3115 1659 3354 1710 exstat:
3391 1655 3468 1714 εἰς
3526 1658 3606 1709 τὸ.
3673 1695 3720 1710 ..
3772 1652 3898 1716 ἐξου-

2171 1759 2212 1812 B
2247 1741 2537 1809 θενούμενον
2570 1741 2598 1799 ἢ
2635 1739 3011 1813 ἀτιμαζόμενον
3041 1747 3111 1814 μὴ
3146 1742 3464 1814 ἀγανακτεῖν
3496 1749 3611 1798 cet.

2315 1829 2592 1900 Sequitur
2623 1846 2800 1900 porro
2833 1831 2892 1885 in
2933 1832 3005 1887 de
3044 1832 3325 1888 Custodia
3357 1849 3369 1882 ε
3430 1831 3794 1904 βιάζεσθαι
3846 1849 3901 1881 τε

2246 1918 2459 1970 ἑαυτὸν
2490 1918 2576 1979 εἰς
2605 1923 2717 1977 τὴν
2749 1918 2971 1991 εὐχὴν,
3007 1925 3195 1992 μήπω
3225 1923 3476 1993 ἔχοντα
3509 1921 3712 1993 εύχὴν
3742 1920 3901 1971 πνεύ-

2244 2025 2466 2078 ματος.
2503 2006 2756 2062 Homilia
2787 2024 3002 2079 parum
3038 2008 3251 2072 differt,
3283 2016 3341 2064 et
3368 2009 3750 2079 corrigemus
3776 2007 3900 2062 hinc

2247 2094 2412 2168 [Pag.
2459 2098 2545 2164 19]
2581 2096 2777 2150 locum
2820 2097 2879 2152 in
2911 2097 2982 2153 de
3027 2097 3351 2166 Libertate,
3404 2099 3512 2154 ubi
3549 2098 3635 2154 ita
3679 2099 3900 2153 exstat:

2245 2188 2386 2238 οὔπω
2447 2187 2638 2243 ταύτην
2692 2184 2991 2257 ἐσχηκότας
3033 2191 3124 2244 τὴν
3187 2187 3288 2250 ἕξιν
3330 2191 3469 2261 πρὸς
3525 2187 3714 2260 εὐχὴν,
3759 2189 3902 2258 μήπω

2245 2277 2537 2347 πνεύματος
2593 2275 2756 2346 εὐχὴν
2809 2280 3165 2347 κεκτημένους,
3241 2292 3352 2347 pro
3423 2277 3656 2349 quibus
3719 2274 3902 2344 legen-

2247 2364 2394 2420 dum
2473 2366 2600 2436 πρὸς
2657 2364 2814 2434 εὐχὴν
2899 2365 3048 2432 (scil.
3119 2367 3418 2436 συνωθεῖν),
3494 2371 3659 2439 μήπω
3726 2366 3902 2421 ταύτης

2249 2453 2544 2526 ἐσχηκότας
2573 2457 2666 2511 τὴν
2697 2453 2820 2519 ἕξιν,
2852 2459 2940 2505 καὶ
2980 2459 3138 2526 μήπω
3170 2460 3282 2510 cet.

2967 2553 2991 2613 ς
3032 2544 3170 2599 VIII.

2325 2631 2436 2688 Sed
2481 2636 2542 2686 ut
2581 2631 2706 2702 jam
2747 2633 3094 2703 perveniam
3139 2633 3214 2688 ad
3261 2633 3342 2698 id,
3389 2634 3569 2705 cujus
3609 2633 3692 2688 rei
3736 2643 3906 2687 causa

2251 2723 2398 2777 haec
2430 2721 2663 2792 scripsi,
2691 2721 2962 2776 omittam
2995 2721 3279 2778 orationis
3314 2723 3373 2778 in
3400 2723 3661 2780 Macario
3685 2719 3907 2784 seriem,

2253 2816 2308 2867 et
2328 2810 2668 2875 ostendam,
2688 2810 2997 2880 probabile
3025 2827 3177 2876 esse,
3199 2811 3345 2867 haec
3364 2813 3580 2868 omnia
3597 2828 3632 2868 a
3655 2807 3906 2866 Macario

2253 2914 2376 2956 non
2416 2897 2637 2968 scripta
2675 2914 2823 2964 esse,
2867 2901 2971 2955 sed
3007 2901 3306 2957 celebrata
3339 2907 3582 2957 tantum
3625 2909 3906 2958 sermone,

2255 2988 2333 3045 ab
2372 2986 2499 3042 aliis
2526 2986 2739 3042 deinde
2785 2987 2920 3044 talia
2950 2990 3477 3061 apophthegmata
3504 2988 3760 3046 subinde
3798 2983 3908 3040 col-

497 3072 662 3144 quod
687 3073 911 3130 librarii
939 3075 1018 3131 ita
1036 3075 1319 3144 fecerunt,
1355 3083 1417 3135 ut
1437 3080 1735 3136 videretur
1763 3082 2141 3146 constructio,
2181 3117 2220 3171 Ο
2255 3077 2406 3134 lecta
2449 3081 2752 3171 etaucta,
2796 3083 2850 3171 et
2877 3077 3118 3171 tandem
3165 3078 3224 3171 in
3270 3078 3420 3171 haec
3469 3095 3666 3171 opera
3701 3076 3913 3171 digesta

496 3177 653 3234 quae
671 3167 869 3218 tamen
889 3164 1050 3221 nulla
1071 3171 1176 3221 est.
1200 3167 1427 3223 Mallem
1451 3175 1649 3224 tamen
1671 3174 1932 3225 ceterum
1952 3169 2145 3239 legere

500 3249 763 3313 ἀκουσίως
792 3259 880 3306 καὶ
916 3258 987 3324 μὴ
1034 3255 1284 3317 θελούσης
1332 3266 1426 3319 τῆς
1466 3255 1708 3332 καρδίας,
1762 3260 1907 3331 quia
1951 3260 2148 3330 sequi—

503 3342 596 3394 tur
626 3338 878 3402 ἑκουσίως
905 3359 917 3396 :
951 3347 1010 3398 et
1031 3349 1184 3399 certe
1209 3345 1288 3400 ita
1318 3345 1495 3400 credo
1521 3345 1722 3401 fuisse.

575 3430 751 3484 Porro
778 3429 836 3483 in
869 3431 1168 3500 Opusculo
1209 3433 1422 3488 eodem
1447 3465 1510 3474 -
1533 3435 1740 3490 omitto
1781 3450 1902 3490 non
1934 3451 2148 3506 pauca,

503 3517 647 3588 quia
699 3516 812 3571 hoc
855 3519 1159 3588 specimen
1199 3520 1376 3574 breve
1420 3537 1548 3576 esse
1589 3523 1764 3577 debet
1803 3553 1870 3564 —
1911 3538 1970 3593 p.
2023 3527 2090 3577 26
2137 3538 2149 3574 :

505 3607 606 3658 ὅτε
656 3615 1057 3678 καρποφορεῖ
1104 3610 1427 3681 καθαρῶς,
1478 3626 1586 3682 pro
1636 3627 1757 3683 quo
1789 3627 1861 3666 ex
1910 3611 2157 3667 Homilia

506 3709 566 3766 p.
609 3696 712 3748 290
745 3695 1128 3751 scribendum
1161 3701 1301 3748 τότε
1365 3707 1680 3772 καρποφορεῖ
1735 3702 1994 3774 καθαρῶς.
2051 3700 2160 3754 [bi-

508 3782 690 3838 dem:
723 3788 850 3858 χρὴ
885 3780 952 3837 δὲ
984 3790 1312 3859 πρότερον.
1358 3828 1370 3842 .
1418 3829 1430 3842 .
1481 3831 1493 3844 .
1529 3789 1729 3851 οὕτως
1760 3788 2023 3861 βιάζειν
2053 3792 2160 3840 καὶ

511 3871 724 3938 αὐτόν,
773 3888 880 3944 pro
937 3891 1059 3945 quo
1113 3874 1174 3930 in
1232 3876 1541 3950 Homilia§
1579 3883 1607 3933 3
1658 3876 1943 3950 βιάζεσθαι
1983 3879 2160 3931 ἑαυτὸν

511 3966 724 4017 exstat.
760 3963 824 4018 Et
852 3963 1011 4033 [Pag.
1041 3965 1127 4034 18]
1145 3964 1205 4020 id
1237 3964 1446 4036 placet,
1476 3967 1619 4038 quia
1645 3967 1946 4022 divulsum
1982 3966 2162 4040 βιάζε-

514 4052 635 4104 σθαι
676 4051 976 4124 peperisse
1003 4054 1232 4109 videtur
1253 4054 1674 4113 diversitatem.
1699 4059 1830 4113 Jam
1860 4073 1994 4114 vero
2016 4057 2163 4112 haec

511 4143 621 4214 χρὴ
651 4145 908 4216 πρὸτερων
939 4147 1048 4198 cet.
1077 4143 1309 4199 tertium
1338 4151 1658 4202 occurrunt
1688 4147 1747 4202 in
1769 4145 2069 4218 Opusculo
2093 4146 2166 4202 de

512 4231 810 4288 Libertate
834 4231 1041 4287 mentis
1072 4247 1204 4304 cap.
1239 4237 1321 4289 l8.
1355 4234 1440 4290 Ibi
1467 4235 1627 4291 enim
1658 4236 1865 4292 omnia
1895 4236 1972 4291 ab
1997 4236 2164 4292 initio

515 4319 876 4375 conveniunt
893 4335 1030 4375 cum
1047 4319 1333 4376 Homiliae
1355 4323 1667 4395 scriptura,
1693 4325 1806 4380 nisi
1830 4324 1993 4397 quod
2015 4324 2166 4380 haec

517 4406 733 4462 melius
803 4407 983 4463 habet
1037 4409 1432 4481 προσελθόντα.
1493 4413 1655 4478 Quae
1711 4417 2044 4484 sequuntur
2108 4413 2165 4468 in

517 4495 730 4553 eodem
761 4496 834 4553 de
873 4497 1165 4554 Libertate
1207 4499 1507 4570 Opusculo
1559 4499 1756 4573 βιαστὴ
1799 4504 1923 4574 γὰρ,
1956 4507 2112 4574 φησὶν
2144 4505 2168 4556 ὁ

518 4590 652 4654 cet.,
684 4590 838 4641 recte
868 4585 1027 4640 hunc
1056 4587 1255 4644 locum
1296 4596 1629 4661 occupant;
1657 4591 1716 4645 iu
1751 4591 2000 4647 Homilia
2029 4608 2170 4648 vero

519 4680 575 4732 et
614 4674 914 4746 Opusculo
948 4677 965 4729 l
999 4691 1117 4732 non
1161 4679 1389 4748 optimo
1420 4678 1550 4734 loco
1581 4685 1831 4735 exstant.
1881 4683 2170 4752 Corrupta

518 4779 656 4820 vero
683 4769 842 4830 sunt,
869 4780 1026 4837 quae
1058 4781 1196 4821 mox
1225 4766 1284 4822 in
1316 4767 1615 4839 Opusculo
1654 4769 1726 4825 de
1755 4769 2053 4826 Libertate
2084 4786 2171 4825 se-

519 4858 804 4926 quuntur.
839 4853 1029 4923 Vulgo
1068 4857 1224 4911 enim
1253 4857 1330 4911 ita
1379 4862 1554 4912 sunt:
1612 4857 1963 4929 ἀγωνίζεσθαι
2019 4859 2170 4911 πάλιν

521 4943 677 4997 αὐτὸν
731 4942 971 4996 εἰσελθεῖν
1021 4941 1116 4997 διὰ
1161 4953 1252 5008 τῆς
1303 4953 1485 5008 στενῆς
1529 4948 1707 5019 θύρας,
1760 4963 1914 5019 quae
1966 4949 2173 5004 etlatt-

520 5049 668 5090 num
699 5034 1078 5104 interpretem
1118 5034 1498 5106 deceperunt.
1536 5038 1703 5092 Certo
1735 5043 1932 5092 autem
1976 5036 2172 5107 legen-

523 5121 669 5178 dum
701 5127 787 5178 est
829 5139 841 5177 :
887 5127 976 5175 καὶ
1019 5123 1169 5176 πάλιν
1226 5123 1563 5197 [γέγραπται]
1593 5142 1608 5158 ο
1657 5124 2007 5195 ἀγωνίζεσθαι
2037 5131 2169 5193 cet.,

525 5214 589 5269 ut
619 5211 736 5268 fere
763 5216 954 5268 exstat
982 5213 1039 5268 in
1071 5213 1143 5270 de
1170 5213 1454 5270 Custodia
1486 5230 1545 5287 p.
1578 5214 1666 5268 24.

597 5300 816 5358 Omitto
832 5301 1104 5373 judicare
1128 5301 1204 5357 de
1235 5302 1326 5369 iis,
1355 5317 1512 5375 quae
1541 5303 1599 5358 in
1632 5302 1883 5358 Homilia
1905 5307 1960 5358 et
1990 5305 2177 5375 Opus-

525 5388 660 5447 culo
700 5390 719 5446 ι
757 5389 1064 5461 interjecta
1109 5393 1264 5456 sunt,
1315 5395 1370 5447 et
1413 5405 1595 5463 pergo
1640 5391 1716 5448 ad
1771 5407 1830 5464 p.
1881 5394 1947 5446 26
1991 5391 2174 5462 hujus

2259 3181 2413 3223 esse.
2438 3165 2700 3235 Subjecit
2725 3166 2929 3220 Pritius
2956 3166 3201 3222 editioni
3226 3183 3370 3222 suae
3395 3165 3912 3240 Apophthegmata

2261 3253 2562 3327 quaedam
2595 3254 2847 3321 Macarii,
2879 3271 3134 3327 quorum
3169 3256 3439 3327 primum
3483 3261 3680 3314 exstat
3705 3271 3764 3326 p.
3802 3253 3914 3315 231,

2262 3343 2427 3416 quod
2468 3344 2514 3398 si
2545 3343 2680 3415 quis
2725 3342 2882 3412 legit,
2925 3349 2982 3398 et
3011 3343 3165 3413 leget
3208 3351 3420 3416 postea
3466 3362 3559 3414 ea,
3607 3345 3682 3400 de
3711 3340 3912 3414 quibus

2265 3432 2638 3503 scripsimus,
2667 3431 2927 3488 offendet
2955 3432 3166 3488 eadem
3195 3449 3258 3489 re
3300 3435 3431 3504 ipsa
3467 3436 3712 3490 diversa
3738 3425 3912 3484 verbis

2267 3538 2401 3577 esse
2414 3527 2468 3575 et
2491 3521 2816 3576 sententiis.
2836 3521 2898 3575 In
2924 3522 3059 3591 ipsa
3081 3528 3278 3578 tamen
3295 3523 3394 3578 illa
3411 3525 3716 3595 scriptura
3730 3513 3910 3574 malim

2271 3627 2373 3681 pro
2404 3615 2514 3662 καὶ
2565 3613 2634 3681 μὴ
2660 3617 2882 3681 μετρεῖν,
2925 3617 3036 3662 τοῦ
3076 3615 3146 3682 μὴ
3199 3616 3335 3675 cet.,
3386 3612 3662 3668 similiter
3700 3622 3803 3681 pro
3838 3604 3912 3654 καὶ

2271 3703 2336 3752 τὸ
2388 3703 2456 3768 μὴ
2509 3706 2702 3772 κρῖναι,
2757 3704 2844 3751 καὶ
2874 3707 2984 3750 τοῦ
3024 3703 3094 3771 μὴ
3157 3705 3292 3765 cet.,
3346 3706 3400 3755 et
3455 3707 3548 3754 καὶ
3581 3707 3692 3752 τοῦ
3753 3692 3911 3762 ὑποφέ-

2273 3808 2374 3861 ρειν
2401 3795 2454 3842 et
2485 3793 2572 3839 καὶ
2603 3795 2713 3839 τοῦ
2757 3786 3105 3862 ἀπορρίπτειν,
3165 3795 3218 3844 el
3276 3788 3517 3861 βιαστῶν
3574 3792 3723 3842 ἐστι
3771 3782 3915 3856 βασι-

2272 3878 2383 3930 λεία
2407 3893 2515 3950 pro
2540 3875 2661 3930 ἐπί.
2703 3878 2872 3941 Quod
2917 3892 3058 3945 ergo
3098 3878 3318 3933 diversi
3353 3878 3610 3935 diversis
3650 3875 3789 3932 locis
3818 3870 3916 3924 ista

2274 3967 2510 4037 egregia
2552 3965 2810 4020 hominis
2841 3965 3002 4021 dicta
3045 3966 3425 4036 collegerunt,
3456 3975 3519 4024 at
3550 3966 3667 4022 alio
3706 3961 3798 4019 alii
3838 3968 3914 4011 or-

2276 4057 2415 4111 dine
2439 4055 2830 4125 digesserunt,
2864 4054 3000 4110 inde
3033 4055 3214 4119 venit,
3247 4056 3412 4122 quod
3453 4056 3607 4113 haec
3639 4043 3915 4124 Opuscula

2276 4149 2417 4201 nata
2448 4148 2605 4210 sunt,
2640 4148 2694 4199 et
2729 4143 2916 4199 multa
2947 4148 3048 4199 aut
3088 4143 3374 4216 pleraque
3413 4145 3624 4202 omnia
3653 4142 3744 4198 bis
3770 4139 3820 4192 et
3846 4139 3914 4188 ter

2277 4238 2614 4290 occurrunt.

3020 4322 3044 4386 5
3084 4320 3173 4375 IX.

2353 4410 2464 4467 Sed
2500 4409 2639 4464 mihi
2664 4409 2911 4464 omnino
2942 4408 3290 4473 videndum,
3317 4423 3389 4463 ne
3418 4410 3656 4466 desinat
3676 4405 3784 4461 hoc
3802 4407 3913 4453 esse

2282 4499 2608 4572 specimen.
2668 4496 2929 4555 Sufﬁciat
2976 4497 3314 4552 ostendisse
3368 4500 3574 4554 omnia
3631 4492 3802 4550 verba
3842 4486 3912 4540 ita

2280 4605 2407 4644 esse
2451 4588 2717 4659 repetita,
2757 4592 2816 4641 ut
2857 4587 2943 4640 vix
2973 4585 3250 4642 differant
3288 4586 3400 4641 levi
3449 4585 3782 4643 traiectione
3822 4573 3911 4669 at“

2282 4679 2506 4749 aliquot
2538 4677 2736 4732 literis.
2782 4677 3046 4730 Ceterum
3081 4676 3382 4746 spondere
3424 4678 3642 4743 ausim,
3691 4683 3780 4726 me
3809 4660 3909 4719 alio

2283 4767 2426 4822 forte
2472 4771 2735 4836 tempore
2765 4772 3171 4829 ostensurum,
3205 4765 3304 4819 vix
3346 4765 3658 4820 minimam
3701 4761 3908 4830 partem

2283 4855 2462 4910 semel
2491 4854 2626 4917 dici,
2655 4853 2756 4907 sed
2781 4852 2983 4907 omnia
3008 4852 3124 4907 fere
3151 4852 3264 4917 bis,
3293 4852 3478 4908 multa
3496 4858 3581 4909 ter
3603 4850 3908 4935 occurrere-

2281 4943 2444 5016 [Pag.
2491 4943 2582 5015 20]
2625 4941 2831 4996 Paucis
2887 4941 3084 4996 adhuc
3134 4942 3448 5011 attingam,
3489 4954 3643 5013 quae
3694 4933 3910 5024 ιιι)οεὶύέ

2283 5032 2424 5088 olim
2479 5031 2832 5101 exponenda
2882 5030 3017 5084 sint.
3054 5030 3336 5097 Primum,
3379 5031 3532 5086 male
3571 5024 3767 5084 omnia
3813 5018 3910 5069 ista

2283 5137 2414 5176 esse
2462 5119 2818 5190 composita,
2854 5123 2933 5185 ut,
2987 5135 3124 5173 cum
3161 5119 3235 5174 sit
3286 5119 3530 5191 aliquod
3571 5104 3907 5198 Opusculutn

2284 5212 2355 5267 de
2383 5209 2680 5272 Oratione,
2712 5206 2896 5262 multa
2921 5207 2980 5262 in
3008 5224 3078 5262 eo
3112 5209 3247 5274 sint,
3277 5190 3433 5280 quae
3458 5209 3594 5272 alio,
3629 5207 3682 5259 et
3710 5201 3763 5254 in
3792 5190 3907 5287 aliis

2287 5300 2478 5372 plura,
2524 5312 2680 5370 quae
2711 5312 2781 5352 eo
2826 5297 3220 5369 pertinebant.
3265 5297 3484 5354 Deinde
3528 5290 3826 5379 praecipue
3853 5287 3905 5379 in

2286 5386 2552 5444 Homiliis
2593 5385 2782 5443 oratio
2831 5400 2951 5442 non
2982 5386 3310 5458 interrupta
3353 5385 3548 5443 solum
3585 5378 3903 5455 quaestiun-

2081 5525 2332 5599 NOTAE.

601 5669 682 5743 (α)
715 5668 896 5740 Corr.,
932 5668 1229 5728 Semlerus
1262 5667 1506 5732 ἑκούσης.
1534 5671 1686 5726 Enrr.
