4092 6252
529 340 634 399 2⁸15

1867 332 1969 390 JO.
2012 336 2167 392 SAL.
2213 335 2591 396 SEMLEBUS
3802 339 3894 394 276

517 467 695 540 ἀποχὴ
748 465 1010 525 τελείωσίς
1051 461 1211 528 ἔστιν,
1264 461 1371 514 ἀλλ’
1427 463 1457 520 ἡ
1504 463 1635 513 κατά
1682 458 1917 513 διάνοιαν
1970 463 2164 536 κάθαρ-

2297 463 2437 519 :nim
2465 464 2761 536 dependet
2790 463 3177 521 constructio.
3210 463 3409 519 Latina
3435 462 3625 518 versio
3652 462 3896 521 similiter

520 577 621 619 σις,
657 557 789 613 αὑτη
838 554 1020 607 τελεία.
1054 555 1118 607 Et
1163 553 1221 606 in
1262 550 1511 608 Homilia
1535 567 1650 605 xvn
1685 550 1712 621 ἓ
1753 552 1817 605 15
1852 567 1863 604 :
1913 554 1969 602 οὑ
2000 554 2098 623 γὰρ
2131 553 2159 610 ἡ

520 645 702 717 ἀποχὴ
758 652 857 696 τῶν
894 651 1082 709 κακῶν⁹
1140 642 1269 699 αύτη
1316 640 1457 694 ἐστὶν
1504 642 1533 698 ἡ
1578 639 1854 706 τελείωσις,
1891 639 1996 691 ἀλλ’
2028 645 2164 706 cet.,

518 736 622 791 ubi
656 734 901 807 paulum
928 733 1132 787 variat.
1167 731 1441 786 Planiora
1472 732 1551 785 ita
1576 735 1771 785 essent
1796 731 1855 784 in
1887 731 2165 800 Opusc.],

523 825 570 880 si
615 839 727 896 pro
779 823 972 894 primo
1028 822 1284 891 κάθαρσις
1316 824 1469 874 esset
1516 819 1793 884 τελείωσις,
1847 826 1909 873 ut
1952 819 2008 872 in
2042 819 2167 874 aliis

520 913 690 979 locis,
724 911 858 967 licet
898 910 955 965 in
996 910 1230 980 scriptis
1265 908 1624 964 Graecorum
1671 908 1942 964 asceticis
1972 907 2168 960 τελείω-

525 1020 610 1063 σις
660 1004 716 1056 et
766 1001 1021 1071 κάθαρσις
1076 997 1234 1053 idem
1281 996 1403 1052 fere
1448 997 1545 1053 sit.
1597 996 1813 1053 Ultima
1866 997 2044 1051 verba
2075 1012 2170 1051 ca-

519 1090 655 1163 pitis
684 1089 864 1160 hujus
892 1088 979 1143 Imi
1014 1086 1163 1143 haec
1201 1086 1379 1155 vulgo
1433 1095 1616 1141 sunt:
1670 1085 1713 1138 εἰ
1753 1082 1812 1139 δὲ
1850 1090 1944 1158 μὴ,
1991 1104 2171 1138 ταπει-

519 1181 693 1241 νωθεὶς
756 1182 825 1238 ὡς
877 1173 1055 1237 ἐνδεὴς
1104 1179 1194 1227 καὶ
1247 1175 1545 1250 ἁμαρτωλὸς
1591 1176 1717 1248 ὑπὲρ
1794 1184 1892 1226 τῶν
1942 1179 2170 1248 κρυφίων

525 1287 620 1321 σου
654 1264 888 1339 δεόμενος
917 1272 1008 1319 τοῦ
1047 1270 1195 1319 Θεοῦ.
1237 1265 1342 1320 Ubi
1383 1264 1553 1319 deest
1600 1265 1851 1320 verbum
1890 1264 1965 1319 ad
2006 1266 2169 1336 quod

522 1358 637 1413 ista
669 1356 980 1427 participia
1009 1356 1323 1426 pertinent.
1355 1354 1523 1418 Quod
1552 1352 1956 1425 supplendum
1983 1360 2070 1410 est
2099 1370 2171 1409 ex

525 1448 746 1517 Opusc.
779 1445 826 1497 V
857 1460 990 1515 cap.
1023 1445 1086 1497 21
1121 1459 1132 1497 :
1164 1442 1486 1515 πρόσελθε
1517 1443 1642 1517 ὑπὲρ
1674 1450 1772 1493 τῶν
1799 1447 2025 1517 κρυφίων
2057 1447 2167 1497 cet.

597 1553 677 1606 Ad
712 1568 829 1607 CAP.
873 1552 917 1605 Il
949 1551 1021 1605 de
1061 1548 1257 1605 verbis
1301 1548 1525 1605 ultimis
1560 1565 1875 1605 monemus
1910 1566 1922 1605 :
1969 1546 2054 1603 διὸ
2082 1554 2170 1603 καὶ

527 1641 682 1693 ὕπνον
736 1640 944 1712 λέγομεν
992 1644 1085 1698 τὴν
1148 1643 1395 1711 κοίμησιν
1450 1647 1547 1691 τῶν
1605 1639 1788 1710 ἁγίων.
1842 1638 2040 1695 Melius
2100 1655 2169 1695 ex

524 1728 777 1785 Homilia
820 1730 933 1784 ista
979 1728 1111 1800 xv§
1158 1732 1223 1785 39
1271 1729 1382 1798 legi
1434 1745 1447 1783 :
1502 1728 1658 1781 ὕπνον
1705 1725 1791 1780 οὖν
1835 1728 2044 1801 λέγομεν
2082 1734 2173 1781 καὶ

526 1824 775 1890 κοίμησιν
836 1826 934 1869 τῶν
998 1818 1157 1885 ἁγίων
1215 1821 1300 1869 τόν
1379 1820 1615 1870 θάνατον.
1677 1818 1827 1872 Natu
1885 1818 2042 1879 ὕπνος
2118 1814 2520 1882 θιΒιὶηθηίθ,
2584 1829 2729 1896 Lege

523 1912 773 1980 κοίμησις
800 1907 959 1964 idem
982 1908 1296 1977 signiﬁcat.

598 2015 842 2072 Omissis
874 2015 1103 2085 aliquot
1122 2015 1417 2086 capitibus
1440 2014 1767 2088 leviterque
1804 2017 2174 2071 variantibus

528 2105 832 2175 scripturis
864 2104 939 2158 ad
972 2119 1094 2158 cu.
1130 2102 1198 2156 VI
1226 2104 1519 2158 venimus.
1550 2104 1632 2159 Ibi
1664 2107 1743 2159 ita
1769 2110 1959 2160 exstat
1991 2121 2004 2158 :
2041 2106 2175 2157 οὑτω

527 2197 617 2245 καὶ
672 2194 698 2244 ὁ
756 2191 1134 2266 προϐλεπτικός
1199 2200 1310 2252 νοῦς
1384 2192 1657 2262 προϐλέπει
1723 2197 1895 2264 ταχύς
1959 2193 2025 2245 ὢν
2082 2202 2175 2254 τῆς

530 2280 883 2353 ἀντικειμένης
922 2277 1193 2352 δυνάμεως
1237 2284 1327 2342 τὰς
1375 2285 1565 2352 τέχνας
1614 2286 1727 2338 cet.
1770 2282 2026 2338 Homilia
2074 2300 2176 2337 au-

530 2376 649 2426 tem
694 2386 772 2425 Vll
823 2370 850 2442 ς
900 2373 931 2423 8
989 2390 1002 2426 :
1043 2370 1177 2422 οὕτω
1226 2374 1317 2422 καὶ
1359 2371 1383 2421 ὁ
1440 2378 1557 2433 νοῦς
1602 2370 1877 2445 προϐλέπει
1926 2377 2179 2447 γοργόρος

530 2463 596 2510 ὥν
640 2466 746 2515 cet.
802 2459 1143 2527 Legendum
1185 2463 1395 2530 γοργὸς,
1442 2475 1559 2514 non
1609 2465 1858 2532 γοργόρος
1900 2478 1912 2516 :
1955 2466 2010 2516 et
2064 2461 2180 2517 ista

528 2564 639 2603 vox
659 2563 837 2617 saepe
859 2548 1113 2603 occurrit
1143 2549 1199 2601 in
1226 2547 1473 2603 Homilia
1505 2565 1602 2603 uu.
1639 2549 1962 2621 Hesychius
1998 2568 2177 2626 τγορ-

529 2640 660 2708 γός,
741 2636 1030 2701 εὐκίνητος,
1109 2640 1302 2709 ταχύς,
1379 2636 1621 2709 σκληρός,
1685 2637 1922 2713 λιπαρός,
2002 2641 2180 2714 εύτρα-

533 2728 652 2797 φής.
686 2724 848 2781 Adeo
878 2729 1046 2797 ταχὺς
1088 2726 1145 2780 in
1201 2728 1415 2798 Opusc.
1452 2729 1471 2781 Ι
1506 2742 1637 2798 cap.
1670 2727 1703 2782 6
1734 2734 1820 2782 est
1859 2727 2057 2797 glossa
2088 2737 2179 2782 τοῦ

530 2817 785 2887 γοργόν

603 2923 747 2991 Cap.
800 2920 895 2975 νΙΙ
939 2936 1048 2993 pro
1093 2928 1183 2974 τοῦ
1231 2929 1320 2974 νοῦ
1368 2923 1513 2994 ἡμῶν
1556 2923 2010 2997 προσκαλουμένων
2049 2928 2181 2993 μετὰ

531 3015 624 3060 τοῦ
680 3013 873 3082 Κυρίου
918 3011 1129 3062 πάντοτε
1183 3011 1311 3080 lege
1378 3029 1390 3066 :
1447 3010 1905 3085 προσκολλωμίνου
1957 3013 2027 3083 τῷ
2079 3020 2180 3066 Κυ-

533 3101 630 3170 ρίῳ
673 3103 780 3154 cet.
819 3115 832 3165 ;
889 3099 971 3154 ita
1001 3103 1192 3154 exstat
1242 3099 1301 3154 in
1352 3101 1570 3170 Opusc.
1616 3101 1662 3153 ΙΙ
1705 3116 1837 3171 cap.
1872 3102 1937 3157 l3
1972 3120 1984 3157 :
2020 3104 2045 3154 ὁ
2075 3105 2176 3177 γὰρ

531 3194 651 3249 νοῦς
708 3189 852 3259 ἡμῶν
905 3188 1038 3240 οὕτω
1096 3184 1382 3251 διαπαντὸς
1436 3190 1506 3259 τῷ
1564 3197 1677 3260 Θεῷ
1730 3190 2178 3263 προσκολλωμενος
2214 3166 2255 3223 C

534 3281 643 3332 cet.
673 3277 979 3332 Praeterea
1009 3282 1363 3347 provocatur
1389 3277 1459 3332 ad
1488 3278 1506 3331 l
1539 3278 1667 3333 Cor.
1703 3296 1781 3346 vr,
1813 3284 1897 3345 t7,
1936 3280 2036 3335 ubi
2068 3281 2180 3336 hoc

537 3366 699 3436 [Pag.
728 3369 779 3437 7]
834 3366 1083 3420 verbum
1137 3365 1274 3419 item
1311 3373 1518 3420 exstat.
1563 3367 1811 3437 Vulgata
1852 3367 2023 3422 lectio
2055 3368 2181 3423 sine

534 3468 734 3515 sensu,
769 3457 833 3507 ut
850 3453 1025 3507 docet
1057 3454 1243 3508 versio
1270 3453 1477 3508 latina.
1519 3454 1794 3526 Sequitur
1823 3456 1900 3511 ibi
1938 3458 2134 3511 statim
2164 3473 2177 3510 :

536 3546 718 3592 τοῦτον
760 3536 819 3593 δὲ
869 3545 956 3592 τὸν
1012 3546 1239 3612 κρυπτὸν
1320 3540 1495 3612 ἀγῶνα
1565 3548 1654 3595 καὶ
1715 3544 1926 3615 μελέτην
1990 3550 2181 3616 Κυρίου

537 3634 627 3681 καὶ
689 3633 841 3681 πόνον
907 3634 1088 3691 νυκτός
1145 3635 1234 3682 καὶ
1310 3632 1503 3705 ἡμέρας
1570 3635 1711 3703 ἔχειν
1769 3634 1906 3703 ἡμᾶς
1955 3639 2064 3707 χρὴ
2118 3634 2183 3694 εἰς

537 3723 713 3771 πᾶσαν
792 3714 1129 3776 ἐπιτήδευσιν
1199 3717 1424 3781 ἐντολῆς,
1496 3722 1597 3773 εἶτε
1686 3721 1998 3792 εὐχομένων,
2086 3726 2184 3775 εἴτε

537 3806 835 3871 ἐσθιόντων,
891 3808 920 3865 ἦ
978 3804 1370 3872 διακονούντων,
1428 3809 1456 3867 ἦ
1508 3814 1775 3874 πινόντων,
1836 3811 1865 3869 ἡ
1921 3811 2088 3885 ἕτερον
2134 3831 2185 3863 τι

539 3897 844 3949 ποιούντων.
881 3895 986 3951 Ubi
1025 3899 1384 3952 constructio
1416 3913 1627 3965 graeca
1671 3898 1967 3955 claudicat
1998 3917 2028 3955 a
2058 3917 2180 3955 ver-

542 3984 622 4039 bo
670 3989 779 4058 χρὴ
829 3985 1117 4055 pendens.
1167 3986 1505 4055 Legendum
1561 4003 1631 4042 ex
1691 3988 1901 4043 eodem
1954 3991 2175 4060 Opusc.

542 4074 586 4128 Π
634 4073 855 4145 ubique
885 4090 1026 4130 casu
1066 4082 1316 4147 quarto:
1366 4079 1466 4128 εἴτε
1504 4076 1836 4149 εὐχομένους,
1877 4081 1976 4131 εἴτε
2009 4075 2188 4132 dictato-

542 4170 773 4229 νοῡντας,
818 4164 847 4223 ἣ
882 4162 1169 4231 ἐσθίοντας,
1225 4164 1253 4223 ἦ
1304 4168 1565 4230 πίνοντας,
1599 4167 1628 4224 ἡ
1682 4167 1848 4240 ἔτερόν
1897 4186 1949 4218 τι
1984 4176 2185 4219 ποιοῦν-

544 4271 653 4316 τας,
705 4259 931 4307 mutato
962 4253 1138 4308 simul
1181 4256 1389 4309 ordine
1430 4256 1674 4309 secuudi
1713 4262 1767 4310 et
1807 4256 1954 4310 tertii
1990 4257 2178 4311 verbi.

617 4359 754 4416 Car.
804 4360 921 4414 VIII
954 4361 1209 4415 occurrit
1239 4360 1476 4431 phrasis
1512 4379 1523 4413 :
1552 4366 1601 4413 τί
1646 4358 1695 4414 δ’
1728 4361 1847 4414 ἄλλο
1880 4363 1972 4414 διὰ
2000 4366 2191 4415 τούτων

548 4446 833 4500 αἰνίττεται
912 4452 969 4501 τὸ
1039 4456 1258 4521 πνεῦμα,
1323 4448 1430 4501 ἀλλ’
1484 4450 1513 4507 ἦ
1591 4450 1915 4525 ὑψηλοτέραν
1980 4453 2192 4526 θεωρίαν

2276 558 2453 618 errat,
2486 569 2642 625 quae
2674 554 2819 610 solet
2849 568 3286 625 nonnunquam
3314 552 3455 607 satis
3486 551 3640 607 mala
3664 566 3801 607 esse.

2349 670 2481 724 CAP.
2519 669 2581 725 lX
2632 673 2767 741 pOSt
2815 669 3081 724 medium
3119 690 3132 724 :
3177 666 3331 720 καλόν
3368 669 3507 720 ἑστιν
3538 668 3568 725 ἡ
3619 669 3892 733 νηστεία,ή

2280 755 2559 829 ἀγρυπνία,
2638 760 2667 816 ἠ
2731 759 2946 822 ξενιτεία
3006 775 3018 787 ⁸
3070 756 3197 809 ἀλλὰ
3251 764 3421 810 ταῦτα
3477 754 3613 826 ἀκμὴ
3666 755 3898 816 πολιτείας

2277 848 2416 899 ἐστὶν
2470 849 2671 918 ἀγαθῆς
2706 865 2719 877 ⁵
2778 847 2911 906 πλὴν
2961 849 2988 905 ἱ)
3054 846 3201 909 τάξις
3250 854 3349 897 τῶν
3394 853 3711 919 Χριστιανῶν
3751 843 3899 917 [Pag.

2277 934 2335 1008 8]
2361 937 2587 1007 ἐσωτέρα
2622 936 2733 989 ἐστὶ
2777 939 2971 989 τούτων
3002 940 3113 991 cet.
3152 935 3358 991 Latina
3388 934 3578 989 versio
3623 933 3748 988 talis
3780 938 3855 989 est
3885 952 3895 991 :

2277 1024 2396 1081 Sed
2410 1025 2554 1081 haec
2565 1027 2674 1095 ﬂos
2688 1026 2806 1094 ipse
2819 1041 2889 1082 ac
2904 1025 3072 1096 vigor
3087 1030 3227 1080 sunt
3252 1038 3530 1080 conversa
3539 1022 3710 1078 tionis
3721 1021 3898 1079 bonae.

2282 1114 2551 1170 Ceterum
2566 1115 2712 1170 ordo
2740 1114 3220 1171 Christianorum
3233 1112 3484 1169 interior
3498 1116 3581 1168 est
3600 1110 3687 1167 his
3701 1114 3801 1166 cet.
3817 1111 3902 1165 Hic

2279 1203 2475 1275 qualis
2491 1219 2704 1259 sensus
2722 1203 2749 1258 ‘i
2776 1204 2831 1260 Si
2856 1202 3079 1275 aliquid
3110 1207 3199 1257 est
3222 1201 3618 1272 praecipuum
3646 1201 3703 1254 in
3724 1198 3900 1270 aliqua

2280 1307 2363 1357 re,
2381 1307 2487 1346 cur
2503 1290 2645 1346 illud
2667 1295 2792 1347 tam
2813 1292 2980 1363 parvi
2998 1288 3288 1345 ducatur?
3319 1290 3380 1344 In
3400 1287 3899 1360 OpusculoVIcap.

2279 1380 2348 1436 30
2379 1380 2525 1437 haec
2564 1379 2644 1435 ita
2686 1380 3025 1435 habentur:
3069 1379 3223 1430 καλὸν
3265 1381 3294 1436 ἡ
3329 1382 3634 1442 νηστεία,...
3687 1381 3771 1428 καὶ
3796 1394 3904 1449 προ-

2280 1476 2424 1542 οίμια
2468 1476 2637 1522 ταῦτα
2690 1469 2944 1530 πολιτείας
3002 1468 3262 1541 θεοφιλοῦς
3295 1485 3307 1497 ⁸
3367 1466 3642 1539 ἀλόγιστον
3698 1461 3752 1518 δὲ
3812 1464 3906 1515 ἁτε-

2280 1568 2421 1630 χνῶς
2479 1562 2535 1611 τὸ
2599 1559 2767 1620 ἁπλῶς
2821 1566 2932 1621 τοῖς
3002 1560 3259 1618 τοιούτοις
3309 1556 3623 1631 ἐπιθαρῥείν.
3686 1552 3905 1609 Reddita

2280 1654 2414 1704 sunt
2431 1666 2443 1704 :
2460 1650 2603 1707 haec
2612 1648 3059 1717 prooemiasunt
3074 1646 3537 1703 conversationis
3554 1645 3721 1700 Deum
3733 1656 3909 1698 aman-

2284 1738 2450 1804 tium,
2483 1755 2663 1794 sensu
2697 1753 2816 1792 non
2861 1735 3269 1799 incommodo,
3313 1734 3419 1789 sed
3460 1733 3579 1788 huc
3627 1747 3742 1786 non
3792 1745 3907 1801 per-

2777 1844 2789 1881 :
2845 1831 2935 1878 καὶ
2984 1829 3249 1897 παρόμοια
3290 1830 3460 1875 ταῦτα
3507 1820 3756 1880 πολιτείας
3810 1819 3905 1871 θεο-

2286 1916 2481 1989 φιλοῦς,
2516 1923 2568 1971 et
2606 1915 2821 1971 similia
2852 1915 2995 1970 talia
3046 1914 3350 1970 exercitia.
3402 1913 3496 1967 Sic
3523 1915 3582 1966 et
3626 1911 3683 1964 in
3713 1910 3907 1978 Opusc.

2288 2006 2304 2059 Ι
2336 2005 2453 2074 legi
2486 2003 2658 2058 velim
2707 2026 2719 2057 :
2753 2009 2843 2055 atati
2885 2003 3016 2054 ἄλλα
3053 2010 3220 2054 ταῦτα
3250 2006 3340 2054 καὶ
3387 2002 3564 2072 ὅμοια,
3601 1996 3635 2050 ἂ
3683 1996 3913 2056 πολιτείας

2285 2092 2421 2145 ἐστὶν
2461 2091 2659 2163 ἀγαθῆς
2714 2108 2726 2121 ·
2787 2091 2920 2150 πλὴν
2976 2093 3005 2149 ἡ
3068 2090 3190 2154 ἁξίὰ
3241 2098 3339 2142 τῶν
3400 2091 3719 2162 Χριστιανῶν
3787 2089 3911 2147 cet.,

2284 2182 2533 2252 dignitas
2563 2196 2764 2238 eorum
2794 2180 2978 2237 altior
3014 2186 3117 2236 est.
3150 2179 3305 2242 Τάξις
3338 2184 3541 2234 tamen
3566 2181 3752 2248 potest
3778 2171 3911 2229 ferri.

2288 2272 2619 2341 significatu
2652 2271 2879 2326 rariori.

2361 2390 2490 2443 CAP.
2545 2388 2583 2442 Χ
2636 2407 2648 2443 :
2704 2390 2775 2458 μὴ
2829 2389 3018 2457 νομίσῃ
3072 2384 3252 2438 ἑαυτὸν
3314 2383 3676 2456 κατειληφέναι
3725 2400 3791 2446 τι,
3842 2380 3914 2429 καὶ

2290 2477 2442 2549 οἰηθῇ
2479 2473 2607 2529 εἶναί
2656 2495 2761 2538 τις,
2810 2479 2900 2527 καὶ
2948 2474 3172 2549 ἄρξηται
3221 2470 3529 2529 διδάσκειν.
3580 2471 3728 2538 Quid
3775 2464 3911 2521 διδά-

2294 2586 2432 2618 σκειν
2459 2566 2552 2620 hic
2585 2564 2740 2632 velit,
2768 2579 2888 2619 non
2917 2563 3334 2623 invenio.cum
3358 2562 3421 2617 in
3444 2559 3819 2633 sequentibus
3845 2554 3915 2609 di-

2289 2662 2453 2710 catur
2491 2654 2565 2708 de
2596 2654 2685 2707 siti
2720 2653 2990 2707 ulteriore
3030 2652 3275 2721 gratiae.
3318 2651 3580 2715 Accedit,
3625 2650 3680 2703 in
3714 2648 3904 2717 Opusc.

2292 2744 2358 2800 VI
2388 2758 2522 2815 cap.
2552 2742 2621 2798 3O
2660 2742 2777 2796 ﬁne
2826 2756 2933 2812 pro
2974 2739 3065 2795 his
3106 2739 3359 2812 legitur:
3405 2744 3478 2811 μὴ
3512 2742 3723 2810 νομίσαι
3759 2751 3908 2786 κατει-

2288 2832 2519 2904 ληφέναι,
2574 2828 2712 2903 μηδὲ
2786 2833 3085 2903 κατακόρως
3142 2828 3302 2899 ἐχειν.
3358 2828 3527 2884 Unde
3598 2827 3741 2882 forte
3820 2835 3911 2893 pro

2291 2918 2567 2975 διδάσκειν
2593 2918 2915 2989 legendum
2950 2914 3206 2991 διαρκεῖν,
3230 2917 3396 2988 quod
3431 2915 3814 2972 celerantibus
3837 2910 3912 2964 ni-

2291 3012 2405 3067 mis
2471 3010 2658 3065 oculis
2723 3024 2832 3079 pro
2890 3003 3167 3059 διδάσκειν
3226 3011 3544 3077 acceptum
3596 3009 3701 3060 est.
3762 2996 3911 3056 Paulo

2290 3105 2459 3173 post:
2512 3101 2594 3152 ἶνα
2631 3098 2730 3171 ἔχῃ
2782 3100 2869 3149 τὸν
2926 3101 3097 3158 πόνον,
3153 3100 3247 3153 τὴν
3302 3091 3491 3165 δίψαν,
3558 3109 3666 3166 pro
3712 3105 3824 3163 quo
3866 3087 3913 3141 in

2291 3192 2508 3261 Opusc.
2556 3187 2665 3241 Vl:
2705 3186 2832 3237 ἀλλὰ
2875 3191 3050 3256 πεινᾷν
3080 3188 3198 3237 τότε
3235 3188 3325 3236 καὶ
3370 3180 3560 3255 διψᾷν.
3603 3180 3761 3239 Unde
3785 3182 3912 3230 πόνον

2291 3278 2385 3333 vix
2432 3283 2588 3332 recte
2634 3274 2839 3331 habet.
2902 3276 3179 3343 Legerem
3236 3277 3330 3330 τὴν
3371 3280 3573 3338 πεῖναν,
3610 3270 3718 3325 nisi
3758 3264 3913 3340 paulo

2293 3366 2634 3422 insolentior
2687 3369 3025 3438 vox_esset.
3071 3364 3235 3418 Forte
3288 3361 3399 3416 fuit
3453 3379 3466 3416 :
3522 3356 3660 3432 ἰναῇ
3693 3362 3797 3411 τότε
3826 3371 3915 3406 πει-

2291 3465 2388 3507 νῶν
2419 3460 2507 3507 καὶ
2558 3452 2728 3524 διψῶν
2772 3458 2882 3507 cet.
2919 3451 3141 3505 Ibidem
3191 3450 3508 3522 sequitur:
3558 3454 3646 3502 atati.
3691 3450 3784 3519 ἔχῃ
3824 3444 3915 3494 υἱὸν

2293 3551 2537 3617 μονογενῆ
2590 3548 2679 3594 καὶ
2729 3538 3003 3594 παιδεύσει
3039 3544 3194 3592 αὑτὸν
3241 3546 3348 3594 cet.
3394 3540 3508 3595 Ubi
3552 3538 3750 3594 nescio
3792 3527 3913 3624 quid

2295 3634 2369 3688 ad
2423 3647 2687 3687 amorem
2732 3639 2787 3685 et
2826 3629 2903 3683 ad
2936 3636 3325 3699 augmentum
3360 3626 3560 3683 luctus
3602 3624 3836 3685 intersit,
3872 3631 3912 3670 Si

2296 3723 2481 3777 ﬁlium
2524 3719 2836 3788 castigavit
2868 3725 3071 3772 mater.
3130 3717 3329 3771 Potius
3368 3732 3511 3772 cum
3566 3719 3627 3771 in
3693 3707 3913 3769 Homilia

2297 3810 2459 3880 [Pag.
2493 3809 2544 3879 9]
2578 3823 2670 3863 xv:
2704 3812 2729 3874 ς
2764 3812 2817 3861 lt
2855 3804 3000 3860 haec
3024 3806 3236 3859 eadem
3260 3812 3603 3869 occurrant,
3636 3810 3691 3859 et
3720 3816 3816 3874 pro
3841 3795 3915 3851 his

2296 3898 2542 3952 vocibus
2598 3895 2826 3964 legatur
2883 3893 2960 3947 ibi
3032 3889 3409 3956 εὐειδέστατον,
3472 3893 3735 3949 rescribo
3785 3906 3797 3943 :
3844 3885 3917 3935 καὶ

2296 3983 2467 4040 παῖδα
2506 3981 2881 4049 εὑειδέστατον,
2914 3987 2966 4038 et
3000 3998 3130 4038 eum
3162 3984 3334 4038 vultu
3380 3980 3782 4039 honestissimo
3806 3971 3920 4043 pul-

2298 4075 2717 4146 cherrimoque.
2778 4072 2877 4127 Hic
2929 4072 3087 4127 enim
3152 4071 3197 4125 si
3254 4071 3526 4136 moritur,
3590 4070 3667 4126 ad
3720 4067 3918 4121 luctum

2302 4165 2555 4221 multum
2588 4162 2745 4231 facit,
2778 4161 2923 4232 quia
2956 4162 3148 4215 forma
3189 4166 3315 4215 tam
3364 4156 3693 4224 excellenti,
3729 4161 3780 4211 et
3820 4162 3918 4206 non

2301 4254 2494 4310 solum
2527 4253 2735 4307 unicus
2766 4250 2893 4305 fuit.

2374 4360 2500 4413 CAP.
2553 4359 2661 4413 XI:
2716 4360 2787 4428 μὴ
2832 4360 3138 4427 νομίσωσιν,
3196 4355 3276 4406 ὅτι
3316 4352 3556 4411 εἰσῆλθον
3607 4353 3673 4413 εἰς
3713 4353 3799 4407 τὴν
3843 4360 3922 4395 κα-

2302 4450 2584 4511 τάπαυσιν,
2642 4449 2710 4507 ὡς
2768 4441 2827 4497 δὲ
2876 4444 3046 4516 ἀκμὴν
3104 4447 3173 4504 εἱς
3222 4446 3285 4495 τὰ
3334 4444 3576 4518 πρόθυρα
3617 4445 3704 4493 καὶ
3746 4437 3808 4497 εἰς
3847 4432 3922 4488 τὰς

548 4536 803 4609 ἐμφαίνων
842 4543 950 4593 cet.
994 4520 1169 4606 Quae
1195 4538 1402 4594 ultima
1435 4538 1613 4593 verba
1648 4520 1842 4594 lucem
1883 4520 2181 4610 quandam:

2306 4537 2464 4598 αὑλόις
2493 4536 2842 4607 εἰσέρχονται.
2888 4534 2951 4588 In
3002 4532 3301 4604 Opusculo
3348 4532 3413 4587 Vl
3444 4549 3583 4602 cap.
3624 4532 3685 4585 31
3721 4547 3733 4579 :
3766 4528 3829 4593 μὴ
3857 4538 3919 4571 νο-

546 4627 846 4698 accipiunt
875 4644 945 4682 ex
967 4628 1234 4682 Andreae
1258 4629 1653 4683 Caesariensis
1681 4628 1926 4697 Prologo
1952 4630 2010 4683 in
2038 4645 2181 4684 com

2307 4628 2603 4700 μιζέτωσαν
2660 4621 2766 4682 ἤδη
2844 4630 2934 4674 τοῦ
3016 4621 3189 4683 τίλους
3265 4626 3354 4673 καὶ
3424 4629 3521 4683 τῆς
3585 4614 3923 4671 καταπαύσεως

549 4715 910 4769 mentarium
955 4732 1132 4769 suum
1174 4716 1232 4771 in
1273 4716 1693 4788 Apocalypsin.
1737 4718 1845 4782 Qui
1876 4724 2198 4789 postquam

550 4804 956 4858 monueratde
976 4802 1182 4873 triplici
1211 4819 1386 4859 sensu
1409 4812 1507 4858 aut
1529 4805 1822 4859 divisione
1840 4806 2196 4876 Scripturae,

550 4896 615 4945 ut
651 4889 707 4945 in
739 4906 855 4962 qua
889 4892 1063 4963 quasi
1105 4909 1322 4962 corpus
1372 4893 1466 4956 sit,
1506 4900 1563 4947 et
1606 4901 1805 4966 πνεῦμα
1846 4900 1898 4949 et
1937 4893 2092 4965 ψυχή
2128 4894 2201 4949 de

553 4979 740 5035 altero
794 4980 874 5035 ita
927 4981 1119 5051 pergit
1161 4997 1171 5033 :
1228 4983 1459 5053 καθάπερ
1511 4978 1569 5034 δε
1612 4990 1811 5053 πνεῦμα
1862 4985 1889 5041 ἡ
1945 4992 2044 5035 τῶν
2088 4983 2203 5055 μελ-

554 5068 742 5121 λόντων
828 5074 914 5123 καὶ
981 5070 1310 5145 ὑψηλοτέρων
1388 5070 1640 5143 ἆγαγωγὴ
1708 5078 1795 5124 καὶ
1856 5074 2041 5144 θεωρία
2121 5077 2204 5125 πέ-

557 5178 729 5228 φηνεν.
784 5159 890 5215 Ubi
945 5159 1098 5215 idem
1153 5166 1239 5214 est
1274 5162 1462 5235 θεωρία
1506 5160 1834 5235 ὑψηλοτέρων
1889 5179 1957 5216 ac
2007 5160 2202 5232 ὑψηλο-

560 5251 701 5319 τέρα.
753 5248 871 5303 Nisi
920 5249 1067 5303 forte
1124 5250 1178 5303 in
1232 5251 1480 5306 Macario
1511 5267 1620 5322 pro
1660 5250 1980 5323 ὑψηλοτέραν
2008 5252 2201 5319 legen-

563 5336 709 5391 dum
765 5342 851 5391 BSt
898 5336 1249 5413 ὑψηλοτέρων.
1305 5340 1609 5396 ibidem...
1666 5340 1900 5412 κομίζειν
1934 5335 2041 5392 δεῖν
2078 5342 2203 5392 ποίν-

566 5444 679 5480 τοτε
738 5431 831 5484 τὴν
879 5435 967 5487 τῆς
1009 5425 1230 5499 καρδίας
1288 5430 1424 5504 ἱερὰν
1483 5431 1667 5482 θυσίαν
1721 5445 1735 5459 ·
1798 5432 1865 5481 τὰ
1910 5429 2201 5498 ἀκροθίνια,

559 5519 650 5568 καὶ
696 5518 761 5567 τὰ
795 5516 933 5588 ἄκρα
983 5524 1083 5569 τῶν
1127 5516 1334 5589 ἀγαθῶν
1380 5518 1663 5591 λογισμῶν.
1710 5560 1724 5575 .
1757 5518 2200 5591 ἀπασχολοῦντος.

562 5602 651 5661 Ita
671 5604 869 5660 adhuc
900 5606 1024 5661 sine
1043 5621 1223 5661 sensu
1253 5606 1487 5677 legitur.
1516 5607 1625 5664 Pro
1656 5624 1794 5679 quo-
1827 5624 1966 5663 casu
1990 5614 2203 5680 quarto

564 5692 950 5751 scribendum
989 5694 1443 5769 ἁπασχολοῦντας,
1476 5696 1604 5753 scil.
1647 5693 1729 5750 δεῖ
1756 5696 1984 5769 κομίζειν
2016 5716 2031 5757 ;
2063 5697 2203 5753 inde

2310 4713 2551 4773 ἐπιϐῆναι
2586 4731 2596 4742 ·
2649 4714 2850 4778 πόθεν;
2906 4713 2981 4763 ἔτι
3032 4713 3132 4783 ’γὰρ
3188 4710 3365 4771 αὐτοῖς
3416 4714 3530 4783 περὶ
3588 4711 3651 4761 τὰ
3715 4703 3922 4778 προθυρα

2310 4808 2399 4855 καὶ
2450 4806 2544 4863 τὰς
2594 4802 2751 4862 αὐλὰς
2792 4802 2821 4859 ἡ
2879 4799 3196 4874 ἀναστροφή.
3250 4798 3415 4855 Unde
3468 4798 3613 4853 forte
3660 4796 3715 4849 in
3764 4793 3923 4859 Opus-

2312 4893 2446 4948 culo
2507 4893 2526 4945 1
2573 4891 2894 4961 legendum
2952 4907 2963 4943 :
3014 4898 3123 4950 πῶς
3167 4905 3265 4959 γε;
3320 4886 3489 4960 ἀκμὴν
3536 4888 3635 4959 γὰρ
3682 4882 3747 4943 εἷς
3789 4879 3922 4961 θεῖ’-5

2314 4983 2481 5037 aliter
2521 4958 2735 5049 graeca
2777 4979 3080 5047 languent.
3114 4958 3395 5050 sequitur
3421 4978 3476 5031 in
3510 4958 3703 5045 Opusc
3730 4971 3781 5024 I:
3813 4965 3851 5018 εἰ
3878 4958 3925 5012 δὲ

2313 5076 2403 5124 καὶ
2450 5072 2673 5143 χάριτος
2738 5072 2963 5139 μέτοχος
3031 5058 3263 5138 γένηται,
3347 5066 3587 5125 οἰηθῆναι
3658 5066 3718 5121 ὡς
3785 5070 3925 5107 κατα-

2312 5160 2500 5224 λαϐὼν,
2559 5160 2615 5213 in
2658 5160 2874 5229 Opusc.
2928 5158 2993 5211 vr

2314 5259 2411 5309 κῆς
2468 5248 2770 5310 ἠξιώθησαν
2802 5264 2814 5277 ·
2878 5242 3017 5317 μηδὲ
3063 5254 3214 5297 τοῦτο
3270 5244 3421 5296 πάλιν
3473 5242 3657 5302 αὐτούς
3708 5232 3926 5289 ἀπατάτω

2314 5345 2423 5395 cet.
2458 5336 2815 5391 Addendum
2857 5350 2997 5405 ergo
3026 5335 3083 5390 in
3117 5336 3335 5406 Opusc.
3360 5333 3381 5387 Ι
3408 5338 3527 5395 Μὴ,
3564 5334 3641 5403 μὴ
3692 5325 3925 5382 οἰηθῆναι,

2314 5426 2476 5501 quod
2518 5427 2705 5480 exstat
2742 5423 2986 5495 quidem
3019 5422 3082 5479 in
3111 5422 3405 5487 versione,
3449 5420 3551 5477 sed
3595 5418 3671 5473 ob
3710 5418 3925 5501 sensum

2316 5496 2545 5572 tantum
2582 5531 2594 5580 ;
2630 5528 2909 5582 graecum
2942 5512 3152 5567 vitium
3176 5512 3414 5567 mansit.
3440 5511 3621 5565 Porro
3647 5496 3922 5582 Opusc.l:

2642 5581 2649 5582 ί
3778 5589 3796 5599 ο
3863 5581 3873 5597 9

2314 5605 2408 5659 οὑκ
2484 5602 2670 5676 ὀφείλει
2748 5600 2953 5675 ἐρευνᾷν
3032 5602 3266 5665 ἕκαστον,
3330 5600 3373 5652 εἰ
3444 5598 3578 5675 εὗρεν
3633 5592 3679 5645 ἓν
3740 5608 3804 5656 τῳ
3852 5598 3926 5633 οσ-

2314 5698 2540 5769 τρακίνῳ
2575 5693 2746 5745 σκεύει
2780 5694 2867 5745 τὸν
2900 5693 3162 5765 θησαυρόν
3206 5697 3316 5746 cet.
3347 5689 3547 5747 Latina
3574 5678 3765 5739 versio
3796 5691 3807 5727 ε
3836 5681 3926 5725 MC

3045 5174 3057 5210 :
3098 5156 3193 5208 κᾶν
3245 5158 3467 5230 χάριτός
3511 5173 3646 5215 τινος
3683 5159 3927 5217 πνευματι·
