4092 6252
228 344 321 401 2⁸77

1266 329 1358 384 DE
1398 327 1728 385 SCRIPTIS
1772 329 1832 385 S.
1877 327 2177 388 MACARII
2214 334 2571 392 AEGYPTII.

3518 336 3622 391 278

237 460 470 521 convenit
484 452 1553 526 scrutaﬁunumquemquemumforte
1569 450 1859 517 inveniat,
1893 451 1941 507 Α
1973 467 2095 507 non
2125 454 2300 525 plane
2332 458 2530 514 nullus
2573 460 2646 515 sit
2678 473 2908 522 sensus,
2943 465 3140 514 tamen
3172 473 3243 512 ex
3291 457 3543 513 Homilia
3568 462 3624 514 et

239 559 358 619 cet;
386 549 555 622 impio
586 562 767 603 sensu
791 564 807 616 ;
840 543 1006 617 quod
1035 542 1267 598 mireris
1290 549 1591 598 servatum
1615 556 1769 596 esse.
1796 541 1860 595 In

239 644 430 713 Opusc.
468 637 530 692 Vi
568 658 583 694 :
615 636 824 710 ἔρευνᾷν
869 629 956 686 οὖν
986 640 1267 706 προσῆκεν,
1300 636 1456 686 recte
1503 645 1663 686 vero.
1711 630 1863 699 Lege

234 744 358 800 ergo
386 746 399 784 :
428 726 612 801 ὀφείλει
640 721 729 777 οὖν
766 724 993 797 ἐρευνᾷν.
1038 720 1266 776 Ibidem
1309 736 1320 774 :
1354 722 1467 773 ἔστι
1503 722 1604 792 γὰρ
1635 722 1666 777 ἡ
1699 720 1862 791 χάρις

231 818 445 878 πολλάκις
528 816 815 888 ἔνεργοῡσα
888 808 1253 873 ἀδιαλείπτως,
1317 810 1374 864 in
1428 810 1649 880 Opusc.
1732 808 1857 864 VI:

226 909 320 961 ίνὸν
387 908 505 980 γὰρ,
569 906 635 964 ὡς
713 902 958 961 πολλάκις
1015 894 1331 963 δεδήλωται,
1399 901 1489 950 καὶ
1545 901 1640 954 τὴν
1700 898 1862 971 χάριν

223 995 549 1057 ἀκιοιλείπτως
595 991 834 1066 ἐνεργεῖν,
901 1004 1084 1045 sensu
1136 986 1326 1043 multo
1385 986 1648 1042 meliore.
1714 988 1862 1054 Lege

220 1099 395 1155 ergo:
444 1086 558 1136 ἔστι
604 1084 703 1154 γὰρ
746 1082 777 1140 ἠ
819 1081 999 1152 χάρις,
1040 1081 1110 1139 ὡς
1159 1076 1408 1137 πολλάκις
1457 1078 1676 1147 εἴρηται.
1731 1074 1863 1146 ἐνερ-

216 1180 386 1245 γοῦσα
432 1169 798 1230 ἀδιαλείπτως.
854 1167 1166 1238 Corruptio
1220 1171 1324 1221 aut
1358 1165 1577 1221 lacuna
1614 1165 1727 1220 ista
1765 1179 1863 1219 ne-

222 1262 340 1317 scio
386 1261 541 1317 unde
579 1257 848 1323 accidit;
909 1255 1199 1312 accidisse
1258 1270 1328 1311 ex
1379 1255 1601 1325 Opusc.
1652 1253 1717 1308 VI
1744 1268 1864 1309 cer-

224 1357 345 1407 tum
374 1355 479 1406 est.

292 1476 419 1530 CAP.
451 1476 538 1532 XII
573 1479 709 1546 post
757 1471 1025 1528 medium
1075 1486 1086 1524 :
1130 1466 1311 1529 ἐπειδὴ
1364 1465 1450 1522 οὖν
1489 1468 1654 1542 [Pag.
1701 1467 1790 1542 10]
1833 1471 1862 1527 ἡ

224 1562 423 1617 ἓναντία
501 1560 721 1634 δύναμις
790 1564 1139 1635 προτρεπτική
1232 1561 1392 1625 ἐστιν,
1465 1558 1559 1611 οὐκ
1643 1557 1868 1628 ἀναγκα-

232 1656 405 1716 στική,
450 1656 541 1704 καὶ
603 1653 715 1704 θεία
768 1653 926 1722 χάρις
983 1653 1330 1721 προτρεπτική
1394 1650 1523 1700 ἐστι.
1587 1647 1741 1718 Lego
1790 1645 1870 1701 ob

232 1738 532 1794 meliorem
570 1739 991 1793 connexionem
1030 1753 1044 1791 :
1082 1732 1263 1794 ἓπειδὴ
1319 1731 1429 1803 οὖν,
1479 1738 1547 1797 ὡς
1588 1736 1616 1792 ἡ
1669 1733 1872 1786 ἔναντία

1974 541 2274 611 Opusculo
2306 543 2399 600 Vll
2446 548 2843 603 restituendus
2868 546 3301 602 estinﬁnitivus
3335 545 3623 618 βιάζεσθαι

1971 634 2057 681 καὶ
2113 632 2321 703 ἄγχειν,
2388 634 2616 691 Ibidem
2674 652 2783 707 pro
2863 655 2876 689 :
2929 638 3065 688 κατὰ
3120 638 3177 687 τό
3247 640 3623 709 γεγραμμένον,

1971 720 2135 791 quod
2162 722 2337 777 etiam
2387 724 2445 778 in
2505 724 2758 780 Homilia
2788 725 2869 780 ita
2899 724 3134 794 legitur.
3180 723 3627 778 restituendum

1972 808 2206 865 videtur
2233 813 2368 864 κατὰ
2410 816 2469 865 τὸ
2518 813 2801 886 εἰρημένον,
2857 814 2996 884 quia
3049 814 3108 867 in
3148 818 3269 868 toto
3300 815 3363 868 N.
3396 814 3457 867 Τ.
3508 811 3626 867 tale

1970 898 2117 968 quid
2161 915 2279 955 non
2314 908 2524 970 exstat,
2557 903 2700 957 etin
2728 904 2946 974 Opusc.
2993 903 3082 958 VII
3133 901 3345 971 legitur
3383 904 3518 973 πρὸς
3562 902 3627 952 τὰ

1971 986 2233 1060 εἰρημένα,
2272 989 2431 1045 unde
2472 990 2672 1056 ﬁdem,
2720 991 2919 1062 credo,
2964 990 3212 1047 fecimus
3244 991 3627 1061 conjecturae

1973 1081 2237 1133 nostrae.
2292 1079 2554 1151 Denique
2606 1096 2619 1135 ε
2665 1083 2724 1132 τὸ
2773 1080 2950 1133 λοιπὸν
2984 1082 3085 1152 γὰρ
3133 1078 3288 1132 ἐλθὼν
3332 1081 3357 1131 ὁ
3414 1081 3626 1151 Κύριος,

1973 1164 2129 1217 ἐλθὼν
2197 1172 2287 1219 καὶ
2344 1173 2606 1240 γενόμενος
2667 1168 2715 1221 ἐν
2777 1169 2937 1241 αὐτῇ.
2998 1174 3108 1224 Aut
3159 1168 3410 1223 alterum
3470 1167 3625 1219 ἐλθὼν

1973 1254 2350 1321 eiicieudum,
2386 1264 2487 1313 aut
2518 1258 2840 1328 legendum
2867 1260 2893 1310 ὁ
2935 1261 3125 1331 Κύριος
3167 1259 3300 1309 κατὰ
3337 1261 3431 1315 τὴν
3472 1255 3631 1327 ἑπαγ-

1973 1343 2167 1415 γελίαν,
2211 1350 2300 1397 καὶ
2328 1350 2592 1418 γενόμενος
2632 1351 2767 1413 cet.,
2801 1352 2863 1402 ut
2905 1352 3096 1402 exstat
3133 1346 3193 1402 in
3225 1347 3449 1417 Opusc.
3490 1344 3625 1413 VII;

1976 1438 2033 1487 et.
2062 1433 2366 1505 corruptio
2390 1434 2639 1507 quidem
2672 1435 2879 1491 facilis.

2051 1558 2179 1613 CAP.
2211 1558 2345 1613 XIIII
2364 1559 2541 1630 paulo
2558 1560 2933 1631 postinitium
2948 1575 3058 1631 pro
3084 1560 3113 1619 ἢ
3138 1558 3423 1616 ἀπόλειτὴν
3440 1560 3625 1631 χάριν»

1980 1646 2009 1705 ἣ
2042 1645 2292 1718 λαμϐάνει
2319 1654 2408 1699 καὶ
2432 1652 2610 1701 πίπτει
2629 1648 2757 1717 lege
2780 1666 2792 1703 :
2821 1648 3063 1715 ἣνέλαϐε,
3087 1653 3177 1700 καὶ
3208 1653 3386 1700 πίπτει
3417 1664 3429 1676 '
3465 1647 3493 1705 ἦ
3516 1650 3626 1701 cet.

1984 1737 2045 1789 Et
2078 1735 2256 1806 paulo
2290 1744 2420 1808 post
2454 1754 2467 1792 :
2518 1737 2807 1808 ὀφείλουσιν
2838 1734 2926 1789 οὖν
2971 1736 3278 1809 βουλόμενοι
3308 1736 3360 1799 ἒξ
3386 1735 3631 1796 ἀληθείας

230 1822 472 1898 δύναμις,
526 1831 612 1879 καὶ
663 1828 692 1885 ἡ
752 1828 862 1878 θεία
913 1827 1075 1898 χάρις
1118 1828 1476 1899 προτρεπτική
1527 1822 1657 1889 ἔστι,
1693 1820 1786 1875 διὰ
1814 1825 1872 1873 τὸ
1903 1817 1945 1871 Β
1982 1824 2333 1899 εὐαρεστῆσαι
2370 1835 2441 1897 τῷ
2487 1829 2650 1897 θεῷ...
2696 1832 2786 1879 καὶ
2825 1826 3112 1900 βιάζεσθαι
3157 1835 3360 1900 πρῶτον
3410 1825 3627 1879 ἑαυτόνε

223 1914 555 1978 αὐτεξούσιον
615 1919 704 1968 καὶ
772 1914 915 1966 λιτὸν
965 1920 1062 1976 τῆς
1131 1915 1347 1986 φύσεως,
1402 1912 1581 1965 λοιπὸν
1621 1912 1707 1965 ἐάν
1761 1916 1870 1965 cet.

222 2003 302 2060 Ita
350 2006 557 2060 omnia
598 2006 941 2060 cohaerent.
994 2006 1101 2058 Pro
1143 2002 1283 2054 λιτὸν
1334 2002 1537 2057 malim
1586 2001 1872 2067 αὐταίτιον,

222 2093 376 2166 quod
403 2092 565 2149 idem
609 2092 728 2149 fere
759 2099 852 2148 est
882 2107 953 2148 ac
982 2090 1339 2157 αὐτεξούσιον,
1382 2096 1599 2146 notans
1636 2091 1878 2147 liberta-

222 2186 332 2237 tem
353 2182 690 2238 arbitrandi
725 2185 782 2236 et
803 2180 1185 2236 decernendi.
1211 2181 1323 2235 Pro
1341 2196 1463 2252 quo
1482 2179 1538 2234 in
1569 2181 1876 2251 0pusc.vn

220 2286 346 2343 cap.
398 2272 433 2326 3
488 2277 579 2326 est
626 2269 886 2343 ἐλεύθερον
940 2274 1031 2321 καὶ
1072 2268 1425 2333 αὐτεξούσιον.
1484 2268 1706 2324 Afﬁnes
1744 2273 1881 2325 sunt

219 2358 476 2416 literaeA
505 2364 889 2430 etAgraecae
919 2375 934 2425 ;
970 2358 1106 2413 inde
1120 2374 1302 2424 error,
1318 2374 1423 2429 per
1449 2356 1878 2429 compendium

219 2447 519 2504 scribendi
546 2447 813 2520 adjutus.
867 2446 935 2502 Et
965 2446 1233 2501 similiter
1270 2451 1531 2501 erratum
1563 2461 1695 2501 esse
1727 2446 1880 2501 vide-

226 2540 312 2591 tur
354 2535 547 2607 paulo
578 2540 716 2606 post
745 2534 807 2589 in
858 2534 1074 2589 eodem
1122 2535 1340 2606 Opusc.
1374 2534 1395 2586 Ι
1436 2550 1450 2589 :
1492 2530 1675 2592 ἐπειδὴ
1716 2532 1880 2605 ἕαυτῷ

226 2625 406 2695 ἰγίνετο
462 2626 499 2678 ὃ
558 2625 834 2696 ἄνθρωπος
880 2625 1046 2684 αἴτιος
1092 2630 1185 2675 τοῦ
1234 2621 1434 2694 ἀγαθοῦ
1490 2638 1503 2651 ⁸
1566 2622 1731 2683 αὐτῆς
1777 2624 1878 2695 γάρ

224 2710 328 2766 ἐστι
365 2722 460 2778 τῆς
501 2716 704 2787 φύσεως
733 2711 903 2774 οὗτος.
956 2711 1069 2766 Pro
1100 2711 1318 2784 quibus
1341 2712 1663 2782 legendum
1700 2719 1877 2784 puto:

222 2802 561 2868 αὖτεξουσίου
632 2805 733 2877 γὰρ
806 2804 917 2854 ἕστε
994 2808 1085 2862 τῆς
1146 2804 1365 2872 φύσεως.
1423 2804 1565 2857 Nam
1642 2801 1882 2871 vulgata

216 2893 518 2965 scriptura
550 2890 810 2948 obscuro
842 2904 1043 2946 sensu.
1086 2892 1155 2945 Et
1194 2890 1393 2962 priora
1421 2890 1666 2963 quidem
1698 2890 1883 2948 verba

213 2996 340 3036 non
364 2988 592 3036 temere
617 2978 971 3052 accipienda
1019 2983 1177 3046 sunt,
1210 2994 1285 3034 ne
1317 2978 1517 3034 minus
1550 2978 1882 3050 pelagizare

216 3068 593 3125 videanturr.

293 3214 431 3269 CAP.
495 3212 657 3269 XI":
703 3217 793 3266 καὶ
854 3210 1021 3275 οὕτως
1071 3212 1106 3263 ἃ
1161 3218 1248 3264 νῦν
1309 3214 1441 3285 μετὰ
1485 3211 1612 3285 βίας
1657 3217 1747 3265 καὶ
1806 3216 1877 3281 μὴ

221 3298 482 3361 θελούσης
552 3308 646 3362 τῆς
717 3296 947 3375 καρδίας
1032 3307 1191 3367 ποιεῖ,
1270 3300 1457 3361 ἐθίζειν
1531 3301 1710 3354 ἑαυτὸν
1788 3298 1883 3353 διὰ

222 3392 425 3447 παντὸς
484 3388 551 3448 εἰς
606 3392 665 3441 τὸ
738 3388 929 3460 ἀγαθὸν
989 3394 1079 3442 καὶ
1151 3396 1243 3442 τοῦ
1299 3392 1491 3462 Κυρίου
1552 3389 1630 3443 ἀεὶ
1684 3409 1881 3462 μνημο-

226 3478 415 3542 νεύειν,
463 3480 548 3528 καὶ
591 3474 889 3550 προσδοκᾷν
932 3478 1085 3532 αὐτὸν
1116 3476 1211 3532 διὰ
1247 3482 1439 3541 παντὸς
1470 3479 1521 3532 ἐν
1550 3479 1708 3552 πολλῇ
1753 3478 1881 3551 ἀγα·

230 3567 421 3623 θοτητι
451 3570 533 3618 καί
566 3564 761 3639 ἀγάπη.
796 3567 1026 3624 Versio:
1054 3569 1129 3623 Et
1150 3569 1234 3625 sic
1262 3584 1414 3640 quae
1439 3585 1601 3625 nunc
1628 3585 1736 3639 per
1764 3572 1880 3626 vim

222 3659 283 3711 et
304 3653 492 3711 corde
516 3654 698 3711 invito
723 3656 895 3725 facit,
937 3657 1348 3725 adsue/aciem
1380 3658 1575 3726 ipsum
1604 3658 1880 3715 in-omne

216 3750 461 3815 tempus
493 3744 575 3800 ad
597 3744 835 3812 bonum,
869 3753 923 3802 et
951 3746 1032 3801 ad
1057 3761 1288 3813 semper
1306 3746 1501 3803 vivam
1535 3746 1641 3803 Dei
1669 3763 1878 3803 memo-

212 3835 377 3889 riam
410 3834 769 3899 habendam,
802 3842 859 3891 et
890 3836 1359 3901 exspectandum
1392 3850 1521 3893 eum
1563 3851 1792 3904 semper
1814 3836 1877 3891 in

208 3924 413 3979 multa
444 3923 707 3980 bonitate
733 3930 787 3981 et
818 3924 1092 3980 caritate.
1154 3924 1261 3980 Ubi
1292 3939 1504 3982 sensus
1532 3931 1625 3981 sat
1658 3925 1875 3991 bonus,

208 4012 401 4068 modo
419 4026 558 4067 eum
587 4026 806 4081 graeca
828 4019 1191 4083 paterentur.
1221 4015 1369 4068 Nam
1393 4012 1624 4084 integra
1646 4020 1880 4069 senten-

208 4103 288 4157 tia
314 4101 556 4157 omissa
577 4106 753 4156 estex
774 4102 1088 4157 oscitantia
1106 4100 1349 4167 librarii,
1375 4118 1445 4158 ex
1483 4102 1735 4158 Homilia
1759 4119 1875 4167 χιι,

209 4191 313 4246 ubi
344 4190 564 4245 omnia
594 4188 808 4245 eadem
863 4189 1161 4256 habentur
1191 4195 1216 4259 ς
1241 4194 1297 4253 2,
1349 4196 1676 4261 repetenda
1705 4198 1763 4247 et
1794 4208 1881 4248 re-

203 4278 547 4335 stituenda.
600 4277 837 4348 Legitur
880 4279 1040 4334 enim
1086 4278 1169 4333 ibi
1219 4278 1300 4334 ita
1336 4295 1349 4335 :
1398 4284 1487 4333 καὶ
1528 4280 1686 4341 οὕτως
1720 4279 1755 4333 ἃ
1794 4289 1881 4333 νῦν

204 4369 342 4441 μετὰ
416 4366 546 4440 βίας
637 4364 873 4428 ἀκούσης
954 4375 1045 4429 τῆς
1119 4363 1346 4441 καρδίας
1428 4375 1584 4432 ποιεῖ,
1639 4368 1882 4430 ἑκουσίως

202 4456 402 4532 πράξει
459 4458 608 4522 ποτὶ,
653 4454 837 4517 ἐθίζων
878 4454 1041 4530 [Pag.
1090 4455 1184 4529 11]
1213 4456 1393 4509 ἑαυτὸν
1446 4453 1539 4509 διὰ
1586 4462 1779 4520 παντὸς
1817 4459 1883 4519 εἰς

1983 1914 2112 1969 dele
2142 1919 2232 1966 καὶ
2275 1921 2411 1970 ante
2456 1915 2761 1987 βιάζεσθαι,
2795 1922 2850 1971 et
2897 1932 3053 1988 pone
3098 1932 3206 1988 pro
3237 1931 3308 1971 eo
3339 1914 3532 1977 colon,
3578 1917 3631 1968 et

1984 2018 2094 2076 pro
2124 2002 2303 2056 ἑαυτὸν
2332 2003 2502 2077 [Pag.
2542 2006 2623 2077 l2]
2655 2006 2781 2075 lege
2814 2005 3058 2074 ἑαυτούςς
3090 2022 3228 2061 nam
3270 2004 3526 2075 pertinet
3555 2002 3633 2057 ad

1988 2091 2313 2165 βουλόμενοι.
2375 2094 2649 2165 Sequitur
2686 2100 2895 2166 postea
2937 2110 2948 2148 :
3000 2094 3197 2167 μεγάλη
3239 2092 3441 2164 ὕψωσις
3480 2093 3509 2149 ἡ
3541 2110 3634 2142 τα-

1984 2186 2223 2242 πείνωσις
2264 2199 2276 2211 ·
2338 2187 2426 2235 καὶ
2480 2188 2718 2254 τιμιότης
2775 2188 2864 2235 καὶ
2931 2182 3137 2255 ἀξίωμα
3200 2184 3230 2240 ἡ
3300 2198 3633 2250 ταπεινοφρο-

1991 2272 2139 2328 σύνη.
2172 2274 2278 2327 Pro
2307 2288 2429 2343 quo
2460 2272 2518 2326 in
2567 2272 2812 2327 Humilia
2841 2274 3017 2329 citata
3064 2273 3253 2343 [Hom.
3284 2286 3379 2325 xix
3408 2270 3436 2342 §
3477 2267 3533 2341 8]
3560 2268 3637 2322 le-

1990 2360 2145 2430 gitur
2203 2377 2216 2414 :
2285 2360 2481 2432 μεγάλη
2542 2366 2852 2424 ταπείνωσις
2914 2363 2943 2420 ἡ
3016 2360 3418 2435 ὑψηλοφροσύνη
3469 2376 3479 2386 ·
3546 2359 3634 2407 καὶ

1989 2448 2185 2521 μεγάλη
2254 2449 2455 2521 ὕψωσις
2520 2455 2608 2503 καὶ
2664 2455 2905 2522 τιμιότης
2957 2455 3045 2502 καὶ
3099 2449 3304 2521 ἀξίωμα
3373 2450 3403 2505 ἡ
3458 2464 3636 2498 ταπει-

1988 2542 2274 2613 νοφροσύνη
2308 2556 2321 2591 :
2350 2538 2620 2594 similiter
2656 2546 2848 2595 exstat
2884 2539 2942 2594 in
2976 2540 3192 2610 Opusc.
3239 2538 3331 2592 VII
3370 2551 3504 2607 cap.
3548 2538 3637 2589 19.

1989 2629 2179 2698 Atque
2205 2627 2317 2683 hoc
2352 2627 2561 2682 melius
2589 2642 2717 2683 esse
2750 2629 3003 2683 videtur.
3046 2630 3111 2682 Et
3134 2627 3214 2681 ad
3248 2626 3428 2680 ﬁnem
3458 2637 3637 2695 porro

1991 2715 2205 2785 legitur
2250 2732 2261 2770 :
2298 2723 2387 2770 καὶ
2426 2717 2589 2778 οὕτως
2636 2725 2734 2769 τῶν
2797 2716 3005 2770 ἐντολῶν
3051 2724 3142 2769 τοῦ
3188 2720 3382 2789 Κυρίου
3437 2713 3640 2786 πληρω-

1995 2807 2179 2858 θεισῶν
2228 2804 2300 2878 ἔφ’
2354 2808 2500 2877 ἡμῖν,
2552 2807 2663 2862 Pro
2716 2822 2838 2878 quo
2882 2806 3202 2876 legendum
3256 2805 3339 2878 ὑφ’
3383 2805 3548 2876 ἡμῶν,
3579 2804 3641 2857 ut

1991 2895 2170 2950 etiam
2224 2895 2283 2949 in
2332 2894 2583 2952 Humilia
2636 2901 2846 2952 exstat.
2906 2898 3055 2951 Haec
3085 2894 3341 2950 breviter
3372 2892 3449 2949 ad
3496 2895 3641 2946 [mum

1993 2984 2384 3056 Opusculum.

2062 3096 2144 3146 An
2184 3106 2464 3147 SECUNDUM
2522 3091 2875 3155 Opuscuwu,
2941 3094 3097 3165 Περὶ
3136 3088 3546 3147 τελειότητος
3585 3086 3642 3139 ἐν

1912 3166 1954 3223 C
1991 3182 2334 3252 πνεύματι,
2369 3195 2562 3252 pauca
2593 3184 2650 3236 et
2673 3179 2833 3237 levia
2872 3179 3011 3235 item
3037 3178 3235 3235 habeo
3262 3193 3417 3250 quae
3449 3176 3643 3248 profe-

1991 3284 2146 3325 ram.

2063 3397 2197 3451 CAP.
2235 3395 2277 3447 V
2314 3393 2525 3463 legitur
2561 3393 2740 3465 vulgo
2788 3396 2844 3449 et
2901 3391 3291 3462 distinguitur
3332 3407 3345 3445 :
3379 3385 3490 3443 οἶδε
3517 3390 3643 3463 γὰρ,

1989 3488 2145 3556 φησὶν
2197 3484 2228 3541 ἡ
2279 3487 2477 3557 γραφὴ,
2526 3485 2591 3535 τὰ
2644 3485 2838 3557 κρύφια
2878 3489 3042 3534 ταῦτα
3093 3489 3186 3543 τῆς
3243 3479 3425 3551 ψυχῆς
3482 3478 3649 3553 ἁμαρ-

1988 3579 2198 3645 τήματα
2258 3572 2308 3625 ἔν
2345 3576 2445 3644 ἴσῳ
2514 3579 2621 3633 τοῖς
2697 3571 2843 3633 ἐκτὸς
2928 3572 3189 3638 τίθεσθαι,
3247 3586 3317 3624 ex
3375 3569 3646 3623 versione

1988 3663 2215 3731 vulgari
2266 3663 2343 3717 ita
2405 3663 2541 3716 item
2595 3661 2915 3716 distincta:
2960 3660 3138 3716 Novit
3168 3659 3348 3724 enim,
3382 3658 3467 3714 ait
3498 3656 3649 3712 Scri-

1983 3757 2190 3820 ptura,
2221 3751 2455 3805 occ-ulla
2487 3750 2632 3806 haec
2659 3752 2895 3805 animae
2925 3754 3170 3818 peccata
3194 3748 3333 3815 pari
3359 3748 3483 3803 loco
3512 3761 3644 3802 eum

1987 3839 2249 3896 externis
2276 3839 2547 3895 Dominus
2575 3853 2827 3895 censere.
2872 3838 2978 3893 Ubi
3011 3837 3161 3892 adeo
3196 3839 3386 3910 Κύριος
3418 3835 3573 3891 male
3613 3850 3649 3891 a

1990 3927 2377 3999 sequentibus
2397 3927 2719 3998 abruptum
2741 3932 2797 3981 et
2821 3927 2938 3981 huc
2972 3931 3219 3981 tractum
3243 3931 3352 3983 est.
3377 3924 3522 3995 quia
3547 3922 3647 3978 ali-

1991 4021 2075 4072 ter
2105 4018 2307 4070 deerat
2362 4015 2704 4087 subjectum
2763 4016 2820 4069 in
2852 4015 3099 4069 ratione.
3136 4013 3249 4068 Sed
3304 4027 3645 4083 perperam.

1990 4104 2118 4160 Vox
2171 4109 2301 4176 φησὶ
2334 4103 2580 4158 minime
2614 4103 2691 4158 ad
2744 4108 2919 4174 γραφὴ
2957 4102 3225 4173 pertinet,
3270 4101 3376 4155 sed
3427 4104 3516 4155 est
3547 4098 3646 4153 illa

1990 4192 2297 4249 sollemnis
2328 4193 2385 4247 in
2435 4192 2526 4247 his
2576 4191 2889 4263 Opusculis
2940 4190 3214 4255 formula,
3274 4205 3397 4260 qua
3448 4187 3647 4243 scriba

1993 4288 2094 4339 aut
2122 4280 2401 4337 collector
2432 4281 2648 4336 horum
2711 4280 3181 4337 Macarianorum
3211 4277 3422 4341 innuit,
3460 4278 3646 4331 Maca-

1991 4373 2147 4427 rium
2175 4368 2446 4425 hocillud
2463 4385 2740 4425 sermone
2757 4369 3112 4424 celebrasse.
3162 4368 3466 4435 Distingue
3500 4380 3645 4434 ergo

1993 4461 2075 4516 ita
2115 4482 2127 4515 :
2182 4456 2295 4512 οἶδε
2340 4460 2464 4530 γὰρ,
2508 4462 2666 4531 φησὶν
2710 4456 3052 4530 [Μακάριος],
3110 4458 3140 4514 ἡ
3195 4459 3368 4528 γραφὴ
3418 4457 3482 4507 τὰ
3525 4463 3647 4529 κρυ-

203 4551 268 4600 τό
322 4546 556 4618 ἀγαθὸν,
624 4549 713 4598 καὶ
765 4553 857 4598 τοῦ
926 4549 1124 4620 Κυρίου
1188 4549 1519 4618 μνημονεύων
1576 4554 1684 4603 cet.
1743 4550 1877 4603 Hinc

1995 4568 2155 4620 φια...
2187 4549 2445 4613 τίθεσθαι,
2478 4523 2644 4603 ηόυίι
2685 4550 2840 4602 enim
2879 4523 3381 4614 Scriptura/raec-
3412 4523 3647 4599 occulta

206 4636 269 4691 in
302 4636 538 4707 Opusc.
569 4633 592 4687 Ι
629 4632 1090 4703 legendum
1140 4643 1231 4695 τῆς
1269 4632 1493 4709 καρδίας
1536 4643 1691 4701 ποιεῖ,
1743 4636 1887 4689 ἐκου-

209 4728 346 4785 σίως
395 4721 591 4795 πράξει
644 4725 790 4786 ποτὶ,
858 4722 1133 4784 tergm...
1197 4726 1531 4796 μνημονεύων
1584 4730 1674 4777 καὶ
1725 4743 1887 4799 προσ-

208 4809 394 4865 δοκῶν
447 4816 562 4866 cet.
622 4812 705 4867 Ita
761 4818 916 4867 recte
977 4813 1103 4882 jam
1154 4812 1400 4868 habent.
1455 4813 1636 4868 Paulo
1680 4818 1820 4885 post
1868 4833 1881 4870 :

203 4900 412 4974 μᾶλλον
470 4895 531 4952 δι
583 4900 610 4952 ό
666 4900 860 4973 Κύριος
908 4908 1047 4954 ποιεῖ
1096 4900 1143 4953 ἓν
1204 4901 1344 4972 αὐτῷ
1392 4904 1491 4963 τὰς
1537 4897 1675 4962 ἰδίας
1727 4902 1886 4955 αὐτοῦ

202 4989 448 5053 ἐντολὰς,
550 4992 641 5041 καὶ
714 4992 835 5050 τοὺς
907 4994 1141 5064 καρποὺς
1214 4998 1306 5042 τοῦ
1406 4992 1707 5063 πνεύματος,
1806 4993 1889 5044 ὅτε

198 5082 551 5155 καρποφορεῖ
602 5078 861 5151 καθαρῶς.
924 5078 1269 5147 Legendum
1338 5082 1483 5132 τότε
1552 5088 1884 5153 καρποφορεῖ,

202 5183 442 5240 nempe
487 5167 630 5222 talis
653 5166 845 5222 homo.
881 5169 965 5222 lta
995 5182 1117 5222 non
1146 5168 1339 5222 solum
1370 5167 1428 5223 in
1463 5169 1714 5224 Homilia
1737 5170 1888 5225 exci-

204 5262 332 5314 tata
374 5256 623 5325 legitur,
683 5254 786 5310 sed
832 5260 889 5309 et
942 5256 1072 5325 ipsa
1121 5256 1415 5312 connexio
1439 5257 1630 5328 jubet.
1663 5260 1885 5314 Porro:

203 5351 301 5399 καὶ
359 5342 689 5407 ἁπαξαπλῶς
762 5350 912 5418 τηρεῖ
964 5342 1106 5415 αὐτῷ
1181 5347 1269 5397 τὸν
1346 5349 1545 5419 καρπὸν
1606 5354 1699 5399 τοῦ
1743 5350 1893 5400 πνεύ-

206 5454 401 5509 ματος.
480 5430 826 5503 Legendum
893 5448 962 5489 ex
1028 5432 1280 5489 Homilia
1335 5438 1389 5489 et
1441 5435 1745 5505 Opusculo
1800 5437 1889 5491 VII

212 5540 350 5597 cap.
408 5523 481 5578 18
539 5537 553 5575 :
609 5519 804 5594 πληροῖ
848 5521 1004 5575 αὐτὸν
1051 5530 1151 5575 τῶν
1198 5530 1429 5594 καρπῶν.
1464 5523 1685 5580 Vitium
1718 5540 1753 5579 a
1797 5524 1894 5581 di-

210 5616 424 5669 ctante
472 5609 654 5666 venit.
706 5612 841 5667 Post
897 5626 1053 5683 pro:
1101 5615 1212 5683 χρὴ
1259 5613 1363 5684 γὰρ
1410 5611 1653 5678 ἕκαστον,
1714 5614 1889 5687 ὥσπερ

214 5701 287 5762 εἰς
328 5702 433 5759 τὴν
490 5697 656 5771 εὐχὴν
693 5697 941 5771 βιάζεται
992 5699 1173 5753 ἑαυτὸν
1220 5704 1311 5753 καὶ
1364 5700 1527 5773 οἶγχει
1572 5705 1707 5770 cet.,
1755 5701 1893 5760 licet

1996 4639 2231 4693 animae
2262 4636 2402 4693 vitia
2430 4636 2571 4705 pari
2597 4636 2659 4690 in
2684 4635 2891 4705 pretio,
2910 4651 2980 4692 ac
3000 4635 3113 4690 illa
3130 4640 3379 4690 externa
3404 4646 3646 4703 ponere.

2000 4726 2320 4798 Sequentia
2348 4725 2587 4790 docent,
2621 4725 2781 4779 hunc
2807 4740 2935 4779 esse
2996 4738 3203 4778 verum
3253 4737 3519 4782 sensum.
3548 4718 3651 4775 ubi

1999 4814 2320 4883 alligantur
2349 4812 2578 4885 aliquot
2608 4813 2879 4868 carmina
2927 4812 3267 4883 Scripturae
3298 4810 3372 4865 de
3404 4807 3653 4863 occultis

1999 4902 2216 4958 talibus
2248 4902 2403 4957 vitiis
2432 4900 2595 4975 [Pag.
2636 4900 2721 4974 l3]
2759 4900 3233 4971 pronuntiantia.
3279 4898 3486 4954 Statim
3520 4902 3656 4969 post

2000 4992 2114 5047 ista
2165 4992 2437 5063 sequitur
2486 4998 2801 5061 corruptus
2842 4991 2980 5046 item
3031 4989 3195 5045 locus
3237 4992 3373 5040 εκαὶ
3410 4995 3509 5039 τῶν
3560 4986 3653 5037 λα-

1996 5080 2220 5133 λούντων
2301 5080 2508 5153 εἰρήνην
2565 5081 2697 5152 μετὰ
2760 5087 2859 5130 τῶν
2914 5078 3136 5135 πλησίον
3216 5077 3405 5140 αὐτῶν,
3461 5079 3549 5127 καὶ
3593 5075 3659 5126 τὰ

2000 5168 2119 5231 ἑξῆς
2154 5187 2165 5201 ·
2221 5174 2310 5221 καὶ
2363 5168 2555 5221 πάλιν·
2596 5173 2686 5220 καὶ
2731 5169 2832 5241 γὰρ
2878 5166 2926 5218 ἐν
2983 5163 3182 5239 καρδίᾳ
3231 5165 3444 5236 ἀνομίας
3497 5162 3658 5236 ἐργά-

2001 5259 2187 5320 ζεσθαι
2214 5257 2260 5310 ἓν
2299 5266 2361 5331 τῇ
2393 5265 2484 5329 γῇ.
2531 5257 2639 5313 Ubi
2676 5258 2934 5328 primum
2971 5271 3183 5310 sensus
3223 5270 3339 5309 non
3372 5250 3659 5324 exprimi-

2001 5354 2113 5414 tur,
2144 5348 2248 5419 qui
2280 5348 2339 5402 in
2389 5346 2621 5402 Psalmo
2651 5351 2756 5415 est,
2815 5345 3034 5400 scilicet
3088 5360 3217 5408 eos,
3268 5343 3371 5414 qui
3399 5340 3562 5396 aliud
3598 5340 3657 5393 in

2002 5442 2261 5509 pectore,
2290 5451 2475 5508 quam
2498 5435 2555 5490 in
2576 5435 2781 5503 lingua
2808 5434 3093 5498 habeant,
3127 5448 3163 5489 a
3194 5433 3312 5487 Deo
3345 5427 3660 5497 insigniter

2003 5526 2220 5599 puniri,
2255 5529 2318 5580 ut
2338 5524 2487 5581 alios
2519 5530 2720 5597 aperte
2750 5527 3114 5596 peccatores.
3157 5520 3375 5576 Deinde
3407 5515 3660 5573 efﬁcitur

2003 5614 2180 5686 quasi
2232 5612 2387 5669 alius
2437 5611 2605 5667 locus
2659 5631 2671 5671 :
2718 5611 2766 5663 ἐν
2807 5607 3006 5684 καρδίᾳ
3065 5608 3281 5679 ἀνομίας
3342 5603 3660 5677 ἐργάζεσθαι

2014 5700 2061 5755 ίν
2092 5701 2154 5776 τῇ
2186 5709 2278 5775 γῇ,
2315 5716 2494 5774 quem
2526 5706 2580 5756 et
2629 5701 2825 5758 versio
2864 5700 3049 5757 latina
3076 5699 3159 5753 ita
3188 5693 3485 5766 exprimit,
3522 5703 3657 5748 cum
