4092 6252
527 298 637 354 279

1884 289 1984 346 J0.
2030 288 2187 346 SAL.
2229 289 2603 348 iEMLERUS
3811 294 3905 351 280

517 422 634 478 tale
658 422 882 477 dictum
943 433 1061 475 non
1116 416 1470 481 inveniatur,
1499 421 1555 473 et
1585 416 1628 470 si
1661 416 2040 477 inveniretur.
2098 421 2182 468 ta-
2213 412 2260 466 Α
2290 418 2552 484 ipsorum
2610 424 2662 473 et
2694 417 3083 473 cadaveribus
3135 418 3197 472 in
3245 416 3488 472 deserto.
3520 418 3620 481 Ita,
3654 417 3902 490 inquam,

519 527 657 567 men
681 510 758 566 ad
787 524 909 565 rem
939 511 1250 563 tractatam
1275 521 1393 561 non
1422 506 1736 576 pertineat.
1766 507 1905 560 Hinc
1936 508 2073 560 ante
2093 503 2181 555 λα-

517 600 745 653 λοὺντωυ
770 596 1119 668 reponenda
1146 598 1305 658 sunt,
1327 611 1483 666 quae
1505 600 1737 649 exstant
1762 593 1821 647 in
1850 593 1944 647 Ps.
1975 608 2172 657 xxvm,

520 692 550 745 3
586 706 598 743 :
631 692 717 745 Μὴ
783 685 1098 757 συνελκὺσης
1139 686 1270 755 μετὰ
1326 682 1642 756 ἁμαρτωλῶν
1690 686 1782 740 τὴν
1831 681 2016 753 ψυχήν
2047 700 2168 753 μου,

519 782 612 829 καὶ
665 778 793 849 μετὰ
859 773 1209 846 ἐργαζομένων
1270 769 1483 824 ἀδικίαν
1538 777 1610 843 μὴ
1683 771 2034 843 συναπολέσης
2088 789 2175 842 με,

522 875 623 920 τῶν
650 865 934 918 λαλούντων
980 868 1113 931 cet.,
1159 860 1418 917 delenda
1463 877 1604 916 vero
1645 867 1781 915 sunt
1825 859 1873 911 ἐν
1914 856 2177 932 καρδίᾳ...

516 963 579 1028 τῇ
612 963 711 1027 γῇ.
742 956 892 1009 Nam
925 950 1142 1023 ἀνομίας
1188 949 1279 1006 vel
1320 948 1536 1022 ἀνομίαν
1569 956 1693 1006 erat
1738 950 1977 1004 varians
2010 948 2181 1003 lectio

521 1052 613 1098 τοῦ
645 1039 918 1095 ἀδικίαν
950 1041 1010 1095 in
1039 1038 1294 1107 Psalmo,
1318 1045 1375 1095 et
1400 1044 1593 1095 cetera
1629 1044 1909 1108 corrupta
1941 1037 2183 1092 aliunde

533 1138 689 1196 sunt,
728 1130 1054 1186 memoriae
1085 1130 1225 1184 vitio
1250 1128 1579 1184 maximam
1610 1133 1861 1198 partem,
1898 1127 1998 1182 ubi
2029 1126 2181 1181 alius

523 1222 705 1277 citata
734 1220 904 1275 aliter
934 1217 1210 1289 explevit.
1266 1219 1414 1273 Nam
1470 1232 1592 1271 non
1625 1216 1851 1285 integer
1879 1215 2048 1271 locus
2082 1230 2184 1285 ap-

527 1309 762 1383 positus
784 1307 911 1375 fuit,
940 1306 1043 1361 sed
1102 1309 1332 1361 tantum
1386 1304 1586 1376 prima
1615 1304 1816 1370 verba,
1858 1310 1914 1359 et
1940 1304 2182 1373 signum

531 1396 821 1453 orationis
874 1395 1167 1464 abruptae
1215 1414 1266 1449 x.
1318 1413 1367 1447 τ.
1409 1413 1452 1450 ε.
1500 1395 1627 1448 Mox
1685 1393 1950 1465 sequitur
2004 1409 2017 1446 :
2074 1390 2181 1444 ἐπεὶ

523 1494 642 1546 πῶς
721 1481 941 1537 δυνατόν
1018 1482 1465 1555 ἀγαθοεργοῦντας
1545 1483 1743 1534 ἕσσίπαν
1821 1482 2014 1545 λαθεῖν,
2073 1497 2182 1553 pro

526 1588 649 1647 quo
694 1572 906 1628 melius
971 1570 1086 1640 legi
1146 1570 1379 1625 videtur
1418 1587 1592 1643 posse
1639 1588 1652 1625 :
1696 1574 1859 1631 εἴποις
1893 1579 1998 1630 πῶς
2047 1576 2182 1633 cet.,

527 1663 703 1720 dices.
749 1665 893 1717 Nam
944 1663 1048 1713 ἐπεὶ
1105 1666 1264 1716 caret
1315 1661 1700 1725 connexione,
1748 1675 1932 1731 quam
1984 1665 2182 1715 tamen

532 1751 834 1807 mentitur.

603 1842 735 1896 CAP.
796 1839 861 1893 ΧΙ
906 1853 917 1892 :
975 1840 1091 1900 ἣτις
1126 1837 1347 1910 [ἐντολὴ,
1402 1854 1522 1893 non
1574 1837 1773 1908 ἀγάπη,
1829 1842 1893 1892 ut
1946 1836 2184 1908 supplet

528 1927 846 2000 interpres]
901 1926 1001 1980 ἀπὸ
1057 1935 1147 1987 τῆς
1195 1924 1340 1979 ἔνδον
1396 1928 1542 1998 ἡμῶν
1601 1923 1882 1988 διαθέσεως
1944 1923 2183 1983 συνειδή-

533 2022 661 2079 σεώς
696 2036 751 2069 τε
799 2016 1020 2087 ἀγαθῆς,
1074 2020 1165 2067 καὶ
1216 2016 1400 2086 ὑγειῶν
1455 2024 1554 2066 τῶν
1596 2018 1720 2087 πρὸς
1779 2018 1907 2067 Θεὸν
1961 2014 2180 2083 ἐννοιῶν,

534 2107 741 2178 συνάμα
821 2110 911 2157 καὶ
997 2104 1247 2176 βοηθείας
1340 2107 1789 2175 συνεφαπτομένης
1876 2107 2185 2154 συνίσταται

533 2200 645 2251 cet.
696 2195 848 2262 Lege
902 2192 1149 2265 βοηθείας
1205 2194 1363 2256 θείας,
1415 2209 1550 2247 nam
1605 2193 1755 2247 haec
1809 2208 1922 2246 vox
1969 2208 2005 2247 a
2058 2190 2186 2264 βοη-

537 2285 679 2345 θείας
707 2282 947 2354 syllabis
980 2282 1294 2352 postremis
1321 2280 1607 2352 absorpta
1632 2286 1739 2334 est.

606 2375 689 2427 An
713 2373 957 2426 TERTIUM
981 2371 1333 2436 Opuscuwu,
1364 2376 1405 2421 [ι
1420 2388 1441 2421 ε
1456 2374 1516 2444 ρὶ
1554 2390 1591 2421 π
1606 2388 1635 2442 ρ
1651 2388 1676 2421 ο
1693 2388 1800 2422 σευ
1817 2378 1903 2442 χῆ
1923 2388 1964 2436 ς,
1990 2385 2187 2441 pauca

534 2461 684 2518 haec
715 2475 856 2533 prae
866 2460 1006 2514 fero.

610 2552 744 2605 CAP.
778 2548 870 2604 V:
911 2548 953 2601 εἰ
1000 2552 1071 2621 μὴ
1124 2549 1152 2606 ἡ
1208 2550 1650 2622 ταπεινοφροσύνῃ
1682 2548 1772 2600 καί
1819 2550 1848 2606 ἡ
1903 2548 2104 2619 ἀγάπη,
2153 2549 2182 2605 ἡ

538 2637 767 2699 ἁπλότης
823 2656 875 2688 τε
948 2642 1036 2689 καὶ
1106 2635 1368 2707 ἀγαθότης
1423 2636 1806 2689 κατακολλῶσιν
1863 2636 2024 2709 [Pag.
2103 2634 2186 2708 14]

535 2729 661 2800 ἡμῖν
700 2731 793 2784 τὴν
839 2726 1001 2798 εὐχὴν
1045 2734 1177 2791 cet.,
1227 2727 1362 2783 Nisi
1400 2726 1805 2796 conglutinent
1854 2726 2018 2783 nobis
2057 2742 2188 2781 ora-

538 2818 794 2880 tionem;
831 2830 1008 2870 sensu
1062 2830 1183 2871 non
1232 2815 1486 2887 optimo.
1543 2815 1881 2885 Legendum
1929 2814 2188 2868 κατακαλ-

536 2903 740 2969 λιῶσιν,
771 2907 1003 2969 ornent,
1038 2908 1103 2958 ut
1141 2903 1223 2975 (a)
1256 2904 1315 2958 in
1348 2904 1563 2975 Opusc.
1607 2904 1626 2957 Ι
1658 2920 1789 2974 cap.
1822 2904 1856 2957 9
1889 2918 1901 2959 :
1936 2903 2020 2956 ἐὰν
2050 2908 2119 2975 μὴ
2154 2904 2183 2961 ἡ

537 2995 978 3067 ταπεινοφροσύνῃ
1028 2997 1118 3045 καὶ
1172 2994 1201 3050 ἠ
1256 2992 1482 3054 ἁπλότης
1538 2997 1626 3045 καὶ
1678 2995 1707 3051 ἡ
1765 2992 2030 3064 ἁγαθότης
2098 3011 2189 3043 κα-

2289 522 2506 576 graeca
2555 506 2863 561 reddenda
2919 511 3074 561 sunt.
3112 505 3370 563 Clariora
3400 508 3602 561 omnia
3630 515 3834 572 essent,
3873 509 3915 564 si

2292 595 2533 651 abesset
2557 600 2666 661 καὶ,
2710 600 2766 650 et
2794 595 3087 664 legeretur
3121 602 3347 651 tantam
3388 591 3484 647 διὰ
3511 602 3682 649 τοῦτο.
3718 597 3916 651 Eodem

2291 685 2484 754 capite
2517 685 2696 754 paulo
2724 692 2857 755 post
2885 685 2995 739 ista
3029 701 3040 738 :
3073 687 3131 736 τό
3170 680 3228 736 δὲ
3270 684 3562 743 ἀποστῆναι
3596 684 3687 736 οὐκ
3732 683 3811 737 ἰπὶ
3842 692 3922 737 τοῦ

2293 772 2646 847 ἀρνήσασθαι,
2692 772 2838 845 [Pag
2925 773 3015 842 15]
3067 771 3174 824 ἀλλ’
3220 775 3302 825 ἐπὶ
3331 780 3424 824 τοῦ
3476 780 3584 832 ταῖς
3616 772 3925 843 ἐπαγγελίαις

2292 863 2453 915 αὐτοῦ
2516 862 2833 925 ἀπιστῆσαι,
2914 864 3134 914 τέθεικεν
3170 879 3182 892 ·
3244 860 3419 933 ἀμέλει
3474 866 3563 913 καὶ
3627 863 3689 912 τὰ
3747 863 3922 913 τνπικά

2290 960 2387 1004 τῶν
2437 948 2707 1004 Ἰουδαίων
2749 949 3067 1022 ἀλληγορῶν.
3132 950 3239 1007 Ubi
3287 950 3435 1022 quid
3488 951 3562 1004 sit
3599 948 3784 1020 ἀμέλει,
3816 964 3921 1003 non

2292 1040 2663 1111 interpretari
2690 1056 2965 1111 possum.
3005 1040 3348 1107 Legendum
3377 1044 3522 1110 puto
3554 1054 3661 1109 pro
3690 1054 3755 1093 eo
3778 1039 3919 1090 τίθει-

2292 1149 2394 1193 κεν,
2456 1128 2757 1200 ἐπαγγελίας
2816 1133 2903 1181 καὶ
2952 1131 3018 1181 τὰ
3066 1131 3262 1181 τυπικά
3316 1136 3414 1181 τῶν
3447 1124 3735 1191 Ἰουδαίων,
3785 1125 3925 1183 ἀλλη-

2293 1228 2461 1291 γορῶν
2494 1224 2610 1274 cet.

2366 1310 2697 1365 Oruscuwu
2733 1308 2845 1373 tlll,
2877 1309 2959 1363 De
2989 1307 3295 1363 Patientia
3335 1312 3389 1362 et
3429 1304 3798 1361 Discretione.

2364 1399 2510 1468 Cap.
2551 1396 2624 1451 ΙΙΙ
2668 1396 2883 1465 legitur
2914 1414 2925 1450 :
2969 1399 3038 1457 ὡς
3066 1398 3115 1447 oi
3148 1400 3263 1467 περὶ
3294 1396 3463 1454 Ἰαννὴ
3502 1414 3635 1466 φημι
3682 1397 3763 1444 καὶ
3793 1400 3923 1463 Μαμ-

2293 1485 2441 1559 ϐρῆν,
2477 1489 2541 1539 ut
2567 1486 2781 1540 Jannes
2810 1492 2864 1541 et
2906 1484 3220 1539 Mambres.
3259 1484 3365 1540 Ubi
3400 1483 3538 1538 licet
3568 1481 3807 1553 Ἰαμϐρῆς
3834 1480 3927 1535 tre-

2292 1576 2570 1647 quentius
2593 1575 2684 1638 sit,
2709 1590 2896 1645 quam
2922 1590 3025 1644 per
3086 1573 3398 1637 Mambres,
3426 1574 3540 1627 hoc
3591 1575 3783 1626 tamen
3808 1570 3925 1623 ferri

2291 1664 2637 1735 debet,quia
2660 1663 2717 1717 in
2733 1662 3042 1733 evangelio
3062 1662 3420 1734 apocrypho
3445 1659 3743 1717 Nicodemi
3760 1660 3928 1713 Mam-

2223 1754 2261 1807 B
2294 1754 2423 1809 bres
2452 1754 2591 1808 item
2624 1752 2855 1817 legitur,
2889 1768 3072 1824 quam
3108 1752 3471 1821 scripturam
3517 1751 3695 1805 etiam
3752 1752 3924 1801 servat

2294 1844 2403 1899 MS.
2436 1843 2619 1897 codex
2640 1842 2699 1895 in
2726 1840 3087 1896 bibliotheca
3117 1838 3649 1911 OrphanotrOphii.
3689 1840 3927 1891 Ceterum

2294 1933 2565 1987 videatur
2601 1930 2902 1987 Fabricius
2952 1930 3011 1984 in
3045 1929 3258 1984 Codice
3290 1927 3656 2000 Apocrypho
3688 1928 3748 1980 N.
3782 1927 3837 1979 Τ.
3866 1922 3927 1976 de

2294 2020 2407 2076 hac
2464 2036 2628 2075 voce.
2681 2018 2844 2073 Idem
2898 2020 3008 2074 MS.
3043 2017 3232 2071 codex
3279 2016 3526 2071 exhibet
3565 2017 3797 2071 Jamnes
3834 2026 3923 2080 pro

2292 2111 2514 2166 Jannes
2538 2127 2557 2173 ;
2584 2124 2692 2163 nec
2710 2107 2871 2179 piget
2885 2107 3182 2175 integrum
3206 2104 3408 2159 locum
3423 2102 3779 2166 exscribere,
3801 2098 3922 2170 quia

2294 2197 2543 2253 differta
2570 2195 2812 2265 vulgata
2832 2194 3080 2250 lectione
3095 2193 3257 2263 apud
3285 2192 3629 2247 Fabricium
3662 2209 3673 2245 :
3706 2195 3758 2245 et
3778 2191 3926 2243 erant

2294 2286 2377 2342 ibi
2402 2291 2679 2342 curantes
2704 2284 2915 2340 medici
2944 2284 3181 2338 nomine
3208 2282 3453 2338 Jamnes
3484 2288 3538 2338 et
3567 2278 3859 2339 Mambres.
3880 2282 3924 2330 et

2293 2377 2564 2444 fecerunt
2593 2377 2788 2443 signa,
2816 2388 2968 2445 quae
2994 2373 3143 2441 fecit
3171 2371 3419 2440 Moyses,
3456 2370 3558 2427 sed
3585 2384 3702 2424 non
3732 2363 3924 2421 omnia.

2295 2465 2489 2520 Lectio
2538 2463 2779 2531 vulgata
2834 2462 3015 2517 habet
3054 2480 3074 2518 :
3106 2461 3296 2517 Erant
3330 2462 3416 2516 ibi
3458 2460 3623 2530 magi
3649 2458 3858 2512 Jannes
3885 2457 3929 2507 et

2295 2553 3011 2624 Mambresfeceruntque
3036 2557 3087 2607 et
3100 2550 3213 2619 ipsi
3230 2565 3339 2617 per
3360 2547 3793 2606 incantationes
3812 2553 3931 2597 suas

2296 2644 2488 2713 signa,
2514 2656 2665 2714 quae
2690 2641 2919 2710 fecerat
2951 2640 3199 2709 Moyses,
3234 2640 3336 2695 sed
3362 2655 3487 2694 non
3515 2652 3622 2707 per
3643 2634 3848 2691 omnia.
3878 2632 3928 2683 In

2297 2733 2408 2788 MS.
2442 2731 2539 2786 illo
2589 2730 2791 2786 codice
2825 2729 3113 2784 mendum
3153 2733 3262 2791 est,
3295 2727 3376 2783 ita
3406 2728 3556 2783 forte
3590 2721 3925 2780 tollendum:

2296 2821 2373 2875 Et
2404 2825 2575 2877 erant
2598 2819 2678 2875 ibi
2694 2819 3101 2875 incantatores
3126 2817 3348 2888 magici
3371 2822 3483 2872 cet.
3512 2814 3695 2885 Hujus
3734 2804 3925 2866 codicis

2299 2911 2407 2966 MS.
2477 2909 2610 2964 ideo
2672 2908 2767 2963 hic
2821 2907 2930 2962 feci
2973 2907 3362 2970 mentionem,
3406 2905 3550 2978 quia
3602 2902 3813 2970 dignus
3847 2897 3924 2950 est

2297 2999 2565 3070 quicum
2617 2996 2773 3051 edito
2806 3001 2961 3051 textu
2996 2994 3246 3051 Fabricii
3297 2994 3660 3054 conferatur,
3700 2984 3847 3061 quod
3878 2986 3922 3036 et

537 3088 852 3155 τακοσμὴσῃ
936 3085 1094 3155 ἡμᾶς.
1155 3081 1265 3136 Ubi
1336 3098 1442 3153 pro
1522 3084 1654 3154 ἡμᾶς
1706 3082 1861 3138 adde
1915 3083 2037 3153 ἡμῖν
2095 3085 2187 3139 τὴν

2304 3088 2630 3143 accuratior
2656 3090 2711 3140 et
2741 3084 2969 3156 plenior
3030 3084 3339 3155 scriptura.
3376 3089 3434 3138 et
3466 3081 3665 3138 multis
3695 3070 3920 3132 historiis

538 3172 723 3244 εὐχήν,
758 3178 819 3227 ut
847 3170 1191 3228 necessario
1229 3187 1437 3227 sensus
1463 3171 2188 3242 postulatetcollatiocum

539 3261 838 3331 Opusculo
867 3260 975 3313 isto
1006 3261 1096 3314 Ill.
1141 3262 1361 3331 Κοσμέῶ
1408 3265 1464 3314 et
1497 3259 1717 3312 καλλιόω
1754 3260 1967 3315 eodem
2009 3274 2191 3314 sensu

541 3354 697 3404 sunt.
732 3351 796 3403 Et
821 3348 879 3403 in
912 3348 1031 3403 ﬁne
1088 3348 1298 3419 capitis
1332 3349 1512 3419 hujus
1540 3351 1582 3401 V
1620 3364 1776 3421 pone
1820 3348 2060 3418 signum
2093 3348 2188 3401 in-

542 3436 891 3506 terrogandi
966 3453 978 3491 :
1025 3441 1094 3507 μὴ
1144 3436 1337 3507 ἀγνοῶν
1386 3441 1620 3508 φαίνεται
1675 3436 2020 3508 ψυχαγωγεῖν
2074 3434 2193 3487 ἑαυ-

542 3528 629 3577 τὸν
698 3530 1167 3600 παρακρουόμενος,
1249 3530 1339 3577 καὶ
1442 3528 1675 3597 μεγάλων
1759 3530 1916 3588 ὅντως
1984 3534 2193 3597 καρπῶν

542 3621 634 3667 τοῦ
685 3616 993 3680 πνεύματος,
1053 3610 1147 3666 διὰ
1202 3616 1259 3665 τό
1315 3614 1475 3676 οὕτως
1534 3617 1694 3684 ἔχειν,
1740 3613 2079 3689 ἀποστερῶν;
2131 3614 2194 3669 In

543 3703 798 3773 vulgatis
846 3708 937 3758 est
965 3702 1132 3756 τελεία
1182 3708 1402 3775 στιγμή,
1443 3704 1605 3774 quod
1638 3718 1879 3758 sensum
1925 3702 2192 3774 impedit.

617 3793 743 3847 CAP.
805 3794 872 3847 IX
927 3799 1191 3848 extremo
1246 3808 1353 3863 pro
1405 3795 1472 3854 ὡς
1546 3795 1601 3843 τὸ
1658 3791 1787 3843 πολὺ
1844 3794 1937 3844 οὐκ
1994 3791 2199 3845 ἐκπλεό-

545 3900 694 3949 νασε,
746 3886 835 3933 καὶ
880 3884 949 3942 ὡς
997 3884 1053 3934 τὸ
1104 3880 1277 3952 ὀλίγον
1333 3880 1425 3933 οὐκ
1477 3880 1816 3940 ἠλαττόνησεν
1868 3881 1997 3951 lege
2040 3897 2109 3936 ex
2158 3882 2199 3935 ΙΙ

546 3972 705 4027 Corr.
741 3987 833 4027 νιιι
866 3976 922 4027 et
954 3970 1134 4026 Exod.
1165 3986 1261 4027 xv1
1290 3987 1303 4026 :
1332 3972 1357 4022 ὁ
1389 3973 1444 4023 τὸ
1476 3970 1630 4035 πολὺ,
1663 3972 1767 4026 ειὸ
1798 3974 1854 4022 τὸ
1884 3970 2056 4042 ὀλίγον
2108 3969 2199 4026 vel

546 4059 755 4112 ἔλαττον
768 4105 780 4117 ,

621 4152 751 4207 CAP.
807 4152 846 4205 Χ
886 4153 1018 4221 post
1070 4149 1297 4204 initium
1346 4165 1356 4202 :
1400 4153 1489 4201 καὶ
1518 4148 1756 4222 τ’ῇεύχῇ
1802 4148 2021 4223 ὀκνηρὸς
2048 4154 2197 4213 cet.;

548 4237 677 4309 lege
707 4238 785 4294 ob
817 4238 1123 4294 meliorem
1156 4238 1591 4294 connexionem
1622 4242 1711 4290 καὶ
1736 4257 1814 4309 γε,
1858 4238 1944 4294 vel
1972 4244 2061 4291 καὶ
2098 4241 2200 4311 γὰρ

550 4331 661 4383 cet.

623 4415 808 4485 Pergo
848 4416 924 4472 ad
963 4431 1089 4473 CAP.
1138 4416 1269 4477 Xlll,
1326 4416 1563 4471 omissis
1620 4415 1819 4471 multis
1854 4416 2088 4471 mendis
2118 4423 2204 4488 ty-

549 4503 973 4576 pographicis;
1037 4508 1159 4565 τοὺς
1215 4501 1471 4557 ἀδύνατον
1526 4504 1934 4575 ἡγουμένους....
1994 4506 2018 4557 ό
2074 4504 2196 4557 ἀπὸ·

554 4592 733 4656 στολος
787 4590 1085 4669 διαῤῥήδην
1139 4592 1362 4653 ἐοικότας
1416 4593 1605 4654 αὐτοὺς
1666 4590 1903 4646 δείκνυσι
1958 4601 2065 4656 τοῖς
2120 4592 2193 4647 δι’

554 4680 804 4735 ἀπιστίαν
848 4688 942 4741 τὴν
989 4692 1089 4753 γῆν
1138 4690 1235 4744 τῆς
1294 4682 1603 4753 ἐπαγγελίας
1646 4683 1888 4735 εἰσελθεῖν
1954 4688 2024 4754 μὴ
2071 4684 2201 4747 ἠξω-

552 4775 745 4843 μένοις,
796 4778 883 4823 καὶ
944 4768 1039 4824 διὰ
1116 4779 1268 4823 τοῦτο
1317 4778 1658 4825 πεπτωκότων
1713 4773 1885 4833 αὐτοῖς
1941 4781 2040 4825 τῶν
2105 4780 2201 4825 κῶ-

548 4860 647 4912 λων
704 4862 750 4911 ἓν
817 4868 878 4932 τῇ
940 4859 1133 4932 ἐρήμῳ.
1197 4862 1301 4917 Ubi
1358 4876 1577 4930 graeca
1627 4863 1816 4916 oratio
1877 4861 2200 4929 σολοικίζει;

558 4948 767 5004 saltem
795 4948 876 5003 ita
896 4949 1147 5012 videtur,
1178 4949 1289 5004 nisi
1306 4950 1623 5005 commode
1638 4949 1980 5019 explicetur.
2000 4951 2205 5007 Latina

552 5038 748 5094 versio
762 5037 910 5093 haec
924 5053 1139 5106 graeca
1157 5038 1413 5107 neglexit
1434 5043 1671 5109 propter
1684 5039 1872 5095 solam
1886 5040 2040 5095 hanc
2056 5056 2196 5095 cau-

556 5143 709 5193 sam,
742 5132 798 5182 et
830 5126 1382 5200 posuitversionem
1419 5126 1635 5195 vulgati
1666 5128 2191 5198 interpretis.Tuita

560 5222 723 5273 verte
751 5233 763 5269 :
805 5231 1079 5283 expresse
1105 5217 1323 5271 similes
1370 5216 1512 5272 dicit
1542 5216 1689 5281 istis,
1723 5219 1827 5288 qui
1854 5233 1889 5273 a
1919 5218 2210 5284 promissa

565 5312 726 5363 terra
754 5311 1005 5376 propter
1034 5304 1279 5358 ἀπιστίαν
1297 5304 2075 5374 prohibitisunt,prostratis
2103 5309 2193 5364 vet

562 5402 815 5467 propter
865 5396 995 5461 hoc,
1052 5394 1084 5449 i.
1124 5410 1175 5451 θ.
1217 5393 1361 5467 quia
1399 5410 1518 5450 non
1548 5393 1890 5464 credebant,
1920 5395 2194 5453 membris

2301 3182 2357 3232 et
2371 3173 2811 3231 narrationibus
2827 3174 3055 3228 auctior
3071 3171 3427 3227 estlibellus.
3457 3166 3798 3240 Exemplum
3814 3162 3918 3230 ejus

2300 3266 2383 3321 rei
2414 3263 2712 3335 proferam
2742 3261 3043 3333 quaedam
3072 3277 3142 3316 ex
3191 3261 3627 3332 posterioribus
3658 3256 3815 3329 [Pag.
3848 3244 3918 3314 16]

2302 3352 2478 3418 foliis,
2508 3351 2687 3424 paulo
2720 3358 2856 3407 ante
2882 3350 3065 3405 ﬁnem
3096 3349 3388 3419 evangelii
3426 3350 3636 3419 hujus,
3665 3342 3759 3407 ibi,
3791 3348 3921 3410 quae

2302 3446 2642 3504 occurrunt,
2676 3441 2880 3495 omnia
2912 3456 2947 3494 a
2972 3438 3231 3507 vulgatis
3266 3439 3515 3494 absunt.
3566 3437 3714 3491 inter
3741 3428 3845 3484 alia
3878 3424 3922 3477 et

2302 3530 2452 3585 haec
2477 3530 2549 3584 de
2584 3529 2823 3585 Simone
2856 3530 3047 3597 Mago,
3078 3528 3248 3597 cujus
3276 3526 3335 3581 in
3375 3527 3597 3582 eodem
3626 3524 3734 3577 hoc
3761 3511 3919 3583 capite

2306 3619 2537 3676 Macarii
2558 3618 2620 3673 ﬁt
2644 3619 2866 3673 mentio
2892 3635 2903 3672 :
2938 3619 3133 3673 Antea
3151 3616 3394 3687 quidam
3415 3614 3828 3673 Samaritanus
3848 3612 3918 3655 ve-

2306 3714 2477 3764 nerat
2492 3707 2726 3764 nomine
2744 3709 2986 3777 Symon,
3012 3706 3072 3761 in
3086 3713 3217 3761 arte
3230 3704 3468 3773 magica
3486 3702 3655 3760 nimis
3669 3692 3919 3755 eruditus,

2308 3798 2499 3869 inquo
2520 3802 2574 3852 et
2603 3797 2876 3853 demonia
2890 3796 3082 3850 multa
3106 3793 3553 3850 inhabitabant.
3581 3788 3690 3858 Qui
3703 3780 3917 3873 dicebat.

2309 3886 2467 3958 quod
2480 3886 2603 3955 ipse
2612 3901 2821 3955 passus
2831 3886 3325 3954 fuisset,mortuus
3345 3890 3395 3939 et
3410 3882 3755 3955 sepultus,et
3777 3872 3920 3926 tertia

2311 3976 2404 4032 die
2416 3976 2780 4032 asserebatse
2796 3973 3411 4040 ressurrexisse.0uae
3431 3975 3571 4028 dum
3588 3968 3774 4024 Neron

2312 4065 2436 4120 sari
2447 4065 2732 4120 nunciata
2741 4063 2996 4133 fuissent
3008 4063 3079 4119 de
3091 4062 3226 4118 Iesu
3242 4057 3686 4123 Christo.Filtio
3706 4048 3798 4107 Dei
3810 4048 3917 4106 vim,

2313 4159 2365 4209 et
2404 4152 2622 4219 omnia,
2676 4167 2828 4224 quae
2877 4151 2949 4208 de
2974 4167 3039 4207 eo
3065 4158 3237 4207 erant
3289 4158 3427 4207 acta
3457 4147 3621 4219 apud
3649 4140 3915 4224 Iudaeam:

2312 4216 2662 4298 nunciatum
2679 4216 3015 4297 estsimutei
3025 4241 3097 4295 de
3125 4241 3366 4309 Pylato.
3386 4216 3703 4307 Quistatim
3728 4216 3914 4309 direxit

2312 4346 2447 4387 suos
2468 4330 2677 4386 milites
2696 4332 2754 4383 in
2771 4328 3151 4399 Cymerinam
3164 4299 3483 4389 cvivitate‘m,
3501 4333 3552 4383 et
3578 4320 3841 4391 Pytatum
3856 4299 3919 4399 uti

2312 4437 2371 4477 se
2384 4419 2666 4476 accersiri
2675 4418 3078 4487 praecepit.Et
3093 4434 3225 4473 cum
3239 4418 3293 4473 ei
3305 4417 3713 4485 praesentatus
3722 4395 3918 4487 fuisset,

2315 4508 2591 4566 narravit
2603 4506 2828 4563 Neroni
2839 4506 3033 4561 omnia
3046 4520 3198 4577 quae
3212 4506 3283 4562 de
3302 4504 3537 4561 Christo
3552 4479 3921 4557 Nazarenod"

2315 4606 2412 4656 cla
2428 4596 3120 4668 sunt,praesentavitque
3148 4594 3199 4651 ei
3218 4595 3543 4661 discipulos
3568 4590 3690 4659 ejus
3718 4579 3918 4635 Petrum

2316 4696 2366 4745 et
2383 4688 2661 4743 Paulum.
2678 4685 2801 4753 Ipsi
2812 4692 3007 4740 autem
3022 4684 3294 4753 apostoli,
3310 4684 3635 4751 refutantes
3647 4668 3920 4741 Symonem

2318 4792 2439 4834 esse
2452 4774 2776 4840 Christum,
2792 4772 3075 4829 dixerunt
3089 4771 3318 4828 Neroni
3334 4768 3599 4827 Caesari:
3614 4753 3921 4819 Boneimpe'

2318 4872 2507 4929 ναίον,
2530 4864 2581 4918 si
2610 4866 2695 4919 vis
2725 4865 2894 4927 scire,
2922 4877 3075 4934 quae
3093 4868 3261 4929 gesta
3304 4867 3443 4915 sunt
3487 4859 3557 4915 de
3592 4848 3818 4939 Iudaee,

2321 4956 2448 5022 cipe
2462 4953 2664 5009 literas
2678 4952 2858 5021 hujus
2876 4932 3383 5019 PontiiPytatiad
3403 4943 3709 5004 Claudium
3728 4932 3917 5026 mf'fffsf

2323 5015 2531 5100 et'tunc
2551 5015 3119 5109 omnia'cognoscere
3130 5015 3367 5106 poteris.
3386 5038 3693 5093 Itteautem
3724 5015 3921 5109 mittens

2325 5098 2405 5188 ad
2427 5098 3242 5195 bibliothecamvCapitotiidn
3265 5143 3378 5198 quo
3397 5126 3529 5194 ipsa
3541 5116 3749 5184 scripta
3771 5098 3921 5198 conti:

2329 5219 2643 5274 nebantur.
2662 5220 2704 5271 Α
2716 5181 3017 5286 ccepiiaue
3031 5181 3259 5272 easdem
3273 5181 3510 5280 Ititerlas,
3524 5215 3575 5268 et
3592 5181 3721 5274 ιερἰ
3749 5202 3833 5286 ςαξ
3850 5181 3919 5286 if!

2328 5307 2504 5364 series
2515 5307 2601 5362 ita
2614 5313 2767 5362 erat:
2777 5282 3026 5361 Pontius
3037 5305 3288 5376 Pytatus
3300 5295 3673 5375 regiCtaudio
3684 5282 3917 5376 salutent-

2330 5397 2627 5465 Nuper....
2664 5396 2738 5451 Et
2755 5400 3026 5451 mortuus
3047 5370 3129 5451 est
3156 5370 3386 5467 [New];
3399 5398 3453 5449 et
3478 5407 3515 5449 a
3537 5381 3684 5455 lupis
3709 5370 3920 5430 devora-

2141 5538 2374 5595 NOTAE
2386 5583 2399 5595 .

646 5664 729 5739 (a)
760 5664 857 5723 Sic
889 5680 986 5739 ap.
1019 5663 1288 5731 Semler.;
1318 5662 1434 5735 leg.
1462 5666 1534 5721 et.
1566 5665 1661 5721 En.
