4092 6252
227 312 321 368 281
1305 307 1389 362 DE
1427 300 1758 363 SCRIPTIS
1798 303 1858 360 S.
1900 300 2202 360 MACARII
2245 303 2595 362 AEGYPTII.

3533 312 3641 368 282

240 445 345 501 tus,
374 436 859 509 quemadmodum
886 433 1246 503 perdyaboli
1266 440 1449 489 artem
1462 435 1892 503 interpretatus
1922 432 1966 485 Α
2003 428 2111 493 Qui
2147 429 2515 499 signiﬁcatus
2545 432 2726 502 hujus
2755 432 2921 490 verbi
2951 435 3185 491 Graecis
3235 451 3354 491 non
3384 436 3654 493 insolens

236 530 435 597 fuerat
464 526 515 582 ei
545 528 791 595 Symon.
822 524 926 579 Hic
950 524 1076 594 jam
1097 522 1227 577 linis
1250 522 1541 591 evangelii
1574 529 1706 591 post
1726 520 1895 576 addi-

241 623 358 671 tam
384 614 789 685 doxologiam.
810 615 975 679 Quae
1006 611 1279 667 omniaet
1311 610 1645 667 multaante
1677 608 1892 665 haecin

236 706 470 774 vulgato
486 702 972 773 evangelioapud
993 701 1324 756 Fabricium
1354 699 1597 755 absunt.
1636 698 1894 769 Siquan-

234 795 312 850 do
340 795 526 848 otium
559 792 929 863 suppeditat,
966 789 1251 861 polliceor
1281 790 1419 843 huic
1444 790 1551 843 MS.
1571 802 1707 842 cum
1736 786 1895 841 edito

230 884 390 953 [Pag.
411 882 499 952 I7]
526 879 894 937 conferendo
912 894 1109 933 meam
1124 877 1610 949 qualemcunque
1624 890 1892 946 operam.

222 973 358 1027 Jam
391 972 470 1026 ad
505 968 832 1025 Macarium
873 966 1076 1023 redeo.

302 1073 443 1125 CAP.
501 1068 619 1123 llll.
684 1068 980 1141 Καθαπερεὶ
1028 1066 1414 1137 τεκμηράμενον
1454 1067 1547 1122 την
1576 1071 1667 1123 τῆς
1714 1062 1899 1115 ἑαυτοῦ

232 1156 512 1230 βασιλείας
566 1158 894 1229 καθαίρεσιν,
952 1168 1062 1225 pro
1125 1168 1247 1223 quo
1298 1152 1527 1208 videtur
1579 1150 1899 1219 legendum

232 1262 370 1303 esse
424 1249 829 1317 τεκμαιρόμενον
888 1241 981 1297 vel
1026 1244 1486 1314 τεκμηριούμενον,
1537 1257 1574 1296 a
1628 1244 1903 1313 τεκμαίρο-

235 1355 336 1409 μαι
382 1342 483 1391 aut
512 1338 826 1408 τεκμηριόω.
877 1331 1043 1386 Istud
1090 1331 1397 1402 vulgatum
1433 1330 1771 1400 cujusmodi
1806 1327 1898 1396 sit,

233 1441 360 1481 non
401 1426 779 1495 interpretor.
821 1422 877 1476 In
912 1420 1126 1475 eodem
1177 1419 1377 1475 adhuc
1427 1421 1662 1489 capite:
1712 1418 1794 1469 ἐπὶ
1843 1414 1901 1469 δὴ

237 1522 332 1566 τοῦ
388 1516 589 1585 Κυρίου
641 1514 772 1585 πρὸς
816 1510 1060 1568 ἀλήθειαν
1111 1517 1266 1561 τοῦτο
1313 1505 1515 1570 παθεῖν,
1576 1507 1769 1562 reddit
1817 1508 1901 1560 in-

242 1608 469 1672 terpres
501 1617 537 1657 a
561 1600 825 1663 Domino,
858 1597 1021 1671 quod
1072 1596 1284 1652 melius
1326 1596 1685 1652 reddidisset
1726 1596 1899 1651 adve-

244 1692 448 1746 niente
477 1689 745 1745 Domino.
790 1688 1171 1743 Notissimum
1211 1687 1371 1741 enim
1416 1690 1521 1751 est,
1556 1684 1638 1737 ἐπὶ
1689 1684 1749 1740 in
1803 1684 1896 1739 his

244 1782 489 1850 tempus
516 1783 737 1832 notare.
1583 1778 1593 1789 '

314 1878 437 1930 CAP.
473 1875 612 1931 VIII.
656 1877 795 1929 Item
845 1877 1002 1928 errat
1046 1871 1240 1927 versio
1282 1888 1295 1925 :
1329 1876 1418 1923 καὶ
1458 1873 1559 1943 γὰρ
1593 1872 1618 1921 ὁ
1649 1877 1893 1937 τοιοῦτος,

236 1965 287 2017 έν
341 1963 615 2021 λεπτότητι
684 1959 777 2015 διὰ
856 1970 943 2022 τῆς
1000 1965 1220 2021 πίστεώς
1277 1980 1429 2032 φημι,
1478 1965 1567 2011 καὶ
1620 1968 1713 2021 τῆς
1774 1977 1897 2031 προ-

238 2057 446 2125 θυμίας,
478 2049 587 2110 ἤδη
647 2058 878 2104 κοινωνεί
928 2058 999 2120 τῷ
1042 2057 1175 2103 Θεώ.
1219 2050 1424 2104 Latina
1469 2049 1688 2104 habent
1742 2048 1896 2102 :Et-

238 2144 392 2200 enim
430 2143 570 2197 tatis
595 2141 678 2207 (in
712 2141 999 2197 tenuitate
1018 2154 1147 2194 mea
1168 2154 1281 2209 per
1310 2137 1485 2207 ﬁdem
1517 2145 1571 2194 et
1597 2137 1897 2204 conﬁden-

238 2233 384 2289 tiam
415 2231 532 2303 aio)
549 2231 688 2286 talis
719 2230 964 2299 inquam
976 2231 1107 2298 jam
1127 2229 1238 2283 Deo
1261 2226 1699 2295 communicat;
1724 2226 1898 2297 quasi

237 2326 433 2377 essent
471 2319 649 2374 verba
675 2318 938 2374 auctoris
969 2318 1041 2371 de
1072 2332 1133 2371 se
1156 2315 1681 2389 loquentis.Minus
1697 2320 1897 2369 autem

239 2414 416 2465 recte.
432 2406 795 2463 Vertendum
811 2410 904 2460 est
932 2405 1022 2460 :in
1045 2405 1280 2475 exiguo,
1298 2406 1335 2458 i.
1352 2422 1403 2459 e.
1419 2404 1896 2475 quodammodo,

246 2497 377 2552 tatis
403 2499 534 2567 jam
563 2513 633 2546 κο
655 2499 865 2545 ινωνεῖ
891 2500 963 2561 τῷ
986 2499 1120 2561 Θεῷ
1146 2496 1397 2561 propter
1439 2492 1615 2559 ﬁdem
1661 2498 1714 2545 et
1746 2490 1901 2545 desi-

246 2585 470 2641 derium
502 2600 604 2640 seu
628 2586 975 2654 promptum
1006 2581 1293 2636 animum.
1320 2585 1535 2634 Auctor
1569 2579 1711 2647 vult,
1744 2580 1900 2634 hanc

246 2675 428 2729 animi
456 2673 753 2728 credentis
767 2670 1247 2742 dispositionem,
1262 2685 1383 2741 qua
1398 2673 1641 2740 exoptat
1655 2668 1903 2739 conjun-

240 2764 499 2819 ctionem
527 2777 665 2816 cum
719 2759 859 2824 Deo,
896 2758 1023 2829 jam
1072 2774 1199 2813 esse
1238 2762 1503 2809 κοινωνίαν
1554 2757 1897 2829 aliqualem,

235 2868 367 2919 seu,
415 2856 480 2905 ut
532 2849 732 2904 statim
794 2847 1039 2903 inferius
1084 2847 1243 2910 dicit,
1300 2846 1475 2901 talem
1519 2848 1750 2919 καθάπερ
1790 2844 1897 2903 ἤδη

233 2946 475 2993 κοινωνεῖ
503 2947 576 3009 τῷ
609 2946 742 3008 Θεῷ.
787 2936 957 3002 Quod
1001 2935 1255 2990 ostendit
1286 2934 1365 2989 ab
1395 2934 1666 3005 exemplo
1697 2934 1896 2990 Matth.

240 3045 302 3091 v,
331 3032 422 3093 28,
453 3028 552 3082 ubi
601 3027 821 3097 cupido
878 3024 1152 3081 adulterii
1203 3040 1240 3079 a
1277 3027 1393 3079 Deo
1448 3030 1754 3094 reputetur
1792 3039 1899 3095 pro

2002 526 2116 573 est.
2160 518 2384 574 Ibidem
2420 520 2595 591 paulo
2635 529 2772 576 ante
2804 523 2987 578 ﬁnem
3022 542 3034 575 :
3070 526 3219 585 εὐθὺς
3245 527 3314 587 ὡς
3343 522 3455 596 εἶχε
3481 523 3659 579 ποδῶν

2003 609 2262 679 ἐκφυγεῖν,
2316 614 2387 681 μὴ
2434 609 2662 681 μελῆσαν
2717 611 2858 682 αύτῷ
2898 620 2997 663 τῶν
3064 609 3307 685 μηδενός,
3373 630 3483 685 pro
3540 631 3661 687 quo

2003 696 2152 753 forte
2202 698 2587 753 scribendum
2645 704 2765 771 ιμὴ
2814 700 3129 771 μιλήσαντος
3182 702 3323 773 αύτῷ
3353 712 3451 755 τῶν
3498 704 3660 756 αὑτοῦ

2005 782 2250 857 μηδενὸς.
2292 787 2438 850 Quia
2460 788 2949 844 brevitertantmn
2979 790 3242 846 delibare
3257 792 3350 847 hic
3372 792 3451 847 ibi
3474 808 3662 865 quae-

2006 876 2147 930 dam
2174 875 2469 938 constitui,
2504 881 2665 931 verto
2699 892 2792 931 me
2819 877 2946 947 jam
2976 879 3074 935 ad.

2081 974 2407 1029 Opuscuwu
2433 974 2495 1037 V,
2537 975 2619 1029 De
2651 975 3003 1033 Etevatione
3047 979 3277 1035 mentis.

2081 1074 2214 1128 CAP.
2245 1073 2285 1125 l.
2320 1071 2421 1126 Hic
2446 1072 2641 1127 statim
2678 1073 2871 1143 primo
2899 1074 2958 1130 in
2989 1076 3181 1147 capite
3223 1076 3370 1132 levis
3401 1092 3566 1133 error
3601 1078 3663 1133 in

2011 1160 2241 1230 graecis
2294 1158 2371 1215 ab
2409 1159 2728 1232 interprete
2779 1178 2900 1218 non
2929 1169 3140 1220 cautus
3185 1170 3275 1221 est
3309 1183 3321 1220 :
3356 1166 3497 1238 ὑμεῖς
3536 1168 3661 1241 γὰρ,

2011 1252 2261 1321 φησὶν,...
2320 1249 2777 1321 κατοπτριζομεθα
2819 1255 2924 1307 cet.
2987 1253 3136 1309 Sunt
3182 1254 3434 1310 excitata
3481 1255 3665 1311 verba

2011 1355 2082 1393 ex
2109 1337 2367 1409 Epistola
2397 1339 2557 1409 [Pag.
2591 1338 2676 1411 19]
2704 1339 2863 1395 Pauli
2904 1341 3171 1397 secunda
3201 1342 3278 1398 ad
3308 1343 3572 1400 Corinth.
3609 1358 3662 1399 c.

2012 1443 2090 1489 ιιι,
2125 1430 2206 1482 l8.
2228 1427 2330 1481 Ubi
2348 1428 2638 1497 interpres
2657 1443 2758 1498 per
2779 1429 3154 1485 oscitantiam
3194 1432 3288 1487 vix
3319 1431 3666 1487 condonan-

2009 1514 2150 1569 dam
2180 1514 2472 1571 reddidit:
2516 1516 3113 1588 Vos...speculantes,
3145 1536 3280 1575 cum
3308 1525 3429 1575 tam
3462 1537 3533 1576 ex
3550 1540 3668 1573 συν-

2010 1606 2161 1674 αφείᾳ
2189 1603 2513 1669 luculenta,
2548 1620 2732 1674 quam
2766 1621 2836 1661 ex
2854 1606 2980 1661 loco
3005 1606 3184 1663 allato
3199 1608 3666 1666 sciredebuisset

2007 1689 2330 1760 legendum
2362 1709 2489 1749 esse
2519 1696 2687 1764 ἥμιῖς,
2721 1710 2846 1749 nos.

1930 1781 1968 1835 Β
2077 1788 2293 1844 Omitto
2325 1790 2650 1861 quaedam,
2684 1796 2740 1847 et
2770 1792 2829 1847 in
2862 1807 2993 1850 CAP.
3035 1793 3159 1848 VIII
3204 1810 3217 1846 :
3252 1795 3386 1847 οὕτω
3419 1800 3550 1867 φησὶ
3576 1800 3665 1848 καὶ

2008 1876 2210 1948 ἑκάστῳ
2265 1887 2361 1929 τῶν
2418 1880 2587 1951 ἱερέων
2647 1884 2736 1932 καὶ
2799 1880 2959 1952 ἁγίων
3013 1884 3037 1933 ὁ
3088 1887 3219 1945 Θεὸς
3269 1886 3412 1957 ὤφθη
3470 1885 3665 1940 scribo

2007 1974 2105 2017 τῶν
2137 1970 2409 2039 πατέρων
2462 1971 2551 2018 καὶ
2580 1967 2761 2039 ἁγίων.
2798 1972 2939 2024 Nam
2973 1971 3046 2025 de
3080 1973 3485 2027 sacerdotibus
3518 1971 3664 2028 nihil

2008 2053 2121 2109 tale
2147 2054 2488 2124 legimus,et
2514 2057 2613 2128 qui
2647 2064 2979 2129 sequuntur
3002 2076 3121 2115 non
3153 2062 3663 2120 suntsacerdotes.

2006 2144 2088 2199 Ne
2119 2144 2252 2215 quis
2297 2144 2545 2211 dubitet,
2600 2145 2734 2215 legit
2783 2148 2959 2201 etiam
2995 2147 3245 2203 Homilia
3298 2165 3352 2202 Iv
3400 2150 3427 2219 §
3467 2151 3531 2206 13
3563 2158 3665 2201 τῶν

2008 2231 2169 2301 ἁγίων
2229 2237 2482 2305 πατέρων.
2563 2234 2790 2290 Ibidem
2858 2241 3197 2291 recensetur
3255 2236 3456 2292 Daniel
3511 2238 3667 2293 inter

2011 2323 2194 2375 Noam
2229 2329 2283 2377 et
2314 2324 2531 2387 Mosen,
2563 2338 2667 2393 pro
2694 2340 2816 2395 quo
2846 2323 3167 2393 legendum
3201 2326 3442 2398 Σαμουὴλ
3471 2343 3484 2395 ;
3520 2343 3661 2383 nam

2013 2410 2212 2465 Daniel
2232 2410 2482 2482 pertinet
2497 2412 2571 2466 ad
2590 2411 3017 2484 prOphetas,de
3030 2414 3254 2485 quibus
3271 2416 3469 2471 statim
3488 2416 3665 2472 dicit:

2010 2503 2096 2551 xui
2146 2498 2350 2571 ἑκάστῳ
2381 2509 2479 2552 τῶν
2502 2510 2801 2573 προφητῶν.

2082 2597 2143 2650 In
2194 2599 2311 2653 ﬁne
2359 2614 2573 2655 CAPlTlS
2626 2599 2698 2653 IX
2750 2600 2883 2655 item
2922 2600 3125 2656 vitium
3154 2606 3277 2657 est:
3323 2602 3490 2675 σχολῇ
3532 2601 3664 2674 γ’ἆν

2011 2686 2061 2738 οἰ
2118 2690 2291 2757 ἐκείνῳ
2352 2696 2423 2759 τῷ
2484 2686 2674 2740 ἀπαθεῖ
2730 2687 3025 2760 βληθέντες,
3076 2692 3229 2764 ἕρωτί
3278 2711 3379 2743 τινι
3424 2700 3523 2743 τῶν
3574 2699 3666 2745 τοῦ

2011 2780 2212 2847 κόσμου
2252 2778 2494 2830 καθεκτοὶ
2536 2782 2786 2848 γένοιντο.
2845 2778 2952 2834 Ubi
2994 2796 3053 2832 se
3106 2780 3261 2834 male
3294 2785 3529 2851 torquet
3572 2781 3668 2836 in-

2013 2870 2235 2936 terpres
2253 2886 2264 2920 :
2281 2868 2375 2921 An
2388 2881 2565 2936 segne
2576 2870 2756 2921 otium
2775 2872 2884 2922 erit
2899 2868 3183 2924 desiderio
3192 2870 3667 2938 perturbationis

2010 2954 2197 3009 omnis
2210 2954 2347 3009 imm
2358 2956 2463 3009 uni
2472 2956 2761 3025 permissis
2775 2972 3031 3011 amorem
3049 2956 3308 3028 aliquem
3321 2959 3529 3013 mundi
3546 2974 3664 3014 non

2010 3042 2321 3099 cohibendi
2363 3044 2389 3098 ?
2441 3044 2635 3113 Lego:
2671 3044 2776 3114 ὅσῳ
2824 3043 3014 3115 μᾶλλον
3064 3046 3113 3096 οἱ
3165 3048 3337 3116 ἐκείνῳ
3395 3046 3466 3115 τῷ
3516 3049 3661 3118 πόθῳ

239 3118 378 3189 ipso
435 3115 753 3172 adulterio.
782 3117 844 3169 Et
899 3120 987 3169 est
1042 3113 1158 3168 hoc
1202 3112 1447 3182 elegans
1492 3112 1895 3168 testimonium

2016 3129 2282 3202 βληθέντες
2338 3134 2485 3205 ἔρωτι
2531 3112 2612 3201 τε,
2662 3112 2760 3184 τῶν
2819 3112 2907 3185 τοῦ
2961 3139 3075 3190 cet.
3134 3134 3216 3189 Ita
3266 3112 3477 3191 suadet
3525 3112 3664 3190 cou-

238 3204 621 3277 antiquitatis
659 3204 733 3259 de
760 3203 987 3258 ratione
1011 3201 1172 3257 ﬁdei.

319 3312 490 3368 Falsa
518 3312 729 3380 legitur
775 3310 1066 3365 sententia
1114 3326 1241 3367 CAP.
1294 3309 1357 3365 XI
1395 3327 1407 3365 :
1441 3313 1530 3361 καὶ
1581 3311 1816 3381 γὰρηη
1864 3310 1894 3366 ἡ

248 3398 348 3454 διὰ
398 3406 490 3451 τοῦ
540 3401 820 3469 πνεύματος
867 3399 1017 3470 ἁγίου
1074 3403 1313 3471 γέννησις
1356 3398 1529 3450 εἰκόνα
1578 3397 1898 3459 τελειότητος

249 3492 368 3562 ἔχει
424 3490 472 3540 ἔν
528 3506 583 3539 τε
637 3495 698 3560 τῇ
756 3496 920 3561 μορφῇ
997 3493 1087 3541 καὶ
1145 3496 1252 3550 τοῖς
1300 3488 1503 3559 μελεσιν
1608 3487 1666 3539 ού
1725 3491 1899 3560 μέντοι

246 3575 491 3650 δυνάμει,
542 3578 571 3636 ἦ
625 3584 714 3647 νῷ,
757 3577 785 3636 ἦ
823 3576 1056 3652 ἀνδρείᾳ,
1106 3594 1225 3633 non
1273 3582 1467 3633 tamen
1508 3576 1739 3640 virtute,
1793 3582 1899 3634 aut

235 3675 455 3733 mente,
488 3675 591 3724 aut
613 3667 989 3737 fortitudine.
1026 3667 1358 3738 Legendum
1390 3684 1431 3723 :.
1454 3711 1501 3724 ..
1533 3666 1758 3739 μελισιν,
1790 3667 1819 3725 ἦ
1849 3665 1897 3718 ἐν

232 3765 303 3831 τῇ
336 3754 558 3830 δυνάμει
579 3762 668 3813 cet
683 3801 696 3815 .

310 3865 529 3920 Vitium
572 3863 838 3919 similiter
871 3878 1007 3919 esse
1049 3862 1281 3918 videtur
1311 3878 1433 3920 CAP.
1480 3862 1639 3918 XXIII
1684 3862 1742 3917 in
1774 3878 1900 3919 ver-

229 3954 329 4011 bis
382 3970 395 4009 :
445 3949 519 4005 δι⁹
569 3953 672 4013 ἐνὸς
722 3948 780 4004 δὲ
829 3948 1217 4024 ύποδείγματος
1272 3958 1548 4025 γνώρισμα
1588 3953 1755 4023 [Pag.
1810 3951 1897 4022 18]

232 4046 387 4097 ἔσται
430 4042 501 4113 τῷ
546 4044 677 4112 μετά
715 4048 923 4113 χεῖρας,
964 4041 1060 4097 ubi
1103 4057 1318 4112 graeca
1371 4041 1681 4111 languent.
1722 4042 1895 4111 Lege-

228 4148 391 4189 rem.
414 4175 426 4188 .
450 4173 463 4186 .
502 4134 823 4204 Ἱνωρίσομεν
848 4137 1035 4198 ταῦτα,
1068 4130 1093 4181 ὅ
1123 4128 1237 4182 ἔστι
1261 4133 1388 4203 μετὰ
1416 4137 1621 4202 χεῖρας.

308 4237 373 4292 In
416 4252 539 4293 CAP.
589 4236 730 4292 XXV
774 4236 912 4291 item
954 4236 1247 4293 mendosa
1290 4243 1380 4291 est
1422 4235 1596 4292 lectio
1638 4252 1652 4293 :
1698 4238 1756 4287 τὸ
1795 4238 1895 4309 γὰρ

225 4322 452 4380 ἔκδοτον
515 4325 696 4378 ἑαυτὸν
745 4332 1047 4397 παρασχεῖν
1097 4326 1167 4395 τῷ
1220 4324 1377 4398 φίλων
1436 4324 1575 4395 αύτῷ
1640 4329 1893 4398 φαίνεται,

224 4416 399 4488 ἕτερος
432 4413 640 4486 ὁμιλίας
688 4414 733 4476 ἐς
779 4411 930 4467 ούδὶν
980 4411 1115 4468 δίον.
1172 4416 1332 4480 Quae
1362 4414 1650 4486 interpres
1681 4415 1764 4470 ita
1795 4430 1895 4469 ex-

2008 3220 2205 3275 nexio.

2082 3318 2288 3374 Statim
2330 3318 2408 3374 ab
2433 3318 2598 3373 initio
2629 3334 2755 3375 CAP.
2782 3320 2894 3374 Xlll
2928 3319 3237 3375 estvitium
3269 3320 3663 3378 duarumlite-

2007 3423 2254 3463 rarum:
2307 3408 2349 3459 εἰ
2402 3411 2459 3460 τὸ
2523 3409 2764 3461 σύνθετον
2811 3407 2970 3461 ἐκεῖνο
3019 3408 3185 3461 ἔλαιον
3235 3412 3496 3468 τοσαύτην
3544 3413 3659 3483 ἔχει

2009 3500 2100 3555 τήν
2150 3492 2392 3569 δύναμιν,
2440 3499 2502 3557 ὡς
2541 3500 2658 3557 τούς
2697 3502 3063 3572 χρησαμένους
3103 3498 3266 3569 αύτῷ.
3311 3501 3459 3568 Lege
3502 3519 3660 3573 χριο-

2007 3588 2188 3655 μένους
2219 3601 2290 3640 ex
2322 3586 2577 3641 Homilia
2603 3602 2739 3651 xvu,
2785 3586 2882 3641 ubi
2912 3586 3056 3643 haec
3089 3588 3293 3643 omnia
3320 3593 3658 3643 occurrunt.

2007 3673 2073 3729 In
2116 3675 2328 3730 eodem
2377 3675 2570 3747 capite
2613 3676 2868 3730 occurrit
2910 3692 3022 3731 vox
3054 3676 3241 3732 rarior
3268 3680 3449 3749 τρανός
3494 3696 3661 3751 ετρα-

2006 3771 2108 3824 νοῖς
2148 3768 2237 3816 καὶ
2269 3762 2662 3825 ἁνεπικωλύτοις
2717 3763 3017 3837 ὀφθαλμοῖς.
3061 3764 3172 3820 Pro
3210 3782 3332 3837 qua
3372 3765 3431 3821 in
3463 3766 3661 3821 Homi-

2006 3852 2087 3907 lia
2132 3859 2218 3907 est
2247 3853 2407 3909 bona
2436 3853 2633 3923 glossa
2662 3855 2932 3927 καθαροῖς,
2968 3869 3123 3925 quae
3161 3853 3519 3923 signiﬁcatio
3550 3870 3661 3910 nec

2007 3942 2169 4012 apud
2201 3946 2426 3997 veteres
2466 3948 2553 3997 est
2586 3942 3085 4013 Lexicographos.
3136 3942 3464 4013 Hesychius
3494 3944 3655 3998 enim

2006 4034 2253 4101 τρανός,
2299 4034 2488 4102 σαφής,
2546 4029 2765 4091 ἀληθής.
2808 4030 3003 4100 Cyrilli
3050 4030 3475 4086 Onomasticon
3518 4049 3659 4104 τρα-

2006 4127 2138 4185 νῶς,
2172 4134 2477 4191 expresse.
2509 4121 2661 4174 Haec
2692 4118 2845 4174 adeo
2867 4135 2982 4174 vox
2995 4117 3294 4189 eleganter
3320 4117 3658 4176 declaratur

2006 4224 2113 4281 per
2140 4210 2366 4282 καθαρός
2405 4213 2461 4263 et
2487 4206 2883 4270 ἀνεπικώλυτος.

2078 4308 2408 4363 Oruscuwu
2444 4308 2527 4375 VI,
2569 4307 2655 4362 De
2684 4305 2995 4362 charitate.

2077 4415 2339 4469 Primum
2370 4429 2546 4470 CAPUT
2591 4412 3338 4483 ostenditlacunam,unde
3378 4410 3659 4469 etPritius

226 4504 419 4577 plevit
448 4521 460 4559 :
490 4521 628 4560 nam
654 4505 995 4575 impendere
1020 4504 1279 4574 seipsum
1299 4504 1501 4561 amicis
1523 4503 1893 4561 vindicandis
1930 4495 1976 4550 D
2007 4508 2110 4558 aut
2138 4503 2427 4572 interpres
2457 4503 2515 4557 in
2535 4503 2803 4574 margine
2832 4505 2997 4557 notat.
3023 4522 3051 4553 ι(
3082 4507 3399 4573 corruptus
3425 4502 3659 4559 videtur

231 4595 374 4649 laus
390 4593 502 4663 ipsi
516 4593 777 4663 videtur;
790 4593 1215 4663 atiijucundae
1228 4602 1362 4649 sunt
1377 4593 1824 4663 confabulatio"
1836 4608 1893 4648 es

228 4682 470 4751 facetae
494 4682 566 4738 de
594 4683 773 4752 nugis
816 4682 1191 4738 scurrilibus.
1226 4684 1413 4747 Quem
1454 4698 1697 4737 sensum
1743 4681 1893 4737 haec

231 4786 454 4842 graeca
484 4775 605 4843 pati
658 4788 777 4827 non
820 4778 1096 4844 possunt.
1128 4774 1436 4827 Tentarem
1490 4772 1790 4827 restituere
1819 4788 1831 4826 :
1866 4772 1891 4823 6

227 4860 407 4933 ἕτερος
472 4857 681 4913 ἔκδοτον
740 4860 922 4913 ἑαυτὸν
996 4865 1293 4932 παρασχὼν
1346 4868 1442 4911 τῶν
1501 4860 1657 4933 φίλων
1728 4860 1887 4931 αύτῷ,

227 4955 470 5024 φαίνεται
516 4949 683 5022 ἑτέρας
714 4950 916 5019 ὁμιλίας
969 4948 1014 5010 ἐς
1064 4946 1214 5002 οὐδὲν
1266 4946 1526 5022 δεόμενος,
1581 4955 1643 5006 ut
1687 4956 1893 5005 auctor

225 5039 411 5111 ἑτέραν
455 5039 660 5112 ὁμιλίαν
690 5038 977 5110 intelligat
1014 5038 1511 5095 consuetudinem
1560 5054 1698 5095 cum
1748 5038 1890 5104 Deo,

224 5130 407 5200 cujus
437 5129 550 5185 ista
571 5144 710 5185 cum
734 5127 865 5184 aliis
893 5126 1186 5199 improbis
1207 5127 1467 5184 amicitia
1506 5128 1891 5200 impedimen-

230 5223 368 5275 tum
390 5217 486 5275 sit.

308 5327 425 5381 Nec
452 5324 668 5379 desunt
695 5322 836 5379 nodi
881 5323 1209 5396 scripturae
1234 5324 1292 5380 in
1320 5339 1440 5380 CAP.
1475 5324 1635 5380 XXVI
1669 5340 1682 5380 :
1717 5327 1780 5385 ὡς
1802 5330 1892 5376 τοῦ

231 5412 553 5490 ἐμπρησμοῦ
610 5413 823 5487 ᾔσθετο,
880 5414 1079 5485 γυμνὸς
1149 5413 1447 5486 ἐκπέφευγε,
1518 5418 1719 5467 πάντων
1774 5414 1885 5485 ἁμε-

230 5503 422 5571 λήσας,
476 5507 568 5556 καὶ
626 5509 720 5565 τῆς
768 5501 953 5555 ἑαυτοῦ
1005 5508 1170 5576 μόνης
1220 5501 1408 5575 ψυχῆς
1459 5507 1741 5575 γενόμενος.
1785 5502 1893 5559 Ubi

231 5598 505 5665 γενόμενος
533 5592 660 5647 sine
703 5607 884 5647 sensu
914 5598 1019 5647 est.
1062 5591 1186 5646 Nisi
1216 5590 1443 5663 aliquid
1480 5590 1784 5657 exciderit,
1810 5592 1891 5648 le-

232 5698 444 5757 gerem
470 5684 783 5755 ἡγουμένης,
808 5681 887 5739 da
908 5680 1031 5739 ihm
1044 5682 1169 5739 sein
1190 5681 1382 5738 Leben
1404 5680 1547 5738 uber
1563 5682 1713 5739 attes
1724 5683 1891 5754 ging.

2003 4591 2201 4648 locus.
2234 4612 2261 4644 »
2295 4592 2481 4647 Habet
2512 4592 2591 4647 ita
2623 4606 2635 4645 :
2667 4589 2776 4643 ἀλλ’
2805 4589 2853 4641 ἐν
2896 4597 2958 4662 τῇ
2992 4598 3084 4643 τοῦ
3128 4598 3356 4664 σταυροῦ
3398 4586 3617 4663 δυνάμει
3641 4628 3655 4641 .

2002 4683 2202 4741 τούτοις
2258 4680 2617 4752 ἐνεργούμενος
2668 4678 2716 4732 ἐν
2780 4680 3056 4753 ύποστάση
3112 4686 3228 4743 τοῖς
3292 4678 3657 4742 κατοξιωθεῖσι

2001 4772 2195 4827 ταύτην
2260 4770 2583 4827 κτήσασθαι.
2666 4767 2919 4825 Videbar
3005 4768 3145 4824 mihi
3208 4768 3409 4841 itaque
3489 4769 3657 4825 resti-

2002 4864 2187 4915 tuere.
2212 4901 2223 4913 .
2246 4902 2259 4914 .
2283 4904 2295 4916 .
2370 4855 2589 4931 δυνάμει
2622 4876 2634 4888 ’
2693 4857 2857 4919 οὕτως
2906 4856 3259 4931 ἕνεργουμενός
3305 4857 3444 4911 ἰστιν
3474 4860 3499 4911 ὁ
3538 4864 3657 4933 περὶ

2005 4955 2234 5020 σταυροῦ
2314 4947 2462 5019 λόγος
2532 4954 2640 5009 τοῖς
2717 4947 3086 5009 καταξιωθεῖσι
3154 4950 3349 5006 ταύτην
3414 4947 3653 5021 [σοφίαν]

2001 5039 2323 5102 κτήσασθαι,
2385 5038 2475 5092 vel
2526 5036 2576 5089 ἓν
2654 5044 2763 5098 τοῖς
2818 5036 3204 5102 καταξιωθεῖσι,
3272 5036 3358 5094 vel
3409 5035 3653 5111 δύναμιν.

2003 5126 2307 5199 Corruptio
2330 5142 2399 5181 ex
2426 5125 2804 5197 compendiis
2835 5126 3138 5182 scribendi
3162 5127 3340 5182 venit.

2074 5226 2208 5281 CAP.
2240 5224 2309 5279 Ill
2339 5223 2416 5279 ab
2460 5222 2624 5279 initio
2662 5242 2674 5281 ζ
2710 5225 2853 5276 οὔπω
2893 5219 3144 5295 διακορὴς
3187 5228 3405 5296 γίνεται,
3464 5224 3655 5297 μᾶλλον

2000 5321 2093 5375 τῆς
2148 5312 2445 5385 ἐπιθυμίας.
2489 5311 2735 5367 Videtur
2784 5312 3074 5369 excidisse
3111 5316 3316 5385 γίνεται
3348 5310 3407 5366 δι
3437 5312 3652 5386 μᾶλλον,

2004 5412 2066 5458 ut
2090 5407 2289 5474 γίνεται
2318 5404 2409 5457 bis
2430 5406 2725 5458 occurrat.

2075 5504 2207 5557 CAP.
2240 5500 2284 5556 V
2312 5500 2566 5555 occurrit
2588 5515 2694 5555 vox
2706 5505 2898 5571 μυχοί,
2922 5500 2980 5555 in
3002 5498 3462 5572 quaHesychius
3486 5498 3652 5554 vitio-

2003 5606 2106 5645 sus
2138 5594 2245 5658 est,
2277 5594 2503 5662 μυχοὶ,
2546 5589 2601 5641 αἰ
2628 5586 2967 5655 καταδύσεις,
3026 5590 3077 5640 οἱ
3116 5584 3383 5640 ἕνδότατοι
3412 5591 3501 5641 καὶ
3530 5587 3657 5641 ἁπό-

2004 5699 2191 5754 κρυφοι
2255 5683 2425 5747 τόποι,
2483 5678 2698 5751 λιμένες,
2783 5678 3096 5746 κοιλότητες,
3179 5677 3386 5750 ἔσχατα
3444 5683 3535 5739 καὶ
3589 5676 3655 5729 τὰ
