4092 6252
534 288 639 346 283
1885 284 1986 343 JO.
2029 282 2165 343 PlCl
2206 281 2614 343 PRAEFATIO
3785 298 3877 356 ῃ,

536 420 826 487 ποιήματα,
880 413 910 474 ἦ
959 414 1024 465 τὰ
1065 414 1291 487 ἑσώτερα
1348 416 1501 487 μέρη.
1559 414 1637 465 Τὰ
1693 416 1962 485 ποιήματα
2021 412 2185 467 varie
2221 414 2266 466 Α
2367 412 2506 482 Cap.
2541 414 2626 467 X:
2673 408 2927 484 Ἐδείχθη
2973 412 3142 468 ἐκεῖνα
3180 411 3247 474 δὴ
3282 417 3346 469 τὰ
3392 420 3651 490 θαυμάσια
3688 424 3895 480 οθί.νίο

538 509 765 561 tentant
795 508 972 559 notae
1012 503 1326 558 doctorum
1379 502 1640 557 virorum
1688 502 1766 558 ad
1795 501 2154 575 Hesychium

2295 499 2468 555 detur
2496 499 2787 557 excidisse
2819 516 2833 553 :
2872 505 3100 578 καὶγὰρ,
3127 502 3163 555 ἃ
3193 501 3432 577 ἐδείχθη,
3453 513 3564 565 cet.
3604 509 3766 566 Aliter
3791 511 3898 569 lan.

536 593 669 650 Mihi
696 607 904 648 verum
936 591 1167 646 videtur
1190 594 1551 644 ταπεινότατα.

2296 593 2478 659 guent
2506 603 2742 659 graeca.
2778 594 2898 643 Καὶ
2935 599 3137 646 ταῦτα
3175 590 3250 653 δὴ
3291 597 3396 666 μεν
3434 605 3642 654 ταῦτα.

932 966 1885 1093 HOMILIABUM
1945 964 2051 1090 S.
2121 965 2742 1087 MACARII
2830 964 3524 1090 AEGYPTII

1654 1210 2078 1306 EDITIO
2145 1208 2774 1306 PRINCEPS

537 1414 632 1471 Cm
701 1427 926 1468 TlTULUS
952 1432 972 1468 :
1000 1417 1149 1464 ΤΟΥ
1178 1415 1410 1463 ΟΣΙΟΥ
1441 1415 1739 1463 ΠΑΤΡΟΣ
1782 1411 2140 1480 MAKABIO

2288 1414 2366 1480 )Ar
2395 1412 2823 1462 ΑΙΓΥΠΤΙΟΥ
2861 1410 3267 1465 ΟΜῙΛΙΔῙν¹.
3289 1410 3362 1466 Β.
3386 1410 3640 1467 Macarii
3661 1409 3904 1480 Aegyptii

606 1485 907 1555 Homiliae
920 1483 1378 1555 quinquaginta.
1401 1480 1889 1555 ExﬂBibiiotheca
1902 1478 2104 1555 Regia.
2124 1478 2371 1534 Parisiis
2384 1480 2465 1534 M.
2482 1480 2556 1535 Β.
2574 1480 2723 1536 LIX.
2749 1481 2930 1551 Apud
2947 1481 3515 1549 Guil.Morelium,in
3529 1478 3757 1539 Graecis
3768 1478 3906 1552 typo-

608 1554 911 1626 graphum
932 1550 1206 1624 Regium.
1230 1555 1328 1610 Ex
1354 1552 1673 1624 privilegio
1701 1552 1897 1621 Regis.
1933 1550 2040 1603 {20.

607 1642 998 1699 Praefationis
1030 1642 1158 1698 loco
1193 1642 1406 1698 Suidae
1440 1641 1843 1698 testimonium
1878 1654 2019 1711 prae
2059 1653 2123 1693 se
2155 1637 2264 1694 fert
2293 1638 2478 1695 hocce
2519 1654 2531 1693 :

1915 1729 1924 1799 ι
1992 1733 2082 1780 ΕΚ
2124 1733 2278 1781 'mN
2315 1732 2613 1785 ΣΟΥΙΔΑ.

609 1825 971 1874 ΜΑΚΑΡΙΟΣ.
1024 1822 1121 1873 Δύο
1174 1822 1398 1890 ἐγίνοντο
1447 1820 1699 1893 μακάριόι
1742 1818 2008 1889 ὁμώνυμοι
2063 1824 2153 1869 καὶ
2200 1815 2501 1891 περιϐόητοι
2560 1814 2635 1870 δι’
2684 1818 2934 1883 ἄσκησιν,
2981 1814 3077 1871 διὰ
3129 1817 3266 1892 βίον,
3333 1817 3427 1872 διὰ
3473 1823 3677 1894 τρόπον,
3727 1814 3811 1871 διὰ
3852 1818 3906 1870 τὰ

534 1911 863 1983 μαθήματα’
913 1911 937 1960 ὁ
980 1912 1066 1980 μὲν
1118 1909 1394 1979 αἰγύπτιος
1455 1910 1850 1980 θαυματουργός
1899 1902 1980 1971 ἦν,
2040 1910 2130 1957 καὶ
2180 1907 2313 1976 μετὰ
2364 1912 2456 1957 τοῦ
2509 1905 2757 1968 εὐλαϐοῦς
2816 1910 2947 1980 πρός
3006 1911 3129 1970 τοὺς
3182 1906 3597 1981 ἐντυγχάνοντας
3642 1907 3907 1979 αὐστηρός”

550 2001 576 2051 ό
641 1996 699 2051 δὲ
757 1995 1096 2072 ἁλεξανδρεὺς
1156 2000 1290 2049 κατὰ
1356 1999 1523 2049 πάντα
1574 1998 1641 2047 ὥν
1702 1995 2068 2071 παραπλήσιος
2129 2002 2202 2065 τῷ
2250 1994 2509 2067 αἰγυπτίῳ
2560 1998 2649 2047 καὶ
2708 1994 2917 2071 ἱλαρόςο
2970 1997 3135 2058 οὕτως
3188 1996 3361 2070 ἱλαρός
3421 1994 3481 2056 ἦν
3536 2004 3640 2059 τοῖς
3685 1995 3912 2067 ἐντυγχά-

534 2095 712 2153 νουσι,
771 2094 859 2140 καὶ
909 2069 986 2157 τῷ.
1029 2087 1459 2160 χαριεντίςεσθαι
1520 2091 1642 2147 τοὺς
1704 2069 1847 2145 νέους
1899 2080 1992 2154 ἦγε
2042 2086 2170 2155 πρὸς
2210 2085 2441 2141 ἄσκησιν
2484 2102 2495 2114 ·
2539 2087 2734 2136 τούτων
2792 2069 3047 2156 Εὐάγριος
3114 2069 3385 2159 γενόμενος
3427 2088 3668 2159 μαθητὴς
3719 2090 3803 2143 τὴν
3853 2069 3911 2136 δι’

542 2180 703 2250 ἔργων
752 2177 1052 2248 φιλοσοφίαν
1104 2178 1383 2243 ἐκτήσατο,
1434 2179 1679 2249 πρότερον
1746 2173 1882 2244 λόγῳ
1948 2178 2086 2244 μόνῳ
2139 2173 2417 2244 φιλόσοφος
2468 2177 2534 2223 ὢν
2565 2190 2577 2202 ⁸
2638 2173 2687 2233 ὃς
2748 2172 2797 2225 ἕν
2857 2180 3246 2229 Κωνσταντίνου
3303 2176 3453 2229 πόλει
3509 2177 3607 2229 ὑπὸ
3660 2176 3911 2249 Γρηγορίον

538 2274 631 2318 τοῦ
679 2264 921 2336 θεολόγου
982 2264 1047 2323 εἰς
1094 2268 1187 2321 τὴν
1229 2272 1321 2315 τοῦ
1371 2259 1616 2315 διακόνου
1672 2264 2050 2335 προεχειρίσθη
2092 2264 2237 2325 τάξιν
2268 2279 2280 2291 '
2334 2260 2461 2313 ἀλλὰ
2507 2266 2597 2314 καὶ
2640 2264 2691 2324 ἐς
2745 2266 2838 2321 τὴν
2879 2266 3166 2335 Λῖγτυπτον
3198 2264 3485 2331 κατελθὼν,
3531 2270 3621 2318 καὶ
3664 2271 3769 2325 τοῖς
3813 2280 3915 2335 προ-

537 2353 806 2426 λεχθεῖσιν
865 2353 1095 2424 ἕντυχὼν
1140 2349 1389 2425 ἀνδράσι,
1447 2356 1533 2404 τὸν
1584 2350 1784 2403 ἐκείνων
1832 2349 1948 2423 βίον
2000 2350 2229 2411 ἑζὴλωσε
2262 2368 2274 2381 ·
2330 2353 2496 2421 τούτῳ
2547 2350 2729 2424 βιϐλία
2777 2354 2909 2424 ἄγαν
2960 2351 3230 2406 σπουδαῖα
3285 2359 3718 2431 συγγέγραπται·
3768 2351 3827 2402 ὧν
3866 2352 3911 2401 τὸ

541 2447 631 2516 μὲν
689 2446 923 2515 μοναχὸς
954 2443 983 2500 ἦ
1036 2445 1154 2513 περὶ
1204 2448 1493 2513 πρακτικῆς
1540 2442 1915 2513 ἓπιγίγραπται
1948 2454 1962 2467 ·
2010 2443 2069 2491 τὸ
2129 2435 2188 2492 δὲ
2235 2442 2529 2512 γνωστικὸς
2586 2440 2615 2498 ἦ
2674 2444 2791 2513 περὶ
2840 2450 2938 2493 τῶν
2990 2443 3413 2506 καταξιωθέντων
3466 2448 3699 2515 γνὼσεω,
3727 2458 3738 2471 ·
3785 2439 3913 2511 κεφά-

538 2530 661 2584 λαια
710 2528 768 2583 δὲ
817 2531 976 2581 αὐτοῦ
1014 2548 1102 2581 πεν
1180 2530 1189 2599 Ι
1286 2534 1513 2586 τήκοντα
1544 2546 1556 2558 ·
1598 2532 1655 2580 τό
1708 2524 1766 2581 δὲ
1833 2526 2194 2602 ἁντιρῥητικόν
2246 2531 2375 2602 πρὸς
2433 2532 2552 2590 τοὺς
2601 2530 2942 2603 πειράζοντας
3010 2527 3282 2603 δαίμονας,
3342 2531 3393 2584 ἐν
3452 2532 3584 2585 ὀκτώ
3634 2528 3912 2605 διῃρημένον

540 2624 740 2693 μέρεσι,
782 2621 917 2670 κατὰ
958 2622 1044 2670 τὸν
1094 2617 1311 2689 ἀριθμόν
1362 2626 1459 2669 τῶν
1522 2616 1655 2669 ὀκτὼ
1696 2616 1960 2689 λογισμῶν
1991 2634 2001 2645 ·
2055 2621 2145 2669 καὶ
2193 2616 2439 2679 ἑξακόσια
2499 2622 2867 2692 προγνωστικὰ
2922 2619 3297 2693 προϐλήματα·
3358 2626 3449 2673 καὶ
3501 2623 3733 2693 στιχηρὰ
3761 2617 3838 2691 β’·
3874 2616 3913 2668 ἓν

540 2712 671 2781 πρὸς
716 2711 836 2767 τοὺς
883 2706 930 2757 ἐν
975 2705 1255 2766 κοινοϐίοις
1305 2707 1334 2765 ἦ
1385 2702 1658 2767 συνοδίαις
1710 2708 1978 2777 μοναχούς
2025 2724 2037 2737 ο
2084 2709 2173 2757 καὶ
2235 2705 2283 2757 ἓν
2327 2709 2453 2780 πρὸς
2513 2710 2606 2765 τὴν
2669 2710 2947 2782 παρθενιαν
2989 2728 3000 2741 ·
3044 2715 3134 2761 καὶ
3180 2728 3312 2782 φησι
3360 2715 3498 2763 κατὰ
3548 2710 3677 2773 λέξιν
3721 2708 3864 2767 οὕτως
3898 2721 3909 2735 ⁸

543 2796 823 2867 ἀναγκαῖον
876 2798 963 2855 τὰς
1011 2791 1167 2857 ὀδοὺς
1226 2803 1325 2847 τῶν
1398 2791 1828 2867 προοδευσάντων
1877 2803 2122 2865 μοναχῶν
2203 2793 2365 2868 ὀρθῶς
2421 2792 2694 2870 διερωτᾴν,
2744 2802 2832 2849 καὶ
2884 2801 3015 2870 πρὸς
3068 2801 3231 2860 αὐτὰς
3282 2800 3671 2874 κατορθοῦσθαι
3701 2812 3715 2827 ⁸
3777 2792 3911 2847 πολλά

538 2887 637 2958 γάρ
696 2884 834 2937 ἔστιν
900 2884 986 2936 ὑπ’
1039 2884 1207 2935 αὐτῶν
1264 2887 1329 2936 τὰ
1381 2885 1603 2958 ῥηθέντα
1651 2889 1739 2935 καὶ
1795 2885 2094 2956 πραχθέντα
2150 2883 2316 2945 καλῶς
2353 2901 2364 2913 ·
2416 2882 2464 2935 ἐν
2522 2885 2597 2946 οἷς
2653 2890 2743 2937 καὶ
2808 2893 2962 2939 τουτο
3018 2907 3093 2949 τις
3139 2891 3317 2960 ἔφησε,
3388 2893 3484 2948 τὴν
3529 2888 3795 2960 ξηροτέραν
3836 2885 3908 2934 καὶ

541 2973 806 3046 ἀνώμαλον
834 2970 1066 3038 δίαιταν,
1098 2972 1274 3047 ἀγάπη
1308 2973 1715 3045 συζευχθεῖσαν,
1750 2973 1933 3024 θᾶττον
1966 2968 2168 3042 διάγειν
2198 2974 2285 3023 τὸν
2324 2976 2559 3044 μοναχὸν
2600 2973 2671 3033 εἰς
2701 2973 2972 3026 ἀπάθειαν.

607 3064 970 3136 [Sequuntur
985 3062 1268 3118 Homiliae
1282 3077 1490 3132 graece
1506 3076 1683 3134 pagg.
1697 3061 1851 3117 1-567
1861 3066 1945 3117 .ln
1971 3060 2089 3117 fine
2110 3060 2245 3116 libri
2274 3060 2492 3131 legitur
2520 3076 2535 3117 :
2564 3061 2911 3119 Excudebat
2940 3063 3099 3120 Guil.
3128 3064 3419 3122 Morelius
3435 3065 3499 3122 in
3519 3064 3743 3136 graecis
3769 3067 3907 3131 typo-

542 3152 806 3225 graphus
842 3152 1058 3223 Regius
1080 3152 1165 3209 Μ.
1206 3153 1278 3206 D.
1313 3150 1491 3225 LIX.]

1467 3524 1998 3622 JOANNIS
2062 3524 2315 3620 ΡΙοΙ
2378 3526 3118 3624 PRAEFATIO

1274 3756 1355 3801 AD
1403 3755 1743 3802 VEBSIONEM
1792 3753 2061 3800 LATINAM
2111 3754 2498 3801 HOMILIARUM
2547 3756 2599 3801 S.
2654 3756 2904 3804 MACARII
2955 3758 3227 3804 ABGYPTH

1886 3912 2058 3972 Quam
2084 3911 2250 3962 edidit
2277 3912 2378 3964 hoc
2402 3913 2556 3965 titulo
2588 3930 2601 3964 :

544 4058 604 4114 S.
624 4052 1091 4112 PatrisMacarii
1103 4050 1383 4122 Aegyptii
1395 4048 2510 4176 Homiliaequirﬁuaginta,interprete
2542 4050 2776 4106 Joanne
2802 4049 2966 4131 Pico,
3000 4051 3066 4106 in
3104 4051 3335 4108 Senatu
3373 4053 3651 4111 Pariensi
3676 4050 3919 4109 classium

615 4126 1126 4176 inauisiloriarum
1167 4122 1461 4176 praeside.
1507 4121 1761 4176 Parisiis
1886 4162 1897 4174 .
1942 4121 2012 4174 D.
2051 4119 2203 4175 LIX.
2271 4120 2453 4176 Anud
2500 4120 2663 4176 Guil.
2730 4120 3044 4176 Morelium
3072 4122 3137 4176 in
3197 4122 3444 4176 Graecis
3505 4121 3919 4176 (amaram/tum

615 4119 1461 4198 inquisitoriarumipraeside.
1507 4119 1761 4198 Parisiis
1818 4119 1897 4176 Μ.
1942 4121 2012 4174 D.
2051 4119 2203 4175 LIX.
2271 4120 2453 4190 Apud
2500 4120 2663 4177 Guil.
2730 4119 3044 4179 Morelium
3072 4122 3137 4180 in
3197 4122 3444 4181 Graecis
3505 4121 3920 4197 typographum

622 4192 887 4270 Regium.
922 4198 1020 4253 Ea:
1046 4194 1361 4265 privilegio
1387 4193 1579 4263 Regis.
1617 4192 1725 4248 12°.

613 4483 873 4538 Joannes
916 4480 1113 4543 Picus,
1141 4477 1205 4532 in
1248 4482 1461 4532 senatu
1508 4473 1836 4532 Parisiensi
1895 4473 2191 4529 Classiam
2247 4472 2773 4546 inquisiioriarum
2826 4475 3084 4543 Praeses,
3123 4477 3241 4549 piis
3294 4479 3566 4537 omnibus
3619 4475 3831 4537 Christi
3879 4476 3919 4526 ει

546 4571 848 4629 Ecclesiae
873 4573 1116 4624 sanctae
1136 4565 1467 4622 cultoribus
1496 4563 1779 4619 Salutem.

613 4662 802 4726 Quam
835 4657 1083 4728 antiqua
1114 4654 1189 4708 sit
1218 4660 1274 4709 et
1303 4652 1542 4708 illustris
1570 4653 2070 4708 anachoretarum
2103 4666 2173 4707 ac
2200 4650 2633 4708 monachorum
2667 4652 2853 4725 origo,
2888 4652 3149 4712 declarat
3192 4656 3470 4727 inprimis
3509 4657 3666 4715 beati
3702 4648 3919 4711 Joannis

549 4748 843 4818 Baptistae
874 4744 1141 4800 solitaria
1165 4741 1559 4808 conversatio,
1586 4756 1769 4812 quam
1798 4739 2248 4809 Evangeliorum
2275 4738 2427 4795 libro
2453 4740 2810 4814 descriptam
2838 4744 3133 4801 habemus
3158 4762 3175 4813 ;
3203 4745 3786 4805 declarantsecundo
3812 4742 3921 4798 loco

546 4836 943 4897 monimenta,
974 4846 1131 4903 quae
1161 4830 1337 4886 nobis
1385 4828 1751 4901 reliquerunt
1789 4828 2212 4897 Apostolorum
2252 4827 2529 4899 discipuli
2560 4834 2616 4885 et
2646 4846 2857 4888 eorum
2896 4833 3097 4889 coaevi
3124 4834 3486 4907 philosophi,
3518 4836 3686 4907 cujus
3718 4825 3920 4902 generis

547 4924 763 4982 exstitit
806 4922 964 4977 Philo
996 4919 1393 4991 philosophus
1425 4923 1481 4973 et
1510 4925 1710 4972 orator
1730 4916 2121 4982 clarissimus,
2151 4917 2255 4988 qui
2280 4920 2628 4975 sanctorum
2662 4920 2808 4975 Petri
2822 4923 3115 4993 Marcique
3142 4923 3551 4994 apostolorum
3584 4916 3921 4995 temporibus

546 5013 746 5070 ﬂoruit
773 5028 787 5078 ;
821 5009 1126 5065 declarant
1157 5013 1459 5079 postremo
1487 5012 1758 5061 auctores
1787 5005 2068 5061 Historiae
2082 5005 2541 5073 ecclesiasticae,
2568 5023 2889 5082 rerumque
2920 5010 3260 5068 divinarum
3292 5011 3567 5069 doctores
3592 5018 3649 5069 et
3672 5012 3921 5078 interpre‘

548 5106 633 5158 tes
664 5117 677 5154 :
709 5115 866 5172 quos
896 5096 1270 5153 introducere
1300 5094 1613 5166 loquentes
1653 5094 1834 5159 malo,
1868 5111 2053 5167 quam
2105 5110 2445 5151 sermonem
2503 5112 2706 5152 meum
2748 5098 2861 5154 illis
2908 5099 3213 5171 attingere,
3271 5102 3559 5173 quoniam
3606 5100 3666 5156 in
3696 5115 3761 5155 ea
3796 5101 3921 5150 tem-

546 5206 699 5264 pora
724 5188 1063 5253 incidimus,
1092 5184 1312 5258 quibus
1328 5183 2173 5256 omne,quantumvisverum,
2200 5190 2607 5255 oppugnatur,
2626 5187 3367 5262 neccredituraplerisque
3396 5191 3508 5246 nisi
3544 5188 3702 5261 quod
3719 5179 3922 5241 lubetet

546 5277 787 5336 arridet.
812 5279 1249 5343 Depromamus
1264 5288 1408 5343 ergo
1428 5272 1686 5344 primum
1701 5272 2007 5345 quaedam
2022 5288 2094 5327 ex
2107 5271 2258 5328 libro
2272 5272 2429 5329 beati
2448 5272 2711 5347 Dionysii
2726 5277 3148 5348 Apostolorum
3164 5278 3440 5351 discipuli
3454 5279 3526 5334 de
3544 5269 3921 5334 Ecclesiastica

549 5364 888 5426 hierarchia
927 5363 1043 5435 (a):
1080 5385 1107 5414 «
1137 5362 1195 5415 Ἡ
1231 5358 1289 5414 δε
1325 5369 1426 5413 τῶν
1464 5360 1776 5433 τελουμένων
1808 5360 2023 5414 ἁπασῶν
2049 5361 2346 5434 ὑψηλοτέρα
2374 5361 2541 5427 τάξις,
2568 5365 2598 5421 ἠ
2642 5372 2740 5416 τῶν
2779 5374 3025 5438 μοναχῶν
3051 5368 3190 5419 ἔστιν
3223 5370 3333 5441 ἱερὰ
3372 5364 3744 5440 διακόσμησις,
3770 5363 3920 5413 πᾶσαν

545 5460 636 5533 μεν
666 5453 1125 5527 ἀποκεκαθαρμίνη
1167 5452 1443 5527 κάθαρσιν,
1488 5450 1633 5525 όλικῇ
1672 5447 1914 5524 δυνάμει,
1954 5455 2044 5504 καὶ
2094 5450 2330 5504 παντελεῖ
2365 5458 2463 5503 τῶν
2507 5450 2706 5505 οἰκείων
2737 5452 2997 5528 ἐνεργειῶν
3039 5455 3308 5528 ἁγνότητι,
3364 5459 3541 5519 πάσης
3592 5450 3670 5519 δὲ,
3714 5453 3831 5510 ὅσης
3856 5444 3922 5496 θ⁸’

2129 5559 2381 5616 NOTAE.

625 5670 707 5748 (a)
738 5670 880 5745 Cap.
911 5668 948 5724 ϐ
974 5666 1049 5725 de
1080 5665 1394 5726 ordinibus
1431 5664 1536 5741 qui
1562 5664 1892 5726 initiantur.
