4092 6252
194 239 300 297 285
1009 240 1101 295 AD
1143 236 1560 299 VERSIONEM
1606 238 1763 298 LAT.
1806 236 1976 297 HOM.
2021 234 2080 293 S.
2122 232 2423 294 MACARII
2465 232 2797 293 AEGYPTII
3501 244 3607 305 286

208 369 344 437 ιμτόν
394 364 523 436 αὐτῇ
586 365 810 437 θεωρεῖν,
862 366 1160 440 ἱερουργίας
1217 366 1265 418 έν
1323 372 1475 442 νοερᾷ
1530 367 1742 439 [θεωρία
1797 368 1882 416 καὶ
1928 365 2165 434 κοινωνίᾳ
2206 365 2539 434 γεγενημένη,
2588 367 2678 414 καὶ
2723 369 2839 425 ταῖς
2883 373 2982 415 τῶν
3034 366 3296 440 ἱεραρχῶν
3350 369 3604 424 τελειωτι-

207 461 315 517 καὶς
355 451 630 525 δυνάμεσιν
684 452 1108 525 έγχειριζομένη,
1165 453 1253 507 xui
1311 464 1428 517 ταῖς
1472 455 1659 516 ἐνθέοις
1717 454 1883 505 αὐτῶν
1923 450 2207 523 έλλάμψεσι
2255 456 2344 503 καὶ
2377 453 2707 526 ἱεραρχικαῖς
2765 449 3130 525 παραδόσεσιν
3176 453 3596 533 έκδιδασκομένη

206 547 291 604 τὰς
338 543 739 603 ἐποπτευθείσας
797 551 896 594 τῶν
938 545 1055 595 κατ’
1116 544 1279 603 αὑτὸν
1342 546 1487 617 ἱερῶν
1539 548 1748 597 τελετῶν
1808 544 2116 614 ἱερουργίας,
2180 544 2443 611 καὶπρὸς
2496 548 2586 600 τῆς
2638 542 2777 614 ἱερᾶς
2836 542 3003 594 αὐτῶν
3064 543 3361 617 ἐπιστήμης
3421 547 3605 602 ἀναλό-

201 652 291 704 γως
369 632 440 693 εἱς
502 630 830 689 τελειοτάτην
907 631 1198 704 ἀναγομένη
1279 633 1541 687 τελείωσιν
1613 634 1774 700 ἔνθεν,
1849 633 1897 683 οἱ
1968 632 2095 682 θεῖοι
2165 632 2516 702 καθηγεμόνες
2604 632 2751 702 ἡμῶν
2828 630 3129 704 ἐπωνυμιῶν
3187 635 3374 696 αύτούς
3458 640 3603 713 ἱερῶν

202 721 433 788 ἠξίωσαν,
492 722 542 772 οἱ
607 724 698 791 μεν
759 722 1075 794 θεραπευτὰς
1131 724 1179 774 οἱ
1230 718 1289 774 δε
1340 726 1611 794 μοναχοὺς
1667 722 2031 793 ὀνομάσαντες,
2091 718 2145 770 ἐκ
2214 728 2309 780 τῆς
2360 727 2451 771 τοῦ
2513 724 2640 772 Θεοῦ
2697 722 2930 792 καθαρᾶς
2968 724 3262 797 ὑπηρεσίας
3313 731 3403 779 καὶ
3457 728 3604 801 θερα-

195 814 345 876 πείας,
404 815 494 863 καὶ
554 818 651 872 τῆς
708 807 993 883 ἀμερίστου
1034 817 1125 863 καὶ
1168 811 1361 872 ἐνιαίας
1420 814 1577 873 ζωῆς,
1631 813 1698 873 ὡς
1762 810 2106 871 ἐνοποιούσης
2154 807 2337 868 αύτούς
2387 811 2435 859 ἓν
2488 814 2595 868 ταῖς
2648 827 2746 860 των
2806 806 3081 882 διαιρετῶν
3145 814 3305 885 ἱεραῖς
3366 820 3601 888 συμπτύ-

189 899 336 963 ξισιν,
369 898 442 960 εἱς
486 895 687 957 θεοειδῆ
723 894 936 969 μονάδα
964 904 1054 951 καὶ
1095 899 1324 972 φιλόθεον
1355 899 1615 952 τελείωσιν
1648 918 1660 931 ·
1721 895 1792 951 δι’
1837 898 1863 950 ὃ
1912 902 2001 949 καὶ
2051 897 2346 955 τελεστικὴν
2401 896 2575 967 αὑτοῖς
2625 894 2931 972 ἐδωρήσατο
2962 903 3124 972 χάριν
3156 903 3185 959 ἡ
3245 904 3356 976 ἰερὰ
3408 906 3602 977 θεσμο-

188 990 346 1054 θεσία,
381 993 473 1040 καί
525 1007 656 1048 τινος
723 990 915 1050 αύτούς
970 989 1190 1052 ἠξίωσεν
1252 989 1617 1063 ἀφιερωτικῆς,
1690 986 2009 1047 ἐπικλήσεως
2067 986 2171 1057 ούχ
2230 988 2561 1059 ἱεραρχικῆς,
2622 985 2786 1045 ἐκείνη
2836 990 2936 1059 γάρ
2992 988 3074 1041 ἐπὶ
3129 994 3310 1062 μόναις
3361 998 3599 1065 γίγνεται

182 1084 295 1138 ταῖς
346 1078 634 1153 ἱερατικαῖς
673 1077 907 1146 τάξεσιν,
972 1077 1080 1130 ἀλλ’
1126 1080 1474 1152 ἱερουργικῆς,
1519 1078 1620 1131 ὑπὸ
1672 1084 1772 1130 τῶν
1813 1078 1969 1133 ὁσίων
2020 1076 2187 1148 ἱερέων
2239 1083 2303 1147 τῆ
2358 1078 2635 1151 ίεραρχικῇ
2706 1076 3036 1152 τελετουργίᾳ
3090 1075 3343 1155 δευτέρως
3400 1084 3599 1156 ἱερουρ-

184 1184 403 1240 γουμενη
414 1186 455 1227 ς.

1220 1286 1611 1355 Μυστήρίον
1686 1288 2023 1355 μοναχικῆ
2048 1301 2070 1343 ς
2144 1279 2557 1341 τελειώσεως.

252 1414 311 1468 Ὀ
364 1419 453 1487 μεν
523 1417 683 1489 ἱερεὺς
735 1416 949 1474 ἔστηκεν
1004 1417 1286 1488 ἐπίπροσθε
1330 1424 1421 1469 τοῦ
1482 1418 1619 1469 θείου
1654 1418 2063 1487 θυσιαστηρίου,
2097 1419 2189 1473 τὴν
2228 1418 2526 1486 μοναχικὴν
2566 1412 2835 1473 ἐπίκλησιν
2892 1415 3161 1489 ἱερολογῶν
3190 1434 3202 1447 '
3240 1418 3266 1469 6
3328 1415 3388 1471 δε
3431 1419 3605 1473 τελού-

187 1524 328 1576 μενος
386 1503 555 1557 ὀπίσω
603 1513 695 1557 τοῦ
752 1506 919 1576 ἱερέως
978 1506 1212 1570 ἔστηκεν,
1270 1506 1364 1557 ούκ
1412 1506 1567 1577 ἄμφω
1626 1509 1695 1557 τῶ
1742 1501 1875 1557 πόδε
1921 1504 2123 1571 κλίνων,
2175 1505 2282 1575 ούχ
2330 1504 2416 1556 ἕνα
2446 1510 2552 1559 τοῖν
2603 1500 2808 1571 ποδοῖν,
2850 1504 2943 1556 ούκ
2985 1504 3069 1557 ἐπὶ
3098 1506 3321 1578 κεφαλῆς
3366 1510 3503 1580 ἔχων
3531 1513 3599 1562 τὰ

193 1590 555 1668 θεοπαράδοτα
602 1593 773 1665 λόγια,
826 1598 976 1664 μόνον
1023 1591 1082 1647 δε
1130 1603 1202 1665 τῷ
1253 1596 1375 1669 ἱερεῖ
1432 1598 1705 1666 παρεστὼς
1772 1593 2116 1666 ἱερολογοῦντι
2165 1596 2258 1651 τὴν
2315 1593 2391 1645 ἐπ’
2424 1593 2565 1663 αύτῷ
2624 1598 2884 1666 μυστικήν
2941 1593 3215 1654 ἐπίκλησιν
3250 1614 3262 1625 ·
3303 1597 3510 1661 τελέσας
3541 1595 3601 1653 δὲ

197 1681 411 1739 αὑτήνό
460 1684 636 1754 ἱερεὺς,
695 1681 778 1734 ἐπὶ
827 1686 912 1734 τόν
960 1683 1259 1755 τελούμενον
1312 1682 1492 1747 ἐλθὼν,
1549 1681 1782 1757 ἐπερωτᾷ
1835 1691 2037 1755 πρῶτον
2097 1682 2271 1747 αὑτὸν,
2315 1682 2358 1734 εἰ
2410 1684 2611 1744 πάσαις
2660 1682 3013 1736 ἀποτάσσεται
3062 1691 3175 1746 ταῖς
3219 1682 3510 1759 διαιρεταῖς
3539 1688 3599 1740 ού

186 1775 343 1841 μόνον
373 1771 549 1835 ζωαῖς,
610 1770 736 1823 ἀλλά
776 1776 864 1823 καὶ
897 1776 1214 1844 φαντασίαις
1247 1789 1259 1801 ·
1308 1768 1419 1824 εἶτα
1470 1775 1561 1829 τὴν
1613 1772 1933 1829 τελειοτάτην
1986 1771 2128 1842 αύτῷ
2184 1774 2319 1833 ζωὴν
2360 1772 2658 1842 ὑφηγεῖται,
2722 1775 3166 1847 μαρτυρούμενος,
3224 1777 3443 1850 ὅτιχρή
3505 1785 3602 1837 τῆς

180 1863 349 1931 μέσης
402 1860 557 1913 αὐτόν
609 1860 1078 1934 ὑπερανεστηκέναι
1121 1879 1133 1890 ·
1191 1868 1360 1913 ταῦτα
1416 1859 1475 1914 δε
1542 1862 1711 1912 πάντα
1763 1868 1853 1912 τοῦ
1911 1860 2212 1931 τελουμένου
2277 1868 2553 1931 προσεχῶς
2622 1859 3068 1931 ὁμολογήσαντος,
3146 1871 3217 1933 τῷ
3272 1862 3605 1939 σταυροειδεῖ

177 1950 323 2020 τύπῳ
375 1950 793 2022 σφραγισάμενος
842 1950 997 2002 αὑτὸν
1050 1951 1075 2001 6
1128 1952 1315 2023 ἱερεύς,
1378 1949 1659 2023 ἀποκείρει,
1714 1954 1805 2007 τὴν
1872 1953 2095 2022 τρισσήν
2167 1957 2257 2008 τῆς
2313 1950 2448 2008 θείας
2505 1955 2894 2020 μακαριότητος
2942 1948 3231 2013 ἐπιϐοήσας
3284 1953 3601 2018 ὑπόστασιν,

176 2043 263 2090 καὶ
294 2043 387 2096 τήν
424 2037 622 2097 έσθῆτα
669 2044 845 2091 πᾶσαν
898 2038 1131 2111 ἀπαμφιέ
1212 2041 1221 2107 |
1303 2059 1418 2103 σας,
1457 2039 1630 2111 ἑτέραν
1680 2036 2005 2111 ἀμφιέννυσι,
2049 2042 2138 2089 καὶ
2188 2039 2318 2108 μετὰ
2374 2045 2473 2088 τῶν
2526 2036 2689 2088 ἄλλων
2746 2039 2889 2109 ἱερῶν
2922 2037 3124 2113 ἀνδρῶν
3165 2040 3282 2092 ὅσοι
3334 2044 3600 2116 πάρεισιν,

176 2126 567 2199 ἀσπασάμενος,
628 2128 783 2179 αὑτὸν
838 2132 1078 2180 κοινωνόν
1170 2127 1403 2180 ἀποτελεῖ
1471 2136 1571 2180 τῶν
1645 2128 1940 2202 θεαρχικῶν
1993 2132 2297 2199 μυστηρίων
2346 2142 2362 2158 ·
2419 2130 2477 2177 τό
2533 2122 2739 2198 μηδένα
2786 2134 2894 2178 τοῖν
2954 2124 3138 2180 ποδοῖν
3199 2129 3404 2195 κλίνειν,
3460 2126 3601 2203 μηδὲ

172 2214 253 2269 ἐπὶ
306 2216 530 2289 κεφαλῆς
583 2216 726 2288 ἐχειν
776 2219 840 2269 τά
892 2219 1264 2291 θεοπαράδοτα
1315 2217 1488 2288 λόγια,
1570 2218 1894 2288 παρεστάναι
1953 2213 2012 2268 δε
2069 2223 2140 2285 τῷ
2200 2217 2322 2287 ἱερεῖ
2368 2218 2462 2273 τήν
2530 2214 2803 2273 ἐπίκλησιν
2860 2215 3225 2288 ἱερολογοῡντι,
3292 2215 3445 2276 δηλοι
3508 2224 3600 2278 τήν

171 2311 468 2378 μοναχικὴν
522 2305 667 2369 τάξιν
719 2305 813 2358 ούκ
861 2303 989 2359 εἶναι
1039 2310 1449 2380 προσαγωγικὴν
1509 2306 1711 2378 ἑτέρων,
1766 2304 1873 2357 ἀλλ’
1918 2303 1990 2373 ἐφ’
2038 2303 2226 2365 ἑαυτῆς
2298 2302 2532 2355 ἑστῶσαν
2600 2306 2648 2355 ἓν
2724 2300 2983 2377 μοναδικῆ
3055 2311 3145 2358 καὶ
3225 2308 3336 2380 ἱερᾲ
3391 2310 3602 2374 στάσει,

174 2403 287 2456 ταῖς
320 2397 612 2469 ἱερατικαῖς
654 2394 905 2466 ἑπομένην
947 2395 1145 2461 τάξεσι,
1193 2400 1283 2448 καὶ
1340 2398 1469 2469 πρὸς
1528 2394 1693 2447 αὐτῶν
1725 2397 1793 2456 ὡς
1846 2391 2044 2447 ὀπαδὸν
2104 2393 2183 2445 ἰπὶ
2249 2397 2339 2451 τήν
2393 2395 2530 2445 θείαν
2583 2401 2682 2444 τῶν
2742 2393 2856 2445 κατ’
2912 2394 3074 2453 αὐτὴν
3122 2396 3266 2468 ἱερῶν
3304 2395 3602 2469 ἐπιστήμην

175 2485 427 2547 εὐπειθῶς
484 2483 809 2556 ἀναγομένην
843 2502 855 2513 ·
891 2486 920 2542 ἠ
980 2480 1038 2537 δε
1066 2493 1164 2536 τῶν
1226 2491 1487 2558 μεριστῶν
1541 2484 1598 2535 ού
1665 2489 1817 2556 μόνον
1862 2484 2026 2547 ζωῶν,
2091 2480 2218 2533 ἀλλά
2267 2486 2368 2552 μήν
2417 2487 2506 2533 καὶ
2576 2488 2875 2554 φαντασίῶν
2915 2482 3147 2555 ἀποταγή
3207 2489 3302 2543 τήν
3351 2485 3603 2539 τελειοτά-

174 2593 266 2631 την
319 2574 562 2648 ἐμφαίνει
640 2582 740 2625 τῶν
799 2581 1048 2645 μοναχῶν
1128 2573 1453 2646 φιλοσοφίαν,
1514 2573 1561 2625 έν
1608 2572 1871 2645 ἐπιστήμη
1954 2582 2051 2624 τῶν
2120 2572 2360 2625 ἐνοποιῶν
2429 2570 2637 2623 ἐντολῶν
2692 2569 3054 2643 ἐνεργουμένην
3097 2590 3109 2602 ·
3178 2575 3292 2626 ἔστι
3351 2577 3474 2647 γὰρ,
3536 2577 3599 2636 ὡς

176 2666 321 2736 ἔφην,
372 2663 435 2716 ού
489 2671 580 2723 τῆς
623 2667 787 2734 μέσης
816 2671 915 2715 τῶν
947 2662 1257 2735 τελουμένων
1313 2662 1523 2726 τάξεως,
1560 2660 1688 2714 ἀλλά
1724 2671 1818 2723 τῆς
1871 2669 2052 2714 πασῶν
2120 2660 2441 2732 ὑψηλοτέρας
2482 2679 2494 2692 ·
2561 2655 2617 2712 δι
2669 2659 2694 2711 ὃ
2749 2666 2838 2712 καὶ
2886 2661 3051 2713 πολλὰ
3106 2665 3231 2736 πρὸς
3288 2670 3383 2723 τῆς
3437 2668 3605 2735 μέσης

178 2754 370 2817 τάξεως
443 2750 809 2825 ἀκατακρίτως
872 2749 1241 2826 ἐνεργουμένων
1323 2750 1600 2824 ἀπείρηται
1654 2756 1826 2825 τρόπῳ
1892 2755 2047 2802 παντὶ
2123 2756 2228 2810 τοῖς
2282 2749 2491 2811 ἐνιαίοις
2549 2756 2826 2821 μοναχοῖς,
2886 2752 2956 2810 ὡς
3005 2752 3134 2822 πρὸς
3201 2755 3257 2803 τὸ
3329 2752 3377 2804 ἓν
3435 2752 3605 2804 αὑτῶν

180 2842 487 2915 ὀφειλόντων
546 2840 916 2907 ἑνοποιεῐσθαι,
970 2847 1059 2892 καὶ
1120 2844 1247 2913 πρὸς
1304 2842 1439 2917 ἱερὰν
1499 2838 1707 2913 μονάδα
1758 2841 2098 2909 συνάγεσθαι,
2158 2843 2247 2890 καὶ
2296 2842 2426 2910 πρὸς
2481 2842 2573 2895 τήν
2630 2840 2909 2912 ἱερατικὴν,
2972 2842 3039 2899 ὡς
3091 2841 3315 2911 θεμιτόν,
3378 2844 3607 2915 ἀπομορ-

184 2933 417 3003 φούσθαι
472 2931 633 2993 ζωήν,
693 2933 758 2990 ὡς
810 2934 868 2981 τό
902 2933 1140 3001 συγγενὲς
1172 2930 1334 2993 αὑτῆς
1389 2934 1620 3004 ἔχουσαν
1678 2928 1726 2981 ἓν
1779 2927 2006 2992 πολλοῖς,
2060 2931 2150 2979 καὶ
2200 2927 2389 3000 μᾶλλον
2422 2930 2551 2999 αὑτῇ
2603 2930 2747 2998 παρά
2796 2933 2888 2989 τᾶς
2935 2926 3121 2990 λοιπὰς
3162 2938 3261 2980 τῶν
3293 2929 3605 3002 τελουμένων

186 3019 353 3082 ταξεις
405 3018 806 3079 πλησιάζουσαν
856 3034 869 3047 ·
921 3020 950 3077 η
1008 3015 1067 3071 δε
1111 3027 1202 3071 τοῦ
1258 3019 1630 3093 σταυροειδοῦς
1689 3020 1853 3071 τύπου
1896 3020 2143 3089 σφραγὶς,
2203 3019 2267 3076 ὡς
2317 3013 2426 3074 ἤδη
2487 3016 2609 3087 παρ’
2668 3017 2813 3087 ἡμῶν
2854 3019 3075 3089 εἴρηται,
3120 3013 3273 3074 δηλοῖ
3297 3022 3388 3076 τὴν
3419 3027 3603 3070 πασῶν

190 3109 323 3180 ὁμοῦ
364 3116 460 3160 τῶν
528 3116 788 3181 σαρκικῶν
844 3106 1054 3179 ὀρέξεων
1113 3105 1478 3180 ἀνενεργησίαν
1508 3128 1521 3141 ο
1585 3112 1614 3168 ἠ
1656 3105 1714 3161 δε
1762 3114 1858 3158 τῶν
1930 3113 2129 3180 τριχῶν
2186 3103 2482 3177 ἀπόκαρσις
2540 3103 2769 3177 ἐμφαίνει
2820 3110 2912 3162 τήν
2951 3108 3184 3180 καθαράν
3230 3111 3320 3158 καὶ
3354 3106 3606 3179 ἀσχημά-

191 3216 373 3250 τιστον
411 3198 569 3265 ζωὴν,
630 3196 723 3249 οὑκ
768 3196 1110 3258 ἐπιπλάστοις
1165 3203 1416 3269 σχήμασι
1467 3202 1525 3252 τὸ
1583 3199 1720 3250 κατὰ
1772 3203 1888 3248 νοῦν
1948 3190 2196 3257 δυσειδὲς
2262 3196 2563 3255 ἱπιθετικῶς
2621 3193 3077 3262 καλλωπίζουσαν,
3147 3193 3253 3247 ἀλλ’
3309 3195 3471 3254 αὑτήν
3528 3196 3604 3269 ἐφ’

193 3284 386 3346 ἑαυτῆς
436 3285 532 3337 ούκ
589 3284 937 3359 ἀνθρωπικοῖς
1000 3284 1260 3352 κάλλεσιν,
1315 3286 1420 3340 ἀλλ’
1483 3288 1696 3347 ένιαίοις
1748 3289 1836 3336 καὶ
1888 3290 2146 3356 μοναχοῖς
2192 3282 2265 3344 εἰς
2319 3286 2376 3335 τὸ
2438 3278 2824 3335 θεοειδέστατον
2881 3280 3200 3355 ἀναγομένην
3230 3301 3245 3315 ο
3308 3286 3337 3342 ἡ
3396 3281 3456 3337 δὲ
3510 3293 3606 3348 τῆς

198 3377 455 3446 προτέρας
505 3371 722 3435 ἐσθῆτος
772 3373 1021 3440 ἀποϐολή,
1068 3379 1157 3427 καὶ
1204 3382 1301 3438 τῆς
1358 3375 1527 3450 έτέρας
1583 3374 1763 3447 λῆψις,
1814 3377 1902 3431 τήν
1957 3372 2057 3425 ἀπὸ
2111 3377 2276 3444 μέσης
2333 3374 2473 3447 ἱερᾶς
2530 3375 2663 3434 ζωῆς
2716 3372 2802 3425 ἐπὶ
2853 3376 2946 3431 τήν
2977 3372 3287 3446 τελειοτέραν
3326 3373 3606 3446 μετάταξιν

201 3459 457 3534 ἐμφαίνει,
527 3464 753 3534 καθάπερ
804 3462 887 3515 ἐπὶ
933 3471 1026 3524 τῆς
1098 3465 1232 3536 ἱερᾶς
1292 3466 1609 3536 θεογενεσίας
1679 3467 1709 3522 ἡ
1768 3470 1862 3525 τῆς
1922 3461 2139 3523 ἐσθῆτος
2194 3461 2405 3534 ἄμειψις
2449 3457 2638 3519 ἐδήλου
2693 3469 2784 3523 τῆς
2844 3460 3325 3536 ἀποκαθαιρομένης
3382 3466 3516 3526 ζωῆς
3566 3466 3576 3535 |

197 3549 274 3611 εἰς
305 3552 615 3624 θεωρητικὴν
670 3556 758 3603 καὶ
812 3556 1127 3625 σοφιστικήν
1160 3553 1262 3616 ἕξιν
1313 3553 1585 3626 ἀναγωγήν
1620 3572 1631 3583 '
1663 3552 1707 3605 εἱ
1746 3549 1805 3605 δε
1861 3556 1950 3604 καὶ
1982 3553 2127 3603 νῡνό
2188 3552 2349 3625 ἱερεύς
2399 3569 2453 3603 τε
2509 3554 2597 3602 καὶ
2655 3552 2840 3611 πάντες
2897 3551 3011 3603 ὅσοι
3058 3554 3300 3626 πάρεισιν
3355 3554 3481 3628 ἱεροὶ
3520 3555 3605 3606 τὸν

189 3640 556 3712 τετελεσμένων
608 3639 953 3707 ἀσπάζονται,
1018 3646 1112 3701 τήν
1175 3644 1312 3714 ίεράν
1369 3652 1467 3695 τῶν
1516 3639 1756 3697 θεοειδῶν
1808 3639 2045 3699 ἐννόησον
2115 3645 2402 3704 κοινωνίαν,
2460 3638 2802 3711 ἀγαπητικῶς
2867 3639 2915 3693 έν
2973 3641 3260 3714 εὐφροσύνῃ
3316 3644 3428 3713 θείᾳ
3483 3661 3602 3695 συν-

195 3727 464 3802 ηδομένων
507 3729 744 3793 ἀλλήλοις
778 3748 791 3759 ⁸
827 3730 876 3783 έν
906 3730 1035 3784 τελει
1090 3727 1149 3784 δε
1204 3735 1408 3784 πάντων
1440 3734 1465 3784 6
1525 3734 1685 3804 ἱερεύς
1731 3729 1814 3784 ἐπὶ
1865 3734 1959 3787 τὴν
2014 3730 2301 3803 θεαρχικήν
2357 3733 2624 3781 κοινωνίαν
2681 3728 2826 3780 καλεῖ
2879 3732 2966 3780 τὸν
3012 3728 3382 3802 τετελεσμένον,
3425 3732 3607 3803 ἐμφαί-

180 3840 280 3871 νων
341 3822 506 3893 ἱερῶς,
554 3823 622 3882 ὡς
653 3820 982 3883 ὁτελεσθεὶς,
1041 3823 1177 3895 εἴπερ
1246 3820 1446 3883 ἀληθῶς
1492 3820 1576 3873 ἐπὶ
1634 3824 1727 3879 τὴν
1779 3822 2078 3891 μοναχικῆν
2130 3817 2365 3890 ἀφίκοιτο
2413 3822 2503 3870 καὶ
2565 3816 2756 3869 ἑνιαίαν
2817 3816 3109 3889 ἀναγωγήν,
3173 3819 3232 3870 ού
3294 3821 3603 3891 θεωρητικὸς

176 3913 333 3980 μόνον
387 3912 539 3961 ἔσται
576 3918 677 3961 τῶν
731 3910 842 3961 κατ’
876 3908 1032 3961 αύτόν
1078 3911 1245 3981 ἱερῶν,
1302 3907 1427 3962 οὑδὲ
1477 3912 1615 3962 κατά
1647 3912 1812 3982 μέσην
1869 3907 2014 3970 τάξιν
2052 3906 2140 3959 ἐπὶ
2188 3911 2281 3964 τήν
2333 3910 2601 3958 κοινωνίαν
2652 3905 2763 3968 ἣξει
2816 3914 2914 3957 τῶν
2966 3908 3253 3981 ἱερωτάτων
3307 3908 3598 3979 συμϐόλων,

173 3997 304 4051 ἀλλά
353 4001 486 4070 μετά
558 4000 693 4058 θείας
760 4006 861 4049 τῶν
916 3998 1003 4050 ὑπ’
1055 3997 1214 4051 αὐτοῦ
1272 4003 1627 4071 μετεχομένων
1687 4000 1832 4071 ἱερῶν
1887 4002 2145 4068 γνώσεως,
2208 3995 2362 4067 ἑτέρῳ
2414 4000 2589 4069 τρόπῳ
2646 3997 2791 4068 παρά
2846 3998 2932 4047 τὸν
2996 3997 3127 4068 ἱερὸν
3178 3995 3300 4048 λαόν
3366 3994 3450 4049 ἐπὶ
3499 4002 3593 4056 τήν

172 4087 472 4160 μετάληψιν
503 4086 617 4151 ἣξει
654 4094 748 4148 τῆς
775 4088 1067 4159 θεαρχικῆς
1096 4092 1373 4150 κοινωνίας
1403 4127 1415 4140 .
1450 4110 1480 4138 ››

244 4188 413 4252 Quae
446 4186 533 4241 sic
558 4183 733 4241 vertit
758 4183 1069 4241 Perionius
1086 4229 1100 4243 .

242 4307 264 4334 ι
305 4285 600 4339 Summus
631 4298 769 4339 vero
799 4298 1010 4339 eorum
1031 4282 1327 4348 omnium,
1351 4284 1454 4355 qui
1473 4282 1779 4339 initiantur
1795 4286 1851 4337 et
1877 4279 2283 4353 perﬁciuntur,
2299 4279 2447 4336 ordo
2476 4282 2569 4334 est
2599 4282 2944 4335 sanctorum
2974 4279 3435 4347 monachorum,
3457 4295 3597 4337 cum

163 4378 221 4430 et
240 4373 415 4429 omni
437 4371 697 4442 piaculo,
720 4376 840 4428 tota
853 4372 910 4426 vi
927 4371 1214 4444 omnique
1239 4373 1545 4429 actionum
1564 4386 1810 4427 suarum
1841 4369 2237 4427 sanctimonia
2263 4369 2534 4440 expiatus
2561 4368 2658 4434 sit,
2678 4372 2732 4424 et
2757 4368 2954 4423 omnis
2982 4369 3268 4439 mysterii,
3292 4370 3456 4441 quod
3469 4371 3600 4441 qui-

163 4463 308 4518 dem
339 4463 394 4517 ei
423 4461 512 4517 fas
550 4461 619 4516 sit
666 4461 955 4532 aspicere,
977 4460 1259 4532 spiritalis
1293 4467 1594 4533 spectator
1623 4459 2047 4534 particepsque
2072 4458 2144 4514 sit
2170 4457 2361 4513 factus
2389 4456 2759 4529 traditusque
2776 4456 3102 4529 perﬁcienti
3129 4458 3481 4529 pontiﬁcum
3506 4475 3601 4516 or-

164 4549 317 4617 dini,
342 4567 417 4606 ac
435 4550 653 4605 divinis
676 4565 882 4605 eorum
915 4549 1409 4605 illustrationibus
1430 4550 1868 4622 pontiﬁciisque
1886 4548 2166 4603 institutis
2190 4546 2385 4602 discat
2411 4552 2758 4602 sanctorum
2787 4547 3225 4617 mysteriorum,
3258 4562 3414 4619 quae
3455 4563 3596 4604 eum

165 4640 493 4708 attingunt,
513 4655 687 4695 sacra
701 4654 855 4709 quae
870 4640 1184 4709 aspexerit,
1201 4646 1380 4711 atque
1410 4645 1618 4695 sancta
1646 4636 1999 4694 eorumdem
2032 4636 2278 4691 scientia
2292 4651 2399 4707 pro
2420 4635 2602 4691 modo
2616 4649 2726 4690 suo
2743 4635 2818 4691 ad
2836 4651 3138 4690 summam
3168 4636 3593 4707 perfectionem

166 4728 573 4799 virtutemque
600 4726 897 4783 efferatur.
926 4728 1071 4783 Hinc
1105 4727 1287 4783 divini
1315 4734 1730 4799 praeceptores
1773 4724 1956 4780 nostri
1998 4725 2217 4780 sanctis
2249 4740 2351 4779 eos
2385 4724 2730 4780 nominibus
2781 4722 3070 4796 appellari
3114 4725 3456 4789 voluerunt,
3490 4724 3595 4781 alii

164 4816 495 4880 cultorum,
523 4816 621 4872 alii
655 4816 1110 4882 monachorum,
1141 4832 1177 4871 a
1204 4832 1356 4888 puro
1382 4815 1479 4873 Dei
1523 4816 1817 4872 famulatu
1843 4820 1899 4870 et
1924 4815 2106 4880 cultu,
2130 4814 2561 4886 individuaque
2601 4830 2671 4870 ac
2698 4813 2982 4885 singulari
3022 4815 3164 4876 vita.
3186 4816 3411 4887 quippe
3436 4831 3593 4888 quae

159 4922 265 4963 eos
294 4921 491 4961 unum
526 4904 704 4961 faciat
724 4907 945 4961 sanctis
986 4921 1185 4960 rerum
1217 4905 1601 4961 dividuarum
1638 4903 2180 4969 coniunctionibus,
2203 4902 2283 4959 ad
2312 4904 2579 4960 divinam
2613 4902 2899 4959 unionem
2930 4904 3168 4975 Deoque
3194 4912 3429 4973 gratam
3464 4920 3597 4977 per-

155 4996 489 5052 fectionem
517 4993 993 5065 adipiscendam.
1031 4996 1231 5067 Itaque
1270 4993 1614 5066 perﬁciendi
1655 4996 1735 5049 eis
1771 5008 1992 5049 munus
2025 4998 2234 5049 sancta
2260 4993 2355 5048 lex
2389 4992 2705 5059 concessit,
2739 4992 3108 5064 dignataque
3151 4998 3238 5048 est
3282 5008 3386 5049 eos
3418 4993 3593 5050 invo-

159 5087 402 5141 catione
424 5098 584 5155 quae
616 5083 733 5139 vim
763 5083 1155 5139 consecrandi
1214 5084 1224 5154 |
1286 5083 1488 5149 habet,
1519 5099 1641 5138 non
1662 5081 1971 5155 pontiﬁcia
2000 5081 2268 5154 quidem,
2300 5097 2374 5137 ea
2401 5081 2559 5138 enim
2588 5087 2675 5138 est
2724 5086 2957 5137 tantum
2991 5096 3174 5153 penes
3204 5081 3587 5139 sacerdotum

159 5173 434 5239 ordines,
467 5172 573 5228 sed
606 5170 985 5239 sacerdotali,
1015 5187 1172 5244 quae
1195 5188 1232 5229 ιι
1262 5172 1481 5229 sanctis
1506 5170 1914 5229 sacerdotibus
1941 5170 2207 5227 secundo
2232 5186 2268 5228 a
2292 5169 2595 5242 pontiﬁcio
2623 5186 2870 5228 munere
2894 5169 3028 5227 loco
3054 5170 3394 5228 adhibetur.

1204 5360 1557 5433 Mysterium
1585 5358 1949 5418 monasticae
1978 5359 2462 5418 consecrationis.

236 5536 539 5597 Sacerdos
550 5536 798 5611 quidem
814 5539 931 5593 stat
943 5541 1082 5593 ante
1098 5533 1365 5591 divinum
1378 5536 1583 5604 altare,
1598 5536 2004 5609 precationem
2023 5552 2179 5609 quae
2199 5536 2528 5593 monachos
2550 5535 2786 5607 attingit
2797 5537 3051 5593 recitans
3066 5552 3135 5593 ac
3148 5530 3580 5609 pronuncians;

162 5627 211 5684 is
260 5635 492 5699 autem,
520 5626 624 5703 qui
666 5630 1057 5684 consecratur
1080 5629 1138 5682 et
1156 5624 1439 5693 initiatur,
1469 5630 1581 5683 stat
1604 5631 1741 5698 post
1762 5626 2153 5693 sacerdotem,
2173 5640 2283 5683 nec
2307 5631 2626 5700 utrumque
2650 5640 2811 5698 genu
2830 5625 3013 5684 ﬂectit
3038 5640 3147 5682 nec
3172 5624 3451 5693 alterum,
3476 5636 3587 5681 nec
