4092 6252
592 239 695 298 287
1943 236 2044 297 J0.
2085 234 2208 295 PICI

2297 236 2666 297 ’RAEFATIO
3828 244 3913 300 988

592 372 771 438 caput
799 365 981 422 habet
1022 365 1398 438 suppositum
1427 364 1643 421 divinis
1671 363 1855 429 libris,
1887 365 1991 420 sed
2023 368 2254 419 tantum
2290 370 2527 435 praesto
2556 369 2643 420 est
2673 365 2966 421 sacerdoti
2995 365 3100 436 qui
3131 363 3435 437 mysticam
3473 366 3836 436 precationem
3869 368 3917 424 in

587 455 720 527 ipso
744 455 967 511 recitat.
991 456 1277 511 Sacerdos
1307 470 1444 510 vero
1465 471 1536 509 ea
1549 454 1831 526 perfecta,
1852 469 1990 509 cum
2014 453 2090 509 ad
2123 470 2259 509 eum
2278 454 2378 526 qui
2402 454 2660 509 initiatur
2676 454 2851 519 venit,
2882 452 3048 509 illum
3071 460 3238 523 rogat
3262 453 3531 525 primum,
3552 469 3685 509 num
3705 456 3920 513 remittat

587 546 865 600 nuntium
904 560 1024 600 non
1070 544 1261 600 solum
1302 534 1566 599 dividuis
1607 543 2021 615 distinctisque
2064 543 2215 605 vitis,
2249 559 2458 598 verum
2498 544 2678 598 etiam
2720 542 3095 610 visionibus;
3137 541 3352 597 deinde
3383 541 3838 614 perfectissimam
3877 546 3918 599 ei

587 634 770 689 vitam
811 635 1076 705 exponit,
1108 634 1219 689 hoc
1255 649 1362 705 pro
1399 633 1741 689 testimonio
1775 632 2001 698 dicens,
2042 647 2182 687 eum
2219 632 2478 687 mediam
2509 632 2689 687 vitam
2737 646 3023 703 superare
3053 646 3123 686 ac
3172 629 3454 686 transilire
3490 635 3758 701 oportere.
3786 632 3919 696 Quae

590 722 693 777 ubi
720 723 923 778 omnia
965 724 1012 777 is
1042 723 1143 794 qui
1172 723 1434 779 initiatur
1463 723 1833 778 continenter
1862 722 2166 792 professus
2196 728 2283 775 est
2310 736 2375 776 se
2403 736 2532 776 esse
2572 719 2891 785 facturum,
2927 720 3212 775 sacerdos
3255 718 3424 792 signo
3453 719 3632 774 crucis
3657 734 3779 774 eum
3802 734 3917 774 cono

586 811 888 880 signatum
920 812 1141 877 tondet,
1170 811 1482 883 appellans
1512 816 1619 866 tres
1653 826 1939 881 personas
1968 810 2203 865 divinae
2234 809 2651 876 beatitudinis;
2690 810 2974 881 omnique
2995 813 3157 864 veste
3178 808 3438 864 detracta
3466 822 3597 863 eum
3616 805 3723 863 alia
3742 806 3916 873 induit,

581 905 639 956 et
668 915 805 956 eum
844 899 973 957 aliis
999 900 1221 957 sanctis
1253 901 1393 956 viris
1421 900 1524 972 qui
1554 899 1795 969 adsunt,
1826 915 1963 955 cum
1983 914 2123 955 eum
2150 898 2450 962 salutavit,
2482 898 2831 970 participem
2858 897 2998 954 facit
3024 897 3366 953 divinorum
3396 897 3799 970 mysteriorum.

2061 1074 2522 1145 Contemplatio.

650 1272 678 1303 «
706 1253 879 1319 Quod
895 1257 1174 1307 neutrum
1200 1266 1355 1321 genu
1371 1251 1570 1316 ﬂectit,
1602 1265 1796 1322 neque
1818 1250 1994 1306 habet
2015 1251 2428 1322 caputdivinis
2449 1251 2615 1307 libris
2642 1251 3002 1317 subiectum,
3036 1253 3394 1323 praestoque
3416 1253 3501 1305 est
3530 1247 3795 1305 sacerdoti
3815 1262 3917 1319 pre-

577 1343 872 1398 cationem
892 1342 1174 1406 recitanti,
1203 1341 1484 1405 declarat,
1514 1340 1948 1396 monachorum
1973 1339 2200 1395 ordinis
2222 1355 2341 1395 non
2365 1356 2496 1395 esse
2527 1340 2675 1396 alios
2692 1339 3008 1406 deducere,
3028 1339 3131 1395 sed
3153 1339 3212 1394 in
3245 1355 3306 1394 se
3334 1354 3403 1395 ac
3430 1353 3531 1410 per
3550 1354 3608 1393 se
3624 1344 3849 1402 perstare
3870 1336 3913 1390 in

578 1431 863 1499 singulari
878 1436 1204 1500 sanctoque
1228 1434 1403 1494 statu,
1428 1429 1805 1483 sacerdotum
1825 1429 2060 1483 ordines
2083 1435 2500 1494 assectantem,
2521 1429 2668 1484 etab
2686 1430 2770 1484 eis
2799 1429 2875 1484 ad
2891 1429 3161 1484 divinam
3186 1443 3491 1484 sacrorum
3517 1442 3665 1498 quae
3684 1425 3825 1480 illum
3850 1431 3915 1479 at-

575 1518 1128 1587 tinguntscientiam
1152 1517 1320 1573 facile
1337 1517 1929 1573 traduci.Divisarum
1947 1523 2147 1571 autem
2170 1516 2665 1589 diversarumque
2688 1533 2809 1573 non
2832 1516 3027 1573 solum
3061 1518 3337 1579 vitarum,
3356 1516 3453 1571 sed
3472 1516 3644 1571 etiam
3670 1514 3913 1568 visionum

575 1607 729 1663 utita
766 1610 781 1680 |
821 1607 1018 1662 dicam
1034 1606 1483 1661 abrenuuciatio
1498 1604 1989 1677 perfectissimam
2007 1606 2445 1661 monachorum
2458 1607 2899 1678 philosophiam
2916 1605 3232 1676 signiﬁcat,
3247 1621 3404 1677 quae
3417 1606 3474 1659 in
3490 1607 3909 1675 praeceptorum,

572 1712 729 1769 quae
760 1712 947 1751 unum
974 1694 1218 1760 faciunt,
1244 1694 1491 1751 scientia
1511 1695 1629 1750 vim
1651 1700 1707 1749 et
1736 1694 2151 1750 efﬁcacitatem
2179 1694 2384 1752 habet.
2423 1697 2519 1750 Est
2548 1697 2729 1758 enim,
2762 1699 2824 1751 ut
2848 1695 2988 1762 dixi,
3013 1710 3133 1751 non
3162 1694 3343 1750 medii
3376 1709 3578 1750 eorum
3605 1691 3699 1764 qui
3724 1690 3911 1745 initian-

573 1788 667 1841 tur
686 1785 930 1850 ordinis,
949 1785 1051 1839 sed
1074 1785 1291 1841 summi
1324 1784 1617 1839 omnium.
1636 1787 1837 1854 Itaque
1864 1783 2051 1839 multa
2078 1799 2309 1851 eorum,
2334 1800 2489 1855 quae
2514 1785 2759 1855 impune
2778 1799 2848 1838 ac
2871 1786 2996 1840 sine
3020 1783 3509 1855 improbationea
3540 1780 3724 1836 medio
3743 1779 3911 1835 ordine

571 1880 876 1943 geruntur,
909 1874 1073 1928 omni
1097 1874 1323 1928 ratione
1343 1872 1747 1941 singularibus
1774 1872 2086 1927 monachis
2110 1872 2419 1928 interdicta
2446 1878 2616 1937 sunt;
2645 1873 2869 1944 quippe
2892 1874 2993 1943 qui
3018 1888 3154 1927 cum
3178 1887 3299 1926 uno
3328 1870 3604 1938 coniungi
3633 1869 3913 1924 debeantet

567 1979 705 2019 cum
735 1979 901 2018 sacra
934 1963 1189 2017 mouade
1216 1961 1408 2030 colligi
1436 1968 1614 2031 atque
1637 1961 1715 2016 ad
1738 1961 2113 2016 sacerdotum
2140 1963 2343 2025 vitam,
2372 1967 2666 2033 quantum
2699 1960 2854 2026 licet,
2880 1959 3157 2025 formari;
3184 1960 3354 2033 quod
3381 1960 3432 2014 ei
3454 1957 3643 2014 ordini
3672 1957 3725 2012 in
3753 1954 3913 2011 multis

566 2051 715 2107 ordo
737 2051 830 2105 ille
849 2050 1057 2105 similis
1082 2051 1410 2115 sit,etunus
1434 2066 1505 2104 ex
1528 2049 1810 2104 omnibus
1836 2049 2149 2103 ordinibus
2171 2065 2379 2104 eorum
2403 2050 2503 2120 qui
2530 2049 2856 2115 initiantur,
2882 2048 2960 2104 ad
2977 2065 3114 2104 eum
3136 2050 3407 2120 proxime
3430 2047 3682 2105 accedat.
3709 2046 3913 2114 Signum

565 2154 705 2194 vero
728 2138 956 2208 ﬁgurae
974 2138 1187 2201 crucis,
1207 2143 1268 2192 ut
1286 2140 1403 2193 iam
1419 2154 1453 2192 a
1473 2138 1644 2191 nobis
1659 2137 1883 2191 dictum
1907 2144 2015 2201 est,
2034 2138 2297 2193 declarat
2324 2138 2741 2194 universarum
2769 2138 2845 2193 ad
2875 2154 3094 2209 corpus
3111 2137 3532 2209 pertinentium
3566 2134 3913 2207 cupiditatum

562 2228 978 2299 privationem.
994 2226 1254 2296 Capillus
1269 2231 1471 2281 autem
1492 2233 1699 2279 tonsus
1720 2242 1930 2296 puram
1949 2225 2233 2298 nullaque
2258 2228 2451 2297 ﬁgura
2469 2226 2731 2282 fucatam
2750 2227 2931 2283 vitam
2956 2226 3198 2291 indicat,
3215 2242 3373 2298 quae
3388 2242 3507 2281 non
3520 2221 3917 2289 ﬁctarumﬁgu-

561 2321 880 2371 rarumaut
893 2316 1159 2370 colorum
1175 2315 1515 2370 inductione
1528 2314 1967 2370 deformitatem
1984 2316 2185 2371 mentis
2198 2316 2495 2384 ornet,sed
2512 2331 2617 2387 per
2628 2317 2876 2387 seipsam
2892 2330 3011 2370 non
3026 2316 3285 2370 humana
3298 2314 3915 2385 pulchritudine,verum

572 2404 856 2477 singulari
872 2409 928 2460 et
944 2404 1116 2459 unica
1130 2404 1203 2458 ad
1216 2403 1335 2457 divi
1347 2419 1485 2458 nam
1499 2403 1731 2458 excitet.
1750 2404 1963 2459 Prioris
1977 2420 2113 2459 vero
2129 2404 2306 2459 vestis
2320 2404 2605 2460 detractio
2621 2403 2927 2459 etalterius
2940 2404 3039 2459 iud
3052 2404 3207 2459 uctio
3223 2402 3579 2473 signiﬁcata
3595 2400 3771 2457 media
3782 2412 3916 2453 sanc-

564 2498 623 2550 ta
653 2496 771 2549 vita
808 2493 886 2548 ad
910 2492 1312 2564 perfectiorem
1344 2492 1771 2547 traductionem
1797 2512 1809 2551 :
1832 2492 2350 2564 quemadmodum
2375 2493 2434 2548 in
2466 2499 2642 2549 ortua
2680 2495 2794 2547 Deo
2819 2492 3267 2563 sivebaptismo
3282 2493 3461 2547 vestis
3490 2488 3913 2546 vicissitudinem

563 2598 633 2639 ac
652 2583 1042 2637 mutationem
1066 2599 1099 2635 a
1127 2581 1248 2636 vita
1271 2597 1424 2653 quae
1449 2581 1801 2652 expiabatur
1821 2582 1896 2637 ad
1914 2580 2434 2653 contemplationis
2457 2582 2904 2652 sapientiaeque
2927 2586 3146 2636 statum
3174 2588 3228 2635 et
3248 2580 3520 2638 habitum
3548 2578 3914 2649 migrationem

562 2670 1455 2742 signiﬁcaredicebamus.Quod
1483 2672 1528 2725 si
1551 2686 1707 2725 nunc
1729 2672 1905 2725 etiam
1934 2678 1989 2725 et
2011 2672 2291 2727 sacerdos
2306 2675 2362 2725 et
2386 2686 2597 2725 omnes
2627 2670 2817 2726 sancti
2852 2670 2953 2741 qui
2977 2669 3274 2724 intersunt
3303 2684 3441 2725 eum
3457 2669 3561 2742 qui
3590 2668 3830 2723 initiatus
3852 2666 3918 2717 est

560 2759 957 2822 consalutant,
980 2758 1236 2828 intellige
1266 2763 1533 2814 sanctam
1567 2775 1772 2814 eorum
1797 2760 1897 2831 qui
1922 2759 2290 2815 divinitatem
2318 2760 2623 2814 imitantur
2651 2760 3017 2824 societatem,
3051 2764 3323 2814 amanter
3349 2775 3486 2814 cum
3520 2758 3719 2813 divina
3741 2750 3917 2811 laetitia

559 2848 710 2903 inter
740 2864 803 2902 se
826 2848 1275 2918 gratulantium.
1307 2850 1610 2902 Postremo
1628 2848 1903 2903 sacerdos
1920 2848 1997 2904 ad
2017 2848 2283 2904 divinam
2308 2848 2795 2903 communionem
2826 2848 3032 2902 invitat
3057 2863 3195 2903 eum
3216 2848 3316 2919 qui
3343 2848 3606 2903 initiatus
3629 2851 3727 2911 est,
3752 2846 3915 2898 sancte

554 2936 829 2992 indicans
858 2936 1019 2991 illum
1042 2937 1144 3008 qui
1202 2938 1211 3006 |
1271 2944 1654 2991 consecratus
1679 2943 1766 2991 est
1803 2937 1882 2991 :si
1906 2953 2041 2991 vero
2067 2937 2143 2993 ad
2174 2937 2609 2993 monachorum
2641 2936 3001 3005 institutum,
3027 2936 3193 3008 quod
3224 2937 3528 3008 singulare
3554 2941 3658 3001 est,
3682 2942 3915 3006 pervene.

551 3026 645 3092 rit,
672 3042 794 3081 non
818 3025 1011 3081 solum
1037 3030 1429 3097 spectatorem
1452 3041 1758 3081 sacrorum
1780 3041 1936 3097 quae
1954 3026 2003 3080 ei
2021 3027 2310 3097 permissa
2324 3032 2463 3082 sunt
2480 3027 2625 3092 fore,
2647 3042 2753 3081 nec
2774 3026 2889 3081 ritu
2906 3026 3084 3082 medii
3103 3024 3330 3081 ordinis
3355 3028 3413 3082 in
3453 3024 3914 3081 sanctissimorum

552 3122 1067 3172 sacramentorum
1094 3117 1435 3171 societatem
1459 3115 2069 3187 communionemque
2094 3122 2427 3180 venturum,
2444 3116 2550 3170 sed
2573 3130 2712 3170 cum
2732 3114 2931 3170 divina
2955 3130 3161 3170 eorum
3191 3131 3504 3171 sacrorum
3529 3129 3677 3187 quae
3702 3106 3915 3185 percepit

543 3205 905 3274 cognitione,
937 3204 1051 3259 alio
1097 3220 1282 3275 quam
1315 3210 1558 3259 sanctus
1590 3203 1850 3275 populus
1881 3204 2064 3259 modo
2095 3207 2415 3259 venturum
2442 3219 2575 3261 esse
2608 3203 2685 3259 ad
2715 3203 2953 3259 divinae
2984 3204 3238 3259 societas
3270 3204 3647 3277 adeptionem
3681 3208 3731 3257 et
3756 3210 3916 3272 perce-

540 3293 831 3365 ptionem.
865 3314 886 3341 »
924 3292 1084 3348 Philo
1123 3308 1263 3348 vero
1301 3291 1375 3347 de
1414 3293 1765 3347 eorumdem
1797 3300 1930 3347 ortu
1970 3293 2200 3365 scripsit
2232 3293 2392 3349 hunc
2422 3294 2483 3348 in
2517 3293 2766 3349 modum
2807 3310 2822 3348 ι
2853 3293 2931 3362 (a)
2970 3308 2982 3347 ε
3024 3313 3053 3343 ‹‹
3098 3296 3429 3365 Postquam
3470 3309 3545 3350 ne
3578 3289 3793 3348 Essaeis
3818 3284 3915 3340 dis-

539 3397 854 3445 seruimus,
932 3381 1034 3451 qui
1109 3383 1294 3436 vitam
1368 3382 1627 3436 activam
1704 3385 1995 3447 exercent,
2064 3382 2369 3447 omnibus,
2446 3386 2570 3448 aut,
2646 3382 2813 3453 quod
2892 3382 3091 3437 minus
3165 3382 3537 3438 invidiosum
3612 3380 3763 3436 dictu
3826 3377 3913 3434 est,

540 3469 843 3541 plerisque
883 3468 1105 3523 felicius
1161 3469 1309 3524 ordo
1351 3469 1631 3539 postulat,
1672 3475 1733 3524 ut
1771 3469 2057 3541 deinceps
2094 3470 2365 3526 dicamus
2403 3486 2560 3543 quae
2609 3469 2867 3525 dicenda
2901 3475 3038 3525 sunt
3076 3469 3150 3525 de
3190 3471 3678 3544 contemplationi
3717 3462 3911 3522 deditis.

538 3560 667 3614 Non
722 3556 899 3612 debet
945 3557 1103 3611 enim
1142 3557 1487 3612 huiusmodi
1543 3559 1799 3613 virorum
1863 3559 2045 3614 virtus
2093 3560 2312 3614 eximia
2365 3576 2611 3616 causam
2657 3560 2944 3631 praebere
3012 3558 3227 3615 silentii
3288 3558 3381 3614 his
3434 3559 3537 3631 qui
3586 3557 3727 3615 nihil
3761 3556 3913 3612 hone-

538 3652 698 3702 stum
752 3649 967 3717 putant
1012 3646 1330 3701 tacendum
1382 3646 2034 3717 dissimulandumque.
2085 3648 2421 3705 institutum
2470 3655 2670 3705 autem
2699 3648 2881 3704 huius
2925 3648 3342 3720 phiIOSOphiae
3390 3666 3532 3705 mox
3588 3649 3819 3720 apparet
3859 3653 3913 3694 ex

537 3734 683 3807 ipsis
713 3734 1215 3806 appellationibus
1245 3753 1260 3804 ;
1296 3742 1586 3791 vocantur
1638 3738 1796 3791 enim
1836 3736 2239 3804 therapeutae,
2304 3738 2914 3809 therapeutﬁdesque,
2971 3738 3086 3793 hoc
3125 3742 3214 3793 est
3271 3744 3581 3795 curatores
3620 3743 3675 3793 et
3715 3727 3913 3791 curatri—

536 3839 658 3889 ces,
687 3824 811 3879 sive
841 3822 1094 3879 cultores
1126 3830 1181 3880 et
1206 3822 1496 3889 cultrices,
1522 3840 1656 3879 vero
1699 3826 1960 3891 nomine,
1988 3825 2075 3881 vel
2106 3828 2250 3898 quia
2279 3827 2629 3899 proﬁtentur
2658 3827 3021 3883 medicinam
3050 3828 3554 3897 praestantiorem
3575 3828 3683 3883 ista
3710 3822 3913 3891 vulgata

535 3914 857 3984 peromnia
878 3912 1104 3984 oppida
1128 3931 1141 3980 ;
1175 3912 1319 3968 haec
1334 3913 1493 3967 enim
1513 3913 1785 3968 medetur
1807 3912 1947 3969 solis
1962 3904 2331 3985 corporibus,
2351 3916 2452 3972 illa
2465 3922 2519 3971 et
2540 3916 2772 3971 animas
2790 3915 2999 3971 liberat
3023 3916 3246 3971 morbis
3269 3918 3561 3987 gravibus
3586 3918 3639 3971 et
3661 3913 3910 3970 adversus

536 4002 803 4058 medelas
827 4001 1307 4067 contumacibus,
1331 4018 1484 4073 quos
1500 4000 2761 4075 inﬂixeruntvoluptates,concupiscentiae,
2781 4004 3036 4070 dolores,
3057 4003 3322 4073 timores,
3343 4006 3648 4074 avaritiae,
3671 3997 3913 4070 insipien-

532 4091 668 4158 tiae,
702 4092 1024 4147 iniustitiae
1037 4096 1334 4146 etceterae
1353 4092 1894 4161 perturbationeset
1919 4092 2198 4147 vitiorum
2231 4108 2449 4163 agmen
2473 4094 2910 4149 innumerabile
2926 4111 2941 4159 ;
2966 4092 3058 4148 vel
3089 4094 3231 4165 quia
3250 4092 3591 4150 didicerunt
3611 4109 3645 4148 a
3664 4084 3911 4147 naturaet

532 4194 564 4235 θ
591 4182 776 4235 sacris
804 4180 1036 4249 legibus
1063 4179 1253 4235 colere
1272 4179 1415 4234 illud
1442 4180 1565 4235 Ens
1596 4186 1651 4236 et
1676 4182 1838 4236 bono
1865 4180 2076 4236 melius
2096 4187 2153 4236 et
2180 4197 2300 4238 uno
2324 4182 2612 4238 sincerius
2632 4188 2689 4238 et
2710 4182 2931 4238 unitate
2952 4183 3011 4237 in
3037 4184 3383 4254 generando
3407 4183 3712 4255 antiquius
3734 4182 3909 4246 atque,

535 4272 595 4322 ut
626 4268 705 4324 ita
733 4269 951 4333 dicam,
984 4269 1391 4341 principalius.
1430 4271 1645 4325 Horum
1678 4270 1880 4340 pietati
1909 4286 2065 4342 quos
2095 4270 2333 4327 tandem
2368 4272 2575 4327 merito
2606 4271 3138 4343 comparabimus?
3171 4292 3198 4321 »
3234 4273 3297 4326 Et
3328 4273 3541 4342 paucis
3568 4262 3859 4327 interiectis
3886 4277 3896 4315 ε

537 4374 565 4407 ‹‹
594 4361 666 4411 At
718 4358 726 4425 |
766 4356 911 4411 illud
935 4357 1249 4412 hominum
1273 4373 1459 4428 genus
1488 4358 1959 4429 therapeuticum
1989 4360 2296 4431 semperin
2310 4360 2635 4416 divinitatis
2661 4361 3165 4431 contemplatione
3180 4360 3474 4431 proﬁciet,
3499 4362 3676 4417 etiam
3694 4354 3805 4413 sole
3818 4351 3913 4407 hoc

532 4444 795 4499 sensibili
825 4446 1155 4515 praeterito,
1191 4461 1299 4500 nec
1334 4462 1599 4517 unquam
1633 4463 1808 4501 suum
1840 4448 2113 4503 ordinem
2144 4447 2375 4504 deseret
2397 4450 2737 4505 tendentem
2780 4448 2860 4504 ad
2888 4448 3224 4505 felicitatem
3258 4449 3768 4520 perfectissimam.
3792 4437 3909 4496 Huic

527 4535 682 4590 vitae
715 4534 976 4589 instituto
1005 4536 1108 4605 qui
1136 4551 1197 4587 se
1231 4535 1535 4601 addicunt,
1572 4552 1687 4590 non
1703 4552 1774 4591 ex
1800 4552 1964 4591 more
1997 4538 2302 4607 autrogati
2324 4538 2385 4592 id
2417 4537 2659 4609 faciunt,
2690 4538 2793 4593 sed
2813 4554 3019 4594 amore
3049 4539 3303 4609 correpti
3338 4554 3541 4594 rerum
3565 4533 3902 4594 caelestium.

526 4629 583 4678 et
612 4622 1003 4694 quasidivino
1029 4622 1225 4677 furore
1240 4623 1465 4694 perciti,
1494 4624 1685 4679 donec
1721 4625 1792 4679 ad
1809 4624 2551 4697 contemplationemillam
2567 4626 3139 4683 desideratissimam
3157 4629 3531 4699 perveniant.
3552 4622 3763 4682 Deinde
3793 4626 3910 4690 prae

523 4710 877 4767 immortalis
902 4710 1234 4783 beataeque
1272 4712 1427 4767 vitae
1455 4712 1733 4783 cupidine
1756 4716 1927 4785 quasi
1952 4714 2073 4769 iam
2105 4714 2214 4770 hac
2239 4715 2472 4771 mortali
2499 4715 2783 4781 defuncti,
2813 4714 3125 4771 facultates
3148 4730 3289 4771 suas
3302 4711 3802 4787 relinquntliberis
3823 4704 3910 4759 aut

521 4800 816 4870 cognatis,
845 4798 997 4855 ultro
1032 4799 1116 4854 eis
1151 4801 1494 4871 possesione
1514 4801 1782 4857 cedendo
1812 4824 1823 4855 :
1860 4809 2038 4875 atque
2068 4805 2246 4860 etiam
2277 4805 2451 4859 sociis
2482 4810 2539 4861 et
2573 4804 2859 4871 amicis,si
2887 4806 3123 4876 cognati
3152 4804 3625 4876 desint.0portet
3673 4793 3909 4859 enim,ut

521 4890 625 4960 qui
649 4888 1023 4960 perspicaces
1038 4888 1253 4943 divitas
1266 4889 1519 4961 adeptus
1534 4894 1643 4955 est,
1670 4892 2025 4948 caecasillas
2058 4892 3176 4965 relinquatmentibuscaecutientibus.
3198 4913 3228 4946 »
3244 4897 3357 4949 Nec
3373 4892 3561 4949 multo
3588 4894 3747 4963 post:
3772 4905 3796 4936 α
3822 4884 3909 4937 Re-

523 4976 678 5033 lictis
699 4978 875 5046 igitur
894 4976 1273 5033 facultatibus
1286 4983 1339 5033 et
1353 4980 1760 5034 avocamentis
1774 4980 2053 5036 omnibus
2072 4981 2495 5053 fugiunt,nulla
2514 4982 2723 5038 habita
2734 4982 2964 5038 ratione
2982 4982 3607 5051 fratrum,liberorum,
3637 4978 3907 5051 parentum

524 5071 988 5138 uxorumque,et
1003 5066 1282 5122 deserunt
1296 5082 1649 5122 numerosas
1662 5068 2069 5137 cognationes,
2090 5071 2911 5144 societates,amicitias,ipsas
2924 5070 3187 5142 denique
3202 5070 3511 5143 patrias,in
3523 5067 3739 5142 quibus
3750 5054 3904 5132 geniti

522 5155 1049 5227 educatiquesunt.
1084 5154 1590 5227 Quandoquidem
1607 5157 1977 5213 consuetudo
1995 5174 2282 5231 magnum
2306 5166 2680 5217 momentum
2720 5160 2902 5217 habet
2930 5160 3009 5215 ad
3049 5160 3420 5218 allectandos
3454 5158 3709 5216 animos.
3740 5145 3908 5209 Demi-

517 5250 692 5314 grant
728 5250 929 5300 autem
949 5260 1067 5300 non
1088 5246 1145 5299 in
1169 5243 1349 5299 aliam
1376 5244 1695 5310 civitatem.
1722 5245 1872 5300 sicut
1902 5248 2081 5316 servi,
2105 5247 2208 5319 qui
2232 5265 2294 5303 se
2322 5250 2496 5304 vendi
2522 5248 2652 5305 aliis
2683 5249 2840 5304 heris
2861 5249 3185 5321 impetrant
3210 5249 3433 5316 miseri,
3461 5252 3520 5303 ut
3552 5246 3655 5318 qui
3685 5238 3907 5299 servitu-

520 5338 642 5390 tem
672 5337 924 5400 mutant,
946 5349 1066 5389 non
1091 5332 1399 5403 effugiunt.
1432 5334 1685 5399 Quaevis
1703 5334 1862 5390 enim
1886 5335 2109 5402 civitas,
2144 5336 2231 5392 vel
2256 5336 2501 5409 optimis
2531 5342 2743 5394 ornata
2767 5338 3024 5410 legibus,
3057 5338 3237 5411 plena
3267 5335 3629 5395 esttumultu
3654 5328 3901 5406 plurimo.

2095 5480 2350 5537 NOTAE.

591 5617 673 5694 (a)
706 5617 829 5677 Lib.
871 5620 952 5676 De
980 5618 1094 5676 vita
1124 5616 1588 5695 contemplativa
1619 5619 1739 5676 sive
1767 5620 2109 5699 supplicum
2130 5621 2469 5682 virtutibus.
