4092 6252
191 330 286 386 289
981 324 1074 380 AD
1113 322 1526 379 VEHSIONEM
1571 323 1728 379 [ΛΤ.
1769 323 1807 378 Η

1987 324 2044 379 S.
2091 322 2394 378 MACARII
2436 323 2791 381 AEGYPTH.
3471 330 3576 386 990

196 469 352 526 quem
366 467 535 508 nemo
567 450 898 522 sapientiae
921 453 1178 504 sectator
1194 448 1504 503 sustineat.
1534 448 1647 504 Sed
1670 453 1836 504 extra
1863 448 2102 504 moenia
2132 447 2359 517 degunt
2383 448 2443 503 in
2459 449 2648 506 hortis
2667 455 2771 507 aut
2795 451 2939 506 villis
2971 452 3270 519 solitariis,
3296 459 3574 512 amantes

200 543 570 605 solitudinem,
588 555 710 596 non
733 539 1050 595 hominum
1077 537 1238 603 odio,
1274 537 1374 592 sed
1399 536 1476 592 ad
1500 537 1803 593 cavendos
1835 552 2196 607 congressus
2220 553 2358 592 cum
2381 537 2786 605 dissimilibus,
2811 556 2965 612 quos
2991 542 3186 597 sciunt
3207 542 3379 598 bonis
3403 545 3576 600 mori-

196 634 290 689 bus
315 630 562 686 ofﬂcere.
595 633 714 685 Hoc
745 643 935 698 genus
969 627 1259 698 reperitur
1291 626 1347 681 in
1382 626 1583 681 multis
1615 626 1775 682 orbis
1808 627 2173 696 regionibus,
2207 628 2434 691 merito,
2472 631 2534 682 ut
2564 628 2873 685 absolutae
2912 630 3240 702 probitatis,
3270 638 3578 704 receptum

198 722 446 778 aGraecis
470 724 652 792 atque
684 717 978 772 Barbaris.
998 717 1248 771 Maxime
1267 719 1464 771 tamen
1499 717 1508 785 |
1543 715 1603 770 in
1631 720 1899 787 Aegypto
1924 716 2334 788 frequentatur
2356 731 2459 786 per
2482 717 2885 788 praefecturas
2912 719 3198 790 singulas,
3229 721 3577 793 praesertim

193 811 386 866 circum
401 808 844 865 Alexandriam.
869 808 947 860 Ex
960 805 1245 860 omnibus
1260 809 1456 860 autem
1482 804 1628 859 locis
1653 806 1915 876 optimus
1938 806 2191 876 quisque
2211 803 2718 876 therapeutarum,
2737 811 3046 879 tamquam
3067 809 3127 863 in
3145 809 3323 865 huius
3347 811 3579 880 generis

187 900 442 971 patriam,
479 897 729 952 colonus
759 896 1004 950 mittitur
1033 895 1092 948 in
1120 893 1319 948 locum
1360 893 1668 965 quendam
1714 893 2122 964 aptissimum,
2156 893 2334 948 situm
2368 893 2444 949 ad
2474 901 2756 964 stagnum
2792 897 3055 960 Mariam,
3088 898 3148 952 in
3173 902 3405 954 terreno
3432 899 3580 955 colle

180 987 366 1043 acclivi
395 987 624 1050 leviter,
661 991 852 1040 tutum
885 982 1061 1037 simul
1102 984 1180 1037 ab
1213 983 1364 1038 aeris
1397 983 1702 1052 temperie.
1739 981 2118 1037 Securitatem
2150 983 2310 1036 enim
2357 983 2406 1036 ei
2455 989 2759 1052 praestant
2792 985 2964 1041 villae
2997 987 3230 1058 vicique
3270 988 3530 1058 proximi
3562 1005 3576 1054 ;

180 1092 363 1131 aerem
387 1090 529 1130 vero
552 1077 845 1144 temperat
865 1071 1242 1126 emissarium
1270 1071 1465 1140 stagni
1494 1072 1871 1125 exonerantis
1899 1087 1959 1125 se
1987 1070 2046 1124 in
2080 1086 2264 1135 mare,
2297 1076 2352 1124 et
2379 1086 2558 1126 aurae
2581 1088 2894 1144 nunquam
2921 1089 3041 1130 non
3074 1091 3139 1130 ex
3160 1075 3280 1131 alto
3307 1077 3581 1149 aspiran-

179 1170 257 1221 tes
280 1164 548 1229 tenuiter,
568 1163 718 1218 sicut
748 1161 1076 1216 crassiores
1097 1159 1364 1214 feruntur
1393 1176 1422 1212 e
1453 1159 1926 1230 stagno,quibus
1956 1158 2260 1228 permixtis
2291 1165 2833 1231 temperamentum
2860 1164 3052 1219 existit
3088 1163 3579 1221 saluberrimum.

181 1252 478 1308 Domicilia
500 1267 637 1307 vero
668 1265 1080 1306 convenarum
1108 1252 1247 1303 sunt
1277 1248 1608 1303 admodum
1634 1247 1902 1319 frugalia,
1925 1253 2134 1318 parata
2156 1253 2362 1304 contra
2395 1254 2624 1305 aestum
2657 1251 3076 1308 tantummodo
3107 1259 3161 1308 et
3186 1253 3425 1324 frigora,
3458 1270 3582 1311 non

180 1344 448 1412 contigua
481 1342 616 1396 utin
647 1339 919 1407 urbibus,
953 1353 1070 1393 non
1090 1338 1250 1392 enim
1285 1337 1477 1407 placet
1500 1338 1554 1390 id
1582 1336 1925 1391 amantibus
1957 1336 2364 1401 solitudinem,
2397 1354 2502 1392 nec
2533 1344 2733 1395 tamen
2761 1340 2937 1410 longe
2963 1347 3210 1406 remota,
3240 1343 3382 1414 quia
3403 1344 3586 1399 socie-

179 1436 351 1487 tatem
390 1431 664 1500 diligunt,
719 1434 778 1483 ut
838 1427 950 1481 sibi
996 1427 1228 1498 possint
1287 1426 1542 1480 invicem
1587 1441 1930 1480 succurrere
1988 1426 2276 1481 adversus
2333 1426 2636 1483 latronum
2691 1429 2966 1485 incursus
3006 1430 3300 1488 fortuitos.
3359 1433 3584 1502 Singuli

183 1527 374 1576 autem
403 1519 631 1574 habent
657 1533 855 1572 sacras
886 1515 1191 1571 aediculas
1219 1530 1373 1587 quae
1409 1520 1616 1586 σεμνεῑα
1637 1520 1850 1570 vocant
1877 1514 1994 1569 sive
2027 1516 2409 1580 monasteria,
2442 1515 2545 1571 ubi
2579 1517 2820 1573 solitarii
2851 1524 3093 1575 sanctae
3119 1521 3267 1576 vitae
3286 1520 3585 1592 mysteriis

186 1609 325 1665 dant
352 1624 622 1680 operam.
652 1610 764 1661 Nec
796 1605 905 1660 cibi
943 1610 1192 1676 potusve
1224 1604 1551 1674 quicquam
1587 1619 1656 1657 eo
1689 1602 1967 1667 inferunt,
2000 1602 2237 1658 aliudve
2265 1603 2322 1657 in
2359 1621 2537 1659 usum
2570 1607 2858 1677 corporis,
2891 1608 2996 1664 sed
3045 1607 3239 1678 legem
3273 1614 3503 1665 tantum
3533 1614 3590 1664 et

189 1698 614 1769 prophetarum
643 1694 881 1750 oracula
912 1694 1194 1748 divinitus
1236 1693 1472 1763 prodita
1501 1691 1882 1763 hymnosque
1915 1697 1971 1746 et
1999 1692 2301 1762 quaedam
2332 1692 2447 1748 alia
2471 1694 2676 1764 pietati
2708 1695 3108 1769 scientiaeque
3143 1698 3592 1770 promovendae

194 1786 582 1858 utilia.ltaque
596 1790 930 1857 perpetuam
944 1781 1165 1838 habent
1185 1781 1282 1836 Dei
1299 1782 1826 1844 memoriam,utne
1842 1781 1900 1835 in
1917 1781 2143 1835 somnis
2156 1782 2379 1851 quidem
2394 1781 2548 1837 aliud
2565 1783 2647 1837 eis
2663 1784 3202 1857 obversetnrquam
3215 1788 3498 1858 imagines
3513 1787 3599 1842 di-

184 1875 452 1931 vinarum
467 1873 1264 1946 pnlchritudinum.Etsuntin
1280 1872 1372 1926 his
1391 1871 1484 1942 qui
1501 1869 1836 1926 somniando
1850 1869 2438 1941 produntpraeclaras
2456 1887 2663 1926 sacrae
2679 1872 3079 1945 philosophiae
3092 1876 3596 1942 sententias.Quo-

182 1964 419 2020 tidiebis
440 1964 665 2035 precari
690 1963 899 2027 solent,
919 1977 1094 2017 mane
1111 1978 1178 2015 ac
1197 1962 1308 2016 sub
1326 1976 1630 2030 vesperam
1652 1960 1900 2014 :oriente
1921 1959 2045 2013 sole
2062 1964 2325 2029 petentes
2345 1960 2504 2014 diem
2521 1976 2650 2015 vere
2664 1961 2914 2026 felicem,
2932 1968 3111 2035 utque
3135 1971 3361 2020 mentes
3383 1980 3593 2020 eorum

179 2054 408 2109 caelesti
425 2051 987 2125 repleanturlumine
1007 2051 1332 2116 ;occidente
1348 2065 1508 2113 vero,
1524 2054 1582 2102 ut
1596 2050 1788 2104 anima
1803 2049 1860 2101 in
1883 2053 2058 2102 totum
2075 2053 2394 2103 exonerata
2424 2049 2436 2114 Ι
2469 2048 2731 2104 sensibus
2747 2051 3016 2122 moleque
3029 2068 3213 2107 rerum
3235 2052 3592 2108 sensibilium

177 2142 486 2198 veritatem
500 2141 752 2212 vestiget
767 2142 824 2196 in
839 2140 1195 2195 consistorio
1209 2139 1557 2193 domestico.
1575 2137 1828 2192 Medium
1844 2152 1982 2191 vero
1999 2137 2271 2192 matutini
2289 2138 2714 2209 vespertinique
2730 2141 3009 2210 temporis
3024 2141 3398 2197 interstitium
3415 2146 3593 2198 totum

176 2231 543 2287 meditationi
565 2230 859 2285 tribuitur.
884 2231 1188 2282 Versantes
1206 2228 1364 2282 enim
1387 2243 1559 2281 sacra
1574 2227 1877 2281 volumina
1891 2227 2030 2280 dant
2046 2242 2286 2296 operam
2305 2226 2711 2298 philosophiae
2725 2245 2825 2300 per
2843 2244 3050 2284 manus
3071 2236 3346 2302 acceptae
3361 2247 3396 2286 a
3411 2230 3596 2286 maio-

177 2321 360 2385 ribus,
386 2320 720 2374 scrutando
744 2319 868 2372 eius
894 2316 1231 2386 allegorias,
1266 2316 1554 2386 quoniam
1584 2317 1696 2369 sub
1725 2315 1942 2385 apertis
1975 2314 2168 2369 verbis
2200 2314 2380 2370 latere
2407 2316 2656 2371 credunt
2686 2324 2913 2373 secreta
2945 2323 3207 2384 naturae,
3242 2319 3596 2374 coniecturis

172 2409 536 2482 explicanda
558 2405 998 2478 probabilibus.
1023 2404 1248 2460 Habent
1265 2404 1446 2459 etiam
1466 2405 1802 2474 priscorum
1824 2405 2310 2466 commentarios,
2330 2405 2430 2475 qui
2454 2404 2632 2459 huius
2656 2411 2852 2462 sectae
2866 2412 3139 2464 auctores
3160 2407 3352 2464 multa
3374 2423 3594 2464 monu-

171 2507 372 2555 menta
391 2497 767 2568 reliquerunt
792 2493 867 2548 de
883 2493 1180 2562 allegoriis
1197 2493 1512 2560 eiusmodi,
1533 2493 1606 2547 ad
1629 2509 1888 2564 quorum
1904 2493 2296 2548 imitationem
2319 2494 2537 2564 posteri
2551 2510 2612 2549 se
2634 2497 3115 2552 accommodant.
3136 2498 3337 2568 Itaque
3366 2512 3484 2552 non
3498 2511 3593 2552 so-

167 2588 292 2642 lum
324 2583 844 2654 contemplantur,
880 2581 982 2636 sed
1015 2581 1195 2636 etiam
1222 2582 1451 2636 cantica
1481 2582 1862 2653 hymnosque
1895 2582 1952 2636 in
1990 2582 2086 2636 Dei
2125 2581 2366 2637 laudem
2396 2589 2787 2654 componunt,
2820 2586 2986 2641 vario
3018 2591 3343 2641 metrorum
3375 2585 3593 2642 carmi-

166 2692 441 2748 numque
470 2689 688 2744 genere
703 2670 997 2742 rhythmis
1011 2670 1402 2725 concinnatos
1423 2672 1480 2724 in
1503 2672 1909 2740 augustiorem
1923 2687 1992 2726 ac
2007 2670 2347 2739 religiosam
2362 2671 2644 2742 speciem.
2664 2676 2765 2727 Per
2780 2689 2879 2729 sex
2896 2674 3023 2729 dies
3047 2690 3318 2730 seorsum
3335 2675 3594 2747 quisque

166 2767 227 2821 in
247 2768 372 2821 suis
397 2764 514 2820 illis
540 2760 724 2817 modo
743 2760 916 2815 dictis
944 2760 1314 2814 monasteriis
1336 2759 1857 2831 philosophantur,
1883 2775 2003 2815 non
2027 2759 2472 2830 progredientes
2493 2760 2672 2826 foras,
2705 2761 2890 2818 immo
2917 2779 2990 2818 ne
3012 2763 3444 2835 prospicientes
3459 2765 3594 2834 qui-

170 2856 333 2910 dem.
361 2853 634 2923 Septima
655 2866 794 2905 vero
823 2849 1187 2904 conveniunt
1207 2850 1265 2902 in
1283 2854 1519 2903 coetum
1548 2865 1956 2914 communem,
1979 2853 2035 2903 et
2060 2849 2223 2904 iuxta
2244 2850 2451 2904 aetatis
2474 2850 2745 2905 ordinem
2769 2851 3088 2907 considunt
3107 2852 3340 2908 decenti
3361 2851 3594 2915 habitu.

175 2960 397 2999 manus
415 2941 789 2997 continentes
804 2937 916 2993 sub
930 2937 1136 3009 pallio,
1151 2937 1421 2992 dextram
1443 2939 1589 2993 inter
1603 2944 1730 3008 pect
1742 2955 1807 2991 us
1823 2938 2219 3008 barbamque,
2236 2939 2536 2993 sinistram
2551 2938 2855 3009 applicant
2867 2941 3057 2996 lateri.
3075 2943 3222 2996 Tum
3239 2957 3596 3012 progressus

175 3033 237 3086 in
267 3031 539 3086 medium
560 3035 706 3084 natu
734 3028 1034 3082 maximus
1065 3033 1118 3081 et
1148 3025 1502 3095 dogmatnm
1537 3027 1663 3081 eius
1681 3034 1878 3081 sectae
1901 3026 2292 3097 peritissimus
2315 3027 2557 3082 disserit
2578 3028 2741 3083 vultu
2769 3029 2846 3083 ad
2869 3031 3222 3098 gravitatem
3238 3030 3594 3102 composito,

180 3135 330 3174 voce
347 3118 672 3182 moderata,
691 3133 809 3173 non
823 3117 948 3170 sine
979 3131 1199 3184 magna
1219 3114 1553 3185 prudentia,
1571 3132 1740 3169 secus
1765 3131 1946 3185 quam
1977 3120 2240 3170 oratores
2263 3120 2367 3169 aut
2386 3115 2594 3170 aetatis
2620 3122 2860 3172 nostrae
2885 3118 3186 3187 sophistae
3201 3122 3598 3173 ostentatores

182 3209 562 3281 eloquentiae
586 3227 597 3264 :
625 3215 684 3263 ut
703 3207 797 3262 cui
821 3205 1016 3274 magis
1044 3205 1206 3261 cordi
1226 3211 1364 3259 sunt
1390 3205 1716 3276 exquisitae
1741 3205 2068 3260 sententiae
2093 3204 2469 3275 diligensque
2487 3209 2542 3260 et
2565 3210 2843 3262 accurata
2869 3206 3084 3263 harum
3099 3209 3416 3273 enarratio,
3441 3223 3597 3280 quae

178 3314 304 3354 non
338 3298 591 3353 summis
629 3296 845 3351 insidat
871 3294 1143 3362 auribus,
1185 3294 1288 3348 sed
1324 3309 1430 3364 per
1469 3293 1744 3348 auditum
1778 3299 2046 3365 penetret
2079 3294 2140 3348 in
2169 3294 2439 3349 animum
2481 3293 2682 3366 ibique
2720 3295 2967 3351 firmiter
3000 3297 3325 3352 inhaereat.
3369 3296 3598 3368 Reliqui

186 3402 408 3440 omnes
434 3385 762 3440 auscultant
785 3401 886 3455 per
907 3399 1215 3438 summum
1233 3383 1554 3446 silentium,
1581 3387 1941 3438 annutantes
1967 3381 2151 3437 oculis
2175 3388 2402 3438 tantum
2427 3389 2528 3438 aut
2556 3385 2772 3454 capite.
2802 3385 2865 3440 ld
2897 3401 3218 3442 commune
3246 3393 3494 3459 σεμνεῐον,
3536 3386 3598 3441 in

191 3473 365 3544 quod
397 3476 407 3541 |
439 3473 692 3543 septimo
712 3473 802 3527 die
823 3472 1202 3536 conveniunt,
1219 3475 1386 3541 septo
1406 3470 1698 3527 clauditur
1714 3472 1959 3543 duplici,
1977 3472 2268 3543 separatis
2285 3472 2547 3528 virorum
2572 3478 2628 3528 et
2652 3473 2973 3530 mulierum
2994 3475 3283 3533 coetibus.
3301 3477 3448 3533 Nam
3467 3492 3598 3532 mu-

190 3562 371 3617 lieres
385 3577 624 3633 quoque
654 3560 984 3616 auscultant
1006 3577 1078 3616 ex
1098 3576 1282 3625 more,
1312 3559 1602 3615 duntaxat
1628 3577 1786 3632 quae
1813 3561 2142 3616 institutum
2167 3561 2326 3617 idem
2354 3567 2672 3618 sectantur.
2709 3564 2934 3620 Medius
2960 3570 3158 3621 autem
3182 3566 3379 3638 paries
3408 3583 3444 3622 a
3471 3565 3598 3623 solo

185 3652 382 3721 surgit
406 3651 589 3706 tribus
609 3655 932 3723 quatuorve
947 3649 1236 3705 cubitism
1266 3648 1516 3704 modum
1539 3649 1821 3706 loriculae
1845 3672 1856 3715 ;
1883 3651 2191 3722 superiora
2214 3668 2403 3722 usque
2423 3651 2500 3706 ad
2528 3657 2743 3708 tectum
2762 3659 2984 3724 patent.
3016 3655 3178 3710 Unde
3205 3655 3446 3726 gemina
3466 3671 3601 3728 pro-

178 3741 346 3798 venit
379 3741 795 3804 commoditas,
828 3737 1070 3811 etquod
1098 3738 1311 3810 pudori
1332 3738 1608 3794 foeminei
1637 3755 1815 3793 sexus
1843 3739 2191 3804 consulitur,
2225 3741 2466 3811 etquod
2498 3740 2682 3796 verba
2711 3742 2969 3799 doctoris
3000 3744 3402 3800 exaudiuntur
3429 3744 3601 3801 facile

177 3831 420 3904 absque
447 3829 772 3886 obstaculis
798 3844 954 3900 quae
984 3843 1189 3882 vocem
1219 3827 1616 3898 intercipiant.
1645 3829 2096 3899 Temperantiae
2119 3834 2407 3900 tanquam
2438 3829 2831 3887 fundamento
2858 3833 2918 3886 in
2949 3833 3154 3888 anima
3176 3834 3330 3889 iacto
3357 3835 3602 3889 virtutes

173 3928 414 3978 ceteras
435 3923 876 3991 superstruunt.
895 3920 1008 3972 Nec
1035 3916 1234 3971 cibum
1257 3932 1366 3971 nec
1383 3924 1592 3987 potum
1619 3917 1945 3989 quisquam
1960 3917 2141 3972 sumit
2167 3923 2302 3972 ante
2327 3918 2468 3973 solis
2486 3935 2788 3981 occasum.
2805 3921 2970 3992 quod
2989 3922 3314 3991 sapientiae
3337 3922 3603 3978 studium

169 4011 290 4067 luci
323 4009 647 4066 convenire
672 4007 955 4072 iudicent,
992 4005 1247 4062 tenebris
1280 4022 1420 4061 vero
1456 4022 1664 4061 curam
1691 4006 1976 4077 corporis.
2008 4006 2143 4061 ldeo
2175 4013 2329 4062 totos
2355 4007 2481 4062 dies
2508 4008 2695 4077 alteri,
2738 4009 2904 4065 alteri
2933 4025 3072 4065 vero
3098 4011 3377 4080 exiguam
3409 4011 3601 4066 noctis

170 4107 416 4174 partem
449 4099 739 4152 tribuunt.
769 4095 1042 4150 Nonnulli
1069 4111 1139 4150 ex
1169 4095 1258 4149 his
1291 4095 1386 4150 vix
1418 4095 1586 4150 tertio
1617 4111 1861 4166 quoque
1891 4095 1985 4150 die
2014 4095 2236 4150 famem
2269 4096 2550 4162 sentiunt,
2584 4099 2787 4152 attenti
2823 4099 3014 4168 magis
3040 4098 3116 4154 ad
3146 4099 3600 4170 disciplinarum

172 4191 525 4247 scientiam.
554 4189 668 4241 Nec
690 4185 926 4249 desunt,
957 4184 1060 4256 qui
1084 4183 1387 4255 praelaute
1415 4189 1661 4254 accepto
1689 4185 1865 4254 epulo
1894 4184 2224 4254 sapientiae
2249 4185 2487 4255 copiose
2515 4185 2857 4256 praebentis
2885 4202 2996 4242 sua
3013 4186 3249 4258 placita,
3274 4186 3607 4259 perdurant

171 4281 443 4352 duplum
473 4275 598 4330 eius
629 4275 931 4346 temporis,
965 4279 1020 4329 et
1051 4273 1141 4328 vix
1161 4279 1328 4328 sexto
1359 4273 1452 4327 die
1476 4273 1797 4342 degustant
1827 4273 2031 4328 cibum
2056 4273 2482 4334 necessarium,
2514 4275 2732 4328 assueti
2765 4276 2918 4330 sicut
2947 4275 3188 4332 cicadae
3217 4291 3348 4331 rore
3381 4275 3600 4342 vivere,

173 4368 462 4432 canticis,
506 4363 762 4436 opinior,
808 4363 1070 4418 solantes
1099 4363 1383 4418 inediam.
1429 4362 1760 4433 Septimum
1795 4378 1930 4418 vero
1969 4362 2152 4429 diem,
2184 4367 2245 4418 ut
2283 4361 2500 4418 festum
2535 4368 2975 4435 sacratumque,
3017 4365 3244 4420 honore
3283 4365 3608 4435 dignantur

173 4457 410 4515 eximio
440 4472 455 4521 ;
497 4469 618 4526 quo
652 4456 787 4524 post
817 4468 1025 4508 curam
1053 4451 1238 4506 animi
1278 4467 1497 4522 corpus
1527 4467 1771 4524 quoque
1797 4451 2088 4516 reﬁciunt,
2116 4452 2264 4506 sicut
2284 4451 2550 4508 iumento
2575 4452 2910 4508 relaxantes
2937 4453 3207 4509 laborem
3229 4454 3604 4510 continuum.

171 4550 238 4604 In
254 4548 470 4603 cibatu
485 4548 732 4598 utuntur
745 4557 899 4613 pane
915 4540 1168 4611 simplici
1192 4557 1204 4605 ;
1225 4539 1311 4595 sal
1325 4541 1514 4595 vicem
1530 4539 1765 4612 supplet
1782 4540 2016 4595 obsonii
2039 4558 2055 4608 ;
2077 4547 2178 4611 qui
2195 4539 2563 4596 delicatiores
2577 4547 2734 4606 sunt,
2755 4543 3086 4613 hyssopum
3103 4559 3208 4614 pro
3222 4542 3606 4598 condimento

174 4636 506 4694 adiiciunt.
533 4636 740 4688 Potum
762 4630 1061 4686 efﬂuentis
1076 4629 1380 4696 hauriunt,
1406 4631 1663 4684 contenti
1687 4628 1925 4701 placare
1946 4629 2226 4685 dominas
2248 4647 2282 4684 a
2306 4636 2518 4686 natura
2543 4631 2890 4686 mortalibus
2911 4630 3165 4693 additas,
3190 4631 3412 4687 famem
3428 4631 3613 4685 sitim-

178 4742 327 4798 que,
363 4724 599 4793 absque
621 4720 901 4777 omnibus
921 4719 1250 4782 lenociniis,
1282 4718 1534 4773 fruendo
1557 4717 1735 4773 rebus
1759 4720 1883 4772 sine
1909 4719 2131 4789 quibus
2163 4734 2285 4774 non
2306 4718 2438 4774 licet
2459 4719 2674 4774 vivere.
2705 4719 2894 4774 Edunt
2915 4720 3092 4790 igitur
3119 4736 3190 4774 ne
3211 4719 3498 4783 esuriant,
3522 4719 3610 4774 bi-

175 4816 340 4871 bunt
367 4829 445 4868 ne
466 4812 682 4875 sitiant,
699 4811 1066 4865 saturitatem
1091 4808 1362 4864 cavendo
1384 4807 1626 4862 utinimi
1660 4809 1669 4876 Ι
1701 4824 1832 4863 cam
1851 4807 2053 4862 animo
2070 4809 2286 4879 pariter
2304 4824 2372 4862 ac
2398 4807 2650 4879 corpori.
2672 4811 2736 4863 Et
2756 4809 3045 4880 quoniam
3066 4809 3342 4878 tegminis
3366 4823 3611 4880 quoque

171 4905 342 4961 duae
367 4906 512 4958 sunt
529 4900 779 4971 species,
803 4899 983 4953 vestis
1007 4903 1369 4970 tectumque,
1391 4897 1464 4951 de
1484 4896 1733 4951 aedibus
1757 4895 1877 4950 iam
1903 4896 2044 4962 dixi,
2073 4913 2199 4952 esse
2226 4895 2482 4952 incultas
2505 4902 2561 4951 et
2583 4903 3101 4968 extemporaneas,
3125 4897 3312 4954 factas
3339 4899 3415 4953 ad
3437 4913 3612 4969 prae-

173 5001 421 5050 sentem
445 5006 623 5045 usum
650 4987 1090 5043 tantummodo.
1115 4987 1179 5041 In
1203 4993 1363 5042 veste
1386 4991 1586 5041 autem
1609 4985 1819 5041 eadem
1841 4992 2090 5056 apparet
2111 4984 2479 5056 simplicitas,
2505 4985 2582 5041 ad
2604 4987 2894 5041 arcendos
2915 4987 3137 5042 calores
3162 4992 3217 5042 et
3239 4987 3477 5055 frigora,
3503 5000 3613 5057 pro

167 5082 454 5158 pelliceis
478 5094 681 5134 crassa
702 5078 902 5132 tunica
926 5077 984 5130 in
1009 5077 1247 5147 hyeme,
1278 5083 1497 5131 aestate
1522 5092 1659 5131 vero
1679 5075 1907 5130 exomis
1933 5079 2037 5130 aut
2059 5075 2312 5129 interula
2329 5074 2504 5129 linea.
2540 5075 2602 5130 In
2633 5076 2972 5132 universum
2995 5076 3156 5132 enim
3181 5081 3456 5132 exercent
3482 5089 3614 5130 mo-

173 5173 472 5235 destiam,
506 5173 569 5222 ut
589 5166 814 5221 fontem
835 5164 1116 5230 veritatis,
1151 5165 1303 5220 sicut
1332 5180 1362 5219 e
1385 5164 1540 5220 fastu
1566 5164 1946 5219 mendacium
1969 5169 2331 5234 prognatum
2355 5169 2690 5218 autumant.
2721 5163 3025 5220 Proﬂuunt
3054 5166 3213 5221 enim
3236 5181 3266 5220 e
3296 5163 3614 5220 mendacio

171 5263 389 5320 variae
428 5256 730 5313 malorum
778 5254 1041 5324 species;
1076 5259 1283 5309 contra
1325 5270 1396 5308 ex
1424 5254 1662 5308 veritate
1713 5253 1988 5307 omnium
2022 5252 2369 5308 felicitatum
2408 5253 2814 5308 humanarum
2842 5253 3305 5326 divinarumque
3352 5253 3545 5323 copia.
3584 5271 3615 5305 η

179 5351 420 5408 Deinde
444 5344 815 5419 quibusdam
834 5343 1148 5398 interiectis
1174 5344 1323 5398 haec
1345 5345 1426 5398 ait
1455 5360 1466 5397 :
1503 5362 1532 5394 (ι
1561 5343 1666 5399 Ubi
1703 5359 1840 5397 vero
1865 5357 2194 5398 convenere
2222 5342 2523 5396 candidati
2547 5348 2602 5396 et
2625 5341 2761 5397 laeti
2789 5359 2926 5398 cum
2955 5360 3195 5398 summa
3222 5343 3509 5412 gravitate
3540 5341 3618 5397 ad

179 5442 433 5511 signum
450 5436 648 5491 datum
663 5451 698 5489 a
713 5432 987 5504 quopiam
999 5434 1568 5505 ephemereuta—sic
1583 5431 1914 5486 huiusmodi
1931 5431 2236 5486 ministros
2252 5431 2967 5504 nominant—priusquam
2985 5431 3374 5492 discumbant,
3391 5435 3617 5484 stantes

186 5547 312 5588 una
332 5527 495 5584 serie
506 5521 1188 5594 decenter,sublatisque
1202 5521 1277 5578 ad
1292 5521 1523 5578 caelum
1539 5522 1821 5578 manibus
1834 5526 2011 5594 atque
2035 5520 2222 5574 oculis
2238 5538 2250 5582 ;
2267 5519 2358 5582 his
2373 5521 2663 5597 quoniam
2677 5519 3014 5577 didicerunt
3028 5526 3298 5593 spectare
3309 5515 3614 5585 caelestia,

497 5632 738 5687 ΡΑτειοι..
781 5630 882 5686 Gn.
921 5627 1171 5688 XXXIV.

3271 5625 3338 5686 10
