4092 6252
547 268 651 323 .291
1890 261 1990 318 J0.
2034 261 2175 317 PICI
2218 259 2623 316 PRAEFATIO
3804 270 3890 326 292

544 391 655 448 illis
679 395 880 462 utpote
900 388 1259 460 incorruptis
1285 403 1320 441 a
1340 386 1691 442 muneribus
1712 389 1768 441 et
1789 390 2042 458 quaestu
2068 386 2270 442 illicito
2295 403 2308 440 :
2335 391 2676 456 precantur,
2705 390 2766 439 ut
2785 387 2903 440 Deo
2927 385 3160 457 placeat
3181 388 3239 443 id
3261 390 3604 447 convivium.
3632 393 3894 450 Absolutis

545 481 825 553 precibus
849 479 1112 534 seniores
1133 475 1540 540 discumbunt,
1567 491 1636 530 ac
1661 491 1799 531 mox
1823 475 1921 531 alii
1945 493 2049 546 pro
2071 478 2359 545 cuiusque
2380 476 2686 543 dignitate.
2712 477 2825 529 Nec
2853 477 3010 530 enim
3035 477 3296 532 seniores
3319 495 3387 533 ex
3412 480 3578 534 annis
3598 483 3894 547 aestimant,

544 571 650 624 sed
665 567 1054 641 quantumvis
1072 566 1448 636 grandaevos
1467 564 1691 620 habent
1710 581 1814 636 pro
1839 567 2058 636 pueris,
2086 565 2137 619 si
2157 581 2288 620 sero
2307 565 2639 620 institutum
2659 565 2768 619 hoc
2793 565 3089 634 complexi
3111 574 3279 632 sunt;
3304 568 3579 624 honorem
3603 586 3730 625 vero
3754 587 3898 627 sene-

544 659 718 715 ctutis
737 658 1003 713 tribuunt
1021 656 1114 710 his
1136 655 1239 727 qui
1261 661 1649 709 exercuerunt
1672 669 1734 708 se
1757 670 1793 710 a
1814 654 2192 708 iuventutein
2216 654 2327 709 hac
2352 653 2752 724 pulcherrima
2771 653 3094 725 divinaque
3119 663 3284 726 parte
3307 658 3768 728 contemplativae
3788 661 3901 731 phi-

542 746 874 818 losophiae.
894 744 1266 801 Adhibentur
1279 758 1522 798 mensae
1538 742 1834 797 foeminae
1851 758 2116 815 quoque,
2133 758 2285 797 anus
2305 742 2643 814 pleraeque,
2665 742 2764 797 sed
2783 743 3063 812 virgines,
3082 760 3201 800 non
3221 752 3458 801 coactae
3470 747 3750 812 castitatis,
3773 749 3901 803 sicut

544 836 707 907 apud
729 835 987 891 Graecos
1009 832 1313 906 quaedam
1329 831 1720 898 sacriﬁculae,
1737 831 1841 887 sed
1863 839 2073 900 sponte
2099 834 2464 887 continentes
2488 847 2624 902 prae
2647 847 2848 886 amore
2862 833 3212 902 sapientiae,
3236 835 3401 889 cuius
3425 834 3613 890 studio
3635 851 3729 905 per
3745 842 3900 891 totam

541 925 725 980 vitam
752 925 1239 993 contempserunt
1272 919 1606 991 voluptates
1632 921 1918 990 corporis,
1955 920 2239 976 nimirum
2271 921 2527 985 divinae,
2561 935 2683 976 non
2715 921 2998 985 mortalis,
3042 922 3224 990 prolis
3257 923 3528 994 cupidae,
3561 939 3732 994 quam
3759 923 3901 980 solae

543 1015 657 1068 Deo
691 1013 700 1082 |
733 1011 947 1068 charae
974 1010 1212 1064 animae
1234 1025 1306 1064 ex
1331 1009 1544 1078 seipsis
1569 1009 1827 1079 pariunt,
1852 1009 2212 1080 excipientes
2242 1024 2348 1079 pro
2380 1009 2607 1064 semine
2629 1009 3023 1079 intelligibiles
3046 1011 3227 1065 Patris
3251 1013 3467 1076 radios,
3499 1019 3560 1066 ut
3579 1012 3795 1068 decreta
3821 1028 3900 1067 sa-

539 1102 794 1173 pientiae
809 1098 1276 1168 contemplando
1302 1099 1604 1168 percipere
1628 1098 1880 1152 valeant.
1910 1097 2243 1152 Discubitus
2267 1099 2347 1152 ita
2368 1098 2752 1158 distribuitur,
2782 1105 2841 1152 ut
2864 1115 3134 1153 seorsum
3161 1099 3270 1154 viri
3288 1099 3558 1155 dextrum
3584 1100 3744 1164 latus,
3767 1115 3903 1154 seor-

541 1208 676 1246 sum
696 1191 988 1245 foeminae
1003 1187 1305 1242 sinistrum
1330 1192 1582 1242 teneant.
1602 1186 1768 1251 Quod
1791 1187 1835 1240 si
1855 1187 1989 1258 quis
2005 1189 2361 1258 suspicatur,
2385 1187 2739 1241 lectisternia
2753 1188 2856 1241 etsi
2875 1203 2990 1241 non
3009 1205 3137 1240 sum
3149 1195 3382 1258 ptuosa,
3401 1199 3548 1244 certe
3574 1189 3903 1243 molliuscula

540 1280 741 1352 parari
771 1277 1118 1334 hominibus
1141 1277 1414 1345 ingenuis
1437 1283 1491 1330 et
1519 1276 1930 1346 philosophiae
1957 1275 2190 1339 deditis,
2216 1278 2362 1330 sciat
2391 1292 2522 1330 esse
2542 1283 2759 1344 tegetes
2786 1277 2963 1329 rudes
2993 1292 3024 1330 e
3049 1278 3140 1330 vili
3166 1285 3475 1332 contextae
3503 1278 3750 1340 materia,
3777 1277 3903 1330 vide-

537 1369 673 1425 licet
691 1384 721 1423 e
741 1383 973 1439 papyro
995 1365 1302 1433 indigena,
1327 1367 1408 1418 sic
1433 1364 1601 1419 humi
1623 1373 1923 1433 aggestas,
1947 1371 2006 1418 ut
2024 1366 2344 1419 eminendo
2374 1364 2618 1419 fulciant
2640 1364 2895 1419 cubitos.
2922 1367 3243 1420 Remittunt
3261 1370 3420 1421 enim
3448 1365 3741 1436 paululum
3771 1365 3902 1419 illam

539 1457 874 1513 laconicam
902 1454 1250 1524 disciplinae
1281 1453 1587 1519 duritiam,
1619 1468 1858 1523 semper
1887 1459 1942 1507 et
1975 1453 2195 1524 ubique
2229 1454 2551 1523 probantes
2585 1453 2890 1508 liberalem
2921 1454 3341 1520 frugalitatem,
3381 1461 3512 1510 totis
3545 1454 3750 1508 viribus
3773 1469 3904 1507 aver-

543 1546 737 1602 sando
760 1542 1078 1614 voluptatis
1096 1542 1421 1597 illecebras.
1451 1563 1477 1590 »
1508 1545 1568 1595 Et
1597 1541 1777 1612 paulo
1802 1548 1965 1612 post:
2000 1564 2028 1591 α
2048 1544 2260 1596 Vinum
2285 1558 2388 1611 per
2410 1541 2538 1596 illos
2555 1541 2683 1596 dies
2703 1557 2820 1595 non
2843 1543 3181 1612 praebetur,
3205 1544 3309 1597 sed
3335 1560 3494 1614 aqua
3511 1541 3903 1612 limpidissima,

541 1636 750 1691 ceteris
773 1633 1004 1702 frigida,
1037 1631 1233 1686 calida
1259 1647 1392 1686 vero
1411 1631 1502 1685 his
1527 1633 1630 1701 qui
1653 1631 1803 1686 inter
1826 1633 2090 1686 seniores
2115 1637 2440 1686 tractantur
2459 1631 2790 1685 delicatius.
2816 1630 3013 1684 Mensa
3037 1635 3308 1701 pura‘est
3334 1632 3633 1687 acruentis
3661 1628 3903 1699 dapibus.

540 1725 650 1779 Pro
674 1723 806 1778 cibo
823 1722 998 1794 panis
1019 1721 1360 1792 apponitur,
1386 1719 1472 1775 sal
1488 1736 1592 1790 pro
1611 1719 1889 1783 obsonio,
1914 1726 2089 1791 etpro
2116 1721 2501 1774 condimento
2523 1720 2824 1792 hyssopus
2842 1718 2901 1772 in
2921 1719 3303 1774 delicatorum
3331 1722 3600 1790 gratiam.
3625 1720 3907 1789 Operantur

541 1813 700 1869 enim
733 1818 796 1866 ut
823 1811 1162 1865 sacerdotes
1197 1810 1380 1863 sacris
1413 1807 1740 1872 abstemiis,
1771 1813 1892 1863 tota
1922 1810 2109 1863 victus
2140 1808 2368 1863 ratione
2399 1809 2687 1876 castigata
2718 1807 2794 1861 ad
2824 1808 3076 1862 eandem
3111 1809 3531 1880 frugalitatem.
3573 1811 3712 1863 Nam
3738 1807 3905 1860 vinum

539 1900 766 1956 habent
791 1915 896 1970 pro
923 1914 1150 1953 veneno
1166 1896 1447 1952 afferente
1471 1882 1859 1962 dementiam,
1890 1896 2159 1967 opiparis
2180 1905 2376 1952 autem
2401 1896 2673 1950 obsoniis
2691 1896 2857 1949 aiunt
2881 1897 3094 1950 irritari
3109 1899 3674 1969 concupiscentiam,
3691 1894 3909 1949 belluam

537 1987 1014 2044 insaturabilem.
1049 1989 1200 2041 Haec
1233 1991 1372 2040 sunt
1403 1985 1648 2039 exordia
1664 1985 1935 2038 convivii.
1968 2006 1991 2035 υ
2029 1987 2091 2039 Et
2113 1991 2246 2054 post
2279 2001 2471 2055 pauca
2505 1984 2778 2038 subditur
2809 2003 2820 2035 :
2853 2005 2870 2032 ι
2899 1986 3312 2040 Enarrationes
3335 1992 3536 2041 autem
3567 1997 3842 2039 sacrarum
3861 1980 3914 2033 li-

537 2083 803 2134 terarum
830 2082 1104 2131 constant
1125 2091 1196 2130 ex
1225 2074 1542 2142 allegoriis.
1570 2076 1715 2128 Nam
1734 2073 1793 2127 hi
1825 2074 1928 2127 viri
1952 2079 2134 2128 totam
2161 2075 2352 2142 legem
2372 2073 2955 2128 existimanthabere
2979 2075 3257 2130 animalis
3291 2074 3755 2136 similitudinem,
3783 2067 3914 2141 quod

537 2172 860 2237 praecepta
892 2180 1109 2234 corpus
1141 2163 1418 2227 referant,
1450 2164 1719 2216 animam
1748 2177 1883 2216 vero
1907 2164 2233 2217 sententiae
2261 2164 2607 2216 retrusiores
2637 2162 2747 2216 sub
2774 2162 3069 2216 velamine
3101 2165 3428 2218 verborum
3464 2163 3712 2218 abditae.
3735 2161 3790 2214 In
3816 2157 3914 2229 qui-

536 2254 964 2311 busrationalis
990 2252 1718 2320 animaegregieseipsam
1747 2250 2186 2320 contemplatur
2206 2251 2565 2322 tanquamin
2591 2251 2855 2321 speculo,
2875 2253 2986 2305 sub
3009 2252 3101 2306 his
3120 2253 3263 2322 ipsis
3292 2254 3494 2308 verbis
3509 2252 3714 2306 miram
3729 2255 3917 2304 senten-

539 2344 756 2399 tiarum
801 2341 1306 2413 pulchritudinem
1339 2339 1716 2409 conspiciens
1747 2346 1801 2394 et
1842 2340 2146 2411 explicans
2177 2356 2208 2394 e
2246 2340 2368 2411 ﬁgu
2402 2343 2410 2409 Ι
2446 2355 2646 2394 rarum
2685 2340 3027 2407 involucris,
3071 2349 3259 2412 atque
3299 2342 3383 2397 ita
3423 2342 3755 2413 penitiorem
3791 2333 3919 2391 intel-

538 2431 758 2487 lectum
792 2432 851 2485 in
875 2433 1066 2485 lucem
1103 2429 1441 2500 producens
1467 2429 1759 2483 duntaxat
1785 2432 1948 2499 apud
1972 2445 2093 2493 eos,
2127 2429 2230 2500 qui
2264 2445 2366 2499 per
2391 2428 2772 2483 occasionem
2804 2430 3098 2484 admoniti
3135 2432 3334 2485 sciunt
3365 2433 3621 2487 obscura
3650 2445 3716 2483 ex
3740 2422 3920 2498 apertis

539 2520 833 2588 colligere.
865 2520 972 2573 Ubi
1005 2534 1143 2572 vero
1177 2533 1416 2588 praeses
1449 2516 1614 2570 visus
1650 2522 1740 2571 est
1767 2532 1892 2571 rem
1927 2517 2077 2571 bene
2109 2518 2419 2572 tractando
2456 2516 2803 2571 satisfecisse
2832 2518 3179 2573 auditorum
3209 2520 3531 2585 desiderio,
3559 2519 3787 2590 plausus
3809 2527 3918 2585 pro-

539 2608 742 2679 palam
769 2608 961 2661 editur
985 2605 1063 2660 ab
1087 2605 1392 2660 omnibus.
1417 2607 1564 2660 Tum
1587 2605 1678 2659 ille
1701 2621 2025 2675 assurgens
2048 2606 2342 2678 hymnum
2369 2607 2428 2660 in
2451 2605 2689 2660 laudem
2717 2607 2813 2660 Dei
2844 2608 3072 2676 primus
3097 2611 3278 2675 canit,
3304 2617 3630 2665 autrecens
3653 2623 3686 2661 a
3713 2622 3769 2660 se
3793 2617 3920 2657 com—

538 2698 822 2769 positum,
864 2702 967 2750 aut
1022 2695 1410 2764 desumptum
1452 2695 1529 2748 ab
1589 2694 1792 2765 aliquo
1835 2703 2038 2750 vatum
2100 2701 2384 2750 veterum.
2431 2697 2673 2749 Exstant
2713 2696 2870 2749 enim
2913 2695 3091 2750 huius
3159 2699 3400 2765 generis
3441 2695 3705 2753 carmina
3742 2692 3914 2764 prisca,

537 2802 710 2841 versu
774 2787 1057 2850 trimetro,
1090 2789 1145 2839 et
1205 2783 1416 2854 hymni
1445 2799 1580 2838 cum
1643 2783 1765 2837 suis
1805 2785 2153 2838 accentibus
2217 2786 2364 2838 inter
2413 2800 2586 2839 sacra
2647 2785 2900 2839 canendi
2933 2793 3069 2840 ante
3146 2787 3383 2855 altaria,
3419 2787 3511 2842 vel
3577 2802 3611 2841 a
3649 2780 3914 2840 stantibus,

535 2875 630 2930 vel
696 2877 1009 2931 achoreas
1077 2873 1435 2927 ducentibus
1478 2872 1816 2928 moderatas
1886 2873 2060 2927 variis
2126 2871 2380 2926 ﬂexibus
2454 2881 2632 2944 atque
2674 2872 3019 2928 reﬂexibus.
3065 2875 3410 2931 Praesulum
3482 2891 3622 2931 mox
3659 2873 3917 2928 imitantur

538 2964 717 3020 ceteri
783 2962 1016 3019 decenti
1076 2961 1306 3024 ordine,
1369 2961 1652 3016 omnibus
1718 2962 1938 3016 intente
2000 2962 2318 3033 quieteque
2385 2961 2898 3028 auscultantibus,
2969 2969 3398 3034 praeterquam
3463 2967 3523 3020 in
3580 2964 3691 3018 ﬁne
3748 2953 3915 3030 hymni

537 3059 921 3124 extremaque
983 3050 1275 3106 clausula.
1341 3053 1501 3105 Tunc
1557 3049 1716 3104 enim
1781 3050 2037 3104 universi
2095 3066 2301 3105 vocem
2368 3051 2676 3115 extollunt,
2737 3052 2869 3107 sine
2931 3070 3107 3108 sexus
3169 3055 3535 3111 discrimine.
3593 3074 3619 3104 »
3668 3053 3773 3106 Ista
3811 3047 3916 3100 sunt

535 3142 792 3200 Philonis
819 3141 1020 3197 verba.
1053 3142 1215 3206 Quae
1245 3147 1542 3211 quantum
1561 3139 1638 3194 ad
1661 3139 2008 3207 religionem
2035 3140 2421 3195 christianam
2450 3145 2504 3194 et
2534 3140 3005 3196 ecclesiasticum
3028 3143 3205 3198 ordin
3223 3160 3317 3198 em
3348 3144 3588 3208 faciant,
3612 3139 3817 3214 liquido
3842 3133 3915 3188 de-

537 3234 724 3289 clarat
747 3231 1032 3286 Eusebius
1057 3230 1456 3285 Caesariensis
1481 3227 1767 3283 Historiae
1795 3229 2238 3284 Ecclesiasticae
2260 3229 2411 3284 libro
2434 3229 2719 3284 secundo.
2752 3232 2856 3294 Qui
2882 3232 3128 3301 quidem
3155 3233 3372 3288 horum
3407 3236 3720 3308 θεραπευτῶν
3745 3228 3916 3283 ducem

536 3323 796 3379 afﬁrmat
812 3336 943 3375 esse
964 3319 1205 3374 beatum
1229 3320 1485 3373 Marcum
1507 3317 1844 3387 apostolum
1869 3324 1924 3372 et
1945 3317 2397 3387 evangelistam,
2424 3318 2686 3389 primum
2721 3318 3120 3376 Alexandriae
3142 3321 3527 3393 episcopum,
3547 3321 3917 3384 Philonemque

535 3409 970 3466 ecclesiasticae
988 3405 1551 3462 institutionisinitia
1569 3413 1623 3460 et
1647 3405 1940 3474 originem
1961 3407 2327 3478 apostolicae
2351 3413 2527 3479 atque
2542 3409 2718 3462 etiam
2743 3409 3123 3478 evangelicae
3148 3410 3492 3467 traditionis
3507 3413 3696 3466 eidem
3717 3400 3911 3476 Suppli-

531 3515 668 3556 cum
698 3499 850 3554 libro
882 3495 1222 3558 intexuisse,
1257 3494 1342 3549 sic
1371 3495 1668 3550 scribens‘
1703 3511 1715 3548 :
1743 3515 1770 3543 ‹‹
1797 3496 2055 3550 Marcum
2087 3496 2247 3550 hunc
2281 3496 2540 3565 primum
2580 3498 2748 3551 aiunt
2779 3497 2857 3552 ad
2889 3504 3225 3569 Aegyptum
3258 3501 3541 3564 missum,
3576 3493 3906 3566 evangelium

533 3589 672 3653 illic,
701 3587 865 3660 quod
888 3591 944 3642 et
972 3585 1427 3655 conscripserat,
1455 3583 1854 3653 praedicasse,
1885 3584 2267 3656 primumque
2290 3585 2570 3640 ecclesias
2590 3585 2980 3642 Alexandriae
3003 3589 3404 3645 constituisse.
3433 3593 3616 3647 Tanta
3647 3595 3825 3644 autem
3847 3576 3907 3634 ibi

535 3677 903 3734 credentium
920 3679 1184 3730 virorum
1201 3688 1270 3727 ac
1287 3671 1602 3728 mulierum
1619 3673 1935 3727 multitudo
1959 3676 2154 3744 prima
2168 3675 2512 3729 accessione
2528 3691 2630 3746 per
2649 3675 2995 3731 exercitium
3018 3677 3515 3748 philosophicum
3533 3675 3840 3734 admodum
3852 3681 3904 3721 ac

535 3764 1059 3835 diligentissimum
1087 3761 1331 3816 collecta
1361 3766 1468 3825 est,
1510 3766 1570 3815 ut
1599 3764 1875 3817 exercitia
1907 3779 2135 3829 eorum,
2170 3770 2516 3829 conventus,
2552 3765 2884 3836 symposia,
2921 3772 2975 3819 et
3009 3767 3346 3822 universam
3392 3785 3456 3824 re
3488 3771 3499 3838 ι
3531 3767 3749 3838 liquam
3786 3762 3905 3816 vitae

535 3853 1055 3912 conversationem
1093 3851 1254 3906 Philo
1288 3850 1466 3905 literis
1504 3849 1790 3907 mandare
1821 3851 2101 3920 dignatus
2133 3853 2226 3907 sit.
2266 3856 2465 3908 Fertur
2495 3855 2671 3908 etiam
2700 3854 2795 3909 hic
2836 3853 2995 3910 Philo
3024 3858 3243 3912 Romae
3285 3857 3403 3913 sub
3436 3857 3677 3915 Claudio
3702 3852 3771 3910 ad
3808 3846 3904 3904 col-

531 3944 804 4016 loquium
832 3942 976 3998 Petri
1020 3942 1299 3997 Romanis
1333 3945 1456 3993 turn
1497 3939 1899 4010 praedicantis
1943 3942 2189 3994 venisse.
2235 3942 2434 4011 Neque
2468 3941 2579 3996 hoc
2621 3957 2758 3996 vero
2804 3942 3092 3997 dissimile
3123 3952 3228 3998 est.
3275 3943 3754 4001 Commentarius
3777 3935 3903 3993 enim

529 4034 645 4096 ille,
672 4049 853 4104 quem
887 4031 1126 4086 tandem
1156 4029 1232 4084 ab
1259 4045 1329 4085 eo
1361 4028 1794 4099 posterioribus
1825 4029 2193 4100 temporibus
2221 4030 2592 4084 elaboratum
2622 4047 2748 4085 esse
2781 4031 3058 4097 dicimus,
3094 4033 3390 4089 Ecclesiae
3421 4049 3706 4101 canones,
3737 4027 3827 4100 qui
3847 4020 3904 4078 ad

530 4124 680 4180 haec
700 4126 902 4177 nostra
926 4136 1114 4191 usque
1140 4126 1407 4189 tempora
1428 4124 1755 4178 servantur.
1775 4119 2082 4173 manifeste
2107 4120 2383 4172 continet.
2413 4123 2534 4173 lmo
2557 4121 2845 4189 quoniam
2871 4122 3050 4176 vitam
3078 4126 3253 4177 etiam
3275 4123 3691 4192 religiosorum
3713 4121 3906 4174 nostro-

529 4228 667 4268 rum
698 4227 884 4282 quam
913 4210 1036 4264 fieri
1064 4209 1249 4279 potuit
1272 4207 1715 4262 accuratissime
1735 4207 2068 4278 descripsit,
2090 4208 2230 4261 satis
2247 4207 2626 4262 manifestum
2645 4209 3013 4280 relinquitur,
3035 4227 3155 4266 non
3179 4212 3361 4268 modo
3384 4215 3604 4269 vidisse
3627 4225 3756 4266 eum
3777 4206 3906 4260 νήπιος

531 4302 664 4358 illos
689 4299 1050 4371 apostolicos
1079 4298 1169 4352 sui
1201 4296 1484 4367 temporis
1517 4311 1586 4349 ex
1622 4295 1916 4360 Hebraeis,
1954 4301 2014 4350 ut
2044 4312 2184 4350 vero
2210 4296 2402 4351 simile
2434 4303 2538 4361 est,
2571 4298 2888 4369 profectos,
2924 4299 3002 4353 ob
3034 4315 3292 4371 eamque
3323 4317 3573 4357 causam
3611 4301 3904 4372 priscorum

530 4391 710 4446 ritum
734 4388 929 4444 adhuc
943 4401 1107 4442 more
1127 4385 1489 4440 Judaeorum
1510 4383 1917 4448 observantes,
1944 4384 2043 4437 sed
2067 4392 2119 4438 et
2142 4385 2448 4455 probasse,
2473 4386 2827 4457 divinosque
2849 4388 3196 4444 ethonestos
3223 4389 3546 4446 iudicasse.
3576 4392 3716 4446 Cum
3733 4379 3906 4458 primis

533 4485 590 4536 et
620 4480 733 4535 hoc
760 4478 962 4550 liquet,
997 4475 1160 4548 quod
1190 4474 1331 4528 nihil
1367 4473 1516 4528 ultra
1545 4475 1850 4527 veritatem
1893 4473 2133 4528 aliunde
2159 4480 2261 4528 aut
2291 4491 2360 4528 ex
2393 4475 2593 4544 seipso
2621 4475 2731 4540 his,
2768 4493 2921 4546 quae
2951 4478 3207 4533 scribere
3247 4488 3502 4536 conatus
3531 4479 3656 4542 fuit,
3687 4474 3904 4532 adiicere

530 4569 738 4626 volens
764 4568 824 4622 in
851 4583 921 4620 eo
949 4567 1124 4629 libro,
1155 4579 1333 4634 quem
1364 4564 1436 4616 de
1475 4564 1590 4617 vita
1621 4561 2083 4632 contemplativa
2115 4569 2216 4617 aut
2242 4563 2316 4619 de
2347 4565 2730 4634 precantibus
2755 4567 3072 4635 inscripsit,
3103 4567 3358 4623 cultores
3391 4586 3519 4634 eos,
3556 4574 3612 4623 et
3641 4563 3904 4621 mulieres,

527 4673 684 4730 quae
702 4672 839 4710 cum
862 4654 948 4709 eis
972 4659 1159 4716 erant,
1184 4652 1453 4706 cultrices
1477 4651 1673 4705 vocari
1697 4651 1926 4718 dixerit,
1944 4667 2312 4723 causamque
2335 4651 2754 4723 appellationis
2772 4653 2949 4709 huius
2968 4655 3268 4721 adiecerit,
3284 4664 3387 4713 aut
3406 4656 3570 4730 quod
3593 4655 3810 4711 animos
3830 4660 3906 4701 ac.

527 4746 866 4802 cedentium
897 4759 930 4797 a
958 4740 1339 4814 passionibus
1360 4740 1616 4794 malitiae
1636 4740 1824 4794 instar
1846 4741 2213 4795 medicorum
2231 4741 2550 4796 liberantes
2570 4745 2986 4800 curaverintac
3013 4747 3374 4810 sanaverint,
3397 4743 3668 4818 velquod
3687 4737 3905 4797 caeleste

528 4849 754 4890 numen
789 4831 1016 4887 mundo
1046 4829 1207 4884 cultu
1235 4830 1585 4900 sinceraque
1619 4829 1904 4897 religione
1946 4831 2207 4885 venerati
2241 4831 2373 4884 sint.
2421 4833 2546 4886 Sive
2579 4833 2758 4900 igitur
2789 4833 2945 4888 hanc
2975 4834 3088 4888 illis
3123 4835 3589 4907 appellationem
3619 4834 3689 4887 de
3719 4843 3817 4883 suo
3841 4821 3904 4878 0b

529 4922 865 4995 praedictas
894 4936 1109 4974 causas
1139 4919 1444 4988 imposuit,
1476 4933 1817 4988 nomenque
1852 4919 2116 4973 virorum
2148 4920 2391 4973 istorum
2429 4921 2664 4990 proprie
2692 4920 2804 4975 hoc
2837 4929 3011 4992 pacto
3038 4924 3370 4995 descripsit,
3401 4927 3525 4979 sive
3548 4920 3741 4978 statim
3764 4910 3904 4970 initio

527 5028 662 5066 vere
681 5012 761 5065 sic
781 5011 972 5064 vocati
1000 5009 1132 5072 sint,
1154 5024 1291 5061 cum
1315 5007 1713 5061 Christianum
1738 5023 1951 5061 nomen
1974 5007 2454 5079 haudquaquam
2478 5014 2599 5063 tum
2621 5011 2835 5080 quovis
2864 5011 2995 5066 loco
3018 5012 3432 5079 celebraretur,
3457 5028 3578 5068 non
3593 5012 3903 5066 estnecesse

527 5107 590 5157 ut
611 5099 1068 5155 contendamus.
1096 5099 1211 5151 Hoc
1231 5103 1428 5151 tamen
1458 5112 1594 5149 cum
1621 5097 1825 5166 primis
1851 5102 2112 5158 testatur,
2143 5097 2306 5167 quod
2330 5097 2707 5153 facultatibus
2731 5099 2855 5153 suis
2875 5102 3297 5171 renunciarint,
3325 5119 3394 5158 ac
3415 5102 3594 5158 bonis
3617 5097 3692 5154 ad
3713 5110 3768 5150 se
3797 5102 3904 5164 per-

525 5190 849 5246 tinentibus
871 5187 1152 5243 cesserint
1178 5185 1238 5240 hi
1265 5186 1365 5257 qui
1395 5185 1806 5256 phi1030phari
1831 5187 2205 5255 coepissent;
2240 5185 2458 5240 deinde
2480 5194 2536 5241 et
2563 5203 2598 5242 a
2624 5204 2738 5241 cun
2773 5191 2781 5257 |
2817 5190 2922 5243 ctis
2947 5190 3097 5245 vitae
3123 5191 3302 5248 huius
3335 5192 3491 5248 curis
3521 5183 3901 5246 abstinuerint,

523 5279 856 5349 relictisque
883 5279 1066 5332 muris
1094 5275 1150 5329 in
1179 5278 1337 5344 agris
1364 5282 1417 5328 et
1439 5273 1625 5328 hortis
1656 5273 1914 5329 solitarie
1946 5276 2279 5330 conversati
2308 5276 2440 5339 sint,
2466 5282 2623 5330 certo
2645 5280 2894 5333 scientes
2921 5281 3222 5335 consortia
3243 5297 3467 5342 eorum,
3504 5279 3606 5351 qui
3635 5276 3902 5344 disparem

520 5370 926 5442 sequebantur
958 5364 1193 5420 vivendi
1223 5365 1540 5429 rationem,
1567 5363 1794 5419 inutilia
1827 5370 1880 5418 et
1910 5364 2089 5418 noxia
2107 5380 2234 5418 esse
2269 5364 2383 5418 illis
2415 5366 2515 5436 qui
2548 5371 2670 5421 tum
2701 5369 2984 5438 temporis
3008 5368 3143 5435 hoc,
3176 5376 3237 5426 ut
3265 5387 3375 5443 par
3399 5374 3541 5433 erat,
3571 5363 3830 5434 agebant,
3854 5356 3905 5408 ιιι

594 5660 610 5694 ι
639 5653 760 5712 Lib.
794 5671 833 5714 ιι
865 5671 999 5730 cap.
1034 5661 1096 5713 i6
1129 5668 1221 5729 sq.
