4092 6252
181 372 268 430 293
930 367 1026 422 AD
1067 366 1481 424 VERSIONEM
1522 369 1680 426 LAT.
1726 367 1899 424 HOM.
1947 369 2006 425 S.
2051 369 2357 427 MACARII
2398 371 2753 430 AEGYPTII.
3446 389 3552 446 294

185 498 337 556 alacri
364 494 717 567 ferventique
747 493 866 548 ﬁde
908 509 1010 549 eos
1040 494 1414 550 imitarentur
1443 495 1546 566 qui
1588 494 2000 566 propheticam
2031 495 2213 552 vitam
2261 496 2584 554 ducebant.
2619 499 2849 558 Etenim
2879 505 2938 558 et
2961 501 3022 558 in
3049 505 3211 562 Actis
3245 513 3550 581 apostolo-

182 603 295 644 rum
324 589 356 652 ¹,
383 586 448 641 de
474 583 688 658 quibus
723 582 868 638 nihil
907 588 994 637 est
1019 583 1208 649 dubii,
1267 583 1380 639 hoc
1415 590 1799 650 memoratur,
1833 585 1998 655 quod
2029 601 2242 641 omnes
2271 587 2688 658 Apostolorum
2713 590 2991 662 discipuli
3033 598 3442 664 possessiones
3480 619 3550 660 ac

186 675 447 733 facultates
476 689 617 730 suas
666 672 1004 728 divenditas
1031 672 1261 728 cunctis
1298 673 1728 740 distribuerint,
1763 674 1919 732 iuxta
1952 674 2116 746 quod
2169 675 2432 730 cuiusvis
2467 677 3107 749 exigebatnecessitas,
3143 684 3223 742 ita
3253 692 3315 743 ut
3371 706 3551 749 nemo

181 781 383 837 prorsus
408 765 558 819 inter
573 779 676 819 eos
689 765 908 830 egeret.
945 762 1250 833 Quotquot
1266 762 1447 826 enim,
1466 761 1617 817 sicut
1647 762 1778 834 ipsa
1798 763 1979 819 verba
1993 764 2240 832 habent,
2269 779 2648 835 possessores
2667 774 2833 824 erant
2853 785 3137 838 agrorum
3156 781 3258 831 aut
3283 779 3525 838 aedium
3539 824 3554 850 ,

179 853 550 919 vendiderunt,
583 868 650 906 ac
681 850 940 922 pretium
964 849 1388 906 distractorum
1417 851 1718 908 bonorum
1743 851 2056 908 afferentes
2080 853 2158 908 ad
2191 854 2373 924 pedes
2423 855 2845 926 Apostolorum
2878 861 3205 931 ponebant,
3229 865 3308 922 ad
3329 867 3465 934 hoc,
3493 849 3557 928 ut

174 943 389 1012 singulis
413 938 1024 997 secundumcuiusvis
1054 940 1466 996 necessitatem
1499 940 1954 1012 expenderetur.
1997 941 2341 998 Consimilia
2373 942 2496 998 istis
2520 945 2858 1015 praedictus
2886 947 3049 1005 Philo
3081 952 3445 1023 testiﬁcatus,
3476 958 3554 1015 ad

166 1033 382 1088 verbum
406 1029 648 1086 subiicit
677 1028 885 1085 dicens
918 1045 930 1080 :
966 1047 994 1077 (ι
1031 1031 1125 1083 Est
1157 1036 1359 1084 autem
1393 1030 1451 1084 in
1482 1029 1679 1084 multis
1703 1029 1950 1100 quidem
1973 1035 2263 1087 terrarum
2295 1030 2442 1087 locis
2474 1032 2586 1088 hoc
2619 1049 2810 1103 genus
2832 1035 3192 1106 hominum;
3239 1046 3559 1115 oportebat

166 1121 306 1176 enim
331 1119 565 1190 perfecti
592 1118 736 1174 boni
755 1117 1076 1189 participes
1092 1117 1219 1173 ﬁeri
1249 1123 1371 1174 tam
1385 1116 1639 1173 Graecos
1654 1133 1839 1190 quam
1870 1119 2161 1174 Barbaros
2181 1136 2193 1174 :
2211 1135 2422 1176 verum
2437 1120 2496 1176 in
2513 1122 2784 1194 Aegypto
2805 1124 2865 1179 in
2880 1126 3129 1197 singulis
3146 1132 3554 1203 praefecturis,

166 1210 320 1265 sicuti
348 1212 576 1273 vocant,
610 1206 898 1272 abundat,
932 1211 987 1261 et
1003 1206 1262 1262 maxime
1291 1206 1902 1262 circaAlexandriam.
1923 1206 2197 1278 Undique
2228 1214 2427 1264 autem
2454 1211 2720 1280 optimus
2750 1213 3007 1284 quisque
3023 1216 3249 1274 velutin
3271 1223 3552 1292 patriam,

167 1300 241 1354 ita
260 1298 312 1353 in
335 1298 622 1354 cultorum
661 1295 957 1351 coloniam
987 1296 1062 1350 ad
1095 1295 1655 1350 commodissimum
1686 1295 1906 1362 locum,
1933 1297 2037 1367 qui
2091 1296 2247 1352 lacui
2280 1298 2486 1353 Mariae
2510 1299 2569 1352 in
2604 1301 2831 1356 tumulo
2864 1303 3258 1365 submissiore
3301 1311 3555 1380 adiacet,

165 1387 476 1444 admodum
501 1392 837 1458 opportune
858 1390 1097 1456 propter
1125 1386 1509 1440 securitatem
1542 1385 1810 1455 aerisque
1838 1387 2184 1456 temperiem
2217 1403 2346 1441 sese
2377 1387 2604 1458 recipit.
2632 1408 2656 1439 ι
2690 1390 2908 1446 Deinde
2933 1397 2990 1447 et
3032 1393 3425 1456 habitationes
3457 1418 3560 1458 eo-

165 1493 308 1539 rum,
337 1477 542 1548 quales
574 1474 711 1530 illae
742 1473 978 1536 fuerint,
1009 1473 1376 1537 describens,
1411 1474 1484 1527 de
1513 1474 1777 1528 ecclesiis
1808 1474 1937 1528 eius
1967 1474 2226 1543 regionis
2255 1475 2402 1530 haec
2433 1475 2574 1531 dicit
2607 1495 2620 1531 :
2667 1500 2687 1526 ε
2717 1480 2778 1532 In
2812 1479 3062 1549 singulis
3092 1491 3294 1542 autem
3322 1505 3558 1547 sacrum

166 1564 520 1621 domicilium
544 1567 653 1630 est,
677 1561 840 1633 quod
874 1569 1102 1634 σεμνεῑον
1129 1569 1185 1617 et
1207 1563 1617 1618 monasterion
1653 1568 1896 1618 vocatur
1921 1580 1934 1628 ;
1969 1563 2029 1617 in
2057 1579 2174 1634 quo
2216 1570 2549 1630 manentes,
2584 1565 2870 1623 honestae
2894 1585 2963 1625 ac
2993 1578 3236 1630 sanctae
3262 1577 3413 1632 vitae
3435 1595 3564 1651 my-

171 1655 335 1709 steria
347 1653 659 1721 celebrant,
677 1651 925 1707 nihilillo
942 1651 1281 1717 inferentes,
1333 1655 1343 1720 |
1377 1667 1486 1706 nec
1500 1657 1846 1722 potum,uec
1859 1652 2286 1724 cibum,neque
2299 1653 2461 1708 aliud
2492 1654 2826 1726 quidquam
2843 1673 3049 1714 eorum
3068 1677 3226 1733 quae
3247 1665 3326 1720 ad
3350 1681 3562 1740 corpo-

173 1745 248 1798 ris
273 1749 405 1800 sunt
435 1744 926 1798 sustentationem
947 1742 1421 1806 necessaria,sed
1453 1741 1610 1813 leges
1639 1747 1694 1796 et
1725 1742 1962 1797 oracula
1985 1742 2415 1814 prophetarum
2449 1749 2506 1798 et
2526 1743 2788 1815 hymnos
2829 1763 2899 1802 ac
2924 1748 3146 1821 reliqua
3181 1752 3553 1827 huiusmodi,

167 1832 380 1904 quibus
397 1831 640 1888 scientia
663 1836 718 1886 et
738 1831 924 1902 pietas
946 1836 1280 1900 augescunt
1304 1835 1890 1886 etconsummantur.
1918 1851 1944 1882 »
1968 1832 2349 1903 Etaliquanto
2374 1837 2511 1902 post
2533 1832 2714 1888 dicit:
2749 1853 2780 1886 ‹
2801 1837 3008 1892 Totum
3032 1843 3233 1896 autem
3255 1841 3404 1900 illud
3426 1850 3568 1903 tem-

161 1922 317 1994 poris
345 1921 636 1993 spacium,
667 1919 831 1991 quod
860 1935 896 1974 a
943 1919 1206 1975 diluculo
1238 1926 1324 1974 est
1358 1935 1546 1992 usque
1586 1919 1662 1974 ad
1694 1934 2031 1991 vesperam,
2085 1920 2143 1973 in
2177 1921 2520 1976 exercitium
2564 1921 2678 1976 illis
2713 1923 3053 1982 insumitur.
3090 1929 3301 1987 Sacras
3339 1934 3566 2007 quippe

160 2010 753 2082 Scripturaslegeutes
769 2009 1291 2080 philosophantur,
1311 2024 1380 2063 ac
1414 2009 1671 2079 patriam
1700 2008 2144 2080 philosophiam
2177 2009 2490 2078 allegorice
2511 2015 2784 2068 tractant.
2812 2014 3039 2070 Etenim
3063 2025 3375 2088 putantea,
3409 2039 3568 2096 quae

153 2099 210 2153 in
225 2098 539 2154 manifesta
559 2097 1154 2169 suntScripturarum
1175 2097 1567 2167 expositione,
1599 2097 1902 2170 quaedam
1957 2113 2085 2152 esse
2110 2097 2498 2154 absconditae
2523 2104 2770 2156 naturae
2807 2101 3080 2173 symbola
3107 2122 3214 2178 per
3239 2107 3466 2180 ﬁguras
3495 2114 3572 2170 si-

154 2187 444 2258 gniﬁcata.
472 2187 709 2242 Habent
737 2188 1266 2241 etcommentarios
1299 2187 1631 2256 priscorum
1659 2186 1946 2250 virorum,
1971 2187 2230 2258 quicum
2245 2187 2557 2243 haereseos
2589 2189 2858 2260 ipsorum
2903 2192 3086 2249 duces
3117 2203 3334 2264 essent,
3377 2203 3569 2258 multa

150 2277 204 2331 in
237 2276 425 2332 forma
449 2293 657 2332 rerum
687 2275 1001 2344 allegorice
1035 2275 1385 2331 traditarum
1421 2281 1552 2345 post
1580 2291 1640 2329 se
1676 2283 2067 2331 monumenta
2107 2275 2490 2347 reliquerunt,
2537 2277 2759 2348 quibus
2787 2285 3072 2352 tanquam
3107 2285 3446 2360 archetypis
3478 2290 3570 2346 usi

147 2366 434 2437 propositi
456 2366 700 2421 illorum
749 2364 1056 2420 imitantur
1107 2365 1418 2419 rationem.
1470 2382 1496 2417 »
1527 2364 1682 2419 Haec
1714 2365 1889 2433 igitur
1918 2363 2000 2419 ita
2030 2364 2303 2419 videntur
2344 2365 2421 2420 ab
2452 2366 2565 2421 hoc
2605 2368 2728 2423 viro
2759 2368 2936 2434 dicta,
2972 2377 3033 2426 ut
3057 2381 3362 2444 appareat,
3395 2377 3566 2435 illum

149 2469 349 2512 eorum
382 2455 577 2511 fuisse
607 2453 966 2514 auditorem.
993 2455 1096 2524 qui
1119 2469 1323 2508 sacras
1355 2453 1687 2523 Scripturas
1709 2459 2135 2524 exposuerunt.
2172 2455 2317 2508 Vero
2349 2453 2538 2510 simile
2563 2460 2763 2511 autem
2799 2464 2903 2523 est,
2937 2465 3402 2522 commentarios
3434 2467 3568 2524 illos

143 2545 481 2615 priscorum
517 2545 804 2608 virorum,
838 2558 992 2614 quos
1007 2542 1170 2612 apud
1200 2558 1301 2596 eos
1325 2542 1506 2597 fuisse
1534 2541 1693 2606 dicit,
1717 2557 1847 2596 esse
1873 2542 2188 2608 Evangelia
2215 2549 2268 2596 et
2290 2543 2705 2612 Apostolorum
2730 2547 2969 2618 scripta,
2995 2555 3050 2605 et
3081 2554 3379 2621 quasdam
3411 2558 3558 2612 anti-

145 2649 400 2704 quorum
423 2633 862 2705 prophetarum
889 2631 1307 2701 expositiones,
1339 2630 1552 2702 quales
1577 2647 1714 2686 cum
1744 2647 1834 2693 ea,
1876 2647 2032 2702 quae
2073 2631 2149 2686 ad
2184 2631 2479 2687 Hebraeos
2509 2639 2617 2698 est,
2676 2641 2802 2690 tum
2833 2637 2982 2693 aliae
3017 2638 3218 2710 plures
3268 2644 3558 2714 epistolae

145 2722 655 2778 Paulicontinent.
672 2721 937 2791 Denique
951 2725 1007 2774 et
1033 2720 1108 2774 de
1123 2735 1212 2785 eo,
1242 2721 1405 2790 quod
1436 2720 1510 2774 de
1525 2735 1679 2775 novo
1708 2719 1972 2790 psalmos
2002 2721 2472 2792 composuerint,
2507 2721 2758 2778 adhunc
2781 2725 3030 2782 modum
3051 2729 3334 2786 scribitur
3364 2731 3572 2805 Itaque

147 2827 266 2866 non
285 2811 471 2867 modo
503 2810 710 2866 divina
731 2808 1408 2880 contemplantur,sedet
1432 2808 1666 2863 cantica
1692 2814 1748 2862 et
1767 2808 2023 2878 hymnos
2046 2808 2123 2863 ad
2141 2809 2327 2864 Deum
2343 2810 2769 2867 sacratioribus
2784 2815 2981 2869 omnis
2999 2817 3232 2886 generis
3246 2825 3575 2878 metrorum

142 2906 196 2956 et
226 2901 578 2956 carminum
594 2899 887 2970 rhythmis
917 2902 1170 2969 graviter
1200 2901 1624 2952 construunt.»
1651 2900 1708 2951 Et
1735 2897 1851 2952 alia
1876 2897 2124 2968 quidem
2141 2898 2328 2952 multa
2346 2897 2419 2952 de
2451 2898 2580 2964 illis,
2621 2916 2884 2970 quorum
2909 2903 3003 2958 hic
3036 2907 3402 2964 mentionem
3434 2909 3578 2966 faci-

148 3006 312 3053 mus,
343 2990 405 3044 in
436 3005 510 3045 eo
537 2987 690 3044 libro
720 2987 976 3043 disserit.
1009 2987 1225 3042 Verum
1253 2986 1350 3042 illa
1384 2986 1508 3041 visa
1540 2992 1677 3040 sunt
1698 2985 2030 3040 necessario
2062 2986 2402 3054 deligenda,
2437 3001 2541 3057 per
2571 3003 2728 3058 quae
2754 2996 2943 3047 certas
2970 2993 3402 3053 ecclesiasticae
3437 3014 3550 3055 con

152 3079 373 3147 versa]
409 3078 586 3134 tionis
617 3083 786 3134 notas
819 3085 1036 3149 posuit.
1071 3078 1241 3142 Quod
1269 3076 1317 3130 si
1343 3075 1604 3145 cuipiam
1633 3091 1701 3130 ea
1723 3090 1900 3145 quae,
1936 3074 2094 3130 dicta
2126 3081 2284 3141 sunt,
2312 3091 2431 3130 non
2467 3078 2703 3147 proprie
2743 3079 2818 3134 ad
2842 3082 3252 3153 evangelicam
3285 3087 3577 3156 pertinere

152 3167 452 3237 politiam,
481 3166 584 3222 sed
613 3173 668 3222 et
696 3167 824 3222 aliis
857 3173 1091 3238 praeter
1128 3165 1317 3220 dictos
1331 3164 1584 3219 cultores
1610 3164 1881 3234 adaptari
1909 3179 2088 3234 posse
2119 3163 2413 3229 videntur,
2438 3165 2642 3221 credat
2661 3167 2870 3223 saltem
2894 3169 2981 3223 his
3019 3170 3175 3226 illius
3198 3174 3394 3230 verbis
3414 3191 3573 3247 quae

154 3253 570 3320 subiiciemus,
597 3271 668 3310 ex
691 3255 912 3327 quibus
940 3255 1365 3316 indubitatum,
1419 3253 1465 3307 si
1493 3268 1687 3323 aequo
1730 3252 1802 3306 sit
1835 3254 2060 3317 animo,
2092 3251 2205 3306 hac
2249 3252 2324 3306 de
2352 3268 2415 3306 re
2451 3255 2859 3312 testimonium
2902 3261 3241 3330 reportabit.
3278 3264 3372 3320 Sic
3413 3265 3574 3322 enim

151 3343 393 3398 scribit:
425 3361 455 3392 ‹‹
489 3344 918 3398 Continentiam
947 3349 1149 3398 autem
1177 3343 1437 3413 primum
1471 3346 1758 3411 tanquam
1786 3339 2246 3396 fundamentum
2271 3342 2583 3413 quoddam
2609 3345 2666 3399 in
2693 3346 2896 3403 anima
2922 3348 3237 3420 collocant,
3265 3352 3484 3412 deinde
3521 3359 3580 3412 et

160 3429 314 3484 alias
346 3430 593 3486 virtutes
623 3438 1045 3502 superstruunt.
1078 3431 1291 3486 Cibum
1314 3438 1416 3486 aut
1442 3436 1650 3500 potum
1683 3445 1861 3484 nemo
1885 3429 2122 3484 illorum
2148 3437 2283 3486 ante
2299 3433 2440 3487 solis
2457 3449 2742 3490 occasum
2766 3443 3038 3508 usurpat.
3065 3441 3292 3496 Etenim
3310 3443 3578 3511 philoso-

156 3517 347 3590 phiae
378 3518 646 3574 studium
669 3519 820 3586 luce,
849 3522 1107 3593 corporis
1136 3535 1274 3574 vero
1302 3519 1681 3574 necessitates
1711 3519 1970 3574 tenebris
1999 3518 2215 3588 dignas
2238 3536 2369 3575 esse
2389 3522 2656 3578 iudicant
2682 3525 2872 3589 ;unde
2894 3533 2950 3582 et
2972 3526 3133 3584 diem
3153 3528 3255 3595 illi,
3291 3531 3417 3587 istis
3439 3548 3578 3590 vero

153 3607 478 3665 modicam
510 3609 694 3664 noctis
740 3616 966 3680 partem
993 3610 1279 3666 tribuunt.
1347 3607 1620 3663 Nonnulli
1673 3623 1740 3663 ex
1793 3608 1875 3663 eis
1925 3612 2044 3663 toto
2087 3608 2282 3664 triduo
2317 3610 2432 3665 cibi
2494 3627 2614 3666 non
2661 3615 3069 3687 recordentur,
3132 3619 3354 3690 quibus
3385 3621 3582 3678 maius

146 3697 453 3754 scientiae
483 3713 665 3769 quam
694 3699 808 3754 cibi
834 3699 1197 3756 desiderium
1225 3697 1462 3752 insedit.
1496 3695 1772 3752 Nonnulli
1800 3698 1880 3752 ita
1909 3696 2200 3753 laetantur
2230 3715 2300 3753 ac
2330 3699 2703 3757 delectantur
2728 3705 3020 3775 sapientia
3061 3708 3245 3777 pasci.
3277 3725 3433 3782 quae
3458 3709 3558 3766 do-

142 3793 358 3858 gmata
389 3787 674 3859 opulente
702 3787 1470 3858 etabundezsubministrat,
1489 3795 1548 3840 ut
1570 3785 1876 3856 duplicato
1891 3787 2175 3858 temporis
2201 3787 2765 3858 spatioabstineant,
2802 3809 2870 3848 ac
2885 3795 2980 3848 vix
2995 3811 3099 3866 per
3113 3812 3218 3852 sex
3234 3797 3579 3856 diesneces-

143 3879 308 3934 sario
338 3876 485 3933 cibo
524 3881 834 3948 gustantes
853 3880 1188 3933 vescantur.
1225 3896 1248 3926 υ
1284 3875 1440 3932 Haec
1464 3874 1722 3930 Philonis
1747 3875 1928 3930 verba
1946 3874 2101 3929 clare
2129 3881 2186 3930 et
2212 3876 2442 3948 absque
2469 3878 2585 3934 ulla
2607 3881 3078 3938 contradictione
3097 3883 3171 3940 de
3204 3887 3421 3942 nostris
3447 3903 3577 3944 esse

138 3967 303 4022 dicta
333 3970 650 4037 putamus.
685 3967 743 4021 Si
770 3981 912 4021 vero
933 3965 1132 4022 adhuc
1158 3965 1486 4037 quisquam
1504 3961 1819 4019 obﬁrmate
1850 3963 2293 4029 contradixerit,
2328 3966 2416 4021 vel
2440 3969 2523 4022 sic
2553 3969 2662 4024 sibi
2691 3970 3037 4040 persuaderi
3069 3972 3245 4039 sinat,
3287 3983 3352 4030 ut
3378 3977 3586 4033 clario-

136 4056 311 4112 ribus
329 4056 960 4111 demonstrationibus
975 4054 1200 4121 credat,
1224 4069 1376 4125 quas
1399 4069 1518 4108 non
1547 4053 1710 4124 apud
1733 4051 1880 4108 alios
1897 4052 2195 4123 quosdam
2216 4054 2326 4109 nisi
2347 4055 2535 4111 solam
2556 4057 3025 4115 Christianorum
3047 4062 3381 4118 secundum
3400 4066 3586 4120 Evan-

135 4147 365 4215 genum
413 4143 778 4213 religionem
816 4145 1075 4199 invenire
1105 4143 1258 4198 licet.
1308 4142 1457 4197 Dicit
1486 4142 1669 4206 enim,
1695 4141 1860 4212 apud
1899 4157 2021 4206 eos,
2055 4142 2129 4197 de
2156 4143 2381 4213 quibus
2427 4144 2705 4217 loquitur,
2740 4148 3015 4203 mulieres
3042 4165 3284 4223 quoque
3319 4152 3582 4223 reperiri,

129 4250 408 4306 quarum
428 4233 756 4304 pleraeque
773 4233 1152 4303 grandaevae
1181 4232 1436 4300 virgines
1451 4231 1781 4286 castitatem
1803 4246 1922 4286 non
1942 4231 2312 4296 necessitate,
2326 4233 2794 4305 sicutquaedam
2810 4239 3150 4294 sacerdotes
3177 4240 3341 4311 apud
3359 4256 3582 4314 gentes,

131 4325 335 4394 magis
359 4338 564 4396 quam
595 4327 808 4392 sponte
822 4328 1185 4394 suapropter
1210 4320 1400 4376 zelum
1428 4336 1495 4375 ac
1522 4319 1887 4375 desiderium
1918 4320 2245 4390 sapientiae
2270 4322 2634 4389 custodiant,
2668 4325 2839 4380 cuius
2857 4328 3288 4386 commercium
3320 4330 3586 4388 studiose

133 4413 440 4478 colentes,
458 4425 789 4482 corporum
806 4410 1271 4484 voluptates,im[
1297 4409 1625 4465 mortalium
1639 4407 1984 4474 liberorum,
2008 4425 2162 4480 quos
2177 4409 2338 4465 solus
2356 4426 2569 4466 amans
2587 4414 2683 4468 Dei
2699 4415 2937 4470 animus
2952 4431 3021 4471 ex
3045 4433 3104 4472 se
3120 4418 3177 4487 gi
3188 4433 3363 4490 gnere
3375 4425 3586 4492 potest,

131 4519 261 4559 non
294 4499 662 4558 mortalium
687 4499 942 4572 cupidae
959 4508 1372 4572 aspernentur.
1397 4497 1616 4554 Deinde
1641 4498 1994 4553 subsecutus
2027 4499 2248 4553 clarius
2275 4499 2391 4554 ista
2411 4503 2686 4571 exponit:
2723 4520 2752 4553 α
2769 4503 3528 4578 lnterpretationesautem,
3558 4531 3584 4561 ι

130 4591 357 4663 inquit,
399 4610 430 4642 (ι
460 4594 818 4645 sanctarum
846 4589 1283 4661 Scripturarum
1316 4586 1797 4658 allegoricaeillis
1830 4602 1898 4641 ac
1913 4587 2198 4656 figuratae
2235 4593 2393 4643 sunt.
2421 4587 2661 4644 Videtur
2675 4593 2835 4647 enim
2864 4593 3142 4649 virisistis
3159 4595 3590 4669 universalegis

130 4681 457 4751 Scriptura
480 4677 783 4734 animanti
816 4677 1023 4734 similis
1055 4694 1205 4749 esse,
1242 4679 1320 4735 ita
1347 4683 1407 4733 ut
1439 4675 1786 4746 superﬁcies
1818 4675 2159 4739 verborum,
2193 4678 2481 4746 corporis,
2507 4693 2717 4734 sensus
2755 4697 2893 4737 vero
2919 4681 2977 4737 in
2999 4683 3192 4739 verbis
3223 4686 3588 4753 reconditus,

133 4768 394 4824 animae
424 4769 501 4823 sit
525 4766 684 4832 loco,
709 4782 890 4838 quem
915 4769 1184 4839 ipsorum
1216 4766 1425 4836 religio
1457 4765 1800 4837 praecipue,
1830 4766 2006 4836 quasi
2033 4781 2137 4836 per
2170 4766 2480 4837 speculum
2500 4767 2816 4824 nominum
2845 4771 3122 4827 eximiam
3159 4775 3590 4832 sententiarum

127 4856 672 4931 pulchritudinem
705 4856 1069 4912 relucentem
1103 4857 1456 4921 observans,
1485 4853 1876 4924 contemplari
1910 4855 2122 4925 coepit.
2157 4875 2184 4903 »
2215 4854 2365 4919 Quid
2398 4870 2550 4926 opus
2585 4861 2673 4911 est
2708 4858 2835 4913 istis
2869 4859 3149 4926 adiicere,
3178 4863 3489 4933 quomodo
3527 4865 3589 4922 in

125 4963 329 5003 unum
368 4946 755 5015 congregati,
778 4948 1222 5018 separatimque
1254 4945 1356 5001 viri
1387 4961 1455 5000 ac
1474 4945 1794 5015 separatim
1827 4943 2104 4999 mulieres
2135 4945 2468 5000 conversati
2495 4946 2636 5009 sint.
2667 4953 2723 5002 et
2746 4964 2902 5019 quae
2929 4948 3045 5003 illis
3068 4951 3421 5008 exercitiain
3453 4969 3592 5010 con-

127 5041 310 5094 ,ςυοίο
322 5034 604 5101 fuerint;
628 5048 784 5106 quae
801 5035 1135 5091 etiamnum
1153 5034 1318 5105 apud
1346 5050 1454 5089 nos
1477 5033 1717 5100 durant,
1733 5037 1789 5087 et
1811 5033 2128 5104 praecipue
2156 5033 2315 5088 circa
2334 5034 2607 5090 salutaris
2633 5035 2930 5093 Passionis
2955 5037 3170 5094 festum
3189 5039 3349 5097 diem
3372 5041 3432 5098 in
3447 5043 3595 5099 ieiu-

125 5127 246 5182 niis
275 5132 338 5183 et
365 5121 603 5196 vigiliis
650 5123 962 5179 nocturnis
987 5124 1448 5195 divinorumque
1465 5137 1814 5178 sermonum
1846 5123 2100 5177 lectione
2141 5137 2414 5178 exercere
2445 5125 2916 5180 consuevimus?
2943 5129 3104 5191 Quae
3136 5129 3224 5183 vir
3253 5131 3595 5201 praedictus

127 5216 358 5272 eodem
393 5212 620 5276 modo,
654 5227 776 5284 quo
800 5213 966 5283 apud
992 5229 1101 5269 nos
1128 5211 1287 5267 solos
1321 5213 1606 5268 hactenus
1627 5218 1762 5266 sunt
1798 5217 2049 5277 servata,
2079 5211 2397 5279 diligenter
2417 5215 2728 5269 annotavit
2751 5218 3267 5272 etcommentariis
3290 5220 3592 5276 suisinse-

123 5305 268 5372 ruit,
301 5299 685 5377 praesertim
715 5307 1036 5358 nocturnas
1071 5303 1271 5371 magni
1303 5301 1433 5356 festi
1462 5299 1715 5372 vigilias,
1741 5305 1795 5356 et
1821 5301 2035 5356 horum
2050 5300 2351 5365 exercitia,
2377 5317 2514 5356 cum
2533 5301 2778 5372 hymnis
2800 5305 2903 5376 qui
2930 5305 3088 5376 apud
3101 5321 3212 5360 nos
3235 5306 3348 5363 dici
3373 5309 3585 5375 solent,

125 5393 500 5450 describens
539 5406 552 5456 ;
588 5391 966 5461 etquomodo
997 5405 1116 5446 uno
1140 5405 1278 5443 cum
1303 5390 1582 5462 rhythmo
1611 5391 1897 5460 psallente
1915 5389 2124 5461 reliqui
2149 5405 2287 5444 cum
2303 5389 2532 5445 silentio
2565 5392 2969 5449 auscultantes
2994 5400 3321 5451 extremam
3337 5395 3594 5466 hymno-

122 5499 263 5540 rum
296 5487 561 5556 partem
596 5494 715 5536 una
735 5495 874 5535 cum
894 5480 999 5537 illo
1038 5478 1416 5537 concinendo
1447 5480 1766 5536 terminent
1791 5497 1809 5550 ;
1856 5478 2166 5550 quomodo
2198 5478 2378 5534 etiam
2402 5479 2721 5552 praedictis
2752 5480 2965 5538 diebus
2994 5481 3166 5538 humi
3214 5482 3274 5538 in
3307 5484 3588 5554 stragulis

198 5771 216 5804 ί
250 5770 391 5824 Act.
429 5779 516 5832 ιν,
556 5761 624 5818 32
657 5778 792 5836 sqq.
