4092 6252
559 297 669 354 295
1874 338 1877 339 ν
1899 290 1999 347 J0.
2040 288 2175 346 PIC]

2280 288 2624 345 HAEFATIO
3808 292 3896 348 296

549 421 832 485 iacentes,
862 419 1072 475 vinum
1101 417 1163 473 in
1185 417 1553 482 universum,
1578 416 1730 471 sicut
1754 414 1900 487 ipsis
1924 414 2120 470 verbis
2148 412 2405 485 scripsit,
2437 419 2493 468 et
2512 413 2585 468 de
2609 413 3023 469 animantibus
3050 430 3125 469 ne
3152 414 3651 486 gustantquidem,
3673 415 3764 470 sed
3790 416 3897 473 sola

550 512 667 569 illis
690 527 851 581 aqua
867 513 1079 581 potum
1099 508 1402 580 praebeat,
1427 513 1483 561 et
1499 506 1826 562 obsonium
1851 506 1925 560 sit
1951 504 2127 575 panis
2155 519 2292 558 cum
2317 501 2442 557 sale
2463 501 2818 573 ethyssOpo.
2840 504 3148 558 Praeterea
3171 501 3385 570 scribit,
3401 518 3514 574 quo
3536 510 3695 573 pacto
3713 505 3901 573 praesi-

553 601 737 656 deant
756 600 907 653 inter
923 614 1024 653 eos
1045 597 1084 653 ii
1104 596 1324 668 quibus
1338 594 1742 651 ecclesiastica
1755 593 2080 649 commissa
2091 597 2229 647 sunt
2248 592 2599 655 ministeria,
2622 591 2979 646 diaconatus
2998 592 3198 657 etiam,
3243 595 3251 655 1
3292 599 3499 661 etquae
3512 607 3679 661 supra
3690 598 3899 647 cunctos

551 687 1208 758 eminentepiscopatus
1225 683 1682 755 praesidentiae.
1702 681 1875 747 Quod
1892 682 1940 736 si
1955 682 2048 737 cui
2062 679 2427 736 desiderium
2440 679 2733 735 ineritista
2744 685 2949 735 exacte
2975 679 3389 748 cognoscendi,
3408 680 3586 735 discat
3606 694 3670 733 ea
3688 694 3751 733 ex
3770 679 3903 735 dicta

549 777 672 833 iam
687 777 789 831 viri
803 774 979 831 huius
997 773 1267 829 historia.
1285 772 1458 838 Quod
1473 772 1653 842 igitur
1667 770 1827 827 Philo
1845 770 1960 826 illic
1979 771 2053 826 de
2076 768 2287 841 primis
2302 768 2681 837 evangelicae
2694 767 3002 824 doctrinae
3017 769 3414 840 praeconibus
3432 775 3485 823 et
3497 766 3690 823 ritibus
3701 766 3826 822 olim
3840 766 3902 823 ab

566 862 1098 937 Apostolistraditis
1111 862 1416 917 disserens
1429 862 1539 916 ista
1553 860 2068 932 scripserit,cuivis
2081 857 2444 913 manifestum
2458 855 2914 925 est.Singulares
2928 856 3413 913 anachoretarum
3427 858 3568 912 vitas
3580 870 3805 910 summae
3819 872 3906 911 au-

571 954 854 1010 ctoritatis
866 953 925 1007 in
950 951 1205 1007 Ecclesia
1217 950 1321 1006 viri
1338 950 1706 1021 scripserunt
1727 968 1739 1006 :
1766 951 1827 1003 l).
1847 948 2204 1003 Athanasius
2222 946 2657 1001 Alexandrinae
2680 945 2845 1000 urbis
2857 946 3176 1017 episcOpus
3189 963 3259 1001 ac
3273 946 3588 1002 Dorotheus
3607 947 3769 1001 vitam
3785 951 3882 999 An-

548 1042 691 1099 tonii
704 1041 917 1111 Magni,
931 1055 1118 1112 quam
1136 1046 1343 1111 postea
1358 1037 1543 1093 latino
1557 1052 1833 1093 sermone
1848 1036 2091 1091 tradidit
2111 1035 2423 1105 Evagrius;
2446 1038 2507 1090 Ι).
2526 1036 2734 1089 Hieron
2737 1050 2918 1105 ymns
2935 1035 3093 1090 Pauli
3107 1035 3445 1101 heremitae,
3460 1034 3746 1090 Hilarionis
3757 1040 3902 1104 atque

548 1130 756 1189 Malchi
768 1128 988 1200 captivi
1006 1127 1279 1183 monachi
1298 1143 1313 1193 ;
1334 1125 1692 1198 reliquorum
1709 1134 1901 1181 autem
1916 1124 2336 1180 monachorum
2357 1126 2501 1178 vitas
2519 1124 2815 1194 prosecuti
2831 1123 3385 1179 suntTheodoretus
3400 1140 3468 1180 ac
3485 1122 3756 1179 Palladius
3770 1121 3906 1176 iustis

552 1218 981 1281 voluminibus,
1010 1231 1169 1288 quae
1198 1215 1383 1272 latina
1409 1230 1602 1286 nuper
1632 1214 1984 1284 prodierunt
2005 1215 2062 1267 in
2085 1212 2278 1267 lucem
2309 1227 2493 1283 opera
2519 1212 2787 1268 Gentiani
2812 1214 3057 1281 Herveti,
3081 1214 3186 1267 viri
3214 1215 3285 1269 de
3311 1213 3627 1269 christiana
3646 1209 3908 1283 republica

547 1309 704 1364 bene
726 1306 942 1362 meriti.
958 1308 1213 1360 Istorum
1229 1318 1409 1375 porro
1424 1303 1726 1374 colloquia
1743 1303 1789 1357 si
1807 1303 1945 1373 quis
1959 1302 2275 1365 desideret,
2293 1300 2451 1370 legat
2465 1302 2817 1357 Cassianum
2831 1344 2843 1357 .
2856 1309 2923 1356 At
2941 1319 3078 1357 cum
3099 1303 3444 1358 huiusmodi
3458 1301 3717 1357 homines
3730 1315 3817 1370 per
3830 1298 3907 1352 de—

550 1404 710 1452 serta
731 1395 990 1466 respersi
1016 1395 1319 1465 vitamque
1351 1391 1676 1448 solitariam
1702 1399 1963 1461 agentes,
1995 1390 2105 1445 sibi
2127 1390 2421 1445 duntaxat
2443 1391 2727 1461 prodesse
2752 1390 3108 1456 viderentur,
3133 1397 3188 1446 et
3212 1392 3554 1462 religionem
3573 1389 3907 1444 christianum

550 1501 767 1557 parum
783 1498 1156 1555 promovere,
1177 1482 1423 1537 Basilius
1439 1484 1683 1551 Magnus
1706 1482 2029 1536 Caesareae
2044 1478 2455 1548 Cappadociae
2471 1480 2814 1549 episcopus,
2831 1482 2979 1534 utait
2997 1483 3401 1535 Nazianzenus
3415 1481 3472 1534 in
3490 1480 3611 1534 Vita
3630 1476 3816 1540 Basilii,
3832 1476 3909 1529 de-

548 1575 718 1630 duxit
734 1588 836 1628 eos
855 1571 932 1627 ad
949 1573 1217 1626 civitates
1230 1577 1287 1625 et
1304 1570 1551 1641 oppida,
1576 1576 1635 1623 ut
1657 1568 1735 1625 ab
1750 1568 1842 1623 his
1858 1567 2115 1639 populus
2131 1570 2248 1622 Deo
2262 1572 2483 1636 gratam
2501 1568 2733 1622 vivendi
2752 1569 3031 1623 rationem
3055 1585 3124 1623 ac
3146 1569 3362 1624 cultum
3381 1568 3634 1624 divinum
3650 1565 3912 1620 edisceret.

547 1664 751 1735 Itaque
774 1660 1032 1731 Gregorii
1058 1659 1408 1716 Nazianzeni
1437 1659 1618 1713 verba
1645 1658 1723 1729 (a)
1755 1656 2049 1712 subiicere
2071 1671 2194 1711 non
2229 1656 2553 1727 poenitebit
2575 1672 2586 1709 :
2612 1678 2639 1705 ‹‹
2678 1658 2747 1712 Ut
2765 1662 2990 1724 autem,
3020 1679 3047 1708 »
3071 1662 3175 1727 ait,
3203 1678 3232 1710 (ε
3255 1675 3377 1714 non
3403 1658 3597 1713 solum
3617 1654 3739 1718 sibi,
3761 1650 3848 1706 sed
3871 1656 3915 1704 et

547 1752 677 1809 aliis
702 1766 945 1823 quoque
971 1749 1303 1821 proﬁceret,
1328 1749 1558 1819 primus
1573 1746 1870 1803 coenobia
1890 1745 2266 1814 excogitavit,
2290 1747 2590 1817 ritumque
2610 1746 2776 1801 illum
2799 1747 3233 1802 monachorum
3254 1748 3573 1818 antiquum
3597 1748 3761 1815 atque
3780 1754 3915 1808 agre-

545 1845 698 1897 stem
719 1840 797 1895 ad
818 1838 1091 1895 ordinem
1108 1837 1416 1909 quendam
1442 1838 1592 1893 form
1604 1836 1886 1907 ulamque
1914 1834 2184 1904 religioni
2199 1831 2543 1906 propiorem
2567 1834 2819 1889 reduxit.
2837 1837 2981 1891 Cum
2997 1840 3155 1891 enim
3171 1836 3707 1900 animadvertisset,
3719 1826 3916 1899 eos,qui

542 1932 604 1987 in
631 1927 938 1985 communi
957 1929 1093 1992 vita,
1110 1928 1222 1982 hoc
1235 1932 1344 1993 est,
1359 1926 1509 1981 inter
1532 1925 1682 1981 alios
1704 1925 1932 1979 mixtim
1948 1930 2151 1993 agunt,
2170 1940 2268 1978 mo
2314 1925 2324 1993 Ι
2373 1925 2664 1978 nasticam
2689 1924 2823 1978 licet
2842 1925 3271 1981 abstinentiam
3287 1932 3544 1989 servent,
3564 1923 3689 1978 aliis
3710 1918 3917 1990 quidem

545 2020 737 2083 utiles,
766 2017 881 2072 sibi
906 2032 1046 2071 vero
1078 2030 1468 2087 nequaquam
1500 2016 1769 2077 existere,
1799 2029 1938 2068 cum
1967 2014 2027 2066 in
2061 2012 2263 2067 multis
2292 2028 2393 2068 eos
2424 2028 2668 2067 necesse
2698 2015 2770 2068 sit
2802 2014 3024 2069 versari
3060 2013 3232 2069 malis
3264 2031 3425 2086 quae
3456 2017 3603 2068 vitae
3633 2012 3843 2083 quietae
3867 2019 3920 2059 ac

543 2107 721 2178 plane
748 2106 1040 2177 perfectae
1061 2104 1361 2159 contraria
1374 2103 1668 2169 videntur,
1692 2118 1796 2156 eos
1824 2102 2101 2172 vero.qui
2121 2103 2176 2156 in
2203 2102 2526 2157 solitudine
2541 2101 2746 2173 procul
2776 2103 2853 2156 ab
2885 2102 3014 2157 aliis
3042 2109 3247 2175 agunt,
3278 2104 3573 2159 ﬁrmiores
3595 2115 3730 2155 sane
3745 2107 3919 2168 propo-

547 2196 659 2250 sito
674 2195 988 2264 magisque
1004 2196 1120 2248 Deo
1132 2194 1488 2247 coniunctos
1508 2206 1693 2262 quam
1710 2189 2088 2261 supradictas
2101 2191 2261 2256 vidit,
2278 2197 2542 2245 attamen
2562 2190 2671 2245 sibi
2700 2196 2929 2245 tantum
2958 2190 3145 2257 utiles,
3174 2209 3313 2247 cum
3330 2209 3529 2248 rerum
3545 2184 3921 2262 experientiam

543 2298 935 2355 nequaquam
959 2287 1215 2346 teneant,
1237 2295 1346 2335 nec
1368 2295 1506 2334 cum
1534 2279 1664 2335 aliis
1695 2278 2126 2334 commercium
2152 2279 2334 2333 ullum
2354 2279 2637 2343 habeant,
2661 2283 2979 2350 utrumque
3004 2281 3155 2335 vitae
3181 2296 3376 2349 genus
3406 2282 3757 2347 coniungere
3775 2286 3923 2330 cona-

548 2375 647 2428 tus
676 2378 779 2425 est.
807 2369 1208 2436 Quamobrem
1232 2368 1673 2423 monachorum
1697 2368 1990 2423 coenobia
2009 2367 2171 2421 haud
2194 2369 2399 2438 procul
2421 2368 2499 2422 ab
2521 2368 2610 2434 iis,
2640 2371 2741 2439 qui
2769 2369 2825 2422 in
2858 2371 3173 2424 hominum
3200 2372 3489 2426 societate
3513 2369 3729 2431 vivunt,
3753 2360 3924 2419 aediﬁ-

542 2461 665 2516 cari
682 2460 872 2524 iussit,
892 2476 1002 2514 nec
1019 2459 1267 2514 omnino
1286 2458 1607 2529 separavit,
1634 2463 1695 2512 ut
1716 2462 1774 2512 et
1792 2458 2257 2528 pr0pinquitate,
2277 2473 2414 2511 cum
2432 2473 2584 2528 opus
2603 2457 2904 2512 charitatis
2927 2465 3294 2529 exposceret,
3316 2462 3530 2515 adesse
3549 2457 3815 2519 valerent,
3835 2451 3927 2505 dis-

542 2549 633 2604 siti
656 2548 884 2619 alioqui
909 2547 1167 2619 propriis
1196 2546 1482 2612 terminis,
1512 2562 1585 2601 ne
1609 2547 1782 2617 quies
1813 2561 2020 2600 eorum
2048 2552 2151 2599 aut
2181 2560 2297 2616 pax
2322 2546 2675 2615 interrumpi
2710 2560 2814 2616 per
2837 2546 3280 2603 multitudinem
3304 2554 3531 2620 posset,
3560 2562 3664 2602 nec
3692 2544 3796 2615 ipsi
3824 2554 3923 2595 mo-

544 2637 722 2693 nachi
748 2636 997 2692 actionis
1014 2636 1248 2705 merito,
1272 2636 1436 2707 quod
1463 2653 1536 2692 ex
1563 2633 1970 2706 impendenda
1985 2634 2113 2688 aliis
2134 2634 2347 2703 pietate
2369 2642 2547 2697 esset,
2573 2637 2968 2704 privarentur,
3000 2651 3192 2707 neque
3217 2652 3429 2693 rursus
3450 2652 3659 2692 eorum
3685 2634 3824 2688 actio
3847 2640 3928 2699 per

545 2724 838 2782 tumultus
869 2724 1089 2779 inutilis
1111 2724 1466 2788 efﬁceretur,
1489 2730 1545 2779 et
1568 2723 1717 2778 alter
1734 2723 1984 2777 alterum
2008 2723 2121 2777 hoc
2148 2723 2330 2777 modo
2358 2722 2563 2778 iuvare
2584 2728 2805 2793 posset,
2834 2729 2891 2778 et
2919 2724 3358 2781 monachorum
3386 2728 3509 2782 vita
3532 2741 3635 2796 per
3659 2732 3929 2777 conversa-

542 2815 769 2870 tionem
796 2829 1026 2878 eorum,
1054 2814 1159 2885 qui
1188 2814 1250 2868 in
1273 2813 1580 2869 communi
1602 2818 1809 2880 agunt,
1840 2810 1937 2882 pia
1963 2812 2150 2875 fieret,
2175 2815 2233 2865 et
2261 2813 2378 2882 ipsi
2401 2828 2473 2867 ex
2496 2812 2811 2867 monachis
2834 2813 3116 2883 quietem,
3134 2817 3568 2879 constantiam,
3592 2809 3926 2883 sapientiam,

542 2902 1096 2975 contemplationem
1120 2902 1469 2965 ediscerent,
1487 2900 1979 2972 quemadmodum
1998 2900 2165 2954 tellus
2183 2916 2252 2954 ac
2272 2907 2492 2971 pontus
2506 2901 2751 2955 invicem
2769 2917 2832 2955 se
2850 2902 3054 2956 iuvant
3068 2917 3138 2957 ac
3153 2902 3524 2975 suscipiunt.
3550 2923 3573 2953 υ
3593 2904 3702 2957 Hos
3715 2892 3926 2967 ergoubi

539 2993 835 3063 coegisset
860 2991 1110 3048 Basilius
1140 2991 1199 3045 in
1229 2991 1425 3056 urbes,
1459 3005 1529 3045 ac
1556 2989 1908 3044 emonachis
1924 2994 1979 3042 et
1995 2987 2377 3043 anachoretis
2399 2990 2747 3044 coenobitas
2764 2988 3074 3055 effecisset,
3092 2991 3330 3047 vivendi
3360 2992 3639 3062 regulam
3658 2982 3929 3054 Evangelio

538 3086 1007 3138 consentaneam
1028 3080 1141 3136 illis
1163 3077 1534 3151 conscripsit,
1559 3093 1744 3150 quam
1763 3084 1817 3132 et
1844 3077 1903 3131 in
1920 3077 2118 3148 precio
2140 3076 2464 3155 habemus,
2491 3085 2545 3132 et
2566 3081 2744 3132 totius
2767 3079 3045 3133 Graeciae
3067 3081 3352 3135 monachi
3379 3082 3672 3137 hactenus
3693 3076 3930 3133 observa-

537 3177 679 3226 runt
693 3176 874 3242 atque
892 3169 1124 3225 reveriti
1139 3175 1293 3230 sunt,
1317 3165 1842 3238 quemadmodum
1863 3171 1919 3220 et
1944 3165 2129 3220 Latini
2147 3165 2605 3235 sumptaminde
2618 3167 2889 3234 regulam
2911 3166 3227 3223 beatorum
3252 3168 3628 3243 Hieronymi,
3645 3158 3930 3238 Augustini,

540 3259 855 3326 Benedicti,
888 3258 1196 3321 Dominici,
1232 3256 1554 3320 Francisci,
1588 3254 1890 3320 Bernardi,
1920 3270 1990 3309 ac
2019 3254 2409 3325 reliquorum.
2438 3257 2710 3311 Ceterum
2741 3270 2815 3310 ne
2842 3254 3023 3311 variis
3042 3255 3514 3326 allegationibus
3542 3261 3765 3314 obruen
3808 3256 3821 3321 Ι
3860 3254 3931 3303 tes

538 3347 774 3403 lectoris
803 3347 1077 3401 animum
1107 3343 1393 3416 epistolae
1418 3343 1671 3399 modum
1700 3342 2088 3409 excedamus,
2121 3343 2490 3415 institutique
2522 3344 2708 3398 nostri
2736 3344 3052 3400 videamur
3081 3345 3263 3411 obliti,
3294 3346 3455 3404 duos
3483 3347 3663 3403 fuisse
3687 3338 3931 3403 Macarios

541 3440 828 3491 testantur
852 3433 1151 3490 Palladius
1180 3448 1249 3488 ac
1274 3431 1755 3503 Nicephorus(b),
1779 3431 2030 3487 alterum
2049 3431 2520 3487 Alexandrinum
2541 3448 2777 3502 genere,
2802 3434 2904 3505 qui
2930 3432 3067 3489 licet
3086 3433 3283 3490 iunior
3306 3435 3368 3490 in
3400 3438 3496 3503 iis,
3513 3452 3671 3510 quae
3688 3440 3934 3489 suntmo-

537 3524 871 3581 nachorum
885 3521 1468 3595 praecipua,primas
1482 3520 2070 3584 obtinebat,alterum
2083 3520 2666 3591 Aegyptium,aetate
2679 3522 3193 3595 grandiorem,qui
3208 3524 3318 3580 has
3333 3524 3502 3597 ipsas
3517 3540 3729 3596 graece
3740 3516 3935 3591 scripsit

532 3612 1008 3684 Homilias,quas
1031 3611 1357 3666 inlatinum
1384 3626 1723 3666 sermonem
1752 3608 2185 3664 transtulimus.
2213 3609 2312 3665 Hic
2330 3612 2658 3683 nonaginta
2677 3612 2812 3666 vixit
2832 3627 3027 3667 annos
3054 3612 3337 3682 integros,
3360 3631 3632 3688 quorum
3658 3608 3935 3681 sexaginta

539 3702 831 3771 transegit
857 3702 917 3756 in
945 3699 1289 3757 solitudine.
1323 3702 1525 3771 Itaque
1560 3702 1736 3754 natus
1766 3713 1959 3753 annos
1984 3697 2243 3769 triginta,
2277 3704 2331 3754 et
2359 3699 2418 3753 in
2446 3700 2691 3754 iuvenili
2720 3702 3075 3757 constitutus
3102 3708 3312 3770 aetate,
3337 3712 3469 3760 tam
3500 3705 3809 3763 toleranter
3832 3694 3934 3754 tulit

532 3792 768 3848 labores
782 3789 1217 3846 exercitationis
1245 3792 1435 3843 totum
1457 3787 1837 3850 decennium,
1857 3793 1918 3841 ut
1951 3803 2173 3857 magna
2192 3788 2460 3860 quadam
2478 3796 2533 3843 et
2554 3790 2770 3858 insigni
2789 3790 3008 3859 dignus
3030 3791 3351 3848 haberetur
3370 3794 3780 3857 distinctione,
3808 3788 3930 3846 adeo

539 3886 603 3936 ut
635 3887 943 3936 vocaretur
973 3874 1415 3953 παιδαριογέρων,
1454 3876 1516 3931 id
1548 3882 1655 3940 est,
1689 3877 1751 3931 in
1790 3874 2003 3947 puerili
2036 3883 2226 3932 aetate
2267 3893 2472 3942 senex,
2505 3878 2797 3948 quoniam
2838 3878 3010 3933 citius
3039 3895 3226 3951 quam
3253 3897 3362 3952 pro
3396 3890 3597 3939 aetate
3638 3875 3933 3955 profecerat

535 3969 874 4027 virtutibus.
896 3968 1505 4037 Quadragintaannos
1528 3972 1701 4021 natus
1721 3971 2077 4037 potestatem
2095 3966 2325 4037 accepit
2345 3967 2420 4022 ad
2432 3982 2634 4021 versus
2660 3966 3014 4034 daemonas,
3039 3970 3292 4039 gratiam
3316 3970 3461 4028 item
3490 3971 3768 4038 curandi,
3792 3962 3935 4039 spiri-

540 4066 786 4129 tumque
818 4055 1201 4129 praedicendi
1234 4057 1450 4110 futura.
1486 4054 1714 4124 Dignus
1745 4070 1988 4127 quoque
2016 4063 2100 4109 est
2132 4055 2377 4110 habitus
2407 4055 2765 4111 honorando
2796 4057 3150 4113 sacerdotio.
3179 4059 3541 4117 Habitarunt
3572 4078 3711 4117 cum
3742 4075 3808 4115 eo
3836 4055 3933 4111 duo

536 4147 810 4219 discipuli
838 4148 896 4202 in
928 4146 1142 4202 intima
1171 4144 1492 4201 solitudine
1512 4160 1668 4216 quae
1700 4151 1945 4199 vocatur
1976 4146 2158 4200 Scete.
2193 4145 2457 4208 Quorum
2489 4159 2643 4198 unus
2674 4144 2941 4216 quidem,
2978 4147 3134 4202 velut
3162 4147 3454 4214 minister,
3490 4150 3576 4206 illi
3604 4162 3833 4221 semper
3860 4158 3936 4198 as-

533 4236 766 4291 sidebat
789 4250 999 4291 eorum
1029 4234 1221 4305 gratia
1246 4233 1351 4305 qui
1374 4234 1691 4288 veniebant
1716 4231 1989 4300 curandi,
2016 4232 2165 4287 alter
2194 4238 2393 4288 autem
2424 4249 2697 4288 seorsum
2725 4234 3041 4290 secedebat
3066 4236 3127 4290 in
3153 4235 3386 4292 cellam.
3419 4240 3783 4295 Procedente
3811 4245 3928 4289 vero

537 4332 806 4396 tempore
838 4341 976 4380 cum
1001 4330 1243 4378 sanctus
1269 4321 1602 4395 perspicaci
1624 4320 1801 4377 oculo
1833 4321 2243 4392 praevidisset,
2262 4321 2408 4376 dixit
2427 4322 2696 4377 ministro
2716 4340 2825 4378 suo
2839 4326 3082 4379 nomine
3113 4326 3344 4395 Joanni,
3372 4329 3481 4399 qui
3516 4332 3732 4400 postea
3762 4326 3932 4381 factus

534 4414 847 4486 presbyter
872 4412 1161 4469 suffectus
1173 4412 1549 4467 estinlocum
1576 4409 1811 4468 Macarii
1834 4410 2035 4478 :Audi,
2068 4410 2146 4463 mi
2169 4410 2350 4466 frater
2373 4411 2657 4476 Joannes,
2685 4427 3004 4485 meamque
3030 4413 3112 4469 fer
3137 4429 3333 4486 aequo
3350 4416 3566 4473 animo
3594 4411 3934 4474 admonitio-

533 4519 673 4561 nem
702 4502 807 4559 tibi
840 4502 1010 4559 valde
1042 4502 1436 4573 profuturam.
1468 4500 1731 4556 Tentaris
1763 4498 1942 4563 enim,
1978 4497 2190 4571 inquit,
2217 4506 2271 4554 et
2311 4505 2364 4555 te
2396 4506 2577 4555 tentat
2612 4500 2852 4572 spiritus
2893 4504 3205 4569 avaritiae;
3239 4503 3323 4559 sic
3349 4505 3517 4561 enim
3548 4506 3931 4579 perspectum.

532 4594 731 4649 habeo
758 4608 773 4659 ;
806 4592 928 4648 scio
962 4600 1180 4653 tamen,
1214 4589 1267 4644 si
1299 4605 1497 4644 meam
1525 4590 1782 4659 benigne
1810 4587 2011 4643 tuleris
2042 4588 2543 4653 adhortationem,
2577 4597 2627 4644 te
2650 4590 2981 4661 perfectum
3011 4590 3134 4648 fore
3157 4593 3215 4648 in
3240 4594 3337 4649 Dei
3370 4597 3589 4651 timore
3620 4603 3799 4667 atque
3823 4588 3932 4646 eius

533 4681 1287 4755 opere,laudaberisque,et
1326 4680 1334 4748 |
1376 4677 1667 4748 ﬂagellum
1687 4694 1794 4732 non
1814 4678 2320 4749 appropinquabit
2340 4680 2719 4734 tabernaculo
2737 4686 2855 4735 tuo.
2874 4681 3043 4745 Quod
3062 4682 3111 4736 si
3127 4698 3238 4737 non
3256 4684 3539 4749 audieris,
3556 4687 3614 4740 in
3638 4692 3690 4739 te
3707 4681 3931 4741 venient,

530 4787 689 4844 quae
710 4771 860 4825 Giezi
877 4769 1112 4825 tandem
1133 4768 1492 4832 acciderunt,
1517 4769 1686 4821 cuius
1706 4768 1841 4821 vitio
1861 4767 2118 4822 laboras.
2141 4767 2393 4835 Contigit
2420 4767 2619 4837 porro,
2647 4776 2704 4822 ut
2727 4767 3007 4825 defuncto
3029 4772 3281 4827 Macario
3304 4788 3424 4828 non
3444 4774 3741 4845 paruerit,
3757 4770 3856 4826 sed
3871 4767 3934 4833 ei,

531 4861 636 4932 qui
666 4864 908 4931 propter
936 4858 1252 4914 avaritiam
1275 4856 1539 4925 alligavit
1566 4854 1749 4911 Judae
1778 4854 2085 4926 laqueum.
2122 4853 2345 4926 Elapsis
2380 4858 2579 4926 itaque
2619 4857 2963 4928 quindecim
2995 4865 3097 4915 aut
3132 4861 3333 4931 viginti
3363 4862 3572 4929 annis,
3616 4878 3759 4918 cum
3784 4859 3935 4914 bona

531 4964 872 5022 pauperum
903 4952 1269 5017 usurpasset,
1306 4952 1421 5001 tam
1457 4943 1624 5014 gravi
1653 4943 1950 5000 laboravit
1992 4944 2353 5015 elephantia,
2391 4950 2452 5000 ut
2481 4946 2541 4998 in
2576 4951 2695 5001 toto
2726 4948 2852 5001 eius
2883 4964 3132 5019 corpore
3165 4966 3287 5006 non
3317 4951 3700 5008 inveniretur
3728 4950 3939 5015 integer

524 5038 717 5103 locus,
747 5038 806 5091 in
831 5053 952 5108 quo
973 5036 1107 5106 quis
1130 5033 1382 5104 digitum
1408 5033 1587 5102 ﬁgere
1613 5040 1827 5104 posset.
1851 5035 2002 5089 Haec
2019 5033 2129 5087 fuit
2150 5034 2383 5090 Macarii
2408 5034 2741 5106 prophetia.
2769 5036 3085 5093 Ferebatur
3105 5039 3200 5093 hic
3228 5046 3470 5096 sanctus
3502 5041 3631 5111 pati
3646 5037 3939 5096 continen-

529 5133 647 5182 tem
676 5124 955 5193 ecstasin,
988 5124 1349 5194 saepiusque
1378 5121 1466 5177 vel
1494 5138 1632 5177 cum
1661 5122 1799 5185 Deo,
1837 5122 1925 5177 vel
1956 5121 2017 5176 in
2048 5123 2226 5177 rebus
2260 5124 2480 5179 versari
2512 5124 2891 5181 caelestibus.
2928 5128 3109 5183 Fama
3156 5130 3335 5184 etiam
3384 5128 3685 5186 constans
3714 5129 3855 5191 erat,
3884 5122 3939 5178 in

527 5214 846 5272 solitudine
875 5214 1044 5268 illum
1071 5221 1387 5267 suscitasse
1413 5215 1738 5277 mortuum,
1764 5216 1824 5265 ut
1853 5211 2235 5282 persuaderet
2262 5212 2505 5268 cuidam
2531 5212 2826 5270 haeretico
2853 5219 3095 5287 neganti
3122 5219 3647 5276 resurrectionem.
3677 5216 3935 5287 Reliqua.

2104 5408 2362 5466 NOTAE.

603 5610 689 5684 (a)
721 5608 1122 5684 Exmonodia
1147 5610 1317 5684 Greg.
1346 5600 1699 5684 Nazianzeni
1727 5602 1788 5665 in
1818 5597 2260 5684 vitamrBasilii.
2350 5680 2358 5684 Α
2478 5673 2508 5684 η
2583 5672 2593 5684 ι

598 5672 681 5764 (ὁ)
713 5682 936 5742 Pallad.
966 5682 1027 5739 in
1059 5672 1310 5739 Historia
1335 5683 1575 5737 Patrum
1606 5696 1737 5754 cap.
1776 5686 1859 5750 t9,
1888 5685 1993 5749 20;
2022 5682 2265 5756 Niceph.
2298 5680 2438 5742 Hist.
2470 5672 2619 5740 Eccl.
2651 5672 2754 5739 lib.
2780 5689 2839 5738 tx
2868 5690 3000 5755 cap.
3034 5678 3119 5739 14.
