4092 6252
219 300 327 353 Ξ9Ἱ
1032 292 1125 347 AD
1169 292 1586 349 VEBSIONEM
1626 293 1782 348 LAT.
1830 293 2003 349 HOM.
2046 296 2105 350 S.
2150 296 2455 353 MACARII
2499 296 2859 354 AEGYPTII.
3538 298 3645 355 298

226 436 385 494 quae
402 419 596 475 divino
622 416 917 472 beneﬁcio
939 419 1106 487 gesta
1121 421 1256 472 sunt
1285 415 1362 471 ab
1385 432 1476 481 eo,
1499 418 1757 488 petenda
1783 423 1922 474 sunt
1948 434 1978 473 e
2006 419 2297 477 Palladio.
2326 422 2575 494 Spiritus
2590 423 2770 493 igitur
2787 422 3047 488 divinus,
3065 424 3169 496 qui
3184 422 3422 492 vigebat
3442 423 3500 480 in
3520 425 3647 481 Ma-

232 510 390 567 cario
412 511 630 572 nostro,
655 520 778 561 non
810 506 1001 576 potuit
1025 506 1252 560 otiosus
1284 520 1437 568 esse,
1463 506 1609 576 quin
1639 522 1745 577 per
1766 522 1901 561 eum
1929 507 2186 564 fructum
2216 510 2479 583 aliquem
2506 512 2727 575 ederet,
2754 511 3066 584 effecitque
3085 517 3147 567 ut
3173 513 3275 584 qui
3301 514 3646 569 consodali-

229 601 341 656 bus
368 598 657 653 duntaxat
687 594 1005 650 monachis
1026 593 1298 664 exemplo
1331 594 1629 662 proderat,
1658 597 1888 667 scriptis
1910 596 1985 651 ad
2008 601 2665 668 posterostransmissis
2693 601 2977 655 omnibus
3000 601 3329 671 prodesset.
3362 604 3399 656 E
3419 602 3642 674 quibus

228 686 659 762 quinquaginta
681 683 880 740 solum
901 682 1180 738 homilias
1199 699 1409 754 graece
1438 685 1686 755 scriptas
1708 686 2050 755 accepimus
2072 702 2102 740 e
2133 687 2492 744 Bibliotheca
2507 690 2708 758 Regia.
2735 692 2891 754 Quas
2922 706 3059 745 cum
3084 691 3344 758 legentes
3368 690 3640 746 animad-

225 783 583 832 verteremus
604 790 724 829 non
742 778 975 827 tantum
994 771 1305 827 monachis
1320 776 1378 825 et
1395 771 1762 840 religionem,
1782 774 1942 845 quod
1964 774 2152 838 aiunt,
2170 777 2603 846 proﬁtentibus,
2622 780 2723 833 sed
2738 779 3079 850 cuicunque
3102 778 3425 834 christiano
3438 780 3641 834 lectori

218 865 718 939 profuturas,tum
732 860 898 934 quod
910 858 1197 916 afﬂictum
1215 876 1284 915 ac
1304 868 1664 915 moerentem
1688 861 1860 916 valde
1875 861 2144 917 solantur
2156 867 2449 933 animum,
2465 882 2774 939 eumquea
2788 867 2964 935 nugis
2980 866 3251 922 futilibus
3264 867 3444 922 huius
3468 882 3639 922 mun-

215 956 273 1011 di
292 954 622 1010 traducunt
640 951 717 1007 ad
745 950 998 1016 caelum,
1016 957 1140 1005 tum
1171 950 1334 1021 quod
1363 949 1513 1005 bene
1540 949 2369 1027 beatequevivendinormam
2390 955 2705 1025 Evangelio
2728 956 3178 1011 convenientem
3196 956 3633 1027 praescribunt,

207 1043 541 1101 inlatinum
560 1055 904 1096 sermonem
930 1040 1354 1104 convertimus,
1380 1038 1619 1094 cuilibet
1640 1039 1922 1095 homiliae
1949 1024 2790 1114 argumentobrevipraeﬁxo,
2824 1044 2982 1101 unde
3014 1024 3325 1101 confestim
3384 1046 3394 1114 |
3452 1061 3637 1101 emer-

212 1138 335 1205 gat,
358 1131 509 1204 quid
525 1143 927 1201 unaquaeque
949 1128 1266 1183 contineat.
1288 1129 1400 1183 Has
1419 1128 1583 1198 ipsas
1608 1127 1936 1199 impressas
1955 1130 2497 1203 graecelatineque,
2518 1133 2686 1187 vobis
2708 1135 2913 1190 animo
2932 1139 3100 1203 grato
3120 1133 3487 1206 suscepturis
3505 1133 3635 1190 mit-

214 1224 420 1287 timus,
445 1221 493 1276 si
522 1218 671 1294 quid
700 1216 917 1274 melius
948 1215 1200 1272 allatura
1230 1216 1307 1270 sit
1348 1221 1684 1287 temporum
1724 1217 2138 1289 tranquillitas.
2167 1219 2439 1290 protinus
2468 1221 2768 1277 omissuri.
2805 1222 2999 1278 Valete
3031 1222 3377 1293 plurimum,
3413 1220 3633 1278 Deum-

215 1327 334 1384 que
363 1308 713 1383 precemini,
745 1311 813 1362 ut
834 1305 1053 1362 nostris
1084 1304 1283 1360 faveat
1309 1304 1388 1360 ad
1427 1304 1681 1375 gloriam
1711 1306 1842 1361 eius
1875 1307 2170 1380 susceptis
2199 1308 2485 1364 consiliis.

473 1434 711 1485 Lutetiae
739 1431 954 1483 Calend.
982 1430 1102 1480 Maii
1123 1429 1398 1480 M.D.LIX.

1219 1668 1573 1733 JOANNIS
1613 1669 1719 1729 DA
1748 1669 1897 1730 VAL
1948 1670 2609 1735 TREPORTUENSIS

1080 1806 1367 1853 DOCTORIS
1414 1807 1709 1853 THEOLOGI
1760 1807 1817 1850 IN
1868 1809 2112 1853 LAUDEM
2162 1810 2223 1854 D.
2278 1810 2389 1855 PlCl
2438 1811 2744 1858 PBAESIDIS

1670 1894 2168 1949 HEXASTICHON.

1125 2009 1249 2076 Quo
1275 2008 1581 2068 celebrem.
1612 2007 1865 2073 Macari,
1898 2008 2143 2064 donabis
2175 2025 2415 2066 munere
2445 2010 2678 2077 Picum,

1220 2079 1331 2145 Qui
1359 2079 1673 2147 splendore
1710 2094 1813 2134 suo
1843 2080 2127 2135 candidat
2168 2081 2514 2151 Aethiopem
2545 2081 2574 2137 ἳ

1115 2151 1368 2217 Silenos,
1398 2150 1610 2221 aperit,
1643 2154 1836 2206 miscet
1866 2153 2044 2206 simul
2075 2153 2222 2208 utile
2252 2150 2432 2217 dulci,

1220 2223 1413 2294 Atque
1448 2223 1567 2277 suis
1609 2221 1867 2279 Graecas
1898 2224 2186 2293 unguibus
2213 2228 2393 2293 auget
2414 2239 2551 2293 opes
2580 2223 2609 2279 ἵ

1124 2294 1286 2350 Pelle
1315 2293 1423 2348 sub
1452 2294 1704 2349 obscura
1743 2295 1952 2350 celasti
1988 2295 2229 2350 clausus
2255 2296 2462 2352 odores
2492 2318 2512 2365 ,-

1215 2366 1289 2420 At
1316 2365 1516 2422 celata
1546 2366 1653 2420 diu
1687 2366 1863 2421 Picus
1889 2373 2097 2434 aperta
2117 2365 2294 2434 facit.

1650 2582 1660 2658 |
1738 2577 1823 2639 De
1868 2577 2180 2643 Macariis.

1785 2704 1825 2753 E
1855 2704 2037 2754 Suida.

245 2851 377 2905 Duo
404 2848 649 2904 fuerunt
677 2845 913 2903 Macarii
942 2844 1217 2901 eiusdem
1247 2846 1511 2902 nominis
1546 2863 1615 2902 ac
1649 2846 2019 2917 professione
2042 2849 2297 2904 ascetica
2317 2848 2603 2918 insignes,
2629 2849 2766 2914 vita,
2803 2847 3091 2913 moribus,
3119 2847 3414 2904 doctrina.
3448 2847 3612 2904 Alter

175 2939 532 3010 Aegyptius,
562 2935 863 2992 miraculis
887 2934 1084 2991 clarus
1116 2951 1186 2990 ac
1216 2951 1354 2991 cum
1382 2936 1658 3004 religiosa
1680 2937 1955 2992 cautione
1985 2937 2041 2990 in
2068 2952 2171 2992 eos
2195 2938 2295 3008 qui
2320 2952 2382 2992 se
2405 2937 2842 2992 conveniebant
2862 2953 3137 2992 severus:
3175 2936 3322 2992 alter
3362 2936 3614 2993 Alexan-

183 3026 420 3094 drinus,
454 3040 558 3096 per
586 3026 791 3081 omnia
819 3023 1027 3080 similis
1054 3024 1364 3096 Aegyptio,
1395 3040 1630 3081 necnon
1662 3025 1852 3081 comis
1880 3032 1936 3081 et
1958 3025 2203 3082 festivus
2225 3042 2239 3089 ;
2260 3027 2319 3080 in
2340 3042 2442 3081 eos
2464 3026 2566 3098 qui
2585 3025 2661 3081 ad
2686 3042 2748 3081 se
2780 3025 3099 3081 veniebant
3118 3028 3199 3079 ita
3223 3025 3529 3081 humanus
3542 3041 3612 3082 ac

187 3113 450 3170 blandus
474 3114 569 3169 hic
595 3118 736 3179 erat,
774 3120 836 3169 ut
864 3129 936 3169 ea
967 3112 1273 3169 festivitate
1293 3114 1546 3183 juvenes
1568 3114 1644 3169 ad
1676 3117 1995 3170 asceticam
2025 3115 2205 3171 vitam
2222 3114 2536 3185 pelliceret.
2566 3117 2785 3170 Horum
2818 3115 3103 3184 Evagrius
3132 3111 3464 3183 discipulus
3480 3112 3610 3179 fuit,

192 3219 262 3259 ac
293 3203 463 3259 factis
478 3202 920 3274 philosophiam
947 3202 1324 3274 exercuitqui
1341 3202 1532 3258 verbis
1548 3203 1841 3258 duntaxat
1868 3204 2031 3274 prius
2046 3203 2607 3275 philosOphabatur.
2635 3204 2797 3258 Idem
2813 3201 3329 3272 Constantinopoli
3345 3218 3381 3257 a
3395 3200 3613 3271 Grego-

192 3292 286 3347 rio
309 3291 611 3359 Theologo
633 3291 1026 3348 diaconorum
1041 3291 1236 3347 ordini
1263 3291 1600 3363 adscriptus
1627 3298 1713 3346 est
1747 3308 1761 3359 ;
1795 3293 1939 3363 quin
1963 3292 2145 3347 etiam
2172 3292 2229 3346 in
2257 3296 2585 3363 Aegyptum
2609 3290 2912 3363 profectus
2932 3305 3002 3346 ac
3014 3306 3154 3345 cum
3176 3289 3439 3347 Macariis
3453 3305 3609 3361 quos

197 3379 323 3434 dixi
353 3379 680 3435 collocutus
710 3380 890 3435 vitam
911 3380 1144 3436 illorum
1176 3380 1513 3435 aemulatus
1535 3384 1642 3435 est.
1674 3381 1759 3436 Ab
1784 3380 2037 3436 hoclibri
2070 3381 2237 3436 valde
2269 3395 2473 3449 graves
2504 3396 2574 3436 ac
2617 3379 2752 3435 serii
2781 3378 3107 3451 conscripti
3155 3383 3311 3433 sunt.
3342 3379 3611 3443 Quorum

206 3482 363 3523 unus
377 3467 689 3523 Monachus
712 3468 915 3523 sivede
938 3471 1057 3525 vita
1087 3471 1283 3525 activa
1301 3469 1621 3541 inscriptus
1634 3475 1719 3525 est
1739 3488 1752 3536 ;
1770 3469 1915 3527 alter
1931 3470 2243 3526 Gnosticus
2267 3470 2386 3524 sive
2400 3469 2473 3524 de
2490 3470 2559 3525 iis
2586 3469 2688 3540 qui
2722 3468 3082 3539 cognitionis
3108 3482 3358 3524 munere
3400 3466 3611 3523 donati

200 3555 469 3627 sunt,qui
486 3556 679 3628 capita
701 3557 1108 3630 complectitur
1133 3573 1386 3614 numero
1406 3559 1884 3631 quinquaginta;
1912 3561 2113 3615 tertius
2141 3559 2582 3615 Antirrheticus
2611 3559 2894 3614 adversus
2926 3562 3217 3614 tentantes
3257 3556 3610 3625 daemones,

192 3650 328 3701 octo
342 3644 610 3717 partibus
624 3644 1025 3710 distinctus,ut
1041 3655 1175 3701 octo
1191 3648 1616 3716 cogitationum
1635 3647 1793 3703 modi
1808 3654 2209 3715 recensentur;
2226 3649 2488 3720 itemque
2506 3653 2779 3703 sexcenta
2793 3648 3181 3716 Prognostica
3207 3644 3610 3717 problemata,

188 3741 246 3790 et
278 3734 669 3791 Elementaria
690 3735 830 3799 duo,
853 3750 1040 3791 unum
1068 3735 1145 3791 ad
1169 3736 1499 3791 monachos
1522 3737 1579 3791 in
1607 3737 1915 3793 coenobiis
1937 3743 2037 3792 aut
2057 3738 2462 3792 contuberniis
2485 3736 2772 3801 viventes,
2788 3735 3041 3791 alterum
3062 3735 3139 3791 ad
3161 3733 3464 3804 virginum
3481 3749 3612 3789 coe-

192 3828 343 3882 tum.
378 3824 513 3879 Eius
544 3829 745 3881 autem
778 3829 916 3879 sunt
936 3824 1081 3880 haec
1111 3825 1295 3880 verba
1329 3842 1341 3877 :
1372 3845 1399 3878 «
1434 3827 1681 3880 Necesse
1698 3831 1800 3889 est,
1840 3830 1902 3880 ut
1933 3826 2142 3881 sedulo
2172 3842 2382 3881 eorum
2403 3825 2506 3897 qui
2525 3831 2982 3896 praecesserunt
3016 3823 3453 3880 monachorum
3484 3823 3611 3878 vias

189 3913 569 3984 indagemus,
602 3913 680 3971 ad
728 3928 1058 3985 earumque
1108 3929 1385 3969 normam
1441 3914 1772 3983 dirigamur
1805 3931 1818 3981 ;
1864 3916 2050 3971 multa
2098 3916 2257 3970 enim
2291 3916 2369 3970 ab
2402 3915 2470 3969 iis
2501 3918 2658 3969 recte
2688 3919 2744 3969 et
2773 3913 2933 3969 dicta
2961 3918 3100 3968 sunt
3145 3918 3201 3967 et
3228 3911 3425 3977 facta;
3460 3911 3612 3967 inter

183 4017 339 4073 quae
369 4009 426 4058 et
446 4003 561 4058 hoc
590 4003 896 4074 quispiam
911 4002 1414 4061 dixit.aridiorem
1433 4008 1490 4058 et
1515 4018 1663 4073 aspc
1714 4005 1722 4072 |
1768 4019 1896 4058 ram
1924 4004 2162 4059 vivendi
2195 4004 2488 4059 rationem
2513 4018 2652 4058 cum
2671 4002 2955 4058 charitate
2983 4001 3327 4072 copulatam
3354 3999 3607 4055 celerius

192 4090 567 4148 monachum
599 4090 678 4147 ad
708 4090 894 4146 animi
921 4092 1429 4164 tranquillitatem,
1463 4107 1648 4163 quam
1672 4091 1923 4144 ἀπάθειαν
1946 4091 2277 4163 appellant,
2310 4090 2658 4163 perducere.
2690 4111 2717 4143 »

1368 4331 1789 4413 [Homiliarum
1830 4330 2093 4394 Macarii
2133 4331 2493 4412 singulan

1743 4421 2097 4493 argumenta.

195 4546 228 4600 Ι
547 4546 963 4615 Interpretatio
992 4546 1316 4616 allegorica
1335 4546 1572 4601 visionis
1593 4547 1760 4617 apud
1789 4546 2151 4602 Ezechielem
2178 4545 2524 4616 descriptae.
2636 4616 2641 4617 7
2968 4616 2997 4617 77
3169 4615 3177 4617 _
3254 4613 3265 4617 _
3360 4542 3501 4613 Pag.
3558 4542 3605 4617 71

196 4619 260 4672 II
536 4619 621 4673 De
658 4613 838 4687 regno
865 4613 1263 4683 tenebrarum,
1292 4618 1401 4673 hoc
1430 4624 1515 4673 est
1541 4613 1807 4687 peccato,
1837 4625 1891 4673 et
1924 4617 2213 4673 hominem
2262 4613 2446 4672 solius
2484 4617 2589 4673 Dei
2625 4616 2901 4684 beneﬁcio
2930 4615 3178 4672 liberari
3203 4613 3277 4669 ab
3306 4628 3392 4669 eo.
3548 4614 3613 4687 ig

202 4689 253 4741 11
263 4689 288 4742 Ι
544 4691 625 4745 De
648 4683 848 4760 quieta
870 4689 1140 4758 fratrum
1173 4690 1331 4744 inter
1359 4704 1419 4744 se
1439 4683 1878 4744 con—versatione
1899 4696 1953 4745 et
1980 4688 2210 4758 proelio
2236 4687 2532 4743 interiori.
2767 4683 2770 4684 ⁷
3549 4683 3612 4760 177

193 4760 289 4813 IV
536 4756 671 4826 Qua'
720 4756 955 4815 ratione
985 4761 1447 4830 promovendum
1480 4761 1542 4815 in
1570 4760 1694 4815 vita
1737 4756 2112 4815 Christiana.
2323 4829 2330 4830 7

208 4831 257 4884 V
542 4831 839 4903 Quantum
864 4826 1162 4901 discrepat
1190 4832 1308 4887 vita
1345 4830 1818 4886 Christianorum
1853 4846 1888 4886 a
1913 4830 2276 4903 reliquorum
2310 4829 2615 4886 hominum
2650 4830 2793 4886 vita.
3546 4826 3615 4903 (ᾧ

210 4903 287 4957 VI
539 4905 624 4957 De
655 4902 825 4957 modo
842 4903 1158 4972 precandi.
2035 4901 2048 4903 ᾗ
2886 4971 2895 4972 7
3363 4971 3368 4972 7
3549 4901 3616 4952 50

203 4973 310 5030 VII
541 4973 631 5095 De
652 4972 963 5095 cltemenlia
987 4973 1211 5030 Christi
1229 4988 1372 5043 erga
1401 4973 1686 5029 homines.
1707 4973 1972 5028 Continet
1993 4972 2168 5029 etiam
2189 4973 2596 5043 responsiones
2614 4972 2695 5028 ad
2704 4971 2996 5042 quasdam
3010 4971 3508 5040 interrogationes
3553 5044 3616 5095 55

626 5060 696 5095 ον
724 5059 755 5095 Β
782 5060 1065 5095 611110808.

626 5045 755 5099 'orte
782 5044 1065 5100 curiosas.

591 5045 755 5114 forte
782 5045 1065 5100 curiosas.
3553 5045 3616 5095 55

207 5115 345 5197 Y1]!
536 5117 620 5197 Pe
678 5115 770 5197 his
798 5131 948 5197 quae
969 5116 1318 5197 contingunt
1339 5115 1715 5197 phristianis
1741 5117 1898 5171 inter
1922 5114 2239 5196 orandum.
2504 5189 2515 5197 7
2578 5190 2590 5197 ι
2996 5184 3009 5197 7
3120 5184 3136 5197 ν
3219 5184 3229 5195 7
3320 5190 3331 5197 _
3438 5182 3478 5197 μ
3548 5110 3619 5165 39

197 5185 284 5243 IX
536 5182 954 5242 Promissiones
992 5202 1062 5243 ac
1093 5182 1441 5257 prbphetias
1486 5187 1721 5242 divinas
1773 5202 1885 5257 per
1914 5186 2104 5241 varios
2136 5200 2434 5241 successus
2464 5189 2517 5241 et
2571 5184 2920 5241 tentationes
2986 5184 3246 5253 impleri,
3281 5190 3333 5239 et
3364 5182 3475 5237 soli

589 5259 711 5313 Deo
733 5252 1120 5314 adhaerendo
1149 5252 1397 5314 liberari
1424 5273 1531 5314 nos
1560 5258 1636 5313 ab
1660 5252 2138 5327 infestationibus
2162 5258 2540 5313 daemonum.
3068 5252 3083 5253 η
3136 5325 3147 5327 _
3418 5270 3422 5274 “
3551 5252 3621 5307 63

199 5328 253 5383 X
525 5329 886 5385 Humilitate
913 5336 967 5385 et
997 5329 1311 5385 alacritate
1363 5325 1796 5385 retinentur’et
1824 5335 2125 5398 augentur
2153 5329 2311 5384 dona
2359 5328 2595 5399 gratiae
2637 5327 2897 5392 divinae,
2944 5325 3226 5394 superbia
3274 5330 3471 5380 autem

613 5407 664 5446 nl
689 5401 933 5446 innmn'n
954 5402 1312 5446 nmvlnnlm'-
3550 5392 3620 5446 70

613 5407 664 5457 el
689 5401 933 5467 ignavia
952 5402 1313 5467 perduntur.

613 5417 663 5457 el
689 5417 933 5467 ignavia
951 5417 1313 5471 perauntur.
3560 5417 3617 5446 IU

201 5470 281 5525 XI
549 5471 833 5527 Virtutem
866 5474 1062 5528 sancti
1091 5472 1355 5539 Spiritus
1387 5472 1450 5526 in
1474 5472 1650 5528 corde
1680 5471 1931 5527 hominis
1944 5486 2003 5527 se
2028 5470 2245 5527 habere
2261 5470 2456 5526 instar
2474 5469 2657 5541 ignis.
3548 5462 3617 5541 Ῐέξ

205 5541 307 5614 XII
530 5542 616 5598 De
644 5546 803 5598 statu
832 5543 998 5599 Adae
1021 5532 1156 5613 post
1176 5543 1489 5613 imaginem
1515 5545 1619 5600 Dei
1631 5544 1949 5614 perditam.
2002 5547 2023 5610 ι
2496 5532 2520 5541 ⁷
2655 5606 2663 5613 ,

206 5612 357 5685 Et]!
538 5614 713 5680 Quem
735 5603 1070 5683 fructum-t1
1105 5603 1449 5669 Christiano
1482 5603 1889 5685 Deus‘ezigat.
2014 5603 2023 5610 ’
2134 5684 2139 5685 7
2202 5684 2208 5685 7
2292 5683 2299 5685 7
2387 5683 2394 5685 7
2655 5606 2663 5613 ’

204 5683 332 5741 XIV
528 5673 641 5753 ῥιιὶ
662 5673 1020 5743 εείἰειίἱεαηι
1053 5686 1190 5750 Deo,
1225 5701 1342 5741 non
1382 5685 1509 5741 sine
1535 5701 1635 5755 spe
1672 5673 2168 5742 remunerationis
2188 5684 2253 5739 id
2267 5683 2528 5753 faciunt.
3553 5673 3620 5728 95
