4092 6252
516 267 622 323 299
1581 266 1989 324 ZACHARIAE
2025 265 2355 325 PALTHEN
2366 269 2409 324 [Ι
2451 267 2851 324 PRAEFATIO
3809 267 3929 323 300

516 394 619 451 XV
870 393 1059 461 Quam
1084 400 1287 451 sancte
1314 398 1369 451 et
1394 398 1552 450 caste
1576 407 1636 449 se
1654 407 1859 462 gerere
1879 392 2084 448 debeat
2114 392 2313 449 anima
2340 391 2667 449 Christiani
2686 407 2830 461 erga
2862 389 3170 449 Christum
3197 405 3476 461 sponsum
3508 403 3706 446 suum.
3752 461 3758 462 7
3823 390 3933 444 100

512 465 660 521 XVI
865 464 1182 534 Spiritales
1222 467 1482 587 homines
1513 466 1795 521 obnoxios
1835 480 1951 520 esse
1994 465 2419 521 tentationibus
2468 467 2520 520 et
2548 464 2999 534 afﬂictionibus,
3032 477 3292 533 quarum
3321 462 3488 533 origo
3528 469 3609 518 est
3650 461 3782 531 pri-
3828 534 3936 587 ΚΩ

939 553 1100 587 mum
1130 552 1306 587 necca
1341 554 1459 587 um.
3904 544 3917 559 ‘

939 553 1100 592 mum
1129 544 1459 606 peccatum.
2039 605 2042 606 7
3828 544 3917 606 13:

519 606 701 665 XVII
867 607 954 663 De
980 604 1453 664 Christianorum
1484 608 1761 663 unctione
1785 605 2046 674 spiritali
2075 612 2129 663 et
2155 607 2373 675 gloria.
3832 604 3928 658 141

514 679 588 737 Χ
602 678 742 735 VIII
873 678 957 735 De
992 680 1266 736 thesauro
1305 679 1786 735 Christianorum
1817 678 1921 749 qui
1966 684 2047 734 est
2096 677 2363 734 Christus
2397 684 2451 735 et
2482 677 2742 748 Spiritus
2772 684 3016 735 sanctus
3060 676 3241 734 variis
3274 675 3462 732 modis
3506 689 3785 733 exercens

940 765 1034 821 eos
1058 751 1139 806 ad
1159 751 1586 821 perfectionem
1613 746 2061 821 assequendam.
2372 819 2385 821 7
2424 819 2435 821 7
2526 746 2537 748 ⁷
2928 820 2933 821 7
3180 820 3185 821 7
3214 820 3217 821 7
3368 818 3380 821 7
3428 818 3441 821 _
3834 746 3940 802 150

519 821 675 877 XIX
873 818 1581 889 Christianus’proﬁcere
1606 818 1800 877 volens
1830 821 1911 877 ad
1938 836 2108 876 omne
2129 821 2191 876 id
2226 819 2385 891 quod
2415 819 2630 875 bonum
2661 824 2768 885 est,
2795 835 2854 876 se
2876 820 2935 875 vi
2965 820 3317 891 compellere
3340 818 3534 875 debet.
3833 822 3935 891 457

516 893 628 950 XX
874 891 1042 948 Solus
1084 888 1355 950 Christus
1379 888 1615 949 sanavit
1637 892 1921 957 animam,
1949 907 2128 963 quam
2160 888 2507 948 ornamento
2531 892 2765 962 gratiae
2793 906 2937 947 suae
2966 890 3217 948 vestivit.
3833 888 3938 963 176§

523 963 676 1020 XXI
873 964 1119 1019 Homini
1142 965 1489 1022 Christiano
1519 964 1747 1032 duplex
1769 959 2052 1019 incumbit
2092 964 2335 1032 bellum,
2366 959 2679 1019 externum
2706 969 2759 1019 et
2788 963 3120 1019 internum.
3828 959 3940 1015 468

522 1034 704 1091 XXII
866 1036 953 1091 De
971 1035 1203 1104 duplici
1231 1042 1394 1093 statu
1420 1034 1845 1091 decedentium.
3832 1032 3931 1104 1⁷1

516 1105 722 1178 XXIII
876 1106 949 1178 Hi
974 1102 1084 1163 soli
1112 1107 1388 1164 diadema
1418 1109 1643 1177 regium
1673 1113 1907 1176 gestare
1927 1112 2193 1173 possunt,
2228 1106 2333 1178 qui
2351 1110 2489 1161 sunt
2516 1119 2548 1178 e
2574 1106 2791 1178 semine
2816 1106 3002 1175 regio.
3494 1134 3497 1137 »
3831 1102 3939 1178 1η

516 1177 722 1234 XXIV
879 1177 1355 1234 Christianorum
1394 1172 1586 1233 status
1617 1172 1995 1234 mercaturae
2023 1182 2074 1233 et
2097 1172 2544 1247 fermentationi
2581 1176 2791 1232 similis
2824 1172 2927 1232 est.
3352 1245 3360 1247 7
3428 1246 3435 1247 7
3474 1244 3485 1247 7
3832 1172 3939 1228 174

521 1247 689 1305 XXV
873 1249 987 1304 Per
1023 1249 1479 1305 inobedientiam
1507 1249 1734 1306 redacti
1751 1264 1953 1304 sumus
1980 1249 2041 1303 in
2067 1244 2428 1313 servitutem,
2463 1263 2500 1303 a
2530 1262 2650 1319 qua
2678 1263 2788 1317 per
2814 1246 3161 1317 mysterium
3193 1245 3388 1303 crucis
3420 1244 3746 1303 liberamur
3768 1265 3791 1315 ;

947 1320 1085 1376 item
1123 1320 1195 1376 de
1219 1320 1604 1376 lacrimarum
1635 1327 1686 1376 et
1713 1320 1867 1390 ignis
1898 1319 2089 1374 divini
2112 1320 2401 1389 efﬁcacia.
2538 1315 2556 1319 ⁷
2681 1315 2689 1317 ⁷
2882 1315 2896 1317 ⁷
3362 1388 3396 1390 77
3452 1389 3463 1390 7
3527 1389 3537 1390 7
3687 1386 3696 1390 7
3763 1387 3779 1390 _
3832 1315 3938 1371 178

524 1388 729 1446 XXVI
874 1391 960 1448 De
984 1391 1295 1517 digitiitatle,
1320 1392 1620 1461 facultate
1658 1398 1709 1447 et
1737 1386 2171 1461 operationibus
2197 1393 2455 1457 animae,
2489 1395 2541 1446 et
2574 1404 2694 1460 qua
2722 1391 2958 1447 ratione
2985 1394 3219 1447 tenetur
3243 1395 3308 1446 at
3333 1388 3574 1446 diabolo
3603 1394 3657 1446 et
3686 1386 3789 1460 [ab
3834 1458 3941 1513 184

955 1477 1018 1517 eo
1072 1478 1093 1516 π
1135 1477 1232 1517 ere
1261 1479 1354 1517 ur.

955 1477 1018 1518 eo
1050 1462 1354 1519 liberetur.

528 1531 769 1588 XXVII
880 1531 1237 1603 Dignitatem
1284 1541 1336 1590 et
1379 1539 1598 1588 statum
1630 1532 1884 1588 hominis
1925 1531 2259 1588 Christiani
2281 1533 2687 1603 prosequitur,
2721 1532 2959 1602 eiusque
2999 1531 3243 1588 liberum
3285 1531 3621 1596 arbitrium,
3656 1544 3792 1602 per-

952 1604 1157 1661 mixtis
1195 1605 1433 1662 interim
1460 1605 1707 1660 utilibus
1733 1604 2197 1675 quaestionibus.
2292 1602 2297 1603 “
2474 1602 2485 1603 ⁷
3534 1674 3547 1675 7
3571 1673 3583 1675 _
3650 1673 3657 1675 7
3830 1602 3940 1675 200

529 1672 794 1747 VIII
879 1675 1164 1732 Describit
1186 1692 1257 1733 ac
1286 1676 1557 1747 deplorat
1583 1672 1983 1732 calamitatem
2013 1675 2249 1730 animae
2273 1674 2336 1729 in
2364 1690 2483 1747 qua
2498 1679 2749 1747 propter
2772 1682 3085 1747 peccatum
3113 1689 3234 1747 non
3257 1675 3484 1747 habitat
3517 1673 3806 1747 Christus.
3830 1673 3939 1747 214

525 1745 733 1817 XXIX
875 1747 1121 1816 Duplici
1148 1742 1652 1817 rationégratiam
1683 1762 1851 1802 suam
1877 1747 2133 1816 largitur
2158 1742 2518 1813 Deus,c‘uius‘
2529 1742 2801 1817 fructum
2833 1746 3071 1802 tandem
3101 1745 3257 1817 iusto
3278 1746 3498 1802 iudicio
3519 1746 3753 1815 repetit.
3831 1742 3938 1798 21%

527 1816 725 1890 XXX_
878 1818 991 1890 Ep
1010 1817 1238 1886 Spiritu
1266 1816 1468 1875 sancto
1491 1817 1723 1875 renasci
1746 1818 1909 1873 debet
1937 1817 2141 1890 anima
2185 1818 2284 1873 Dei
2312 1833 2562 1886 regnum
2591 1816 2955 1890 ingressura,
2986 1824 3037 1872 et
3062 1816 3166 1890 qui
3191 1819 3300 1890 hoc
3327 1819 3455 1887 ﬁat.
3605 1887 3615 1890 7
3832 1818 3934 1870 223

524 1886 725 1945 XXXI
876 1889 1099 1946 Fidelis
1119 1890 1317 1946 animo
1336 1890 1563 1945 mutari
1590 1890 1754 1944 debet
1779 1895 1833 1945 et
1856 1891 1916 1943 in
1946 1888 2130 1944 Deum
2157 1890 2435 1959 colligere
2468 1889 2848 1958 cogitationes
2875 1886 3091 1952 omnes]
3114 1903 3151 1945 a
3177 1889 3388 1961 quibus
3414 1902 3551 1945 vere
3575 1887 3795 1958 depen-

952 1961 1049 2018 det
1074 1962 1405 2032 obsequium
1437 1961 1745 2032 divinum.7
2004 2031 2009 2032 7
2180 2030 2188 2032 7
3189 1959 3202 1961 ⁷
3834 1959 3938 2012 230

523 2030 752 2088 XXXII
880 2032 1086 2089 Gloria
1113 2030 1582 2089 Christianorum
1610 2031 1782 2087 modo
1823 2032 1967 2088 latet
1990 2031 2054 2087 in
2085 2030 2300 2087 animis
2329 2045 2554 2100 eorum,
2576 2045 2729 2101 quae
2758 2032 3205 2089 resurrectionis
3245 2037 3505 2102 tempore
3536 2036 3795 2100 emerget

952 2109 1005 2159 et
1029 2104 1364 2161 illustrabit
1403 2118 1657 2172 corpora
1684 2118 1795 2171 pro
1825 2118 1930 2158 suo
1961 2117 2227 2174 quaeque
2251 2102 2440 2159 modo.
2592 2100 2601 2101 ⁷
3356 2100 3374 2102 ⁷
3835 2100 3939 2174 2ᾆᾷ

526 2172 796 2228 XXXIII
887 2174 1071 2241 Quam
1105 2178 1317 2230 attente
1347 2170 1779 2243 diligenterque
1804 2170 2174 2241 precdndum
2203 2176 2298 2229 sit.
3836 2170 3937 2243 2471

533 2244 801 2316 XXXIV
884 2245 965 2316 De
989 2246 1185 2316 gloria
1216 2241 1700 2302 Christianorum
1728 2245 1853 2301 illis
1884 2260 2003 2301 non
2036 2245 2265 2316 ignota.
3838 2241 3943 2316 724i

534 2314 783 2387 XXXV
888 2315 972 2372 De
992 2313 1242 2374 sabbato
1272 2318 1521 2387 antiquo
1548 2323 1601 2372 et
1626 2331 1798 2372 novo.
2063 2313 2077 2316 ⁷
3838 2313 3941 2387 2.ιρ

528 2384 696 2458 XXX
707 2386 827 2458 V177
889 2387 1134 2444 Diversa
1162 2395 1244 2444 est
1268 2383 1702 2458 resurgentium
1731 2389 1948 2458 gloria.
3838 2383 3943 2458 248

532 2457 828 2529 XXXVII
852 2459 970 2529 7De
995 2460 1278 2528 paradiso
1307 2463 1362 2516 et
1389 2457 1513 2529 lege
1541 2457 1824 2529 spiritali.
2112 2528 2141 2529 77
2322 2528 2329 2529 7
2407 2528 2453 2529 77
2522 2528 2529 2529 7
2598 2527 2605 2529 7
2704 2528 2711 2529 7
2967 2527 2975 2529 _
3202 2527 3208 2529 7
3838 2457 3941 2529 249

532 2527 858 2585 XXXVIII
883 2526 1115 2586 Exacto
1145 2547 1291 2599 opus
1321 2537 1401 2587 est
1431 2526 1651 2585 iudicio
1678 2530 1740 2584 in
1771 2528 2173 2585 discernendis
2204 2528 2356 2585 veris
2388 2527 2761 2594 Christianis,
2790 2532 2843 2585 et
2872 2527 3118 2599 quinam
3157 2527 3275 2584 sint
3305 2526 3421 2583 illi.
3839 2527 3943 2599 258

533 2598 793 2672 XXXIX
885 2601 993 2658 Ad
1016 2601 1162 2672 quid
1180 2596 1499 2669 Scriptura
1525 2602 1730 2657 divina
1754 2602 1919 2657 nobis
1949 2601 2165 2672 donata
2199 2606 2279 2656 est
2312 2615 2350 2655 a
2375 2602 2513 2656 Deo.
2882 2596 2899 2599 ⁷
3838 2596 3934 2672 26!

528 2670 669 2742 XL_
894 2670 1190 2729 Virtutum
1216 2674 1372 2729 inter
1410 2689 1471 2729 se
1499 2673 1821 2742 colligatio,
1843 2672 2040 2728 itidem
2070 2671 2373 2728 vitiorum.
3278 2739 3286 2742 Α
3564 2740 3573 2742 _
3616 2741 3623 2742 ί
3837 2670 3942 2724 262

530 2739 669 2796 XLI
884 2742 1091 2826 Quam7
1101 2745 1411 2826 profunda
1430 2744 1549 2800 sint
1579 2739 1813 2801 animae
1840 2744 2203 2815 penetralia,
2235 2757 2388 2814 quae
2408 2742 2707 2814 paulatim
2739 2746 3098 2799 incrementa
3124 2739 3358 2812 gratiae
3378 2746 3483 2797 aut
3517 2740 3799 2797 vitiorum

531 2883 700 2940 XLII
875 2811 1307 2955 Nogtccef'gzetriza,
1339 2886 1441 2943 sed
1478 2886 1716 2943 interna
1746 2891 2095 2957 promovent
2132 2890 2238 2942 aut
2286 2885 2531 2942 laedunt
2561 2884 2877 2950 hominem,
2924 2884 3109 2941 veluti
3149 2882 3395 2954 spiritus
3424 2882 3658 2953 gratiae
3695 2888 3802 2938 aut

958 2958 1205 3027 spiritus
1243 2951 1560 3031 nequitiae.
1746 2951 1763 2957 ⁷

535 3026 725 3099 XLIII
880 3030 967 3085 De
990 3045 1308 3099 progressu
1339 3031 1456 3086 viri
1472 3029 1827 3094 Christiani,
1863 3028 2028 3083 cuius
2061 3033 2151 3083 tot.

2328 3027 2611 3095 dependet
2642 3042 2677 3083 a
2700 3027 2894 3090 corde,
2926 3026 3313 3099 ut7hic7varie
3342 3025 3726 3099 describitur1

531 3097 727 3154 XLIV
887 3096 1185 3168 Quantam
1204 3102 1268 3157 in
1293 3102 1525 3158 homine
1552 3100 1890 3157 Christiano
1915 3101 2300 3157 mutationem
2321 3113 2392 3155 ac
2413 3101 2852 3155 renovationem
2880 3097 3075 3168 faciat
3108 3098 3403 3165 Christus,
3438 3098 3544 3167 qui
3566 3096 3803 3152 morbos

955 3172 1193 3229 animae
1218 3175 1475 3229 sanavit.
2881 3165 2888 3168 “
3449 3165 3461 3167 ⁷
3836 3165 3940 3219 276

531 3240 632 3296 XL
648 3241 695 3296 V
885 3244 1087 3300 Nullis
1114 3244 1341 3299 artibus
1356 3251 1461 3300 aut
1481 3243 1754 3311 operibus
1778 3241 1955 3297 huius
1974 3241 2200 3307 mundi,
2217 3241 2318 3298 sed
2340 3242 2461 3295 solo
2491 3240 2719 3296 Christi
2737 3240 2996 3297 adventu
3029 3246 3308 3297 sanatum
3332 3253 3451 3296 esse
3473 3237 3805 3306 hominem;

962 3316 1129 3370 cuius
1161 3331 1439 3384 magnam
1473 3306 1606 3370 cum
1647 3314 1762 3369 Deo
1793 3306 2202 3381 cognationem
2235 3313 2420 3379 refert
2448 3313 2591 3367 haec
2624 3312 2907 3384 homilia.7
3012 3383 3018 3384 7
3098 3381 3107 3384 7
3409 3380 3419 3384 _
3493 3381 3501 3384 _
3763 3379 3801 3384 __
3842 3306 3948 3384 ᾁξῖ

540 3381 736 3454 XLVI
747 3453 768 3454 ί
887 3386 972 3440 De
1001 3379 1342 3454 cii/ferentia
1370 3387 1527 3440 inter
1546 3386 1780 3441 verbum
1808 3379 1916 3439 Dei
1944 3392 1996 3439 et
2025 3384 2263 3439 verbum
2291 3385 2522 3449 mundi,
2554 3389 2608 3439 et
2633 3385 2789 3439 inter
2816 3382 2971 3451 ﬁlios
2996 3381 3108 3439 Dei
3132 3386 3187 3438 et
3221 3382 3378 3451 ﬁlios
3400 3380 3573 3437 huius
3588 3379 3821 3436 mundi.
3845 3380 3947 3454 2§7

540 3452 792 3526 XLYIL
891 3448 1239 3525 Explicatio
1268 3456 1592 3526 allegorica
1617 3455 1997 3526 quorundum
2029 3455 2135 3511 sub
2166 3456 2292 3525 lege
2318 3448 2787 3524 benefactorum.
2816 3448 2823 3451 ⁷
3221 3448 3229 3451 ⁷
3846 3448 3942 3526 291

536 3522 793 3596 XLVIII
895 3526 974 3581 De
990 3522 1264 3596 perfecta
1286 3522 1409 3595 ﬁde
1426 3527 1488 3582 in
1513 3522 1724 3584 Deum.
2224 3522 2237 3525 ⁷
2459 3522 2476 3596 ί
3141 3595 3145 3596 7
3175 3595 3186 3596 7
3419 3594 3452 3596 77
3848 3524 3942 3577 301

538 3594 740 3651 XLIX
889 3598 1024 3652 Non
1049 3594 1192 3718 sttitis
1211 3594 1292 3653 est
1316 3597 1492 3653 huius
1515 3597 1736 3653 saeculi
1756 3597 2000 3653 delicias
2022 3596 2347 3669 reliquisse,
2363 3595 2480 3651 nisi
2500 3596 2629 3668 quis
2645 3596 2896 3654 alterius
2921 3595 3148 3653 saeculi
3166 3594 3588 3652 beatitudinem
3610 3608 3810 3651 conse-
3850 3662 3951 3718 30⁵

967 3683 1084 3718 aua
1117 3685 1207 3718 ur.

967 3672 1207 3739 quatur.

538 3735 581 3789 L
898 3734 1053 3795 Deus
1079 3747 1182 3805 est,
1210 3741 1315 3811 qui
1339 3754 1449 3808 per
1472 3746 1703 3795 sanctos
1727 3745 1782 3796 et
1811 3745 2120 3795 creaturas
2150 3738 2268 3795 edit
2298 3739 2622 3795 miracula.
3850 3734 3949 3789 308

540 3921 741 3999 [Possint
762 3923 1067 3999 scripturae
1091 3924 1316 3999 locorum
1344 3940 1517 3974 sacrae
1529 3927 1689 3999 quiin
1722 3926 1950 3999 homiliis
1983 3928 2215 3999 citantur
2247 3943 2271 3999 η
2301 3930 2522 3999 gtqnej
2551 3940 2727 3999 rerum
2753 3923 3173 3999 memorabilium
3195 3940 3221 3970 ι
3239 3923 3376 3999 duos
3407 3923 3823 3999 indiceexstgnt
3846 3920 3950 3999 17170-

605 3986 785 4037 miliae
818 3984 1060 4099 laEine
1098 3989 1253 4038 1-311.
1287 3989 1344 4038 In
1376 3984 1604 4053 quardm
1638 3988 1745 4039 ﬁne
1770 3989 1904 4053 legis
1938 3988 2268 4039 :Exeudebat
2295 3984 2434 4039 Guil.
2470 3986 2718 4037 Morelius
2746 3989 2800 4036 in
2854 3987 3060 4037 Graecis
3093 3987 3445 4051 tgpographus
3476 3986 3670 4049 Regius
3723 3984 3951 4034 Lutetiae

605 4048 932 4099 Parision
1027 4087 1038 4098 .
1076 4050 1134 4099 D.
1153 4050 1291 4099 LIX.
1325 4051 1437 4099 Cal.
1465 4051 1695 4099 Maiasfl.

605 4048 932 4100 Parision
969 4048 1038 4099 Μ.
1076 4050 1134 4099 D.
1153 4050 1291 4099 LIX.
1325 4048 1437 4101 Cal.
1465 4051 1695 4115 Maias.].

893 4304 1738 4424 ZACHABIAE
1853 4302 2665 4424 PALTHENII
2785 4296 3616 4421 PBAEFATIO

1287 4482 1407 4538 AD
1434 4482 1893 4539 EDITIONEM
1914 4481 2433 4539 HOMILIARUM
2451 4482 2514 4538 S.
2550 4479 2664 4537 MA
2682 4478 2898 4536 CARII
2933 4476 3326 4534 AEGYPTII

2000 4596 2150 4644 QUAM
2190 4595 2489 4637 mscmpsn'

540 4685 839 4742 SANCTI
872 4685 959 4740 PA
980 4686 1152 4743 TRIS
1181 4687 1285 4742 MA
1301 4688 1392 4743 CA
1408 4688 1521 4745 RII
1542 4688 1898 4746 EREMITA
1916 4689 1966 4744 E
1991 4690 2038 4744 A
2053 4689 2156 4744 EG
2175 4688 2391 4744 ῩΡΤΙΙ
2410 4686 2802 4744 HOMILIAE
2821 4685 3194 4742 SPIRITUA
3206 4682 3955 4751 LESQUINOUAGINTA

611 4758 705 4812 DE
732 4757 1148 4830 INTEGRITA
1166 4759 1262 4813 TE
1294 4760 1516 4827 QUAE
1560 4759 1825 4816 DECET
1846 4759 2383 4825 CIIRISTIANOS,
2429 4760 2651 4815 cunctis
2683 4759 2896 4830 quibus
2935 4757 3173 4830 animae
3199 4757 3365 4830 salus
3396 4768 3605 4830 revera
3636 4770 3823 4811 curae
3858 4759 3957 4819 est,

616 4834 741 4910 tum
760 4838 1010 4911 propter
1028 4826 2373 4911 insignempieiatisjioctrinam,7tzimpropter
2399 4826 3098 4911 similium'ﬁ'equentiam
3122 4827 3377 4910 maxime
3402 4826 3577 4909 utiles
3610 4841 3962 4911 acnecessa-

609 4900 760 4962 riae,
785 4899 835 4954 Ε
864 4898 1173 4957 GRAECO
1198 4902 1289 4958 IN
1305 4898 1406 4960 LA
1428 4898 2139 4959 TIIVUMSERMONEM
2162 4898 2479 4958 conversae
2517 4910 2570 4958 et
2615 4898 2980 4957 coniunctim
3038 4915 3201 4955 nunc
3244 4900 3500 4967 primum
3540 4898 3605 4952 in
3639 4898 3957 4954 Germania

618 4969 956 5027 editaeaM.
984 4971 1239 5031 ZACHA
1254 4973 1378 5030 RIA
1411 4973 1850 5030 PALTHENIO
1889 4973 2491 5031 FRIDBERGENSI
2527 4975 2686 5029 1594.
2719 4972 3113 5041 Franco/urti
3124 4970 3308 5040 Apud
3339 4968 3515 5025 Joan.
3577 4969 3840 5026 Wecheli
3882 4984 3961 5025 vt-

621 5041 1113 5114 duam,impensis
1135 5045 1375 5102 Nicolai
1394 5045 1655 5111 Bassaei,
1690 5047 1748 5101 8°
1779 5046 1925 5101 min.

606 5229 618 5302 Ι
661 5229 1013 5297 Reverendo,
1033 5230 1264 5302 generis
1287 5232 1597 5301 splendore
1609 5246 1681 5288 ac
1702 5232 2015 5288 nobilitate
2041 5232 2315 5303 antiqua,
2345 5229 2654 5300 religione,
2680 5228 3196 5295 virtute,doctrina
3217 5227 3532 5298 multisque
3560 5227 3620 5281 in
3638 5226 3955 5283 Ecclesium

540 5318 765 5377 Christi
784 5319 1009 5376 meritis
1025 5320 1529 5389 praestantissimo
1549 5320 1674 5378 viro
1701 5322 1823 5376 DD.
1850 5320 1985 5377 JOA
1996 5320 2116 5376 NN
2122 5321 2149 5375 I
2171 5319 2460 5377 SWICHA
2477 5318 2633 5375 RDO
2650 5318 2694 5373 Α
2730 5317 3160 5380 CRONBERG,
3189 5316 3439 5386 insignis
3468 5314 3957 5385 metropolitanae

533 5409 816 5469 ecclesiae
834 5408 1296 5481 Moguntinensis
1314 5410 1704 5477 Scholastico,
1721 5410 1779 5467 S.
1807 5411 2032 5466 Albani
2047 5409 2417 5493 Praeposito,
2436 5423 2543 5463 nec
2582 5423 2703 5463 non
2732 5406 3208 5463 reverendissimi
3232 5412 3284 5462 et
3308 5404 3702 5461 illustrissimi
3726 5400 3957 5459 Domini

535 5501 613 5556 D.
658 5497 1003 5570 Wolfgangi
1028 5499 1479 5570 Archiepiscopi
1534 5507 1586 5557 et
1620 5500 1919 5569 Principis
1979 5491 2269 5554 Electoris
2307 5497 2774 5568 Moguntinensis
2822 5496 2885 5551 in
2918 5494 3334 5565 spiritualibus
3384 5492 3619 5551 Vicario
3666 5491 3946 5563 generali.

544 5589 802 5645 Domino
831 5603 904 5648 ac
930 5591 1195 5647 Patrono
1219 5607 1323 5648 suo
1343 5592 1678 5663 plurimum
1710 5589 1957 5646 colendo
1988 5588 2043 5643 S.
2076 5588 2141 5644 P.

611 5677 1116 5756 Quotiescunque,
1134 5680 1477 5746 reverenda,
1495 5678 1863 5739 nobilissime
1877 5677 2314 5751 etamplissime
2336 5676 2437 5733 Do.
2461 5673 2904 5744 Schwicharde,
2926 5675 3233 5732 Maecenas
3250 5670 3694 5738 clarissime,vir
3705 5667 3945 5727 summis
