4092 6252
263 313 357 367 301
1162 310 1259 364 AD
1299 309 1695 366 EDITIONEM
1740 311 1912 367 HOM.
1958 312 2017 369 S.
2059 312 2357 369 MACARII
2398 312 2755 369 AEGYPTII.
3547 314 3651 367 302

267 435 499 491 laudum
523 434 857 506 praeconiis
872 441 1052 507 atque
1073 436 1640 507 nominenunquam
1668 437 1971 493 interituro
2001 437 3171 510 dignissime,quotiescunque,inquam.
3192 437 3304 492 hac
3328 437 3666 493 tristissima

270 526 710 580 mundisenecta
734 525 887 580 adeo
912 524 1122 594 frigide
1147 541 1216 580 ac
1231 524 1444 597 supine
1463 541 1739 594 graecam
1768 525 2033 593 linguam
2056 529 2112 582 in
2137 528 2439 599 plerisque
2464 527 2607 582 locis
2630 533 2756 582 tum
2786 527 3066 581 traditum
3089 526 3661 598 addisciconspicio,

267 614 529 670 continuo
549 613 793 669 animus
827 629 997 668 meus
1028 614 1299 668 obruitur
1327 613 1508 678 luctu,
1543 631 1805 670 moerere
1837 621 1892 670 et
1924 616 2152 672 tristitia
2187 632 2304 670 non
2328 618 2563 688 exigua.
2595 617 2757 681 Quae
2788 617 3004 670 etenim
3037 622 3121 669 est
3147 615 3470 681 dementia,
3503 629 3661 686 quae

263 701 675 773 fatuitas,quae
694 703 935 757 insania
956 717 1163 757 eorum
1188 702 1524 767 hominum,
1542 704 1890 775 quiabsque
1903 704 2078 760 huius
2110 708 2119 772 |
2153 705 2396 776 linguae
2418 705 2771 760 rudimentis
2787 720 2956 760 rarae
2981 709 3036 758 et
3060 703 3291 759 solidae
3312 703 3662 758 eruditionis

256 790 481 846 laudem
501 807 561 846 se
580 792 870 864 consequi
893 806 1068 862 posse
1090 797 1331 862 sperant
1355 792 1382 844 ?
1406 794 1530 847 Non
1554 792 1748 847 minor
1768 799 1945 860 certe,
1969 810 2037 848 ac
2061 793 2108 848 si
2131 794 2265 865 quis
2291 794 2521 865 absque
2539 793 2649 850 rati
2671 793 3034 848 immensum
3054 809 3123 848 ac
3145 799 3385 847 vastum
3410 792 3662 863 pelagus

251 881 514 944 transire,
536 888 642 937 aut
674 880 907 952 absque
937 879 1044 934 alis
1079 881 1136 934 in
1160 880 1402 936 aethera
1430 881 1683 946 evolare,
1709 889 1812 937 aut
1843 882 2075 955 absque
2108 883 2314 951 lingua
2342 899 2450 938 seu
2473 882 2720 953 Spiritus
2751 882 2938 938 sancti
2955 883 3117 938 dono
3149 887 3427 937 aeternae
3451 881 3663 936 salutis

246 969 526 1039 mysteria
537 969 824 1038 enodare,
848 968 1178 1041 patefacere
1200 974 1255 1024 et
1271 969 1588 1042 explicare,
1608 973 1713 1026 aut
1729 971 1986 1043 denique
2001 971 2235 1043 absque
2259 972 2491 1028 Christo
2514 987 2650 1041 rege
2669 976 2723 1026 et
2737 971 2913 1026 fratre
2928 976 3131 1026 nostro
3146 985 3470 1043 supernam
3495 971 3661 1026 Jeru-

242 1056 427 1114 salem
454 1058 758 1114 civitatem
784 1058 1094 1113 caelestem
1114 1063 1170 1113 et
1190 1059 1414 1127 gaudia
1431 1058 1714 1130 paradysi
1742 1060 1970 1127 ingredi
1993 1063 2404 1116 conaretur.Et
2429 1068 2580 1115 certe
2599 1065 2762 1116 tanta
2788 1064 2875 1115 est
2892 1060 3070 1115 huius
3097 1059 3336 1128 linguae
3352 1064 3662 1131 praestan-

243 1146 342 1211 tia,
372 1151 535 1202 tanta
560 1147 845 1215 dignitas,
879 1151 1044 1202 tanta
1070 1146 1345 1216 dignitati
1377 1146 1697 1202 coniuncta
1721 1147 1960 1213 utilitas,
1994 1154 2154 1204 tanta
2182 1149 2714 1219 amplitudo,tanta
2745 1149 3024 1204 maiestas
3050 1153 3368 1220 tantusque
3391 1147 3572 1204 decor
3603 1157 3660 1208 et

245 1239 511 1301 ornatus,
540 1242 627 1304 ut,
666 1236 716 1290 si
740 1236 1011 1291 instituta
1050 1235 1364 1291 collatione
1395 1236 1542 1292 haec
1562 1236 1766 1305 lingua
1806 1253 1944 1291 cum
1972 1237 2180 1292 ceteris
2206 1245 2623 1309 comparetur,
2666 1238 2928 1310 reliquas
2962 1253 3172 1292 omnes
3222 1241 3348 1292 tum
3409 1235 3658 1307 copiosa

245 1324 674 1380 vocabulorum
703 1325 873 1390 serie,
905 1329 1027 1380 tum
1067 1324 1342 1380 miranda
1372 1324 1761 1379 dialectorum
1794 1325 2076 1382 varietate
2099 1326 2181 1380 sic
2208 1327 2429 1381 anteire
2461 1331 2516 1381 et
2545 1342 2828 1397 superare
2861 1325 3153 1390 videatur,
3188 1329 3254 1379 ut
3283 1323 3372 1380 sol
3397 1325 3455 1379 in
3483 1340 3653 1396 supe-

242 1413 363 1467 rius
396 1413 906 1484 hemisphaerium
939 1414 1266 1483 productus
1308 1419 1554 1468 cunctas
1593 1415 1784 1469 octavi
1818 1414 1980 1469 orbis
2020 1414 2218 1470 stellas
2249 1414 2567 1485 splendore
2595 1431 2706 1470 suo
2741 1414 3021 1470 oﬂuscat.
3082 1413 3251 1469 Nulla
3299 1413 3458 1467 enim
3490 1417 3582 1467 est
3625 1428 3657 1468 e

245 1501 464 1557 circulo
477 1503 879 1558 humanarum
893 1508 1072 1574 atque
1091 1504 1491 1571 ingenuarum
1510 1503 1723 1557 artium
1753 1519 1821 1558 ac
1847 1503 2325 1574 disciplinarum,
2350 1520 2505 1575 quae
2532 1504 2644 1558 hac
2674 1519 2897 1571 carere,
2917 1502 3082 1558 nulla
3104 1517 3261 1574 quae
3289 1501 3518 1572 absque
3540 1501 3656 1557 hac

244 1590 498 1659 perfecte
522 1591 807 1657 doceri,et
832 1591 992 1647 nulla
1005 1607 1161 1663 quae
1179 1591 1406 1662 absque
1438 1591 1552 1646 hac
1576 1591 1810 1661 penitus
1825 1593 2046 1662 percipi
2072 1594 2428 1662 cognoscive
2441 1593 2651 1664 possit.
2678 1595 2731 1649 Si
2753 1597 2808 1647 et
2838 1594 2846 1660 |
2881 1592 3062 1657 enim,
3085 1595 3148 1646 ut
3172 1590 3304 1645 luce
3322 1588 3655 1645 meridiana

250 1675 465 1733 clarius
495 1684 600 1743 est,
633 1678 847 1735 latinus
877 1695 1074 1736 sermo
1114 1694 1144 1734 e
1175 1695 1389 1750 graeco
1419 1680 1682 1734 manavit
1714 1687 1891 1752 atque
1923 1682 2232 1752 processit,
2258 1682 2410 1737 adeo
2444 1687 2524 1747 ut,
2552 1682 2718 1754 quod
2753 1681 3043 1736 Homerus
3084 1678 3159 1735 de
3183 1693 3410 1734 oceano
3441 1678 3601 1733 canit
3641 1693 3653 1732 :

949 1822 1034 1884 Ἐξ
1073 1822 1228 1891 οὗπερ
1261 1824 1442 1881 πάντες
1481 1827 1705 1892 ποταμοὶ
1736 1827 1825 1874 καὶ
1868 1829 2011 1874 πᾶσα
2041 1823 2282 1876 θοῦασσα

954 1899 1054 1946 Καὶ
1094 1900 1264 1946 πᾶσαι
1289 1903 1476 1966 κρῆναι
1506 1899 1596 1946 καὶ
1618 1899 1811 1965 φρέατα
1844 1897 2013 1946 πάντα
2040 1896 2226 1946 νάουσι

230 2032 302 2088 de
323 2049 543 2104 graeca
566 2035 769 2105 lingua
798 2051 917 2090 non
945 2037 1236 2090 immerito
1265 2036 1381 2091 dici
1399 2035 1603 2107 possit,
1635 2052 1832 2100 nemo,
1853 2037 2089 2107 opinor,
2106 2037 2194 2092 vel
2229 2036 2789 2108 impudentissimus
2815 2035 3136 2104 negaverit,
3156 2034 3384 2106 absque
3400 2048 3650 2103 graecae

226 2123 463 2194 linguae
479 2125 1144 2196 cognitione,principio
1161 2124 1442 2180 nimirum
1459 2131 1637 2197 atque
1655 2126 1881 2193 origine
1896 2128 1995 2186 rei.
2016 2131 2286 2181 exactam
2309 2130 2487 2197 atque
2501 2126 2823 2197 perfectam
2838 2124 3059 2179 latinae
3073 2124 3312 2192 linguae
3336 2122 3646 2178 scientiam

218 2213 566 2284 comparari
595 2229 713 2268 non
739 2230 933 2285 posse.
953 2215 1118 2279 Quod
1138 2231 1307 2279 sane,
1326 2215 1395 2279 si,
1415 2221 1475 2269 ut
1499 2215 1692 2285 ipsius
1717 2216 1794 2269 rei
1824 2216 2112 2270 maiestas
2139 2216 2412 2285 exigit,in
2440 2215 2689 2284 singulis
2711 2213 2802 2269 vel
2820 2214 3038 2268 artium
3063 2212 3416 2283 disciplinis,
3431 2211 3524 2265 vel
3551 2226 3649 2266 ea-

208 2303 461 2356 rundem
481 2304 739 2358 summis
756 2302 1142 2358 facultatibus
1158 2303 1568 2358 demonstrare
1585 2309 1763 2375 atque
1783 2305 2050 2359 evincere
2070 2303 2696 2369 vellem,vereor,nein
2713 2302 3010 2358 inﬁnitum
3032 2301 3446 2357 extenderetur
3459 2300 3647 2355 oratio

207 2399 433 2446 nostra.
447 2391 625 2447 Modo
639 2394 848 2462 paucis
863 2408 986 2446 rem
1001 2392 1300 2456 delibabo,
1312 2392 1574 2463 ne,quod
1594 2393 1735 2454 dixi,
1747 2394 2060 2448 mendacio
2081 2394 2273 2462 magis
2288 2409 2471 2464 quam
2488 2393 2711 2447 veritati
2728 2407 3063 2461 congruum
3089 2406 3160 2445 ac
3175 2394 3644 2444 consentaneum

211 2480 502 2535 videatur.
549 2483 741 2552 Atque
765 2480 1079 2551 principio,
1115 2496 1312 2536 nonne
1342 2497 1553 2536 omnes
1577 2487 1753 2546 artes,
1788 2482 2210 2551 grammatica,
2250 2481 2583 2545 dialectica,
2612 2481 2926 2544 rhetorica,
2961 2479 3220 2543 musica,
3249 2477 3646 2542 arithmetica,

203 2571 560 2638 geometria,
578 2569 973 2636 astronomia,
989 2569 1241 2639 poetica,
1257 2570 1514 2641 politica,
1534 2571 1957 2642 therapeutica,
1977 2572 2245 2641 physica,
2262 2571 2562 2639 theologia
2579 2576 2759 2642 atque
2779 2570 2930 2624 adeo
2952 2569 3238 2622 universa
3260 2566 3641 2637 philosophia

203 2660 529 2731 omnisque
579 2658 1039 2728 disciplinarum
1075 2658 1258 2721 orbis,
1290 2675 1468 2729 quem
1530 2657 1994 2730 ἐγκυκλοπαιδείαν
2045 2676 2351 2723 vocamus,
2397 2673 2644 2728 graecos
2705 2660 3060 2714 etiamnunc
3115 2657 3307 2711 fontes
3350 2654 3645 2726 sapiunt?

231 2750 241 2818 |
304 2750 470 2803 Adeo
501 2753 566 2803 ut
595 2763 668 2802 ne
709 2748 958 2802 nomina
998 2749 1241 2818 quidem
1267 2747 1404 2812 alia,
1437 2764 1621 2818 quam
1658 2749 1854 2803 nativa
1877 2752 1933 2802 et
1963 2763 2178 2818 graeca
2207 2749 2543 2813 admittant,
2579 2765 2771 2819 neque
2819 2763 2928 2802 nos
2974 2745 3106 2800 aliis
3163 2742 3511 2799 nominibus
3541 2758 3644 2798 eas

206 2851 641 2906 agnoscamus,
663 2851 855 2906 eoque
879 2836 1003 2890 iure
1029 2852 1090 2889 se
1114 2836 1288 2890 nobis
1317 2837 1676 2907 permittant,
1706 2844 1822 2891 uta
1855 2837 2118 2891 fontibus
2147 2837 2366 2891 secludi
2393 2852 2513 2891 non
2543 2838 2860 2908 patiantur.
2892 2836 2949 2890 Si
2972 2851 3008 2888 a
3044 2834 3223 2888 literis
3254 2832 3412 2887 velut
3432 2832 3509 2887 ab
3531 2847 3645 2887 ovo

204 2941 332 2980 rem
361 2931 727 2990 retexamus,
745 2940 944 2980 nonne
967 2925 1152 2980 Latini
1179 2940 1390 2980 omnes
1413 2942 1552 2980 suas
1576 2925 1799 2992 literas,
1817 2942 1937 2980 una
1957 2926 2249 2980 duntaxat
2267 2932 2446 2997 atque
2467 2925 2652 2980 altera
2669 2925 2893 2988 demta,
2927 2939 2961 2978 a
2979 2922 3216 2977 Graecis
3243 2920 3519 2983 mutuati,
3535 2935 3644 2974 nec

213 3018 416 3067 tamen
450 3029 802 3079 graecarum
840 3013 1148 3068 literarum
1181 3013 1486 3068 concisam
1544 3014 1896 3069 brevitatem
1926 3020 2028 3069 aut
2056 3014 2254 3085 potius
2284 3014 2644 3082 elegantiam
2677 3013 2933 3084 perfecte
2963 3027 3031 3065 ac
3064 3010 3238 3081 plene
3269 3008 3351 3079 (a)
3386 3007 3643 3063 assecuti

215 3107 357 3154 sunt
384 3101 604 3165 ?Quod
635 3103 794 3157 enim
828 3102 1011 3157 Latini
1045 3108 1326 3173 quatuor,
1361 3103 1419 3156 id
1454 3103 1653 3158 Graeci
1706 3103 1942 3157 duabus
1993 3103 2335 3173 exprimunt
2388 3102 2593 3166 literis,
2655 3102 2712 3156 id
2755 3101 2919 3172 quod
2959 3103 3216 3170 apparet
3271 3098 3330 3151 in
3385 3096 3641 3151 dictione

216 3188 548 3260 ἀπόφθεγμα,
577 3192 773 3261 φθίσις,
807 3197 862 3246 et
902 3191 1224 3246 similibus.
1271 3194 1474 3246 Nonne
1497 3207 1739 3263 quoque
1772 3193 2151 3247 Grammatici
2180 3192 2356 3246 huius
2382 3191 2622 3259 linguae
2664 3189 2874 3261 peritia
2917 3200 3308 3257 summopere
3352 3183 3642 3253 indigent,

218 3279 372 3332 adeo
393 3279 566 3349 utqui
601 3280 910 3350 Cristepro
942 3280 1192 3347 Christe,
1218 3281 1434 3334 eleison
1460 3281 1797 3349 proeleeson
1821 3287 1875 3333 et
1893 3285 2106 3333 sonant
2129 3284 2188 3333 et
2214 3279 2500 3340 scribunt.
2518 3282 2698 3332 rudes
2722 3282 2902 3347 atque
2920 3275 3196 3329 omnium
3228 3288 3428 3328 rerum
3451 3271 3643 3340 ignari

221 3366 637 3420 existimentur
657 3366 683 3419 εἰ
709 3367 864 3435 Quid
893 3368 964 3422 de
985 3367 1317 3434 dialectica,
1335 3368 1556 3439 quidve
1579 3368 1652 3421 de
1678 3369 1971 3422 rhetorica
1988 3369 2187 3422 dicam
2218 3368 2243 3420 ?
2273 3369 2462 3432 Quam
2492 3367 3029 3436 inﬁnitis,quaeso,
3054 3367 3299 3416 utuntur
3317 3360 3447 3416 illae
3467 3374 3645 3415 voca-

225 3452 403 3516 bulis,
438 3468 590 3522 quae
619 3455 828 3524 partim
854 3464 986 3512 sunt
1027 3473 1264 3526 graeca,
1287 3458 1502 3527 partim
1520 3472 1726 3510 eorum
1753 3457 2079 3511 imitatione
2103 3456 2550 3527 facta,quorum
2579 3456 2699 3509 vim
2719 3469 2788 3509 ac
2812 3451 3325 3522 signiﬁcationem
3353 3449 3453 3518 qui
3477 3450 3644 3518 igno-

224 3545 362 3596 rant
389 3556 571 3613 quam
596 3544 843 3611 graviter
872 3545 1329 3606 hallucinentur,
1357 3553 1565 3600 notum
1593 3546 1896 3600 omnibus.
1914 3548 1978 3600 Et
1999 3551 2153 3600 certe
2180 3545 2363 3600 multa
2383 3550 2517 3599 sunt
2535 3544 2697 3615 apud
2722 3541 3094 3598 Aristotelem
3113 3580 3125 3604 ,
3152 3554 3308 3609 quae
3336 3542 3438 3594 aut
3463 3537 3644 3594 latine

219 3631 769 3702 transferrioptime
800 3649 870 3688 ne
930 3638 938 3704 |
999 3640 1244 3707 queunt,
1285 3640 1387 3690 aut
1429 3634 1712 3689 translata
1744 3634 1857 3688 alio
1884 3650 2062 3689 sensu
2092 3635 2516 3704 accipiuntura
2539 3632 2871 3702 legentibus
2906 3646 3096 3702 quam
3135 3629 3211 3683 ab
3235 3645 3305 3683 eo
3338 3627 3638 3682 dicuntur.

217 3719 368 3786 Quin
385 3725 441 3775 et
461 3727 662 3791 poetas
681 3737 1031 3791 graecarum
1050 3725 1354 3778 literarum
1375 3724 1616 3792 ignaros
1637 3725 1938 3777 incassum
1956 3724 2226 3780 laborem
2251 3724 2551 3793 suscipere
2570 3737 2640 3776 ac
2662 3736 2972 3791 nunquam
2990 3720 3293 3772 Musarum
3313 3715 3639 3787 penetralia

215 3808 450 3879 ingredi
475 3825 647 3880 posse
665 3812 755 3865 vel
778 3828 848 3866 ex
873 3828 942 3867 eo
958 3816 1141 3884 patet,
1164 3813 1329 3884 quod
1350 3828 1559 3867 omnes
1586 3811 1821 3867 fabulae
1846 3828 1915 3867 ac
1934 3813 2219 3882 figmenta
2238 3813 2469 3880 poetica
2493 3827 2524 3866 e
2545 3811 2781 3866 Graecis
2801 3809 3126 3880 pendeant.
3147 3806 3297 3870 Quid
3319 3805 3392 3859 de
3415 3804 3641 3860 mathe-

214 3899 452 3954 maticis
468 3901 726 3954 scientiis
741 3900 953 3972 loquar
971 3902 999 3957 ‘1’
1013 3902 1148 3957 Illae
1173 3911 1291 3956 tam
1306 3902 1694 3971 possuntsinc
1718 3902 1944 3969 graecis
1961 3902 2138 3954 literis
2155 3899 2406 3970 perfecte
2425 3901 2628 3962 teneri,
2646 3913 2832 3969 quam
2854 3898 2978 3950 sine
3003 3895 3234 3966 graecis
3248 3894 3593 3949 auctoribus
3611 3892 3638 3945 ?

215 3984 379 4048 Quis,
414 3999 668 4056 quaeso,
697 3985 805 4038 nisi
835 3986 1091 4040 Graecus
1122 3987 1389 4056 intelligit
1445 3989 1744 4043 Euclidem
1773 3991 1801 4045 ?
1833 3991 1968 4060 quis
2022 3988 2422 4043 Ptolemaeum
2449 3986 2477 4041 ?
2514 3987 2650 4058 quis
2681 3985 2949 4056 proclum
2978 3985 3005 4040 ?
3040 3981 3184 4048 Quis
3240 3983 3347 4036 nisi
3382 3983 3638 4035 Graecus

212 4073 541 4144 explicabit
572 4073 719 4144 quid
752 4074 825 4128 sit
857 4077 1144 4144 trigonus,
1171 4077 1313 4146 quid
1345 4084 1712 4147 tetragonus,
1745 4078 1884 4149 quid
1911 4092 2138 4141 monas,
2173 4076 2318 4147 quid
2352 4078 2517 4140 trias,
2551 4073 2699 4146 quid
2730 4074 3022 4139 diapente,
3061 4071 3206 4141 quid
3239 4070 3633 4134 diatessaron,

212 4162 355 4233 quid
388 4162 740 4227 excentrici,
773 4163 917 4234 quid
946 4165 1328 4232 syncentrici,
1364 4167 1504 4236 quid
1532 4166 1825 4235 epicyclii,
1856 4167 2003 4238 quid
2026 4167 2309 4234 eclypses,
2340 4171 2395 4219 et
2422 4165 2548 4220 eius
2575 4164 2809 4232 generis
2833 4166 2999 4215 tanta
3023 4161 3215 4222 turba,
3249 4163 3308 4213 ut
3333 4156 3635 4212 audiendo

212 4252 380 4321 prius
411 4267 598 4323 quam
627 4253 1164 4308 commemorando
1193 4256 1397 4308 omnia
1445 4255 1756 4324 defatigari
1797 4258 1931 4327 quis
1983 4256 2191 4326 possit.
2223 4255 2310 4308 Ad
2337 4254 2521 4308 serias
2567 4268 2707 4307 vero
2741 4257 2919 4322 atque
2951 4249 3171 4303 arduas
3213 4247 3262 4302 si
3288 4245 3635 4318 progrediar

213 4338 591 4411 disciplinas,
614 4340 910 4397 medicina
935 4346 1240 4412 tantopere
1261 4343 1482 4412 indiget
1506 4345 1733 4412 graecis
1759 4344 2034 4409 literis,ut
2055 4345 2160 4417 qui
2183 4343 2312 4398 eius
2335 4341 2678 4412 cognitione
2700 4346 2959 4404 careant,
2976 4337 3144 4401 dum,
3169 4341 3232 4391 ut
3256 4340 3436 4407 poeta
3462 4331 3639 4388 canit.

971 4485 1227 4556 Φάρμακα
1253 4485 1413 4537 πολλὰ
1434 4490 1724 4558 μεμιγμένα
1754 4485 1920 4559 λυγρά
1950 4491 2039 4538 καὶ
2072 4484 2230 4537 ἐσθλά

223 4624 586 4690 ministrant,
617 4630 892 4694 aegrotos
922 4642 1043 4681 non
1089 4642 1224 4682 raro
1253 4627 1312 4681 in
1343 4633 1672 4682 extremum
1717 4627 1870 4681 vitae
1908 4625 2237 4696 periculum
2262 4623 2596 4680 coniiciant.
2645 4623 2793 4677 Cum
2827 4619 2986 4674 enim
3019 4618 3171 4689 phar
3232 4618 3240 4685 |
3304 4628 3638 4677 macorum,

225 4715 1229 4785 uuguentorum,cataplasmatum.
1255 4717 1590 4787 potionum,
1615 4715 2151 4778 ceromatum,item
2176 4711 2596 4773 animantium,
2620 4711 2959 4781 plantarum
2982 4720 3385 4776 gemmarum,
3407 4701 3646 4758 morbo-

224 4815 380 4867 rum,
397 4802 828 4867 remediorum,
844 4804 1399 4868 instrumentorum,
1417 4806 1751 4875 ponderum
1775 4810 1828 4857 et
1848 4819 2264 4858 mensurarum
2285 4800 2580 4856 vocabula
2602 4799 2805 4854 omnia
2824 4799 2937 4851 sint
2959 4812 3194 4864 graeca,
3218 4794 3372 4866 quis,
3397 4806 3642 4864 quaeso,

223 4890 370 4945 citra
389 4892 573 4947 huius
592 4891 830 4963 linguae
861 4893 1260 4963 cognitionem
1284 4895 1450 4965 periti
1480 4892 1690 4947 medici
1710 4893 1887 4947 laude
1903 4909 1968 4946 ac
1988 4891 2312 4962 praeconio
2331 4888 2604 4945 exornari
2633 4891 2928 4942 mereatur
2943 4884 2971 4938 ‘?
2986 4886 3126 4950 Quis
3145 4883 3569 4954 Hippocratem
3593 4885 3650 4934 et

225 4981 524 5036 Galenum
553 4982 821 5035 omnium
865 4983 1236 5038 medicorum
1262 4986 1578 5055 κορυφαίους
1609 4988 1662 5036 et
1697 4978 1841 5053 δᾳδοε

1862 5001 2025 5052 ιχους,
2055 4981 2128 5036 de
2159 4980 2379 5051 quibus
2407 4995 2468 5032 re
2495 4993 2631 5032 vera
2669 4977 2784 5030 dici
2813 4978 3017 5045 posset
3046 4973 3210 5043 quod
3245 4971 3478 5025 fuerint.

982 5124 1174 5196 Ἰητροὶ
1207 5119 1410 5197 ἀνδρῶν
1439 5123 1635 5176 πολλῶν
1670 5122 1901 5186 ἀντάξιοί
1925 5122 2109 5189 ἄλλων,

224 5264 382 5335 quis,
411 5264 694 5334 inquam,
724 5278 826 5318 eos
850 5263 1082 5335 absque
1099 5264 1274 5319 huius
1296 5265 1534 5334 linguae
1563 5265 1810 5319 scientia
1833 5263 2136 5332 intelliget,
2161 5262 2299 5335 quis
2319 5261 2622 5324 enodabit,
2651 5258 2788 5330 quis
2813 5257 3143 5325 genuinum
3177 5267 3500 5323 verumque
3520 5265 3648 5304 sen-

229 5369 364 5408 sum
385 5370 459 5409 ex
483 5352 555 5407 iis
581 5353 787 5408 eruet?
809 5355 921 5409 Nec
943 5370 1077 5409 vero
1100 5354 1242 5409 iuris
1260 5355 1636 5426 prudentiam
1656 5369 1905 5424 graecae
1928 5353 2162 5423 linguae
2183 5349 2547 5407 adminiculo
2569 5363 2765 5404 carere
2789 5362 2978 5419 posse,
2996 5345 3136 5400 hinc
3157 5339 3640 5398 ﬁtmanifestum.

1838 5522 2092 5578 NOTAE.

300 5682 382 5751 (a)
409 5682 616 5744 Corr.,
659 5679 851 5738 Palth.
887 5682 1074 5750 pleni.
1110 5680 1264 5736 Emr.
