4092 6252
505 313 614 370 303
1576 311 1975 368 ZACHARIAE
2016 312 2396 369 PALTHENII
2440 313 2842 369 PRAEFATIO
3815 309 3920 365 304

502 440 666 511 quod
690 441 976 514 epistolae
1007 445 1064 498 et
1114 442 1402 513 rescripta
1457 441 1887 512 imperatorum
1941 439 2316 511 aliorumque
2363 439 2903 495 iureconsultorum
2961 451 3256 507 responsa
3305 435 3594 506 pleraque
3641 448 3918 489 sermone

505 544 720 599 graeco
751 530 986 603 prolata
1010 537 1186 603 atque
1216 531 1374 585 edita
1396 530 1530 594 sint,
1563 529 1904 600 multaeque
1930 544 2107 584 voces
2134 535 2189 583 et
2217 530 2542 584 sententiae
2573 543 2929 597 graecorum
2961 525 3485 597 philosophorum,
3518 528 3834 594 poetarum
3865 527 3920 577 et

505 625 808 676 oratorum
833 625 1122 692 tanquam
1154 635 1427 690 gemmae
1460 625 1514 674 et
1544 619 1776 672 lumina
1803 618 2089 673 orationis
2118 618 2194 672 ad
2229 633 2321 672 res
2354 617 2786 689 signiﬁcantius
2808 615 3232 687 exprimendas
3276 615 3536 668 insertae
3573 613 3714 668 sint.
3766 615 3918 678 Quin

507 709 685 765 etiam
718 709 945 781 aliquot
971 716 1109 764 sunt
1129 709 1286 780 leges
1320 714 1374 764 et
1401 708 1570 773 tituli,
1595 723 1748 779 quos
1773 712 1922 761 totos
1953 724 1988 761 a
2021 708 2029 775 |
2064 706 2302 762 Graecis
2329 708 2575 762 mutuati
2602 713 2740 761 sunt
2765 704 3168 768 iureconsulti,
3195 704 3272 758 ab
3295 701 3604 757 Aristotele
3633 701 3918 756 nimirum

511 797 711 852 titulus
741 799 813 854 de
842 800 1058 864 usuris,
1087 815 1122 853 a
1148 799 1387 868 platone
1417 798 1490 866 ῙῙ.
1524 798 1595 853 de
1625 796 1911 852 nundinis
1949 798 1988 850 l.
2018 799 2070 859 2,
2101 797 2183 850 sic
2217 796 2418 851 titulus
2458 797 2530 852 de
2567 798 2768 864 poenis
2814 810 2884 849 ex
2919 797 3170 849 Homero
3198 797 3254 846 et
3285 791 3702 847 Demosthene.
3752 792 3918 846 Sum-

506 902 746 956 mopere
779 903 919 956 ergo
951 903 1304 956 graecarum
1336 887 1641 942 literarum
1666 901 1780 955 ope
1811 885 2034 956 indiget
2064 885 2263 954 legum
2309 885 2534 956 cupida
2573 885 2866 940 iuventus.
2903 882 3107 947 Quoad
3156 880 3522 948 theologiam
3565 894 3727 943 vero,
3761 895 3915 949 quae

507 975 682 1031 nobis
721 982 1103 1032 sacrosancta
1129 975 1372 1032 oracula
1393 983 1571 1046 atque
1599 976 1748 1030 adeo
1777 974 1986 1029 salutis
2021 979 2261 1029 nostrae
2293 991 2596 1030 summam
2628 973 2826 1038 tradit,
2857 973 2902 1026 si
2935 972 3070 1043 quis
3100 970 3281 1025 huius
3306 969 3548 1038 linguae
3578 967 3914 1037 cognitione

507 1080 569 1120 se
598 1079 798 1120 carere
823 1080 1002 1136 posse
1031 1071 1281 1130 asserat,
1316 1064 1364 1119 is
1391 1064 1536 1119 mihi
1568 1079 1686 1118 non
1715 1063 1971 1118 multum
2006 1063 2299 1118 absimilis
2337 1063 2572 1118 videtur
2604 1077 2731 1118 esse
2763 1063 2834 1125 ei,
2867 1062 2969 1133 qui
3001 1061 3229 1131 absque
3261 1059 3625 1114 nutrimento
3677 1062 3732 1111 et
3780 1056 3911 1112 cibo

506 1168 725 1225 corpus
745 1153 980 1209 salvum
999 1159 1056 1208 et
1076 1153 1377 1208 incolume
1405 1153 1745 1208 conservari
1767 1151 1999 1207 statuit.
2032 1154 2236 1207 Nonne
2264 1167 2474 1206 omnes
2494 1150 2919 1223 Evangelistae,
2939 1154 3184 1220 excepto
3216 1163 3338 1204 uno
3370 1147 3683 1209 Matthaeo,
3712 1161 3914 1200 nonne

505 1258 717 1298 omnes
747 1242 1030 1312 epistolae
1064 1241 1254 1305 Pauli,
1283 1257 1482 1296 nonne
1510 1240 1890 1312 apocalypsis
1921 1241 2170 1295 Joannis
2205 1256 2416 1309 graeco
2468 1256 2742 1295 sermone
2795 1241 3120 1312 perscripta
3166 1243 3223 1294 et
3250 1239 3324 1294 ad
3378 1253 3489 1292 nos
3539 1236 3737 1292 delata
3775 1236 3914 1290 est?

508 1333 714 1385 Nonne
753 1329 1027 1395 Basilius,
1060 1345 1260 1386 nonne
1286 1330 1767 1401 Chrysostomus,
1797 1344 1996 1384 nonne
2044 1329 2467 1397 Nazianzenus,
2495 1345 2694 1384 nonne
2751 1330 3056 1393 Eusebius,
3116 1343 3316 1383 nonne
3348 1326 3652 1396 Origenes,
3714 1340 3912 1380 nonne

508 1418 1008 1489 Theophylactus,
1035 1435 1235 1474 nonne
1266 1419 1621 1473 Athanasius
1652 1423 1829 1490 atque
1862 1417 2248 1488 Epiphanius,
2285 1419 2388 1473 viri
2417 1419 2570 1473 vitae
2603 1419 2998 1473 sanctimonia
3027 1422 3205 1490 atque
3237 1417 3570 1472 eruditione
3607 1429 3918 1470 commen-

512 1507 652 1570 dati,
688 1523 825 1562 cum
852 1508 1076 1579 quibus
1105 1523 1286 1579 quem
1319 1523 1632 1578 compares
1663 1507 2078 1578 cuiuscunque
2129 1507 2220 1561 vel
2272 1506 2510 1576 linguae
2548 1507 2635 1562 vel
2668 1508 2876 1564 aetatis
2918 1507 3278 1576 theologum,
3321 1521 3443 1560 non
3476 1504 3646 1559 facile
3687 1503 3869 1559 video
3903 1519 3913 1557 :

509 1611 732 1664 nonne,
766 1597 1036 1668 inquam,
1070 1613 1280 1652 omnes
1307 1612 1521 1665 graeco
1565 1612 1841 1651 sermone
1883 1613 1996 1650 sua
2025 1612 2209 1667 opera
2234 1597 2716 1668 conscripserunt
2754 1597 2782 1651 ?
2813 1598 2956 1662 Quis
3009 1611 3148 1665 ergo
3189 1611 3260 1650 ex
3307 1594 3420 1650 illis
3451 1593 3626 1649 nobis
3684 1593 3920 1647 futurus

507 1685 603 1741 fru
635 1686 645 1756 |
678 1691 825 1750 ctus,
854 1701 1009 1757 quae
1049 1685 1380 1741 consolatio
1412 1691 1514 1741 aut
1538 1686 1874 1756 oblectatio,
1925 1686 1971 1739 si
2005 1699 2254 1756 graecae
2296 1684 2534 1753 linguae
2577 1686 2835 1741 studium
2870 1686 3308 1755 negligeremus
3341 1683 3368 1738 εἰ
3399 1682 3604 1738 Nullus
3639 1687 3815 1737 certe.
3855 1683 3919 1736 Et

510 1780 659 1831 certe
690 1775 803 1831 hoc
831 1780 1026 1846 pacto,
1056 1775 1220 1846 quod
1259 1775 1429 1837 obsit,
1475 1775 1673 1829 irritus
1706 1780 1882 1846 atque
1913 1774 2109 1829 inanis
2141 1774 2336 1829 omnis
2368 1774 2604 1829 illorum
2639 1776 2810 1831 labor
2852 1773 3072 1829 fuisset.
3104 1777 3308 1830 Fateor
3352 1772 3620 1844 quidem,
3655 1787 3727 1827 ex
3759 1771 3912 1825 Lati-

508 1865 602 1921 nis
632 1868 873 1936 gustum
909 1865 1235 1920 maximum
1267 1865 1491 1922 hauriri
1521 1869 1700 1936 atque
1741 1863 1957 1936 percipi
1990 1878 2191 1934 posse,
2218 1869 2482 1919 attamen
2515 1864 2628 1919 hac
2660 1865 2715 1918 in
2750 1869 2915 1935 parte
2941 1869 3154 1935 poetae
3194 1862 3531 1935 adstipulor
3571 1861 3676 1932 qui
3718 1860 3912 1916 canit:

1576 2032 1827 2089 Gratius
1867 2047 1940 2088 ea:
1964 2032 2091 2100 ipso
2115 2031 2281 2100 fonte
2313 2032 2595 2088 bibuntur
2625 2047 2841 2102 aquae.

507 2185 662 2238 Haec
701 2198 842 2252 ergo
866 2199 1054 2255 quam
1086 2184 1292 2238 omnia
1321 2184 1422 2247 ita,
1460 2189 1522 2237 ut
1551 2183 1698 2250 dixi,
1731 2183 1817 2237 sic
1846 2197 1906 2235 se
1935 2181 2220 2249 habeant,
2249 2182 2382 2253 quis
2416 2182 2567 2236 adeo
2599 2182 2900 2254 pervicax,
2929 2182 3079 2236 adeo
3134 2180 3468 2237 obstinatae
3498 2181 3738 2249 mentis,
3772 2181 3923 2236 adeo

510 2271 698 2327 durae
729 2272 970 2327 cervicis
993 2278 1170 2344 atque
1202 2271 1353 2327 adeo
1386 2273 1649 2343 perversi
1691 2270 1897 2341 judicii
1924 2287 2050 2325 esse
2082 2271 2288 2340 possit,
2318 2272 2419 2342 qui
2462 2277 2684 2326 tantam
2718 2271 2897 2326 huius
2938 2271 3177 2338 linguae
3207 2271 3654 2342 praestantiam.
3689 2275 3922 2324 tantam

512 2358 859 2428 dignitatem
889 2358 1278 2428 dignitatique
1311 2359 1696 2414 coniunctam
1734 2359 2041 2414 utilitatem
2074 2375 2195 2414 non
2229 2366 2537 2428 agnoscat,
2583 2360 2849 2428 agnitam
2875 2359 3194 2430 praedicet,
3222 2365 3399 2431 atque
3421 2358 3637 2413 debitis
3669 2358 3922 2413 laudum

508 2446 794 2501 encomiis
825 2447 1045 2501 ornet?
1087 2449 1258 2501 Recte
1288 2447 1465 2515 igitur
1485 2451 1664 2518 atque
1692 2449 1914 2518 optime
1943 2448 2173 2503 subtilis
2203 2449 2403 2503 iudicii
2445 2455 2622 2520 atque
2663 2449 2997 2521 profundae
3039 2449 3390 2504 eruditionis
3427 2449 3515 2503 vir
3547 2449 3607 2503 Η.
3656 2449 3711 2502 S.
3766 2447 3926 2503 velut

507 2531 756 2607 παρῳδὸς
786 2534 859 2589 de
889 2535 1002 2590 hac
1025 2535 1232 2604 lingua
1261 2536 1419 2591 canit
1451 2553 1463 2591 :

1258 2705 1502 2780 Γλῴσςης
1535 2707 1798 2777 θησαυρὸς
1819 2705 2064 2776 γλῶσσαν
2099 2708 2241 2780 παρὰ
2269 2711 2443 2757 πᾶσαν
2471 2707 2684 2778 ἄριστος

1260 2773 1531 2837 Ἐλλαὸικῆ
1545 2798 1584 2843 ς,
1617 2773 1798 2831 παὰῶν
1825 2773 2060 2852 χαρίτων
2083 2773 2183 2830 πᾶὺ
2209 2783 2391 2850 μέτρον
2419 2773 2673 2850 ἑχόύσης.

508 2949 574 3002 Et
601 2945 863 3019 quidem,
899 2951 962 3002 ut
989 2946 1247 3016 ingenue
1287 2946 1495 3012 fatear,
1528 2952 1730 3004 tantus
1755 2964 1850 3003 me
1879 2948 2056 3003 huius
2081 2947 2321 3018 linguae
2350 2948 2593 3003 incessit
2623 2963 2812 3012 amor,
2844 2951 3007 3002 tanta
3040 2961 3134 3001 me
3164 2962 3199 3001 a
3231 2945 3444 3000 teneris
3471 2943 3589 3000 fere
3628 2946 3914 3015 unguicu-

515 3035 587 3092 lis
615 3035 865 3091 detinuit
895 3036 1216 3108 cupiditas,
1244 3041 1307 3091 ut
1335 3052 1442 3108 per
1462 3041 1651 3093 totum
1683 3042 1965 3094 semestre
1996 3037 2280 3108 spatium,
2313 3036 2540 3092 invidia
2566 3037 2725 3093 dicto
2749 3037 2928 3100 absit,
2988 3040 2997 3104 |
3056 3035 3154 3089 uni
3182 3037 3457 3090 Homero.

1694 3251 1700 3255 -
1800 3210 1855 3265 Α
1901 3222 2015 3277 quo
2047 3221 2150 3263 ceu
2196 3208 2364 3276 fonte
2390 3207 2641 3274 perenni

1630 3278 1838 3334 Vatum
1873 3278 2081 3334 Pieriis
2125 3294 2231 3334 ora
2278 3280 2564 3348 rigantur
2593 3278 2784 3350 aquis,

524 3445 904 3518 perlegendo,
938 3447 1256 3515 relegendo
1289 3452 1464 3517 atque
1486 3447 1868 3511 revolvendo,
1911 3451 2103 3502 totum
2135 3462 2230 3501 me
2261 3447 2548 3501 dederim.
2580 3446 2734 3502 Idem
2765 3447 2922 3501 enim
2947 3445 3255 3501 accidebat
3288 3444 3453 3510 mihi,
3486 3444 3653 3517 quod
3702 3445 3790 3509 iis,
3821 3447 3930 3516 qui

520 3535 735 3605 exiguo
767 3533 968 3606 aliquo
987 3535 1326 3590 divinorum
1348 3536 1767 3607 mysteriorum
1786 3540 1961 3604 gustu
1979 3542 2273 3608 percepto,
2295 3552 2415 3607 quo
2445 3536 2678 3606 majora
2708 3535 2823 3589 sibi
2846 3534 3100 3590 revelata
3112 3534 3327 3589 fuerint
3352 3534 3574 3604 gaudia
3595 3534 3899 3590 caelorum
3914 3577 3927 3600 ,

515 3639 586 3679 eo
600 3623 922 3679 ardentiori
941 3622 1232 3677 desiderio
1256 3628 1546 3678 tenentur.
1571 3624 1666 3678 Sic
1679 3639 1790 3693 ego
1804 3640 1924 3694 quo
1949 3624 2157 3694 majori
2179 3625 2405 3679 fervore
2424 3625 2744 3696 scriptores
2764 3639 3007 3696 graecos
3025 3630 3147 3679 tum
3163 3623 3393 3679 solutae
3413 3629 3536 3678 tum
3561 3623 3778 3696 ligatae
3796 3641 3930 3680 ora-

511 3711 1075 3774 tionisevolvebam,
1097 3726 1167 3764 eo
1191 3711 1597 3767 vehementius
1629 3719 1826 3766 aestus
1860 3712 1954 3767 ille
1983 3712 2166 3768 animi
2193 3714 2552 3769 inﬂammari
2579 3713 3235 3786 atqueincendicoepit,
3258 3713 3410 3768 adeo
3430 3718 3601 3768 utme
3620 3713 3776 3768 illius
3807 3720 3931 3768 slu-

513 3800 596 3855 dii
626 3799 789 3854 nulla
817 3814 1083 3869 unquam
1115 3798 1368 3872 ὰψικορία
1391 3807 1492 3855 aut
1519 3800 1820 3856 fastidium
1845 3802 2490 3874 ceperit,etquomagis
2516 3803 2823 3866 esurirem,
2852 3818 3162 3873 nunquam
3194 3808 3391 3857 tamen
3411 3802 3599 3857 fames
3632 3802 3733 3857 illa
3759 3803 3932 3857 seda-

513 3888 582 3952 ri,
617 3887 838 3958 expleri
865 3892 1300 3943 autexsaturari
1331 3890 1611 3959 potuerit.
1632 3891 1949 3962 Quumque
1975 3891 2086 3945 hac
2108 3891 2301 3947 hieme
2320 3909 2354 3946 a
2376 3892 2675 3947 continuis
2700 3891 3263 3962 laboribus,quibus
3290 3890 3443 3946 ultra
3473 3891 3930 3961 sesquiennium

516 3978 786 4047 obrutus,
819 3992 940 4031 non
973 3983 1172 4033 tamen
1188 3993 1510 4048 oppressus
1536 3979 1640 4043 fui,
1668 3979 1982 4049 respiratio
2012 3980 2232 4049 exigua
2261 3981 2891 4044 concederetur,incidi
2924 3981 3068 4034 forte
3091 3980 3322 4034 fortuna
3353 3980 3410 4033 in
3441 3985 3723 4033 sanctum
3749 3987 3932 4050 atque

517 4065 789 4121 divinum
806 4067 992 4121 sancti
1014 4066 1198 4138 patris
1213 4068 1473 4123 Marcarii
1495 4070 2087 4139 opus,sanctissimas
2104 4069 2387 4124 nimirum
2402 4076 2577 4142 atque
2593 4086 2830 4125 summa
2846 4071 3061 4140 pietate
3085 4069 3327 4122 refertas
3353 4067 3928 4138 Homilias,quarum

513 4155 688 4211 lectio
723 4171 815 4210 me
847 4155 998 4210 adeo
1029 4156 1359 4223 oblectavit,
1393 4159 1675 4212 recreavit
1708 4164 1761 4212 et
1789 4158 2057 4221 detinuit,
2090 4161 2168 4222 ut,
2199 4160 2550 4228 priusquam
2587 4159 2782 4229 spatio
2814 4161 2988 4212 trium
3022 4157 3255 4211 dierum
3290 4156 3507 4210 librum
3547 4156 3927 4222 evolvissem,

519 4245 807 4315 perversis
825 4244 974 4299 meis
990 4245 1120 4314 cogi
1155 4251 1163 4314 Ι
1200 4246 1520 4302 tationibus
1543 4247 1790 4300 omnino
1812 4261 2052 4314 gravem
2083 4251 2137 4300 et
2160 4245 2473 4301 molestum
2493 4262 2584 4300 me
2607 4247 3192 4302 exhibuerim.Tanta
3211 4246 3372 4300 enim
3389 4244 3671 4313 religione
3695 4251 3927 4301 scatent

513 4332 625 4388 hae
660 4332 937 4388 homiliae
965 4340 1144 4404 atque
1170 4349 1496 4401 sermones,
1525 4339 1588 4388 ut
1619 4334 1710 4388 vel
1740 4334 1796 4388 in
1823 4350 2016 4403 agone
2045 4336 2249 4389 mortis
2277 4336 2660 4390 constitutum
2690 4335 2749 4390 in
2783 4338 2958 4391 vitam
2982 4336 3287 4398 reducere,
3306 4341 3486 4405 atque
3509 4333 3922 4390 consolatione

513 4421 615 4491 pia
633 4425 861 4490 praesto
881 4437 1011 4476 esse
1028 4428 1269 4494 queant.
1294 4424 1540 4478 Summa
1563 4437 1703 4491 ergo
1727 4423 2015 4477 suavitate
2034 4423 2209 4477 huius
2227 4424 2583 4478 sacerrimae
2605 4423 2872 4478 lectionis
2894 4425 3119 4479 illectus
3138 4429 3315 4495 atque
3330 4422 3663 4489 devinctus,
3683 4423 3931 4478 tandem

511 4508 833 4578 insignium
855 4509 1080 4581 aliquot
1105 4516 1159 4564 et
1185 4511 1642 4582 praecipuarutn
1675 4511 2054 4566 homiliarum
2080 4512 2412 4567 versionem
2447 4514 2762 4582 aggredior
2807 4513 3050 4568 latinam
3087 4532 3099 4580 ;
3134 4529 3251 4567 non
3283 4521 3477 4567 tamen
3511 4513 3813 4577 eoauimo,
3847 4518 3934 4576 ut,

506 4612 659 4669 quas
680 4597 860 4654 latina
887 4603 1046 4653 veste
1077 4613 1454 4664 exornaram,
1484 4601 1644 4654 alteri
1668 4616 1902 4655 mecum
1935 4607 2130 4655 essent
2151 4603 2642 4666 communes,sed
2663 4608 2719 4657 ut
2742 4603 2940 4658 aridos
2972 4601 3190 4672 ingenii
3215 4603 3326 4655 mei
3358 4601 3582 4655 rivulos
3614 4601 3930 4670 irrigarem

511 4690 683 4758 atque
697 4686 946 4741 incultos
962 4687 1265 4742 memoriae
1282 4689 1502 4757 agellos
1517 4689 1844 4744 excolerem
1857 4690 2036 4753 .Quas
2055 4688 2343 4744 latinitate
2357 4691 2610 4745 donatas
2627 4691 2960 4763 quumapud
2985 4707 3069 4744 me
3085 4689 3532 4760 conspexissent
3554 4689 3661 4743 viri
3677 4689 3932 4760 quidam

507 4789 628 4830 non
643 4774 885 4830 inﬁmae
899 4775 1351 4830 existimationis
1369 4777 1896 4841 eruditionisve,illi
1912 4784 2191 4848 coeptum
2209 4781 2663 4849 urgere,instare
2680 4796 2748 4836 ac
2764 4780 2976 4845 dicere,
2991 4779 3382 4850 me,si,quam
3405 4778 3737 4848 coepissem
3755 4777 3932 4832 telam

511 4863 922 4935 pertexere,ad
949 4863 1128 4918 finem
1144 4865 1550 4934 perducerem,
1571 4867 1968 4936 tumcupidae
1994 4882 2346 4934 graecarum
2367 4867 2666 4923 literarum
2686 4869 2992 4936 iuventuti,
3013 4876 3138 4922 tum
3162 4885 3225 4922 ce
3245 4867 3379 4922 teris
3399 4866 3936 4938 omnibus,quibus

509 4951 916 5007 animaesalus
931 4969 990 5006 re
1007 4969 1142 5008 vera
1159 4970 1333 5010 curae
1361 4961 1463 5018 est,
1484 4971 1606 5009 rem
1634 4971 1750 5009 non
1774 4957 2021 5010 omnino
2041 4956 2339 5022 ingratam
2359 4959 2804 5026 praestiturum.
2823 4960 3090 5024 Quorum
3121 4956 3372 5012 tandem
3390 4955 3617 5011 ardenti
3635 4956 3936 5010 desiderio

507 5044 562 5096 et
593 5039 1350 5113 voluntati,quodaequurn
1369 5043 1868 5108 erat,satisfacere
1896 5045 2524 5118 cupiens,opus,quod
2555 5063 2750 5117 spero,
2770 5064 2886 5102 non
2907 5047 3108 5101 inutile
3138 5047 3195 5100 in
3216 5061 3434 5100 manus
3468 5046 3721 5116 sumpsi,
3741 5045 3935 5116 inquo

506 5133 805 5203 quantum
829 5128 1047 5185 laboris
1079 5133 1379 5202 posuerim
1401 5138 1501 5189 aut
1524 5149 1626 5187 sus
1662 5134 1670 5200 Ι
1713 5133 2006 5196 tinuerim,
2044 5138 2183 5188 teste
2206 5140 2376 5190 erunt
2399 5135 2578 5206 ii,qui
2607 5151 2758 5206 quos
2781 5136 2904 5191 dies
2939 5141 3262 5206 noctesque
3295 5134 3350 5188 in
3385 5134 3798 5205 typographiis
3819 5149 3920 5187 no-

512 5219 647 5276 stris
666 5219 902 5274 labores
918 5219 1222 5290 impendo,
1241 5225 1479 5276 norunt.
1497 5223 1565 5276 Ut
1578 5221 1736 5275 enim
1751 5220 1945 5276 factae
1962 5223 2342 5292 promissioni
2361 5230 2537 5296 atque
2554 5226 2716 5296 prelo
2731 5226 3135 5283 satisfacerem
3148 5267 3160 5289 ,
3179 5228 3499 5280 nocturnas
3518 5222 3812 5294 quasdam
3827 5222 3902 5276 ho
3916 5235 3936 5243 '

507 5324 605 5364 ras
638 5307 916 5364 suﬁurari
940 5324 1181 5364 necesse
1200 5309 1325 5373 fuit,
1358 5326 1616 5381 quarum
1646 5314 1846 5364 tamen
1872 5311 2172 5366 molestias
2196 5317 2249 5368 et
2272 5315 2675 5385 asperitatem,
2707 5319 2765 5369 ut
2792 5331 2909 5370 non
2934 5315 3445 5386 persentiscerem,
3467 5313 3602 5366 vicit
3627 5327 3798 5366 amor
3820 5311 3925 5365 lin-

512 5413 686 5468 guae,
703 5397 1156 5469 superavitipsa
1168 5399 1365 5470 operis
1381 5400 1736 5464 amoenitas,
1754 5399 1971 5454 levavit
1984 5416 2092 5455 con
2103 5402 2464 5457 solationum
2482 5402 2896 5475 copia,molliit
2918 5403 3183 5458 caelestis
3198 5403 3402 5458 animo
3424 5402 3659 5470 depicta
3673 5399 3922 5471 requies,

523 5487 675 5544 adeo
707 5491 788 5553 ut,
813 5487 1050 5560 Sisyphi
1080 5504 1293 5543 saxum
1324 5487 1469 5542 dum
1490 5488 1809 5556 volverem,
1843 5488 1902 5543 id
1931 5505 1965 5543 a
2000 5505 2090 5544 me
2123 5490 2277 5545 volvi
2301 5491 2544 5546 minime
2560 5493 2859 5548 sentirem.
2892 5494 3186 5558 Quoniam
3217 5507 3375 5556 vero,
3409 5497 3473 5545 ut
3491 5489 3616 5544 fieri
3639 5489 3932 5558 solet,non

512 5575 824 5632 defuturos
853 5577 1175 5649 iniquiores
1203 5577 1435 5648 aliquos
1467 5592 1740 5632 censores
1765 5583 1818 5632 et
1845 5579 2203 5635 aristarclios
2238 5581 2499 5644 verebar,
2529 5580 2633 5652 qui
2657 5582 3141 5638 minuslaborem
3169 5582 3328 5638 hunc
3356 5595 3558 5635 meum
3585 5578 3923 5649 probarent,

531 5681 749 5738 operae
777 5666 1024 5738 pretium
1055 5682 1184 5721 esse
1214 5683 1346 5720 sum
1366 5667 1801 5738 ratus,siquem
1833 5673 2151 5739 patronum
2177 5669 2986 5742 operihuicquaererem,qui
3009 5673 3205 5743 ipsum
3236 5675 3290 5725 et
3319 5668 3649 5724 eruditione
3672 5682 3781 5721 sua
3795 5679 3928 5735 pro-
