4092 6252
241 269 353 326 3οὸ
1167 275 1262 329 AD
1305 272 1695 330 EDITIONEM
1738 273 1911 329 HOM.
1954 272 2013 329 S.
2058 272 2359 329 MACARII
2398 272 2753 329 AEGYPTII.
3553 274 3660 331 306

247 392 398 449 bare
430 399 487 450 et
528 400 738 453 contra
771 396 941 461 alios,
988 414 1099 471 pro
1138 416 1200 456 re
1244 406 1393 466 rata,
1440 404 1751 473 protegere
1791 404 2009 471 posset.
2060 402 2205 455 Eum
2244 404 2441 455 autem
2474 400 2637 472 quod
2688 402 2783 463 Te,
2824 400 3117 456 Suicarde
3146 400 3227 471 (a)
3266 400 3658 472 nobilissime,

244 498 390 554 prae
440 486 647 540 ceteris
691 485 1027 557 selegerim,
1073 489 1273 560 plures
1312 490 1481 545 reddi
1516 497 1761 561 possunt
1785 506 2026 547 causae.
2058 491 2199 545 Cum
2246 490 2462 544 etenim
2491 488 2575 543 Tu
2614 505 2767 544 unus
2807 490 2908 554 sis,
2951 505 3133 561 quem
3158 489 3271 544 hac
3302 497 3492 545 aetate
3525 498 3652 546 tum

238 579 481 643 propter
506 574 761 629 eximias
793 576 979 632 animi
1011 577 1201 645 dotes,
1229 586 1352 634 tum
1380 585 1621 651 propter
1652 579 1962 651 praeclara
1994 578 2225 634 virtutis
2254 584 2627 645 ornamenta,
2660 594 2817 651 quae
2844 578 2919 633 ad
2960 578 3267 634 hominem
3304 579 3649 633 ornandum

237 661 541 717 cumulate
584 663 780 719 valere
825 672 1093 736 possunt,
1130 668 1254 722 iure
1287 669 1497 723 merito
1537 670 1893 738 suspiciunt,
1929 668 2303 725 admirantur
2341 683 2411 722 ac
2452 675 2807 723 venerantur
2836 684 3067 732 omnes,
3103 668 3194 723 cui
3230 668 3425 738 potius
3459 683 3647 738 quam

259 752 273 819 Ι
306 752 362 805 Τ.
410 753 476 806 R.
512 755 576 806 D.
604 752 840 809 excelso
880 760 1061 827 atque
1094 756 1469 813 nobilissimo
1504 759 1731 813 nomini
1777 762 2019 813 sanctas
2048 757 2237 813 sancti
2281 756 2513 811 Macarii
2554 756 2841 812 Homilias
2884 756 3259 826 insignirem,
3302 756 3646 811 dedicarem

227 844 410 911 atque
438 856 885 899 consecrarem.
915 845 1069 910 Quid
1099 846 1259 901 enim
1288 846 1362 901 de
1392 846 1511 903 alta
1532 852 1589 901 et
1617 848 1869 919 antiqua
1889 846 2220 901 stemmatis
2243 846 2345 900 Tui
2367 845 2653 917 progenie
2671 852 2725 900 et
2745 844 2989 915 familia,
3012 860 3169 917 quae
3198 844 3398 900 multis
3428 844 3647 900 abhinc

224 928 495 984 saeculis
527 946 772 988 summa
802 948 1039 1005 semper
1067 935 1251 1005 viguit
1289 934 1491 1001 laude,
1520 935 1696 1007 plura
1718 936 1913 991 dicam
1940 936 1971 988 ?

1472 1059 1677 1115 Fortes
1707 1064 1994 1116 creantur
2020 1059 2303 1128 fortibus,

1476 1131 1583 1185 Est
1610 1131 1674 1185 in
1706 1131 1988 1195 iuvencis,
2015 1136 2100 1186 est
2124 1133 2186 1186 in
2213 1130 2376 1201 equis
2405 1135 2645 1198 patrum

1496 1202 1712 1267 Virtus,
1746 1218 1852 1258 nec
1881 1203 2173 1258 imbellem
2200 1204 2427 1271 feroces

1482 1275 1894 1343 Progenerant
1924 1275 2167 1345 aquilae
2186 1273 2539 1329 columbam.

215 1388 547 1447 Testantur
568 1393 683 1448 hoc
708 1394 839 1464 ipsa
856 1395 1245 1452 historiarum
1269 1402 1661 1452 monumenta
1685 1412 1789 1467 per
1813 1401 1999 1452 totam
2030 1398 2407 1452 Germaniam
2428 1403 2605 1469 atque
2624 1396 2776 1453 adeo
2806 1399 2993 1452 totum
3028 1397 3147 1452 fere
3172 1398 3400 1466 orbem,
3424 1397 3646 1469 quibus

216 1481 411 1535 virtus
434 1483 640 1538 Vestra
659 1483 962 1549 illustrata,
989 1487 1194 1554 ignota
1216 1485 1441 1541 diutius
1468 1502 1599 1541 esse
1620 1488 1843 1558 nequit.
1868 1488 2057 1542 Taceo
2079 1486 2471 1557 Imperatores
2496 1492 2551 1540 et
2571 1486 2884 1557 Principes,
2910 1491 2965 1541 et
2985 1502 3105 1541 non
3128 1486 3490 1541 domesticos
3517 1491 3649 1541 tan-

218 1571 373 1632 tum,
400 1569 510 1624 sed
540 1577 811 1627 externos
826 1575 1021 1639 etiam,
1044 1576 1265 1647 quibus
1295 1574 1616 1646 prudentia
1648 1576 2148 1645 Cronbergiorum
2177 1575 2234 1629 in
2257 1576 2541 1637 consiliis,
2568 1575 2847 1631 fortitudo
2870 1576 2929 1630 in
2948 1576 3127 1631 rebus
3158 1575 3404 1640 bellicis,
3428 1581 3481 1631 et
3513 1574 3649 1630 usui

220 1664 279 1711 et
301 1673 582 1714 summae
599 1675 831 1730 semper
853 1662 1230 1719 admirationi
1258 1662 1383 1718 fuit.
1411 1664 1565 1729 Quid
1588 1663 1662 1718 de
1691 1664 1997 1720 Guilielmo
2020 1663 2399 1733 Cronbergio,
2422 1665 2617 1736 equite
2637 1669 2845 1721 aurato
2864 1664 3083 1729 dicam,
3113 1664 3282 1719 cuius
3302 1669 3360 1719 et
3382 1664 3567 1719 virtus
3589 1668 3646 1720 et

213 1742 726 1819 fortitudo,quum
739 1748 897 1805 ludis
913 1752 1293 1823 equestribus
1307 1758 1610 1821 Augustae
1623 1753 1998 1808 Trevirorum
2014 1770 2051 1808 a
2069 1754 2344 1809 Conrado
2362 1755 2404 1809 Il
2421 1756 2777 1823 imperatore
2794 1754 3151 1808 etFranciae
3165 1753 3475 1809 Orientalis
3489 1753 3643 1809 duce

205 1830 500 1890 institutis
531 1850 629 1891 rex
658 1838 1094 1908 praeﬁceretur,
1124 1846 1303 1913 atque
1328 1840 1721 1912 amplissimis
1770 1842 2047 1897 victoriae
2080 1840 2345 1916 βραϐείοις
2373 1848 2628 1897 onustus
2656 1841 2735 1897 do
2786 1845 2797 1911 |
2860 1858 3026 1898 mum
3061 1847 3470 1907 reverteretur,
3505 1845 3644 1898 ante

206 1922 402 1980 multa
420 1925 665 1983 saecula
689 1929 982 1985 emicuit?
1009 1930 1157 1995 Quid
1179 1932 1253 1987 de
1279 1932 1567 1987 Eberwini
1594 1932 1860 2003 episcopi
1879 1931 2332 1987 Wormatiensis
2351 1930 2429 1987 ab
2454 1930 2694 1987 heroico
2720 1934 2914 1985 vestro
2937 1936 3248 1986 stemmate
3263 1930 3376 1985 orti
3402 1931 3642 2000 pietate,

204 2012 365 2069 vitae
388 2014 730 2084 integritate
751 2023 930 2089 atque
953 2020 1268 2077 sanctitate
1290 2020 1512 2084 dicam,
1537 2020 1642 2093 qui
1671 2020 1828 2077 velut
1857 2020 2006 2076 inter
2027 2026 2220 2075 cetera
2245 2027 2405 2075 astra
2425 2036 2676 2076 aurorae
2702 2020 2865 2074 sidus
2892 2019 3169 2075 elucescit
3190 2018 3218 2073 εἲ
3241 2019 3391 2084 Quid
3413 2018 3487 2074 de
3513 2019 3645 2074 Phi-

204 2100 724 2173 lippiCronbergii
740 2104 1079 2163 fortitudine
1100 2114 1279 2181 atque
1295 2109 1545 2165 infracto
1565 2110 1790 2177 animo,
1809 2126 1989 2181 quem
2014 2109 2338 2180 imperator
2360 2109 2603 2165 Carolus
2622 2109 2796 2164 huius
2830 2108 3087 2163 nominis
3112 2110 3171 2172 V,
3188 2108 3563 2175 exigentibus
3580 2107 3642 2163 id

202 2190 332 2244 eius
348 2191 584 2246 meritis
597 2197 779 2265 atque
794 2196 967 2249 animi
982 2196 1221 2252 dotibus
1238 2198 2134 2268 praestanlissimis,militaribus
2148 2199 2335 2269 copiis
2351 2198 2826 2269 praefecitatque
2840 2198 3169 2269 primarium
3186 2197 3486 2251 ductorem
3503 2213 3646 2252 con-

200 2279 392 2335 stituit
408 2278 609 2345 ?Quid
622 2281 696 2336 de
711 2282 1077 2355 reliquorum
1092 2302 1331 2341 summa
1350 2286 1689 2355 cognitione
1708 2293 1761 2341 et
1782 2288 2027 2342 scientia
2051 2288 2469 2358 bonarumque
2487 2287 2787 2343 literarum
2808 2287 3135 2341 eruditione
3155 2285 3641 2357 dicam,quorum

198 2368 491 2424 omnium
503 2368 698 2440 gloria
714 2377 770 2427 et
790 2375 1013 2428 aeterni
1039 2374 1301 2431 nominis
1318 2376 1481 2431 fama
1504 2377 1562 2430 in
1582 2375 1817 2431 excelso
1832 2378 2029 2448 posita
2046 2382 2132 2431 est
2152 2374 2323 2431 loco?
2342 2376 2443 2433 Cui
2463 2392 2582 2431 non
2606 2377 2844 2444 cognita
2868 2382 3047 2447 atque
3070 2382 3382 2446 perspecta
3398 2391 3643 2432 summa

196 2456 391 2513 animi
420 2459 809 2527 magnitudo,
842 2461 1179 2531 prudentia,
1213 2464 1437 2533 religio.
1470 2468 1657 2536 pietas
1676 2471 1732 2520 et
1764 2466 2107 2521 humanitas
2129 2465 2614 2520 reverendissimi
2646 2470 2827 2536 atque
2854 2463 3228 2519 illustrissimi
3264 2463 3548 2534 Principis
3571 2480 3643 2519 ac

196 2545 445 2602 Domini
481 2548 552 2604 D.
592 2547 880 2604 Waltheri
910 2550 1276 2621 Cronbergii,
1310 2554 1485 2609 totius
1516 2554 1755 2611 Ordinis
1787 2554 2090 2609 Teutonici
2118 2570 2221 2626 per
2250 2554 2480 2609 Italiam
2520 2558 2578 2608 et
2607 2554 2988 2609 Germaniam
3019 2552 3277 2621 Magistri
3305 2553 3569 2625 supremi
3610 2553 3638 2609 ἳ

195 2635 382 2690 Cuius
416 2636 507 2691 rei
536 2637 877 2694 testimonia
911 2655 942 2695 e
966 2641 1354 2712 scriptoribus
1380 2642 1747 2711 dignissimis
1776 2642 2105 2699 clarissima
2130 2648 2306 2715 atque
2329 2642 2776 2698 evidentissima
2794 2643 2911 2714 peti
2937 2648 3197 2713 possent,
3223 2643 3270 2697 si
3304 2658 3396 2695 res
3436 2647 3634 2714 postu-

192 2720 369 2778 laret.
387 2725 614 2781 Verum
628 2741 701 2782 ne
713 2733 958 2785 externa
980 2731 1261 2802 prosequi
1282 2731 1508 2797 videar,
1537 2733 1941 2788 Hartmannus
1959 2748 1995 2787 a
2012 2732 2160 2786 Cron
2196 2734 2205 2800 |
2238 2732 2404 2801 berg,
2426 2731 2623 2787 senior
2645 2747 2791 2786 suae
2805 2731 3011 2786 aetatis
3035 2733 3093 2785 P.
3110 2733 3201 2795 M.,
3224 2729 3556 2785 uobilissim
3570 2747 3637 2785 us

197 2805 295 2863 ille
315 2812 457 2863 tuus
471 2812 989 2883 parens,quantis,
1016 2828 1270 2886 quaeso,
1297 2815 1630 2881 virtutibus,
1651 2826 1887 2891 quanta
1904 2820 2090 2875 animi
2109 2823 2466 2886 constantia,
2491 2820 2710 2875 iustitia
2729 2827 2907 2891 atque
2932 2820 3139 2875 ceteris
3159 2820 3441 2875 virtutum
3461 2835 3638 2875 orna-

202 2898 426 2951 mentis
440 2897 1379 2974 emicuit‘l'Tantisquidem,utad
1395 2921 1697 2963 summam
1716 2908 1884 2964 illum
1896 2909 2247 2978 dignitatem
2262 2924 2653 2979 summosque
2668 2909 2925 2963 honores
2938 2907 3259 2972 evexerint,
3278 2912 3458 2979 atque
3473 2906 3636 2977 apud

202 2983 786 3045 Reverendissimum
804 2988 1280 3048 Illustrissimum
1304 2994 1639 3067 Principem
1666 2996 1991 3053 Electorem
2020 2997 2431 3066 Moguntinum
2452 3003 2678 3051 tantam
2703 2997 2879 3052 ﬁdem
2906 3001 3085 3066 atque
3108 2996 3523 3051 auctoritatem
3554 2994 3634 3050 illi

206 3072 600 3145 conciliarint,
623 3083 683 3133 ut
711 3078 860 3134 nihil
882 3078 1078 3143 ardui,
1104 3081 1394 3155 nihilque,
1421 3085 1587 3156 quod
1609 3085 1859 3141 alicuius
1882 3088 2167 3142 momenti
2191 3086 2277 3142 vel
2312 3086 2591 3158 ponderis
2609 3092 2781 3149 esset,
2809 3086 3111 3152 incideret,
3140 3084 3199 3139 in
3224 3086 3392 3139 cuius
3416 3082 3634 3139 delibe-

203 3160 504 3218 rationem
526 3180 595 3220 ac
612 3166 1029 3224 difﬁnitionem
1050 3185 1170 3225 non
1195 3170 1370 3226 fuerit
1395 3173 1723 3239 adhibitus,
1746 3176 1865 3231 imo
1889 3176 2213 3248 praecipuo
2236 3174 2367 3230 loco
2392 3174 2636 3230 habitus
2653 3174 2681 3228 ‘?
2705 3174 2857 3239 Quid
2881 3189 3018 3228 vero
3042 3173 3248 3229 fratres
3270 3176 3445 3237 Tuos,
3470 3174 3631 3227 viros

208 3248 618 3307 nobilissimos
652 3270 997 3324 memorem,
1029 3273 1288 3330 quorum
1336 3260 1553 3332 singuli
1599 3263 1655 3317 in
1695 3264 2087 3321 lllustrissimi
2121 3264 2409 3335 Principis
2444 3262 2722 3318 Electoris
2758 3263 3081 3333 Moguntini
3114 3263 3433 3318 consilium
3464 3263 3631 3319 asciti

215 3336 413 3432 tant-is
427 3339 609 3394 animi
626 3340 863 3398 dotibus
878 3347 1068 3401 ornati
1096 3355 1254 3415 sunt,
1274 3353 1419 3405 utex
1441 3365 1516 3412 re,
1541 3367 1610 3406 ex
1632 3359 1915 3424 tempore,
1943 3353 2017 3409 de
2033 3352 2303 3426 qualibet
2317 3370 2375 3407 re
2400 3352 2476 3408 ad
2492 3354 2792 3423 negotium
2809 3368 3057 3425 quoquo
3074 3352 3255 3407 modo
3280 3354 3627 3423 pertinente,

218 3422 365 3494 quid
388 3422 542 3482 facto
572 3443 725 3499 opus
759 3432 847 3496 sit,
873 3434 1222 3501 deliberare,
1241 3442 1367 3494 tum
1395 3441 1712 3495 commodo
1736 3422 1855 3514 quo
1878 3442 1953 3498 de
1979 3422 2092 3508 his,
2113 3459 2269 3515 quae
2301 3442 2781 3506 deliberaverint,
2800 3422 3020 3507 dicere,
3050 3457 3258 3514 eaque,
3282 3422 3520 3513 quoties
3539 3457 3631 3496 res

210 3515 491 3609 exegerit,
517 3516 803 3609 conﬁcere
825 3524 1078 3592 possint.
1098 3526 1262 3590 Quae
1291 3542 1381 3580 res
1413 3526 1626 3592 effecit,
1660 3535 1718 3584 ut
1738 3530 1813 3585 ad
1844 3531 2249 3601 amplissimas
2270 3538 2448 3604 atque
2477 3530 3115 3587 honorificentissimas
3135 3530 3519 3602 sintpromoti
3540 3530 3629 3586 di-

208 3605 486 3699 gnitates,
507 3606 724 3699 quibus
750 3624 885 3666 cum
915 3611 1092 3667 laude
1122 3622 1427 3684 praesunt.
1454 3616 1643 3673 Taceo
1659 3618 1754 3673 hic
1778 3620 2063 3691 reliquos,
2091 3636 2243 3693 quos
2266 3627 2371 3677 aut
2391 3623 2651 3691 Burggra
2684 3622 2694 3691 |
2729 3622 2920 3676 viatus
2943 3626 3045 3675 aut
3070 3620 3473 3691 praefecturae
3501 3635 3628 3674 am-

206 3686 478 3780 plissima
498 3693 783 3765 dignitate
815 3707 1093 3772 suscepto
1124 3701 1347 3758 balthei
1372 3704 1638 3762 militaris
1671 3707 1885 3763 decore
1904 3686 2230 3765 exornatos
2256 3715 2411 3765 totus
2432 3686 2881 3780 suspicit-orbis,
2904 3714 3022 3764 tota
3051 3686 3368 3764 veneratur
3394 3726 3464 3764 ac
3491 3708 3630 3764 colit

202 3777 541 3876 Carmania.
571 3785 655 3876 Pe
682 3788 756 3841 Te
776 3803 951 3876 vero,
983 3791 1304 3847 reverendc
1329 3808 1398 3847 ac
1426 3795 1795 3867 amplissime
1820 3777 2597 3864 Swicarde,avitaTuoruin
2631 3798 2912 3871 religione
2938 3804 2993 3852 et
3012 3798 3317 3853 nobilitate
3343 3798 3625 3853 laudatis-

200 3871 353 3965 simo
376 3872 525 3942 quid
551 3871 799 3965 dicam?
832 3878 930 3931 Cui
956 3893 1075 3934 non
1103 3885 1242 3935 sunt
1265 3882 1539 3951 cognitae
1562 3900 1632 3940 ac
1656 3892 1999 3957 perspectae
2026 3888 2340 3959 plurimae,
2356 3904 2513 3960 quae
2539 3888 2598 3943 in
2615 3890 2689 3943 Te
2712 3888 2966 3951 elucent,
2983 3889 3224 3941 virtutes
3243 3885 3271 3939 ?
3290 3888 3502 3948 Pietas,
3518 3886 3627 3941 hu-

197 3955 439 4047 militas.
455 3961 730 4031 comitas,
748 3964 1113 4032 humanitaS,
1130 3955 1809 4040 aequanimitas,rerum
1831 3955 2217 4046 experientia,
2238 3955 2579 4045 linguarum
2597 3977 2737 4047 peri'
2753 3976 2829 4040 ia,
2846 3976 3119 4030 laborum
3138 3981 3193 4029 et
3220 3974 3624 4029 molestiarum

194 4043 535 4135 tolerantia,
550 4055 605 4103 et
628 4066 769 4122 erga
790 4068 998 4109 omnes
1016 4056 1103 4110 vel
1128 4057 1367 4114 infimae
1384 4062 1555 4116 sortis
1571 4061 1848 4119 homines
1864 4043 2171 4133 etegentes
2195 4043 2442 4120 summa
2459 4043 2795 4133 benignitas
2815 4069 2867 4119 et
2885 4079 3182 4135 propensa
3208 4062 3624 4117 benefaciendi

193 4133 490 4226 voluntas,
510 4142 666 4193 totus
696 4141 977 4199 virtutum
1000 4146 1161 4200 orbis
1198 4150 1269 4203 Te
1296 4156 1481 4204 totum
1514 4150 1667 4207 velut
1691 4153 2014 4222 margarita
2039 4155 2341 4226 quaedam
2374 4154 2632 4225 pretiosa
2660 4133 3171 4217 circiimvestiunt,
3195 4153 3270 4205 Te
3299 4158 3485 4205 totum
3511 4150 3623 4206 sibi

195 4222 502 4281 vindicant
525 4231 831 4298 totumque
854 4232 931 4287 ad
945 4249 1085 4289 suas
1108 4241 1304 4305 partes
1328 4239 1698 4310 pertrahunt.
1728 4242 1840 4297 Sed
1862 4242 2002 4297 nolo
2024 4222 2083 4297 in
2104 4243 2240 4299 Tuis
2263 4222 2543 4299 laudibus
2571 4242 2965 4306 recensendis,
2982 4257 3138 4313 quae
3154 4238 3621 4295 innumerabiles

194 4314 593 4401 sunt,diutius
622 4316 1040 4385 immorari,ne
1066 4326 1220 4379 Tuas
1254 4326 1495 4383 virtutes
1521 4328 1988 4397 plurimastenui
2020 4332 2287 4389 oratione
2320 4348 2454 4387 mea
2478 4331 2684 4387 videar
2708 4332 3064 4386 imminuere
3088 4346 3101 4384 :
3129 4345 3481 4401 quanquam
3512 4343 3621 4400 pro

193 4400 313 4491 Tua
338 4403 635 4461 modestia
652 4409 912 4476 graviter
936 4410 1109 4475 feras,
1132 4429 1233 4469 eas
1262 4432 1295 4470 a
1318 4432 1629 4489 quoquam
1657 4419 2013 4489 praedicari.
2035 4422 2175 4477 lllud
2200 4422 2526 4477 certissime
2549 4426 2803 4485 constat,
2824 4419 2983 4491 quod
3012 4400 3423 4474 demonstrare
3440 4418 3618 4484 volui,

192 4488 263 4543 Te
282 4507 473 4549 unum
503 4509 651 4561 esse,
680 4512 856 4568 quem
889 4498 1191 4559 literarum
1226 4488 1479 4561 scientia
1502 4488 1743 4577 expoliti
1780 4509 2085 4565 literarum
2110 4516 2164 4565 et
2199 4512 2208 4579 |
2244 4511 2525 4565 virtutum
2553 4488 2871 4565 antistitem
2902 4509 3166 4564 habeant
3192 4512 3246 4561 et
3282 4507 3613 4572 observent,

195 4590 702 4655 communemque
723 4585 1102 4644 defensorem
1119 4606 1187 4645 ac
1205 4598 1529 4663 patronum
1546 4596 1658 4650 sibi
1677 4596 1946 4668 diligant.
1967 4601 2091 4664 Quo
2114 4601 2356 4656 nomine
2373 4600 2475 4654 etsi
2494 4616 2605 4669 ego
2630 4600 2688 4654 in
2712 4615 2962 4654 numero
2982 4598 3344 4654 literatorum
3370 4596 3617 4651 minime

197 4679 326 4754 ῗίῖξη
353 4672 758 4742 reponendus,
795 4675 842 4729 si
868 4678 940 4731 Te
976 4678 1115 4733 mihi
1147 4686 1466 4751 patronum
1501 4684 1794 4741 versionis
1828 4686 2006 4742 huius
2029 4690 2345 4754 constituo,
2374 4688 2580 4743 videor
2610 4688 2668 4743 id
2694 4704 2824 4743 meo
2857 4704 3096 4743 summo
3130 4688 3252 4741 iure
3286 4686 3608 4741 vindicare.

195 4751 381 4812 Offero
402 4774 553 4849 ergo,
570 4761 718 4827 Tibi,
743 4766 1063 4821 reverende
1090 4784 1157 4824 ac
1186 4770 1518 4840 spectabilis
1541 4774 2150 4841 Swicarde,sanctum
2178 4779 2363 4833 sancti
2395 4777 2576 4832 Patris
2605 4793 2779 4849 opus,
2805 4794 2835 4831 e
2861 4792 3078 4845 graeco
3103 4791 3376 4831 sermone
3402 4774 3459 4830 in
3488 4773 3614 4830 lati-

192 4856 353 4910 num,
372 4848 659 4937 praeﬁxis
684 4857 741 4906 et
761 4852 979 4909 additis
1002 4858 1378 4925 singularum
1401 4860 1785 4920 homiliarum
1810 4865 1889 4937 (b)
1918 4867 2305 4935 argumentis,
2330 4867 2403 4921 de
2430 4848 2661 4935 integro
2678 4882 2713 4921 a
2738 4882 2829 4921 me
2844 4882 3200 4921 conversum
3230 4882 3242 4920 :
3268 4865 3432 4937 quod
3453 4879 3612 4919 vere-

188 4946 259 4986 ne
287 4936 588 5004 verterim,
612 4939 696 4994 Tu
716 4944 989 4999 omnium
1012 4947 1447 5018 sapientissime
1466 4951 1783 5017 iudicabis,
1806 4936 1855 5009 si
1875 4954 2055 5011 modo
2078 4961 2267 5021 vacat,
2297 4956 2565 5011 animum
2591 4972 2626 5010 a
2650 4956 3027 5025 gravioribus
3051 4956 3203 5010 curis
3231 4936 3303 5010 ad
3330 4960 3609 5010 sanctum

185 5025 367 5117 iuncti
395 5026 591 5117 Patris
618 5044 772 5099 Opus
805 5031 1235 5103 perlegendum
1266 5045 1624 5095 convertere.
1653 5043 1824 5108 Quod
1852 5046 2100 5100 omnino
2124 5044 2243 5100 iam
2270 5046 2461 5099 Tuum
2491 5045 2773 5100 benevole
2804 5045 3117 5117 suscipias,
3140 5044 3264 5099 Tuo
3292 5043 3608 5116 splendore

186 5107 459 5204 illustres,
488 5116 775 5187 dignitate
810 5121 1032 5188 foveas,
1061 5127 1409 5184 auctoritate
1432 5107 1740 5197 defendas,
1768 5137 1829 5187 ut
1856 5133 1905 5187 si
1936 5148 2053 5187 non
2078 5133 2150 5187 de
2178 5139 2437 5203 auctore,
2470 5137 2625 5188 certe
2646 5132 2719 5188 de
2754 5107 3002 5203 patrono
3038 5107 3257 5204 ubique
3287 5107 3471 5202 possit
3495 5147 3605 5185 suo

184 5203 300 5255 iure
328 5203 571 5273 gloriari
602 5223 615 5261 :
650 5223 864 5282 meque
896 5228 1036 5268 cum
1069 5213 1199 5285 ipso
1228 5215 1291 5271 T.
1338 5219 1398 5272 R.
1446 5221 1506 5273 ι).
1541 5234 1610 5274 ex
1636 5236 1771 5275 asse
1804 5220 2150 5277 devinctum
2179 5223 2429 5293 recipias
2459 5228 2515 5277 et
2546 5239 2736 5287 ames,
2764 5230 2965 5295 atque,
3000 5203 3254 5293 quodin
3282 5224 3355 5276 Te
3382 5226 3490 5284 est,
3526 5219 3603 5275 ad

1757 5413 2006 5471 NOTAE.

264 5565 343 5639 (a)
367 5570 462 5628 Sic
491 5572 503 5628 l
542 5576 694 5631 Enn.

259 5638 332 5711 (b)
358 5642 543 5713 Corr.,
585 5646 775 5706 Palth.
810 5651 1031 5710 additis
1060 5654 1288 5725 singuli
1310 5658 1611 5717 Homiliae
1627 5660 1770 5718 suis.
1796 5660 1872 5715 In.
