  <div class='ocr_page' id='page_1' title='image "/cluster/home/n/w/nwhite01/storage/ocr_20150623/34/mdp.39015041165401/177.png"; bbox 0 0 4092 6252; ppageno 0'>
   <div class='ocr_carea' id='block_1_1' title="bbox 511 298 3905 359">
    <p class='ocr_par' dir='ltr' id='par_1_1' title="bbox 511 298 3905 359">
     <span class='ocr_line' id='line_1_1' title="bbox 511 298 3905 359; baseline 0.001 -4"><span class='ocrx_word' id='word_1_1' title='bbox 511 298 617 355; x_wconf 83' lang='grc'><strong>307</strong></span> <span class='ocrx_word' id='word_1_2' title='bbox 1578 298 1984 356; x_wconf 83' lang='lat' dir='ltr'><strong>ZACHARIAE</strong></span> <span class='ocrx_word' id='word_1_3' title='bbox 2025 300 2402 357; x_wconf 87' lang='lat' dir='ltr'><strong>PALTHENII</strong></span> <span class='ocrx_word' id='word_1_4' title='bbox 2444 299 2839 359; x_wconf 77' lang='lat' dir='ltr'><strong>PBAEFATIO</strong></span> <span class='ocrx_word' id='word_1_5' title='bbox 3809 303 3905 359; x_wconf 83' lang='lat'><strong>308</strong></span> 
     </span>
    </p>
   </div>
   <div class='ocr_carea' id='block_1_2' title="bbox 512 426 3897 499">
    <p class='ocr_par' dir='ltr' id='par_1_2' title="bbox 512 426 3897 499">
     <span class='ocr_line' id='line_1_2' title="bbox 512 426 3897 499; baseline 0 -16"><span class='ocrx_word' id='word_1_6' title='bbox 512 426 830 496; x_wconf 77' lang='lat' dir='ltr'><strong>dignitates</strong></span> <span class='ocrx_word' id='word_1_7' title='bbox 852 433 908 483; x_wconf 94' lang='lat' dir='ltr'><strong>et</strong></span> <span class='ocrx_word' id='word_1_8' title='bbox 929 428 1184 483; x_wconf 80' lang='lat' dir='ltr'><strong>honores</strong></span> <span class='ocrx_word' id='word_1_9' title='bbox 1201 442 1778 499; x_wconf 85' lang='lat' dir='ltr'><strong>promoveas,quam</strong></span> <span class='ocrx_word' id='word_1_10' title='bbox 1811 426 2139 483; x_wconf 86' lang='lat' dir='ltr'><strong>humillime</strong></span> <span class='ocrx_word' id='word_1_11' title='bbox 2161 442 2290 483; x_wconf 85' lang='lat' dir='ltr'><strong>oro.</strong></span> <span class='ocrx_word' id='word_1_12' title='bbox 2313 427 2483 493; x_wconf 86' lang='lat' dir='ltr'><strong>Quod</strong></span> <span class='ocrx_word' id='word_1_13' title='bbox 2510 433 2800 499; x_wconf 77' lang='lat' dir='ltr'><strong>superest,</strong></span> <span class='ocrx_word' id='word_1_14' title='bbox 2816 432 3126 483; x_wconf 86' lang='lat' dir='ltr'><strong>aeternum</strong></span> <span class='ocrx_word' id='word_1_15' title='bbox 3153 429 3338 483; x_wconf 91' lang='lat' dir='ltr'><strong>Deum</strong></span> <span class='ocrx_word' id='word_1_16' title='bbox 3361 433 3591 499; x_wconf 80' lang='lat' dir='ltr'><strong>patrem</strong></span> <span class='ocrx_word' id='word_1_17' title='bbox 3612 427 3897 483; x_wconf 89' lang='lat' dir='ltr'><strong>Liberato-</strong></span> 
     </span>
    </p>
   </div>
   <div class='ocr_carea' id='block_1_3' title="bbox 510 515 3902 589">
    <p class='ocr_par' dir='ltr' id='par_1_3' title="bbox 510 515 3902 589">
     <span class='ocr_line' id='line_1_3' title="bbox 510 515 3902 589; baseline 0 -18"><span class='ocrx_word' id='word_1_18' title='bbox 510 515 592 571; x_wconf 87' lang='lat' dir='ltr'><strong>ris</strong></span> <span class='ocrx_word' id='word_1_19' title='bbox 617 517 804 571; x_wconf 85' lang='lat' dir='ltr'><strong>nostri</strong></span> <span class='ocrx_word' id='word_1_20' title='bbox 833 518 966 572; x_wconf 85' lang='lat' dir='ltr'><strong>Jesu</strong></span> <span class='ocrx_word' id='word_1_21' title='bbox 998 515 1207 572; x_wconf 81' lang='lat' dir='ltr'><strong>Christi</strong></span> <span class='ocrx_word' id='word_1_22' title='bbox 1236 531 1308 572; x_wconf 88' lang='lat' dir='ltr'><strong>ex</strong></span> <span class='ocrx_word' id='word_1_23' title='bbox 1338 516 1459 571; x_wconf 92' lang='lat' dir='ltr'><strong>imo</strong></span> <span class='ocrx_word' id='word_1_24' title='bbox 1483 528 1719 586; x_wconf 80' lang='lat' dir='ltr'><strong>pectore</strong></span> <span class='ocrx_word' id='word_1_25' title='bbox 1749 531 1974 586; x_wconf 81' lang='lat' dir='ltr'><strong>precor,</strong></span> <span class='ocrx_word' id='word_1_26' title='bbox 2009 521 2068 572; x_wconf 94' lang='lat' dir='ltr'><strong>ut</strong></span> <span class='ocrx_word' id='word_1_27' title='bbox 2099 517 2506 571; x_wconf 72' lang='lat' dir='ltr'><strong>Reverentlam</strong></span> <span class='ocrx_word' id='word_1_28' title='bbox 2540 522 2551 584; x_wconf 80' lang='grc' dir='ltr'>ι</span> <span class='ocrx_word' id='word_1_29' title='bbox 2588 517 3065 573; x_wconf 87' lang='lat' dir='ltr'><strong>Domiuationem</strong></span> <span class='ocrx_word' id='word_1_30' title='bbox 3098 518 3365 572; x_wconf 83' lang='lat' dir='ltr'><strong>Vestram</strong></span> <span class='ocrx_word' id='word_1_31' title='bbox 3393 522 3682 589; x_wconf 90' lang='lat' dir='ltr'><strong>tanquam</strong></span> <span class='ocrx_word' id='word_1_32' title='bbox 3711 518 3902 587; x_wconf 89' lang='lat' dir='ltr'><strong>singu-</strong></span> 
     </span>
    </p>
   </div>
   <div class='ocr_carea' id='block_1_4' title="bbox 510 603 3905 678">
    <p class='ocr_par' dir='ltr' id='par_1_4' title="bbox 510 603 3905 678">
     <span class='ocr_line' id='line_1_4' title="bbox 510 603 3905 678; baseline 0.001 -19"><span class='ocrx_word' id='word_1_33' title='bbox 510 603 635 660; x_wconf 91' lang='lat' dir='ltr'><strong>lare</strong></span> <span class='ocrx_word' id='word_1_34' title='bbox 652 610 707 659; x_wconf 92' lang='lat' dir='ltr'><strong>et</strong></span> <span class='ocrx_word' id='word_1_35' title='bbox 733 604 982 661; x_wconf 86' lang='lat' dir='ltr'><strong>electum</strong></span> <span class='ocrx_word' id='word_1_36' title='bbox 1006 605 1229 674; x_wconf 90' lang='lat' dir='ltr'><strong>gratiae</strong></span> <span class='ocrx_word' id='word_1_37' title='bbox 1251 620 1394 660; x_wconf 87' lang='lat' dir='ltr'><strong>suae</strong></span> <span class='ocrx_word' id='word_1_38' title='bbox 1413 620 1708 677; x_wconf 82' lang='lat' dir='ltr'><strong>organum</strong></span> <span class='ocrx_word' id='word_1_39' title='bbox 1731 605 1844 659; x_wconf 88' lang='lat' dir='ltr'><strong>sub</strong></span> <span class='ocrx_word' id='word_1_40' title='bbox 1874 605 2087 659; x_wconf 91' lang='lat' dir='ltr'><strong>umbra</strong></span> <span class='ocrx_word' id='word_1_41' title='bbox 2102 604 2335 660; x_wconf 91' lang='lat' dir='ltr'><strong>alarum</strong></span> <span class='ocrx_word' id='word_1_42' title='bbox 2354 621 2601 661; x_wconf 89' lang='lat' dir='ltr'><strong>suarum</strong></span> <span class='ocrx_word' id='word_1_43' title='bbox 2622 612 2911 676; x_wconf 84' lang='lat' dir='ltr'><strong>protegat.</strong></span> <span class='ocrx_word' id='word_1_44' title='bbox 2941 604 3330 678; x_wconf 85' lang='lat' dir='ltr'><strong>tranquillam</strong></span> <span class='ocrx_word' id='word_1_45' title='bbox 3356 610 3411 661; x_wconf 92' lang='lat' dir='ltr'><strong>et</strong></span> <span class='ocrx_word' id='word_1_46' title='bbox 3430 610 3705 676; x_wconf 89' lang='lat' dir='ltr'><strong>pacatam</strong></span> <span class='ocrx_word' id='word_1_47' title='bbox 3732 606 3905 662; x_wconf 90' lang='lat' dir='ltr'><strong>vitam</strong></span> 
     </span>
    </p>
   </div>
   <div class='ocr_carea' id='block_1_5' title="bbox 511 692 3900 762">
    <p class='ocr_par' dir='ltr' id='par_1_5' title="bbox 511 692 3900 762">
     <span class='ocr_line' id='line_1_5' title="bbox 511 692 3900 762; baseline 0 -13"><span class='ocrx_word' id='word_1_48' title='bbox 511 692 818 762; x_wconf 83' lang='lat' dir='ltr'><strong>largiatur,</strong></span> <span class='ocrx_word' id='word_1_49' title='bbox 846 694 1319 749; x_wconf 87' lang='lat' dir='ltr'><strong>benedictionem</strong></span> <span class='ocrx_word' id='word_1_50' title='bbox 1341 693 1580 749; x_wconf 86' lang='lat' dir='ltr'><strong>animae</strong></span> <span class='ocrx_word' id='word_1_51' title='bbox 1606 700 1661 748; x_wconf 93' lang='lat' dir='ltr'><strong>et</strong></span> <span class='ocrx_word' id='word_1_52' title='bbox 1686 693 1839 749; x_wconf 85' lang='lat' dir='ltr'><strong>vitae</strong></span> <span class='ocrx_word' id='word_1_53' title='bbox 1858 693 2141 757; x_wconf 84' lang='lat' dir='ltr'><strong>conferat,</strong></span> <span class='ocrx_word' id='word_1_54' title='bbox 2161 698 2218 748; x_wconf 91' lang='lat' dir='ltr'><strong>et</strong></span> <span class='ocrx_word' id='word_1_55' title='bbox 2238 695 2481 749; x_wconf 84' lang='lat' dir='ltr'><strong>tandem</strong></span> <span class='ocrx_word' id='word_1_56' title='bbox 2506 695 2584 749; x_wconf 87' lang='lat' dir='ltr'><strong>im</strong></span> <span class='ocrx_word' id='word_1_57' title='bbox 2594 693 2982 750; x_wconf 89' lang='lat' dir='ltr'><strong>marcescibili</strong></span> <span class='ocrx_word' id='word_1_58' title='bbox 3002 694 3381 751; x_wconf 79' lang='lat' dir='ltr'><strong>beatitudinis</strong></span> <span class='ocrx_word' id='word_1_59' title='bbox 3399 710 3625 751; x_wconf 87' lang='lat' dir='ltr'><strong>corona</strong></span> <span class='ocrx_word' id='word_1_60' title='bbox 3641 700 3900 751; x_wconf 83' lang='lat' dir='ltr'><strong>exornet.</strong></span> 
     </span>
    </p>
   </div>
   <div class='ocr_carea' id='block_1_6' title="bbox 584 782 3359 910">
    <p class='ocr_par' dir='ltr' id='par_1_6' title="bbox 584 782 3359 910">
     <span class='ocr_line' id='line_1_6' title="bbox 584 782 3359 910; baseline -0 -71"><span class='ocrx_word' id='word_1_61' title='bbox 584 782 951 840; x_wconf 86' lang='lat' dir='ltr'><strong>Francofurti</strong></span> <span class='ocrx_word' id='word_1_62' title='bbox 980 799 1050 840; x_wconf 92' lang='lat' dir='ltr'><strong>ex</strong></span> <span class='ocrx_word' id='word_1_63' title='bbox 1085 799 1217 840; x_wconf 91' lang='lat' dir='ltr'><strong>meo</strong></span> <span class='ocrx_word' id='word_1_64' title='bbox 1247 786 1508 849; x_wconf 78' lang='lat' dir='ltr'><strong>Musaeo,</strong></span> <span class='ocrx_word' id='word_1_65' title='bbox 1536 782 1778 839; x_wconf 87' lang='lat' dir='ltr'><strong>Calend.</strong></span> <span class='ocrx_word' id='word_1_66' title='bbox 1805 782 2036 855; x_wconf 85' lang='lat' dir='ltr'><strong>Aprilis,</strong></span> <span class='ocrx_word' id='word_1_67' title='bbox 2068 797 2231 839; x_wconf 90' lang='lat' dir='ltr'><strong>anno</strong></span> <span class='ocrx_word' id='word_1_68' title='bbox 2263 799 2298 838; x_wconf 93' lang='lat' dir='ltr'><strong>a</strong></span> <span class='ocrx_word' id='word_1_69' title='bbox 2335 788 2474 838; x_wconf 88' lang='lat' dir='ltr'><strong>nato</strong></span> <span class='ocrx_word' id='word_1_70' title='bbox 2502 785 2654 853; x_wconf 83' lang='lat' dir='ltr'><strong>Rege</strong></span> <span class='ocrx_word' id='word_1_71' title='bbox 2679 783 2888 910; x_wconf 47' lang='lat' dir='ltr'><strong>Messi}:</strong></span> <span class='ocrx_word' id='word_1_72' title='bbox 2918 782 3036 910; x_wconf 43' lang='lat' dir='ltr'><strong>[illia</strong></span> <span class='ocrx_word' id='word_1_73' title='bbox 3072 782 3170 839; x_wconf 90' lang='lat' dir='ltr'><strong>Dei</strong></span> <span class='ocrx_word' id='word_1_74' title='bbox 3200 786 3359 841; x_wconf 76' lang='grc'><strong>1594.</strong></span> 
     </span>
    </p>
   </div>
   <div class='ocr_carea' id='block_1_7' title="bbox 2850 925 3358 981">
    <p class='ocr_par' dir='ltr' id='par_1_7' title="bbox 2850 925 3358 981">
     <span class='ocr_line' id='line_1_7' title="bbox 2850 925 3358 981; baseline -0.004 -1"><span class='ocrx_word' id='word_1_75' title='bbox 2850 925 3358 981; x_wconf 88' lang='lat' dir='ltr'><strong>devinctissimus.</strong></span> 
     </span>
    </p>
   </div>
   <div class='ocr_carea' id='block_1_8' title="bbox 2232 996 3615 1066">
    <p class='ocr_par' dir='ltr' id='par_1_8' title="bbox 2232 996 3615 1066">
     <span class='ocr_line' id='line_1_8' title="bbox 2232 996 3615 1066; baseline -0.001 -13"><span class='ocrx_word' id='word_1_76' title='bbox 2232 999 2301 1053; x_wconf 85' lang='lat' dir='ltr'><strong>M.</strong></span> <span class='ocrx_word' id='word_1_77' title='bbox 2331 1001 2649 1055; x_wconf 77' lang='lat' dir='ltr'><strong>ZACHARIAS</strong></span> <span class='ocrx_word' id='word_1_78' title='bbox 2681 996 3113 1054; x_wconf 79' lang='lat' dir='ltr'><strong>PALTHENIUS</strong></span> <span class='ocrx_word' id='word_1_79' title='bbox 3142 996 3615 1066; x_wconf 87' lang='lat' dir='ltr'><strong>Fridbergensis.</strong></span> 
     </span>
    </p>
   </div>
   <div class='ocr_carea' id='block_1_9' title="bbox 530 1137 3898 1210">
    <p class='ocr_par' dir='ltr' id='par_1_9' title="bbox 530 1137 3898 1210">
     <span class='ocr_line' id='line_1_9' title="bbox 530 1137 3898 1210; baseline -0.001 -15"><span class='ocrx_word' id='word_1_80' title='bbox 530 1140 540 1210; x_wconf 85' lang='lat'><strong><em>|</em></strong></span> <span class='ocrx_word' id='word_1_81' title='bbox 601 1138 857 1195; x_wconf 85' lang='lat' dir='ltr'><strong>Carmen</strong></span> <span class='ocrx_word' id='word_1_82' title='bbox 888 1139 1189 1197; x_wconf 82' lang='lat' dir='ltr'><strong>heroicum</strong></span> <span class='ocrx_word' id='word_1_83' title='bbox 1217 1141 1282 1196; x_wconf 83' lang='lat' dir='ltr'><strong>in</strong></span> <span class='ocrx_word' id='word_1_84' title='bbox 1312 1141 1494 1198; x_wconf 88' lang='lat' dir='ltr'><strong>vitam</strong></span> <span class='ocrx_word' id='word_1_85' title='bbox 1530 1142 1597 1196; x_wconf 86' lang='grc' dir='ltr'><strong>Β.</strong></span> <span class='ocrx_word' id='word_1_86' title='bbox 1632 1141 1887 1197; x_wconf 81' lang='lat' dir='ltr'><strong>Macarii</strong></span> <span class='ocrx_word' id='word_1_87' title='bbox 1910 1140 2206 1210; x_wconf 79' lang='lat' dir='ltr'><strong>Aegyptii,</strong></span> <span class='ocrx_word' id='word_1_88' title='bbox 2238 1139 2495 1195; x_wconf 74' lang='lat' dir='ltr'><strong>instituti</strong></span> <span class='ocrx_word' id='word_1_89' title='bbox 2523 1141 2676 1196; x_wconf 83' lang='lat' dir='ltr'><strong>vitae</strong></span> <span class='ocrx_word' id='word_1_90' title='bbox 2704 1139 3035 1195; x_wconf 85' lang='lat' dir='ltr'><strong>eremiticae</strong></span> <span class='ocrx_word' id='word_1_91' title='bbox 3071 1137 3373 1204; x_wconf 79' lang='lat' dir='ltr'><strong>Primarii,</strong></span> <span class='ocrx_word' id='word_1_92' title='bbox 3406 1138 3690 1204; x_wconf 79' lang='lat' dir='ltr'><strong>discipuli</strong></span> <span class='ocrx_word' id='word_1_93' title='bbox 3721 1153 3898 1209; x_wconf 85' lang='lat' dir='ltr'><strong>quon-</strong></span> 
     </span>
    </p>
   </div>
   <div class='ocr_carea' id='block_1_10' title="bbox 574 1210 3901 1281">
    <p class='ocr_par' dir='ltr' id='par_1_10' title="bbox 574 1210 3901 1281">
     <span class='ocr_line' id='line_1_10' title="bbox 574 1210 3901 1281; baseline -0.001 -15"><span class='ocrx_word' id='word_1_94' title='bbox 574 1212 711 1267; x_wconf 85' lang='lat' dir='ltr'><strong>dam</strong></span> <span class='ocrx_word' id='word_1_95' title='bbox 739 1212 808 1266; x_wconf 92' lang='lat' dir='ltr'><strong>D.</strong></span> <span class='ocrx_word' id='word_1_96' title='bbox 841 1211 1038 1267; x_wconf 79' lang='lat' dir='ltr'><strong>Patris</strong></span> <span class='ocrx_word' id='word_1_97' title='bbox 1064 1213 1315 1268; x_wconf 82' lang='lat' dir='ltr'><strong>Antonii</strong></span> <span class='ocrx_word' id='word_1_98' title='bbox 1341 1212 1699 1269; x_wconf 81' lang='lat' dir='ltr'><strong>devotissimi</strong></span> <span class='ocrx_word' id='word_1_99' title='bbox 1727 1216 1833 1268; x_wconf 85' lang='lat' dir='ltr'><strong>etc.</strong></span> <span class='ocrx_word' id='word_1_100' title='bbox 1867 1212 1946 1266; x_wconf 87' lang='lat' dir='ltr'><strong>ad</strong></span> <span class='ocrx_word' id='word_1_101' title='bbox 1977 1212 2221 1268; x_wconf 84' lang='lat' dir='ltr'><strong>eundem</strong></span> <span class='ocrx_word' id='word_1_102' title='bbox 2248 1213 2654 1277; x_wconf 78' lang='lat' dir='ltr'><strong>reverendam,</strong></span> <span class='ocrx_word' id='word_1_103' title='bbox 2674 1211 2927 1267; x_wconf 86' lang='lat' dir='ltr'><strong>nobilem</strong></span> <span class='ocrx_word' id='word_1_104' title='bbox 2945 1216 3000 1267; x_wconf 87' lang='lat' dir='ltr'><strong>et</strong></span> <span class='ocrx_word' id='word_1_105' title='bbox 3025 1210 3458 1281; x_wconf 81' lang='lat' dir='ltr'><strong>amplissimum</strong></span> <span class='ocrx_word' id='word_1_106' title='bbox 3484 1210 3679 1266; x_wconf 86' lang='lat' dir='ltr'><strong>virum</strong></span> <span class='ocrx_word' id='word_1_107' title='bbox 3714 1211 3901 1281; x_wconf 83' lang='lat' dir='ltr'><strong>Domi-</strong></span> 
     </span>
    </p>
   </div>
   <div class='ocr_carea' id='block_1_11' title="bbox 572 1279 3899 1354">
    <p class='ocr_par' dir='ltr' id='par_1_11' title="bbox 572 1279 3899 1354">
     <span class='ocr_line' id='line_1_11' title="bbox 572 1279 3899 1354; baseline -0.001 -17"><span class='ocrx_word' id='word_1_108' title='bbox 572 1298 716 1337; x_wconf 87' lang='lat' dir='ltr'><strong>num</strong></span> <span class='ocrx_word' id='word_1_109' title='bbox 740 1283 868 1354; x_wconf 73' lang='lat' dir='ltr'><strong>Dn.</strong></span> <span class='ocrx_word' id='word_1_110' title='bbox 885 1282 1173 1339; x_wconf 82' lang='lat' dir='ltr'><strong>Joannem</strong></span> <span class='ocrx_word' id='word_1_111' title='bbox 1198 1283 1613 1340; x_wconf 83' lang='lat' dir='ltr'><strong>Swichardum</strong></span> <span class='ocrx_word' id='word_1_112' title='bbox 1641 1302 1676 1339; x_wconf 88' lang='lat' dir='ltr'><strong>a</strong></span> <span class='ocrx_word' id='word_1_113' title='bbox 1711 1283 2034 1351; x_wconf 83' lang='lat' dir='ltr'><strong>Cronberg,</strong></span> <span class='ocrx_word' id='word_1_114' title='bbox 2069 1287 2176 1338; x_wconf 85' lang='lat' dir='ltr'><strong>etc.</strong></span> <span class='ocrx_word' id='word_1_115' title='bbox 2208 1283 2282 1337; x_wconf 81' lang='grc' dir='ltr'><strong>Β.</strong></span> <span class='ocrx_word' id='word_1_116' title='bbox 2318 1286 2386 1337; x_wconf 88' lang='lat' dir='ltr'><strong>D.</strong></span> <span class='ocrx_word' id='word_1_117' title='bbox 2430 1299 2600 1339; x_wconf 87' lang='lat' dir='ltr'><strong>suum</strong></span> <span class='ocrx_word' id='word_1_118' title='bbox 2651 1282 3006 1352; x_wconf 83' lang='lat' dir='ltr'><strong>gratiosum,</strong></span> <span class='ocrx_word' id='word_1_119' title='bbox 3048 1279 3338 1354; x_wconf 58' lang='lat' dir='ltr'><strong>scriptum</strong></span> <span class='ocrx_word' id='word_1_120' title='bbox 3378 1297 3416 1338; x_wconf 92' lang='lat' dir='ltr'><strong>a</strong></span> <span class='ocrx_word' id='word_1_121' title='bbox 3463 1282 3545 1336; x_wconf 82' lang='grc' dir='ltr'><strong>Μ.</strong></span> <span class='ocrx_word' id='word_1_122' title='bbox 3597 1279 3899 1337; x_wconf 85' lang='lat' dir='ltr'><strong>Valentino</strong></span> 
     </span>
    </p>
   </div>
   <div class='ocr_carea' id='block_1_12' title="bbox 576 1353 2428 1427">
    <p class='ocr_par' dir='ltr' id='par_1_12' title="bbox 576 1353 2428 1427">
     <span class='ocr_line' id='line_1_12' title="bbox 576 1353 2428 1427; baseline 0 -19"><span class='ocrx_word' id='word_1_123' title='bbox 576 1353 927 1421; x_wconf 81' lang='lat' dir='ltr'><strong>Leuchthio,</strong></span> <span class='ocrx_word' id='word_1_124' title='bbox 953 1354 1016 1411; x_wconf 90' lang='lat' dir='ltr'><strong>S.</strong></span> <span class='ocrx_word' id='word_1_125' title='bbox 1044 1355 1267 1411; x_wconf 76' lang='lat' dir='ltr'><strong>Palatii</strong></span> <span class='ocrx_word' id='word_1_126' title='bbox 1292 1357 1600 1427; x_wconf 85' lang='lat' dir='ltr'><strong>Aulaeque</strong></span> <span class='ocrx_word' id='word_1_127' title='bbox 1631 1354 2047 1427; x_wconf 78' lang='lat' dir='ltr'><strong>Lateranensis</strong></span> <span class='ocrx_word' id='word_1_128' title='bbox 2076 1354 2298 1409; x_wconf 85' lang='lat' dir='ltr'><strong>Comite</strong></span> <span class='ocrx_word' id='word_1_129' title='bbox 2320 1361 2428 1410; x_wconf 89' lang='lat' dir='ltr'><strong>etc.</strong></span> 
     </span>
    </p>
   </div>
   <div class='ocr_carea' id='block_1_13' title="bbox 1461 1423 2945 1492">
    <p class='ocr_par' dir='ltr' id='par_1_13' title="bbox 1461 1423 2945 1492">
     <span class='ocr_line' id='line_1_13' title="bbox 1461 1423 2945 1492; baseline 0 -13"><span class='ocrx_word' id='word_1_130' title='bbox 1461 1423 1738 1492; x_wconf 77' lang='lat' dir='ltr'><strong>Quaestio</strong></span> <span class='ocrx_word' id='word_1_131' title='bbox 1772 1431 1932 1480; x_wconf 91' lang='lat' dir='ltr'><strong>mota</strong></span> <span class='ocrx_word' id='word_1_132' title='bbox 1968 1426 2092 1490; x_wconf 90' lang='lat' dir='ltr'><strong>diu,</strong></span> <span class='ocrx_word' id='word_1_133' title='bbox 2127 1441 2330 1481; x_wconf 87' lang='lat' dir='ltr'><strong>sacrae</strong></span> <span class='ocrx_word' id='word_1_134' title='bbox 2361 1440 2480 1480; x_wconf 91' lang='lat' dir='ltr'><strong>non</strong></span> <span class='ocrx_word' id='word_1_135' title='bbox 2510 1423 2719 1479; x_wconf 83' lang='lat' dir='ltr'><strong>inﬁma</strong></span> <span class='ocrx_word' id='word_1_136' title='bbox 2750 1424 2945 1489; x_wconf 88' lang='lat' dir='ltr'><strong>sortis,</strong></span> 
     </span>
    </p>
   </div>
   <div class='ocr_carea' id='block_1_14' title="bbox 1466 1495 3017 1569">
    <p class='ocr_par' dir='ltr' id='par_1_14' title="bbox 1466 1495 3017 1569">
     <span class='ocr_line' id='line_1_14' title="bbox 1466 1495 3017 1569; baseline 0 -17"><span class='ocrx_word' id='word_1_137' title='bbox 1466 1498 1606 1563; x_wconf 88' lang='lat' dir='ltr'><strong>Quis</strong></span> <span class='ocrx_word' id='word_1_138' title='bbox 1627 1498 1788 1569; x_wconf 89' lang='lat' dir='ltr'><strong>prior</strong></span> <span class='ocrx_word' id='word_1_139' title='bbox 1826 1502 1931 1552; x_wconf 85' lang='lat' dir='ltr'><strong>aut</strong></span> <span class='ocrx_word' id='word_1_140' title='bbox 1960 1498 2151 1566; x_wconf 90' lang='lat' dir='ltr'><strong>potior</strong></span> <span class='ocrx_word' id='word_1_141' title='bbox 2183 1496 2569 1569; x_wconf 26' lang='lat' dir='ltr'><strong>DivorumAex</strong></span> <span class='ocrx_word' id='word_1_142' title='bbox 2595 1495 3017 1569; x_wconf 80' lang='lat' dir='ltr'><strong>ordi_ne_vitam</strong></span> 
     </span>
    </p>
   </div>
   <div class='ocr_carea' id='block_1_15' title="bbox 1462 1566 3092 1633">
    <p class='ocr_par' dir='ltr' id='par_1_15' title="bbox 1462 1566 3092 1633">
     <span class='ocr_line' id='line_1_15' title="bbox 1462 1566 3092 1633; baseline -0.001 -8"><span class='ocrx_word' id='word_1_143' title='bbox 1462 1566 1688 1625; x_wconf 78' lang='lat' dir='ltr'><strong>Foverit</strong></span> <span class='ocrx_word' id='word_1_144' title='bbox 1716 1569 2098 1633; x_wconf 86' lang='lat' dir='ltr'><strong>abstractam,</strong></span> <span class='ocrx_word' id='word_1_145' title='bbox 2131 1573 2187 1623; x_wconf 90' lang='lat' dir='ltr'><strong>et</strong></span> <span class='ocrx_word' id='word_1_146' title='bbox 2210 1568 2445 1622; x_wconf 85' lang='lat' dir='ltr'><strong>deserta</strong></span> <span class='ocrx_word' id='word_1_147' title='bbox 2474 1566 2774 1623; x_wconf 90' lang='lat' dir='ltr'><strong>habitacla</strong></span> <span class='ocrx_word' id='word_1_148' title='bbox 2804 1566 3092 1623; x_wconf 84' lang='lat' dir='ltr'><strong>ferarum.</strong></span> 
     </span>
    </p>
   </div>
   <div class='ocr_carea' id='block_1_16' title="bbox 1463 1638 3077 1710">
    <p class='ocr_par' dir='ltr' id='par_1_16' title="bbox 1463 1638 3077 1710">
     <span class='ocr_line' id='line_1_16' title="bbox 1463 1638 3077 1710; baseline -0.001 -14"><span class='ocrx_word' id='word_1_149' title='bbox 1463 1643 1609 1697; x_wconf 89' lang='lat' dir='ltr'><strong>Nam</strong></span> <span class='ocrx_word' id='word_1_150' title='bbox 1641 1638 1890 1710; x_wconf 85' lang='lat' dir='ltr'><strong>quidam</strong></span> <span class='ocrx_word' id='word_1_151' title='bbox 1916 1638 2174 1694; x_wconf 90' lang='lat' dir='ltr'><strong>referunt</strong></span> <span class='ocrx_word' id='word_1_152' title='bbox 2203 1639 2434 1694; x_wconf 85' lang='lat' dir='ltr'><strong>Heliam</strong></span> <span class='ocrx_word' id='word_1_153' title='bbox 2464 1638 2803 1693; x_wconf 90' lang='lat' dir='ltr'><strong>Thesbitide</strong></span> <span class='ocrx_word' id='word_1_154' title='bbox 2830 1643 3077 1710; x_wconf 87' lang='lat' dir='ltr'><strong>cretum,</strong></span> 
     </span>
    </p>
   </div>
   <div class='ocr_carea' id='block_1_17' title="bbox 1458 1709 3012 1779">
    <p class='ocr_par' dir='ltr' id='par_1_17' title="bbox 1458 1709 3012 1779">
     <span class='ocr_line' id='line_1_17' title="bbox 1458 1709 3012 1779; baseline 0 -14"><span class='ocrx_word' id='word_1_155' title='bbox 1458 1712 1565 1777; x_wconf 86' lang='lat' dir='ltr'><strong>Qui</strong></span> <span class='ocrx_word' id='word_1_156' title='bbox 1593 1709 1733 1779; x_wconf 84' lang='lat' dir='ltr'><strong>iuga</strong></span> <span class='ocrx_word' id='word_1_157' title='bbox 1773 1710 2023 1766; x_wconf 89' lang='lat' dir='ltr'><strong>Carmeli</strong></span> <span class='ocrx_word' id='word_1_158' title='bbox 2054 1710 2401 1765; x_wconf 90' lang='lat' dir='ltr'><strong>conscendit</strong></span> <span class='ocrx_word' id='word_1_159' title='bbox 2432 1717 2490 1765; x_wconf 90' lang='lat' dir='ltr'><strong>et</strong></span> <span class='ocrx_word' id='word_1_160' title='bbox 2519 1725 2737 1779; x_wconf 89' lang='lat' dir='ltr'><strong>aspera</strong></span> <span class='ocrx_word' id='word_1_161' title='bbox 2766 1709 3012 1778; x_wconf 89' lang='lat' dir='ltr'><strong>montis,</strong></span> 
     </span>
    </p>
   </div>
   <div class='ocr_carea' id='block_1_18' title="bbox 1461 1780 2683 1851">
    <p class='ocr_par' dir='ltr' id='par_1_18' title="bbox 1461 1780 2683 1851">
     <span class='ocr_line' id='line_1_18' title="bbox 1461 1780 2683 1851; baseline -0.002 -14"><span class='ocrx_word' id='word_1_162' title='bbox 1461 1782 1745 1851; x_wconf 87' lang='lat' dir='ltr'><strong>lndignos</strong></span> <span class='ocrx_word' id='word_1_163' title='bbox 1776 1783 1983 1850; x_wconf 84' lang='lat' dir='ltr'><strong>regina</strong></span> <span class='ocrx_word' id='word_1_164' title='bbox 2015 1787 2144 1837; x_wconf 91' lang='lat' dir='ltr'><strong>tuos</strong></span> <span class='ocrx_word' id='word_1_165' title='bbox 2171 1780 2423 1836; x_wconf 88' lang='lat' dir='ltr'><strong>lsabella</strong></span> <span class='ocrx_word' id='word_1_166' title='bbox 2452 1780 2683 1836; x_wconf 86' lang='lat' dir='ltr'><strong>furores</strong></span> 
     </span>
    </p>
   </div>
   <div class='ocr_carea' id='block_1_19' title="bbox 1465 1851 2812 1924">
    <p class='ocr_par' dir='ltr' id='par_1_19' title="bbox 1465 1851 2812 1924">
     <span class='ocr_line' id='line_1_19' title="bbox 1465 1851 2812 1924; baseline -0.004 -15"><span class='ocrx_word' id='word_1_167' title='bbox 1465 1854 1727 1918; x_wconf 88' lang='lat' dir='ltr'><strong>Evitans,</strong></span> <span class='ocrx_word' id='word_1_168' title='bbox 1759 1868 1971 1908; x_wconf 88' lang='lat' dir='ltr'><strong>saevas</strong></span> <span class='ocrx_word' id='word_1_169' title='bbox 2002 1858 2059 1908; x_wconf 91' lang='lat' dir='ltr'><strong>et</strong></span> <span class='ocrx_word' id='word_1_170' title='bbox 2090 1853 2309 1924; x_wconf 89' lang='lat' dir='ltr'><strong>iniquis</strong></span> <span class='ocrx_word' id='word_1_171' title='bbox 2348 1851 2643 1907; x_wconf 83' lang='lat' dir='ltr'><strong>frontibus</strong></span> <span class='ocrx_word' id='word_1_172' title='bbox 2673 1852 2812 1906; x_wconf 88' lang='lat' dir='ltr'><strong>iras.</strong></span> 
     </span>
    </p>
   </div>
   <div class='ocr_carea' id='block_1_20' title="bbox 1535 1918 3254 1996">
    <p class='ocr_par' dir='ltr' id='par_1_20' title="bbox 1535 1918 3254 1996">
     <span class='ocr_line' id='line_1_20' title="bbox 1535 1918 3254 1996; baseline -0.003 -16"><span class='ocrx_word' id='word_1_173' title='bbox 1535 1927 1702 1996; x_wconf 78' lang='lat' dir='ltr'><strong>Sunt,</strong></span> <span class='ocrx_word' id='word_1_174' title='bbox 1732 1924 1836 1996; x_wconf 87' lang='lat' dir='ltr'><strong>qui</strong></span> <span class='ocrx_word' id='word_1_175' title='bbox 1873 1918 2210 1996; x_wconf 73' lang='lat' dir='ltr'><strong>Baptistani</strong></span> <span class='ocrx_word' id='word_1_176' title='bbox 2232 1928 2583 1996; x_wconf 78' lang='lat' dir='ltr'><strong>memorant,</strong></span> <span class='ocrx_word' id='word_1_177' title='bbox 2618 1936 2800 1996; x_wconf 82' lang='lat' dir='ltr'><strong>quem</strong></span> <span class='ocrx_word' id='word_1_178' title='bbox 2831 1918 3079 1991; x_wconf 86' lang='lat' dir='ltr'><strong>Spiritus</strong></span> <span class='ocrx_word' id='word_1_179' title='bbox 3110 1918 3254 1991; x_wconf 88' lang='lat' dir='ltr'><strong>ipsis</strong></span> 
     </span>
    </p>
   </div>
   <div class='ocr_carea' id='block_1_21' title="bbox 1461 1992 2987 2066">
    <p class='ocr_par' dir='ltr' id='par_1_21' title="bbox 1461 1992 2987 2066">
     <span class='ocr_line' id='line_1_21' title="bbox 1461 1992 2987 2066; baseline -0.002 -18"><span class='ocrx_word' id='word_1_180' title='bbox 1461 1992 1793 2051; x_wconf 74' lang='lat' dir='ltr'><strong>Visceribus</strong></span> <span class='ocrx_word' id='word_1_181' title='bbox 1826 1995 2030 2049; x_wconf 88' lang='lat' dir='ltr'><strong>matris</strong></span> <span class='ocrx_word' id='word_1_182' title='bbox 2065 1995 2384 2066; x_wconf 88' lang='lat' dir='ltr'><strong>complevit</strong></span> <span class='ocrx_word' id='word_1_183' title='bbox 2412 1992 2661 2049; x_wconf 75' lang='lat' dir='ltr'><strong>numine</strong></span> <span class='ocrx_word' id='word_1_184' title='bbox 2691 1992 2987 2066; x_wconf 81' lang='lat' dir='ltr'><strong>clausum,</strong></span> 
     </span>
    </p>
   </div>
   <div class='ocr_carea' id='block_1_22' title="bbox 1462 2063 3065 2137">
    <p class='ocr_par' dir='ltr' id='par_1_22' title="bbox 1462 2063 3065 2137">
     <span class='ocr_line' id='line_1_22' title="bbox 1462 2063 3065 2137; baseline -0.004 -15"><span class='ocrx_word' id='word_1_185' title='bbox 1462 2069 1508 2121; x_wconf 86' lang='lat' dir='ltr'><strong>A</strong></span> <span class='ocrx_word' id='word_1_186' title='bbox 1540 2068 1753 2122; x_wconf 89' lang='lat' dir='ltr'><strong>teneris</strong></span> <span class='ocrx_word' id='word_1_187' title='bbox 1779 2068 1881 2137; x_wconf 90' lang='lat' dir='ltr'><strong>qui</strong></span> <span class='ocrx_word' id='word_1_188' title='bbox 1913 2067 2085 2137; x_wconf 84' lang='lat' dir='ltr'><strong>annis</strong></span> <span class='ocrx_word' id='word_1_189' title='bbox 2118 2063 2395 2121; x_wconf 86' lang='lat' dir='ltr'><strong>montosa</strong></span> <span class='ocrx_word' id='word_1_190' title='bbox 2425 2066 2741 2137; x_wconf 84' lang='lat' dir='ltr'><strong>cacumina</strong></span> <span class='ocrx_word' id='word_1_191' title='bbox 2778 2063 3065 2125; x_wconf 86' lang='lat' dir='ltr'><strong>lustrans,</strong></span> 
     </span>
    </p>
   </div>
   <div class='ocr_carea' id='block_1_23' title="bbox 1464 2136 2846 2209">
    <p class='ocr_par' dir='ltr' id='par_1_23' title="bbox 1464 2136 2846 2209">
     <span class='ocr_line' id='line_1_23' title="bbox 1464 2136 2846 2209; baseline -0.004 -16"><span class='ocrx_word' id='word_1_192' title='bbox 1464 2141 1529 2194; x_wconf 88' lang='lat' dir='ltr'><strong>Et</strong></span> <span class='ocrx_word' id='word_1_193' title='bbox 1561 2137 1764 2209; x_wconf 89' lang='lat' dir='ltr'><strong>populi</strong></span> <span class='ocrx_word' id='word_1_194' title='bbox 1781 2136 2021 2209; x_wconf 81' lang='lat' dir='ltr'><strong>turmas</strong></span> <span class='ocrx_word' id='word_1_195' title='bbox 2052 2136 2199 2207; x_wconf 84' lang='lat' dir='ltr'><strong>fugit</strong></span> <span class='ocrx_word' id='word_1_196' title='bbox 2232 2136 2563 2209; x_wconf 81' lang='lat' dir='ltr'><strong>mundique</strong></span> <span class='ocrx_word' id='word_1_197' title='bbox 2594 2136 2846 2209; x_wconf 81' lang='lat' dir='ltr'><strong>favores,</strong></span> 
     </span>
    </p>
   </div>
   <div class='ocr_carea' id='block_1_24' title="bbox 1460 2205 3000 2280">
    <p class='ocr_par' dir='ltr' id='par_1_24' title="bbox 1460 2205 3000 2280">
     <span class='ocr_line' id='line_1_24' title="bbox 1460 2205 3000 2280; baseline -0.001 -17"><span class='ocrx_word' id='word_1_198' title='bbox 1460 2205 1867 2280; x_wconf 54' lang='lat' dir='ltr'><strong>Ad&#39;sc&#39;opulos</strong></span> <span class='ocrx_word' id='word_1_199' title='bbox 1894 2205 2208 2263; x_wconf 81' lang='lat' dir='ltr'><strong>nemorum</strong></span> <span class='ocrx_word' id='word_1_200' title='bbox 2236 2209 2399 2280; x_wconf 88' lang='lat' dir='ltr'><strong>petiit</strong></span> <span class='ocrx_word' id='word_1_201' title='bbox 2429 2205 2760 2280; x_wconf 84' lang='lat' dir='ltr'><strong>Iordanidis</strong></span> <span class='ocrx_word' id='word_1_202' title='bbox 2783 2205 3000 2271; x_wconf 90' lang='lat' dir='ltr'><strong>undae,</strong></span> 
     </span>
    </p>
   </div>
   <div class='ocr_carea' id='block_1_25' title="bbox 1463 2278 2811 2347">
    <p class='ocr_par' dir='ltr' id='par_1_25' title="bbox 1463 2278 2811 2347">
     <span class='ocr_line' id='line_1_25' title="bbox 1463 2278 2811 2347; baseline -0.002 -13"><span class='ocrx_word' id='word_1_203' title='bbox 1463 2280 1643 2335; x_wconf 86' lang='lat' dir='ltr'><strong>Texta</strong></span> <span class='ocrx_word' id='word_1_204' title='bbox 1681 2278 2049 2334; x_wconf 87' lang='lat' dir='ltr'><strong>camelorum</strong></span> <span class='ocrx_word' id='word_1_205' title='bbox 2081 2278 2263 2347; x_wconf 78' lang='lat' dir='ltr'><strong>gessit</strong></span> <span class='ocrx_word' id='word_1_206' title='bbox 2289 2279 2590 2334; x_wconf 85' lang='lat' dir='ltr'><strong>velamina</strong></span> <span class='ocrx_word' id='word_1_207' title='bbox 2621 2278 2763 2333; x_wconf 89' lang='lat' dir='ltr'><strong>setis</strong></span> <span class='ocrx_word' id='word_1_208' title='bbox 2796 2294 2811 2343; x_wconf 88' lang='lat'><strong>;</strong></span> 
     </span>
    </p>
   </div>
   <div class='ocr_carea' id='block_1_26' title="bbox 1466 2350 2817 2421">
    <p class='ocr_par' dir='ltr' id='par_1_26' title="bbox 1466 2350 2817 2421">
     <span class='ocr_line' id='line_1_26' title="bbox 1466 2350 2817 2421; baseline -0.002 -15"><span class='ocrx_word' id='word_1_209' title='bbox 1466 2354 1530 2406; x_wconf 89' lang='lat' dir='ltr'><strong>Et</strong></span> <span class='ocrx_word' id='word_1_210' title='bbox 1555 2366 1737 2407; x_wconf 89' lang='lat' dir='ltr'><strong>zonae</strong></span> <span class='ocrx_word' id='word_1_211' title='bbox 1778 2350 1947 2421; x_wconf 89' lang='lat' dir='ltr'><strong>pellis</strong></span> <span class='ocrx_word' id='word_1_212' title='bbox 1978 2350 2243 2405; x_wconf 92' lang='lat' dir='ltr'><strong>medium</strong></span> <span class='ocrx_word' id='word_1_213' title='bbox 2270 2351 2504 2406; x_wconf 84' lang='lat' dir='ltr'><strong>cinxere</strong></span> <span class='ocrx_word' id='word_1_214' title='bbox 2533 2350 2771 2421; x_wconf 83' lang='lat' dir='ltr'><strong>ferinae,</strong></span> <span class='ocrx_word' id='word_1_215' title='bbox 2808 2352 2817 2418; x_wconf 94' lang='lat'><strong><em>|</em></strong></span> 
     </span>
    </p>
   </div>
   <div class='ocr_carea' id='block_1_27' title="bbox 1467 2420 2956 2484">
    <p class='ocr_par' dir='ltr' id='par_1_27' title="bbox 1467 2420 2956 2484">
     <span class='ocr_line' id='line_1_27' title="bbox 1467 2420 2956 2484; baseline -0.002 -6"><span class='ocrx_word' id='word_1_216' title='bbox 1467 2426 1525 2478; x_wconf 82' lang='lat' dir='ltr'><strong>Et</strong></span> <span class='ocrx_word' id='word_1_217' title='bbox 1560 2420 1792 2477; x_wconf 80' lang='lat' dir='ltr'><strong>virides</strong></span> <span class='ocrx_word' id='word_1_218' title='bbox 1818 2421 2041 2477; x_wconf 89' lang='lat' dir='ltr'><strong>victum</strong></span> <span class='ocrx_word' id='word_1_219' title='bbox 2082 2422 2368 2477; x_wconf 89' lang='lat' dir='ltr'><strong>dederant</strong></span> <span class='ocrx_word' id='word_1_220' title='bbox 2393 2421 2465 2475; x_wconf 92' lang='lat' dir='ltr'><strong>de</strong></span> <span class='ocrx_word' id='word_1_221' title='bbox 2491 2436 2625 2476; x_wconf 91' lang='lat' dir='ltr'><strong>rure</strong></span> <span class='ocrx_word' id='word_1_222' title='bbox 2663 2420 2956 2484; x_wconf 87' lang='lat' dir='ltr'><strong>locustae,</strong></span> 
     </span>
    </p>
   </div>
   <div class='ocr_carea' id='block_1_28' title="bbox 1464 2492 2979 2563">
    <p class='ocr_par' dir='ltr' id='par_1_28' title="bbox 1464 2492 2979 2563">
     <span class='ocr_line' id='line_1_28' title="bbox 1464 2492 2979 2563; baseline -0.003 -14"><span class='ocrx_word' id='word_1_223' title='bbox 1464 2492 1876 2563; x_wconf 90' lang='lat' dir='ltr'><strong>Silvestrisque</strong></span> <span class='ocrx_word' id='word_1_224' title='bbox 1908 2508 2057 2548; x_wconf 90' lang='lat' dir='ltr'><strong>cava</strong></span> <span class='ocrx_word' id='word_1_225' title='bbox 2084 2493 2271 2548; x_wconf 90' lang='lat' dir='ltr'><strong>mellis</strong></span> <span class='ocrx_word' id='word_1_226' title='bbox 2298 2493 2471 2549; x_wconf 78' lang='lat' dir='ltr'><strong>favus</strong></span> <span class='ocrx_word' id='word_1_227' title='bbox 2507 2492 2636 2548; x_wconf 89' lang='lat' dir='ltr'><strong>ilice</strong></span> <span class='ocrx_word' id='word_1_228' title='bbox 2659 2497 2934 2563; x_wconf 91' lang='lat' dir='ltr'><strong>sumptus</strong></span> <span class='ocrx_word' id='word_1_229' title='bbox 2964 2508 2979 2558; x_wconf 87' lang='lat'><strong>;</strong></span> 
     </span>
    </p>
   </div>
   <div class='ocr_carea' id='block_1_29' title="bbox 1464 2564 2850 2630">
    <p class='ocr_par' dir='ltr' id='par_1_29' title="bbox 1464 2564 2850 2630">
     <span class='ocr_line' id='line_1_29' title="bbox 1464 2564 2850 2630; baseline -0.003 -11"><span class='ocrx_word' id='word_1_230' title='bbox 1464 2564 1708 2627; x_wconf 90' lang='lat' dir='ltr'><strong>Bacche,</strong></span> <span class='ocrx_word' id='word_1_231' title='bbox 1745 2568 1877 2619; x_wconf 87' lang='lat' dir='ltr'><strong>tuas</strong></span> <span class='ocrx_word' id='word_1_232' title='bbox 1907 2564 2058 2618; x_wconf 89' lang='lat' dir='ltr'><strong>vires</strong></span> <span class='ocrx_word' id='word_1_233' title='bbox 2091 2565 2233 2630; x_wconf 89' lang='lat' dir='ltr'><strong>risit,</strong></span> <span class='ocrx_word' id='word_1_234' title='bbox 2264 2580 2371 2619; x_wconf 89' lang='lat' dir='ltr'><strong>nec</strong></span> <span class='ocrx_word' id='word_1_235' title='bbox 2403 2569 2598 2619; x_wconf 90' lang='lat' dir='ltr'><strong>cetera</strong></span> <span class='ocrx_word' id='word_1_236' title='bbox 2631 2578 2850 2617; x_wconf 85' lang='lat' dir='ltr'><strong>curans</strong></span> 
     </span>
    </p>
   </div>
   <div class='ocr_carea' id='block_1_30' title="bbox 1462 2632 3035 2706">
    <p class='ocr_par' dir='ltr' id='par_1_30' title="bbox 1462 2632 3035 2706">
     <span class='ocr_line' id='line_1_30' title="bbox 1462 2632 3035 2706; baseline 0 -17"><span class='ocrx_word' id='word_1_237' title='bbox 1462 2636 1621 2701; x_wconf 86' lang='lat' dir='ltr'><strong>Quae</strong></span> <span class='ocrx_word' id='word_1_238' title='bbox 1647 2641 1871 2690; x_wconf 89' lang='lat' dir='ltr'><strong>mentes</strong></span> <span class='ocrx_word' id='word_1_239' title='bbox 1898 2635 2212 2691; x_wconf 88' lang='lat' dir='ltr'><strong>hominum</strong></span> <span class='ocrx_word' id='word_1_240' title='bbox 2240 2635 2496 2703; x_wconf 79' lang='lat' dir='ltr'><strong>genialia</strong></span> <span class='ocrx_word' id='word_1_241' title='bbox 2522 2632 2735 2706; x_wconf 91' lang='lat' dir='ltr'><strong>pocula</strong></span> <span class='ocrx_word' id='word_1_242' title='bbox 2755 2634 3035 2706; x_wconf 88' lang='lat' dir='ltr'><strong>mulcent.</strong></span> 
     </span>
    </p>
   </div>
   <div class='ocr_carea' id='block_1_31' title="bbox 1535 2704 2925 2775">
    <p class='ocr_par' dir='ltr' id='par_1_31' title="bbox 1535 2704 2925 2775">
     <span class='ocr_line' id='line_1_31' title="bbox 1535 2704 2925 2775; baseline -0.001 -14"><span class='ocrx_word' id='word_1_243' title='bbox 1535 2712 1633 2761; x_wconf 92' lang='lat' dir='ltr'><strong>Ast</strong></span> <span class='ocrx_word' id='word_1_244' title='bbox 1666 2707 1763 2762; x_wconf 89' lang='lat' dir='ltr'><strong>alii</strong></span> <span class='ocrx_word' id='word_1_245' title='bbox 1802 2714 1857 2761; x_wconf 90' lang='lat' dir='ltr'><strong>et</strong></span> <span class='ocrx_word' id='word_1_246' title='bbox 1885 2722 2143 2775; x_wconf 91' lang='lat' dir='ltr'><strong>quorum</strong></span> <span class='ocrx_word' id='word_1_247' title='bbox 2183 2706 2388 2761; x_wconf 89' lang='lat' dir='ltr'><strong>melior</strong></span> <span class='ocrx_word' id='word_1_248' title='bbox 2411 2704 2711 2760; x_wconf 84' lang='lat' dir='ltr'><strong>sententia</strong></span> <span class='ocrx_word' id='word_1_249' title='bbox 2740 2704 2925 2760; x_wconf 90' lang='lat' dir='ltr'><strong>menti</strong></span> 
     </span>
    </p>
   </div>
   <div class='ocr_carea' id='block_1_32' title="bbox 1452 2777 2801 2848">
    <p class='ocr_par' dir='ltr' id='par_1_32' title="bbox 1452 2777 2801 2848">
     <span class='ocr_line' id='line_1_32' title="bbox 1452 2777 2801 2848; baseline -0.002 -15"><span class='ocrx_word' id='word_1_250' title='bbox 1452 2778 1690 2841; x_wconf 89' lang='lat' dir='ltr'><strong>Insidet,</strong></span> <span class='ocrx_word' id='word_1_251' title='bbox 1719 2794 1753 2832; x_wconf 91' lang='lat' dir='ltr'><strong>a</strong></span> <span class='ocrx_word' id='word_1_252' title='bbox 1782 2777 2049 2848; x_wconf 90' lang='lat' dir='ltr'><strong>quodam</strong></span> <span class='ocrx_word' id='word_1_253' title='bbox 2080 2778 2268 2834; x_wconf 84' lang='lat' dir='ltr'><strong>Paulo</strong></span> <span class='ocrx_word' id='word_1_254' title='bbox 2298 2777 2581 2833; x_wconf 89' lang='lat' dir='ltr'><strong>deducier</strong></span> <span class='ocrx_word' id='word_1_255' title='bbox 2605 2782 2801 2848; x_wconf 78' lang='lat' dir='ltr'><strong>ortum</strong></span> 
     </span>
    </p>
   </div>
   <div class='ocr_carea' id='block_1_33' title="bbox 1459 2846 2867 2920">
    <p class='ocr_par' dir='ltr' id='par_1_33' title="bbox 1459 2846 2867 2920">
     <span class='ocr_line' id='line_1_33' title="bbox 1459 2846 2867 2920; baseline -0.002 -15"><span class='ocrx_word' id='word_1_256' title='bbox 1459 2846 1929 2920; x_wconf 45' lang='lat' dir='ltr'><strong>Monstrant,_qui</strong></span> <span class='ocrx_word' id='word_1_257' title='bbox 1970 2850 2122 2904; x_wconf 87' lang='lat' dir='ltr'><strong>Decii</strong></span> <span class='ocrx_word' id='word_1_258' title='bbox 2154 2848 2409 2920; x_wconf 88' lang='lat' dir='ltr'><strong>crudelis</strong></span> <span class='ocrx_word' id='word_1_259' title='bbox 2443 2854 2710 2919; x_wconf 90' lang='lat' dir='ltr'><strong>tempore</strong></span> <span class='ocrx_word' id='word_1_260' title='bbox 2736 2846 2867 2903; x_wconf 90' lang='lat' dir='ltr'><strong>diro</strong></span> 
     </span>
    </p>
   </div>
   <div class='ocr_carea' id='block_1_34' title="bbox 1464 2919 2760 2990">
    <p class='ocr_par' dir='ltr' id='par_1_34' title="bbox 1464 2919 2760 2990">
     <span class='ocr_line' id='line_1_34' title="bbox 1464 2919 2760 2990; baseline -0.001 -16"><span class='ocrx_word' id='word_1_261' title='bbox 1464 2920 1713 2975; x_wconf 86' lang='lat' dir='ltr'><strong>Insidias</strong></span> <span class='ocrx_word' id='word_1_262' title='bbox 1745 2919 1977 2988; x_wconf 84' lang='lat' dir='ltr'><strong>fugiens</strong></span> <span class='ocrx_word' id='word_1_263' title='bbox 2007 2919 2258 2975; x_wconf 89' lang='lat' dir='ltr'><strong>accessit</strong></span> <span class='ocrx_word' id='word_1_264' title='bbox 2280 2920 2579 2990; x_wconf 90' lang='lat' dir='ltr'><strong>inhospita</strong></span> <span class='ocrx_word' id='word_1_265' title='bbox 2605 2934 2760 2990; x_wconf 86' lang='lat' dir='ltr'><strong>rura,</strong></span> 
     </span>
    </p>
   </div>
   <div class='ocr_carea' id='block_1_35' title="bbox 1459 2989 2865 3063">
    <p class='ocr_par' dir='ltr' id='par_1_35' title="bbox 1459 2989 2865 3063">
     <span class='ocr_line' id='line_1_35' title="bbox 1459 2989 2865 3063; baseline -0.003 -16"><span class='ocrx_word' id='word_1_266' title='bbox 1459 2993 1528 3047; x_wconf 89' lang='lat' dir='ltr'><strong>Ut</strong></span> <span class='ocrx_word' id='word_1_267' title='bbox 1550 2991 1729 3047; x_wconf 88' lang='lat' dir='ltr'><strong>silvas</strong></span> <span class='ocrx_word' id='word_1_268' title='bbox 1754 2992 1922 3057; x_wconf 91' lang='lat' dir='ltr'><strong>inter,</strong></span> <span class='ocrx_word' id='word_1_269' title='bbox 1953 2992 2101 3046; x_wconf 90' lang='lat' dir='ltr'><strong>inter</strong></span> <span class='ocrx_word' id='word_1_270' title='bbox 2126 3007 2367 3063; x_wconf 91' lang='lat' dir='ltr'><strong>quoque</strong></span> <span class='ocrx_word' id='word_1_271' title='bbox 2394 2989 2578 3063; x_wconf 83' lang='lat' dir='ltr'><strong>lustra</strong></span> <span class='ocrx_word' id='word_1_272' title='bbox 2601 2989 2865 3063; x_wconf 77' lang='lat' dir='ltr'><strong>leonum,</strong></span> 
     </span>
    </p>
   </div>
   <div class='ocr_carea' id='block_1_36' title="bbox 1455 3060 2931 3131">
    <p class='ocr_par' dir='ltr' id='par_1_36' title="bbox 1455 3060 2931 3131">
     <span class='ocr_line' id='line_1_36' title="bbox 1455 3060 2931 3131; baseline -0.003 -12"><span class='ocrx_word' id='word_1_273' title='bbox 1455 3063 1677 3119; x_wconf 87' lang='lat' dir='ltr'><strong>Christe</strong></span> <span class='ocrx_word' id='word_1_274' title='bbox 1718 3063 1822 3118; x_wconf 90' lang='lat' dir='ltr'><strong>tibi</strong></span> <span class='ocrx_word' id='word_1_275' title='bbox 1854 3068 2056 3131; x_wconf 87' lang='lat' dir='ltr'><strong>gratas</strong></span> <span class='ocrx_word' id='word_1_276' title='bbox 2083 3060 2389 3117; x_wconf 77' lang='lat' dir='ltr'><strong>resonaret</strong></span> <span class='ocrx_word' id='word_1_277' title='bbox 2420 3061 2669 3116; x_wconf 81' lang='lat' dir='ltr'><strong>Maxime</strong></span> <span class='ocrx_word' id='word_1_278' title='bbox 2698 3060 2931 3122; x_wconf 88' lang='lat' dir='ltr'><strong>laudes,</strong></span> 
     </span>
    </p>
   </div>
   <div class='ocr_carea' id='block_1_37' title="bbox 1458 3134 2810 3203">
    <p class='ocr_par' dir='ltr' id='par_1_37' title="bbox 1458 3134 2810 3203">
     <span class='ocr_line' id='line_1_37' title="bbox 1458 3134 2810 3203; baseline -0.003 -14"><span class='ocrx_word' id='word_1_279' title='bbox 1458 3134 1817 3203; x_wconf 82' lang='lat' dir='ltr'><strong>Efferretque</strong></span> <span class='ocrx_word' id='word_1_280' title='bbox 1844 3139 2012 3188; x_wconf 87' lang='lat' dir='ltr'><strong>tuum</strong></span> <span class='ocrx_word' id='word_1_281' title='bbox 2046 3135 2276 3188; x_wconf 76' lang='lat' dir='ltr'><strong>sincero</strong></span> <span class='ocrx_word' id='word_1_282' title='bbox 2306 3140 2543 3203; x_wconf 85' lang='lat' dir='ltr'><strong>pectore</strong></span> <span class='ocrx_word' id='word_1_283' title='bbox 2568 3147 2810 3187; x_wconf 90' lang='lat' dir='ltr'><strong>nomen.</strong></span> 
     </span>
    </p>
   </div>
   <div class='ocr_carea' id='block_1_38' title="bbox 1526 3203 2646 3261">
    <p class='ocr_par' dir='ltr' id='par_1_38' title="bbox 1526 3203 2646 3261">
     <span class='ocr_line' id='line_1_38' title="bbox 1526 3203 2646 3261; baseline 0 -3"><span class='ocrx_word' id='word_1_284' title='bbox 1526 3205 1694 3260; x_wconf 86' lang='lat' dir='ltr'><strong>Hunc</strong></span> <span class='ocrx_word' id='word_1_285' title='bbox 1726 3208 1998 3261; x_wconf 89' lang='lat' dir='ltr'><strong>exercitio</strong></span> <span class='ocrx_word' id='word_1_286' title='bbox 2027 3205 2161 3259; x_wconf 88' lang='lat' dir='ltr'><strong>felix</strong></span> <span class='ocrx_word' id='word_1_287' title='bbox 2192 3203 2484 3260; x_wconf 82' lang='lat' dir='ltr'><strong>Antonius</strong></span> <span class='ocrx_word' id='word_1_288' title='bbox 2526 3220 2646 3258; x_wconf 91' lang='lat' dir='ltr'><strong>uno</strong></span> 
     </span>
    </p>
   </div>
   <div class='ocr_carea' id='block_1_39' title="bbox 1452 3275 2892 3346">
    <p class='ocr_par' dir='ltr' id='par_1_39' title="bbox 1452 3275 2892 3346">
     <span class='ocr_line' id='line_1_39' title="bbox 1452 3275 2892 3346; baseline -0.002 -15"><span class='ocrx_word' id='word_1_289' title='bbox 1452 3277 1736 3332; x_wconf 88' lang='lat' dir='ltr'><strong>Austerae</strong></span> <span class='ocrx_word' id='word_1_290' title='bbox 1762 3276 2032 3346; x_wconf 86' lang='lat' dir='ltr'><strong>sequitur</strong></span> <span class='ocrx_word' id='word_1_291' title='bbox 2057 3276 2210 3331; x_wconf 87' lang='lat' dir='ltr'><strong>vitae</strong></span> <span class='ocrx_word' id='word_1_292' title='bbox 2245 3293 2259 3341; x_wconf 90' lang='lat'><strong>;</strong></span> <span class='ocrx_word' id='word_1_293' title='bbox 2289 3292 2431 3331; x_wconf 90' lang='lat' dir='ltr'><strong>nam</strong></span> <span class='ocrx_word' id='word_1_294' title='bbox 2471 3275 2661 3329; x_wconf 84' lang='lat' dir='ltr'><strong>laetus</strong></span> <span class='ocrx_word' id='word_1_295' title='bbox 2692 3288 2892 3329; x_wconf 90' lang='lat' dir='ltr'><strong>eremo</strong></span> 
     </span>
    </p>
   </div>
   <div class='ocr_carea' id='block_1_40' title="bbox 1459 3347 3024 3418">
    <p class='ocr_par' dir='ltr' id='par_1_40' title="bbox 1459 3347 3024 3418">
     <span class='ocr_line' id='line_1_40' title="bbox 1459 3347 3024 3418; baseline -0.003 -16"><span class='ocrx_word' id='word_1_296' title='bbox 1459 3350 1820 3418; x_wconf 84' lang='lat' dir='ltr'><strong>Conspectus</strong></span> <span class='ocrx_word' id='word_1_297' title='bbox 1861 3348 2173 3402; x_wconf 89' lang='lat' dir='ltr'><strong>hominum</strong></span> <span class='ocrx_word' id='word_1_298' title='bbox 2206 3347 2375 3417; x_wconf 89' lang='lat' dir='ltr'><strong>liquit</strong></span> <span class='ocrx_word' id='word_1_299' title='bbox 2408 3362 2697 3417; x_wconf 90' lang='lat' dir='ltr'><strong>carosque</strong></span> <span class='ocrx_word' id='word_1_300' title='bbox 2726 3350 3024 3418; x_wconf 84' lang='lat' dir='ltr'><strong>parentes,</strong></span> 
     </span>
    </p>
   </div>
   <div class='ocr_carea' id='block_1_41' title="bbox 1464 3415 2979 3488">
    <p class='ocr_par' dir='ltr' id='par_1_41' title="bbox 1464 3415 2979 3488">
     <span class='ocr_line' id='line_1_41' title="bbox 1464 3415 2979 3488; baseline -0.002 -15"><span class='ocrx_word' id='word_1_301' title='bbox 1464 3420 1533 3473; x_wconf 92' lang='lat' dir='ltr'><strong>Ut</strong></span> <span class='ocrx_word' id='word_1_302' title='bbox 1562 3415 1759 3473; x_wconf 74' lang='lat' dir='ltr'><strong>casses</strong></span> <span class='ocrx_word' id='word_1_303' title='bbox 1792 3426 2056 3483; x_wconf 88' lang='lat' dir='ltr'><strong>satanae,</strong></span> <span class='ocrx_word' id='word_1_304' title='bbox 2094 3415 2323 3481; x_wconf 81' lang='lat' dir='ltr'><strong>mundi,</strong></span> <span class='ocrx_word' id='word_1_305' title='bbox 2355 3415 2673 3488; x_wconf 80' lang='lat' dir='ltr'><strong>carnisque</strong></span> <span class='ocrx_word' id='word_1_306' title='bbox 2712 3415 2979 3483; x_wconf 90' lang='lat' dir='ltr'><strong>dolosos,</strong></span> 
     </span>
    </p>
   </div>
   <div class='ocr_carea' id='block_1_42' title="bbox 1459 3489 2758 3558">
    <p class='ocr_par' dir='ltr' id='par_1_42' title="bbox 1459 3489 2758 3558">
     <span class='ocr_line' id='line_1_42' title="bbox 1459 3489 2758 3558; baseline -0.002 -16"><span class='ocrx_word' id='word_1_307' title='bbox 1459 3491 1521 3542; x_wconf 89' lang='lat' dir='ltr'><strong>Et</strong></span> <span class='ocrx_word' id='word_1_308' title='bbox 1553 3489 1699 3545; x_wconf 85' lang='lat' dir='ltr'><strong>liber</strong></span> <span class='ocrx_word' id='word_1_309' title='bbox 1728 3496 1926 3558; x_wconf 86' lang='lat' dir='ltr'><strong>posset</strong></span> <span class='ocrx_word' id='word_1_310' title='bbox 1952 3489 2194 3543; x_wconf 84' lang='lat' dir='ltr'><strong>fraudes</strong></span> <span class='ocrx_word' id='word_1_311' title='bbox 2229 3490 2410 3544; x_wconf 86' lang='lat' dir='ltr'><strong>vitare</strong></span> <span class='ocrx_word' id='word_1_312' title='bbox 2444 3489 2758 3557; x_wconf 87' lang='lat' dir='ltr'><strong>malignas,</strong></span> 
     </span>
    </p>
   </div>
   <div class='ocr_carea' id='block_1_43' title="bbox 1456 3560 2687 3631">
    <p class='ocr_par' dir='ltr' id='par_1_43' title="bbox 1456 3560 2687 3631">
     <span class='ocr_line' id='line_1_43' title="bbox 1456 3560 2687 3631; baseline 0 -18"><span class='ocrx_word' id='word_1_313' title='bbox 1456 3562 1536 3614; x_wconf 81' lang='lat' dir='ltr'><strong>Ac</strong></span> <span class='ocrx_word' id='word_1_314' title='bbox 1560 3560 1790 3615; x_wconf 84' lang='lat' dir='ltr'><strong>Christo</strong></span> <span class='ocrx_word' id='word_1_315' title='bbox 1830 3560 1940 3614; x_wconf 92' lang='lat' dir='ltr'><strong>soli</strong></span> <span class='ocrx_word' id='word_1_316' title='bbox 1973 3564 2187 3631; x_wconf 86' lang='lat' dir='ltr'><strong>pacato</strong></span> <span class='ocrx_word' id='word_1_317' title='bbox 2220 3560 2400 3615; x_wconf 88' lang='lat' dir='ltr'><strong>corde</strong></span> <span class='ocrx_word' id='word_1_318' title='bbox 2432 3560 2687 3631; x_wconf 88' lang='lat' dir='ltr'><strong>placere,</strong></span> 
     </span>
    </p>
   </div>
   <div class='ocr_carea' id='block_1_44' title="bbox 1459 3631 2863 3703">
    <p class='ocr_par' dir='ltr' id='par_1_44' title="bbox 1459 3631 2863 3703">
     <span class='ocr_line' id='line_1_44' title="bbox 1459 3631 2863 3703; baseline 0 -17"><span class='ocrx_word' id='word_1_319' title='bbox 1459 3631 1893 3703; x_wconf 86' lang='lat' dir='ltr'><strong>Servitiumque</strong></span> <span class='ocrx_word' id='word_1_320' title='bbox 1927 3633 2041 3686; x_wconf 91' lang='lat' dir='ltr'><strong>Deo</strong></span> <span class='ocrx_word' id='word_1_321' title='bbox 2064 3632 2191 3686; x_wconf 92' lang='lat' dir='ltr'><strong>sine</strong></span> <span class='ocrx_word' id='word_1_322' title='bbox 2215 3632 2333 3686; x_wconf 84' lang='lat' dir='ltr'><strong>fine</strong></span> <span class='ocrx_word' id='word_1_323' title='bbox 2365 3631 2529 3686; x_wconf 91' lang='lat' dir='ltr'><strong>litare</strong></span> <span class='ocrx_word' id='word_1_324' title='bbox 2561 3646 2863 3703; x_wconf 67' lang='lat' dir='ltr'><strong>supremo.</strong></span> 
     </span>
    </p>
   </div>
   <div class='ocr_carea' id='block_1_45' title="bbox 1528 3700 3046 3771">
    <p class='ocr_par' dir='ltr' id='par_1_45' title="bbox 1528 3700 3046 3771">
     <span class='ocr_line' id='line_1_45' title="bbox 1528 3700 3046 3771; baseline 0 -16"><span class='ocrx_word' id='word_1_325' title='bbox 1528 3700 1835 3757; x_wconf 75' lang='lat' dir='ltr'><strong>Proximus</strong></span> <span class='ocrx_word' id='word_1_326' title='bbox 1874 3702 2012 3758; x_wconf 89' lang='lat' dir='ltr'><strong>hinc</strong></span> <span class='ocrx_word' id='word_1_327' title='bbox 2044 3708 2243 3758; x_wconf 90' lang='lat' dir='ltr'><strong>noster</strong></span> <span class='ocrx_word' id='word_1_328' title='bbox 2270 3703 2575 3758; x_wconf 78' lang='lat' dir='ltr'><strong>Macarius</strong></span> <span class='ocrx_word' id='word_1_329' title='bbox 2604 3700 2811 3757; x_wconf 84' lang='lat' dir='ltr'><strong>ordine</strong></span> <span class='ocrx_word' id='word_1_330' title='bbox 2844 3700 3046 3771; x_wconf 88' lang='lat' dir='ltr'><strong>fertur,</strong></span> 
     </span>
    </p>
   </div>
   <div class='ocr_carea' id='block_1_46' title="bbox 1458 3772 2919 3845">
    <p class='ocr_par' dir='ltr' id='par_1_46' title="bbox 1458 3772 2919 3845">
     <span class='ocr_line' id='line_1_46' title="bbox 1458 3772 2919 3845; baseline 0.001 -20"><span class='ocrx_word' id='word_1_331' title='bbox 1458 3773 1645 3845; x_wconf 76' lang='lat' dir='ltr'><strong>Quem</strong></span> <span class='ocrx_word' id='word_1_332' title='bbox 1678 3774 1875 3828; x_wconf 90' lang='lat' dir='ltr'><strong>studio</strong></span> <span class='ocrx_word' id='word_1_333' title='bbox 1905 3775 2153 3845; x_wconf 86' lang='lat' dir='ltr'><strong>Aegypti</strong></span> <span class='ocrx_word' id='word_1_334' title='bbox 2192 3772 2361 3829; x_wconf 90' lang='lat' dir='ltr'><strong>tellus</strong></span> <span class='ocrx_word' id='word_1_335' title='bbox 2388 3773 2647 3828; x_wconf 90' lang='lat' dir='ltr'><strong>fecunda</strong></span> <span class='ocrx_word' id='word_1_336' title='bbox 2676 3773 2919 3842; x_wconf 88' lang='lat' dir='ltr'><strong>Pelasgo</strong></span> 
     </span>
    </p>
   </div>
   <div class='ocr_carea' id='block_1_47' title="bbox 1467 3843 2620 3907">
    <p class='ocr_par' dir='ltr' id='par_1_47' title="bbox 1467 3843 2620 3907">
     <span class='ocr_line' id='line_1_47' title="bbox 1467 3843 2620 3907; baseline -0.001 -10"><span class='ocrx_word' id='word_1_337' title='bbox 1467 3843 1677 3907; x_wconf 84' lang='lat' dir='ltr'><strong>Edidit,</strong></span> <span class='ocrx_word' id='word_1_338' title='bbox 1713 3853 1766 3899; x_wconf 90' lang='lat' dir='ltr'><strong>et</strong></span> <span class='ocrx_word' id='word_1_339' title='bbox 1798 3845 1971 3899; x_wconf 88' lang='lat' dir='ltr'><strong>nobis</strong></span> <span class='ocrx_word' id='word_1_340' title='bbox 2001 3843 2198 3899; x_wconf 80' lang='lat' dir='ltr'><strong>divino</strong></span> <span class='ocrx_word' id='word_1_341' title='bbox 2226 3846 2419 3899; x_wconf 90' lang='lat' dir='ltr'><strong>sidere</strong></span> <span class='ocrx_word' id='word_1_342' title='bbox 2440 3845 2620 3899; x_wconf 87' lang='lat' dir='ltr'><strong>misit.</strong></span> 
     </span>
    </p>
   </div>
   <div class='ocr_carea' id='block_1_48' title="bbox 1470 3915 2831 3986">
    <p class='ocr_par' dir='ltr' id='par_1_48' title="bbox 1470 3915 2831 3986">
     <span class='ocr_line' id='line_1_48' title="bbox 1470 3915 2831 3986; baseline -0.001 -17"><span class='ocrx_word' id='word_1_343' title='bbox 1470 3915 1751 3986; x_wconf 69' lang='lat' dir='ltr'><strong>Aemulus</strong></span> <span class='ocrx_word' id='word_1_344' title='bbox 1782 3916 2020 3971; x_wconf 82' lang='lat' dir='ltr'><strong>Antonii</strong></span> <span class='ocrx_word' id='word_1_345' title='bbox 2053 3918 2232 3971; x_wconf 90' lang='lat' dir='ltr'><strong>vitam</strong></span> <span class='ocrx_word' id='word_1_346' title='bbox 2275 3931 2591 3986; x_wconf 85' lang='lat' dir='ltr'><strong>moresque</strong></span> <span class='ocrx_word' id='word_1_347' title='bbox 2622 3915 2831 3970; x_wconf 90' lang='lat' dir='ltr'><strong>beatos</strong></span> 
     </span>
    </p>
   </div>
   <div class='ocr_carea' id='block_1_49' title="bbox 1470 3985 2950 4058">
    <p class='ocr_par' dir='ltr' id='par_1_49' title="bbox 1470 3985 2950 4058">
     <span class='ocr_line' id='line_1_49' title="bbox 1470 3985 2950 4058; baseline -0.001 -18"><span class='ocrx_word' id='word_1_348' title='bbox 1470 3985 1809 4058; x_wconf 89' lang='lat' dir='ltr'><strong>Discipulus</strong></span> <span class='ocrx_word' id='word_1_349' title='bbox 1836 3988 1938 4043; x_wconf 85' lang='lat' dir='ltr'><strong>ﬁdi</strong></span> <span class='ocrx_word' id='word_1_350' title='bbox 1971 3989 2236 4058; x_wconf 87' lang='lat' dir='ltr'><strong>sequitur</strong></span> <span class='ocrx_word' id='word_1_351' title='bbox 2263 3985 2510 4058; x_wconf 80' lang='lat' dir='ltr'><strong>placido</strong></span> <span class='ocrx_word' id='word_1_352' title='bbox 2529 4001 2630 4040; x_wconf 89' lang='lat' dir='ltr'><strong>ore</strong></span> <span class='ocrx_word' id='word_1_353' title='bbox 2662 3985 2950 4058; x_wconf 78' lang='lat' dir='ltr'><strong>magistri,</strong></span> 
     </span>
    </p>
   </div>
   <div class='ocr_carea' id='block_1_50' title="bbox 1467 4056 3021 4125">
    <p class='ocr_par' dir='ltr' id='par_1_50' title="bbox 1467 4056 3021 4125">
     <span class='ocr_line' id='line_1_50' title="bbox 1467 4056 3021 4125; baseline -0.001 -13"><span class='ocrx_word' id='word_1_354' title='bbox 1467 4058 1537 4113; x_wconf 89' lang='lat' dir='ltr'><strong>Se</strong></span> <span class='ocrx_word' id='word_1_355' title='bbox 1570 4056 1692 4124; x_wconf 87' lang='lat' dir='ltr'><strong>tibi,</strong></span> <span class='ocrx_word' id='word_1_356' title='bbox 1723 4058 1962 4122; x_wconf 92' lang='lat' dir='ltr'><strong>Christe,</strong></span> <span class='ocrx_word' id='word_1_357' title='bbox 1996 4056 2161 4113; x_wconf 86' lang='lat' dir='ltr'><strong>dedit</strong></span> <span class='ocrx_word' id='word_1_358' title='bbox 2183 4056 2395 4123; x_wconf 40' lang='lat' dir='ltr'><strong>tot—um,</strong></span> <span class='ocrx_word' id='word_1_359' title='bbox 2428 4058 2734 4125; x_wconf 89' lang='lat' dir='ltr'><strong>vitamque</strong></span> <span class='ocrx_word' id='word_1_360' title='bbox 2764 4056 3021 4111; x_wconf 90' lang='lat' dir='ltr'><strong>solutam</strong></span> 
     </span>
    </p>
   </div>
   <div class='ocr_carea' id='block_1_51' title="bbox 1462 4127 2860 4201">
    <p class='ocr_par' dir='ltr' id='par_1_51' title="bbox 1462 4127 2860 4201">
     <span class='ocr_line' id='line_1_51' title="bbox 1462 4127 2860 4201; baseline -0.001 -18"><span class='ocrx_word' id='word_1_361' title='bbox 1462 4129 1506 4201; x_wconf 72' lang='grc' dir='ltr'><strong>ᾼ</strong></span> <span class='ocrx_word' id='word_1_362' title='bbox 1541 4131 1694 4201; x_wconf 86' lang='lat' dir='ltr'><strong>curis</strong></span> <span class='ocrx_word' id='word_1_363' title='bbox 1725 4129 1863 4201; x_wconf 87' lang='lat' dir='ltr'><strong>legit</strong></span> <span class='ocrx_word' id='word_1_364' title='bbox 1895 4130 2204 4199; x_wconf 86' lang='lat' dir='ltr'><strong>rigidoque</strong></span> <span class='ocrx_word' id='word_1_365' title='bbox 2225 4129 2574 4201; x_wconf 82' lang='lat' dir='ltr'><strong>gravamine</strong></span> <span class='ocrx_word' id='word_1_366' title='bbox 2601 4127 2860 4198; x_wconf 90' lang='lat' dir='ltr'><strong>plenam.</strong></span> 
     </span>
    </p>
   </div>
   <div class='ocr_carea' id='block_1_52' title="bbox 1463 4200 2849 4271">
    <p class='ocr_par' dir='ltr' id='par_1_52' title="bbox 1463 4200 2849 4271">
     <span class='ocr_line' id='line_1_52' title="bbox 1463 4200 2849 4271; baseline 0 -18"><span class='ocrx_word' id='word_1_367' title='bbox 1463 4200 1716 4255; x_wconf 91' lang='lat' dir='ltr'><strong>Delicias</strong></span> <span class='ocrx_word' id='word_1_368' title='bbox 1751 4200 1961 4256; x_wconf 91' lang='lat' dir='ltr'><strong>mundi</strong></span> <span class='ocrx_word' id='word_1_369' title='bbox 1992 4200 2352 4271; x_wconf 89' lang='lat' dir='ltr'><strong>contempsit</strong></span> <span class='ocrx_word' id='word_1_370' title='bbox 2379 4201 2591 4269; x_wconf 88' lang='lat' dir='ltr'><strong>iugiter</strong></span> <span class='ocrx_word' id='word_1_371' title='bbox 2617 4215 2849 4264; x_wconf 87' lang='lat' dir='ltr'><strong>omnes,</strong></span> 
     </span>
    </p>
   </div>
   <div class='ocr_carea' id='block_1_53' title="bbox 1464 4271 2951 4342">
    <p class='ocr_par' dir='ltr' id='par_1_53' title="bbox 1464 4271 2951 4342">
     <span class='ocr_line' id='line_1_53' title="bbox 1464 4271 2951 4342; baseline -0.003 -16"><span class='ocrx_word' id='word_1_372' title='bbox 1464 4271 1778 4327; x_wconf 85' lang='lat' dir='ltr'><strong>Nimbosos</strong></span> <span class='ocrx_word' id='word_1_373' title='bbox 1819 4272 2102 4342; x_wconf 89' lang='lat' dir='ltr'><strong>petiitque</strong></span> <span class='ocrx_word' id='word_1_374' title='bbox 2130 4272 2403 4327; x_wconf 89' lang='lat' dir='ltr'><strong>animosa</strong></span> <span class='ocrx_word' id='word_1_375' title='bbox 2435 4276 2631 4326; x_wconf 88' lang='lat' dir='ltr'><strong>mente</strong></span> <span class='ocrx_word' id='word_1_376' title='bbox 2656 4285 2951 4342; x_wconf 83' lang='lat' dir='ltr'><strong>recessus,</strong></span> 
     </span>
    </p>
   </div>
   <div class='ocr_carea' id='block_1_54' title="bbox 1463 4341 2989 4413">
    <p class='ocr_par' dir='ltr' id='par_1_54' title="bbox 1463 4341 2989 4413">
     <span class='ocr_line' id='line_1_54' title="bbox 1463 4341 2989 4413; baseline -0.003 -16"><span class='ocrx_word' id='word_1_377' title='bbox 1463 4342 1657 4413; x_wconf 86' lang='lat' dir='ltr'><strong>Atque</strong></span> <span class='ocrx_word' id='word_1_378' title='bbox 1687 4342 1766 4398; x_wconf 92' lang='lat' dir='ltr'><strong>ibi</strong></span> <span class='ocrx_word' id='word_1_379' title='bbox 1791 4341 2020 4408; x_wconf 70' lang='lat' dir='ltr'><strong>nudus,</strong></span> <span class='ocrx_word' id='word_1_380' title='bbox 2044 4343 2239 4413; x_wconf 88' lang='lat' dir='ltr'><strong>inops,</strong></span> <span class='ocrx_word' id='word_1_381' title='bbox 2270 4357 2416 4397; x_wconf 87' lang='lat' dir='ltr'><strong>saxo</strong></span> <span class='ocrx_word' id='word_1_382' title='bbox 2451 4342 2544 4397; x_wconf 81' lang='lat' dir='ltr'><strong>vix</strong></span> <span class='ocrx_word' id='word_1_383' title='bbox 2573 4348 2757 4396; x_wconf 90' lang='lat' dir='ltr'><strong>tectus</strong></span> <span class='ocrx_word' id='word_1_384' title='bbox 2786 4341 2989 4413; x_wconf 85' lang='lat' dir='ltr'><strong>adeso,</strong></span> 
     </span>
    </p>
   </div>
   <div class='ocr_carea' id='block_1_55' title="bbox 1461 4411 2931 4482">
    <p class='ocr_par' dir='ltr' id='par_1_55' title="bbox 1461 4411 2931 4482">
     <span class='ocr_line' id='line_1_55' title="bbox 1461 4411 2931 4482; baseline -0.002 -15"><span class='ocrx_word' id='word_1_385' title='bbox 1461 4411 1585 4469; x_wconf 82' lang='lat' dir='ltr'><strong>Sub</strong></span> <span class='ocrx_word' id='word_1_386' title='bbox 1613 4416 1753 4470; x_wconf 88' lang='lat' dir='ltr'><strong>Jove</strong></span> <span class='ocrx_word' id='word_1_387' title='bbox 1784 4414 1932 4471; x_wconf 86' lang='lat' dir='ltr'><strong>ferre</strong></span> <span class='ocrx_word' id='word_1_388' title='bbox 1965 4415 2127 4468; x_wconf 88' lang='lat' dir='ltr'><strong>nives</strong></span> <span class='ocrx_word' id='word_1_389' title='bbox 2154 4411 2362 4469; x_wconf 79' lang='lat' dir='ltr'><strong>statuit</strong></span> <span class='ocrx_word' id='word_1_390' title='bbox 2388 4412 2738 4482; x_wconf 88' lang='lat' dir='ltr'><strong>glacialibus</strong></span> <span class='ocrx_word' id='word_1_391' title='bbox 2771 4411 2931 4467; x_wconf 90' lang='lat' dir='ltr'><strong>auris</strong></span> 
     </span>
    </p>
   </div>
   <div class='ocr_carea' id='block_1_56' title="bbox 1468 4484 2980 4555">
    <p class='ocr_par' dir='ltr' id='par_1_56' title="bbox 1468 4484 2980 4555">
     <span class='ocr_line' id='line_1_56' title="bbox 1468 4484 2980 4555; baseline -0.002 -14"><span class='ocrx_word' id='word_1_392' title='bbox 1468 4484 1748 4550; x_wconf 85' lang='lat' dir='ltr'><strong>Hiberno,</strong></span> <span class='ocrx_word' id='word_1_393' title='bbox 1780 4491 2058 4555; x_wconf 89' lang='lat' dir='ltr'><strong>expertus</strong></span> <span class='ocrx_word' id='word_1_394' title='bbox 2088 4491 2382 4555; x_wconf 89' lang='lat' dir='ltr'><strong>quantum</strong></span> <span class='ocrx_word' id='word_1_395' title='bbox 2415 4484 2699 4555; x_wconf 89' lang='lat' dir='ltr'><strong>patientia</strong></span> <span class='ocrx_word' id='word_1_396' title='bbox 2740 4484 2980 4555; x_wconf 84' lang='lat' dir='ltr'><strong>tandem</strong></span> 
     </span>
    </p>
   </div>
   <div class='ocr_carea' id='block_1_57' title="bbox 1464 4553 3125 4628">
    <p class='ocr_par' dir='ltr' id='par_1_57' title="bbox 1464 4553 3125 4628">
     <span class='ocr_line' id='line_1_57' title="bbox 1464 4553 3125 4628; baseline -0.002 -20"><span class='ocrx_word' id='word_1_397' title='bbox 1464 4554 1741 4628; x_wconf 82' lang='lat' dir='ltr'><strong>Duraque</strong></span> <span class='ocrx_word' id='word_1_398' title='bbox 1770 4553 2091 4627; x_wconf 83' lang='lat' dir='ltr'><strong>paupertas</strong></span> <span class='ocrx_word' id='word_1_399' title='bbox 2110 4553 2507 4627; x_wconf 85' lang='lat' dir='ltr'><strong>humanaque</strong></span> <span class='ocrx_word' id='word_1_400' title='bbox 2534 4555 2815 4628; x_wconf 86' lang='lat' dir='ltr'><strong>membra</strong></span> <span class='ocrx_word' id='word_1_401' title='bbox 2842 4553 3125 4609; x_wconf 86' lang='lat' dir='ltr'><strong>valerent.</strong></span> 
     </span>
    </p>
   </div>
   <div class='ocr_carea' id='block_1_58' title="bbox 1464 4626 2669 4699">
    <p class='ocr_par' dir='ltr' id='par_1_58' title="bbox 1464 4626 2669 4699">
     <span class='ocr_line' id='line_1_58' title="bbox 1464 4626 2669 4699; baseline -0.002 -18"><span class='ocrx_word' id='word_1_402' title='bbox 1464 4626 1607 4699; x_wconf 68' lang='lat' dir='ltr'><strong>Exili</strong></span> <span class='ocrx_word' id='word_1_403' title='bbox 1640 4626 1809 4683; x_wconf 82' lang='lat' dir='ltr'><strong>cuius</strong></span> <span class='ocrx_word' id='word_1_404' title='bbox 1841 4626 2143 4699; x_wconf 84' lang='lat' dir='ltr'><strong>tenuatum</strong></span> <span class='ocrx_word' id='word_1_405' title='bbox 2177 4643 2395 4699; x_wconf 85' lang='lat' dir='ltr'><strong>corpus</strong></span> <span class='ocrx_word' id='word_1_406' title='bbox 2416 4626 2669 4699; x_wconf 81' lang='lat' dir='ltr'><strong>amictu,</strong></span> 
     </span>
    </p>
   </div>
   <div class='ocr_carea' id='block_1_59' title="bbox 1463 4698 2885 4767">
    <p class='ocr_par' dir='ltr' id='par_1_59' title="bbox 1463 4698 2885 4767">
     <span class='ocr_line' id='line_1_59' title="bbox 1463 4698 2885 4767; baseline -0.002 -15"><span class='ocrx_word' id='word_1_407' title='bbox 1463 4698 1737 4753; x_wconf 86' lang='lat' dir='ltr'><strong>Desidiae</strong></span> <span class='ocrx_word' id='word_1_408' title='bbox 1766 4700 2023 4767; x_wconf 90' lang='lat' dir='ltr'><strong>patiens,</strong></span> <span class='ocrx_word' id='word_1_409' title='bbox 2052 4698 2311 4753; x_wconf 87' lang='lat' dir='ltr'><strong>tolerans</strong></span> <span class='ocrx_word' id='word_1_410' title='bbox 2340 4698 2558 4766; x_wconf 85' lang='lat' dir='ltr'><strong>algoris</strong></span> <span class='ocrx_word' id='word_1_411' title='bbox 2579 4704 2634 4752; x_wconf 90' lang='lat' dir='ltr'><strong>et</strong></span> <span class='ocrx_word' id='word_1_412' title='bbox 2664 4700 2885 4759; x_wconf 88' lang='lat' dir='ltr'><strong>aestus,</strong></span> 
     </span>
    </p>
   </div>
   <div class='ocr_carea' id='block_1_60' title="bbox 1466 4768 2801 4840">
    <p class='ocr_par' dir='ltr' id='par_1_60' title="bbox 1466 4768 2801 4840">
     <span class='ocr_line' id='line_1_60' title="bbox 1466 4768 2801 4840; baseline -0.002 -16"><span class='ocrx_word' id='word_1_413' title='bbox 1466 4770 1701 4836; x_wconf 81' lang='lat' dir='ltr'><strong>Rugosa</strong></span> <span class='ocrx_word' id='word_1_414' title='bbox 1733 4769 1901 4833; x_wconf 89' lang='lat' dir='ltr'><strong>facie,</strong></span> <span class='ocrx_word' id='word_1_415' title='bbox 1929 4769 2313 4840; x_wconf 92' lang='lat' dir='ltr'><strong>lacrimisque</strong></span> <span class='ocrx_word' id='word_1_416' title='bbox 2340 4768 2663 4825; x_wconf 85' lang='lat' dir='ltr'><strong>ﬂuentibus</strong></span> <span class='ocrx_word' id='word_1_417' title='bbox 2701 4782 2801 4840; x_wconf 82' lang='lat' dir='ltr'><strong>ore</strong></span> 
     </span>
    </p>
   </div>
   <div class='ocr_carea' id='block_1_61' title="bbox 1465 4837 2978 4912">
    <p class='ocr_par' dir='ltr' id='par_1_61' title="bbox 1465 4837 2978 4912">
     <span class='ocr_line' id='line_1_61' title="bbox 1465 4837 2978 4912; baseline -0.002 -19"><span class='ocrx_word' id='word_1_418' title='bbox 1465 4841 1586 4912; x_wconf 68' lang='lat' dir='ltr'><strong>Sub</strong></span> <span class='ocrx_word' id='word_1_419' title='bbox 1620 4841 1794 4896; x_wconf 77' lang='lat' dir='ltr'><strong>tacito</strong></span> <span class='ocrx_word' id='word_1_420' title='bbox 1818 4847 2077 4912; x_wconf 85' lang='lat' dir='ltr'><strong>pastum,</strong></span> <span class='ocrx_word' id='word_1_421' title='bbox 2109 4837 2341 4912; x_wconf 80' lang='lat' dir='ltr'><strong>queruli</strong></span> <span class='ocrx_word' id='word_1_422' title='bbox 2374 4845 2681 4895; x_wconf 87' lang='lat' dir='ltr'><strong>constante</strong></span> <span class='ocrx_word' id='word_1_423' title='bbox 2701 4837 2935 4912; x_wconf 80' lang='lat' dir='ltr'><strong>doloris</strong></span> <span class='ocrx_word' id='word_1_424' title='bbox 2969 4838 2978 4907; x_wconf 98' lang='lat'><em>|</em></span> 
     </span>
    </p>
   </div>
   <div class='ocr_carea' id='block_1_62' title="bbox 1461 4909 2857 4983">
    <p class='ocr_par' dir='ltr' id='par_1_62' title="bbox 1461 4909 2857 4983">
     <span class='ocr_line' id='line_1_62' title="bbox 1461 4909 2857 4983; baseline -0.001 -19"><span class='ocrx_word' id='word_1_425' title='bbox 1461 4911 1695 4966; x_wconf 88' lang='lat' dir='ltr'><strong>Pectore</strong></span> <span class='ocrx_word' id='word_1_426' title='bbox 1722 4909 1999 4983; x_wconf 82' lang='lat' dir='ltr'><strong>duritiem</strong></span> <span class='ocrx_word' id='word_1_427' title='bbox 2031 4909 2423 4983; x_wconf 77' lang='lat' dir='ltr'><strong>consumpsit,</strong></span> <span class='ocrx_word' id='word_1_428' title='bbox 2455 4912 2607 4966; x_wconf 90' lang='lat' dir='ltr'><strong>laeta</strong></span> <span class='ocrx_word' id='word_1_429' title='bbox 2629 4909 2857 4983; x_wconf 79' lang='lat' dir='ltr'><strong>salutis.</strong></span> 
     </span>
    </p>
   </div>
   <div class='ocr_carea' id='block_1_63' title="bbox 1462 4980 3083 5054">
    <p class='ocr_par' dir='ltr' id='par_1_63' title="bbox 1462 4980 3083 5054">
     <span class='ocr_line' id='line_1_63' title="bbox 1462 4980 3083 5054; baseline -0.001 -19"><span class='ocrx_word' id='word_1_430' title='bbox 1462 4983 1648 5047; x_wconf 91' lang='lat' dir='ltr'><strong>Quem</strong></span> <span class='ocrx_word' id='word_1_431' title='bbox 1677 4982 1941 5037; x_wconf 90' lang='lat' dir='ltr'><strong>volucres</strong></span> <span class='ocrx_word' id='word_1_432' title='bbox 1964 4983 2199 5054; x_wconf 84' lang='lat' dir='ltr'><strong>cinxere</strong></span> <span class='ocrx_word' id='word_1_433' title='bbox 2232 4980 2389 5038; x_wconf 76' lang='lat' dir='ltr'><strong>leves</strong></span> <span class='ocrx_word' id='word_1_434' title='bbox 2418 4984 2517 5054; x_wconf 91' lang='lat' dir='ltr'><strong>pia</strong></span> <span class='ocrx_word' id='word_1_435' title='bbox 2548 4980 2727 5054; x_wconf 90' lang='lat' dir='ltr'><strong>verba</strong></span> <span class='ocrx_word' id='word_1_436' title='bbox 2747 4984 3083 5054; x_wconf 77' lang='lat' dir='ltr'><strong>sonantem,</strong></span> 
     </span>
    </p>
   </div>
   <div class='ocr_carea' id='block_1_64' title="bbox 1463 5050 3027 5123">
    <p class='ocr_par' dir='ltr' id='par_1_64' title="bbox 1463 5050 3027 5123">
     <span class='ocr_line' id='line_1_64' title="bbox 1463 5050 3027 5123; baseline -0.004 -15"><span class='ocrx_word' id='word_1_437' title='bbox 1463 5054 1665 5108; x_wconf 82' lang='lat' dir='ltr'><strong>Aurita</strong></span> <span class='ocrx_word' id='word_1_438' title='bbox 1697 5058 1833 5108; x_wconf 89' lang='lat' dir='ltr'><strong>ante</strong></span> <span class='ocrx_word' id='word_1_439' title='bbox 1877 5053 2057 5123; x_wconf 91' lang='lat' dir='ltr'><strong>pedes</strong></span> <span class='ocrx_word' id='word_1_440' title='bbox 2085 5060 2365 5123; x_wconf 87' lang='lat' dir='ltr'><strong>stupuere</strong></span> <span class='ocrx_word' id='word_1_441' title='bbox 2391 5050 2723 5109; x_wconf 79' lang='lat' dir='ltr'><strong>animantia</strong></span> <span class='ocrx_word' id='word_1_442' title='bbox 2758 5050 3027 5122; x_wconf 89' lang='lat' dir='ltr'><strong>quaevis.</strong></span> 
     </span>
    </p>
   </div>
   <div class='ocr_carea' id='block_1_65' title="bbox 1463 5123 3099 5196">
    <p class='ocr_par' dir='ltr' id='par_1_65' title="bbox 1463 5123 3099 5196">
     <span class='ocr_line' id='line_1_65' title="bbox 1463 5123 3099 5196; baseline -0.004 -15"><span class='ocrx_word' id='word_1_443' title='bbox 1463 5127 1590 5196; x_wconf 74' lang='lat' dir='ltr'><strong>Non</strong></span> <span class='ocrx_word' id='word_1_444' title='bbox 1615 5140 1759 5181; x_wconf 90' lang='lat' dir='ltr'><strong>auro</strong></span> <span class='ocrx_word' id='word_1_445' title='bbox 1790 5124 2137 5196; x_wconf 89' lang='lat' dir='ltr'><strong>splendente</strong></span> <span class='ocrx_word' id='word_1_446' title='bbox 2166 5123 2408 5191; x_wconf 89' lang='lat' dir='ltr'><strong>domus,</strong></span> <span class='ocrx_word' id='word_1_447' title='bbox 2451 5123 2828 5194; x_wconf 87' lang='lat' dir='ltr'><strong>gemmisque</strong></span> <span class='ocrx_word' id='word_1_448' title='bbox 2860 5123 3099 5186; x_wconf 90' lang='lat' dir='ltr'><strong>decora,</strong></span> 
     </span>
    </p>
   </div>
   <div class='ocr_carea' id='block_1_66' title="bbox 1463 5195 2762 5267">
    <p class='ocr_par' dir='ltr' id='par_1_66' title="bbox 1463 5195 2762 5267">
     <span class='ocr_line' id='line_1_66' title="bbox 1463 5195 2762 5267; baseline -0.002 -18"><span class='ocrx_word' id='word_1_449' title='bbox 1463 5195 1545 5250; x_wconf 87' lang='lat' dir='ltr'><strong>Illi</strong></span> <span class='ocrx_word' id='word_1_450' title='bbox 1574 5195 1830 5267; x_wconf 91' lang='lat' dir='ltr'><strong>punecio</strong></span> <span class='ocrx_word' id='word_1_451' title='bbox 1861 5212 1969 5250; x_wconf 91' lang='lat' dir='ltr'><strong>nec</strong></span> <span class='ocrx_word' id='word_1_452' title='bbox 2008 5197 2148 5251; x_wconf 89' lang='lat' dir='ltr'><strong>lana</strong></span> <span class='ocrx_word' id='word_1_453' title='bbox 2184 5196 2380 5251; x_wconf 90' lang='lat' dir='ltr'><strong>colore</strong></span> <span class='ocrx_word' id='word_1_454' title='bbox 2404 5196 2762 5267; x_wconf 79' lang='lat' dir='ltr'><strong>rubescens,</strong></span> 
     </span>
    </p>
   </div>
   <div class='ocr_carea' id='block_1_67' title="bbox 1463 5265 2761 5336">
    <p class='ocr_par' dir='ltr' id='par_1_67' title="bbox 1463 5265 2761 5336">
     <span class='ocr_line' id='line_1_67' title="bbox 1463 5265 2761 5336; baseline -0.002 -14"><span class='ocrx_word' id='word_1_455' title='bbox 1463 5265 1590 5323; x_wconf 85' lang='lat' dir='ltr'><strong>Non</strong></span> <span class='ocrx_word' id='word_1_456' title='bbox 1624 5274 1861 5323; x_wconf 90' lang='lat' dir='ltr'><strong>centum</strong></span> <span class='ocrx_word' id='word_1_457' title='bbox 1898 5274 2131 5322; x_wconf 90' lang='lat' dir='ltr'><strong>versata</strong></span> <span class='ocrx_word' id='word_1_458' title='bbox 2161 5267 2313 5333; x_wconf 80' lang='lat' dir='ltr'><strong>iugis</strong></span> <span class='ocrx_word' id='word_1_459' title='bbox 2344 5266 2532 5322; x_wconf 86' lang='lat' dir='ltr'><strong>felicia</strong></span> <span class='ocrx_word' id='word_1_460' title='bbox 2564 5265 2761 5336; x_wconf 90' lang='lat' dir='ltr'><strong>campi</strong></span> 
     </span>
    </p>
   </div>
   <div class='ocr_carea' id='block_1_68' title="bbox 1462 5336 2911 5409">
    <p class='ocr_par' dir='ltr' id='par_1_68' title="bbox 1462 5336 2911 5409">
     <span class='ocr_line' id='line_1_68' title="bbox 1462 5336 2911 5409; baseline -0.001 -18"><span class='ocrx_word' id='word_1_461' title='bbox 1462 5339 1691 5408; x_wconf 90' lang='lat' dir='ltr'><strong>Iugera,</strong></span> <span class='ocrx_word' id='word_1_462' title='bbox 1726 5339 2010 5394; x_wconf 83' lang='lat' dir='ltr'><strong>‘crescenti</strong></span> <span class='ocrx_word' id='word_1_463' title='bbox 2044 5338 2436 5409; x_wconf 15' lang='lat' dir='ltr'><strong>necipalmite</strong></span> <span class='ocrx_word' id='word_1_464' title='bbox 2467 5338 2632 5391; x_wconf 88' lang='lat' dir='ltr'><strong>dives</strong></span> <span class='ocrx_word' id='word_1_465' title='bbox 2664 5336 2911 5409; x_wconf 86' lang='lat' dir='ltr'><strong>agellus,</strong></span> 
     </span>
    </p>
   </div>
   <div class='ocr_carea' id='block_1_69' title="bbox 1463 5408 2988 5479">
    <p class='ocr_par' dir='ltr' id='par_1_69' title="bbox 1463 5408 2988 5479">
     <span class='ocr_line' id='line_1_69' title="bbox 1463 5408 2988 5479; baseline 0 -17"><span class='ocrx_word' id='word_1_466' title='bbox 1463 5415 1572 5465; x_wconf 85' lang='lat' dir='ltr'><strong>Aut</strong></span> <span class='ocrx_word' id='word_1_467' title='bbox 1602 5410 1798 5479; x_wconf 80' lang='lat' dir='ltr'><strong>gregis</strong></span> <span class='ocrx_word' id='word_1_468' title='bbox 1832 5411 2127 5464; x_wconf 89' lang='lat' dir='ltr'><strong>innumeri</strong></span> <span class='ocrx_word' id='word_1_469' title='bbox 2155 5408 2368 5473; x_wconf 82' lang='lat' dir='ltr'><strong>foetus,</strong></span> <span class='ocrx_word' id='word_1_470' title='bbox 2399 5424 2506 5463; x_wconf 90' lang='lat' dir='ltr'><strong>nec</strong></span> <span class='ocrx_word' id='word_1_471' title='bbox 2527 5423 2723 5463; x_wconf 92' lang='lat' dir='ltr'><strong>merce</strong></span> <span class='ocrx_word' id='word_1_472' title='bbox 2754 5408 2988 5464; x_wconf 87' lang='lat' dir='ltr'><strong>Sabaea</strong></span> 
     </span>
    </p>
   </div>
   <div class='ocr_carea' id='block_1_70' title="bbox 1463 5481 2699 5553">
    <p class='ocr_par' dir='ltr' id='par_1_70' title="bbox 1463 5481 2699 5553">
     <span class='ocr_line' id='line_1_70' title="bbox 1463 5481 2699 5553; baseline -0.003 -16"><span class='ocrx_word' id='word_1_473' title='bbox 1463 5482 1685 5553; x_wconf 81' lang='lat' dir='ltr'><strong>Niliaco</strong></span> <span class='ocrx_word' id='word_1_474' title='bbox 1719 5482 1931 5553; x_wconf 87' lang='lat' dir='ltr'><strong>plenae</strong></span> <span class='ocrx_word' id='word_1_475' title='bbox 1948 5481 2247 5553; x_wconf 75' lang='lat' dir='ltr'><strong>venientis</strong></span> <span class='ocrx_word' id='word_1_476' title='bbox 2276 5481 2465 5535; x_wconf 90' lang='lat' dir='ltr'><strong>littore</strong></span> <span class='ocrx_word' id='word_1_477' title='bbox 2496 5495 2699 5553; x_wconf 82' lang='lat' dir='ltr'><strong>naves,</strong></span> 
     </span>
    </p>
   </div>
   <div class='ocr_carea' id='block_1_71' title="bbox 1463 5550 2689 5623">
    <p class='ocr_par' dir='ltr' id='par_1_71' title="bbox 1463 5550 2689 5623">
     <span class='ocr_line' id='line_1_71' title="bbox 1463 5550 2689 5623; baseline -0.004 -14"><span class='ocrx_word' id='word_1_478' title='bbox 1463 5550 1735 5609; x_wconf 79' lang='lat' dir='ltr'><strong>Efﬁciunt</strong></span> <span class='ocrx_word' id='word_1_479' title='bbox 1760 5552 1907 5609; x_wconf 90' lang='lat' dir='ltr'><strong>alias</strong></span> <span class='ocrx_word' id='word_1_480' title='bbox 1939 5551 2165 5623; x_wconf 88' lang='lat' dir='ltr'><strong>felicem</strong></span> <span class='ocrx_word' id='word_1_481' title='bbox 2197 5566 2476 5623; x_wconf 87' lang='lat' dir='ltr'><strong>quamve,</strong></span> <span class='ocrx_word' id='word_1_482' title='bbox 2506 5550 2689 5605; x_wconf 86' lang='lat' dir='ltr'><strong>fuere.</strong></span> 
     </span>
    </p>
   </div>
   <div class='ocr_carea' id='block_1_72' title="bbox 1463 5620 3077 5696">
    <p class='ocr_par' dir='ltr' id='par_1_72' title="bbox 1463 5620 3077 5696">
     <span class='ocr_line' id='line_1_72' title="bbox 1463 5620 3077 5696; baseline -0.003 -15"><span class='ocrx_word' id='word_1_483' title='bbox 1463 5626 1507 5681; x_wconf 92' lang='grc' dir='ltr'><strong>Ο</strong></span> <span class='ocrx_word' id='word_1_484' title='bbox 1539 5640 1723 5696; x_wconf 89' lang='lat' dir='ltr'><strong>quam</strong></span> <span class='ocrx_word' id='word_1_485' title='bbox 1756 5624 1919 5696; x_wconf 83' lang='lat' dir='ltr'><strong>laeta</strong></span> <span class='ocrx_word' id='word_1_486' title='bbox 1949 5622 2084 5696; x_wconf 84' lang='lat' dir='ltr'><strong>piae</strong></span> <span class='ocrx_word' id='word_1_487' title='bbox 2110 5629 2201 5696; x_wconf 90' lang='lat' dir='ltr'><strong>_es_t</strong></span> <span class='ocrx_word' id='word_1_488' title='bbox 2218 5620 2548 5695; x_wconf 78' lang='lat' dir='ltr'><strong>paupertas</strong></span> <span class='ocrx_word' id='word_1_489' title='bbox 2579 5620 2819 5677; x_wconf 88' lang='lat' dir='ltr'><strong>conscia</strong></span> <span class='ocrx_word' id='word_1_490' title='bbox 2836 5620 3077 5696; x_wconf 84' lang='lat' dir='ltr'><strong>mentis,</strong></span> 
     </span>
    </p>
   </div>
   <div class='ocr_carea' id='block_1_73' title="bbox 1462 5692 2849 5767">
    <p class='ocr_par' dir='ltr' id='par_1_73' title="bbox 1462 5692 2849 5767">
     <span class='ocr_line' id='line_1_73' title="bbox 1462 5692 2849 5767; baseline -0.002 -16"><span class='ocrx_word' id='word_1_491' title='bbox 1462 5692 1806 5753; x_wconf 81' lang='lat' dir='ltr'><strong>Iminortale</strong></span> <span class='ocrx_word' id='word_1_492' title='bbox 1832 5692 1967 5752; x_wconf 82' lang='lat' dir='ltr'><strong>viro</strong></span> <span class='ocrx_word' id='word_1_493' title='bbox 1991 5694 2121 5751; x_wconf 86' lang='lat' dir='ltr'><strong>forti</strong></span> <span class='ocrx_word' id='word_1_494' title='bbox 2152 5692 2337 5751; x_wconf 78' lang='lat' dir='ltr'><strong>decus</strong></span> <span class='ocrx_word' id='word_1_495' title='bbox 2356 5692 2545 5767; x_wconf 80' lang='lat' dir='ltr'><strong>atque</strong></span> <span class='ocrx_word' id='word_1_496' title='bbox 2569 5692 2849 5767; x_wconf 89' lang='lat' dir='ltr'><strong>perenne!</strong></span> 
     </span>
    </p>
   </div>
  </div>
