4092 6252
261 346 373 402 309
1180 341 1275 398 AD
1314 339 1705 397 EDITIONEM
1749 339 1921 397 HOM.
1962 339 2022 396 S.
2065 338 2366 397 MACARII
2407 339 2763 397 AEGYPTII.
3515 344 3624 399 310

1016 468 1145 536 Qua
1173 468 1268 522 vel
1299 465 1731 521 Achaemenios
1759 465 1959 536 luxus,
1986 478 2361 536 regnumque
2387 465 2696 522 Phrahatis

1016 535 1242 595 Vicerat
1271 538 1592 607 excelsum,
1633 536 1721 591 vel
1747 536 1888 591 ditia
1928 535 2152 592 fortiter
2178 535 2339 593 arva.

1014 610 1118 668 Cui
1151 608 1596 680 calidircessere
1635 608 1822 676 ignes,
1853 607 2161 680 victusque
2200 608 2416 678 refugit

1015 684 1234 738 Moesta
1258 679 1393 735 dolo
1424 680 1672 735 assiduo
1697 693 1933 750 semper
1961 679 2076 750 qui
2104 681 2287 735 corda
2317 680 2536 734 revisit.

1016 752 1297 810 Crudeles
1324 751 1565 806 fraudes
1592 758 1645 805 et
1677 750 1853 822 noxia
1883 750 2136 822 crimina
2166 752 2381 822 pressit

1016 824 1251 887 Omnia,
1291 823 1622 893 deiecitque
1652 821 1859 893 animo
1894 821 2318 893 phantasmata
2346 825 2537 889 casto,

1016 897 1079 950 Et
1103 894 1285 949 variis
1320 892 1603 950 mandata
1640 892 1736 963 Diei
1765 892 2077 948 virtutibus
2102 893 2382 963 implens,

1015 966 1077 1021 In
1105 966 1316 1038 paucis
1351 965 1636 1038 locuples,
1666 962 1888 1038 ﬂuidae
1917 978 2027 1019 nec
2058 962 2366 1038 non_’bona
2397 964 2554 1020 vitae

1018 1034 1356 1115 Praesentis
1367 1034 1655 1115 _fugiens,_
1678 1035 1871 1115 potu‘it
1899 1050 2139 1115 sperare
2166 1034 2386 1115 futura,

1018 1108 1292 1165 Praemia
1320 1106 1507 1178 digna
1532 1106 1680 1169 tulit,
1710 1106 2189 1178 caelestiaregna
2220 1106 2450 1177 petivit.

1016 1182 1181 1236 Nunc
1212 1177 1356 1234 caeli
1388 1178 1578 1249 plenis
1610 1177 1829 1249 meritis
1857 1177 2101 1249 sortitus
2131 1177 2390 1233 honores

1016 1251 1205 1321 Exigit
1234 1246 1506 1305 aeternos
1538 1248 1697 1304 horis
1722 1246 1992 1321 felicibus
2020 1264 2231 1321 annos.

1010 1319 1364 1392 Exemplum
1396 1322 1704 1392 egregium
1732 1319 1908 1374 nobis
1938 1320 2100 1374 dedit
2122 1320 2215 1392 ille
2238 1319 2634 1392 sequendum,

1017 1395 1086 1449 Ut
1119 1390 1328 1447 mundi
1360 1406 1619 1463 pompas
1648 1390 1991 1463 fugeremus
2022 1395 2078 1445 et
2109 1390 2229 1446 alta
2262 1391 2516 1455 viarum,

1014 1470 1203 1535 Atque
1233 1461 1415 1535 Deum
1443 1477 1594 1535 puro
1626 1461 1978 1535 meditantes
2010 1468 2246 1535 pectore
2279 1477 2537 1535 semper.

1011 1535 1059 1592 Ο
1088 1533 1341 1590 nimium
1375 1534 1512 1588 felix
1540 1533 1776 1588 animae
1804 1548 1930 1587 sors
1961 1539 2139 1603 atque
2166 1533 2360 1588 beatis

1016 1606 1324 1661 Coelicolis
1353 1603 1643 1661 socianda
1671 1603 1812 1674 poli,
1840 1618 1994 1674 quos
2032 1605 2311 1659 clauserit
2340 1604 2542 1660 aether
2576 1623 2588 1670 ;

1015 1676 1303 1747 Exempla
1342 1677 1490 1731 haec
1516 1676 1611 1730 cui
1632 1680 1795 1747 tanta
1827 1676 2082 1747 placent,
2115 1690 2270 1747 quae
2310 1680 2472 1731 tanta
2513 1680 2737 1742 secuta,

1019 1748 1127 1804 [bit
1157 1745 1232 1804 ad
1262 1747 1491 1819 Elysios
1525 1745 1713 1819 multa
1740 1745 2111 1819 cum_fenore
2136 1745 2409 1817 campos.

1086 1820 1250 1874 Nunc
1282 1816 1359 1874 ad
1389 1821 1484 1882 Te,
1506 1816 1954 1891 Schwicharde,
1983 1816 2158 1891 ieror,
2185 1816 2477 1891 generosa
2504 1833 2795 1891 propago,

1012 1890 1307 1961 Antiquae
1349 1889 1827 1961 Cronbergiacae
1850 1886 1963 1961 ﬂos
1991 1888 2211 1961 inclyte
2250 1889 2473 1960 stirpis,

1017 1957 1239 2030 Insigni
1266 1962 1475 2017 virtute
1502 1957 1733 2031 potens,
1766 1957 2127 2031 laudateque
2160 1960 2342 2025 fama,

1016 2028 1203 2098 Quem
1233 2034 1443 2103 pietas,
1472 2028 1666 2103 honor
1695 2035 1748 2085 et
1778 2028 1957 2094 zelus,
1989 2028 2249 2103 devotio,
2281 2046 2422 2087 vera
3586 2050 3619 2061 ’-

1016 2102 1259 2173 Βθιὶεἰό,
1293 2104 1555 2159 Charites
1578 2102 1783 2173 trinae,
1818 2102 2152 2157 constantia
2190 2103 2410 2167 cordis,

1015 2172 1452 2231 Commendant
1482 2172 1759 2245 multum,
1792 2175 2087 2228 Musarum
2123 2173 2406 2245 splendor
2444 2179 2500 2230 et
2528 2175 2760 2245 ingens.

1016 2246 1229 2318 Accipe
1255 2244 1849 2318 Macarium_divur_n,
1878 2258 2154 2318 sermone
2182 2244 2431 2318 Pelasgo

1013 2314 1373 2387 Scriptorem
1400 2316 1732 2388 quondam,
1772 2314 1934 2388 Latio
1960 2330 2121 2388 nunc
2150 2331 2252 2371 ore
2282 2316 2648 2388 loquentem,

1016 2385 1373 2445 Palthenius
1411 2385 1593 2458 quem
1627 2392 1823 2442 mente
1855 2386 1954 2455 pia
1982 2385 2573 2453 doctissimus‘oﬂ‘ert,

1018 2462 1085 2514 Et
1112 2460 1321 2515 studiis
1360 2458 1633 2515 Leuchtii
1670 2464 1958 2513 consueto
1987 2473 2151 2513 more
2182 2458 2393 2514 faveto.

1202 2620 1461 2676 Joannes
1489 2617 1842 2673 Trithemius
1874 2616 1948 2673 de
1970 2616 2358 2687 scriptoﬁbus
2376 2618 2693 2676 Ecclesiae.

326 2707 628 2766 Macarius
678 2707 1011 2763 monachus
1062 2707 1389 2779 Aegyptius
1420 2714 1474 2762 et
1507 2710 1562 2762 Β.
1594 2706 1774 2761 Patris
1804 2706 2038 2761 Antonii
2070 2707 2376 2778 quondam
2408 2706 2759 2779 discipulus,
2806 2709 2894 2764 vir
2925 2709 3177 2764 devotus
3209 2708 3620 2764 sanctissimae

252 2796 756 2861 conversationis,
776 2797 851 2851 de
866 2812 990 2868 quo
1014 2796 1198 2851 multa
1216 2796 1499 2851 miracula
1528 2800 1866 2861 narrantur,
1887 2795 2196 2866 quomodo
2223 2796 2401 2851 etiam
2434 2801 2809 2853 mortuorum
2843 2814 3019 2854 voces
3046 2798 3119 2853 de
3148 2796 3479 2868 sepulchris
3512 2810 3619 2867 pro

250 2886 399 2942 ﬁdei
431 2884 894 2943 conﬁrmatione
925 2885 1282 2957 impetravit,
1312 2885 1523 2941 claruit
1555 2884 1740 2939 multa
1772 2884 2078 2940 sanctitate
2102 2884 2214 2940 sub
2246 2886 2636 2942 Constantino
2661 2892 2716 2942 et
2748 2888 3091 2943 Constantio
3124 2885 3492 2959 principibus
3518 2899 3622 2941 an-

252 2990 337 3031 no
371 2974 608 3031 Domini
649 2978 753 3031 350
784 2990 798 3041 ;
832 2975 1003 3030 cuius
1032 2979 1202 3045 gesta
1229 2973 1531 3029 habentur
1556 2973 1615 3027 in
1648 2972 1779 3028 vitis
1807 2973 2069 3029 Patrum.

1637 3068 1731 3116 ΕΚ
1761 3068 1916 3115 ΤΩΝ
1954 3063 2259 3117 ΣΟΥΙΔΑ.

333 3172 435 3223 Δύο
483 3169 709 3242 ἐγένοντο
769 3172 1032 3245 Μακάριοι
1084 3170 1350 3243 ὁμώνυμοι
1414 3174 1504 3222 καὶ
1554 3168 1860 3242 περιϐόητοι
1894 3154 1937 3205 Α

2044 3169 2170 3225 Duo
2198 3171 2435 3226 fuerunt
2453 3171 2687 3227 Macarii
2724 3171 2995 3227 eiusdem
3027 3170 3288 3226 nominis
3311 3174 3490 3242 atque
3514 3167 3620 3225 de-

261 3254 338 3310 δι’
379 3260 631 3326 ἄσκησιν,
673 3257 767 3313 διὰ
790 3259 928 3332 βίον,
971 3256 1067 3312 διὰ
1096 3264 1305 3333 τρόπον,
1340 3255 1435 3311 διὰ
1457 3260 1525 3310 τὰ
1548 3261 1857 3330 μαθήματα.

2004 3260 2187 3314 antati
2219 3266 2458 3331 propter
2484 3259 2762 3315 exercitia
2787 3259 3142 3324 studiorum,
3180 3259 3384 3324 vitam,
3421 3273 3618 3314 mores

268 3348 295 3398 6
364 3350 455 3418 μὲν
511 3348 800 3419 Αἰγύπτιος
852 3351 1250 3423 θαυματουργός
1314 3344 1396 3413 ἦν,
1450 3352 1539 3399 καὶ
1595 3349 1726 3419 μετὰ
1768 3355 1859 3399 τοῦ

2009 3354 2146 3419 tque
2163 3348 2565 3419 disciplinam.
2588 3349 3001 3421 Alterquidem
3017 3348 3361 3421 Aegyptius,
3386 3347 3489 3420 qui
3514 3346 3619 3401 mi-

268 3432 516 3497 εὐλαϐοῦς
565 3439 689 3509 πρὸς
734 3441 847 3498 τοὺς
889 3436 1300 3510 ἔντὺγχάνοντας
1355 3436 1616 3508 αὐστηρός
1648 3454 1660 3466 ⁸
1718 3438 1743 3488 ὁ
1802 3433 1854 3488 δί

2000 3436 2169 3493 acula
2199 3437 2435 3503 edebat,
2467 3454 2535 3493 ac
2562 3438 2837 3508 religiosa
2860 3439 3134 3495 cautione
3174 3438 3233 3492 in
3265 3452 3389 3502 eos,
3422 3435 3525 3509 qui
3554 3450 3616 3492 se

269 3519 634 3597 Ἀλεξανδρεὺς
689 3527 823 3577 κατὰ
865 3528 1033 3579 πάντα
1097 3526 1165 3578 ὢν
1212 3525 1577 3600 παραπλήσιος
1636 3533 1706 3595 τῷ
1765 3525 1858 3580 Αἰ-

2002 3526 2425 3592 onveniebant,
2455 3533 2866 3583 eratseverus:
2894 3526 3037 3582 alter
3054 3525 3493 3582 Alexandrinus
3514 3538 3618 3596 per

257 3615 471 3683 γυπτίῳ
499 3617 587 3665 καί
616 3612 791 3687 ἱλαρός
820 3631 834 3644 ο
896 3621 905 3682 |
959 3616 1119 3676 οὕτως
1152 3615 1327 3689 ἱλαρὸς
1357 3611 1418 3673 ἧν
1447 3622 1550 3677 τοῖς
1592 3613 1856 3686 ἐντυγχά-

2008 3617 2171 3672 mnia
2193 3615 2402 3671 similis
2416 3618 2703 3689 Aegyptio
2728 3616 3121 3681 ethumanus,
3176 3616 3187 3685 |
3233 3615 3385 3670 adeo
3408 3614 3620 3669 huma-

252 3719 434 3765 νουσι,
492 3706 579 3754 καὶ
631 3711 703 3774 τῷ
757 3704 1191 3778 χαριεντίζεσθαι
1239 3707 1355 3765 τοὺς
1406 3707 1548 3766 νέους
1594 3700 1689 3774 ἦγε
1726 3707 1857 3779 πρὸς

2008 3720 2077 3759 us
2109 3710 2232 3760 erat
2271 3720 2410 3774 erga
2437 3721 2563 3769 eos,
2594 3706 2696 3777 qui
2725 3720 2787 3760 se
2825 3704 3280 3769 conveniebant,
3326 3707 3390 3758 ut
3418 3702 3618 3772 lepida

247 3791 488 3849 ἄσκησιν
523 3812 536 3823 ·
577 3794 770 3845 τούτων
809 3793 1064 3867 Εὐάγριος
1092 3798 1359 3865 γενόμενος
1382 3795 1620 3865 μαθητὴς
1659 3798 1752 3852 τὴν
1785 3790 1855 3846 δι’

1996 3792 2298 3849 ιτὺειιηίιοιθ
2327 3793 2546 3849 utendo
2574 3795 2814 3849 iuvenes
2836 3793 2911 3848 ad
2936 3793 3213 3849 exercitia
3242 3794 3612 3864 provocarat.

244 3882 417 3953 ἔργων
476 3880 783 3954 φιλοσοφίαν
850 3884 1133 3950 ἐκτήσατο,
1205 3887 1452 3956 πρότερον
1528 3882 1663 3954 λόγῳ
1716 3888 1854 3954 μόνῳ

1995 3885 2182 3938 lorum
2217 3883 2501 3953 Evagrius
2526 3882 2862 3955 discipulus
2900 3881 3110 3947 factus,
3148 3880 3316 3936 lactis
3351 3880 3611 3952 philoso-

245 3968 535 4042 φιλόσοφος
583 3973 650 4021 ὤν
680 3982 696 3999 ⁸
759 3970 814 4033 ὃς
863 3970 913 4022 ἐν
944 3974 1335 4024 Κωνσταντίνου
1384 3970 1528 4023 πόλει
1576 3972 1676 4022 ὒπὸ
1719 3976 1854 4044 Τρη-

1999 3971 2170 4027 ιὶιὶδω
2192 3973 2473 4039 exercuit,
2501 3972 2604 4044 qui
2634 3972 2797 4044 prius
2821 3971 3018 4027 verbis
3042 3970 3334 4025 duntaxat
3357 3969 3615 4040 philoso-

239 4063 432 4133 7opiou
463 4066 558 4112 τοῦ
594 4058 832 4131 θεολόγον
864 4060 937 4122 εἰς
961 4065 1055 4118 τὴν
1084 4067 1174 4112 τοῦ
1200 4056 1447 4113 διακόνου
1473 4062 1850 4135 προεχειρίσθη

1998 4060 2285 4117 υἱιδὺδῐυτ.
2306 4063 2415 4127 Qui
2439 4060 2945 4133 Constantinopoli
2968 4059 3294 4129 aGregorio
3315 4057 3614 4127 Theologo

238 4150 392 4212 τάξιν
452 4163 467 4177 ⁶
534 4147 662 4200 ἀλλὰ
713 4152 800 4201 καὶ
844 4148 892 4209 ἐς
944 4153 1036 4208 τὴν
1096 4152 1360 4219 Αἴγυπτον
1418 4149 1695 4213 κατελθὼν,
1762 4154 1851 4201 καὶ

1998 4166 2021 4203 1
2048 4149 2439 4205 diaconornm
2467 4150 2731 4206 adscitus
2758 4149 3157 4215 estordinem,
3180 4147 3327 4220 quin
3352 4146 3531 4202 etiam
3553 4146 3614 4201 in

236 4245 351 4300 τοῖς
390 4236 768 4311 προλεχθεῖσιν
812 4237 1044 4311 ἐντυχὼν
1083 4235 1330 4313 ἀνδράσι,
1372 4241 1456 4290 τὸν
1492 4237 1691 4291 ἐκείνων
1736 4237 1852 4311 βίον

1998 4243 2299 4309 .egyptum
2348 4238 2664 4311 profectus,
2712 4238 2772 4293 in
2830 4237 3167 4310 praedictos
3199 4235 3407 4293 incidit
3456 4234 3614 4290 viros

234 4327 481 4390 ἆζήλωσε
514 4341 529 4356 ⁹
590 4328 755 4400 τούτῳ
798 4324 982 4400 βιϐλία
1032 4328 1164 4398 ἄγαν
1232 4324 1501 4381 σπουδαῖα
1555 4332 1849 4399 συγγέγρα-

2004 4333 2140 4397 tque
2174 4326 2408 4383 illorum
2450 4327 2633 4383 vitam
2666 4327 3002 4384 aemulatus
3043 4332 3150 4383 est.
3200 4325 3287 4381 Ab
3318 4324 3431 4380 hoc
3480 4322 3613 4378 libri

232 4436 369 4469 πται
401 4437 415 4450 ο
462 4414 534 4467 ὧν
572 4418 631 4468 τὸ
678 4420 769 4488 μεν
808 4420 1130 4489 Μοναχός
1179 4419 1207 4476 ᾖ
1260 4422 1375 4492 περὶ
1416 4424 1705 4490 πρακτικῆς
1744 4419 1848 4469 επι-

2002 4415 2135 4471 alde
2148 4430 2378 4486 graves,
2404 4422 2461 4472 et
2487 4417 2619 4471 serii
2651 4416 2971 4489 conscripti
2998 4421 3154 4482 sunt,
3174 4430 3431 4487 quorum
3455 4427 3614 4468 unus

232 4508 577 4579 γέγραπταιο
625 4508 682 4557 τὸ
733 4501 791 4557 δε
838 4508 1203 4567 Γνωστιχός
1242 4506 1271 4564 ἣ
1313 4509 1432 4580 περὶ
1460 4513 1557 4556 τῶν
1595 4504 1848 4568 καταξιω-

1999 4505 2291 4563 lanae/ius
2323 4505 2445 4562 sive
2486 4506 2558 4561 de
2598 4506 2715 4562 vita
2743 4506 2938 4562 activa
2970 4504 3289 4576 inscriptus
3315 4509 3420 4560 est.
3460 4501 3615 4561 Alter

237 4595 429 4646 θέντων
481 4598 720 4663 ⁴γνώσεως
750 4611 763 4623 ·
813 4593 1068 4667 κεφάλαια
1133 4590 1193 4647 δὲ
1267 4593 1424 4647 αὐτοῦ
1481 4600 1844 4653 πεντήκοντα·

1998 4594 2272 4651 ἶηοείίσαε
2296 4595 2421 4651 sive
2435 4595 2509 4649 de
2530 4595 2737 4666 iis,qui
2755 4594 3113 4667 cognitionis
3136 4609 3383 4650 munere
3405 4592 3614 4649 donati

236 4685 295 4734 τὸ
325 4678 386 4735 δέ
414 4682 719 4758 Ἀντιῤῥη
738 4702 764 4735 τ
785 4686 888 4735 ικὸ
913 4704 939 4734 ν
976 4688 1107 4756 πρὸς
1132 4687 1248 4744 τοὺς
1273 4682 1618 4757 πειράζοντας
1658 4680 1847 4755 δαίμο-

1999 4690 2115 4740 nnt.
2136 4684 2342 4755 Capita
2368 4699 2510 4739 vero
2535 4684 2662 4738 eius
2688 4683 2820 4738 libri
2843 4688 2979 4739 sunt
2999 4684 3457 4755 quinquaginta.
3482 4684 3615 4737 Ter-

239 4788 356 4833 νας,
390 4768 439 4820 ἓν
472 4769 606 4822 ὀκτὼ
634 4767 951 4845 διῃρημένον
980 4776 1180 4844 μέρεσι,
1210 4775 1342 4824 κατὰ
1394 4776 1480 4823 τὸν
1510 4770 1729 4846 ἀριθμὸν
1756 4780 1849 4823 τῶν

1991 4775 2072 4827 ius
2112 4773 2587 4838 Antirrheticus,
2623 4772 2914 4827 adversus
2943 4778 3236 4828 tentantes
3256 4772 3607 4836 daemones,

238 4856 377 4909 ὀκτὼ
397 4856 669 4930 λογισμῶν
686 4877 698 4889 ’
714 4865 805 4913 καὶ
820 4859 1069 4924 ἑξακόσια
1082 4864 1451 4935 προγνωστικὰ
1471 4859 1666 4934 προϐλὴ
1675 4880 1817 4931 ματα
1833 4878 1844 4889 ⁸

1992 4867 2091 4918 ηοιο
2121 4862 2435 4918 distinctas
2468 4861 2739 4933 partibus
2766 4861 3091 4916 secundum
3124 4877 3442 4917 numerum
3474 4866 3608 4917 octo

231 4951 326 4999 καὶ
356 4950 606 5019 στιχηρὰ
627 4947 702 5020 β’,
736 4950 784 5002 ἓν
822 4953 952 5023 πρὸς
981 4954 1103 5012 τοὺς
1132 4949 1180 5001 ἐν
1212 4949 1489 5011 κοινοϐίοις
1520 4950 1550 5008 ἣ
1582 4946 1847 5010 συνοδίαις

1991 4952 2539 5021 ogitationum.ltem
2554 4957 2825 5007 sexcenta
2840 4950 3219 5020 Prognostica
3233 4950 3606 5023 problemata,

226 5038 537 5109 μοναχοὺς,
562 5041 653 5089 καὶ
682 5036 871 5109 ἓνπρὸς
897 5042 990 5097 τὴν
1014 5042 1292 5111 παρθενίαν
1309 5057 1319 5068 °
1354 5045 1443 5092 καὶ
1465 5058 1593 5111 φησι
1618 5041 1751 5091 κατὰ
1772 5038 1842 5091 λέ-

1995 5040 2423 5097 lElementaria
2455 5041 2596 5105 duo,
2622 5055 2807 5095 unum
2832 5038 2909 5094 ad
2943 5039 3273 5095 monachos
3305 5040 3364 5095 in
3395 5055 3611 5097 coeno-

226 5124 306 5189 ξιν
334 5125 541 5184 οὕτως·
578 5124 975 5196 Ἀναγκαῖον
1013 5130 1125 5188 τὰς
1165 5125 1360 5189 ὁδοὺς
1390 5136 1499 5181 τῶν
1538 5124 1842 5202 προοδευ-

1991 5129 2072 5184 ιὶὶε
2112 5135 2215 5185 aut
2259 5130 2665 5184 contuberniis
2697 5130 2982 5193 viventes,
3031 5127 3282 5184 alterum
3314 5129 3392 5184 ad
3431 5129 3607 5201 virgi-

228 5216 491 5268 σάντων
529 5224 835 5287 μοναχῶν
874 5215 1077 5290 ὀρθῶς
1129 5214 1324 5291 διερω
1372 5223 1507 5288 τᾴν,
1543 5220 1844 5291 καὶπρὸς

2000 5234 2100 5273 um
2132 5225 2390 5274 coetum.
2415 5221 2602 5289 Atque
2631 5218 2777 5273 haec
2792 5221 2930 5273 sunt
2959 5217 3088 5272 eius
3118 5217 3331 5273 verba:
3362 5218 3610 5276 Necesse

226 5303 436 5364 αὑτὰς
502 5306 1032 5378 κατορθοῦσθαι’
1101 5306 1458 5379 πολλὰγὰρ
1499 5305 1677 5359 ἐστιν
1738 5307 1842 5358 ὑπ’

1989 5313 2057 5372 st,
2078 5314 2138 5362 ut
2156 5308 2279 5363 vias
2306 5322 2527 5369 eorum,
2548 5307 2653 5377 qui
2677 5313 3149 5375 praecesserunt,
3178 5308 3605 5363 monachorum

226 5392 443 5445 αὐτῶν
486 5394 564 5445 τὰ
621 5392 908 5467 ῥηθέντα
964 5400 1073 5447 καὶ
1113 5398 1497 5469 πραχθέντα
1536 5395 1753 5461 καλῶς,
1787 5398 1842 5447 ἐν

1986 5396 2151 5451 edulo
2167 5396 2533 5466 indagemus,
2553 5402 2605 5451 et
2622 5396 2704 5450 ad
2729 5410 2930 5451 eorum
2964 5410 3230 5451 normam
3245 5395 3602 5465 dirigamur.

225 5483 325 5543 οἷς
364 5485 485 5534 καὶ
524 5488 722 5534 τοῦτο
780 5502 875 5544 τις
915 5486 1132 5557 ἔφησε,
1177 5489 1290 5543 τὴν
1334 5485 1689 5560 ξηροτέραν
1735 5490 1841 5537 καί

1992 5485 2149 5540 {ulta
2163 5486 2237 5540 ab
2250 5485 2321 5540 iis
2348 5493 2399 5542 et
2423 5485 2581 5541 dicta
2597 5491 2650 5541 et
2665 5488 2829 5555 facta
2841 5488 2978 5541 sunt
3006 5489 3181 5549 recte,
3209 5486 3367 5540 inter
3378 5498 3534 5553 quae
3555 5489 3608 5541 et

227 5568 581 5643 ἀνώμαλον
676 5567 962 5640 δίαιταν,
1021 5572 1241 5646 ἀγάπῃ
1329 5574 1837 5646 συζευχθείσαν,

1991 5589 2063 5629 ηοσ
2086 5573 2383 5643 quispiam
2409 5573 2565 5630 dixit
2594 5590 2610 5628 :
2636 5574 2972 5631 Aridiorem
3000 5574 3053 5629 ei
3071 5587 3347 5640 asperam
3372 5570 3607 5627 vivendi

228 5661 472 5713 θᾶττον
513 5654 785 5729 διάγειν
824 5664 931 5714 τὸν
969 5665 1264 5734 μοναχὸν
1304 5661 1390 5723 εἷς
1428 5660 1765 5716 ἀπάθειαν.

1994 5663 2237 5717 titionem
2251 5678 2384 5719 cum
2402 5664 2657 5720 caritate
2668 5664 3009 5733 copulatam
3023 5661 3267 5717 celerius
3277 5658 3610 5729 perducere

1953 5750 2312 5808 monachum
2328 5752 2410 5810 ad
2433 5752 2810 5823 a/fectionum
2838 5749 3207 5808 vacuitatem.
