4092 6252
250 374 355 431 313
1301 365 1754 425 HOMILIABUM
1795 366 1857 425 S.
1899 364 2211 426 MACAHll
2252 364 2611 426 AEGYPTII.
3538 370 3642 428 314

240 516 344 555 nec
366 507 483 555 tum
494 498 642 554 alios
662 496 985 568 scriptores
1008 496 1241 553 Macarii
1266 496 1631 551 mentionem
1652 494 1933 550 facientes
1949 494 2023 549 ad
2040 510 2285 549 manum
2308 493 2654 549 habuimus.
2681 492 2903 549 Verum
2927 508 3064 549 cum
3086 494 3333 551 iamiam
3355 497 3431 553 ad
3452 497 3636 555 ﬁnem

241 589 518 660 paulatim
547 603 705 658 opus
740 585 1025 655 tenderet,
1063 584 1427 640 revolvimus
1461 584 1856 654 Nicephorum
1905 588 1962 638 et
1993 582 2351 639 Palladium.
2388 584 2541 638 Sane
2577 588 2841 654 uterque,
2878 590 2939 639 ut
2967 600 3150 655 supra
3207 584 3453 651 dictum,
3487 588 3641 644 duos

238 677 405 733 fuisse
443 676 730 733 Macarios
787 680 1099 740 testantur,
1133 673 1388 729 alterum
1418 673 1885 729 Alexandrinum
1917 687 2151 741 genere,
2184 672 2309 743 qui,
2343 672 2474 727 licet
2518 673 2736 738 iunior,
2788 673 2845 727 in
2881 673 2951 727 iis
3002 689 3158 745 quae
3206 675 3645 733 monachorum

236 772 363 821 sunt
391 766 732 837 praecipua,
758 764 986 834 primas
1014 762 1343 826 obtinebat,
1369 761 1620 817 alterum
1652 760 2033 832 Aegyptium,
2058 764 2244 815 aetate
2270 760 2670 829 grandiorem,
2695 761 2796 832 qui
2819 761 2930 816 has
2959 763 3125 833 ipsas
3145 777 3355 831 graece
3383 766 3646 821 conscri-

234 855 337 926 psit
369 854 673 919 Homilias,
715 868 871 925 quas
903 852 964 907 in
995 851 1248 906 latinum
1277 865 1616 905 sermonem
1646 848 2075 904 transtulimus.
2114 850 2212 904 Hic
2237 851 2319 904 XC
2348 851 2491 905 vixit
2519 865 2708 905 annos
2736 851 3019 919 integros.
3052 868 3310 922 quorum
3336 853 3423 909 LX
3455 859 3643 911 trans—

232 943 343 1012 egit
370 942 429 997 in
470 942 813 997 solitudine.
848 942 1050 1011 itaque
1083 945 1258 995 natus
1286 954 1479 995 annos
1516 937 1652 992 XXX
1683 938 1819 993 etin
1855 937 2095 992 iuvenili
2123 944 2313 993 aetate
2339 939 2711 1001 constitutus,
2746 947 2866 994 tam
2900 939 3216 996 toleranter
3248 942 3377 999 tulit
3405 942 3643 1000 labores

230 1031 666 1086 exercitationis
688 1038 876 1085 totum
900 1028 1285 1092 decennium,
1308 1032 1367 1082 ut
1391 1041 1613 1096 magna
1633 1026 1899 1097 quadam
1921 1033 1976 1080 et
1992 1025 2209 1095 insigni
2230 1026 2451 1096 dignus
2464 1026 3192 1094 haberetur-distinctione,
3220 1031 3370 1087 adeo
3390 1037 3453 1088 ut
3475 1048 3646 1089 voca-

222 1125 381 1176 retur
413 1116 863 1193 παιδαριογὶρωυ,
898 1117 1057 1173 idest
1095 1120 1155 1171 iu
1183 1117 1390 1188 puerili
1422 1123 1609 1170 aetate
1642 1130 1841 1177 senex,
1874 1114 2164 1187 quoniam
2188 1116 2356 1170 citius
2380 1131 2567 1187 quam
2600 1132 2704 1186 pro
2728 1124 2917 1173 aetate
2938 1118 3271 1189 profecerat
3300 1120 3639 1176 virtutibus.

232 1207 329 1261 XL
360 1224 555 1264 annos
587 1214 764 1262 natus
793 1212 1147 1278 potestatem
1168 1204 1401 1276 accepit
1430 1204 1720 1259 adversus
1740 1202 2515 1272 daemones,gratiamitem
2538 1204 2813 1270 sanandi,
2841 1206 3237 1277 spiritumque
3260 1209 3641 1279 praedicendi

233 1296 450 1353 futura.
497 1300 719 1367 Dignus
745 1310 992 1367 quoque
1021 1300 1112 1350 est
1152 1294 1392 1350 habitus
1429 1292 1784 1348 honorando
1825 1292 2182 1347 sacerdotio.
2222 1292 2575 1348 Habitarunt
2605 1309 2741 1348 cum
2784 1310 2854 1349 eo
2885 1293 3007 1350 duo
3038 1296 3313 1367 discipuli
3341 1299 3398 1352 in
3428 1298 3641 1356 intima

238 1386 551 1442 solitudine
570 1402 728 1457 quae
756 1390 1000 1440 vocatur
1035 1384 1221 1439 Scete.
1257 1384 1521 1448 Quorum
1557 1397 1711 1436 unus
1736 1380 1979 1451 quidem
2016 1382 2173 1435 velut
2212 1382 2480 1436 minister
2506 1382 2585 1436 illi
2623 1398 2858 1453 semper
2882 1383 3186 1440 assidebat
3217 1402 3421 1441 eorum
3451 1390 3646 1457 gratia

233 1476 336 1548 qui
368 1475 683 1531 veniebant
712 1473 962 1529 curandi
989 1490 1002 1538 ;
1037 1474 1183 1528 alter
1206 1477 1405 1528 autem
1434 1486 1703 1525 seorsum
1728 1470 2105 1525 secedebatin
2128 1469 2361 1525 cellam.
2384 1471 2774 1526 Praecedente
2803 1487 2934 1527 vero
2960 1478 3228 1544 tempore
3249 1490 3383 1529 cum
3407 1482 3648 1533 sanctus

236 1564 568 1637 perspicaci
600 1563 775 1618 oculo
809 1562 1216 1633 praevidisset,
1242 1560 1387 1616 dixit
1421 1560 1694 1614 ministro
1721 1574 1831 1612 suo
1844 1560 2087 1613 nomine
2101 1559 2339 1625 Joanni,
2359 1560 2686 1630 quipostea
2702 1559 2892 1615 factus
2919 1561 3231 1633 presbyter
3248 1563 3530 1620 suffectus
3560 1572 3647 1623 est

237 1654 297 1708 iu
336 1652 537 1708 locum
576 1652 809 1708 Macarii
843 1668 854 1705 :
897 1650 1079 1716 Audi,
1114 1650 1196 1706 mi
1229 1650 1433 1718 frater
1469 1649 1743 1713 Joannes,
1778 1662 2080 1718 meamque
2112 1649 2213 1717 fer
2242 1663 2428 1719 aequo
2454 1650 2654 1704 animo
2684 1650 3135 1707 admonitionem
3169 1652 3277 1707 tibi
3315 1654 3488 1711 valde
3510 1670 3650 1724 pro-

242 1742 805 1811 futuramJ‘entaris
821 1740 1275 1811 enim,iuquit,et
1291 1746 1343 1794 le
1358 1744 1540 1794 tenlat
1555 1736 1801 1805 spiritus
1816 1738 2234 1805 avarztiae;sic
2250 1741 2403 1792 enim
2419 1745 2791 1807 perspectum
2807 1739 3147 1795 habeo.Scio
3173 1744 3449 1811 tamen,si
3459 1759 3648 1801 meam

243 1830 494 1900 benigne
510 1829 713 1885 tuleris
733 1828 1295 1893 adhortationem,te
1311 1827 1640 1896 per/eciam
1658 1826 1794 1894 fore
1812 1827 1877 1879 in
1898 1826 2003 1881 Dei
2019 1826 2226 1882 timore
2245 1830 2421 1897 atque
2442 1829 2565 1883 eius
2584 1828 3327 1900 opere,laudaberisque,et
3340 1833 3648 1903 ﬂagellum

235 1934 355 1974 non
380 1917 881 1990 apprOpinquabit
905 1918 1293 1974 tabernaculo
1318 1925 1438 1972 tuo.
1472 1916 1638 1984 Quod
1667 1917 1718 1969 si
1746 1930 1867 1969 non
1892 1915 2176 1976 audieris,
2210 1920 2343 1971 inte
2365 1919 2597 1972 venient
2619 1932 2773 1987 quae
2793 1916 2951 1973 Giezi
2994 1919 3231 1974 tandem
3278 1922 3649 1985 acciderunt,

231 2011 403 2064 cuius
430 2008 573 2064 vitio
604 2008 861 2065 laboras.
897 2008 1152 2077 Contigit
1173 2023 1371 2078 porro,
1416 2014 1474 2061 ut
1494 2004 1778 2061 defuncto
1820 2006 2071 2059 Macario
2111 2020 2229 2059 non
2254 2004 2535 2076 paruerit,
2562 2005 2662 2059 sed
2685 2004 2739 2059 ei
2761 2006 2861 2075 qui
2890 2013 3131 2077 propter
3163 2008 3497 2066 avaratiam
3527 2011 3654 2067 alli-

228 2099 387 2168 gavit
413 2098 601 2154 Judae
633 2099 940 2170 laqueum.
978 2098 1211 2168 Elapsis
1234 2096 1434 2167 itaque
1468 2096 1555 2150 XV
1587 2101 1689 2150 aut
1718 2095 1805 2150 XX
1824 2094 2019 2157 annis,
2048 2109 2185 2147 cum
2212 2093 2373 2148 bona
2407 2109 2739 2163 pauperum
2787 2102 3164 2165 usurpasset,
3214 2102 3334 2153 tam
3368 2100 3533 2168 gravi
3559 2100 3650 2155 la-

227 2186 458 2242 beravit
487 2187 856 2258 elephantis,
884 2193 947 2241 ut
986 2187 1043 2241 in
1072 2190 1193 2241 toto
1218 2185 1345 2240 eius
1362 2199 1609 2256 corpore
1627 2184 2118 2238 noninveniretur
2143 2181 2370 2250 integer
2395 2181 2634 2237 locusin
2657 2198 2781 2255 quo
2806 2184 2940 2255 quis
2964 2184 3216 2253 digitum
3242 2187 3422 2255 figere
3447 2194 3652 2257 posset

229 2278 386 2331 Haec
411 2275 526 2331 fuit
552 2276 789 2331 Macarii
823 2276 1151 2345 prophetia.
1184 2274 1506 2330 Ferebatur
1532 2273 1627 2327 hic
1654 2277 1897 2327 sanctus
1922 2273 2040 2342 pati
2056 2271 2459 2327 continentem
2484 2274 2759 2337 ecstasin,
2780 2274 3142 2346 saepiusque
3162 2275 3406 2332 velcum
3428 2278 3548 2333 Deo
3561 2278 3653 2334 vel

224 2366 285 2420 in
317 2364 504 2421 rebus
540 2364 761 2419 versari
792 2363 1168 2419 caelestibus.
1227 2364 1415 2419 Fama
1464 2361 1641 2417 etiam
1682 2365 1962 2416 constans
2009 2366 2135 2416 erat
2164 2360 2225 2415 in
2277 2360 2615 2425 solitudine,
2650 2363 2973 2417 suscitasse
3012 2380 3149 2418 eum
3201 2373 3531 2435 mortuum,
3586 2371 3651 2422 ut

228 2454 621 2525 persuaderet
645 2453 888 2509 cuidam
912 2453 1209 2507 haeretico
1242 2454 1479 2524 neganti
1495 2451 2007 2505 resurrectionem.
2038 2449 2302 2519 Reliqua,
2326 2465 2483 2520 quae
2504 2448 2709 2504 divino
2728 2450 3017 2506 beneﬁcio
3030 2461 3199 2521 gesta
3212 2462 3368 2521 sunt,
3393 2456 3652 2527 petenda

226 2549 364 2599 sunt
395 2560 427 2599 e
462 2542 732 2598 Palladio
762 2542 822 2597 in
859 2541 1107 2597 Historia
1141 2541 1376 2598 Patrum
1410 2556 1543 2611 cap.
1586 2542 1646 2594 l9
1678 2544 1734 2594 et
1760 2539 1849 2602 20,
1874 2538 2204 2606 Nicephoro
2237 2540 2381 2593 Hist.
2416 2537 2566 2593 Eccl.
2596 2538 2701 2594 lib.
2730 2555 2787 2594 1x
2818 2555 2950 2612 cap.
2983 2544 3071 2598 14.
3096 2541 3259 2597 Vale.
3291 2541 3312 2616 ]

1493 2671 1993 2763 Typographus
2021 2670 2289 2738 Lectori
2334 2672 2405 2737 S.

308 2811 687 2881 Diligentiam
721 2826 910 2882 quam
942 2812 1002 2864 in
1028 2809 1265 2865 Macarii
1298 2808 1561 2864 Homiliis
1592 2808 2006 2871 adhibuimus,
2041 2806 2326 2862 benevole
2373 2806 2575 2871 lector,
2605 2805 2952 2876 praedicare
2993 2808 3312 2877 nolumus;
3350 2810 3475 2883 ipse
3508 2814 3653 2870 satis

230 2899 563 2973 perspicies
590 2899 651 2954 in
678 2904 1029 2954 transcursu
1058 2897 1346 2953 lectionis.
1380 2901 1492 2953 Nec
1540 2905 1738 2953 tamen
1788 2912 2129 2952 asseverare
2165 2896 2460 2961 volumus,
2517 2894 2662 2949 nihil
2694 2911 2937 2966 prorsus
2971 2912 3080 2952 nos
3111 2898 3207 2953 hic
3231 2899 3475 2969 fugisse,
3522 2902 3649 2970 sed,

232 3006 391 3060 quae
416 2990 625 3045 oculos
649 2993 886 3043 nostros
910 2985 1262 3053 fefellerunt,
1295 2986 1576 3058 pleraque
1598 2986 1803 3041 omnia
1832 2986 1998 3041 facile
2022 3001 2125 3056 per
2151 2990 2201 3040 te
2226 2986 2505 3053 cognosci
2537 3001 2729 3055 posse.
2759 2986 2816 3039 ln
2838 3003 2954 3041 uno
2973 2993 3172 3043 tamen
3202 2991 3542 3046 monendus
3564 3008 3651 3048 es.

242 3076 762 3133 Demandaramus
793 3093 1013 3132 munus
1042 3076 1335 3132 versionis
1364 3074 1793 3131 describendae
1817 3091 1890 3129 ex
1919 3076 2176 3129 auctoris
2206 3074 2581 3145 autograpbo
2604 3074 2877 3130 studioso
2900 3076 3139 3132 cuidam
3171 3094 3183 3142 ;
3216 3095 3419 3136 verum
3450 3080 3501 3135 is
3527 3096 3651 3152 qua

240 3170 427 3222 scatet
449 3165 681 3223 levitate
712 3165 931 3222 alicubi
964 3167 1180 3221 misere
1213 3164 1486 3236 pervertit
1518 3165 1776 3219 auctoris
1809 3163 2010 3218 verba.
2048 3162 2329 3217 Volumus
2351 3162 2551 3234 itaque
2584 3168 2646 3218 ut
2675 3180 2745 3219 ea
2776 3163 2858 3219 sic
2890 3165 3185 3221 restituas.

1176 3255 1517 3325 Sequuntur
1540 3254 1903 3322 Corrigenda
1932 3257 2064 3308 octo
2090 3251 2359 3307 locorum
2393 3251 2706 3307 versionis.

1622 3610 2279 3705 PRAEFATIO

955 3843 1060 3903 ΑΙ)
1104 3844 1524 3904 EDlTlONEM
1569 3845 2059 3905 HOMILIARUM
2105 3844 2165 3904 S.
2214 3844 2532 3904 MACARII

1319 3844 1524 3904 DNEM
1569 3845 2059 3905 HOMILIARUM
2105 3844 2165 3904 S.
2214 3844 2532 3904 MACARII
2575 3844 2935 3905 AEGYPTII

1501 4011 1646 4056 QUAE
1684 4011 1998 4050 COMPARUIT
2038 4010 2139 4049 SUB
2178 4009 2413 4049 TITULOI

249 4141 356 4198 SS.
398 4141 522 4197 PP.
566 4140 944 4196 GREGORII
992 4138 1720 4196 NEOCAESARIENSIS
1757 4136 2111 4193 EPISCOPI
2142 4136 2669 4208 GQGNOMENTO
2706 4137 2855 4191 THA
2876 4135 3019 4193 UMA
3036 4136 3285 4208 TURGI,
3313 4142 3662 4201 MACARII

325 4213 713 4269 AEGYPTII
734 4213 841 4267 ET
868 4211 1154 4267 BASILII
1192 4210 1780 4267 SELEUCIAEISA
1798 4209 2038 4265 URIAE
2078 4207 2431 4262 EI‘ISCOPI
2460 4208 2709 4263 OPERA
2755 4208 3008 4264 ΟΜΝΙΑ
3046 4207 3666 4278 QUAE’REPE'RIRI

326 4284 757 4341 POTUE'RUN
767 4285 828 4338 Τ.
860 4284 1038 4339 Nunc
1065 4283 1324 4351 primum
1358 4283 1581 4337 Graece
1609 4288 1661 4337 et
1691 4281 1894 4336 Latine
1923 4279 2279 4335 coniunctim
2302 4280 2478 4343 edita,
2514 4296 2646 4335 cum
2686 4280 2979 4335 indicibus
3019 4285 3377 4339 necessariis.
3410 4287 3662 4344 Accessit

322 4356 864 4413 JoannisZonarae
892 4354 1202 4416 Expositio
1236 4353 1682 4413 Canonicarum
1715 4353 2138 4419 Epistolarum.
2177 4351 2422 4407 Parisiis
2449 4351 2781 4420 sumptibus
2812 4352 3125 4408 Michaelis
3147 4353 3382 4421 Sonnii,
3414 4359 3665 4415 Claudii

323 4428 571 4485 Morelli
601 4434 655 4483 et
687 4426 1025 4484 Sebastiani
1050 4425 1384 4495 Cramoisy,
1418 4424 1514 4481 via
1543 4423 1818 4480 Jacobea.
1851 4422 2214 4479 MDCXXII.
2258 4422 2401 4478 Cum
2428 4421 2744 4494 privilegio
2768 4424 2949 4495 Regio
2978 4425 3089 4494 fol.

790 4762 1205 4822 Illustrissimo
1238 4762 1364 4820 viro
1389 4760 1595 4818 Merica
1642 4760 1714 4817 de
1756 4760 1882 4831 Viq,
1910 4775 2137 4816 summo
2165 4758 2505 4816 Galliarum
2543 4762 3043 4830 procancellario.

319 4970 596 5027 Alienum
622 4970 792 5027 nimis
814 4986 850 5026 a
877 4984 1123 5024 munere
1154 4974 1358 5024 nostro
1386 4966 1804 5031 credebamus,
1838 4965 1926 5021 vir
1955 4964 2368 5031 illustrissime,
2396 4964 2443 5019 si
2475 4966 2625 5020 inter
2656 4970 2737 5021 tot
2770 4982 2840 5021 ac
2872 4970 3035 5023 tanta
3051 4969 3325 5040 publicae
3343 4982 3663 5045 congratu-

246 5062 487 5118 lationis
508 5057 989 5131 indicia,quibus
1012 5058 1285 5114 universa
1302 5056 1485 5114 Gallia
1500 5055 1928 5111 communibus
1941 5056 2094 5110 votis
2114 5060 2169 5110 et
2188 5053 2432 5109 vocibus
2463 5056 2688 5110 Nomen
2707 5061 2966 5111 vestrum
2984 5061 3386 5128 commendat,
3415 5064 3523 5137 ipsi
3552 5066 3662 5123 soli

246 5156 610 5214 taceremus,
642 5154 697 5203 et
735 5146 901 5203 nulla
934 5146 1117 5201 nostri
1147 5146 1323 5203 etiam
1350 5145 1623 5218 obsequii
1645 5143 1842 5200 officia
1874 5149 2243 5199 testaremur.
2276 5145 2357 5198 Ex
2385 5159 2507 5214 quo
2533 5144 2693 5199 enim
2720 5145 3380 5222 iustissimusidemque
3400 5153 3665 5211 invictis-

248 5240 440 5297 simus
475 5242 600 5295 Rex
622 5243 823 5293 noster
855 5234 1304 5291 LudovicusXIlI
1331 5242 1568 5291 matura
1600 5232 2022 5289 deliberatione
2046 5232 2122 5286 ad
2149 5232 2449 5287 sanctiora
2476 5232 2705 5287 consilii
2731 5234 2821 5288 sui
2852 5236 2925 5289 Te
2957 5237 3198 5293 admisit
3222 5243 3565 5311 penetralia,
3608 5251 3664 5302 et

246 5330 323 5386 ad
341 5328 650 5400 regiorum
670 5323 1009 5393 Sigillorum
1033 5323 1368 5379 custodiam
1395 5325 1752 5393 deputatum
1778 5323 1851 5377 Te
1875 5321 2265 5386 voluit,nemo
2288 5318 2516 5383 fuit,cui
2540 5322 2899 5397 cognita_tua
2921 5325 3105 5380 virtus
3134 5335 3244 5394 est,
3266 5332 3369 5403 qui
3394 5348 3515 5388 non
3537 5333 3666 5390 lau-

246 5418 420 5491 darit,
442 5431 569 5473 non
590 5411 1039 5486 approbaverit,
1064 5413 1362 5481 etregium
1375 5419 1431 5467 et
1446 5412 1754 5482 egregium
1776 5410 1999 5466 factum
2019 5424 2137 5465 non
2158 5409 2819 5480 praedicaverit.Virum
2834 5413 3054 5469 scilicet
3070 5423 3372 5475 maturum
3392 5422 3661 5489 consilio,

246 5508 380 5563 iusti
394 5514 451 5563 et
468 5505 648 5577 aequi
667 5497 2015 5572 amantissimum,prudentem,sapientem.de
2033 5497 2338 5568 republica
2355 5514 2579 5552 summe
2594 5500 2883 5568 meritum;
2900 5502 3111 5569 virum,
3127 5504 3373 5578 inquam
3386 5508 3484 5571 ,ad
3501 5526 3662 5565 sum-

253 5612 352 5653 ma
378 5602 615 5654 natum.
648 5592 829 5663 longo
851 5606 1048 5647 rerum
1067 5594 1249 5645 usuet
1274 5590 1428 5645 seria
1443 5589 1743 5645 variorum
1777 5586 2155 5657 negotiorum
2204 5588 2617 5643 exercitatione
2647 5589 2723 5644 ad
2771 5595 2958 5645 status
3007 5593 3229 5663 politici
3269 5596 3535 5665 regimen
3562 5614 3667 5670 ap-

253 5684 447 5757 prime
470 5687 799 5749 versatum,
829 5679 933 5735 tali
964 5677 1280 5735 vocatione
1311 5678 1590 5747 dignum.
1626 5679 1791 5733 Unde
1816 5675 2039 5733 factum
2063 5679 2167 5740 est,
2209 5682 2270 5730 ut
2307 5675 2474 5748 ipsae
2496 5678 2676 5733 etiam
2717 5677 2919 5735 Musae
2946 5682 3314 5740 castissimae
3339 5684 3400 5738 in
3431 5692 3665 5755 partem

255 5772 641 5834 exultationis
659 5770 861 5828 venire
883 5769 1222 5843 gestientes,
1249 5767 1374 5826 Tibi
1395 5772 1653 5840 patrono
1678 5783 1788 5827 suo
1806 5766 1886 5827 ad
1908 5764 2305 5842 patrioslares
2319 5766 2594 5825 redeunti
2609 5768 3382 5844 ettriumphatoremregem
3396 5777 3670 5831 nostrum
