4092 6252
478 327 586 384 345
1442 316 1839 374 PRAEFATIO
1877 316 1971 372 AD
2013 315 2405 372 EDlTIONEM
2446 314 2558 372 AN.
2604 314 2910 374 MDCXXlI
3775 309 3886 369 316

476 476 781 534 comitanti
801 473 1013 529 obviae
1033 471 1496 527 forentovantes.
1527 471 1588 523 Et
1603 469 1888 539 quoniam
1909 467 2100 523 virum
2119 468 2196 522 ad
2210 472 2441 523 tantum
2459 467 2767 536 dignitatis
2785 468 3016 538 apicem
3031 470 3298 522 evectum
3320 464 3572 520 maxime
3589 461 3882 519 condecet

475 569 665 640 pietas
687 569 743 619 et
774 563 1016 633 antiqua
1047 565 1311 615 veterum
1341 559 1574 614 Patrum
1599 557 1746 612 ﬁdes
1775 564 1831 612 et
1857 557 2084 626 religio,
2108 573 2242 612 ecce
2273 573 2302 610 e
2327 558 2480 628 typis
2507 557 2726 611 nostris
2750 556 3049 627 prodeunt
3069 556 3129 610 in
3163 570 3377 610 manus
3399 559 3625 608 vestras
3646 557 3764 640 tres
3791 550 3880 604 in-

474 639 613 711 victi
637 653 776 708 ﬁdei
805 650 1059 706 athletae
1086 647 1397 716 Gregorius
1417 647 1918 715 Thaumaturgus,
1947 647 2192 702 Basilius
2222 646 2358 700 Isau
2393 661 2402 713 ι
2435 646 2687 711 ricus,et
2713 646 3038 716 Aegyptius
3066 643 3160 699 ille
3188 644 3428 700 nomine
3456 656 3638 713 reque
3668 639 3883 696 beatus

473 741 903 812 Macarius,qui
937 755 1008 794 ex
1033 739 1282 794 Orientis
1315 736 1576 792 fontibus
1601 739 1665 788 ut
1690 739 1809 789 tres
1831 735 1972 790 olim
2002 735 2270 798 generosi
2300 734 2538 789 Davidis
2583 734 2795 788 milites
2817 750 3038 806 aquam
3071 734 3142 788 de
3181 734 3437 788 cisterna
3461 730 3776 794 Bethleem,
3817 729 3881 783 id

473 837 582 900 est,
612 833 798 888 avitae
823 828 961 884 fidei
988 833 1043 882 et
1067 825 1424 896 limpidioris
1447 824 1755 880 doctrinae
1778 824 1980 879 latices
2004 824 2128 878 Tibi
2161 828 2500 894 porrectum
2527 824 2796 878 veniunt.
2824 823 2961 878 Tres
2989 822 3232 894 quidem
3261 836 3383 877 non
3405 822 3627 875 Atticae
3651 824 3884 875 tantum

472 920 786 976 facundiae
818 915 1300 987 gloriacelebres,
1330 913 1455 981 sed,
1489 913 1656 985 quod
1687 913 1966 984 amplius,
2000 917 2057 967 et
2087 927 2323 967 morum
2352 911 2647 983 probitate
2674 918 2729 968 et
2763 912 2912 967 vitae
2947 910 3353 966 sanctimonia
3377 914 3432 965 et
3457 906 3882 964 miraculorum

479 1008 810 1080 frequentia
829 1004 1158 1077 conspicui.

546 1097 858 1166 Gregorius
888 1093 1191 1166 equidem,
1225 1092 1329 1162 qui
1368 1090 1856 1146 Neocaesariensi
1897 1090 2180 1145 ecclesiae
2210 1090 2546 1160 praefectus
2577 1089 2657 1145 ita
2692 1089 3005 1161 pastoralis
3043 1087 3218 1145 ofﬁcii
3253 1103 3472 1143 munus
3498 1085 3785 1158 implevit,
3819 1087 3883 1138 ut

472 1187 770 1244 adiunctis
801 1184 916 1238 sibi
949 1180 1376 1253 septemdecim
1405 1196 1526 1235 non
1569 1179 1829 1251 amplius
1861 1180 2036 1234 sociis
2071 1180 2380 1234 universos
2415 1178 2578 1233 urbis
2612 1185 2664 1233 et
2691 1179 2844 1234 ruris
2879 1178 3108 1234 incolas
3142 1177 3218 1234 ad
3249 1176 3455 1233 Christi
3479 1175 3660 1231 fidem
3694 1172 3882 1229 addu-

470 1277 620 1333 xerit
650 1292 662 1340 ;
691 1273 794 1345 qui
837 1272 1114 1343 precibus
1169 1275 1431 1324 montem
1474 1267 1773 1323 excelsum
1831 1269 2174 1333 transtulit;
2202 1269 2302 1338 qui
2331 1267 2526 1324 lacum
2562 1267 2922 1322 altissimum
2973 1268 3032 1322 in
3075 1267 3268 1322 solum
3303 1267 3462 1321 ferax
3495 1263 3779 1320 convertit
3829 1267 3881 1316 et

471 1363 830 1420 exundantis
861 1360 1128 1415 fluminis
1156 1373 1400 1413 cursum
1429 1358 1628 1426 virgae
1657 1363 1872 1411 attactu
1909 1358 1964 1410 in
1996 1357 2304 1427 proprium
2337 1358 2575 1411 alveum
2606 1355 2860 1420 reduxit,
2893 1357 3050 1411 unde
3078 1363 3134 1411 et
3159 1356 3304 1411 alter
3321 1358 3507 1411 Moses
3532 1353 3727 1408 dictus
3752 1357 3835 1405 est
3862 1367 3875 1415 ;

469 1453 573 1524 qui
609 1451 943 1505 futurorum
977 1447 1382 1517 praedictione
1416 1445 1558 1498 nulli
1599 1446 2028 1514 Prophetarum
2065 1444 2322 1508 inferior,
2359 1447 2465 1500 sed
2497 1445 2661 1500 varia
2695 1445 3118 1500 miraculorum
3177 1445 3522 1516 operatione
3556 1441 3754 1497 multis
3785 1456 3882 1495 su-

470 1542 668 1612 perior
700 1538 964 1600 effectus,
993 1537 1473 1603 Thaumaturgus
1503 1534 1640 1588 inde
1681 1539 1768 1587 est
1798 1533 2150 1604 appellatus.

543 1631 689 1684 Tum
725 1626 989 1690 Basilius,
1018 1625 1119 1695 qui
1149 1639 1330 1693 supra
1366 1629 1620 1678 aetatem
1651 1623 1892 1693 sapiens
1918 1622 2329 1691 duodeviginti
2361 1627 2584 1678 tantum
2616 1637 2808 1677 annos
2835 1628 3010 1678 natus
3038 1621 3334 1678 Seleuciae
3358 1619 3619 1676 Isauriae
3644 1618 3703 1674 in
3747 1618 3876 1690 Epi-

470 1719 634 1789 scopi
673 1716 928 1787 gradum
957 1718 1198 1769 evectus
1226 1712 1560 1768 haereticae
1602 1711 1874 1782 pravitati
1919 1712 2201 1780 singulari
2230 1727 2351 1784 qua
2385 1711 2643 1783 pollebat
2674 1727 2810 1766 cum
2841 1711 3114 1767 doctrina
3149 1717 3276 1767 tum
3315 1709 3500 1765 animi
3532 1707 3878 1764 fortitudine

470 1823 711 1863 murum
772 1821 831 1860 se
870 1819 978 1875 pro
1010 1803 1193 1857 domo
1252 1802 1345 1856 Dei
1387 1802 1710 1872 opposuit;
1744 1803 1845 1871 qui
1880 1808 2086 1856 coacto
2129 1801 2601 1857 Chalcedonensi
2662 1807 2899 1856 centum
2953 1799 3398 1872 quinquaginta
3451 1800 3874 1869 episcoporum

468 1896 719 1952 concilio
750 1895 809 1948 in
834 1893 1041 1961 primis
1075 1891 1261 1955 affuit,
1288 1891 1543 1945 Nicenae
1570 1890 1782 1960 synodi
1817 1890 2054 1945 decreta
2085 1888 2412 1946 sententiae
2438 1906 2579 1946 suae
2609 1891 2954 1946 auctoritate
2979 1890 3257 1953 ﬁrmavit,
3284 1895 3338 1943 et
3372 1889 3718 1944 Dioscorum
3733 1885 3874 1940 fidei

468 1985 768 2040 vomicam
795 1982 1100 2051 confregit.

541 2074 836 2128 Macarius
887 2071 1145 2141 denique
1172 2068 1629 2124 eremicolarum
1677 2069 1878 2134 decus,
1913 2069 2207 2124 solitariae
2235 2069 2446 2141 quietis
2475 2069 2948 2130 amantissimus,
2977 2069 3076 2138 qui
3113 2071 3414 2122 transacto
3440 2067 3497 2121 in
3555 2063 3873 2121 solitudine

470 2162 782 2231 sexaginta
811 2176 1107 2214 annorum
1140 2158 1336 2212 stadio
1384 2157 1548 2211 nulla
1581 2173 1698 2212 non
1734 2157 1842 2210 fuit.
1871 2164 2146 2228 expertus
2177 2158 2487 2227 religiosae
2515 2159 2747 2230 pietatis
2779 2158 3074 2212 exercitia.
3120 2157 3223 2212 Cui
3264 2156 3596 2211 daemonas
3650 2169 3872 2220 arcere,

467 2252 666 2308 varios
699 2251 940 2304 morbos
964 2263 1194 2311 curare,
1237 2253 1292 2300 et
1329 2246 1534 2316 spiritu
1563 2246 1910 2318 prophetico
1951 2246 2149 2300 futura
2183 2247 2522 2316 praedicere
2576 2247 2863 2303 familiare
2895 2246 3018 2299 fuit.
3057 2245 3164 2310 Qui
3211 2246 3267 2299 in
3303 2245 3534 2300 futurae
3573 2259 3875 2299 resurrec-

465 2340 642 2397 tionis
674 2338 853 2392 ﬁdem
886 2336 963 2392 ad
1007 2335 1434 2390 revincendum
1474 2333 1793 2388 cuiusdam
1835 2333 2164 2391 dubitantis
2193 2351 2454 2390 errorem
2495 2336 2760 2391 suscitati
2793 2337 2967 2390 etiam
3028 2335 3241 2389 mortui
3290 2332 3553 2388 hominis
3604 2331 3876 2389 testimo-

465 2429 629 2483 nium
671 2426 1004 2482 advocavit.
1051 2424 1150 2477 Cui
1193 2429 1538 2494 perspectae
1570 2427 1738 2478 erant
1765 2423 2036 2478 cordium
2069 2423 2670 2496 cogitationes,etqui
2689 2425 2972 2480 continua
2989 2439 3178 2496 paene
3204 2423 3416 2479 mentis
3443 2422 3655 2478 ecstasi
3677 2422 3877 2477 adhuc

465 2518 525 2572 in
569 2518 735 2572 terris
774 2517 1006 2585 positus
1041 2513 1156 2567 Deo
1189 2513 1542 2567 coniunctus
1575 2511 1834 2568 vivebat.

540 2605 690 2672 Quid
724 2619 862 2672 ergo
887 2609 970 2656 est
1001 2602 1162 2674 quod
1190 2601 1247 2654 in
1280 2601 1401 2654 istis
1431 2599 1705 2654 Patribus
1739 2617 1859 2655 non
1887 2600 2061 2672 aequi
2083 2601 2340 2672 bonique
2370 2601 2642 2657 consulat
2668 2602 2755 2656 vir
2792 2603 3033 2673 sapiens
3053 2601 3080 2654 ‘?
3102 2601 3261 2671 Elige
3302 2602 3523 2672 itaque,
3557 2599 3643 2653 vir
3673 2598 3876 2654 claris-

469 2696 640 2758 sime,
671 2699 772 2747 aut
804 2692 979 2746 huius
1007 2690 1372 2754 facundiam,
1406 2696 1507 2744 aut
1530 2689 1686 2743 illius
1712 2689 2090 2759 probitatem,
2125 2697 2226 2744 aut
2252 2690 2418 2744 istius
2449 2692 2826 2761 sapientiam,
2873 2690 2960 2745 vel
2981 2691 3191 2746 melius
3223 2687 3877 2760 utrumqueamplecte-

462 2800 545 2840 re.
593 2783 781 2836 Habes
807 2781 967 2835 enim
1000 2780 1056 2833 in
1092 2778 1299 2848 triplici
1335 2785 1631 2832 tantorum
1659 2779 1918 2832 virorum
1949 2778 2175 2832 delectu
2209 2778 2586 2848 complexam
2619 2782 2886 2836 omnium
2905 2782 3203 2844 virtutum,
3234 2795 3392 2850 quae
3416 2778 3608 2832 virum
3630 2792 3870 2846 gravem

467 2871 889 2934 condecorant,
921 2867 1446 2940 encyclopaediam
1464 2907 1476 2921 .
1529 2866 1716 2920 Habes
1740 2868 1796 2920 in
1821 2867 2284 2937 sacrisipsorum
2318 2870 2739 2933 monumentis,
2763 2885 2918 2940 quae
2937 2870 3058 2923 suis
3084 2869 3314 2939 scriptis
3334 2866 3656 2939 posteritati
3681 2867 3871 2921 consi-

469 2965 751 3032 gnarunt,
786 2973 1126 3029 expressam
1157 2956 1232 3012 ad
1263 2957 1462 3010 vivum
1495 2971 1632 3010 cum
1661 2956 1927 3010 sincerae
1949 2955 2272 3021 doctrinae,
2310 2959 2318 3026 Ι
2353 2962 2479 3012 tum
2504 2957 2639 3012 ﬁdei
2667 2958 3013 3022 catholicae,
3044 2959 3166 3013 imo
3195 2958 3383 3029 ipsius
3410 2955 3642 3028 pietatis
3668 2955 3871 3025 imagi-

466 3065 626 3105 nem.
666 3047 828 3104 Unde
861 3062 968 3101 nec
1000 3060 1221 3100 munus
1255 3050 1544 3108 nostrum,
1579 3044 1996 3116 qualecunque
2019 3051 2126 3110 est,
2157 3051 2318 3099 tanto
2351 3046 2476 3100 viro
2507 3047 2579 3100 de
2616 3063 2675 3101 re
2715 3047 2972 3102 literaria
2996 3063 3182 3119 quam
3237 3046 3390 3102 bene
3431 3045 3642 3102 merito
3671 3045 3874 3100 minus

465 3138 718 3209 dignum
745 3136 1066 3191 iudicavim
1081 3151 1166 3188 us.
1196 3134 1315 3188 lmo
1347 3149 1526 3204 quem
1560 3149 1818 3205 aequum
1846 3150 2043 3188 rerum
2075 3135 2513 3190 aestimatorem
2547 3137 2969 3208 comperimus,
3003 3136 3194 3191 eidem
3227 3151 3406 3208 quem
3458 3136 3538 3189 rei
3577 3133 3882 3189 literarias

466 3235 772 3283 auctorem
805 3231 861 3281 et
885 3225 1176 3281 fautorem
1234 3229 1457 3294 sperat,
1491 3239 1601 3277 sua
1628 3223 1918 3293 quantula
1952 3228 2092 3278 sunt
2125 3239 2372 3278 munera
2399 3224 2557 3280 dicat
2589 3227 2841 3280 societas
2871 3232 3072 3281 nostra
3127 3223 3581 3298 typographica.
3633 3223 3873 3278 Interim

468 3317 614 3372 dum
649 3319 819 3385 grata
850 3315 1144 3383 benignus
1177 3312 1399 3384 accipis
1431 3311 1616 3366 nostri
1643 3313 1697 3366 in
1728 3315 1801 3367 'l‘e
1821 3313 2006 3367 animi
2030 3319 2442 3379 monumenta,
2477 3314 2726 3385 excipiat
2745 3314 3081 3370 Altissimus
3109 3320 3244 3370 vota
3262 3319 3484 3378 nostra,
3511 3314 3658 3369 etTe
3685 3327 3874 3384 quam

468 3411 751 3475 optamus
777 3403 900 3466 diu,
933 3419 1070 3456 cum
1101 3401 1394 3456 Ecclesiae
1427 3415 1568 3455 suae
1598 3408 1839 3456 sanctae
1873 3407 1998 3456 tum
2023 3403 2198 3456 totius
2240 3400 2458 3458 Galliae
2487 3403 2648 3459 bono
2675 3409 2866 3459 servet
2903 3403 3264 3459 incolumen.
3309 3402 3461 3459 Vale.

469 3493 709 3548 Vestrae
739 3491 1080 3547 Celsitudini
1109 3489 1464 3544 addictisimi

2455 3591 2716 3647 Michael
2745 3590 3015 3646 Sonnius.

2458 3664 2746 3718 Claudius
2777 3663 3087 3718 Morellus.

2452 3736 2839 3791 Sebastianus
2873 3734 3206 3804 Cramoisy.

1134 3845 1444 3909 Sequuntur
1469 3844 1523 3894 S.
1561 3845 1795 3908 Gregorii
1824 3845 2210 3911 Thaumaturgi
2235 3849 2402 3912 Opera
2427 3862 2591 3913 pagg.
2619 3851 2778 3906 1-116,
2810 3849 2932 3898 dein
2960 3849 3145 3898 titulus
3184 3862 3193 3896 :

1293 3995 1345 4039 S.
1401 3994 1610 4040 PATRIS
1660 3994 1909 4041 MACARII
1957 3996 2232 4041 AEGYPTII
2261 3997 2551 4041 HOMILIAE
2583 3997 3029 4053 QUINQUAGINTA

1529 4102 1755 4148 ΕΒΑΕοΙεῖ
1794 4104 1866 4147 ET
1916 4105 2131 4148 LATlNE
2184 4103 2545 4149 CONIUNCTIM
2595 4104 2811 4149 EDITAE

1402 4210 1767 4254 INTERPRETE
1813 4211 2041 4256 JUANNE
2091 4210 2219 4256 PlCO
2270 4211 2326 4255 IN
2376 4211 2604 4256 SENATU
2646 4211 2970 4257 PARISIENSI

1552 4317 1838 4363 CLASSIUM
1891 4318 2423 4373 INQUISITORIARUM
2473 4319 2780 4365 PRAESIDE.

1380 4453 1630 4511 Joannis
1657 4457 1843 4511 Daval
1881 4457 2329 4525 Treportuensis
2365 4457 2629 4512 Doctoris
2668 4456 2944 4527 Theologi

1707 4546 1769 4601 in
1802 4546 2035 4602 laudem
2080 4547 2140 4600 D.
2184 4547 2315 4602 Pici
2335 4545 2629 4616 praesidis

1949 4636 2378 4692 Hexastichon.

1411 4752 1538 4816 Quo
1571 4749 1863 4806 celebrem
1895 4753 2105 4807 Macari
2132 4752 2390 4807 donabis
2421 4769 2664 4808 munere
2700 4753 2923 4818 Picum,

1411 4840 1520 4904 Qui
1551 4839 1865 4910 splendore
1899 4856 2005 4896 suo
2033 4841 2313 4898 candidat
2335 4842 2683 4914 Aethiopem
2707 4843 2734 4897 ?

2421 4964 2533 5014 cet.
2553 5001 2565 5024 ,
2599 4965 2662 5013 ut
2693 4959 2753 5013 in
2783 4960 2873 5013 Jo.
2908 4958 3038 5014 Pici
3069 4957 3449 5027 Praefatione
3469 4955 3551 5014 ad

2415 5032 2737 5085 versionem
2773 5031 3024 5085 latinam
3055 5029 3456 5085 Homiliarum
3495 5027 3551 5082 S.

2419 5102 2677 5157 Macarii
2716 5103 2996 5171 Aegyptii
3033 5116 3218 5170 supra
3249 5101 3355 5156 col.
3380 5098 3642 5154 297-298.

536 5219 795 5275 Joannes
813 5214 984 5271 Picus
1003 5215 1061 5269 in
1085 5221 1294 5271 senatu
1314 5213 1632 5270 Parisiensi
1656 5214 1934 5271 classium
1956 5214 2469 5288 inquisitoriarum
2497 5217 2736 5273 Praeses
2758 5221 2812 5273 et
2825 5219 2940 5286 piis
2967 5216 3235 5272 omnibus
3260 5215 3484 5271 Christi
3502 5220 3556 5271 et
3568 5213 3876 5270 Ecclesiae

462 5314 712 5367 sanctae
737 5305 1062 5361 cultoribus
1097 5306 1370 5360 salutem.

537 5400 727 5464 Quam
767 5394 1015 5465 antiqua
1047 5394 1118 5448 sit
1147 5399 1203 5448 et
1239 5392 1482 5447 illustris
1513 5393 2014 5450 anachoretarum
2046 5399 2102 5450 et
2123 5395 2559 5451 monachorum
2592 5395 2903 5465 origocet.,
2933 5401 2997 5449 ut
3017 5394 3228 5451 ibidem
3255 5410 3442 5463 supra
3465 5394 3576 5450 col.
3605 5392 3862 5450 283-284.

1130 5527 1228 5583 E1:
1251 5525 1458 5583 Suida.

2770 5528 2879 5581 Ἐκ
2908 5536 3026 5580 τῶν
3053 5524 3313 5582 Σουῖδα.

535 5620 666 5676 Duo
698 5617 936 5674 fuerunt
974 5615 1209 5673 Macarii
1239 5620 1372 5682 cet.,
1411 5621 1477 5671 ut
1516 5616 1579 5672 in
1611 5616 1945 5674 Zachariae
1975 5616 2108 5674 Pal-

2294 5619 2391 5671 Δύο
2444 5618 2668 5689 ὶγένοντο
2715 5619 2980 5693 Μακάριοι
3021 5637 3073 5671 κ.
3112 5636 3167 5675 τ.
3215 5617 3284 5682 λ.,
3329 5620 3392 5672 ut
3435 5617 3497 5673 in
3536 5611 3875 5673 Zachariae

462 5709 656 5770 thenii
683 5706 1070 5778 Praefatione
1087 5720 1275 5780 supra
1312 5706 1420 5763 col.
1452 5708 1575 5763 310.
2222 5705 2533 5766 Patthenii
2563 5706 2942 5780 Praefatione
2980 5720 3167 5779 supra
3195 5706 3304 5764 col.
3334 5703 3456 5764 309.
