4092 6252
232 293 327 353 91⁸1

1243 278 1706 338 HOMILIARUM
1768 281 1823 336 S.
1877 277 2179 336 MACARII
2221 275 2574 336 AEGYPTII.

3465 281 3571 340 318

1132 526 1388 580 Joannes
1419 521 1774 578 Trithemius
1800 521 1870 576 de
1898 521 2284 588 scriptoribus
2311 523 2635 581 Ecclesiae.

287 645 556 701 Macarius
589 641 926 699 monachus
961 641 1284 713 Aegyptius
1317 645 1451 705 cet.,
1485 644 1548 693 ut
1574 637 1716 693 ibid.
1751 653 1936 705 supra
1967 638 2077 692 σοι.
2114 638 2375 693 309-3t0.

1331 895 1514 955 Index
1541 895 1801 972 capitum
1831 892 2234 954 Homiliarum
2262 897 2444 957 sancti

1549 1001 1808 1061 Macarii
1839 1000 2131 1080 Aegyptii.

282 1153 622 1224 ’Δλληγορικὴ
697 1151 1032 1224 παράφρασις
1084 1156 1175 1207 τῆς
1237 1148 1384 1220 παρὰ
1437 1154 1508 1216 τῷ
1562 1144 1808 1204 Ἰεζεκιὴλ
1840 1146 1884 1196 Α

211 1250 280 1313 τῷ
305 1247 537 1314 προφήτῃ
566 1243 934 1312 γεγραμμένης
959 1237 1235 1297 ὀπτασίας.
1264 1235 1476 1305 Ὀμιλία
1503 1233 1568 1289 α’.
1605 1250 1745 1304 pag.
1780 1240 1799 1287 1

287 1337 408 1405 Περί
451 1340 542 1391 τῆς
593 1328 870 1402 βασιλείας
917 1335 1008 1378 τοῦ
1053 1333 1290 1388 σκότους,
1341 1323 1479 1376 τοῦτ’
1526 1327 1659 1389 ἔστι,
1714 1331 1806 1383 τῆς

215 1421 465 1493 ἁμαρτίας
506 1439 517 1451 ·
555 1424 646 1471 καὶ
703 1421 784 1470 ὃτι
827 1422 978 1489 μόνος
1031 1418 1056 1468 ό
1089 1419 1215 1476 Θεὸς
1256 1410 1478 1466 δύναται
1518 1416 1676 1485 αἴρειν
1723 1411 1806 1480 ἀφ’

215 1512 358 1580 ἡμῶν
408 1515 499 1568 τήν
573 1508 852 1581 ἁμαρτίαν,
909 1510 997 1557 xui
1071 1505 1340 1578 ῥύσασθαι
1397 1505 1536 1574 ημᾶς
1587 1505 1641 1554 ἐκ
1720 1509 1809 1560 τῆς

219 1595 456 1660 δουλείας
483 1605 574 1649 τοῦ
605 1604 848 1669 πονηροῦ.
1743 1591 1810 1643 10

289 1686 408 1739 Ὀτι
445 1690 492 1739 οἱ
537 1683 746 1757 ἀδελφοί
792 1683 838 1735 ἐν
889 1683 1204 1754 εἰλικρινείᾳ,
1261 1686 1309 1734 ἐν
1356 1681 1708 1754 ἀκεραιότητι,
1760 1683 1809 1731 ἓν

221 1776 398 1848 ἀγάπῃ
447 1782 534 1828 xui
585 1775 756 1848 εἰρήνῃ
803 1773 912 1845 μετ’
965 1772 1192 1830 ἀλλήλων
1244 1767 1566 1840 συνδιάγειν,
1622 1775 1710 1820 καὶ
1762 1768 1808 1819 ἐν

212 1873 317 1925 τοῖς
373 1867 474 1917 ἔσω
525 1859 798 1934 λογισμοῖς
856 1861 1036 1932 ἀγῶνα
1083 1865 1172 1912 καὶ
1210 1859 1432 1932 πόλεμον
1478 1866 1639 1911 ποιεῖν
1679 1857 1809 1929 ὀφεί-

207 1955 404 2006 λουσιν.
431 1953 506 2024 γ’.
1746 1946 1809 2002 13

272 2046 369 2096 Τόν
421 2039 620 2116 δρόμον
668 2049 762 2092 τοῦ
787 2036 1011 2092 σταδίου
1042 2047 1133 2090 τοῦ
1180 2043 1382 2109 κόσμου
1425 2040 1610 2089 τούτου
1650 2055 1806 2109 προσ-

202 2139 428 2204 ιχόντως
476 2137 570 2184 xui
614 2129 843 2202 ἀκριϐῶς
902 2126 1216 2203 διέρχεσθαι
1265 2126 1344 2180 δεῖ
1394 2132 1507 2187 τοὺς
1553 2135 1806 2200 Χριστια-

198 2227 309 2283 νοῦς
343 2267 356 2288 ,
392 2224 476 2274 ἵνα
531 2223 751 2273 ἄπαίνων
794 2219 1046 2292 οὐρανίων
1099 2221 1244 2292 παρὰ
1276 2225 1408 2272 Θεοῦ
1457 2223 1545 2269 καὶ
1581 2215 1804 2287 ἀγγέλων

195 2315 429 2383 τύχωσι.
465 2307 548 2366 δ’.
1745 2309 1803 2360 16

267 2401 436 2458 Πολλὴ
524 2400 845 2470 μετάστασις
901 2396 1088 2468 μεταξὺ
1147 2405 1248 2448 τῶν
1323 2403 1652 2468 Χριστιανῶν
1716 2399 1804 2446 καὶ

196 2489 482 2564 ἀνθρώπων
531 2495 624 2540 τοῦ
678 2494 880 2558 κόσμου
929 2489 1113 2537 τούτου
1155 2503 1166 2515 ·
1204 2488 1252 2536 οἱ
1308 2488 1396 2556 μὲν
1460 2488 1560 2556 γὰρ
1606 2492 1804 2554 πνεῦμα
1840 2501 1883 2555 Β

194 2587 285 2630 τοῦ
341 2585 554 2649 κόσμου
588 2578 814 2647 ἔχοντες,
847 2582 908 2646 τῇ
978 2571 1174 2646 καρδίᾳ
1227 2580 1313 2626 καὶ
1369 2583 1442 2644 τῷ
1490 2583 1558 2643 νῷ
1609 2573 1657 2625 ἐν
1701 2581 1804 2633 τοῖς

192 2671 396 2738 γηίνοις
421 2669 641 2736 θεσμοῖς
670 2660 909 2716 δέδενται
943 2683 954 2694 ·
990 2664 1038 2714 οἱ
1086 2659 1142 2714 δὲ
1173 2668 1266 2720 τὴν
1298 2662 1505 2732 ἀγάπην
1536 2671 1627 2714 τοῦ
1658 2662 1806 2714 ἐπου-

195 2760 376 2830 ρανίου
421 2758 620 2827 πατρὸς
671 2752 1030 2816 ἐπιποθοῦσιν,
1084 2752 1238 2804 αὑτὸν
1283 2772 1434 2825 μόνον
1484 2755 1581 2826 πρό
1622 2751 1806 2822 ὀφθαλ-

199 2854 308 2916 μῶν
339 2844 390 2896 ἐν
422 2843 584 2916 πολλῇ
620 2845 874 2914 ἰπιθυμίᾳ
899 2844 1139 2913 ἔχοντες.
1182 2841 1234 2895 ε’.
1738 2842 1798 2896 31

279 2934 346 2984 Oi
400 2931 708 3003 βουλόμενοι
763 2938 878 3002 Θεῴ
953 2931 1324 3004 εὐαρεστῆσαι,
1390 2933 1477 2990 τὰς
1535 2931 1698 3002 εὐχὰς
1758 2929 1805 2981 ἐν

207 3020 381 3091 εἰρήνη
427 3025 516 3072 xui
565 3023 778 3091 ἠσυχίᾳ
834 3024 923 3071 καὶ
973 3022 1258 3090 ἡμερότητι
1317 3025 1404 3070 καὶ
1456 3025 1612 3090 σοφίᾳ
1650 3027 1806 3071 ποιεῖ-

211 3109 335 3160 σθαι
390 3108 699 3180 ὀφείλουσιν,
759 3109 841 3161 ἳνα
911 3113 980 3180 μὴ
1038 3116 1295 3182 κραυγαῖς
1370 3113 1692 3182 κεχρημένοι
1741 3109 1807 3168 εἰς

207 3197 405 3256 πάντας
452 3195 810 3258 σκανδαλίζων
871 3199 880 3267 Ι
951 3217 1039 3249 ται
1062 3215 1072 3226 ⁸
1107 3203 1318 3269 συνέχει
1351 3195 1408 3250 δὲ
1435 3199 1463 3255 ἠ
1508 3197 1685 3268 ὁμιλία
1715 3197 1807 3257 ζηο

213 3289 388 3345 τὴσεις
441 3281 559 3351 δύτ,
602 3286 644 3338 εἰ
691 3289 740 3338 οἱ
790 3288 961 3359 θρόνοι
1004 3292 1094 3338 καὶ
1151 3288 1199 3339 οἱ
1250 3291 1489 3359 στέφανοι
1542 3287 1808 3359 κτίσματά

221 3371 372 3436 εἰσιν,
449 3379 534 3426 xui
622 3379 740 3446 mp".
823 3384 918 3427 τῶν
995 3372 1213 3429 δώδεκα
1288 3378 1477 3448 θρόνων
1565 3384 1654 3428 τοῦ
1743 3376 1806 3428 Ἰ-

224 3459 414 3534 σραήλ.
452 3461 519 3526 ς’.
1740 3464 1808 3518 38

294 3544 419 3613 Περὶ
464 3549 555 3603 τῆς
603 3547 966 3617 χρηστότητος
1022 3552 1110 3598 τοῦ
1165 3552 1401 3618 Χριστοῦ
1430 3549 1561 3618 πρὸς
1603 3548 1689 3597 τόν
1721 3546 1808 3596 ἄν-

216 3630 423 3704 θρωπον
453 3647 465 3659 '
499 3631 708 3703 συνέψει
737 3638 825 3684 καὶ
874 3635 902 3691 ἡ
946 3633 1126 3706 ὁμιλία
1181 3638 1423 3696 ζητήσεις
1467 3640 1555 3687 καὶ
1597 3633 1810 3708 ἀποκρί-

217 3737 324 3780 σεις
355 3723 498 3783 τινὰς
531 3718 730 3794 σχεδόν
762 3721 984 3783 ἀτόπους
1016 3724 1045 3782 ἡ
1071 3728 1318 3795 ματαίας.
1361 3723 1434 3784 ζ’.
1744 3725 1812 3778 42

286 3815 412 3883 Περὶ
483 3819 580 3863 τῶν
630 3811 1018 3883 συμϐαινόντων
1077 3820 1180 3874 τοῖς
1232 3821 1571 3886 Χριστιανοῖς
1618 3813 1811 3884 μεταξὺ
1844 3857 1882 3912 C

209 3906 302 3951 τοῦ
348 3899 515 3972 εὐχὰς
568 3903 856 3966 ποιεῖσθαι,
890 3907 980 3954 xui.
1016 3908 1131 3976 περὶ
1163 3911 1262 3953 τῶν
1288 3908 1484 3975 μέτρων
1514 3911 1609 3964 τῆς
1633 3903 1813 3955 τελειό-

208 4009 382 4054 τητος,
438 3986 648 4048 δηλαδὴ
706 3990 751 4042 εἰ
803 3991 875 4051 εἰς
925 3995 983 4043 τό
1027 3996 1210 4064 μέτρον
1251 3996 1306 4044 τὸ
1346 3992 1531 4044 τέλειον
1562 3995 1815 4066 ἔρχεσθαι

208 4076 465 4131 δύνανται
494 4081 544 4130 οἱ
574 4085 907 4152 Χριστιανοί.
944 4080 1014 4137 η’.
1747 4085 1814 4136 46

274 4171 381 4230 Τὰς
409 4166 728 4238 ἐπαγγελίας
765 4174 854 4220 καὶ
881 4175 1196 4241 προφητείας
1234 4178 1325 4222 τοῦ
1376 4177 1508 4224 Θεοῦ
1540 4166 1633 4222 διὰ
1679 4190 1816 4242 παμ-

204 4256 449 4317 ποικίλης
501 4254 823 4328 δοκιμασίας
873 4263 962 4310 καὶ
1018 4262 1302 4332 πειράσεως
1345 4257 1769 4332 διαπληροῦσθαι
1799 4279 1811 4291 ·

203 4350 294 4397 xui
322 4350 468 4417 μόνῳ
509 4353 582 4415 τῷ
632 4353 745 4416 Θεῷ
776 4355 1289 4421 προσκαρτεροῦντας
1329 4348 1648 4422 λυτροῦσθαι
1680 4349 1816 4420 ἡμᾶς

205 4433 305 4487 ἀπὸ
332 4444 434 4487 τῶν
462 4442 559 4486 τοῦ
583 4444 810 4509 πονηροῦ
830 4439 1136 4510 πειράσεων.
1164 4438 1227 4494 θ’.
1746 4439 1814 4493 49

275 4527 739 4598 Ταπεινοφροσῦνη
791 4531 875 4577 xui
933 4530 1202 4600 προθυμία
1233 4524 1556 4588 διασώζεται
1599 4532 1686 4579 xui
1722 4530 1818 4578 αῦ-

215 4611 354 4675 ξεται
404 4616 471 4666 τὰ
524 4609 669 4686 δῶρα
720 4621 814 4675 τῆς
855 4617 995 4678 θείας
1022 4618 1244 4691 χάριτος
1284 4631 1296 4644 ⁶
1356 4616 1571 4689 ἐπάρσει
1625 4613 1686 4668 δε
1727 4621 1816 4668 καὶ

209 4700 448 4773 ῥᾳθυμίᾳ
482 4700 790 4756 ἀπόλλυται.
826 4703 858 4755 ι’
870 4747 883 4760 ,
1752 4707 1817 4760 54

279 4794 385 4846 Τὴν
440 4787 667 4862 δύναμιν
719 4800 808 4844 τοῦ
853 4792 1007 4865 ἁγίου
1056 4797 1337 4867 πνεύματος
1404 4793 1450 4846 ἐν
1502 4803 1564 4867 τῇ
1621 4791 1816 4867 καρδίᾳ

204 4885 299 4929 τοῦ
354 4876 634 4952 ἀνθρώπου
693 4878 821 4932 εἶναι
871 4884 934 4942 ὡς
991 4891 1092 4956 πῦρ
1129 4905 1141 4917 -
1201 4889 1290 4935 καὶ
1348 4887 1496 4935 τίνων
1544 4883 1817 4956 χρῄζομεν

202 4970 330 5040 πρὸς
362 4972 420 5019 τὸ
479 4963 847 5042 διακρίνεσθαι
901 4975 1017 5031 τοὺς
1068 4971 1356 5045 λογισμοὺς
1397 4975 1446 5024 ἐν
1499 4979 1560 5044 τῇ
1621 4968 1818 5045 καρδίᾳ

201 5054 470 5129 βρῦοντας
511 5073 521 5084 ⁸
548 5062 637 5108 καὶ
667 5064 784 5129 περὶ
829 5066 921 5110 τοῦ
980 5068 1161 5134 νεκροῦ
1195 5065 1351 5133 ὄφεως
1398 5061 1464 5120 εἰς
1501 5065 1556 5112 τὸ
1599 5060 1820 5133 ἀκρότα-

196 5164 282 5197 τον
337 5154 432 5198 τοῦ
519 5144 672 5206 ξύλου
725 5150 869 5220 παρὰ
929 5153 1154 5210 Μωσέως
1221 5154 1708 5222 προσπεπηγμένου,
1765 5149 1818 5210 ὃς

1996 1145 2400 1214 lnterpretatio
2424 1145 2738 1215 allegorica
2758 1148 3003 1203 visionis
3022 1150 3186 1220 apud
3210 1151 3572 1207 Ezechielem

1919 1234 2276 1302 prOphetam
2305 1237 2656 1304 descriptae.
2694 1237 2942 1292 Homilia
2977 1243 3024 1293 1.
3371 1256 3508 1310 pag.
3546 1246 3563 1294 1

1992 1324 2068 1376 De
2095 1338 2280 1389 regno
2314 1325 2712 1384 tenebrarum,
2743 1326 2856 1381 hoc
2885 1335 2972 1381 est
3006 1333 3268 1398 peccato,
3303 1333 3358 1384 et
3389 1332 3572 1384 Deum

1921 1409 2112 1464 solum
2140 1427 2314 1480 posse
2333 1431 2366 1466 a
2391 1412 2564 1467 nobis
2592 1422 2901 1482 peccatum
2925 1416 3178 1479 auferre,
3203 1434 3271 1471 ac
3300 1433 3408 1472 nos
3434 1417 3577 1472 libe-

1920 1513 2051 1553 rare
2078 1514 2108 1553 e
2130 1499 2276 1569 jugo
2311 1503 2609 1556 servitutis
2641 1503 2924 1575 principis
2953 1507 3325 1576 nequissimi.
3358 1511 3410 1560 2.
3512 1510 3574 1562 l0

1993 1675 2162 1738 Quod
2221 1675 2428 1730 fratres
2479 1677 2536 1730 in
2591 1677 2942 1742 sinceritate,
2992 1679 3390 1749 simplicitate,
3430 1681 3572 1737 dile-

1919 1761 2111 1816 ctione
2145 1779 2213 1817 ac
2246 1780 2390 1834 pace
2433 1765 2579 1818 inter
2606 1783 2666 1819 se
2705 1769 3069 1831 conversari,
3103 1785 3174 1823 ac
3204 1770 3578 1840 cogitationi-

1919 1849 2031 1905 bus
2058 1851 2305 1906 internis
2335 1852 2553 1907 bellum
2591 1853 2802 1909 inferre
2829 1855 3109 1912 debeant.
3139 1858 3194 1910 3.
3513 1864 3575 1916 13

1992 2031 2243 2084 Cursum
2284 2031 2456 2085 stadii
2501 2031 2678 2101 hujus
2711 2033 2916 2088 mundi
2959 2039 3176 2090 attente
3207 2043 3258 2090 el
3301 2042 3575 2092 accurate

1917 2117 2226 2172 absolvere
2258 2126 2489 2189 oportet
2519 2120 2902 2191 Christianos,
2941 2130 3000 2178 ut
3031 2124 3284 2180 caeleste
3325 2141 3577 2196 praeco-

1918 2206 2085 2261 nium
2120 2223 2155 2262 a
2188 2210 2303 2264 Deo
2331 2215 2384 2263 et
2415 2209 2646 2278 angelis
2678 2218 3145 2282 consequantur.
3178 2216 3232 2268 4.
3507 2213 3571 2268 16

1987 2385 2196 2453 Magna
2237 2382 2571 2439 differentia
2611 2383 2759 2440 inter
2797 2385 3166 2442 Christianos
3207 2392 3262 2442 et
3300 2387 3576 2444 homines

1916 2472 2094 2526 huius
2133 2471 2372 2527 saeculi.
2410 2473 2470 2526 Hi
2502 2473 2659 2528 enim
2693 2475 2898 2544 spiritu
2933 2476 3137 2530 mundi
3172 2476 3422 2546 praediti
3451 2477 3577 2532 ani-

1921 2577 2020 2615 mo
2062 2567 2231 2615 tenus
2272 2577 2340 2616 ac
2385 2563 2562 2616 corde
2605 2564 2983 2619 terrestribus
3026 2564 3278 2620 vinculis
3316 2565 3578 2622 devincti

1918 2656 2079 2716 sunt,
2121 2650 2199 2704 illi
2253 2667 2390 2705 vero
2430 2650 2740 2706 dilectione
2778 2652 3046 2709 caelestis
3106 2657 3290 2726 patris
3330 2655 3576 2720 detenti,

1917 2755 2055 2794 eum
2099 2739 2291 2795 solum
2326 2739 2404 2794 ob
2451 2740 2654 2796 oculos
2689 2741 2746 2795 in
2777 2744 2940 2797 omni
2991 2742 3286 2800 desiderio
3327 2744 3574 2800 habent.

1920 2834 1970 2886 5.
3509 2834 3570 2888 31

1993 2918 2098 2982 Qui
2145 2920 2260 2972 lleo
2301 2917 2534 2988 placere
2576 2918 2848 2989 cupiunt,
2892 2936 3096 2990 preces
3137 2938 3277 2976 suas
3306 2921 3364 2976 in
3405 2937 3576 2993 pace,

1921 3005 2360 3078 tranquillitate,
2411 3007 2877 3062 mansuetudine
2917 3025 2985 3063 ac
3045 3009 3337 3080 sapientia
3386 3009 3576 3066 facere

1918 3095 2157 3159 debent,
2193 3111 2265 3149 ne
2308 3096 2504 3150 minus
2531 3095 2882 3151 decentibus
2914 3097 3276 3153 clamoribus
3308 3100 3415 3164 usi,
3452 3115 3578 3154 om-

1919 3185 2095 3239 nibus
2129 3183 2479 3238 scandalum
2519 3189 2526 3250 |
2562 3185 2817 3256 pariant.
2853 3185 3122 3240 Continet
3162 3202 3301 3242 vero
3328 3186 3577 3244 homilia

1919 3273 2070 3329 duas
2109 3273 2511 3346 quaestiones,
2559 3279 2754 3328 utrum
2800 3274 2993 3329 throni
3024 3280 3079 3329 et
3117 3291 3375 3331 coronae
3413 3293 3577 3333 crea-

1920 3365 2084 3417 turae
2118 3364 2254 3426 sint,
2285 3366 2338 3416 et
2367 3361 2440 3415 de
2467 3361 2786 3417 duodecim
2818 3361 3044 3418 thronis
3075 3361 3272 3418 Israel.
3305 3363 3357 3419 6.
3511 3367 3576 3421 38

1997 3542 2071 3594 De
2125 3539 2440 3594 clementia
2493 3539 2698 3595 Christi
2759 3555 2899 3609 erga
2952 3539 3266 3609 homines;
3317 3542 3578 3601 continet

1922 3629 2102 3684 etiam
2170 3628 2418 3684 homilia
2483 3629 2974 3701 interrogationes
3035 3636 3090 3685 et
3156 3633 3578 3703 responsiones

1923 3717 2220 3790 quasdam
2256 3717 2436 3772 ferme
2469 3718 2700 3790 ineptas
2741 3724 2840 3774 aut
2867 3717 3132 3774 frivolas.
3165 3723 3218 3776 7.
3511 3724 3576 3778 42

2000 3810 2075 3860 De
2087 3807 2178 3861 his
2196 3822 2350 3877 quae
2367 3808 2722 3876 contingunt
2737 3807 3078 3862 Christianis
3093 3809 3243 3866 inter
3255 3810 3576 3878 orandum,

1933 3900 1986 3950 et
2039 3895 2112 3949 de
2152 3895 2438 3964 gradibus
2492 3896 2889 3966 perfectionis,
2946 3903 3142 3952 utrum
3193 3899 3462 3955 videlicet
3501 3899 3579 3956 ad

1923 3986 2252 4055 perfectum
2302 3985 2556 4053 gradum
2607 3985 2914 4056 pervenire
2968 3987 3201 4057 possint
3245 3987 3578 4044 Christiani.

1925 4074 1977 4127 8.
3511 4077 3578 4131 46

1996 4162 2422 4217 Promissiones
2453 4177 2521 4217 ac
2571 4161 2921 4234 prophetias
2961 4163 3196 4219 divinas
3228 4179 3334 4237 per
3383 4165 3580 4222 varias

1923 4251 2308 4323 probationes
2366 4256 2421 4306 et
2473 4252 2824 4307 teutationes
2875 4251 3127 4323 impleri,
3187 4258 3242 4308 et
3296 4253 3403 4310 soli
3464 4257 3581 4310 Deo

1925 4340 2310 4396 adhaerendo
2353 4340 2589 4396 liberari
2630 4356 2742 4396 nos
2792 4340 2870 4396 ab
2916 4340 3393 4398 infestationibus
3438 4343 3583 4400 dae-

1929 4430 2144 4486 monis.
2180 4434 2232 4484 9.
3513 4437 3580 4488 49

1998 4518 2334 4573 Humilitate
2381 4523 2432 4574 et
2489 4517 2791 4574 alacritate
2822 4520 3147 4575 retinentur
3190 4525 3246 4576 et
3285 4527 3582 4590 augentur

1925 4607 2087 4662 dona
2123 4608 2345 4677 gratiae
2381 4608 2640 4672 divinae,
2683 4609 2967 4679 superbia
3002 4615 3202 4664 autem
3246 4615 3300 4665 et
3337 4609 3580 4679 ignavia

1924 4697 2275 4767 perduntur.
2311 4697 2398 4751 10.
3513 4703 3582 4755 54

1996 4787 2281 4841 Virtutem
2314 4787 2503 4841 sancti
2530 4786 2782 4857 Spiritus
2814 4786 2872 4841 in
2895 4787 3073 4842 corde
3103 4786 3365 4843 hominis
3391 4805 3452 4844 se
3477 4788 3582 4845 ha-

1928 4875 2064 4931 bere
2103 4877 2291 4930 instar
2323 4876 2492 4944 ignis.
2529 4882 2583 4929 et
2623 4875 2845 4942 quibus
2878 4875 3055 4930 rebus
3088 4876 3467 4948 indigeamus
3502 4878 3580 4934 ad

1926 4964 2386 5019 discernendum
2405 4964 2796 5035 cogitationes
2820 4963 2876 5017 in
2896 4965 3073 5019 corde
3095 4967 3500 5031 scaturientes,
3528 4971 3582 5021 et

1928 5053 2000 5107 de
2033 5057 2306 5124 serpente
2341 5059 2578 5107 mortuo
2610 5053 2686 5107 ad
2728 5052 3158 5109 sublimitatem
3189 5053 3331 5124 ligni
3363 5071 3398 5110 a
3425 5057 3581 5111 Mose

1929 5141 2109 5197 afﬁxo
2130 5143 2231 5213 qui
2249 5149 2424 5212 typus
2448 5141 2551 5195 fuit
2574 5141 2807 5196 Christi.
2839 5142 3107 5197 Continet
3126 5158 3368 5216 quoque
3385 5143 3584 5199 homi-

198 5239 356 5296 τύπος
397 5235 604 5306 ἐγένετο
657 5243 749 5287 τοῦ
801 5243 1057 5309 Χριστοῦ.
1111 5243 1317 5311 συνέχει
1377 5245 1466 5291 καὶ
1641 5237 1815 5309 ὁμιλία

1941 5233 2005 5286 lio
2032 5209 2465 5301 disputationes
2496 5230 2668 5295 duas,
2705 5247 2886 5285 unam
2918 5209 3161 5302 quidem
3196 5209 3404 5287 Christi
3445 5249 3582 5288 cum

204 5319 599 5395 διαλογισμοὺς
654 5319 750 5376 δύο
785 5343 796 5354 ·
847 5326 1012 5399 ἕτερον
1046 5331 1135 5400 μεν
1165 5335 1398 5401 Χριστοῦ
1429 5331 1559 5400 μετὰ
1595 5335 1686 5379 τοῦ
1727 5345 1816 5378 πο-

199 5421 360 5485 νηροῦ
414 5417 642 5482 σατανᾶ,
678 5415 889 5486 θάτερον
940 5412 998 5468 δὲ
1043 5425 1143 5468 τῶν
1175 5415 1488 5492 ἁμαρτωλῶν
1547 5421 1676 5488 μετὰ
1726 5423 1818 5468 τοῦ

204 5501 388 5556 αὐτοῦ.
428 5499 523 5554 ια’.
1753 5505 1817 5558 5'7

270 5587 400 5654 Περὶ
447 5588 543 5643 τῆς
585 5581 816 5644 στάσεως
861 5591 953 5637 τοῦ
1000 5582 1179 5658 Ἀδὰμ
1235 5589 1336 5658 πρὸ
1379 5594 1468 5639 τοῦ
1523 5583 1822 5660 παραϐῆναι

201 5669 357 5724 αὐτόν
387 5674 485 5728 τὴν
517 5669 725 5729 ἐντολὴν
754 5680 848 5725 τοῦ
899 5681 1034 5728 Θεοῦ
1067 5692 1078 5704 ·
1113 5679 1203 5728 καὶ
1247 5676 1378 5747 μετὰ
1420 5679 1477 5728 τὸ
1514 5676 1668 5730 αὐτὸν
1697 5674 1823 5728 ἀπο-

1931 5320 2297 5392 nequissimo
2330 5325 2560 5384 satana,
2590 5319 2838 5376 alteram
2866 5336 3006 5377 vero
3033 5329 3410 5393 peccatorum
3445 5337 3583 5377 cum

1931 5410 2163 5465 eodem.
2203 5413 2280 5463 tl.
3513 5410 3580 5463 57

2004 5585 2082 5641 De
2097 5589 2251 5640 statu
2266 5585 2450 5652 Adae,
2468 5591 2792 5658 antequam
2809 5585 3322 5657 transgrederetur
3336 5586 3588 5644 manda-

1935 5681 2062 5732 tum
2081 5673 2202 5741 Dei,
2221 5681 2277 5731 et
2292 5679 2615 5750 postquam
2636 5676 2834 5733 amisit
2855 5677 3163 5750 propriam
3177 5690 3248 5734 ac
3271 5671 3586 5732 caelestem
