4092 6252
529 272 635 331 319

1438 265 1840 325 PRAEFATIO
1895 264 1990 320 AD
2040 263 2432 321 EDITIONEM
2494 265 2608 320 AN.
2655 264 2969 324 MDCXXII

3757 270 3858 327 320

512 396 857 465 imaginem.
877 396 1395 465 Continetquoque
1407 392 1653 448 homilia
1665 390 1964 463 quasdam
1978 403 2134 460 quae

2269 388 2415 441 λέσαι
2445 395 2534 442 καὶ
2562 394 2648 449 τὴν
2701 387 2841 443 ἰδίαν
2880 390 3055 444 εἰκόνα
3091 396 3180 445 καὶ
3222 397 3315 451 τὴν
3345 394 3648 466 ἐπουράνιον
3690 416 3701 428 -
3737 415 3858 446 συν-

512 485 734 542 stiones
761 484 1009 540 omnino
1041 483 1235 539 utiles.
1266 484 1352 537 12.
2092 481 2159 532 65

584 682 772 746 Quem
796 680 1054 735 fructum
1082 694 1115 733 a
1140 675 1483 733 Christianis
1508 677 1658 730 Deus
1684 674 1900 743 exigat.
1929 677 2012 728 l3.
2089 673 2157 727 74

583 878 689 944 Qui
730 875 1120 945 cogitationes
1150 888 1219 927 ac
1246 875 1507 927 mentem
1549 871 1667 925 Deo
1698 870 2001 937 dedicant,
2041 870 2158 926 hoc

510 966 621 1021 sub
648 981 753 1036 spe
783 960 1317 1018 illuminandorum
1344 959 1655 1014 oculorum
1688 959 1884 1013 cordis
1912 959 2153 1023 faciunt,

506 1070 575 1111 ac
617 1056 768 1109 Deus
818 1050 1165 1107 huiusmodi
1202 1050 1262 1104 in
1306 1064 1542 1104 summa
1582 1062 1689 1103 san
1725 1049 1733 1118 |
1769 1048 2050 1103 ctimonia
2088 1063 2157 1102 ac

504 1144 760 1216 puritate
811 1140 1109 1213 mysteriis
1158 1138 1374 1206 dignos
1423 1141 1675 1208 reputat.
1726 1152 1794 1191 ac
1838 1137 2158 1208 participes

503 1232 644 1288 facit
668 1233 800 1287 illos
826 1230 1049 1301 gratiae
1068 1243 1231 1282 suae.
1249 1226 1519 1299 Quidque
1540 1226 1701 1281 bona
1724 1225 1999 1281 caelestia
2021 1241 2157 1280 con-

505 1322 763 1376 secuturi
789 1335 962 1391 agere
992 1318 1344 1373 debeamus.
1366 1315 1628 1370 Tandem
1655 1313 1916 1385 Apostoli
1950 1319 2005 1369 et
2026 1330 2158 1385 pro-

505 1410 717 1481 phetae
745 1408 1149 1464 assimilantur
1175 1406 1353 1460 radiis
1380 1404 1677 1459 solaribus
1703 1420 1808 1474 per
1834 1404 2153 1458 fenestram

503 1499 804 1567 ingressis.
834 1501 1006 1552 Docet
1036 1510 1274 1567 quoque
1300 1494 1565 1557 homilia,
1594 1508 1751 1563 quae
1784 1493 1856 1547 sit
1886 1500 2035 1547 terra
2068 1508 2158 1546 sa-

504 1593 679 1643 tanae
702 1594 926 1658 etquae
948 1586 1318 1656 angelorum,
1345 1591 1399 1638 et
1424 1583 1587 1654 quod
1611 1588 1860 1655 utraque
1886 1598 1994 1637 nec
2020 1597 2156 1637 con-

504 1677 736 1732 trectari
769 1691 876 1730 nec
907 1675 1088 1729 videri
1117 1674 1321 1745 possit.
1360 1675 1441 1727 14.
2087 1676 2155 1725 75

578 1768 753 1820 Docet
779 1764 1026 1820 homilia
1052 1763 1200 1818 haec
1232 1762 1480 1833 prolixe,
1511 1777 1632 1832 quo
1660 1765 1837 1832 pacto
1863 1761 2067 1816 anima
2093 1760 2150 1814 in

503 1853 1115 1917 sanctitate,castitate
1138 1868 1206 1906 ac
1229 1852 1481 1923 puritate
1499 1866 1641 1919 erga
1662 1865 1953 1920 sponsum
1976 1866 2151 1904 suum

503 1944 796 1999 Christum
821 1944 1050 2006 Jesum,
1080 1944 1448 1997 Servatorem
1474 1939 1703 2003 mundi,
1733 1954 1794 1994 se
1825 1954 2027 2010 gerere
2054 1938 2154 1993 de-

505 2032 661 2088 beat.
696 2033 959 2087 Continet
999 2046 1136 2085 vero
1167 2029 1468 2100 quasdam
1500 2028 1883 2100 quaestiones
1914 2043 2152 2081 summa

499 2121 773 2176 doctrina
798 2120 1059 2183 refertas,
1088 2118 1373 2182 videlicet,
1405 2122 1599 2171 utrum
1631 2116 1689 2171 in
1728 2116 2151 2171 resurrectione

500 2210 705 2264 omnia
727 2209 996 2263 membra
1014 2214 1347 2274 resurgant,
1370 2211 1425 2259 et
1444 2205 1592 2260 alias
1615 2205 1876 2260 inﬁnitas
1897 2205 1970 2259 de
1992 2205 2146 2271 vitio,

500 2298 573 2353 de
601 2298 809 2367 gratia,
841 2298 915 2352 de
948 2296 1217 2352 libertate
1248 2294 1477 2350 arbitrii
1516 2298 1575 2349 et.
1600 2294 1887 2363 dignitate
1919 2295 2151 2363 generis

498 2385 769 2442 humani.
813 2392 891 2442 15.
2080 2387 2149 2439 78

572 2474 915 2547 Spirituales
942 2473 1217 2529 homines
1246 2472 1537 2527 obnoxios
1568 2487 1693 2527 esse
1725 2471 2149 2527 tentationibus

498 2569 677 2635 atque
710 2562 1130 2618 afﬂictionibus
1172 2577 1239 2616 ex
1274 2562 1467 2633 primo
1498 2566 1743 2632 peccato
1774 2561 2147 2616 scaturienti-

496 2651 630 2707 bus.
670 2654 751 2706 16.
2050 2653 2145 2705 103

570 2753 647 2805 De
670 2750 958 2821 spirituali
987 2749 1454 2804 Christianorum
1482 2748 1757 2803 unctione
1783 2751 1837 2803 et
1860 2747 2068 2817 gloria,
2093 2753 2147 2803 et

496 2839 659 2910 quod
696 2839 927 2912 absque
971 2839 1195 2895 Christo
1236 2837 1450 2893 salvari
1489 2843 1591 2893 aut
1621 2838 1799 2893 vitam
1839 2844 2142 2893 aeternam

494 2929 778 3000 consequi
802 2926 1169 2999 impossibile
1205 2928 1297 2982 sit.
1334 2933 1412 2983 l7.
2046 2931 2143 2982 110

567 3019 642 3072 De
684 3017 959 3073 thesauro
999 3016 1489 3086 Christianorum,
1521 3015 1791 3071 videlicet
1823 3016 2046 3071 Christo
2084 3020 2144 3070 et

493 3106 710 3177 Spiritu
739 3114 964 3173 sancto,
998 3108 1174 3164 variis
1208 3106 1402 3162 modis
1432 3110 1740 3162 exercente
1771 3121 1872 3162 eos
1898 3106 1973 3162 ad
2008 3121 2141 3176 per-

485 3194 802 3251 fectionem
836 3196 1300 3268 assequendam.
1342 3199 1422 3252 18.
2037 3199 2135 3248 H7

556 3292 865 3348 Christiani
897 3292 1182 3365 proﬁcere
1217 3299 1273 3348 et
1301 3308 1563 3348 crescere
1593 3292 1874 3357 volentes,
1916 3291 2137 3347 debent

486 3396 550 3436 se
590 3382 641 3435 vi
669 3382 1024 3453 compellere
1064 3383 1140 3437 ad
1167 3397 1345 3437 omne
1377 3382 1434 3436 id
1474 3382 1638 3454 quod
1664 3381 1893 3436 bonum
1924 3386 2030 3445 est,
2076 3385 2135 3436 ut

483 3468 808 3525 liberentur
828 3471 905 3526 ab
928 3470 1295 3526 inbabitante
1315 3477 1577 3542 peccato,
1601 3475 1658 3526 et
1683 3470 1901 3541 Spiritu
1925 3474 2134 3527 sancto

483 3556 841 3629 repleantur.
873 3560 958 3615 19.
2036 3564 2134 3615 122

556 3644 725 3703 Solus
740 3648 1026 3714 Christus,
1053 3665 1225 3704 verus
1246 3648 1511 3703 medicus
1535 3647 1827 3704 interioris
1846 3648 2131 3715 hominis,

483 3748 695 3792 sanare
720 3742 910 3809 potest
935 3739 1222 3804 animam,
1254 3753 1509 3810 eamque
1540 3735 1887 3795 vestimento
1912 3739 2135 3808 gratiae

482 3842 626 3882 suae
652 3843 962 3884 exornare.
989 3832 1079 3885 20.
2040 3834 2131 3884 127

553 3925 882 3982 Christiano
920 3927 1149 3983 homini
1179 3925 1401 3998 duplex
1434 3925 1726 3982 incumbit
1766 3926 2009 3995 bellum,
2044 3929 2134 3983 in-

482 4018 713 4071 ternum
770 4016 1036 4072 videlicet
1088 4022 1143 4072 et
1195 4022 1543 4082 externum;
1601 4016 1711 4071 hoc
1769 4018 2011 4088 quidem
2072 4017 2131 4071 in

476 4120 608 4160 rece
640 4106 650 4175 |
683 4105 883 4161 dendo
909 4122 1045 4161 eum
1087 4122 1121 4162 a
1151 4106 1635 4161 distractionibus
1684 4107 1943 4175 terrenis,
1987 4106 2129 4161 illud

478 4208 620 4248 vero
642 4194 699 4247 in
723 4195 898 4250 corde
921 4195 1204 4250 adversus
1229 4195 1615 4264 cogitationes
1638 4194 1957 4266 spirituum
1986 4195 2131 4266 [ma-

476 4280 720 4356 lorum].
752 4287 837 4338 21.
2032 4287 2131 4340 130

549 4373 628 4425 De
669 4369 890 4443 duplici
935 4377 1089 4429 statu
1127 4388 1357 4438 eorum,
1400 4373 1502 4445 qui
1536 4388 1607 4428 ex
1646 4371 1759 4428 hac
1797 4373 1924 4428 vita
1954 4373 2131 4429 dece-

477 4456 645 4513 dunt.
682 4464 769 4515 22.
2034 4462 2128 4518 133

550 4558 594 4622 Q
605 4557 818 4613 uemad
827 4559 965 4614 mod
974 4574 1073 4613 um
1086 4559 1313 4628 regiam
1330 4576 1399 4615 ac
1412 4558 1729 4631 pretiosam
1744 4560 2129 4631 margaritam

480 4652 709 4717 gestare
749 4647 945 4703 solum
988 4653 1259 4716 possunt,
1296 4648 1399 4721 qui
1429 4665 1501 4703 ex
1538 4650 1701 4718 regio
1732 4652 1960 4705 semine
1996 4656 2133 4704 sunt

482 4736 739 4805 pronati,
758 4736 971 4791 eodem
996 4736 1177 4792 modo
1199 4739 1511 4793 caelestem
1530 4740 1917 4810 margaritam
1936 4737 2132 4794 solum

484 4821 621 4877 ﬁliis
655 4824 750 4879 Dei
783 4830 1012 4894 gestare
1043 4824 1194 4881 licet.
1226 4829 1314 4881 23.
2037 4828 2132 4882 134

548 5001 746 5056 Status
791 5000 1252 5057 Christianorum
1296 5001 1511 5058 similis
1551 5009 1636 5058 est
1676 5010 2042 5062 mercaturae
2073 5013 2133 5065 et

473 5088 938 5146 fermentationi.
965 5090 1211 5146 Perinde
1232 5093 1389 5145 enim
1419 5108 1488 5147 ac
1518 5099 1876 5149 mercatores
1900 5101 2132 5153 terrena

475 5178 1056 5245 accumulantlucra,
1073 5181 1155 5235 sic
1172 5179 1251 5235 illi
1265 5180 1566 5250 dispersas
1582 5197 1680 5252 per
1692 5182 1804 5238 hoc
1821 5185 2127 5241 saeculum

470 5269 888 5339 cogitationes.
917 5271 979 5324 Et
1005 5269 1523 5340 quemadmodum
1556 5270 1912 5328 fermentum
1945 5279 2126 5331 totam

474 5374 748 5413 massam
769 5358 959 5413 reddit
980 5358 1417 5424 fermentatam,
1436 5360 1517 5414 sic
1531 5360 1886 5417 fermentum
1906 5367 2130 5433 peccati

473 5448 823 5504 universum
866 5464 1056 5517 genus
1093 5448 1255 5503 Adae
1282 5451 1587 5519 percurrit.
1627 5451 1838 5506 Verum
1871 5451 2129 5508 Christus

472 5536 728 5595 caeleste
765 5537 1053 5597 bonitatis
1084 5536 1446 5595 fermentum
1485 5537 1764 5595 ﬁdelibus
1796 5541 2014 5597 animis
2041 5544 2132 5598 in-

476 5626 689 5686 fundit.
723 5630 809 5685 24.
2030 5634 2129 5687 136

2268 480 2381 548 ἔχει
2425 483 2514 531 καὶ
2564 481 2593 537 ἡ
2657 479 2838 551 ὁμιλία
2879 483 3127 543 ζητήσεις
3175 484 3319 545 τινὰς
3373 485 3506 535 πάνυ
3557 483 3859 556 ὠφελίμους.

2270 563 2345 637 ιβ’
2353 607 2365 619 .
3797 573 3863 629 65

2336 671 2429 725 ’ον
2487 677 2684 746 καρπόν
2734 674 2928 748 ἂπαιτῇ
2958 678 2983 727 ό
3027 678 3155 737 Θεὸς
3180 678 3325 751 παρὰ
3349 685 3445 731 τῶν
3484 686 3813 751 Χριστιανῶν
3846 702 3859 715 -

2270 759 2359 830 ιγ’.
3795 771 3863 825 74

2339 871 2405 921 Οἱ
2435 874 2556 932 τοὺς
2584 870 2868 944 λογισμοὺς
2895 876 2985 924 καὶ
3017 876 3104 925 τόν
3134 880 3250 925 νοῦν
3276 882 3346 945 τῷ
3387 882 3501 945 Θεῷ
3519 872 3857 943 ἕπιδίδοντες,

2266 958 2404 1009 τοῦτ’
2456 956 2535 1010 ἐπ’
2587 957 2739 1012 έλπίδ
2745 981 2761 1011 ι
2789 968 2878 1013 τοῦ
2933 964 3259 1033 φωτισθῆναι
3293 966 3408 1024 τοὺς
3443 963 3741 1036 ὀφθαλμοὺς
3776 974 3865 1028 τῆς

2266 1043 2488 1119 καρδίας
2515 1056 2749 1115 ποιοῦσι,
2781 1054 2869 1101 καὶ
2900 1051 2924 1101 ό
2957 1054 3085 1111 Θεὸς
3113 1054 3379 1114 τοιούτους
3413 1052 3461 1105 ἐν
3492 1052 3735 1125 ἁγιότητι
3776 1060 3863 1108 καὶ

2267 1138 2587 1210 καθαρότητι
2635 1142 2645 1206 |
2696 1143 2919 1211 μεγίστῃ
2948 1145 3253 1214 μυστηρίων
3271 1139 3426 1207 ἀξιοῖ,
3456 1146 3546 1195 καὶ
3568 1140 3861 1214 μεταδίδως

2269 1244 2351 1276 σιν
2382 1227 2555 1288 αὐτοῖς
2576 1226 2633 1279 ἐκ
2659 1235 2755 1290 τῆς
2783 1231 3003 1301 χάριτός
3034 1228 3194 1282 αὐτοῦ
3226 1250 3238 1263 ·
3275 1234 3365 1282 καὶ
3394 1235 3448 1284 τί
3480 1229 3687 1304 ἀγαθῶν
3720 1232 3866 1286 ἔπου-

2265 1320 2452 1387 ρανίων
2502 1324 2684 1387 τυχεῖν
2734 1316 3041 1389 βουλόμενοι
3071 1316 3234 1370 ποιεῖν
3273 1318 3537 1391 ὀφείλομεν
3575 1336 3587 1348 '
3619 1321 3865 1374 λοιπόνοὶ

2265 1402 2545 1456 ἀπόστολοι
2578 1411 2667 1457 καὶ
2696 1408 2744 1457 οἱ
2785 1415 3051 1478 προφῆται
3082 1405 3453 1479 ἀφομοιοῦνται
3495 1417 3611 1472 ταῖς
3656 1400 3863 1463 ἀκτῖσιν

2266 1492 2414 1549 ἡλίου
2448 1492 2540 1546 διὰ
2572 1491 2782 1567 θυρίδος
2811 1496 3201 1569 εἰσερχομέναις
3232 1512 3243 1526 ⁸
3280 1494 3531 1550 διδάσκει
3560 1503 3647 1551 καὶ
3680 1502 3710 1557 ἡ
3754 1502 3864 1573 όμι-

2264 1581 2369 1647 λία,
2401 1587 2478 1644 τίς
2508 1585 2537 1641 ἡ
2607 1593 2673 1655 γῆ
2723 1592 2814 1636 τοῦ
2857 1591 3075 1650 σατανᾶ,
3108 1590 3197 1637 καὶ
3239 1590 3318 1647 τίς
3370 1595 3469 1638 τῶν
3497 1585 3746 1660 ἀγγέλων,
3781 1594 3864 1642 καὶ

2266 1672 2345 1722 ὅτι
2376 1671 2640 1745 ἀμφοτέρα
2669 1673 3010 1746 ἁψηλάφητος
3041 1679 3127 1726 καὶ
3162 1673 3383 1748 ἀόρατος
3412 1695 3425 1707 ·
3461 1673 3555 1728 ιδ’.
3796 1684 3861 1734 ’75

2336 1758 2585 1815 Διδάσκει
2611 1763 2742 1819 αὕτη
2777 1764 2806 1821 ἡ
2839 1762 3019 1835 ὁμιλία
3072 1759 3166 1815 διὰ
3211 1763 3432 1832 πολλῶν,
3482 1773 3593 1826 πῶς
3638 1771 3732 1825 τὴν
3757 1767 3861 1838 ψυ-

2262 1856 2370 1922 χὴν
2420 1850 2467 1903 ἐν
2499 1852 2741 1923 ἁγιότητι
2788 1857 2876 1905 καὶ
2930 1853 3175 1923 ἁγνότητι
3225 1858 3315 1905 καὶ
3362 1856 3683 1927 καθαρότητι
3734 1861 3863 1930 πρὸς

2262 1942 2347 1991 τόν
2377 1946 2593 2013 νυμφίον
2650 1942 2809 2001 αὐτῆς
2864 1946 3096 2013 Χριστὸν
3132 1942 3336 1999 Ἰησοῦν
3376 1946 3463 1995 τόν
3521 1952 3737 2018 σωτῆρα
3770 1952 3860 1997 τοῦ

2262 2032 2463 2100 κόσμου
2517 2034 2627 2104 χρὴ
2685 2026 2990 2082 διακεῖσθαι
3025 2048 3037 2060 ·
3070 2034 3283 2102 συνέχει
3323 2028 3383 2083 δέ
3430 2051 3570 2092 τινας
3601 2032 3855 2095 ζητησεις

2261 2117 2448 2178 πολλῆς
2476 2114 2827 2180 διδασκαλίας
2855 2123 3139 2190 γεμούσας,
3183 2116 3392 2177 δηλαδὴ
3434 2121 3477 2173 εἰ
3507 2119 3555 2173 ἓν
3585 2129 3647 2194 τῇ
3698 2120 3862 2175 ἀνασ-

2260 2208 2412 2258 τάσει
2447 2206 2538 2259 ὄλα
2567 2210 2633 2259 τὰ
2662 2208 2788 2280 με’λη
2823 2206 3128 2260 ἀνίστανται
3163 2230 3173 2273 ;
3209 2213 3300 2260 καὶ
3327 2208 3483 2271 α’λλας
3525 2216 3715 2283 μυρίας
3742 2217 3860 2286 περὶ

2259 2302 2351 2346 τοῦ
2407 2304 2571 2347 κακοῦ
2618 2296 2710 2348 καὶ
2754 2304 2844 2357 τῆς
2875 2298 3102 2371 χάριτος
3134 2301 3224 2349 καὶ
3268 2305 3357 2349 τοῦ
3401 2297 3738 2361 αύτεξουσίου
3770 2306 3859 2353 καὶ

2260 2392 2356 2446 τῆς
2381 2384 2648 2447 ἁξιότητος
2673 2393 2763 2438 τοῦ
2788 2390 2962 2457 γένους
2987 2394 3085 2438 τῶν
3116 2384 3394 2459 ἀνθρώπων
3420 2408 3432 2420 ·
3469 2386 3545 2442 ιε’.
3766 2390 3856 2444 78.

2327 2477 2461 2536 Τοὺς
2542 2479 2922 2546 πνευματικοὺς
2988 2473 3286 2547 ἀνθρωπους
3360 2478 3676 2530 ὑποκεῖσθαι
3752 2487 3860 2539 τοίς

2258 2561 2569 2637 πειρασμοῖς
2632 2568 2722 2616 καὶ
2776 2563 2985 2634 θλίψεσι
3040 2562 3151 2625 ταῖς
3202 2562 3257 2615 ἐκ
3323 2570 3531 2638 πρώτης
3598 2566 3859 2641 ἁμαρτίας

2258 2649 2548 2724 βρυούσαις
2582 2669 2594 2682 ·
2627 2672 2684 2716 ις
2712 2669 2724 2681 ’
3761 2658 3859 2712 103

2329 2755 2453 2823 Περὶ
2500 2758 2596 2811 τῆς
2656 2757 3010 2821 πνευματικῆς
3078 2759 3178 2802 τῶν
3237 2758 3567 2823 Χριστιανῶν
3624 2756 3857 2828 χρίσεως

2254 2844 2340 2891 καὶ
2392 2835 2566 2903 δόξης,
2615 2844 2704 2891 καὶ
2747 2840 2827 2890 ὅτι
2884 2840 3001 2890 ἄνευ
3054 2846 3291 2911 Χριστοῦ
3324 2843 3558 2900 σωθῆναι
3614 2842 3644 2900 ἣ
3716 2843 3853 2904 ζωῆς

2255 2927 2460 2981 αἰωνίου
2490 2932 2717 3000 μέτοχον
2742 2930 2982 2999 γίνεσθαι
3022 2925 3278 2981 ἀδύνατόν
3310 2928 3422 2982 ἐστι
3456 2929 3569 2991 ἰζ’
3753 2934 3846 2987 110

2326 3022 2450 3091 Περὶ
2499 3024 2591 3069 τοῦ
2644 3019 2913 3091 θησαυροῦ
2949 3024 3046 3068 τῶν
3093 3025 3448 3090 Χριστιανῶν,
3501 3015 3710 3078 δηλαδὴ
3761 3026 3852 3071 τοῦ

2251 3112 2485 3179 Χριστοῦ
2526 3111 2615 3157 καὶ
2671 3124 2957 3177 πνευματος
3012 3105 3187 3177 ἁγίου,
3243 3103 3509 3179 διαφόρως
3566 3106 3851 3169 ἀσκουντος

2250 3194 2440 3256 αὐτοὺς
2464 3198 2592 3266 πρὸς
2615 3196 2673 3245 τό
2704 3196 2903 3266 φθάσαι
2935 3194 3009 3256 εἰς
3037 3195 3471 3253 τὴντελειότητα.
3508 3195 3599 3255 ιη’.
3755 3202 3852 3253 117

2319 3295 2384 3345 Οἱ
2414 3297 2726 3367 Χριστιανοὶ
2759 3296 3067 3366 προκόπτειν
3101 3298 3190 3345 καὶ
3239 3293 3555 3357 αὐξάνεσθαι
3598 3293 3855 3368 βουλόμε·

2244 3402 2324 3435 νοι
2354 3382 2643 3455 ὀφείλουσιν
2674 3382 2888 3441 ἑαυτοὺς
2928 3381 3213 3453 βιάζεσθαι
3244 3386 3372 3457 πρὸς
3408 3390 3506 3436 πᾶν
3537 3387 3595 3436 τὸ
3629 3382 3849 3457 ἀγαθόν,

2245 3474 2379 3524 ὥστε
2406 3471 2727 3546 λυτροῦσθαι
2783 3470 2971 3533 αὐτοὺς
3028 3470 3128 3524 ἀπὸ
3176 3480 3268 3533 τῆς
3334 3472 3635 3536 ἐνοικούσης
3680 3473 3859 3549 ἁμαρ-

2244 3565 2379 3627 τίας,
2406 3564 2499 3613 καὶ
2531 3562 2821 3633 πνεύματός
2853 3559 3005 3631 ἁγίου
3036 3560 3388 3634 πληροῦσθαι.
3419 3561 3512 3620 ιϐ’.
3749 3565 3857 3620 122

2314 3655 2479 3710 Μόνος
2518 3651 2543 3701 ό
2597 3654 2848 3722 Χριστός,
2892 3650 2918 3701 ό
2968 3648 3210 3712 ἀληθινὸς
3262 3658 3353 3703 τοῦ
3411 3653 3512 3703 ἔσω
3571 3650 3853 3725 ἀνθρώπου

2248 3740 2442 3815 ἰατρὸς,
2495 3740 2823 3813 θεραπεῦσαι
2864 3734 3087 3792 δύναται
3120 3744 3213 3797 τὴν
3239 3739 3447 3811 ψυχὴν,
3474 3745 3563 3793 καὶ
3593 3740 3761 3800 αὐτὴν
3780 3748 3856 3812 τῷ

2243 3836 2339 3891 τῆς
2372 3830 2588 3901 χάριτος
2622 3824 2876 3900 ἐνδύματι
2903 3824 3290 3901 διακοσμῆσαι.
3319 3828 3387 3885 x'.
3755 3833 3853 3885 127

2313 3933 2396 3997 Τῷ
2440 3934 2742 3998 Χριστιανῶ
2790 3927 3043 4002 ἀνθρώπῳ
3087 3923 3273 3989 διπλός
3302 3932 3572 4000 πρόκειται
3602 3927 3849 4001 πόλεμος,

2244 4017 2490 4088 ἐσώτερος
2513 4012 2723 4074 δηλαδὴ
2752 4021 2842 4068 καὶ
2868 4015 3105 4090 ἐξώτερος
3139 4036 3150 4048 ·
3187 4018 3212 4067 ὁ
3236 4019 3327 4089 μὲν
3349 4015 3397 4068 ἐν
3453 4019 3462 4087 |
3518 4024 3590 4088 τῷ
3623 4017 3849 4090 ἀφίστα-

2245 4107 2368 4158 σθαι
2423 4104 2577 4156 αύτόν
2628 4113 3010 4177 περισπασμῶν
3058 4107 3269 4176 γηίνων,
3306 4107 3331 4157 ό
3361 4102 3419 4158 δὲ
3448 4105 3495 4157 ἐν
3531 4112 3594 4178 τῇ
3648 4103 3855 4179 καρδίᾳ

2243 4197 2370 4266 πρὸς
2429 4193 2711 4266 λογισμοὺς
2757 4202 2856 4245 τῶν
2910 4195 3214 4267 πνευμάτων
3260 4202 3357 4257 τῆς
3412 4198 3684 4270 πονηρίας.
3741 4195 3848 4255 xu’,

3749 4288 3807 4340 l3

3749 4288 3851 4341 130

2314 4376 2439 4443 Περὶ
2494 4366 2683 4432 διπλῆς
2716 4372 2950 4433 στάσεως
2988 4379 3087 4424 τῶν
3129 4373 3185 4424 ἐκ
3214 4378 3306 4425 τοῦ
3337 4369 3461 4445 βίου
3488 4373 3672 4426 τούτου
3708 4372 3846 4447 ἐξερ-

2241 4464 2445 4533 χόντων
2478 4476 2490 4489 ·
2527 4459 2617 4531 κβ’
2645 4480 2657 4493 ⁸
3742 4461 3847 4517 133

2309 4545 2393 4606 Ὠς
2426 4546 2513 4596 τὸν
2573 4543 2852 4618 βασιλικόν
2899 4549 2987 4598 καὶ
3052 4544 3333 4618 πολύτιμον
3381 4551 3713 4621 μαργαρίτην
3754 4564 3849 4618 φο·-

2240 4638 2392 4708 ρέσαι
2420 4638 2573 4706 μόνον
2630 4630 2881 4687 δύνανται
2931 4638 2980 4687 οἱ
3031 4634 3088 4687 ἔκ
3136 4642 3228 4688 τοῦ
3279 4640 3572 4708 σπέρματος
3601 4642 3695 4688 τοῦ
3736 4634 3840 4708 βα-

2244 4723 2423 4784 σιλέως
2476 4725 2801 4795 γεννηθέντες
2842 4744 2853 4755 ·
2888 4727 2974 4775 τὸν
3019 4723 3173 4777 αὐτόν
3231 4728 3422 4797 τρόπον
3470 4727 3557 4777 τὸν
3602 4724 3845 4798 ούρανιον

2240 4817 2569 4885 μαργαρίτην
2622 4818 2774 4887 μόνον
2850 4821 2961 4874 τοῖς
3026 4820 3117 4867 τοῦ
3180 4820 3313 4867 Θεοῦ
3361 4818 3557 4876 τέκνοις
3616 4818 3838 4887 φορέσαι

2241 4901 2404 4964 ἔξεστι
2443 4917 2455 4930 ’
2497 4901 2599 4973 κγ’.
3746 4905 3849 4959 134

2308 5009 2367 5061 ’Π
2403 5012 2589 5071 στάσις
2616 5018 2715 5061 τῶν
2748 5017 3072 5082 Χριστιανῶν
3098 5011 3228 5062 ἔοικε
3259 5018 3319 5078 τῇ
3366 5011 3591 5085 ἐμπορίᾳ
3648 5015 3739 5062 και
3782 5014 3847 5082 τῇ

2244 5102 2474 5169 ζυμώσει
2508 5116 2519 5128 ·
2546 5099 2719 5172 ὥσπερ
2764 5102 2864 5173 γὰρ
2896 5101 2944 5151 οἱ
2974 5098 3188 5173 ἔμποροι
3234 5101 3298 5151 τὰ
3335 5102 3494 5170 γήῑνα
3538 5094 3700 5173 κέρδη
3734 5098 3851 5150 ἐπι-

2242 5190 2553 5258 συνάγουσι,
2584 5187 2745 5250 οὕτως
2776 5193 2866 5241 καὶ
2910 5186 3091 5241 ἐκεῖνοι
3140 5184 3654 5261 διασκορπισμὼους
3692 5187 3741 5240 ἕν
3767 5193 3842 5257 τῷ

2241 5275 2387 5329 αἰῶνι
2440 5276 2758 5348 λογισμούς·
2814 5283 2903 5330 καὶ
2956 5280 3127 5351 ὥσπερ
3177 5279 3208 5335 ἡ
3264 5278 3403 5349 ζύμη
3453 5279 3669 5350 φύραμα
3727 5274 3842 5329 ὅλον

2242 5364 2589 5440 ἀπεργάζεται
2620 5366 2810 5438 ζύμην,
2860 5366 3021 5429 οὕτως
3050 5369 3078 5425 ἡ
3114 5364 3254 5439 ζύμη
3301 5375 3397 5427 τῆς
3449 5364 3709 5438 ἁμαρτίας
3740 5371 3843 5417 πᾶν

2239 5459 2379 5525 γένος
2402 5463 2492 5507 τοῦ
2538 5449 2712 5528 Ἀδὰμ
2757 5453 3032 5529 διατρέχει
3065 5472 3077 5485 ·
3107 5456 3239 5514 πλὴν
3268 5456 3295 5508 ό
3334 5458 3563 5528 Χριστὸς
3602 5455 3842 5527 οὐράνιον

2242 5543 2569 5615 ἁγαθότητος
2622 5545 2791 5616 ζύμην
2845 5553 2960 5608 ταῖς
3011 5552 3220 5606 πισταῑς
3272 5544 3479 5617 ψυχαῖς
3522 5546 3791 5603 ἓντίθησιν
3826 5558 3840 5574 ·

2243 5628 2345 5687 κόν.
3741 5631 3842 5690 136
