4092 6252
231 315 316 370 321
1254 305 1715 362 HOMILIARUM
1755 307 1814 362 S.
1861 307 2165 364 MACARI]
2207 308 2565 365 AEGYPTII.
3471 316 3575 371 322

299 437 530 492 Διδάσκει
561 437 693 494 αὕτη
736 438 766 494 ἡ
826 434 1024 506 ὁμιλία,
1084 435 1165 486 ὃτι
1213 429 1390 493 οὐδεὶς
1429 432 1728 505 ἀνθρώπων,
1763 432 1806 483 εἰ

1994 433 2169 490 Docet
2216 435 2364 490 haec
2412 435 2682 501 homilia,
2737 436 2971 492 nullum
3013 439 3344 506 nominem,
3387 441 3501 495 nisi
3542 457 3578 497 ο.

234 535 295 599 μὴ
347 525 666 600 δυναμωθεὶς
719 526 820 576 ὑπὸ
860 531 952 575 τοῦ
1003 530 1258 597 Χριστοῦ,
1303 531 1401 572 τῶν
1451 529 1542 573 τοῦ
1582 528 1809 589 πονηροῦ

1967 521 2148 578 hristo
2179 524 2654 591 corroboratum,
2689 526 2974 582 scandala
3009 527 3364 598 nequissimi
3394 545 3574 600 supe-

1918 626 2049 665 rare
2070 627 2261 681 posse,
2291 618 2346 666 et
2368 613 2513 684 quid
2542 612 2635 678 iis,
2671 616 2774 684 qui
2805 613 3074 670 divinam
3105 615 3357 687 gloriam
3389 632 3578 688 appe-

1923 705 2066 764 tunt,
2101 701 2424 769 agendum.
2459 703 2637 757 Docet
2666 718 2928 774 quoque,
2960 719 3068 758 nos
3093 720 3197 774 per
3228 705 3576 761 inobedien-

1921 789 2062 843 tiam
2086 790 2160 844 ad
2189 790 2530 845 servitutem
2562 792 2757 846 carnis
2787 792 3060 847 redactos
3092 808 3238 857 esse,
3268 799 3451 866 atqua
3473 809 3578 866 per

1922 879 2272 949 mysterium
2296 880 2486 934 crucis
2513 878 2854 935 liberamur.
2889 881 3125 937 Instruit
3152 882 3411 954 denique
3441 899 3575 948 nos,

1922 981 2208 1034 magnam
2262 983 2393 1022 esse
2441 967 2825 1024 lacrimarum
2876 975 2932 1024 et
2970 969 3122 1038 ignis
3152 970 3334 1026 divini
3373 970 3575 1028 effica-

1921 1054 2098 1110 ciam.
2129 1057 2224 1110 25.
3479 1061 3579 1116 139

234 614 514 669 σκανδάλων
558 615 922 688 περιγίνεσθαι
956 612 1133 683 ἰσχύει
1171 628 1183 641 ⁸
1231 615 1318 663 καὶ
1351 615 1400 662 τί
1442 607 1524 663 δεῖ
1563 614 1681 671 τοὺς
1720 619 1811 670 τῆς

232 709 353 766 θείας
400 702 558 767 δόξης
608 703 942 776 ὀρεγομένους
980 703 1223 774 πράττειν
1256 719 1267 730 ⁸
1313 696 1562 751 διδάσκει
1613 705 1702 751 καὶ
1733 701 1813 750 ὅτι

228 791 308 846 διὰ
354 802 626 868 παρακοῆς
678 799 770 843 τοῦ
824 788 1003 862 Ἀδὰμ
1065 789 1131 848 εἰς
1180 785 1417 840 δουλείαν
1483 796 1573 848 τῆς
1624 792 1812 860 σαρκός

222 885 380 935 παθῶν
439 881 785 952 κατήλθομεν,
843 880 926 951 ἀφ’
984 879 1046 939 ἧς
1106 875 1199 929 διὰ
1247 885 1338 929 τοῦ
1387 877 1434 929 ἐν
1487 886 1558 947 τῷ
1604 886 1812 949 σταυρῷ

215 963 504 1044 μυστηρίου
551 972 784 1044 ῥυόμεθα
813 986 825 998 ⁸
888 964 1129 1020 παιδεύει
1171 966 1349 1018 λοιπόν
1385 969 1545 1037 ἡμᾶς,
1602 968 1680 1017 ὅτι
1724 986 1811 1037 με-

213 1061 339 1132 γάλη
367 1064 480 1113 ἐστὶ
511 1068 613 1111 τῶν
644 1056 886 1132 δακρύων
916 1061 1008 1109 καὶ
1055 1063 1149 1108 τοῦ
1179 1058 1317 1108 θείου
1349 1059 1509 1128 πυρός
1542 1051 1767 1127 δύναμις
1797 1073 1808 1084 ·

216 1150 304 1206 κέ.
1715 1143 1813 1198 139

288 1243 408 1310 Περὶ
455 1244 546 1298 τῆς
601 1235 891 1304 ἁξιότητος,
928 1238 1017 1286 καὶ
1072 1242 1164 1294 τῆς
1213 1238 1535 1306 τιμιότητος,
1585 1237 1673 1284 καὶ
1721 1241 1815 1293 τῆς

222 1323 502 1397 δυνάμεως,
561 1329 648 1376 καὶ
696 1331 786 1384 τῆς
834 1323 1079 1395 ἐργασίας
1134 1330 1226 1382 τῆς
1275 1321 1538 1374 ἀθανάτου
1603 1321 1810 1392 ψυχῆς,

1996 1233 2074 1287 De
2093 1232 2399 1303 dignitate,
2427 1234 2816 1303 praestantia,
2846 1233 3124 1290 facultate
3145 1241 3201 1291 et
3221 1236 3579 1306 operationi-

1923 1321 2035 1376 bus
2063 1322 2413 1377 immortalis
2440 1324 2698 1388 animae,
2728 1329 2784 1378 et
2811 1339 2932 1394 qua
2959 1325 3182 1379 ratione
3207 1342 3277 1380 ea
3295 1341 3330 1381 a
3357 1327 3577 1383 Satana

1924 1413 2172 1465 tentetur
2204 1416 2259 1466 et
2286 1410 2695 1466 liberationem
2728 1427 2758 1466 e
2792 1412 3221 1468 tentationibus
3252 1429 3580 1485 consequa-

1923 1501 2036 1552 tur.
2082 1499 2351 1554 Continet
2399 1515 2532 1554 vero
2571 1500 2953 1571 quaestiones
3002 1500 3297 1572 quasdam
3340 1518 3580 1557 summa

1924 1585 2195 1642 doctrina
2219 1587 2481 1644 refertas.
2512 1592 2600 1644 26.
3481 1594 3579 1647 144

218 1422 301 1468 καὶ
351 1424 456 1476 πῶς
508 1415 640 1472 αὖτή
684 1415 784 1465 ὑπὸ
824 1421 918 1464 τοῦ
961 1419 1160 1464 σατανᾶ
1216 1413 1537 1486 πειράζεται,
1583 1417 1672 1462 καὶ
1724 1417 1814 1470 τῆς

221 1503 597 1578 ἂλευθερωσεως
644 1503 743 1553 ἀπὸ
775 1511 872 1553 τῶν
905 1509 1205 1575 πειρασμῶν
1258 1503 1513 1572 τυγχάνει
1556 1517 1568 1529 ⁸
1605 1504 1815 1570 συνέχει

225 1590 280 1645 δε
337 1596 584 1655 ζητήσεις
628 1593 769 1650 τινας
810 1592 941 1642 πάνυ
986 1589 1175 1650 πολλῆς
1223 1587 1574 1651 διδασκαλίας
1631 1591 1817 1660 γεμού-

660 1678 665 1684 ’
1715 1678 1818 1731 144

293 1783 414 1847 Περὶ
458 1785 554 1838 τῆς
605 1775 864 1838 eam-mg
912 1780 1001 1828 xui
1057 1777 1289 1836 στάσεως
1343 1782 1433 1826 τοῦ
1496 1781 1815 1848 Χριστιανοῦ
1849 1791 1886 1842 Β

215 1865 489 1935 ἀνθρώπου
549 1861 641 1916 διὰ
706 1864 902 1917 πολλῶν
958 1861 1278 1935 διηγουμένη
1335 1860 1558 1916 διατελεῖ
1609 1863 1735 1919 αὕτη
1781 1864 1810 1919 ἡ

229 1701 322 1743 σας
348 1698 360 1710 ⁸
393 1681 480 1745 κς·’
516 1698 530 1712 ⁸

1997 1772 2348 1843 Dignitatem
2372 1779 2427 1828 et
2457 1778 2681 1829 statum
2709 1773 3020 1829 Christiani
3046 1775 3303 1830 hominis
3330 1776 3579 1848 copiosa

1925 1863 2190 1918 oratione
2211 1864 2590 1935 prosequitur
2606 1863 2753 1918 haec
2778 1863 3044 1928 homilia,
3069 1868 3134 1919 ut.
3158 1870 3212 1919 et
3232 1881 3388 1936 quae
3412 1881 3580 1936 prae-

1924 1951 2096 2006 cedit.
2128 1951 2348 2006 Deinde
2376 1951 2450 2006 de
2480 1950 2666 2007 libero
2703 1951 2944 2007 arbitrio
2973 1951 3159 2007 multa
3189 1968 3310 2008 non
3336 1968 3579 2024 prorsus

1925 2040 2154 2095 inutilia
2175 2039 2367 2104 docet,
2392 2040 2698 2110 permixtis
2724 2040 3179 2110 quaestionibus
3208 2041 3579 2112 quibusdam

1924 2129 2165 2184 divinae
2194 2129 2521 2199 sapientiae
2553 2128 2762 2199 plenis.
2799 2133 2888 2185 27.
3483 2135 3580 2187 156

1997 2227 2285 2282 Describit
2323 2243 2393 2282 ac
2423 2226 2696 2298 deplorat
2726 2227 2873 2282 haec
2902 2227 3149 2284 homilia
3182 2228 3580 2285 calamitatem

1927 2317 2186 2378 animae,
2211 2316 2269 2370 in
2293 2333 2411 2387 qua
2431 2321 2670 2386 pr0pter
2691 2321 3002 2386 peccatum
3026 2331 3146 2371 non
3171 2317 3401 2373 habitat
3422 2318 3580 2374 Chri-

1929 2411 2076 2460 stus.
2114 2407 2177 2460 Et
2202 2403 2276 2458 de
2296 2406 2525 2459 Joanne
2553 2405 2831 2475 Baptista,
2862 2405 3024 2475 quod
3057 2405 3209 2460 inter
3239 2411 3412 2462 natos
3445 2423 3579 2462 mu—

1929 2494 2136 2548 lierum
2171 2493 2367 2548 nullus
2397 2509 2467 2548 eo
2499 2494 2572 2548 sit
2604 2491 2813 2548 maior.
2853 2496 2940 2548 28.
3484 2499 3581 2551 167

212 1951 408 2022 ὁμιλία,
463 1956 526 2013 ὡς
583 1958 672 2005 καὶ
731 1955 760 2011 ἠ
829 1957 1190 2024 προηγουμένη
1229 1970 1240 1982 ⁸
1290 1954 1467 2004 ἔπειτα
1540 1957 1657 2024 περὶ
1723 1959 1813 2002 τοῦ

211 2041 554 2104 αὐτεξουσίου
596 2041 936 2113 πανωφέλιμα
989 2042 1151 2094 πολλά
1183 2038 1452 2106 διδάσκει,
1487 2040 1817 2113 ἀναμιγνῦσα

212 2130 469 2192 ζητήσεις
497 2134 642 2192 τινὰς
675 2133 812 2191 θείας
848 2136 1031 2202 σοφίας
1061 2131 1269 2203 πλήρεις
1308 2152 1319 2164 ⁸
1345 2130 1426 2190 κζ’
1459 2150 1471 2162 '
1536 2132 1544 2199 I
1718 2130 1814 2184 156

277 2232 570 2302 Δια-γράφει
597 2234 687 2282 καὶ
721 2225 1044 2303 ἀποδύρεται
1091 2230 1221 2286 αὕτη
1272 2230 1302 2286 ἡ
1337 2229 1514 2299 ὁμιλία
1544 2233 1636 2286 τὴν
1686 2229 1817 2299 ξυμ-

205 2322 364 2391 φορὰν
413 2325 510 2380 τῆς
559 2318 766 2390 ψυχῆς,
821 2319 901 2369 ὃτι
948 2314 1041 2369 διὰ
1097 2324 1191 2376 τὴν
1231 2317 1496 2391 ἁμαρτίαν
1552 2319 1576 2367 ό
1628 2320 1818 2389 Κύριος

204 2408 296 2460 οὐκ
348 2408 492 2460 οἰκεῖ
519 2406 566 2458 ἐν
620 2407 751 2477 αὐτῇ
791 2426 803 2438 ο
837 2411 926 2457 καὶ
959 2412 1076 2479 περὶ
1115 2414 1206 2458 τοῦ
1239 2407 1476 2459 Ἰωάννου
1507 2413 1598 2458 τοῦ
1631 2405 1820 2477 βαπτι-

207 2506 355 2567 στοῦ,
395 2498 480 2548 ὅτι
513 2492 694 2556 οὐδεὶς
725 2494 772 2546 ἐν
821 2502 1080 2564 γεννητοῖς
1117 2504 1376 2565 γυναικῶν
1429 2495 1588 2548 αὐτοῦ
1628 2498 1818 2566 μείζων

1718 2584 1818 2638 167

207 2588 323 2638 ἐστί
365 2601 380 2614 ⁸
426 2584 513 2642 κη’
551 2604 562 2616 ·

277 2685 433 2736 Κατὰ
460 2679 646 2734 διπλόν
678 2685 868 2755 τρόπον
909 2682 1003 2741 τὰς
1050 2681 1338 2752 οἰκονομίας
1377 2692 1470 2742 τῆς
1504 2685 1722 2756 χάριτος
1754 2681 1823 2741 εἰς

207 2775 266 2824 τὸ
297 2777 451 2842 γένος
497 2779 592 2831 τῆς
648 2769 1052 2843 ἀνθρωπότητος
1092 2769 1422 2842 ἐξεργάζεται
1453 2772 1478 2822 ὁ
1511 2775 1658 2834 Θεὸς,
1706 2770 1822 2842 μέλ-

206 2859 309 2912 λων
361 2868 456 2919 τῆς
517 2860 682 2919 αὐτῆς
756 2862 992 2930 καρποὺς
1049 2857 1096 2910 ἐν
1155 2855 1347 2930 δικαίῳ
1397 2864 1612 2933 κρίματι
1670 2858 1822 2911 πάλιν

215 2947 513 3004 ἀπαιτῆσαι
540 2968 552 2980 ο
587 2945 674 2998 κθ’
701 2967 712 2979 ·
1727 2949 1825 3001 170

293 3042 386 3094 Ἐκ
433 3051 522 3094 τοῦ
575 3044 726 3115 ἁγίου
781 3045 1071 3114 πνεύματος
1111 3038 1194 3094 δεῖ
1237 3045 1543 3113 γεννηθῆναι
1573 3049 1666 3101 τὴν
1711 3043 1826 3115 μέλ-

220 3130 416 3182 λουσαν
458 3131 694 3184 εἰσελθεῖν
749 3132 812 3192 εἰς
871 3131 1146 3203 βασιλείαν
1197 3139 1330 3184 Θεοῦ
1368 3131 1553 3205 ψυχήν
1584 3149 1596 3160 ⁸

222 3224 418 3294 τρόπον
447 3228 600 3272 τοῦτο
638 3225 853 3290 γένηται
887 3238 898 3250 ·
932 3220 974 3271 λ’
1009 3241 1021 3254 ·
1731 3224 1830 3275 174-

307 3323 390 3367 Δεῖ
442 3321 526 3368 τὸν
575 3320 884 3369 πιστεύοντα
925 3318 1315 3390 μεταλλαγῆναι
1370 3326 1460 3370 τοῦ
1510 3327 1599 3371 νοῦ
1646 3319 1826 3382 αὐτοῦ,

232 3408 328 3454 καὶ
359 3405 550 3464 πάντας
603 3408 716 3464 τοὺς
758 3405 1038 3476 λογισμοὺς
1084 3407 1156 3468 εἰς
1188 3411 1316 3460 Θεὸν
1353 3407 1635 3480 συλλέγειν,
1679 3407 1725 3459 ἐν
1757 3409 1833 3468 οἷς

233 3490 438 3552 ἀληθῶς
465 3498 613 3544 πᾶσα
654 3490 890 3544 διακονία
917 3503 1007 3546 τοῦ
1039 3500 1166 3547 Θεοῦ
1197 3495 1309 3547 ἐστι
1336 3512 1348 3525 ⁸
1381 3495 1461 3547 λα
1494 3512 1508 3526 ⁸
1741 3498 1835 3551 179

306 3587 368 3640 Ἡ
410 3586 540 3651 δόξα
569 3598 664 3642 τῶν
698 3598 1022 3662 Χριστιανῶν
1053 3591 1155 3644 ἀπό
1182 3600 1273 3644 τοῦ
1305 3601 1391 3644 νῦν
1436 3591 1484 3644 ἐν
1513 3599 1625 3653 ταῖς
1669 3592 1836 3644 αὐτῶν

221 3678 434 3750 ψυχαῖς
463 3677 683 3752 ἐμμένει,
727 3681 992 3752 μέλλουσα
1042 3680 1089 3732 ἐν
1137 3683 1208 3752 τῷ
1249 3691 1413 3757 καιρῷ
1465 3690 1560 3742 τῆς
1608 3681 1840 3734 ἀναστά-

226 3786 365 3830 σεως
394 3771 748 3842 φανερωθῆναι
789 3775 878 3821 καὶ
934 3767 1161 3832 δοξάσαι
1212 3774 1277 3822 τὰ
1311 3777 1530 3844 σώματα
1558 3773 1671 3823 κατ’
1714 3770 1839 3822 ἀνα-

219 3858 410 3930 λογίαν
433 3866 528 3918 τῆς
550 3858 718 3910 αὐτῶν
747 3857 1011 3918 εὐσεϐείας
1045 3877 1058 3889 ⁸
1086 3858 1171 3931 λβ’
1205 3879 1217 3892 ο
1742 3863 1840 3915 182

297 3952 680 4015 Ἀδιαλείπτως
732 3961 824 4007 καὶ
875 3965 1152 4029 προσεχῶς
1201 3955 1282 4011 δεῖ
1333 3967 1405 4029 τῷ
1457 3966 1569 4029 Θεῷ
1617 3959 1844 4032 προσεύ-

218 4046 432 4117 χεσθαι
461 4062 472 4072 ⁸
502 4042 583 4113 λγ’
615 4059 626 4072 ⁸
1741 4047 1840 4100 187

299 4146 432 4213 Περὶ
489 4149 580 4200 τῆς
638 4149 738 4192 τῶν
793 4148 1118 4214 Χριστιανῶν
1161 4140 1341 4208 δόξης,
1393 4145 1457 4206 ἧς
1508 4146 1576 4196 τὰ
1626 4144 1845 4215 σώματὰ

219 4230 411 4284 αὐτῶν
471 4231 519 4281 ἐν
573 4236 634 4300 τῇ
696 4227 984 4283 ἀναστάσει
1042 4233 1494 4295 καταξιωθήσεται
1575 4238 1664 4284 καὶ
1717 4234 1846 4303 μετὰ

224 4329 325 4380 τῆς
367 4319 561 4390 ψυχῆς
586 4321 985 4388 φωτισθήσεται
1021 4340 1030 4349 ·
1062 4318 1144 4374 λδ¹
1180 4339 1192 4351 °
1746 4321 1845 4376 189

305 4421 440 4490 Περὶ
486 4423 579 4468 τοῦ
624 4416 849 4469 παλαιοῦ
897 4423 987 4471 xui
1035 4427 1126 4472 τοῦ
1169 4427 1349 4472 καινοῦ
1392 4419 1689 4473 σαϐϐάτουο
1738 4417 1842 4471 λε’·

1747 4509 1840 4562 191
1883 4489 1925 4542 D

311 4597 443 4666 Περὶ
475 4589 666 4655 διπλῆς
701 4592 1040 4657 ἀναστάσεως
1065 4607 1164 4649 τῶν
1203 4597 1395 4670 ψυχῶν
1439 4602 1529 4650 καὶ
1572 4599 1846 4669 σωμάτων,

233 4687 334 4733 καὶ
370 4677 623 4755 διαφόρου
659 4679 823 4745 δόξης
851 4692 948 4736 τῶν
976 4683 1325 4758 ἀνισταμένων
1353 4703 1365 4716 ⁸
1393 4685 1476 4750 λς’
1747 4684 1850 4740 193

319 4774 451 4842 Περὶ
479 4777 568 4821 τοῦ
597 4769 931 4845 παραδείσου
961 4780 1052 4827 xui
1100 4780 1257 4847 νόμου
1288 4782 1639 4848 πνευματικοῦ
1674 4793 1684 4804 ⁸
1718 4773 1797 4834 λζ’
1834 4788 1846 4802 ⁸

1754 4862 1853 4918 194

309 4947 514 5007 Πολλῆς
572 4948 839 5022 ἀκριϐείας
894 4957 983 5004 xui
1027 4958 1283 5015 συνέσεως
1329 4958 1486 5026 χρεία
1525 4954 1669 5005 ἐστὶν
1701 4954 1748 5003 ἐν
1783 4959 1853 5021 τῷ

230 5038 547 5109 δοκιμάσαι
605 5042 727 5100 τοὺς
787 5039 1066 5103 ἀληθινοὺς
1144 5044 1516 5114 Χριστιανούς,
1580 5046 1669 5092 καὶ
1725 5044 1856 5100 τίνες

229 5128 430 5182 ἐκεῖνοι
464 5123 590 5178 ὦσιν
620 5147 633 5161 ·
679 5126 762 5186 λη’
801 5143 813 5157 ·
1753 5131 1856 5184 200

310 5219 467 5276 Τίνος
526 5213 686 5268 ἕνεκεν
747 5212 907 5276 ἐδόθη
967 5219 1092 5291 ἡμῖν
1149 5220 1249 5272 ὑπὸ
1322 5227 1412 5272 τοῦ
1467 5225 1598 5273 Θεοῦ
1647 5219 1676 5275 ἡ
1748 5219 1860 5268 θεία

229 5308 422 5380 γραφή
462 5302 628 5355 ’λθ”
1754 5309 1856 5360 203

307 5391 442 5445 Ὀτι
499 5397 670 5445 πᾶσαι
723 5397 778 5447 αἱ.
833 5393 1013 5469 ἀρεταὶ
1069 5401 1158 5449 καὶ
1218 5399 1387 5448 πάντα
1435 5398 1575 5448 κακὰ
1630 5393 1859 5452 ἀλλήλων

236 5477 581 5552 ἐκδέδενται,
632 5488 723 5535 xui
778 5487 1000 5559 ὡσπερεὶ
1067 5485 1249 5546 ἄλυσίς
1306 5505 1380 5546 τις
1432 5489 1528 5557 μία
1588 5491 1678 5545 τῆς
1738 5489 1862 5556 μιᾶς

239 5575 518 5647 ἤρτηνται
549 5588 562 5601 ·
594 5570 647 5642 μ’
681 5592 693 5604 -
1760 5573 1865 5628 204

323 5669 503 5721 Βαθεα
548 5669 660 5721 λίαν
707 5673 774 5723 τὰ
817 5680 908 5734 τῆς
954 5673 1144 5746 ψυχῆς
1174 5678 1383 5746 ταμεῖα,
1415 5679 1506 5732 τῆς
1554 5669 1655 5725 ἀπὸ
1678 5675 1866 5744 μέρους

558 5766 799 5826 ΡΑτιιοι..
838 5769 943 5828 Gn.
987 5771 1236 5827 XXXIV.

1959 4691 2011 4742 et
2046 4685 2286 4740 diversa
2310 4683 2747 4753 resurgentium
2782 4682 2990 4752 gloria.
3020 4685 3107 4737 36.

2005 2678 2232 2748 Duplici
2261 2679 2490 2734 ratione
2517 2679 3030 2751 dispensationem
3063 2681 3364 2750 gratiaein
3399 2695 3589 2750 genus

1932 2768 2267 2823 humanum
2300 2775 2524 2823 exercet
2567 2771 2741 2834 Deus,
2771 2770 2896 2823 eius
2926 2769 3150 2824 fructus
3176 2770 3334 2826 iusto
3372 2770 3588 2825 iudicio

1932 2856 2132 2911 denuo
2157 2856 2532 2928 repetiturus.
2568 2860 2653 2912 29.

3492 2862 3592 2914 170

2008 3043 2087 3098 Ex
2122 3043 2337 3114 Spiritu
2352 3048 2559 3098 sancto
2572 3043 2802 3097 renasci
2818 3047 3093 3114 opportet
3120 3043 3408 3107 animam,
3437 3059 3592 3115 quae

1652 3137 1741 3183 xui
1774 3131 1826 3183 ὃν
1868 3139 1907 3193 C
1937 3148 2189 3200 regnum
2227 3131 2323 3186 Dei
2356 3131 2702 3202 ingressura
2732 3136 2838 3196 est,
2873 3137 2928 3186 et
2957 3146 3079 3202 quo
3113 3138 3286 3202 pacto
3316 3132 3430 3187 hoc
3458 3130 3586 3187 ﬁat.

1939 3221 2026 3276 30.
3494 3220 3598 3274 174

2015 3317 2268 3374 Fidelem
2308 3321 2541 3388 oportet
2583 3318 2800 3374 mutari
2839 3319 3063 3384 animo,
3109 3322 3288 3390 atque
3319 3318 3378 3373 in
3412 3320 3596 3374 Deum

1942 3423 2152 3464 omnes
2183 3407 2573 3475 cogitationes
2605 3407 2896 3478 colligere,
2927 3407 2983 3460 in
3012 3406 3233 3478 quibus
3257 3422 3389 3462 vere
3420 3422 3599 3461 omne

1945 3497 2304 3566 obsequium
2335 3495 2604 3549 divinum
2639 3495 2932 3550 consistit.
2968 3496 3058 3551 31.

3497 3495 3599 3550 179

2017 3593 2216 3648 Gloria
2247 3592 2715 3648 Christianorum
2749 3593 2968 3647 amodo
3009 3594 3068 3647 in
3109 3592 3344 3648 illorum
3383 3592 3602 3648 animis

1947 3682 2105 3748 latet,
2131 3698 2288 3752 quae
2313 3687 2579 3752 tempore
2606 3682 3054 3737 resurrectionis
3081 3688 3360 3751 emerget,
3388 3687 3443 3737 et
3466 3681 3604 3736 illu-

1950 3771 2159 3827 strabit
2187 3786 2440 3842 corpora
2471 3785 2578 3841 pro
2611 3770 2793 3825 modo
2819 3786 3026 3825 eorum
3050 3770 3297 3840 pietatis.
3334 3769 3420 3825 32.

3501 3771 3604 3823 182

2025 3965 2430 4021 Indesinenter
2459 3970 2514 4020 et
2543 3969 2761 4021 attente
2777 3969 3010 4036 oportet
3035 3963 3155 4020 Deo
3176 3969 3315 4020 vota
3345 3963 3538 4020 facere
3553 3968 3609 4019 et

1953 4054 2204 4127 precari.
2236 4054 2324 4109 33.
3510 4051 3604 4106 187

2027 4145 2106 4198 De
2137 4143 2328 4213 gloria
2374 4143 2868 4206 Christianorum,
2910 4158 3031 4214 qua
3073 4157 3327 4214 corpora
3372 4141 3609 4196 illorum

1954 4233 2014 4288 in
2054 4232 2480 4287 resurrectione
2522 4231 2934 4301 dignabuutur
2973 4235 3028 4287 et
3068 4247 3204 4286 cum
3239 4231 3444 4288 anima
3478 4229 3612 4285 illu-

1957 4321 2324 4378 strabuntur.
2359 4323 2445 4377 34.
3512 4321 3611 4375 189

2027 4421 2105 4475 De
2135 4419 2388 4475 sabbato
2417 4419 2663 4491 antiquo
2694 4425 2748 4474 et
2779 4433 2960 4474 novo.
2986 4417 3075 4474 35.
3517 4419 3607 4474 191

2029 4599 2106 4652 De
2133 4596 2356 4667 duplici
2371 4594 2802 4651 resurrectione
2821 4594 3160 4650 animarum
3185 4598 3240 4650 et
3269 4609 3612 4666 corporum,

3517 4682 3617 4738 193

2033 4777 2110 4830 De
2132 4773 2414 4845 paradiso
2446 4778 2502 4828 et
2531 4772 2660 4840 lege
2683 4770 2996 4843 spirituali.
3030 4770 3118 4825 37.
3517 4771 3619 4825 194

2035 4955 2324 5007 Accurato
2383 4950 2604 5005 iudicio
2667 4956 2844 5021 atque
2902 4948 3200 5004 intellectu
3231 4964 3387 5020 opus
3441 4953 3528 5004 est
3560 4950 3619 5004 in

1964 5039 2374 5096 discernendis
2402 5039 2550 5094 veris
2583 5037 2948 5104 Christianis,
2983 5045 3038 5092 et
3070 5037 3320 5109 quinam
3355 5037 3477 5113 sint.
3498 5037 3625 5094 illi?

2045 5172 2055 5184 .
3523 5129 3592 5181 2O

2045 5172 2055 5184 .
3523 5130 3628 5182 200

1967 5133 2128 5272 38Ad
2159 5216 2303 5288 quid
2321 5215 2630 5287 Scriptura
2650 5214 2856 5270 divina
2877 5213 3051 5271 nobis
3083 5231 3116 5270 a
3149 5217 3263 5270 Deo
3290 5213 3516 5270 donata
3534 5215 3628 5270 sit.

1969 5309 2060 5362 39.
3527 5302 3631 5358 ‘203

2044 5397 2302 5449 Cunctas
2334 5393 2572 5448 virtutes
2604 5397 2659 5447 et
2693 5396 2906 5447 cuncta
2949 5392 3088 5447 vitia
3120 5390 3269 5446 inter
3302 5406 3364 5445 se
3399 5389 3636 5461 colliga-

1975 5487 2032 5539 ta
2073 5498 2204 5536 esse
2243 5488 2298 5536 et
2346 5481 2505 5536 velut
2538 5485 2815 5536 catenam
2855 5496 3039 5537 unam
3075 5480 3153 5535 ab
3193 5479 3379 5535 altera
3417 5479 3636 5548 depen-

1977 5572 2140 5628 dere.
2174 5571 2262 5626 40.
3534 5565 3638 5621 204

2059 5665 2366 5726 Profunda
2411 5667 2583 5728 valde
2639 5671 2780 5723 sunt
2823 5663 3152 5738 penetralia
3189 5664 3479 5729 eanimae,
3520 5676 3642 5733 qua

3289 5759 3350 5813 11
