4092 6252
551 289 657 350 323
1650 280 1863 345 PETRI
1906 278 2181 345 POSSINI
2228 284 2765 347 PROLEGOMENA
3807 292 3905 355 324

552 428 845 500 paulatim
882 429 1211 487 incremata
1250 426 1475 498 gratiae
1511 426 1618 481 aut
1645 422 1924 479 vitiorum
1964 437 2069 478 acc

2320 427 2382 493 τῇ
2414 422 2600 497 χάριτι
2629 429 2719 477 καὶ
2760 431 2872 485 ταῖς
2910 429 3122 489 κακίαις
3174 426 3634 501 συναυξανομένης.
3677 429 3768 502 μα’
3798 447 3810 459 ·
3870 432 3879 500 |

553 520 643 574 41.

3807 522 3906 576 207

621 607 748 662 Non
771 612 1034 671 externa,
1069 605 1171 661 sed
1199 605 1431 660 interna
1448 606 1802 673 promovent
1831 604 1935 656 aut
1963 599 2072 655 laet

2388 603 2473 658 Μὴ
2506 602 2570 653 τὰ
2601 601 2800 666 ἔξωθεν,
2846 601 2973 654 ἀλλὰ
3004 605 3072 655 τὰ.
3118 600 3322 658 ἔνδοθεν
3369 607 3587 679 προάγει
3625 607 3655 667 ἦ
3692 606 3907 680 βλάπτει

550 696 881 764 hominem,
901 694 1078 752 veluti
1094 694 1334 767 spiritus
1357 692 1578 765 gratiae
1601 697 1703 747 aut
1736 690 1978 762 spiritus
2002 704 2072 744 ne

2316 691 2401 739 τὸν
2432 690 2721 761 ἄνθρωπον,
2757 688 2967 751 δηλαδὴ
3019 696 3076 745 τὸ
3120 702 3215 756 τῆς
3262 697 3483 768 χάριτος
3536 704 3757 769 πνεῦμα,
3788 698 3816 756 ἡ
3850 702 3904 750 τὸ

552 784 689 840 tiae.
721 787 811 839 42.

2316 785 2517 851 πνεῦμα
2540 787 2633 842 τῆς
2663 785 2938 854 πονηρίας.
2964 780 3061 855 μβ¹
3079 800 3089 811 ·
3807 786 3903 842 209

624 874 703 928 De
749 889 1060 945 progressu
1125 872 1233 927 viri
1299 868 1627 932 christiani,
1693 866 1863 923 cuius
1932 869 2055 921 tota

2388 872 2512 939 Περὶ
2564 878 2660 929 τῆς
2733 877 3004 943 προκοπῆς
3068 878 3160 923 τοῦ
3211 872 3542 944 Χριστιανοῦ
3592 870 3803 950 ἀνδρὸς,
3851 877 3905 938 ἧς

548 978 617 1017 ex
632 963 809 1019 corde
830 961 1148 1033 dependet,
1169 966 1235 1015 ut
1256 959 1351 1014 hic
1370 958 1530 1013 varie
1544 956 1918 1011 describitur.
1935 958 2024 1010 43.

2315 960 2463 1007 πᾶσα
2491 958 2520 1014 ἡ
2571 954 2790 1031 δύναμις
2818 961 2872 1010 ἐκ
2906 967 3002 1020 τῆς
3047 958 3269 1034 καρδίας
3300 959 3697 1037 ἁποκρεμαμένη
3745 963 3900 1035 ἐστίν,

618 1052 912 1116 Quantam
933 1051 990 1104 in
1013 1050 1255 1105 homine
1279 1045 1602 1102 christiano
1629 1044 2021 1099 mutationem
2041 1056 2070 1097 e

2315 1046 2487 1119 ὥσπερ
2522 1046 2771 1109 ποικίλως
2799 1047 3023 1101 ἐνταῦθα
3054 1045 3427 1123 διαγράφει-αι.
3462 1051 3553 1124 μγ¹
3593 1068 3605 1081 ⁸
3805 1057 3901 1110 210

546 1141 933 1196 novationem
951 1139 1126 1194 faciat
1153 1137 1438 1201 Christus,
1466 1135 1572 1206 qui
1599 1134 1839 1189 animae
1860 1130 2072 1188 aﬂectit

2387 1138 2545 1186 Ποίαν
2608 1134 2656 1187 ἐν
2725 1134 2978 1210 ἀνθρώπῳ
3065 1145 3369 1212 Χριστιανῷ
3443 1139 3730 1211 μεταϐολὴν
3818 1148 3903 1196 καὶ

548 1245 619 1286 ac
651 1229 897 1285 morbos
929 1227 1178 1283 sanavit.
1212 1226 1303 1282 44.

2315 1220 2639 1276 ἁνακαίνισιν
2689 1223 3053 1299 ἀπεργάζηται
3091 1227 3117 1278 6
3161 1231 3407 1301 Χριστὸς,
3439 1229 3466 1279 6
3514 1232 3581 1281 τὰ
3605 1238 3698 1291 τῆς
3726 1228 3903 1302 ψυχῆς

2313 1313 2453 1370 πάθη
2482 1318 2570 1365 καὶ
2599 1318 2780 1374 νόσους
2807 1316 3153 1386 θεραπεύσας.
3193 1311 3286 1387 pd"
3316 1333 3327 1345 '
3803 1321 3901 1374 215

572 1414 577 1422 ’
622 1408 789 1464 Nulla
828 1424 925 1464 ars
970 1413 1072 1463 aut
1109 1406 1351 1461 divitiae
1390 1404 1571 1460 huius
1628 1403 1857 1466 mundi,
1896 1402 1999 1457 sed
2042 1418 2067 1455 s

2385 1399 2626 1474 Οὐδεμία
2653 1407 2835 1475 τέχνη,
2870 1404 2929 1455 οὐ
2973 1404 3194 1466 πλοῦτος
3232 1406 3421 1457 τούτου
3459 1413 3553 1458 τοῦ
3595 1410 3820 1479 κόσμου,
3860 1408 3903 1459 εἰ

548 1498 1066 1559 Christiadventus
1091 1510 1306 1551 sanare
1327 1494 1632 1549 hominem
1649 1498 1864 1564 potest,
1889 1492 2057 1546 cuius

2313 1494 2385 1561 μὴ
2440 1495 2569 1561 μόνη
2629 1494 2655 1550 ἡ
2704 1500 2796 1543 τοῦ
2842 1499 3075 1564 Χριστοῦ
3142 1492 3411 1565 ἐπιφάνεια
3456 1496 3772 1569 θεραπεῦσαι
3821 1500 3902 1549 τὸν

545 1590 774 1645 ximam
802 1602 935 1641 cum
972 1586 1090 1640 Deo
1117 1584 1538 1652 cognationem
1567 1581 1719 1637 haec
1748 1578 1998 1637 homilia
2022 1594 2072 1633 ei

2313 1580 2582 1652 ἄνθρωπον
2630 1578 2872 1647 δύναται,
2914 1582 2976 1633 οὗ
3022 1587 3281 1653 μεγίστην
3330 1586 3461 1657 πρὸς
3508 1587 3595 1636 τὸν
3625 1589 3747 1639 Θεὸν
3780 1605 3906 1658 συγ-

547 1683 659 1734 cat.
694 1680 783 1731 45.
2099 1668 2203 1721 219
2310 1672 2503 1740 γένειαν
2533 1669 2663 1728 αὕτη
2690 1672 2720 1727 ἡ
2754 1670 2931 1742 ὁμιλία
2955 1670 3310 1743 ἀποφαίνεται.
3343 1672 3422 1744 με’
3450 1691 3464 1706 ο
3804 1676 3903 1732 219

614 1767 697 1822 De
726 1762 1063 1820 differentia
1092 1761 1242 1816 inter
1272 1759 1522 1816 verbum
1554 1758 1654 1814 Dei
1685 1762 1741 1814 et
1768 1758 1919 1813 inter
1950 1755 2072 1812 veri

2386 1762 2510 1833 Περὶ
2547 1768 2638 1819 τῆς
2678 1755 2934 1833 διαφορᾶς
2975 1768 3066 1813 τοῦ
3102 1779 3157 1813 τε
3184 1761 3341 1833 λόγου
3391 1769 3482 1814 τοῦ
3514 1770 3647 1816 Θεοῦ
3685 1769 3777 1816 καὶ
3818 1772 3904 1817 τοῦ

541 1854 775 1918 mundi,
834 1857 890 1909 et
936 1853 1088 1907 inter
1143 1849 1299 1906 ﬁlios
1354 1848 1454 1904 Dei
1512 1852 1569 1904 et
1619 1850 1768 1902 inter
1815 1846 1971 1902 ﬁlios
2020 1845 2072 1901 Ill

2313 1846 2464 1919 λόγου
2504 1855 2594 1899 τοῦ
2626 1852 2849 1921 κόσμου,
2882 1854 2971 1901 καὶ
3002 1857 3102 1901 τῶν
3143 1853 3329 1903 τέκνων
3369 1858 3460 1903 τοῦ
3501 1859 3656 1917 Θεοῦ,
3688 1858 3780 1905 καὶ
3808 1861 3904 1905 τῶν

541 1944 780 2001 mundi.
814 1943 904 1998 46.

2313 1940 2494 1988 τέκνων
2521 1940 2705 1989 τούτου
2737 1945 2830 1990 τοῦ
2858 1941 3079 2010 κόσμου.
3107 1938 3203 2011 μς¹
3235 1958 3249 1972 ⁸
3806 1942 3906 1996 223

612 2031 937 2105 Explicatio
968 2029 1290 2099 allegorica
1309 2024 1697 2099 quorundam
1726 2024 1840 2080 sub
1861 2024 1991 2096 lege
2018 2023 2072 2079 fa

2384 2025 2727 2099 Ἀλληγορικὴ
2782 2029 3112 2102 παράφρασις
3172 2036 3274 2081 τῶν
3332 2030 3432 2082 ὑπὸ
3484 2032 3637 2102 νόμον
3697 2050 3908 2104 γεγενη-

540 2139 697 2180 rum.
730 2124 821 2176 47.

2313 2116 2487 2185 μένων.
2517 2114 2605 2186 μές’
2635 2129 2650 2144 °
3802 2124 3901 2175 227

609 2211 690 2266 De
722 2208 977 2281 perfecta
1009 2207 1123 2262 ﬁde
1150 2206 1212 2261 in
1249 2208 1457 2259 Deum.
1495 2205 1581 2258 48.

2381 2208 2504 2275 Περὶ
2534 2212 2623 2263 τῆς
2659 2203 2851 2265 τελείας
2880 2208 3101 2263 πίστεως
3132 2204 3199 2265 εἰς
3238 2210 3387 2259 Θεὸν.
3421 2205 3512 2277 μη’
3542 2224 3553 2235 ·
3804 2209 3907 2262 234

612 2302 738 2355 Non
773 2298 913 2353 satis
949 2302 1055 2361 est,
1098 2294 1279 2350 huius
1320 2292 1540 2348 saeculi
1571 2291 1814 2347 delicias
1845 2290 2072 2363 reliquis

2381 2290 2491 2343 Οὐκ
2522 2291 2754 2364 ἐπαρκεῖ,
2796 2300 2891 2355 τῆς
2916 2301 3113 2365 τρυφῆς
3158 2296 3343 2346 τούτου
3374 2301 3465 2345 τοῦ
3502 2299 3704 2366 κόσμου
3745 2294 3909 2347 ἀπαλ-

538 2389 650 2446 nisi
664 2388 797 2460 quis
824 2386 1066 2443 alterius
1082 2382 1300 2440 saeculi
1315 2380 1745 2437 beatitudinem
1758 2395 2065 2452 consequa

2313 2379 2547 2451 λαγῆναι,
2582 2382 2665 2432 ἐὰν
2690 2385 2762 2452 μὴ
2804 2400 2884 2443 τις
2928 2386 3021 2440 τήν
3051 2387 3311 2457 μακαρίαν
3367 2382 3521 2435 ἄλλου
3566 2391 3657 2436 τοῦ
3702 2389 3904 2455 κόσμου

538 2480 629 2535 49.

2313 2467 2464 2541 λάϐῃ.
2508 2468 2594 2540 μθ’
2621 2488 2635 2502 ο
3803 2478 3905 2529 237

613 2566 765 2621 Deus
805 2568 910 2629 est,
944 2564 1047 2634 qui
1081 2578 1185 2635 per
1216 2564 1455 2617 sanctos
1492 2574 1633 2616 suos
1663 2562 1720 2615 et
1750 2564 2050 2615 creaturas

2380 2563 2508 2618 Θεὸς
2538 2556 2679 2609 ἐστιν
2711 2559 2736 2609 6
2782 2553 2877 2610 διὰ
2922 2566 3021 2611 τῶν
3063 2558 3223 2631 ἁγίων
3261 2559 3420 2613 αὐτοῦ
3465 2562 3906 2635 θαυματουργῶν,

538 2652 848 2712 miracula.
883 2656 968 2708 50.

2313 2645 2345 2697 ν’
2374 2666 2387 2679 ·
3799 2652 3905 2709 240

540 2880 870 2946 [Sequuntur
905 2876 1156 2926 Locorum
1194 2872 1501 2936 Scripturae
1529 2871 1616 2935 qui
1644 2872 1702 2920 in
1731 2868 1962 2922 homiliis
1999 2872 2417 2997 cgtaagéuriaggzu?
2455 2870 2648 2920 Rerum
2676 2869 3090 2920 memorabilium
3111 2871 3313 2922 indices
3336 2870 3462 2931 duo,
3495 2870 3619 2922 dein
3642 2873 3898 2925 Homiliae

538 3117 3900 3158 ﬂ

757 3270 1191 3391 PETRI
1255 3266 1816 3389 POSSINI
1881 3263 2167 3388 SOC.
2234 3264 2503 3390 JES.
2566 3263 3683 3394 PROLEGOMENA.

817 3486 916 3545 AD
962 3480 1371 3545 OPUSGULA
1407 3481 1477 3541 ‘S.
1525 3479 1848 3540 MACARII
1890 3481 2251 3542 AEGYPTII
2294 3482 2393 3540 AB
2439 3481 2610 3541 IPSO
2656 3481 2961 3542 PRIMUM
3004 3482 3236 3543 EDITA
3278 3482 3357 3543 IN
3401 3483 3635 3545 LIBRO

1937 3579 2065 3639 CUI
2107 3577 2444 3639 Tl'l‘ULUS
2480 3597 2493 3637 :

541 3721 880 3777 Thesaurus
894 3714 1180 3773 asceticus
1193 3714 1312 3770 sive
1333 3713 1666 3782 Syntagma
1699 3711 2135 3783 Opuscutorum
2153 3712 2465 3769 octodecim
2485 3728 2520 3768 a
2538 3714 2766 3781 graecis
2780 3713 2922 3769 olim
2952 3714 3234 3769 Patribus
3261 3714 3412 3771 dere
3441 3718 3696 3773 ascetica
3709 3719 3913 3791 scrip-

609 3807 923 3865 torum.Ea
936 3820 1097 3861 nunc
1118 3805 1375 3873 primum
1390 3801 1725 3872 prodeunte
1747 3802 2155 3857 vetustissimis
2170 3817 2307 3856 mss.
2332 3801 2622 3857 codicibus
2645 3809 2836 3858 eruta.
2856 3803 3183 3859 Collectore
3194 3812 3369 3875 atque
3390 3805 3716 3874 interprete
3728 3808 3910 3865 Petro

604 3898 849 3954 Possino
861 3893 1157 3951 societatis
1170 3892 1202 3947 J
1206 3907 1322 3947 esu.
1336 3889 1607 3963 [Tolosae
1619 3895 1672 3946 et
1688 3900 1971 3946 vaeneunt
1983 3892 2018 3960 .]
2035 3890 2281 3947 Parisiis
2303 3892 2467 3961 apud
2483 3894 2524 3944 A
2537 3891 2805 3946 ntonium
2824 3891 3132 3961 Dezatlier,
3148 3892 3211 3948 in
3226 3893 3353 3948 vico
3365 3892 3810 3952 San-Jacobaeo
3825 3899 3911 3953 ad

605 3990 900 4045 Coronam
928 3997 1197 4042 auream.
1230 3980 1638 4038 MDCLXXXI
1656 3981 1714 4034 V.
1750 3979 1893 4035 Cum
1924 3979 2353 4050 approbatione
2380 3982 2435 4035 et
2452 3979 2774 4049 privilegio
2803 3980 2886 4035 ιο.

632 4222 641 4291 |
696 4218 1041 4276 Venerando
1055 4216 1115 4271 in
1131 4213 1369 4271 Christo
1382 4212 1552 4268 Patri
1563 4212 1777 4268 domno
1788 4211 2006 4268 Joanni
2017 4211 2091 4266 Le
2102 4211 2285 4269 Houx
2297 4211 2606 4268 Cartusiae
2627 4212 2949 4270 Totosanae
2968 4211 3165 4268 Priori
3178 4212 3525 4283 dignissimo
3538 4213 3752 4273 Petrus
3764 4216 3910 4275 Pos-

535 4311 701 4366 sinus
729 4308 1022 4364 societatis
1052 4306 1192 4360 Jesu
1220 4304 1473 4357 salutem
1502 4303 1563 4356 in
1584 4300 1818 4356 Christo
1850 4315 2072 4357 veram.

605 4401 749 4453 Cum
764 4397 857 4468 qui
876 4392 1294 4451 thesaurumin
1312 4391 1436 4446 solo
1453 4390 1640 4447 alieno
1667 4389 1903 4460 reperit,
1924 4388 2556 4445 communicareillum
2580 4389 2828 4445 domino
2843 4390 2971 4463 agri
2987 4389 3221 4461 legibus
3249 4393 3659 4461 Augustorum
3690 4394 3910 4454 iubea-

530 4485 908 4558 tur(l),hunc
923 4481 1398 4539 asceticumame
1421 4480 1726 4534 inventum
1755 4478 1815 4532 in
1846 4479 2251 4534 monumentis
2274 4479 2775 4534 anachoretarum
2802 4485 2857 4534 et
2888 4480 3347 4535 coenobitarum
3374 4479 3658 4538 Graeciae
3679 4487 3907 4541 veteris

523 4578 576 4633 ei
609 4591 703 4631 me
724 4576 1170 4645 repraesentare
1196 4569 1411 4624 debere
1439 4567 1700 4623 familiae
1724 4568 1931 4632 sentio,
1961 4582 2117 4639 quae
2140 4568 2294 4623 vitae
2323 4567 2620 4623 solitariae
2652 4583 2721 4623 ac
2753 4567 2992 4623 socialis
3016 4569 3235 4624 decora
3261 4569 3321 4624 in
3344 4586 3409 4625 se
3432 4585 3553 4626 una
3578 4571 3901 4642 colligens,

524 4666 687 4722 bona
704 4666 920 4719 cuncta
940 4660 1277 4732 priscarum
1314 4656 1403 4712 vel
1424 4656 1867 4713 anachoreseon
1897 4656 1987 4711 vel
2010 4656 2361 4711 societatum
2400 4654 2756 4713 hereditaria
2782 4657 3157 4713 successione
3181 4657 3531 4714 transmissa
3541 4657 3677 4731 jure
3702 4662 3907 4733 possi-

526 4754 667 4809 dere
691 4766 877 4822 quam
906 4750 1135 4820 optimo
1157 4748 1435 4801 creditur.

594 4842 749 4894 Haec
775 4841 899 4892 sine
930 4836 1116 4891 dubio
1142 4850 1312 4889 sacra
1340 4832 1691 4888 Cartusiana
1726 4832 1944 4902 Religio
1976 4840 2083 4900 est,
2114 4832 2259 4889 orbe
2291 4838 2410 4888 toto
2441 4834 2769 4890 clarissima
2796 4850 3152 4907 summeque
3178 4835 3554 4892 venerabilis.
3589 4837 3709 4892 Nec
3750 4854 3899 4895 vero

520 4926 903 5001 quaerendus
945 4923 1152 4996 procul
1183 4928 1289 4989 est,
1321 4923 1412 4976 cui
1441 4920 1709 4975 debitum
1745 4921 1855 4975 hoc
1882 4921 2222 4992 depositum
2253 4923 2601 4991 consignem
2637 4939 2649 4977 :
2680 4923 2757 4977 Te
2786 4923 3019 4979 habens
3063 4940 3206 4995 prae
3252 4925 3461 4992 oculis,
3522 4927 3531 4995 |
3583 4928 3903 4984 venerabi-

526 5018 744 5073 lissime
763 5022 958 5086 pater,
983 5016 1289 5084 Tuamque
1302 5010 1476 5064 istam
1495 5026 1529 5065 a
1543 5009 1617 5063 Te
1632 5010 2070 5079 sapientissime
2086 5011 2648 5084 religiosissimeque
2662 5013 3059 5082 gubernatum
3075 5013 3436 5070 Tolosanam
3451 5014 3814 5071 Cartusiam.

596 5102 1121 5171 Quemadmodum
1152 5099 1237 5153 Tu
1269 5098 1541 5153 omnium
1573 5098 1914 5169 praesidum
1944 5098 2111 5153 istius
2143 5101 2505 5157 sanctissimi
2537 5101 2782 5167 ordinis,
2810 5101 2912 5172 qui
2941 5116 3211 5173 unquam
3242 5102 3479 5159 fuerunt
3511 5110 3614 5159 aut
3646 5104 3895 5175 uspiam

521 5204 677 5259 sunt,
699 5195 777 5249 ita
796 5192 890 5248 illa
912 5190 1416 5247 communitatum
1431 5186 1794 5258 reliquarum
1822 5187 1935 5240 sub
1959 5189 2013 5242 S.
2040 5190 2330 5245 Bruuonis
2350 5189 2669 5261 disciplina
2698 5190 2887 5245 Deum
2918 5190 3239 5247 colentium
3264 5191 3408 5249 locis
3440 5196 3669 5265 passim
3702 5194 3892 5249 variis

517 5302 623 5360 per
656 5288 954 5355 Europam
987 5282 1350 5343 universam,
1374 5277 1619 5348 plenum
1646 5277 1827 5330 instar
1858 5276 2167 5341 exhibetis,
2195 5286 2255 5334 ut
2284 5278 2580 5350 quidquid
2616 5279 2927 5352 utriusque
2961 5279 3196 5349 generis
3221 5288 3531 5351 praestans
3555 5281 3892 5337 admirabi-

518 5378 695 5448 quue
726 5372 867 5429 alibi
898 5370 1282 5441 conspicitur,
1316 5367 1375 5421 in
1406 5365 1572 5421 vobis
1602 5364 1811 5420 illustri
1847 5365 2162 5423 collectum
2193 5368 2576 5439 compendio,
2609 5374 2666 5423 et
2696 5370 2871 5441 quasi
2903 5368 3169 5425 refractis
3200 5369 3262 5425 in
3302 5376 3575 5426 centrum
3609 5371 3887 5441 undique

523 5464 706 5522 radiis
733 5460 1063 5518 luculenter
1096 5472 1215 5514 uno
1245 5470 1599 5528 expressum
1624 5469 1757 5511 aere
1781 5470 2045 5510 concavo
2068 5472 2410 5512 cernamus.

2084 5571 2343 5627 NOTAE.

598 5686 679 5762 (al)
710 5683 852 5743 Cod.
879 5680 1178 5742 Theodos.
1210 5679 1316 5737 lib.
1355 5679 1397 5733 Χ
1431 5677 1515 5735 tit.
1547 5678 1729 5734 XVIII.
