4092 6252
175 313 266 370 ὃῖὃ
1166 307 1256 364 AD
1297 309 1672 366 OPUSCULA
1714 305 1772 364 S.
1822 311 2123 366 MACARII
2165 307 2518 391 AEGYPTII.
3439 317 3545 390 326

237 438 344 492 Non
371 449 585 504 evagor
614 437 781 490 extra
810 435 905 497 Te,
936 433 1083 488 dum
1116 435 1559 489 communitatis
1591 435 1714 489 Tibi
1741 436 2099 491 commissae
2122 436 2374 505 gloriam
2408 453 2721 509 exsequor.
2745 438 3020 508 Corporis
3051 438 3142 494 vis
3166 439 3344 496 etﬂos
3379 441 3556 496 totius

182 527 231 581 in
247 526 406 597 capite
430 524 673 591 residet;
709 523 848 577 inde
877 522 1074 591 vigent
1105 538 1339 591 sensus,
1363 523 1559 578 valent
1590 529 1784 588 artus;
1814 531 2030 588 motus,
2063 524 2331 590 facultas,
2369 527 2568 581 omnis
2603 528 2759 582 actio
2794 542 2863 582 eo
2895 527 3138 583 laudem
3180 529 3270 583 sui
3302 530 3557 585 referant

179 615 250 670 fas
271 620 359 678 est,
385 613 540 668 unde
567 613 864 681 originem
898 618 954 666 et
985 611 1248 681 vigorem
1279 613 1480 684 utique
1508 613 1769 667 trahunt.
1793 614 1910 668 Nec
1933 615 2200 682 gratuitis
2227 615 2322 669 hic
2351 615 2474 670 Tibi
2503 615 2729 671 otiosae
2755 614 3042 671 felicitatis
3070 616 3293 672 fructus
3320 624 3428 684 est,
3450 616 3557 673 sed

179 703 416 759 sollicitae
445 709 500 758 et
532 703 698 758 enixe
727 702 1003 757 certantis
1029 706 1351 772 proventus
1370 701 1696 756 industriae
1727 718 1740 764 ;
1773 717 1971 767 curas,
1995 703 2243 772 satagis,
2269 704 2603 771 contendis,
2625 704 3028 760 indesinenter
3047 711 3302 762 attentus
3325 706 3559 776 vigiliae

175 794 560 864 custodiaeque
594 792 790 862 gregis
819 791 942 846 Tui.
987 790 1176 845 Verbo
1209 789 1500 846 admones
1537 790 1811 861 exemplo
1851 797 2213 855 monstrans,
2248 793 2558 847 nocturnis
2601 809 2791 864 aeque
2823 794 3175 866 diurnisque
3207 795 3559 867 psalmodiis

167 881 587 936 assiduissimus
618 881 1360 952 perseverantissimusque
1396 885 1740 949 praecentor
1772 883 1828 932 et
1859 879 2177 950 choragus.
2211 882 2580 936 Novitiorum
2610 883 2988 937 institutione
3020 883 3145 954 ipse
3172 883 3518 953 defungeris
3547 913 3558 962 ;

164 970 275 1039 ipse
304 969 628 1025 iunioribus
657 968 942 1040 professis
966 973 1436 1024 consentaneam
1464 967 1543 1022 illi
1573 967 1747 1022 statui
1771 967 2063 1023 culturam
2095 969 2362 1040 impertis
2392 987 2404 1034 ;
2431 971 2554 1042 ipse
2573 971 2857 1026 curandis
2879 972 3333 1044 dirigendisque
3356 989 3564 1045 prove-

162 1058 417 1113 ctioribus
444 1075 565 1114 non
597 1057 794 1114 ofﬁcia
821 1057 1010 1112 solum
1039 1062 1255 1112 cuncta
1281 1057 1525 1111 exhibes
1556 1055 1781 1110 ordinis
1809 1057 2335 1112 constitutionibus
2356 1060 2744 1130 praescripta,
2777 1059 2888 1115 sed
2912 1065 2966 1115 et
2995 1076 3389 1132 supererogas
3407 1076 3562 1133 quae

162 1147 332 1203 multa
359 1149 639 1219 variaque
671 1148 729 1202 in
757 1163 883 1202 rem
911 1151 1286 1218 praesentem
1313 1151 1648 1217 opportune
1682 1147 1946 1215 suggerit
1973 1146 2202 1200 solertis
2231 1148 2535 1217 ingenium
2569 1150 2850 1204 caritatis.

227 1236 367 1290 Haec
404 1244 544 1291 sunt
574 1251 795 1291 arcana
830 1240 1026 1289 vestra
1059 1252 1072 1299 ;
1107 1235 1179 1288 de
1198 1234 1419 1305 quibus
1460 1249 1529 1287 eo
1563 1234 1799 1304 parcius
1817 1234 2011 1288 dicere
2043 1236 2335 1304 cogimur,
2369 1237 2531 1307 quod
2553 1238 2759 1292 talium
2786 1239 2990 1292 notitia
3017 1253 3138 1293 non
3165 1238 3274 1293 nisi
3292 1239 3450 1294 tenui
3484 1239 3564 1295 ad

161 1340 262 1379 nos
291 1331 554 1380 externos
580 1325 763 1379 odore
796 1324 1167 1394 transspirat.
1206 1323 1306 1377 Illa
1339 1323 1457 1376 iam
1492 1324 1829 1393 percutiunt
1861 1339 2072 1378 sensus
2105 1325 2394 1395 apertius.
2426 1329 2529 1380 Per
2572 1343 2676 1380 vos
2706 1326 2865 1381 illata
2895 1326 3072 1382 hodie
3105 1327 3352 1381 urbibus
3384 1329 3566 1383 eremi

164 1415 445 1478 sanctitas,
483 1420 564 1478 ut,
593 1430 729 1468 cum
763 1413 973 1484 primis
996 1413 1364 1468 Christianae
1393 1411 1715 1465 memoriae
1744 1412 1994 1466 saeculis
2023 1413 2304 1468 ecclesiae
2333 1431 2400 1469 ac
2430 1415 2565 1469 cleri
2601 1415 2929 1485 angelicam
2961 1416 3460 1471 anachoretarum
3487 1418 3566 1472 vi-

162 1507 273 1556 tam
300 1519 415 1558 non
446 1503 612 1558 aliter
642 1519 826 1572 quam
869 1501 1065 1556 famae
1093 1502 1425 1571 longinqua
1472 1501 1773 1554 narrantis
1814 1500 2035 1555 indicio
2084 1509 2528 1572 cognoscerent,
2572 1505 2889 1576 mariaque
2921 1521 2991 1559 ac
3024 1504 3146 1560 lata
3183 1509 3469 1560 terrarum
3504 1522 3564 1560 se

166 1589 469 1646 obiicerent
499 1591 692 1661 spatia
722 1596 982 1661 spectare
1013 1591 1175 1645 illam
1203 1588 1572 1661 optantibus,
1609 1588 1836 1644 meliori
1867 1590 1985 1644 iam
2019 1596 2173 1646 sorte
2201 1592 2421 1646 nostris
2453 1591 2815 1648 felicioribus
2860 1599 3159 1650 reservata
3191 1595 3562 1666 temporibus

165 1679 364 1734 Nitrias
384 1680 777 1736 etThebaides
800 1696 919 1736 non
945 1681 1127 1735 modo
1150 1680 1304 1734 intra.
1327 1678 1758 1741 Continentem,
1783 1680 1928 1733 citra
1955 1694 2140 1746 mare,
2168 1679 2274 1733 sed
2301 1679 2360 1733 in
2387 1679 2771 1745 suburbanis,
2801 1682 2903 1736 sed
2929 1683 3082 1736 intra
3102 1683 3232 1753 ipsa
3257 1683 3562 1739 civitatum

165 1765 547 1838 frequentium
571 1770 805 1825 moenia
830 1769 1146 1824 videamUS
1175 1769 1273 1839 (2),
1302 1767 1747 1839 opportunitate
1770 1783 1891 1822 non
1922 1767 2000 1823 ad
2025 1767 2344 1839 spectaculi
2379 1769 2571 1838 magis
2599 1770 2921 1825 novitatem
2972 1772 2981 1839 |
3036 1771 3336 1842 expetibili
3358 1775 3462 1826 aut
3486 1773 3565 1827 ad

158 1854 598 1923 iucunditatem,
639 1873 826 1929 quam
867 1858 960 1912 vel
1001 1858 1298 1929 imprimis
1339 1856 1417 1912 ad
1457 1858 1642 1930 animi
1681 1857 1937 1911 fructum
1978 1861 2033 1910 et
2074 1872 2309 1911 morum
2350 1857 2410 1911 in
2451 1857 2818 1912 intuentibus
2857 1859 3340 1916 emendationem
3382 1875 3565 1932 quae-

157 1949 371 2001 stuosa.

223 2035 431 2099 Quidni
456 2035 574 2091 hoc
601 2040 882 2107 putemus
914 2039 1076 2091 tanto
1098 2041 1233 2091 ante
1260 2036 1633 2107 praedictum
1659 2035 1737 2090 ab
1770 2035 1920 2090 Isaia
1945 2033 2138 2088 verbis
2165 2033 2278 2088 illis
2306 2050 2318 2088 :
2347 2035 2691 2090 Laetabitur
2713 2037 2944 2092 deserta
2967 2041 3020 2092 et
3047 2037 3230 2102 invia,
3261 2043 3314 2093 et
3336 2039 3566 2094 exulta-

154 2123 228 2177 bit
247 2126 841 2195 solitudo,etﬂorebit
857 2125 1030 2197 quasi
1057 2126 1388 2196 lilium(3)?
1419 2125 1916 2194 Attemperavitse
1943 2122 2219 2177 videlicet
2252 2124 2547 2179 industria
2583 2125 2839 2179 caritatis
2861 2126 3164 2182 humanae
3187 2127 3566 2194 debilitati,et

153 2213 388 2271 velutne
404 2233 556 2271 suus
573 2214 861 2286 squallor,
886 2215 1108 2270 larvam
1137 2216 1330 2270 virtuti
1350 2213 1695 2268 horribilem
1715 2213 1989 2276 induens,
2011 2212 2165 2267 odiis
2186 2227 2318 2267 eam
2351 2214 2822 2283 imprudentium
2859 2214 3159 2282 obiiceret,
3179 2216 3366 2284 spinis
3385 2231 3567 2286 quae-

143 2305 280 2358 dam
311 2305 435 2359 suis
466 2305 672 2358 insivit
695 2305 826 2359 lilia
851 2327 870 2372 ,-
896 2303 1161 2359 ﬂoridior
1189 2319 1479 2374 apparere
1504 2303 1780 2357 sustinuit
1808 2318 1820 2368 ;
1848 2306 1905 2356 et
1932 2302 2335 2356 austeritatem
2365 2302 2524 2358 intus
2555 2303 2885 2358 recondens
2913 2319 3084 2359 suam
3114 2305 3422 2360 tectorium
3450 2303 3565 2360 sibi

147 2391 544 2450 circumdedit
568 2393 883 2447 amoenius
908 2408 920 2456 ;
948 2392 1089 2447 nihil
1119 2392 1229 2446 sibi
1252 2391 1495 2463 quidem
1528 2390 1847 2460 indulgens
1873 2397 1972 2446 aut
1993 2390 2266 2445 relaxans
2290 2391 2534 2446 intimae
2554 2393 2908 2464 asperitatis,
2935 2400 2994 2447 at
3015 2393 3074 2448 in
3094 2393 3348 2463 gratiam
3375 2397 3429 2448 et
3457 2393 3565 2448 uti-

141 2479 361 2538 litatem
392 2483 763 2537 intuentium
791 2480 1152 2535 eminentem
1173 2481 1427 2536 exterius
1460 2481 1768 2534 horrorem
1790 2480 1924 2550 piae
1951 2478 2266 2534 cuiusdam
2297 2481 2642 2550 aspersione
2673 2481 2982 2536 suavitatis
3009 2481 3340 2548 emolliens,
3372 2497 3446 2537 ne
3473 2482 3564 2537 in-

145 2570 299 2625 ﬁrmi
329 2575 586 2642 aspectu
619 2570 814 2640 primo
843 2569 1024 2624 territi
1053 2575 1471 2636 averterentur,
1504 2586 1657 2640 quos
1688 2569 1840 2623 allici
1875 2569 1950 2623 ad
1980 2569 2206 2622 bonum
2239 2569 2498 2639 expedit.

207 2661 677 2730 Egrediebatur,
701 2660 787 2714 ait
813 2658 1187 2727 Evangelista
1209 2661 1454 2723 Marcus,
1474 2659 1554 2714 ad
1571 2660 1854 2713 loannem
1876 2655 2255 2729 [Baptistam]
2281 2661 2469 2712 omnis
2492 2657 2751 2715 Iudaeae
2777 2661 2937 2729 regio
2972 2665 3025 2715 et
3066 2660 3566 2730 Hierosolymitae

139 2748 849 2820 universi(4).Tolosanis
864 2763 966 2819 per
983 2746 1872 2816 voslucrifitegrediendilabor,
1909 2751 1968 2800 ut
1995 2746 2328 2817 proficiant.
2351 2747 2749 2803 Habentintra
2774 2753 3003 2819 portas,
3037 2750 3194 2804 unde
3228 2750 3304 2804 ad
3346 2751 3569 2805 sancti-

141 2839 411 2894 moniam
442 2838 766 2893 initientur.
802 2839 1002 2893 Vestra
1026 2836 1140 2891 illis
1173 2852 1234 2892 se
1265 2837 1553 2892 obiiciens
1587 2836 1860 2892 Cartusia
1890 2851 2131 2890 scenam
2161 2843 2352 2906 aperit
2383 2836 2697 2892 coelestem
2729 2854 2741 2892 :
2769 2838 3150 2908 vestibulum,
3185 2840 3352 2904 atria,
3388 2841 3569 2909 porti-

141 2941 267 2991 cus,
310 2928 487 2997 muri,
531 2932 753 2998 postes,
805 2942 906 2982 aer
946 2928 1070 2997 ipse
1119 2925 1467 2997 paradisum
1509 2925 1762 2996 spirans,
1805 2924 2203 2980 claustrorum
2251 2931 2621 2996 prospectus,
2663 2930 2720 2980 et
2759 2926 2818 2980 in
2857 2926 3156 2997 quadrum
3199 2927 3411 2996 digesti
3452 2927 3567 2983 late

143 3013 700 3071 circumiacentium
757 3015 998 3070 ordines
1029 3015 1334 3075 cellarum,
1382 3030 1534 3085 quas
1569 3013 1774 3068 videns
1825 3013 2036 3068 merito
2071 3012 2363 3068 exclamet
2412 3029 2548 3068 cum
2585 3013 2762 3069 Iacob
2795 3015 3174 3070 Patriarcha:
3213 3015 3429 3071 Castra
3461 3017 3567 3072 Dei

141 3110 284 3156 sunt
299 3102 446 3160 haec
460 3105 555 3175 (5),
572 3111 769 3160 castra
794 3105 998 3175 utique
1014 3105 1334 3168 Cartusiae,
1352 3119 1542 3158 novae
1559 3102 1923 3158 Sulamitidis
1939 3107 1992 3157 et
2016 3102 2226 3156 Christi
2244 3117 2523 3171 sponsae,
2542 3107 2605 3156 ut
2620 3109 2951 3159 castrorum
2969 3104 3123 3159 acies
3138 3103 3446 3160 ordinatae
3463 3105 3562 3176 (6).

143 3192 185 3245 E
213 3192 442 3262 quibus
489 3210 622 3250 cum
655 3195 822 3250 statis
875 3193 1038 3248 horis
1070 3193 1392 3264 procedere
1421 3195 1746 3248 cernuntur
1786 3198 2020 3247 ascetae
2078 3191 2250 3245 vestri
2285 3190 2382 3245 illa
2434 3191 2628 3246 fronte
2679 3191 2880 3247 adhuc
2931 3208 2967 3247 a
2997 3193 3213 3247 recenti
3269 3207 3408 3246 cum
3445 3196 3561 3248 Deo

141 3294 477 3348 congressu
532 3282 809 3352 fulgente,
868 3281 980 3336 illis
1035 3282 1223 3336 oculis
1277 3281 1474 3338 adhuc
1529 3281 1722 3336 uvidis
1781 3297 1812 3336 e
1865 3279 2386 3349 contemplationis
2441 3295 2699 3335 arcanae
2753 3281 2916 3346 ﬂetu,
2975 3281 3072 3336 illa
3124 3281 3561 3352 compositione

146 3381 310 3436 quae
343 3368 590 3434 angelos
613 3369 838 3433 referat,
865 3375 1046 3426 totam
1077 3372 1492 3434 Antoniorum,
1520 3369 1883 3425 Hilarionum
1904 3374 1961 3424 et
1992 3368 2316 3423 Paulorum
2339 3384 2370 3423 e
2396 3368 2694 3440 speluncis
2716 3370 2776 3425 in
2799 3376 3072 3442 apertum
3100 3371 3178 3427 ad
3206 3371 3562 3426 Deilaudem

147 3453 582 3524 prodeuntium
609 3457 884 3514 exhibent
908 3459 1186 3530 speciem,
1229 3459 1340 3514 nisi
1373 3459 1536 3529 quod
1570 3459 1811 3514 admota
1843 3459 2078 3529 penitus
2105 3458 2223 3512 cuti
2273 3457 2483 3524 cilicia,
2513 3474 2669 3529 quae
2696 3459 2776 3514 illi
2810 3460 3242 3527 monstrabant,
3268 3460 3564 3516 candidae

145 3543 404 3598 obtentu
441 3547 608 3600 vestis
636 3546 1033 3602 abscondunt.
1061 3548 1267 3603 Merito
1299 3548 1439 3602 tales
1460 3548 1755 3602 Tolosana
1787 3547 1994 3602 civitas
2023 3547 2252 3601 censuit
2280 3562 2409 3601 esse
2441 3547 2571 3602 illos
2605 3548 2811 3618 vigiles
2835 3550 3102 3605 custodes
3134 3566 3442 3605 murorum
3466 3550 3568 3620 qui

138 3633 794 3693 custodiuntcivitatem
810 3637 867 3692 in
885 3637 1202 3708 Scripturis
1224 3642 1587 3692 memoratos
1603 3637 1698 3706 (7),
1727 3637 1870 3692 dum
1891 3639 2345 3705 magistratuum
2363 3652 2432 3691 ac
2447 3636 2652 3707 p0puli
2680 3637 3028 3707 plenissimo
3059 3643 3116 3692 et
3145 3639 3565 3694 liberalissimo

135 3739 473 3788 consensu,
497 3742 674 3797 quem
691 3728 940 3782 Senatus
965 3725 1180 3780 deinde
1203 3727 1522 3782 auctoritas
1545 3726 1979 3796 comprobavit,
2005 3725 2241 3780 extendi
2263 3726 2427 3780 iussit
2450 3732 2684 3796 septum
2703 3726 3030 3782 Tolosanae
3053 3727 3352 3783 Cartusiae
3379 3743 3568 3798 usque

126 3813 204 3869 ad
238 3829 459 3869 muros
491 3814 673 3878 urbis,
708 3821 762 3870 et
792 3815 1294 3886 comprehensam
1320 3831 1390 3870 eo
1423 3815 1613 3886 spatio
1645 3815 1950 3869 moenium
1980 3821 2209 3884 partem
2244 3829 2312 3868 ac
2347 3819 2534 3868 turres
2566 3821 2791 3869 vestrae
2819 3815 2955 3869 ﬁdei
2987 3815 3300 3883 commisit,
3337 3817 3570 3886 sapiena

158 3905 167 3973 Ι
206 3909 291 3958 ter
310 3908 625 3976 reputans,
644 3903 875 3958 nullum
892 3920 1020 3958 esse
1046 3907 1122 3959 ad
1139 3905 1390 3960 tuendas
1407 3904 1583 3958 urbes
1601 3904 1887 3958 munitius
1901 3903 2201 3972 Religione
2218 3903 2764 3973 propugnaculum.
2782 3904 3165 3959 Meminerant
3188 3903 3334 3974 quid
3351 3906 3571 3958 Romae

130 3993 493 4062 contigisset
509 4009 544 4046 a
563 3991 745 4061 Vitige
759 4006 894 4061 rege
914 3991 1238 4047 Gothorum
1257 3993 1566 4060 obsessae,
1590 4008 1775 4061 quam
1805 4008 1991 4063 quum
2026 4006 2420 4061 pr0pugnans
2441 3990 2781 4055 Belisarius,
2816 3997 3047 4061 partem
3085 3992 3237 4045 muri
3262 3997 3501 4061 ruptam
3519 3996 3576 4044 et

127 4082 474 4137 insultibus
509 4096 698 4151 paene
734 4085 1037 4152 patentem
1078 4081 1411 4136 instaurare
1444 4098 1512 4137 ac
1548 4082 1778 4135 munire
1822 4079 2199 4142 decrevisset,
2237 4095 2540 4134 consensu
2571 4079 2950 4134 reclamantis
2990 4079 3194 4150 pOpuli
3239 4077 3575 4150 prohibitus

125 4171 387 4236 abstitit,
416 4170 655 4225 civibus
688 4170 914 4240 passim
934 4171 1219 4225 universis
1243 4169 1707 4233 afﬁrmantibus,
1732 4168 1952 4223 S.Petri
1980 4184 2042 4223 se
2073 4167 2289 4223 tutelae
2315 4167 2512 4222 locum
2542 4167 2704 4222 illum
2732 4167 3073 4231 credidisse,
3096 4172 3373 4238 certoque
3395 4166 3578 4221 confi-

120 4261 302 4316 deres
322 4274 678 4330 numquam
695 4261 944 4314 Romam
962 4274 1032 4314 ea
1049 4264 1212 4330 parte
1229 4259 1606 4330 capiendam.
1631 4262 1739 4312 Nec
1754 4273 1890 4329 spes
1907 4257 2037 4312 illos
2065 4256 2267 4312 fefellit
2286 4273 2414 4311 sua.
2435 4257 2605 4311 Nam.
2626 4256 2840 4325 Vitiges
2860 4256 3077 4311 frustra
3101 4255 3307 4310 omnia
3328 4259 3579 4316 conatus

120 4350 366 4405 solvere
400 4347 791 4404 obsidionem
824 4353 1184 4413 estcoactus,
1207 4349 1541 4419 prouthaec
1556 4364 1626 4403 ex
1650 4346 1885 4402 oculato
1905 4346 2244 4401 testimonio
2281 4345 2456 4400 refert
2489 4347 2591 4417 qui
2619 4360 2902 4415 praesens
2919 4344 3107 4399 adfuit
3131 4344 3572 4415 Procopius(8).

205 4439 246 4493 E
277 4437 431 4493 Tuis
467 4436 551 4492 ad
584 4437 657 4491 Te
680 4452 838 4492 nunc
863 4443 1138 4507 revertor,
1175 4435 2097 4505 venerabilissimepater.Spissa
2123 4441 2177 4490 et
2198 4433 2507 4505 multiplex
2531 4450 2786 4505 persona
2807 4433 2972 4487 vobis
2987 4434 3390 4488 Cartusiarum
3416 4447 3582 4502 prae-

128 4530 356 4600 positis
388 4527 748 4599 imponitur,
784 4543 855 4581 ex
886 4526 1107 4581 intimis
1135 4526 1636 4598 profundissimae
1653 4525 1849 4596 adytis
1876 4540 2148 4579 asceseos
2163 4525 2319 4578 exire
2340 4525 2445 4578 isto
2465 4523 2718 4578 subinde
2751 4521 2944 4578 ofﬁcio
2973 4523 3194 4577 coactis
3221 4521 3280 4576 in
3300 4524 3584 4576 tractatus

125 4634 274 4672 cum
303 4613 668 4688 proceribus
691 4618 747 4669 et
768 4615 992 4687 populo
1013 4615 1407 4686 promiscuos,
1435 4615 1493 4669 in
1517 4615 1980 4684 hospitalitatem
2010 4629 2242 4668 comem
2268 4617 2322 4667 et
2343 4612 2656 4679 mundam,
2683 4615 2740 4665 in
2767 4626 3073 4666 sermones
3095 4609 3584 4666 accommodatos

129 4705 824 4760 audientibusstatusac
855 4703 1389 4773 generiscuiusvis.
1413 4702 1677 4758 Pauciad
1695 4701 1949 4756 fundum
1971 4707 2300 4772 penetrant,
2331 4706 2562 4772 quanta
2581 4701 2668 4755 vis
2704 4702 2774 4755 sit
2800 4700 2959 4754 illius
2992 4700 3148 4755 Pauli
3180 4698 3430 4770 apostoli
3453 4714 3582 4752 sen-

125 4793 368 4851 tentiae
386 4808 400 4846 :
421 4791 704 4847 Omnibus
725 4791 925 4847 omnia
941 4792 1143 4861 factus
1166 4808 1317 4856 sum,
1341 4797 1402 4846 ut
1420 4806 1616 4846 omnes
1637 4791 1896 4850 facerem
1913 4791 2110 4846 salvos
2128 4790 2228 4860 (9).
2255 4792 2441 4854 Quam
2461 4790 2683 4855 vivida,
2706 4790 2978 4862 inquam,
3011 4794 3064 4843 et
3083 4787 3469 4843 scintillanter
3485 4787 3591 4841 mi—

125 4883 298 4940 cauti
335 4882 570 4936 mentis
584 4885 964 4950 experrectae
979 4880 1342 4950 praestantia
1362 4896 1515 4950 opus
1530 4879 1818 4950 Apostolo
1834 4879 2104 4948 gentium
2123 4878 2319 4944 fuerit,
2339 4886 2396 4933 ut
2421 4880 2498 4934 ab
2526 4879 2760 4943 ecstasi,
2777 4893 2897 4949 qua
2915 4882 3120 4949 raptus
3139 4877 3214 4932 ad
3239 4877 3590 4947 paradisum

123 4987 371 5031 arcana
402 4968 745 5026 ineﬂabilia
769 4968 1061 5032 audierat,
1091 4969 1169 5023 ad
1193 4968 1451 5024 facunde
1481 4969 1888 5039 perorandum
1916 4967 1971 5021 in
1999 4968 2196 5021 medio
2221 4969 2551 5038 AreOpago,
2585 4968 2661 5022 ad
2696 4966 2928 5037 prolixe
2953 4965 3368 5021 disserendum
3390 4980 3590 5020 coram

122 5066 302 5120 Festo
329 5057 646 5133 praeside,
675 5073 814 5128 rege
839 5057 1100 5128 Agrippa
1133 5064 1188 5112 et
1210 5059 1415 5128 regina
1444 5059 1734 5125 Berenice,
1768 5056 1845 5112 ad
1875 5056 2100 5112 urbane
2131 5057 2621 5112 conversandum
2649 5072 2788 5110 cum
2815 5055 3019 5124 Sergio
3043 5055 3225 5112 Paulo
3255 5053 3432 5125 Cypri
3455 5067 3594 5125 pro-

1760 5232 1993 5289 NOTAE
2006 5274 2018 5288 .

200 5414 290 5484 (2)
328 5403 799 5484 Corr.,__l_>_o_ssin_.
834 5402 1116 5460 videmus.
1149 5404 1375 5459 Epiron.
2017 5403 2091 5484 (ῃ
2125 5404 2291 5484 Cant,
2323 5404 2472 5484 V,__7_.
2524 5471 2546 5484 ἱ
2745 5475 2805 5484 Μ
2920 5471 2933 5484 1
2993 5473 3032 5484 ἢ
3291 5469 3389 5484 ω
3427 5481 3436 5484 _

207 5463 294 5552 ‘6’)
331 5463 496 5538 fs‘ai.
525 5463 734 5552 xxxv,
771 5481 820 5530 l.
1943 5545 1982 5552 __
2017 5463 2092 5544 (8')
2125 5463 2490 5552 Go_thic._'lixb.
2524 5471 2546 5525 1
2577 5488 2710 5544 cap.
2743 5475 2830 5536 33,
2864 5471 2959 5526 ed.
2993 5473 3132 5541 Reg.
3184 5485 3243 5540 p.
3290 5469 3438 5528 368;
3485 5463 3593 5524 lib.

331 5486 496 5538 lsai.
536 5486 734 5545 xxxv,
771 5486 820 5530 1.

270 5486 715 5628 ζΜδτοκῖιὲι.
770 5621 796 5628 -

2017 5486 2092 5544 (δ)
2125 5486 2350 5528 ῡοιωο.
2388 5486 2465 5527 nn

1942 5545 1982 5598 Η
2014 5560 2154 5628 9Ξ9;
2186 5549 2225 5628 ἓ
2254 5561 2311 5615 p'
2343 5547 2465 5628 άὶξρ·

231 5558 291 5628 4)
328 5558 524 5610 Marc.
558 5558 597 5612 I,
631 5558 680 5602 5.
1942 5558 1981 5598 ιι
2014 5560 2154 5614 cap.
2193 5558 2225 5597 2
2254 5558 2466 5615 p.410.
2725 5621 2732 5626 ν

235 5634 267 5684 5
332 5629 502 5682 Gen.
534 5618 736 5685 XXXII,
768 5621 820 5674 2.
2016 5615 2092 5686 (9)
2127 5616 2148 5669 Ι
2181 5616 2316 5672 Cor.
2362 5615 2449 5690 IX,
2480 5618 2567 5670 22.
2604 5614 2650 5672 II
2681 5615 2806 5673 Cor.
2841 5613 2948 5680 XII,
2978 5615 3030 5667 4.

203 5558 297 5772 ἓὸζ
335 5699 531 5754 Cant.
565 5691 654 5758 VI,
682 5693 735 5745 3.

237 5634 267 5684 5
332 5631 502 5682 Gen.
534 5631 735 5685 xxxii,

237 5631 297 5773 δὲ
335 5699 531 5754 Cant.
565 5691 654 5758 VI,
682 5693 735 5745 3.
