4092 6252
525 352 637 410 327
1672 344 1880 407 PETRI
1922 345 2208 407 POSSINI
2249 342 2791 407 PROLEGOMENA
3820 346 3916 407 328

523 477 793 543 consule,
819 476 1081 549 denique
1111 476 1189 532 ad
1210 476 1576 533 familiariter
1596 476 1894 548 simulque
1921 474 2135 531 utiliter
2162 475 2465 545 agendum
2480 474 2765 546 Philippis
2798 490 2933 529 cum
2969 474 3157 547 Lydia
3188 475 3566 547 purpuraria,
3591 475 3772 532 lconii
3795 491 3925 531 cum

520 566 739 623 Thecla
769 566 1019 636 virgine,
1052 565 1305 637 aliisque
1328 565 1475 621 alias
1497 566 1823 621 innumeris
1846 564 1981 636 (10).
2010 566 2099 621 Sic
2130 579 2429 636 nusquam
2454 563 2813 618 Iuculentius
2831 578 3017 635 quam
3037 563 3096 618 in
3125 565 3201 618 Te
3219 569 3489 635 apparet,
3508 564 3672 636 quod
3687 564 3925 635 quidam

521 660 787 710 veterum
809 654 1029 720 aiebat,
1056 654 1459 727 eloquentiam
1487 653 1700 710 silentii
1727 653 1953 726 prolem
1976 669 2128 719 esse,
2153 657 2209 707 et
2230 651 2535 707 neminem
2560 651 2725 723 loqui
2752 652 2993 707 uberius
3017 655 3076 707 et
3096 650 3354 718 dulcius,
3377 669 3563 724 quam
3588 653 3691 725 qui
3719 653 3816 707 diu
3842 669 3924 708 re-

518 742 896 812 ligiosissime
919 744 1197 809 tacuerit;
1225 742 1394 808 dum,
1421 749 1483 798 ut
1504 744 1836 798 Bernardus
1864 758 1931 796 ex
1962 742 2176 797 umbra
2195 746 2252 797 et
2273 757 2513 795 secessu
2535 740 2839 803 silvarum,
2866 742 2949 796 ita
2970 741 3051 795 Tu
3078 756 3109 795 e
3133 741 3508 796 severissima
3528 741 3764 797 claustri
3789 744 3913 797 taci-

519 833 814 897 turnitate,
847 832 1019 904 quasi
1050 848 1081 887 e
1113 831 1318 888 schola
1339 832 1644 887 rhetorum
1671 830 1956 902 prodiens
1984 830 2230 894 audiris,
2258 832 2755 902 quotiescumque
2784 829 3156 902 loquendum
3183 836 3289 894 est,
3321 828 3645 886 melliﬂuus
3667 835 3877 886 orator.

590 948 651 1001 In
691 946 892 1002 locum
934 963 1027 1002 me
1095 948 1418 1019 ancipitem
1461 947 1819 1019 propulsum
1863 947 2073 1014 sentio,
2117 945 2216 1001 ubi
2257 944 2624 1016 praedicare,
2666 944 2827 1016 quod
2886 944 3035 1000 haec
3074 944 3284 1000 civitas
3340 945 3615 1001 universa
3654 947 3823 1001 sentit
3858 952 3912 1001 et

512 1035 794 1108 loquitur,
826 1035 1148 1107 prohibeor
1178 1037 1511 1092 modestiae
1540 1036 1698 1091 Tuae
1728 1041 2023 1107 respectu,
2053 1050 2239 1106 quam
2268 1049 2515 1088 suarum
2546 1033 2891 1089 obtrusione
2920 1032 3175 1088 laudum
3202 1034 3324 1089 scio
3344 1040 3642 1106 quantum
3671 1033 3920 1091 offende-

512 1140 659 1181 rem.
687 1127 823 1180 Utar
853 1140 995 1193 ergo
1019 1125 1240 1180 astutia
1263 1126 1422 1180 Pauli
1456 1123 1727 1196 apostoli,
1756 1124 2076 1180 artiﬁcium
2104 1139 2279 1178 suum
2306 1122 2620 1194 quoddam
2670 1123 2679 1192 |
2735 1122 2847 1177 tale
2879 1121 3031 1177 adeo
3059 1137 3178 1177 non
3202 1122 3661 1187 dissimulantis,
3692 1130 3753 1179 ut
3777 1124 3921 1181 ultro

514 1213 858 1284 prodiderit,
874 1213 1123 1285 quando
1137 1213 1215 1268 ait
1229 1213 1573 1269 Corinthiis:
1596 1213 1743 1269 Cum
1757 1228 1936 1269 essem
1951 1218 2204 1276 astutus,
2223 1212 2358 1267 dolo
2374 1226 2471 1267 vos
2494 1211 2622 1279 cepi
2637 1210 2678 1281 (1
2698 1211 2767 1281 1).
2791 1213 3012 1281 Nempe
3040 1211 3194 1266 idem
3215 1212 3531 1266 Corinthiis
3562 1212 3771 1267 iisdem
3785 1214 3923 1268 alibi

511 1302 839 1373 proﬁtetur,
858 1317 919 1356 se
937 1302 1263 1373 quaedam,
1282 1317 1437 1374 quae
1464 1302 1536 1356 de
1554 1303 1719 1373 ipsis,
1740 1301 2133 1356 offensionem
2150 1316 2357 1355 eorum
2380 1305 2671 1363 metuens,
2698 1298 3001 1354 declarare
3027 1299 3361 1365 verebatur,
3392 1301 3847 1371 transﬁgurasse
3865 1304 3923 1357 in

511 1406 571 1446 se
594 1397 648 1446 et
668 1407 847 1445 suum
870 1391 929 1445 in
960 1390 1400 1460 praedicatione
1423 1390 1500 1445 ad
1525 1392 1689 1461 ipsos
1713 1392 1940 1445 socium
1966 1390 2056 1445 vel
2083 1390 2505 1444 a-lministrum
2526 1389 2759 1458 Apollo,
2782 1397 3028 1458 propter
3052 1390 3205 1457 ipsos
3236 1392 3371 1458 (l2),
3399 1395 3461 1444 ut
3480 1391 3692 1459 pudori
3721 1391 3927 1446 scilicet

514 1478 788 1548 ipsorum
821 1483 1109 1548 parceret.
1146 1480 1238 1533 Sic
1268 1484 1322 1532 et
1354 1494 1465 1547 ego
1497 1479 1554 1533 in
1589 1479 1717 1534 aliis
1751 1480 2021 1547 personis
2046 1480 2168 1533 Tua
2198 1478 2417 1533 decora
2449 1478 2838 1544 constituens,
2873 1477 3050 1532 simul
3082 1477 3561 1533 erubescentiam
3590 1478 3713 1534 Tibi
3745 1479 3925 1535 Tuam

511 1566 901 1637 lucrifaciam,
934 1567 1111 1621 simul
1137 1573 1337 1622 tamen
1369 1566 1568 1622 ofﬁcio
1600 1582 1735 1623 meo
1770 1582 1889 1622 non
1922 1566 2101 1621 deero
2134 1565 2538 1635 signiﬁcandi,
2572 1582 2728 1637 quae
2758 1581 2937 1621 nosse
2972 1566 3296 1621 multorum
3329 1568 3589 1622 interest.

586 1684 662 1738 De
697 1685 906 1752 Magno
934 1683 1187 1737 Antonio
1220 1683 1273 1739 S.
1306 1683 1665 1737 Athanasius
1689 1683 1911 1746 scribit,
1943 1681 2124 1737 fuisse
2150 1682 2316 1737 illum
2339 1682 2419 1737 ita
2446 1681 2504 1735 in
2533 1696 2860 1751 congressu
2891 1686 2945 1735 et
2967 1696 3244 1737 sermone
3260 1697 3397 1736 cum
3432 1683 3599 1737 omni
3619 1682 3925 1739 hominum

514 1787 730 1841 genere
753 1769 1087 1826 humanum
1116 1778 1170 1826 et
1196 1788 1467 1837 suavem,
1498 1776 1559 1827 ut
1591 1786 1711 1826 non
1742 1787 1772 1826 e
1798 1771 2045 1826 desertis
2076 1771 2400 1835 montibus,
2429 1770 2529 1825 ubi
2552 1785 2795 1825 omnem
2824 1774 3080 1825 aetatem
3113 1769 3414 1826 solitarius
3446 1777 3747 1841 exegerat.
3771 1772 3871 1828 sed
3898 1788 3924 1828 e

514 1861 650 1915 sinu
683 1859 983 1915 cultarum
1011 1859 1247 1915 urbium
1278 1861 1515 1932 prodire
1545 1860 1864 1915 videretur.
1896 1860 2088 1915 Verba
2119 1861 2248 1932 ipsa
2279 1875 2502 1930 ponam
2534 1859 2864 1923 Athanasii,
2897 1874 2971 1914 ne
2996 1862 3132 1931 quis
3172 1875 3207 1914 a
3240 1875 3335 1915 me
3364 1859 3508 1929 ﬁngi
3540 1863 3873 1932 suspicetur
3901 1880 3914 1916 :

518 1949 625 2021 οὐχ
677 1952 740 2008 ὡς
788 1949 838 1999 ἐν
882 1952 988 2021 ὄρει
1022 1953 1250 2022 τραφεὶς,
1306 1949 1458 2001 κάκεῖ
1500 1953 1658 2021 γέρων
1714 1954 2003 2021 γενόμενος,
2049 1950 2232 2021 ἄγριον
2286 1948 2399 2019 εἶχε
2460 1951 2518 2000 τὸ
2575 1944 2696 2008 ἦθος
2728 1967 2741 1981 ο
2775 1946 2903 1999 ἀλ)ὰ
2949 1952 3039 2000 καὶ
3090 1952 3299 2023 χαρίεις
3361 1945 3421 2006 ἧν
3474 1954 3563 2001 καὶ
3620 1949 3927 2012 πολιτικός’

511 2043 598 2093 τὸν
632 2036 690 2091 δὲ
718 2040 867 2109 λόγον
900 2038 1054 2110 ἐἶχεν
1080 2041 1362 2111 ἠρτυμένων
1385 2048 1458 2110 τῷ
1494 2042 1611 2110 θείῳ
1642 2039 1814 2102 ἅλατι,
1846 2040 1959 2095 hoc
1986 2046 2076 2094 est
2107 2056 2119 2093 :

2313 2043 2367 2093 ut
2393 2037 2456 2093 in
2484 2042 2677 2093 monte
2701 2036 2965 2092 nutritus
2993 2042 3047 2093 et
3072 2037 3155 2093 ibi
3179 2052 3360 2095 senex
3385 2038 3609 2106 factus,
3644 2045 3929 2108 agrestem

515 2129 720 2185 habuit
740 2143 846 2183 con
855 2131 1261 2189 versationem.
1279 2129 1380 2184 sed
1393 2130 1591 2183 suavis
1604 2132 1733 2185 erat
1748 2135 1799 2184 et
1818 2128 2034 2191 civilis,
2050 2143 2372 2184 sermonem
2392 2133 2589 2182 autem
2608 2126 2858 2183 habebat
2875 2126 3077 2182 divino
3089 2127 3214 2182 sale
3236 2126 3556 2183 conditum.
3579 2128 3737 2183 Haec
3752 2130 3931 2186 Atha-

511 2218 742 2282 nasius,
765 2218 867 2287 qui
891 2217 1158 2271 eiusdem
1183 2216 1327 2270 alibi
1347 2216 1589 2270 Antonii
1611 2217 1988 2289 eloquentiae
2008 2217 2339 2286 specimina
2361 2216 2580 2287 profert
2598 2216 2878 2284 insignia,
2903 2215 3117 2285 longas
3145 2216 3351 2286 ipsius,
3376 2217 3557 2271 etiam
3582 2217 3659 2271 ad
3688 2218 3930 2286 gentiles

513 2306 926 2378 philosophos,
957 2304 1257 2360 orationes
1288 2305 1564 2368 recitans,
1597 2305 1818 2376 quibus
1843 2306 1901 2360 in
1925 2305 2384 2360 admirationem
2418 2304 2499 2359 illi
2527 2311 2897 2376 raperentur.
2925 2304 3165 2359 Antonii
3191 2320 3428 2377 quoque
3458 2305 3793 2376 discipulus
3818 2307 3925 2362 Ma-

510 2396 705 2452 carius
735 2402 1136 2463 cognomento
1163 2393 1624 2459 Alexandrinus,
1650 2396 1754 2449 etsi
1784 2395 1967 2449 vitam
1989 2401 2047 2449 et
2066 2394 2195 2465 ipse
2221 2395 2279 2448 in
2300 2394 2534 2449 deserto
2554 2394 2798 2463 longam
2822 2394 3099 2459 duxerat,
3131 2399 3351 2459 tamen,
3381 2400 3442 2449 ut
3463 2395 3834 2450 Sozomenus
3859 2404 3931 2451 te-

513 2490 703 2539 statur
730 2484 867 2554 (l3),
901 2498 1034 2538 eam
1060 2482 1328 2537 exhibuit
1356 2482 1416 2536 in
1451 2484 1794 2553 promiscuo
1824 2498 1961 2538 cum
1991 2483 2157 2538 illum
2189 2482 2553 2537 adeuntibus
2588 2498 2700 2536 usu
2731 2497 2967 2537 morum
2998 2488 3055 2537 et
3082 2498 3432 2537 sermonum
3462 2483 3847 2553 elegantiam,
3869 2490 3925 2540 ut

511 2572 692 2641 vulgo
718 2572 1242 2641 cognominaretur
1273 2569 1452 2636 ἀστός,
1484 2570 1599 2626 hoc
1629 2577 1715 2627 est
1741 2572 2009 2627 urbanus
2040 2578 2097 2627 et
2123 2571 2334 2628 civilis.
2358 2570 2559 2627 Talem
2580 2569 2657 2623 Te
2682 2570 2906 2641 passim
2935 2570 3308 2639 gratulantur
3332 2570 3725 2637 admirantes,
3759 2575 3866 2643 qui
3890 2590 3919 2630 e

510 2675 836 2729 congressu
860 2662 982 2715 Tuo
994 2659 1263 2723 redeunt,
1290 2658 1513 2714 simule
1537 2659 1852 2730 prudentia
1867 2661 2274 2730 consiliorum,
2298 2660 2630 2729 egravitate
2652 2659 3158 2723 admonitionum,
3184 2660 3662 2717 esententiarum
3686 2663 3915 2733 sapien-

512 2749 596 2805 tia
622 2748 877 2803 fructum
911 2747 1096 2802 animi
1129 2763 1489 2803 mansurum
1528 2748 1587 2803 in
1620 2748 1758 2804 sinu
1787 2754 2177 2820 reportantes.

579 2858 694 2911 Nec
721 2859 919 2909 tenent
945 2870 1026 2919 se,
1050 2853 1196 2925 quin
1225 2854 1283 2908 in
1312 2853 1521 2909 laudes
1550 2859 1757 2926 postea
1777 2861 2118 2926 erumpant.
2142 2854 2328 2919 Unde,
2358 2858 2422 2909 ut
2443 2854 2525 2919 ﬁt,
2554 2853 2809 2923 gliscens
2832 2852 3012 2918 fama,
3037 2852 3281 2924 impleta
3303 2854 3559 2921 civitate,
3595 2856 3652 2911 in
3682 2857 3917 2928 provin-

511 2944 664 3000 ciam
692 2942 989 2998 redundat
1017 2958 1087 2998 eo
1124 2944 1389 3013 strepitu,
1424 2943 1595 2996 cuius
1623 2945 1850 2998 sonitus
1882 2959 1954 2997 ne
1985 2944 2058 2998 ad
2092 2946 2167 2998 Te
2199 2944 2524 3014 perveniat,
2560 2944 2681 3000 ulla
2709 2943 2949 2999 claustri
2981 2959 3050 2997 ac
3083 2943 3421 2998 solitudinis
3442 2945 3683 3001 obstare
3718 2947 3911 3001 muni-

503 3039 708 3088 menta
732 3039 971 3104 queant.
1004 3031 1132 3088 Non
1158 3030 1339 3102 igitur
1369 3034 1441 3086 Te
1471 3031 1611 3088 latet
1645 3048 1659 3097 ;
1692 3032 1799 3087 sed
1826 3048 1934 3087 nec
1967 3032 2044 3087 Te
2075 3032 2272 3098 laedit,
2302 3032 2410 3087 hoc
2440 3038 2549 3097 est,
2580 3033 2869 3088 humilem
2899 3031 3006 3086 Tui
3038 3046 3305 3098 sensum,
3358 3033 3462 3105 qui
3498 3048 3675 3089 verae
3706 3035 3918 3091 sancti-

502 3125 637 3180 tatis
665 3122 1207 3178 indubitatissimus
1228 3122 1538 3177 character
1563 3129 1668 3188 est,
1698 3122 1754 3176 in
1783 3124 1857 3177 Te
1891 3121 2010 3176 ulla
2033 3137 2104 3177 ex
2136 3128 2302 3192 parte
2331 3121 2542 3177 minuit
2568 3121 2877 3193 publicum
2904 3120 3063 3176 istud
3094 3119 3219 3175 Tibi
3246 3120 3645 3177 honoriﬁcum
3679 3139 3920 3194 praeco-

501 3212 692 3267 nium.
715 3210 843 3277 Quo
870 3210 1003 3281 plus
1024 3211 1309 3274 eveheris,
1330 3225 1401 3265 eo
1426 3212 1500 3265 Te
1519 3210 1693 3265 altius
1722 3213 1885 3281 apud
1911 3213 1985 3265 Te
2010 3226 2079 3264 co
2113 3212 2121 3279 |
2156 3226 2285 3265 ram
2311 3213 2427 3265 Deo
2448 3210 2759 3281 deprimis,
2778 3213 2988 3265 sancta
3005 3207 3126 3276 illa,
3156 3208 3532 3280 philosophis
3561 3210 3767 3281 ignota
3787 3227 3929 3282 gen-

507 3299 731 3364 tilibus,
762 3300 936 3353 unius
969 3298 1215 3369 propria
1241 3299 1664 3353 christianismi
1696 3298 2047 3362 humilitate,
2077 3314 2231 3370 quae
2259 3314 2562 3369 nusquam
2589 3299 2806 3353 eminet
2829 3296 3157 3368 probatior,
3190 3313 3375 3368 quam
3411 3297 3511 3352 ubi
3542 3298 3695 3354 inter
3724 3299 3930 3356 faven-

498 3387 765 3443 tissimos
800 3386 958 3457 vulgi
990 3386 1236 3456 plausus
1266 3392 1322 3442 et
1350 3386 1546 3442 famae
1576 3387 1954 3442 buccinantis
1984 3387 2178 3459 elogia
2208 3403 2428 3442 sonora
2454 3386 2657 3443 locum
2690 3386 3081 3441 nihilominus
3111 3400 3312 3450 suum,
3358 3386 3472 3440 hoc
3501 3391 3590 3441 est
3619 3387 3925 3455 inﬁmum,

496 3474 803 3531 mordicus
834 3475 1062 3531 retinet.
1091 3474 1315 3543 Magna
1343 3481 1397 3530 et
1422 3490 1569 3531 rara
1594 3475 1801 3539 virtus,
1830 3480 1889 3531 ut
1908 3476 2157 3531 idoneus
2180 3475 2384 3532 talium
2400 3475 2608 3545 judex,
2636 3474 2901 3529 'l‘uorum
2929 3472 3235 3545 exemplar
3259 3474 3616 3541 decorum,S
3634 3515 3647 3527 .
3676 3477 3930 3534 Bernar-

498 3575 615 3630 dus
645 3563 1017 3634 pronunciat,
1052 3563 1361 3619 humilitas
1390 3563 1688 3620 honorata
1717 3565 1847 3636 (14).

585 3668 772 3724 Huius
802 3669 927 3723 Tibi
958 3668 1307 3725 carissimae
1332 3672 1520 3741 pretio
1551 3670 1707 3725 dotis
1738 3670 2291 3727 commendandum
2324 3670 2487 3742 apud
2517 3673 2592 3725 Te
2618 3684 2801 3741 quem
2827 3667 3014 3725 offero
3044 3666 3263 3725 librum
3296 3675 3565 3738 autumo,
3596 3670 3660 3726 in
3694 3675 3930 3730 cunctis

504 3757 624 3813 fere
653 3758 887 3828 paginis
917 3758 1447 3815 christianissimae
1471 3773 1540 3815 ac
1571 3759 2052 3830 religiosissimae
2089 3760 2313 3815 virtutis
2339 3760 2518 3815 huius
2549 3759 2825 3813 encomia
2854 3758 3191 3824 ambitiose,
3226 3773 3415 3829 paene
3442 3759 3715 3827 dixerim,
3754 3777 3927 3833 pero-

499 3853 757 3902 rantem.

563 3956 676 4009 Nec
710 3953 922 4015 minus,
963 3969 1159 4025 spero,
1193 3953 1449 4024 placebit
1478 3956 1694 4010 ascetis
1725 3954 1852 4010 istis
1885 3954 2241 4010 venerandis
2271 3957 2329 4009 et
2356 3953 2571 4009 domus
2603 3954 2697 4009 hic
2728 3953 2906 4009 huius
2932 3954 3087 4009 Tuae
3120 3960 3177 4008 et
3207 3953 3468 4009 universi
3501 3954 3641 4009 alibi
3676 3956 3926 4028 uspiam

491 4043 640 4097 sacri
664 4042 837 4097 vestri
864 4042 1110 4097 ordinis.
1140 4043 1369 4097 Iuvabit
1394 4044 1556 4113 ipsos
1583 4043 1699 4097 illic
1722 4043 2169 4108 abstinentiam,
2193 4058 2378 4114 quam
2396 4042 2541 4097 orbe
2567 4044 3034 4113 obstupescente
3052 4056 3201 4097 mire
3228 4044 3574 4098 continuam
3595 4053 3921 4117 exercent;

492 4130 793 4185 silentium
807 4138 1135 4196 aeternum,
1150 4131 1473 4186 coelituum
1488 4131 1766 4202 alloquiis
1781 4131 2291 4187 confabulationes
2306 4131 2616 4187 hominum
2635 4130 3065 4202 permutatione
3078 4135 3451 4201 quaestuosa
3464 4147 3887 4204 compensans
3912 4152 3927 4195 ;

491 4221 953 4289 abnegationem
979 4220 1388 4289 evangelicam
1406 4220 1516 4285 sui,
1540 4220 1980 4275 abdicationem
1998 4226 2385 4285 terrenarum,
2407 4220 2832 4275 adhuesionem
2853 4218 2971 4274 Deo
2984 4234 3272 4289 superom
3284 4219 3383 4274 nia
3403 4220 3565 4274 indiv
3577 4221 3774 4277 ulsam
3794 4224 3931 4292 glu-

488 4306 611 4361 tino
625 4322 938 4377 nunquam
954 4307 1327 4362 intermissae
1343 4308 1506 4363 iuxta
1519 4309 1930 4376 suggestiones
1949 4309 2367 4379 apostolicas(l
2382 4310 2435 4381 5)
2454 4308 2758 4372 orationis,
2784 4314 3169 4379 caeterasque
3200 4307 3686 4380 religiosissimus
3708 4312 3924 4369 obser-

493 4396 760 4449 vationes
783 4394 998 4466 ubique
1018 4396 1438 4466 praescriptas,
1455 4396 1846 4467 praedicatas,
1864 4397 2199 4469 praeceptis
2214 4398 2431 4469 pariter
2444 4396 2800 4468 etexemplis
2815 4396 3652 4460 commendatas,informatas
3674 4400 3930 4456 intueri.

488 4484 636 4540 Suas
662 4499 906 4555 prorsus
938 4485 1203 4553 ipsorum
1239 4485 1298 4539 in
1325 4485 1438 4539 hoc
1470 4484 1648 4555 quasi
1672 4484 1916 4555 speculo
1944 4485 2167 4541 formas
2193 4486 2505 4556 aspicient,
2538 4491 2594 4540 et
2617 4500 2775 4556 quae
2804 4484 3071 4539 instituto
3098 4483 3334 4540 dudum
3358 4488 3557 4541 vestro
3578 4486 3929 4546 domestico

490 4578 800 4642 usurpant,
823 4572 1013 4640 dictis,
1039 4574 1206 4638 actis,
1227 4572 1458 4642 legibus
1478 4574 2037 4642 antiquissimorum
2054 4573 2348 4629 Ecclesiae
2366 4576 2597 4629 Patrum
2612 4574 2738 4643 jam
2761 4572 2904 4628 olim
2927 4574 3723 4646 exercitacomprobataque
3750 4592 3927 4633 reco-

485 4666 772 4730 gnoscent
802 4661 1097 4730 voluptae,
1123 4668 1417 4732 quantum
1436 4677 1719 4731 auguror,
1748 4677 1866 4717 non
1896 4678 2100 4733 parva.
2132 4664 2309 4718 Cuius
2328 4664 2387 4719 in
2419 4660 2796 4732 suggerenda
2821 4676 2923 4733 per
2955 4662 3109 4717 hanc
3140 4660 3465 4718 editionem
3490 4666 3825 4722 occasione
3850 4682 3923 4721 ac

483 4748 780 4815 facultate,
814 4750 857 4802 si
890 4764 1076 4820 quam
1107 4750 1246 4804 mihi
1277 4751 1645 4819 contingeret
1672 4767 1706 4803 a
1730 4750 1807 4804 Te
1836 4759 1890 4805 et
1920 4751 2032 4805 illis
2062 4751 2208 4806 inire
2237 4753 2513 4821 gratiam,
2548 4750 2789 4805 abunde
2819 4749 3025 4821 ampla
3055 4750 3134 4805 illi
3169 4766 3398 4806 merces
3445 4753 3919 4824 rependeretur,

487 4836 586 4891 ubi
617 4852 719 4907 per
775 4838 1007 4892 Vestrae
1037 4838 1467 4903 indulgentiam
1517 4837 1777 4895 caritatis
1804 4840 2259 4911 participatione
2306 4841 2575 4912 quadam
2608 4839 2949 4894 meritorum
2984 4836 3528 4912 suffragiorumque
3562 4841 3926 4899 Vestrorum

480 4940 846 4997 aspergerer.
870 4926 1059 4991 Quod,
1089 4925 1426 4980 multumiis
1453 4926 1747 4995 indigens,
1768 4926 1901 4982 licet
1920 4943 2038 4982 non
2056 4928 2252 4982 minus
2272 4929 2629 4995 immeritus,
2653 4934 2796 4998 opto
2822 4932 2879 4983 et
2905 4943 3116 4992 voveo,
3135 4928 3469 4984 fautissima
3502 4927 3676 4984 Vobis
3701 4933 3927 4987 omnia

479 5029 729 5085 precans
761 5018 816 5067 et
844 5029 1164 5083 augurans.
1202 5014 1355 5079 Vale,
1396 5014 1750 5069 venerabilis
1794 5021 1985 5083 pater,
2029 5021 2085 5070 et
2115 5016 2227 5072 hoc
2278 5017 2719 5089 qualecumque
2750 5016 3108 5087 obsequium
3162 5031 3236 5071 ne
3286 5017 3551 5085 graveris
3582 5016 3923 5075 admittere

473 5101 1421 5244 addictissélflilgélfxqéxquiverso
1457 5108 1651 5157 vestro
1686 5104 2066 5160 sanctissimo
2081 5104 2277 5161 ordini
2304 5105 2681 5162 devotissimi
2707 5104 2954 5161 clientis.
2987 5104 3328 5161 Scribebam
3355 5103 3609 5162 Tolosae
3635 5107 3747 5162 XVI
3774 5107 3916 5164 Kal.

482 5189 645 5244 Sent.
669 5191 715 5241 Α
822 5189 860 5244 ἱ)
1180 5189 1221 5241 I.

482 5189 645 5259 Sept.
669 5191 715 5241 Α
755 5189 1221 5244 CIDIDCLXXXII.

2044 5384 2295 5439 NOTAE.

550 5589 667 5658 (10)
704 5588 828 5643 Act.
872 5584 1159 5658 xvn,22.
1204 5586 1363 5646 xxv.
1416 5587 1588 5642 xxw.
1630 5584 1768 5652 x111,
1810 5589 1862 5641 7.
1905 5586 2040 5642 xv1.
2310 5585 2422 5658 (l3)
2468 5587 2702 5643 Sozom.
2750 5587 2900 5643 Hist.
2950 5585 3107 5644 Eccl.
3152 5586 3261 5645 lib.
3309 5586 3380 5642 III
3419 5599 3557 5658 cap.
3611 5589 3703 5642 I3.

550 5589 667 5658 (10)
704 5588 828 5643 Act.
872 5585 1029 5650 XVII,
1072 5588 1159 5639 22.
1204 5586 1363 5646 XXV.
1416 5587 1588 5642 XXVI.
1630 5585 1768 5652 XIlI,
1810 5589 1862 5641 7.
1905 5586 2040 5642 XVI.

544 5660 660 5729 (11)
701 5658 746 5713 ll
787 5660 919 5714 Cor.
965 5657 1072 5723 XII,
1119 5659 1208 5715 16.

553 5730 667 5801 (12)
709 5730 730 5786 I
769 5727 902 5788 Cor.
943 5730 1036 5799 IV,
1079 5735 1138 5789 6.

2309 5585 2422 5801 ἕω)
2468 5587 2702 5643 Sozom.
2750 5587 2900 5668 Hist.
2950 5585 3107 5644 Eccl.
3152 5586 3261 5645 lib.
3309 5586 3380 5642 III
3419 5599 3557 5713 (Ἢ).
3611 5589 3703 5642 13.

2341 5663 2401 5712 14
2455 5659 2516 5716 S.
2567 5658 2848 5715 Bernardi
2893 5660 3069 5717 Hom.
3118 5658 3190 5713 1V
3227 5672 3407 5731 super
3514 5670 3670 5714 usus
3710 5659 3823 5713 est.

2337 5731 2422 5801 l5)
2461 5728 2483 5785 Ι
2521 5730 2730 5787 Thess.
2776 5729 2842 5801 V,
2898 5734 2989 5790 17.

553 5727 667 5814 (12)
709 5730 730 5786 I
769 5727 902 5788 Cor.
943 5730 1036 5799 IV,
1079 5735 1138 5789 6.

2309 5727 2422 5801 (15)
2461 5728 2483 5785 1
2521 5730 2730 5787 Thess.
2776 5729 2842 5802 ν,
2898 5734 2988 5790 17.
