4092 6252
208 267 315 324 329

1251 265 1346 318 ΑΙ)
1386 263 1762 320 OPUSCULA
1801 263 1863 321 S.
1906 263 2212 321 MACARII
2251 265 2604 324 AEGYPTII.

3526 275 3633 330 330

711 451 1277 592 PETRI
1341 449 2101 596 POSSINI
2170 454 2530 597 SOG
2635 457 3119 602 JESU

1065 712 1141 769 IN
1194 710 1679 772 THESAURUM
1722 709 2170 771 ATCETICUM
2217 712 2788 773 PROLEGOMENA

231 1034 242 1104 |
291 1033 333 1086 Ι.
370 1031 699 1087 Duodecim
715 1030 1859 1100 graecorumPatrumveterumoctode—
1899 1029 1945 1083 A
1977 1029 2147 1083 cuius
2181 1029 2390 1085 intima
2407 1032 2717 1086 notiocum
2754 1032 2902 1087 tituli
2929 1032 3068 1088 huic
3103 1033 3433 1089 collectioni
3457 1050 3633 1106 prae-

204 1123 316 1176 cim
333 1120 665 1192 Opuscula,
699 1134 1036 1191 numquam
1057 1119 1346 1174 hactenus
1373 1117 1461 1173 vel
1483 1134 1690 1189 graece
1706 1121 1863 1174 edita

203 1211 300 1266 vel
313 1210 494 1266 latine
507 1208 760 1273 reddita,
780 1214 1030 1279 utraque
1048 1208 1222 1263 simul
1239 1208 1515 1277 exposita
1533 1207 1738 1276 lingua
1752 1209 1863 1264 hoc

206 1299 455 1355 collecta
471 1303 852 1368 syntagmate
868 1296 991 1360 tibi,
1019 1295 1480 1360 tector,offerens
1499 1312 1626 1362 oro,
1645 1298 1862 1355 utdum

206 1389 281 1445 de
307 1390 377 1443 iis
409 1394 467 1443 et
497 1403 706 1443 eorum
738 1386 1080 1440 auctoribus
1112 1402 1364 1458 meaque
1399 1387 1457 1440 iu
1499 1387 1611 1441 illis
1651 1388 1862 1442 exscri-

204 1477 422 1533 bendis
457 1483 513 1531 et
545 1475 1002 1546 interpretandis
1029 1491 1213 1545 opera
1253 1475 1580 1547 quaedam,
1615 1492 1766 1548 quae
1811 1481 1864 1532 te

205 1582 386 1623 nosse
411 1567 651 1636 juverit,
689 1579 942 1634 expono,
973 1579 1046 1619 ne
1077 1564 1320 1618 brevem
1353 1565 1740 1620 commodare
1765 1582 1864 1620 au-

211 1654 501 1709 dientiam
536 1668 798 1722 gravere.

229 1739 231 1742 ’
284 1743 527 1798 Multum
556 1748 609 1796 et
634 1741 802 1796 dulce
825 1757 858 1796 a
888 1741 1083 1813 prima
1113 1741 1254 1795 mihi
1279 1742 1864 1798 inventutestudium

203 1831 315 1887 fuit
349 1831 740 1885 bibliothecas
763 1829 1866 1902 vetereslustrandi,quaequeiniisin-

200 1921 290 1976 edi
303 1919 742 1991 ta,praesertim
761 1934 995 1988 graeca,
1012 1924 1389 1973 servarentur
1404 1919 1480 1974 ab
1496 1920 1867 1987 elegantibus

196 2009 337 2066 olim
366 2008 625 2078 ingeniis
656 2008 1009 2078 composita,
1043 2023 1160 2061 non
1210 2009 1615 2076 cognoscendi
1648 2009 1863 2075 solum,

197 2099 354 2172 quod
391 2096 719 2152 insatiabili
749 2097 1055 2166 voluptate
1089 2094 1403 2161 faciebam,
1440 2098 1538 2151 sed
1577 2097 1775 2163 etiam,
1808 2100 1864 2153 in

197 2203 318 2260 quo
336 2186 553 2241 vicend
565 2202 656 2238 um
676 2200 853 2255 saepe
867 2185 1120 2240 taedium
1137 2187 1475 2240 aerumnosi
1502 2185 1720 2240 laboris
1736 2186 1861 2250 fuit,

194 2273 776 2346 longadescribendi
792 2274 1076 2342 patientia
1097 2273 1151 2326 in
1173 2273 1370 2328 literas
1395 2275 1546 2328 lectu
1574 2274 1863 2330 faciliores

1973 1117 2073 1173 ﬁxi
2098 1119 2482 1189 intelligentia
2509 1125 2565 1174 et
2607 1121 2884 1176 universo
2931 1128 3283 1191 argumento
3335 1123 3628 1178 librorum

1972 1207 2086 1262 hoc
2109 1214 2372 1278 systema
2401 1207 2792 1264 conﬂantium
2825 1211 3131 1280 implicata
3162 1219 3268 1276 est,
3314 1213 3528 1281 lucide,
3574 1212 3626 1266 si

1972 1312 2242 1368 possum,
2262 1297 2660 1370 distincteque
2675 1298 3028 1354 declarandi.
3048 1302 3333 1356 Graecum
3355 1303 3627 1365 verbum,

1972 1387 2064 1441 cui
2092 1386 2272 1441 latina
2298 1401 2574 1442 exercere
2602 1403 2672 1442 ac
2703 1389 2982 1443 meditari
3001 1389 3386 1459 respondent,
3407 1391 3523 1444 iam
3553 1391 3632 1445 ab

1975 1491 2124 1530 aevo
2140 1476 2471 1545 priscorum
2492 1477 2815 1531 Atticorum
2831 1493 2950 1531 non
2982 1477 3056 1533 ad
3087 1478 3347 1532 cuiusvis
3375 1478 3634 1533 exercitii

1975 1564 2471 1632 significationem
2488 1565 2854 1636 applicatum
2870 1572 2975 1633 est,
3006 1566 3113 1622 sed
3137 1571 3476 1621 constanter
3493 1571 3634 1621 etex

1974 1653 2242 1723 professo
2285 1653 2471 1708 iterati
2500 1653 2578 1708 ad
2629 1659 2856 1708 certum
2908 1654 3088 1708 ﬁnem
3147 1654 3490 1724 perficiendi
3545 1654 3636 1709 vel

1976 1743 2242 1811 corporis
2274 1741 2364 1795 vel
2397 1742 2598 1796 animi.
2645 1745 2790 1796 Nam
2835 1748 2887 1797 et
2944 1743 3151 1798 militia
3198 1751 3253 1797 et
3302 1744 3632 1814 pugilatus,

1977 1845 2209 1894 cursus,
2227 1830 2384 1884 lucta
2407 1831 2699 1901 ceterique
2714 1845 2961 1899 agones,
2979 1837 3035 1884 et
3060 1831 3630 1895 venatio,etcantus,

1976 1923 2031 1973 et
2047 1919 2324 1973 tibiarum
2339 1935 2407 1974 ac
2421 1918 2631 1972 ﬁdium
2651 1919 2926 1983 melodia,
2948 1919 3292 1990 similesque
3310 1926 3412 1974 aut
3430 1919 3634 1974 iucun-

1977 2008 2087 2061 dae
2109 2013 2211 2061 aut
2240 2007 2411 2062 utiles
2441 2008 2693 2078 ideoque
2725 2008 2783 2062 in
2807 2008 2994 2079 pretio
3025 2008 3269 2063 habitae
3292 2014 3470 2074 artes,
3494 2024 3633 2063 suas

1978 2096 2426 2166 habentcuique
2440 2097 2928 2151 accommodatas
2943 2111 3185 2160 asceses,
3213 2097 3635 2152 meditamenta

1975 2191 2031 2239 et
2059 2185 2677 2253 praeexercitationes,
2702 2185 2926 2255 quibus
2953 2185 3029 2239 ad
3062 2201 3163 2239 eas
3195 2185 3495 2240 initientur
3528 2184 3634 2254 qui

1977 2275 2299 2328 clarescere
2335 2281 2436 2328 aut
2469 2273 2630 2328 beari
2663 2289 2768 2343 per
2815 2274 2943 2328 illas
2978 2278 3242 2344 sperant.
3280 2274 3632 2344 Plerumque

195 2362 1860 2435 exarchetypisaevoiamevanescentibustransferendi,
1904 2370 1944 2424 Β
1980 2369 2175 2418 tamen
2237 2361 2574 2432 philosophi
2635 2367 2856 2416 veteres
2914 2363 2991 2417 ad
3062 2363 3274 2417 mentis
3331 2361 3632 2416 culturam

195 2454 242 2509 si
271 2469 486 2526 quaex
508 2453 599 2506 his
614 2451 870 2506 aliorum
903 2459 1005 2505 aut
1024 2466 1155 2505 meo
1173 2453 1304 2507 usui
1332 2453 1642 2522 quondam
1670 2454 1866 2523 profu-

192 2547 326 2599 tura
343 2545 756 2614 sperarentur.
775 2539 836 2592 ln
853 2554 974 2609 quo
986 2538 1264 2608 equidem
1281 2556 1315 2594 a
1330 2541 1490 2596 nullo
1506 2541 1861 2612 scriptorum

190 2631 604 2688 laudabilium
639 2628 927 2683 abhorrui
951 2643 1184 2695 genere.
1215 2629 1417 2700 utique
1435 2631 1536 2700 qui
1557 2631 1861 2687 rhetorum

192 2722 375 2776 etiam
407 2723 800 2789 etpoetarum
818 2715 1173 2770 nonnullam
1197 2718 1278 2770 sic
1313 2720 1715 2785 congesserint
1751 2719 1861 2774 far-

191 2809 499 2879 raginem,
515 2806 834 2862 historicos
854 2821 996 2860 vero
1011 2806 1307 2876 quosdam
1336 2806 1626 2863 ediderim
1646 2831 1655 2870 ;
1674 2808 1862 2863 fateor

195 2904 424 2962 tamen,
461 2895 727 2968 proniori
758 2910 851 2950 me
892 2893 1109 2948 affectu
1143 2895 1490 2951 incubuisse
1530 2897 1605 2952 ad
1639 2898 1861 2968 scripta

199 2991 444 3040 Patrum
476 3001 542 3040 ac
561 2985 974 3054 Magistrorum
995 2982 1286 3038 Ecclesiae
1301 2985 1633 3055 priscorum
1662 2986 1860 3042 adhuc

199 3073 491 3129 latentiae
518 3073 758 3144 pulvere
789 3072 1128 3142 pluteorum
1152 3073 1436 3137 eruenda,
1472 3090 1573 3127 seu
1596 3090 1752 3144 quae
1782 3075 1858 3130 ad

199 3163 497 3217 librorum
522 3163 946 3218 canonicorum
982 3161 1414 3231 expositionem
1439 3169 1724 3232 spectant,
1753 3179 1857 3218 seu

204 3250 500 3306 culturam
519 3266 751 3305 morum
784 3250 1209 3321 religionisque
1245 3250 1625 3321 disciplinam
1640 3268 1708 3306 ex
1726 3269 1854 3322 pro-

203 3339 368 3392 fesso
406 3339 731 3392 tractantia.
769 3339 980 3392 Prioris
1025 3340 1361 3406 argumenti
1407 3340 1708 3410 quaedam
1741 3340 1856 3396 luci

211 3425 376 3491 dedi,
408 3425 580 3495 plura
617 3425 672 3479 in
698 3426 922 3480 scriniis
949 3427 1164 3482 habeo.
1185 3429 1502 3484 Suntenim
1529 3445 1707 3499 penes
1740 3446 1852 3493 me,

212 3514 369 3569 ultra
383 3513 612 3568 dudum
627 3515 794 3570 datas
811 3517 1038 3571 Patrum
1071 3516 1380 3588 symbolas
1410 3517 1468 3570 in
1497 3518 1854 3573 Matthaeum

205 3607 265 3658 et
297 3602 1010 3674 Marcum,supplementa
1035 3610 1091 3658 et
1121 3604 1665 3675 auctariainsignia
1697 3608 1856 3661 Cate-

1979 2453 2380 2522 virtutumque
2415 2451 2666 2522 praxim,
2694 2467 2796 2520 per
2818 2467 2970 2521 quas
2986 2452 3169 2505 homo
3197 2451 3272 2506 ad
3288 2450 3625 2505 felicitatem

1975 2540 2333 2610 disponitur,
2350 2554 2606 2595 asceseos
2620 2539 3060 2611 appellationem
3077 2540 3455 2609 adaptarunt.
3473 2541 3634 2603 Quos

1976 2628 2184 2684 imitati
2218 2629 2483 2682 unanimi
2515 2643 2812 2682 consensu
2833 2629 2950 2682 iam
2985 2627 3240 2698 aprimis
3263 2628 3411 2697 legis
3442 2642 3628 2682 novae

1975 2716 2226 2772 saeculis
2266 2716 2645 2772 ecclesiastici
2686 2717 3002 2787 scriptores
3043 2717 3269 2772 ascesin
3329 2731 3447 2771 non
3509 2716 3629 2770 fere

1973 2806 2149 2861 aliam
2174 2811 2508 2875 agnoscunt
2529 2808 2586 2859 et
2604 2805 2970 2876 praedicant,
2997 2819 3182 2876 quam
3206 2821 3362 2876 quae
3385 2805 3461 2859 ab
3485 2803 3629 2874 ipsis

1972 2895 2356 2962 distinguitur
2396 2894 2677 2948 adiuncto
2720 2893 2953 2963 pietatis
3004 2911 3072 2948 ac
3114 2893 3436 2963 religionis,
3478 2907 3630 2964 quae

1971 2984 2234 3038 animam
2269 2983 2457 3053 pascit
2487 2982 2704 3037 divinis
2734 2983 2998 3037 sensibus
3022 3000 3037 3036 :
3065 2983 3246 3037 verba
3270 2988 3405 3036 sunt
3433 2981 3627 3036 Basilii

1970 3073 2184 3141 Magni,
2202 3073 2558 3141 scriptorum
2575 3072 2962 3126 asceticorum
2979 3070 3148 3125 facile
3167 3071 3466 3140 principis,
3492 3070 3548 3122 in
3565 3069 3629 3123 li-

1969 3164 2079 3217 bro
2125 3163 2198 3215 De
2231 3161 2347 3215 vita
2374 3159 2658 3214 solitaria.
2693 3157 2946 3213 Addicta
2972 3159 3150 3227 igitur
3187 3175 3295 3212 usu
3325 3157 3446 3213 iam
3481 3157 3625 3212 olim

1969 3249 2372 3305 ecclesiastico
2390 3254 2474 3303 est
2489 3247 2700 3303 ascesis
2715 3263 2928 3316 graeca
2948 3263 3061 3302 vox
3077 3247 3434 3302 indicandae
3452 3245 3626 3318 praxi

1968 3347 2207 3394 actuum
2244 3339 2606 3392 iuternorum
2643 3337 2944 3392 humanae
2978 3337 3188 3390 mentis
3215 3342 3270 3390 et
3307 3335 3627 3390 voluntatis

1973 3432 2085 3483 Deo
2101 3427 2352 3482 colendo
2379 3431 2436 3481 et
2467 3426 2576 3480 sibi
2609 3425 3004 3497 perﬁciendis,
3050 3425 3539 3496 semperquidem
3570 3429 3625 3478 et

1970 3517 2326 3588 ubique,sed
2344 3518 2401 3572 in
2417 3533 2656 3572 secessu
2681 3518 3028 3586 praesertim
3059 3533 3127 3570 ac
3153 3513 3493 3579 solitudine,
3519 3519 3619 3569 aut

1968 3607 2028 3661 in
2060 3606 2332 3661 convictu
2362 3612 2417 3660 et
2447 3605 2838 3660 contubernio
2870 3605 3029 3660 idem
3053 3621 3119 3660 ex
3143 3605 3408 3660 instituto
3434 3603 3626 3658 medi-

200 3707 421 3747 narum
437 3692 801 3747 editarumin
822 3695 1038 3748 Lucam
1073 3709 1143 3747 ac
1172 3696 1461 3748 Joannem
1495 3702 1548 3748 et
1580 3694 1639 3749 in
1671 3696 1857 3749 Gene-
1892 3712 1933 3767 ς
1970 3696 2146 3750 tantis
2180 3694 2509 3750 sodalitatis
2557 3694 3012 3749 attendentium.

197 3782 309 3836 sim
342 3798 354 3846 ;
373 3782 622 3837 Catenae
642 3781 778 3836 item
800 3782 1065 3848 integrae
1081 3783 1530 3852 copiosissimae
1545 3783 1604 3837 in
1621 3785 1851 3848 Isaiam,

196 3869 583 3936 Ezechielem,
631 3871 934 3926 Danielem
971 3889 984 3940 ;
1030 3872 1253 3927 scholia
1287 3873 1501 3941 pariter
1540 3887 1755 3941 graeca
1795 3875 1854 3927 in

193 3959 520 4029 prophetas
555 3959 815 4013 minores
846 3958 1166 4014 duodecim
1204 3977 1216 4024 ;
1247 3968 1569 4030 perpetuus
1611 3963 1855 4031 insuper

191 4049 670 4103 Commentarius
702 4046 868 4101 libris
889 4047 1210 4104 duodecim
1269 4064 1573 4118 expansus
1619 4052 1670 4106 S.
1716 4052 1850 4105 Gre-

187 4138 336 4203 gorii
378 4136 654 4206 episcopi
697 4135 1064 4204 Agrigentini
1101 4137 1159 4191 in
1218 4137 1628 4204 Ecclesiasten,
1671 4155 1852 4209 quem

185 4226 422 4280 erudito
451 4225 651 4280 iuveni
689 4224 1213 4281 loanniFrancisco
1248 4226 1319 4280 de
1351 4226 1568 4281 Rubeis
1587 4230 1853 4282 Romano

188 4314 482 4369 latinitate
516 4313 1098 4368 aclucedonandum
1152 4317 1166 4385 ι
1226 4315 1642 4385 reliquiRoma
1673 4317 1855 4372 disce-

191 4400 341 4456 dens
372 4417 540 4457 anno
569 4402 856 4471 superiori
877 4406 1002 4458 t68t
1035 4402 1853 4475 ;deniquecomplementuin

190 4491 389 4559 operis
419 4489 768 4561 imperfecte
787 4490 927 4545 editi
963 4493 1018 4546 S.
1049 4493 1306 4563 Gregorii
1341 4494 1590 4564 Nysseni
1622 4495 1678 4547 in
1711 4511 1852 4550 eun-

193 4577 329 4632 dem
345 4579 767 4643 Ecclesiasten,
787 4584 1259 4652 postocto,quae
1289 4587 1544 4647 exstant,
1575 4582 1852 4638 homilias

193 4667 626 4734 expositionem
661 4667 1051 4738 perducentes
1071 4669 1146 4723 ad
1164 4671 1398 4723 tertium
1421 4669 1730 4737 duntaxat,
1748 4687 1855 4726 nec

195 4751 394 4822 ipsum
428 4760 618 4810 totum
645 4757 796 4810 sacri
828 4755 957 4811 eius
993 4757 1123 4811 libri
1157 4764 1356 4828 caput,
1396 4758 1691 4829 reliquum
1725 4761 1852 4814 uni-

195 4855 436 4896 versum
469 4843 650 4898 Patris
678 4843 945 4898 eiusdem
978 4845 1348 4901 disertissimi
1386 4863 1572 4918 usque
1616 4848 1690 4902 ad
1717 4865 1850 4903 ver-

192 4946 328 4984 sum
346 4931 624 4986 ultimum
648 4934 930 5003 postremi
952 4934 1296 4990 duodecimi
1319 4937 1529 5006 capitis
1553 4952 1683 4991 com
1696 4953 1856 4991 men-

193 5018 407 5075 tarium
438 5019 752 5076 exhibens.

263 5111 327 5163 ll.
365 5109 645 5165 Coutiteri
675 5115 875 5166 tamen
889 5111 1101 5178 debeo,
1125 5112 1479 5169 delectatum
1505 5130 1598 5169 me
1629 5115 1858 5184 potissi-

194 5212 359 5252 mum
391 5214 655 5254 occursu
695 5214 949 5270 operum
976 5202 1051 5257 ab
1083 5203 1340 5274 antiquis
1375 5202 1572 5272 magni
1598 5204 1856 5258 nominis

194 5286 464 5342 Patribus
482 5286 843 5358 scriptorum
859 5288 932 5344 de
950 5291 1208 5345 interiori
1223 5291 1524 5359 religionis
1544 5292 1856 5362 disciplina

193 5388 374 5444 quam
400 5377 639 5431 ascesin
666 5384 901 5442 vocant,
925 5394 1140 5446 graeco
1175 5380 1467 5435 vocabulo
1489 5381 1860 5436 exercitatio-

197 5477 324 5518 nem
355 5463 542 5520 latine
558 5470 828 5528 sonante,
860 5467 961 5520 sed
983 5466 1114 5536 plus
1145 5466 1455 5537 quippiam
1489 5469 1862 5537 signiticante

194 5565 378 5620 quam
414 5554 614 5623 primo
635 5554 763 5610 eius
780 5555 941 5610 vocis
961 5556 1167 5610 auditu
1187 5556 1366 5610 menti
1385 5557 1714 5611 subiicitur.
1734 5560 1860 5622 Quo

201 5638 283 5710 inj
299 5641 441 5710 ungi
460 5641 608 5698 mihi
623 5642 1247 5709 ofﬁciumsentio,rem
1267 5645 1459 5716 ipsam
1481 5645 1636 5702 hanc
1653 5651 1860 5709 totam,

2042 3785 2452 3840 [ILCharacter
2471 3781 2759 3837 Ecclesiae
2776 3782 2983 3838 Christi
2999 3782 3406 3846 est,honorare
3422 3796 3624 3835 numen

1967 3890 2082 3928 non
2105 3873 2280 3927 labiis
2309 3872 2502 3926 solum
2536 3878 2636 3926 aut
2671 3871 3054 3942 usurpatione
3083 3871 3352 3924 sensibili
3378 3872 3624 3934 rituum,

1965 3961 2129 4034 quod
2146 3961 2395 4016 faciebat
2413 3962 2755 4031 Synagoga,
2776 3959 2880 4014 sed
2895 3960 3199 4028 conceptis
3217 3959 3421 4012 intime
3443 3959 3626 4012 sensi-

1964 4049 2078 4104 bus
2104 4049 2534 4118 atfectibiisque
2563 4047 2763 4102 devoti
2796 4049 3033 4116 penitus
3063 4046 3395 4102 animi.Hoc
3421 4046 3627 4100 discri-

1966 4153 2101 4193 men
2119 4137 2382 4193 Christus
2397 4152 2463 4190 ex
2476 4136 2669 4205 primit
2691 4135 2782 4188 his
2815 4135 3004 4189 verbis
3030 4134 3464 4190 Samaritanam
3485 4133 3626 4188 allo-

1964 4225 2427 4298 queusJoanJV:
2439 4223 2842 4285 Muiier,venit
2859 4224 3086 4282 hora.et
3102 4240 3262 4278 nunc
3276 4221 3625 4292 est,quando

1966 4315 2088 4372 veri
2117 4315 2461 4370 adoratores
2476 4313 2662 4368 adora
2674 4313 3064 4368 buntPatrem
3083 4313 3144 4366 in
3158 4311 3379 4381 spiritu
3399 4318 3451 4366 et
3479 4310 3625 4366 veri-

1966 4411 2102 4460 tate.
2131 4407 2444 4458 Summam
2464 4400 2576 4455 sibi
2594 4401 2889 4471 religionis
2905 4407 3072 4456 vetus
3091 4401 3448 4455 Iudaeorum
3465 4400 3623 4454 natio

1967 4492 2230 4563 ponebat
2259 4493 2318 4546 in
2336 4490 2622 4558 speciosis
2645 4490 2983 4544 cerimoniis
2998 4496 3052 4544 et
3071 4490 3333 4561 pompis,
3351 4488 3623 4559 qualium

1966 4579 2476 4636 ostenitendarum
2514 4578 2847 4650 professam
2879 4583 2932 4633 et
2973 4583 3401 4650 quaestuosam
3437 4583 3624 4632 artem

1968 4672 2202 4728 Scribae
2257 4668 2606 4740 praesertim
2668 4667 3091 4738 Pliarisaeique
3141 4666 3514 4721 factitabant.
3548 4666 3621 4718 lis

1962 4759 2515 4832 quomodocunque
2540 4755 2724 4810 functi
2757 4755 3048 4827 perfectos
3072 4772 3133 4810 se
3159 4754 3622 4819 arbitrabantur,

1965 4850 2155 4904 securi
2214 4847 2541 4902 celatorum
2587 4846 2746 4900 intus
2801 4844 3067 4900 ulcerum
3116 4861 3250 4900 reae
3301 4844 3514 4899 mentis
3570 4847 3626 4897 et

1966 4937 2424 4993 criminosorum
2439 4934 3243 4999 atfectuumconsciae.Quod
3258 4933 3628 5003 exprobrans

1965 5028 2075 5082 illis
2133 5027 2394 5081 Christus
2449 5023 2529 5078 ait
2591 5025 2784 5078 Matth.
2853 5023 3036 5089 XXIII,
3096 5028 3160 5077 25
3213 5039 3222 5076 :
3276 5023 3389 5077 Vae
3444 5022 3620 5084 vobis,

1965 5113 2207 5170 Scribae
2231 5118 2281 5167 et
2302 5111 2629 5172 Pharisaei,
2645 5111 2786 5179 quia
2805 5109 3109 5165 mundatis
3129 5109 3285 5180 quod
3302 5108 3526 5178 deforis
3543 5112 3625 5162 est

1969 5200 2609 5270 cal-icisetparopsidis,
2647 5201 2654 5269 |
2689 5199 2849 5253 intus
2875 5199 3247 5266 autempteni
3263 5197 3628 5263 estisrapina

1969 5297 2020 5348 et
2051 5289 2503 5345 immunditia...
2534 5287 2754 5342 similes
2781 5288 3117 5354 sepulchris
3145 5285 3452 5348 deatbatis,
3475 5298 3630 5354 quae

1969 5381 2158 5449 aforis
2187 5384 2400 5447 parent
2431 5375 2769 5431 hominibus
2795 5376 3082 5444 speciosa,
3111 5375 3267 5429 intus
3289 5388 3422 5428 vero
3446 5373 3626 5437 plena

1970 5475 2105 5522 sunt
2137 5466 2359 5521 ossibus
2383 5472 2755 5520 mortuorum.
2793 5470 2847 5520 et
2871 5463 3031 5519 omni
3070 5461 3385 5532 spurcitia.
3415 5459 3629 5520 Quem-

1975 5556 2290 5610 admodum
2304 5568 2442 5622 ergo
2458 5558 2668 5607 certam
2687 5551 2918 5607 method
2929 5569 3017 5606 um
3034 5569 3103 5606 ac
3121 5546 3422 5604 formulam
3434 5542 3631 5597 obser-

1978 5645 2227 5700 vationu
2241 5642 2553 5697 mistarum
2569 5641 2956 5697 Mosaicarum
2971 5639 3169 5695 ludaei
3187 5635 3332 5704 legis
3354 5630 3634 5684 dOGlOI‘eS
