4092 6252
496 282 594 338 331
1340 279 1344 282 ’
1637 279 1847 334 PETRI
1890 279 2172 334 POSSlNI
2215 278 2744 334 PROLEGOMENA

3805 279 3920 333 33'2

497 409 790 477 digestam
822 406 883 462 in
908 406 1144 476 regulas
1184 410 1239 462 et
1268 406 1662 477 compositam
1691 403 2000 461 habebant
2032 407 2142 457 tra-
2174 406 2220 459 Α
2250 401 2509 456 tariisita
2532 417 2562 455 e
2593 417 2807 471 graeca
2831 402 3081 459 latinam
3105 403 3318 470 facere,
3344 407 3408 460 ut
3431 405 3562 475 ipsa
3592 409 3800 459 tamen
3829 419 3929 458 ar-

497 497 841 568 debanttque
867 496 943 551 ad
978 512 1148 550 usum
1174 495 1769 566 plerumquemerum
1784 493 2141 548 ambitiosae

498 585 931 649 ostentationis,
967 586 1044 638 ita
1060 601 1166 655 par
1193 584 1316 648 fuit,
1352 590 1590 639 sanctos
1623 584 1764 654 legis
1794 598 1987 638 novae
2017 597 2144 651 my-

500 679 620 728 stas
640 673 1120 728 interiorishuius
1138 673 1231 727 Dei
1253 672 1443 726 cultus
1466 673 1652 727 tacitis
1677 671 1952 727 sensibus
1982 685 2144 724 men-

503 762 573 816 tis
587 767 640 816 et
653 761 967 817 voluntatis
982 761 1245 815 motibus
1262 762 1497 816 exerciti
1533 765 1710 816 totam
1724 803 1736 825 ,
1774 760 2144 830 exploratam

501 850 1017 906 animadversione
1037 849 1239 919 longa,
1267 855 1322 905 et
1351 850 1529 905 literis
1552 851 1937 905 commissam
1961 847 2148 919 expli-

503 953 638 994 care
659 939 970 994 rationem.

570 1081 720 1137 Talis
750 1081 907 1152 hyle,
938 1080 1068 1136 talis
1099 1096 1317 1151 scopus
1356 1085 1442 1136 est
1480 1082 1699 1136 horum
1737 1096 1884 1151 quos
1916 1079 2149 1134 edimus

498 1170 948 1235 librorum,non
976 1169 1287 1225 monachis
1318 1171 1608 1225 duntaxat
1638 1175 1739 1226 aut
1756 1168 2150 1232 anachoretis,

501 1259 665 1333 quod
687 1259 1144 1329 videricuipiam
1168 1264 1388 1330 posset,
1411 1259 1664 1324 utilium,
1685 1258 1789 1313 sed
1818 1258 2154 1329 promiscue

500 1350 728 1405 cunctis
755 1347 1046 1403 Ecclesiae
1081 1348 1332 1402 statibus
1357 1348 1789 1419 ordinibusque
1813 1347 2154 1418 profuturo-

502 1452 636 1492 rum
665 1436 1354 1508 ;quoniam,etsiCbristi
1373 1438 1629 1491 Ecclesia
1653 1453 1755 1507 per
1808 1435 2156 1492 Bethaniam

503 1525 760 1594 ﬁgurata
786 1524 1262 1581 Mariamhabeat
1293 1527 1351 1580 in
1368 1525 1625 1580 solidum
1672 1525 2156 1596 contemplationi

505 1614 772 1669 deditam
800 1623 853 1668 et
883 1614 1166 1669 Martham
1194 1615 1345 1669 vitae
1369 1615 1596 1670 activae
1613 1616 1951 1670 ministeriis
1968 1619 2160 1670 atten-

506 1702 768 1766 dentem,
798 1707 998 1757 tamen
1025 1719 1094 1756 ex
1143 1702 1262 1756 suis
1314 1703 1628 1758 alterutrae
1659 1703 1865 1759 ofﬁciis
1904 1704 2159 1758 invicem

511 1790 810 1846 interdum
833 1792 1211 1862 participant.
1239 1794 1382 1847 Nam
1413 1799 1464 1846 et
1493 1793 1672 1848 Maria
1707 1793 2012 1847 ministerii
2036 1809 2160 1848 cor—

507 1879 670 1952 porei
729 1880 997 1935 nonnihil
1060 1881 1271 1952 attigit,
1326 1881 1473 1936 dum
1535 1883 1740 1937 Christi
1791 1882 2161 1953 hospitaliter

506 1968 796 2040 epulantis
827 1975 1008 2040 caput
1048 1970 1271 2040 spicato
1302 1971 1551 2027 nardino
1583 1971 1920 2026 suavissimi
1959 1971 2162 2026 odoris

508 2057 818 2129 dapsiliter
847 2057 1075 2112 inunxit
1104 2076 1116 2125 ;
1141 2063 1197 2113 et
1228 2060 1360 2129 ipsa
1405 2060 1630 2115 Martha
1677 2061 2017 2116 orationum
2045 2077 2164 2114 mo-

508 2152 712 2202 menta
734 2146 854 2201 suis
884 2148 1375 2219 occupationibus
1406 2149 1660 2214 inﬁndit,
1693 2155 1867 2220 prout
1892 2149 1980 2204 vel
2005 2166 2075 2204 ex
2095 2165 2163 2204 eo

508 2240 692 2306 patet,
723 2235 884 2306 quod
917 2235 1074 2290 stetit
1103 2237 1397 2291 Christum
1431 2237 1740 2308 alloquens
1769 2243 1823 2292 et
1871 2254 2066 2302 orans,
2105 2243 2165 2293 ut

513 2324 706 2379 iuvari
732 2339 795 2378 se
822 2329 1055 2379 curaret
1073 2340 1107 2379 a
1131 2340 1353 2380 sorore.
1384 2326 1711 2381 Commune
1743 2327 2006 2398 profecto
2024 2343 2166 2382 cun-

518 2413 626 2467 ctis
682 2413 945 2468 cuiusvis
1009 2428 1206 2477 sexus,
1260 2414 1494 2481 aetatis,
1546 2415 1769 2470 ordinis
1816 2416 2162 2471 Christianis

515 2501 729 2558 orandi
785 2507 840 2556 et
895 2507 1061 2557 actus
1117 2503 1424 2559 interiores
1479 2503 1637 2568 ﬁdei,
1703 2505 1849 2576 spei,
1885 2507 2162 2573 caritatis,

515 2590 818 2660 religionis
845 2591 1149 2645 exercendi
1165 2598 1550 2662 praeceptum
1565 2599 1670 2659 est,
1687 2594 1798 2648 hoc
1818 2595 1945 2650 solo
1968 2596 2166 2650 discri-

521 2678 681 2733 mine
713 2678 1158 2733 coenobitarum
1207 2685 1262 2734 et
1310 2681 1863 2738 anachoretaruma
1895 2685 2161 2751 caeteris,

519 2766 684 2837 quod
711 2767 791 2821 illi
819 2783 1054 2838 semper
1082 2774 1137 2823 et
1172 2771 1338 2824 unice
1370 2770 1634 2838 religioni
1666 2788 1726 2827 se
1754 2777 1906 2827 totos
1931 2774 2166 2845 impen-

519 2854 687 2918 dunt,
716 2855 779 2910 hi
807 2857 1325 2929 cogitantquidem
1353 2876 1509 2930 quae
1535 2865 1672 2914 sunt
1705 2863 1913 2916 mundi
1943 2879 2051 2933 pro
2073 2866 2165 2920 sui

517 2944 857 3000 conditione
889 2950 1092 3010 status,
1134 2947 1216 3001 sic
1246 2953 1466 3014 tamen,
1500 2954 1563 3004 ut
1610 2949 1911 3019 religionis
1968 2954 2165 3010 ofﬁcia

521 3048 642 3088 non
675 3033 995 3104 negligant,
1027 3038 1143 3090 Deo
1173 3036 1488 3092 reddentes
1510 3054 1665 3110 quae
1696 3041 1793 3095 Dei
1827 3047 1987 3109 sunt,
2013 3044 2162 3100 inte—

516 3124 629 3178 rim
660 3123 805 3178 dum
839 3130 894 3180 et
947 3126 1169 3196 patriae
1221 3127 1557 3185 etfamiliae
1612 3135 1788 3200 prout
1836 3147 1928 3186 res
1987 3133 2165 3201 exigit
2203 3112 2241 3166 (δ

517 3212 827 3268 consulere
853 3229 973 3269 non
1001 3214 1312 3271 desistunt.
1349 3216 1512 3272 Unde
1544 3217 1613 3272 iis
1637 3234 1880 3292 quoque
1906 3237 2012 3277 sua
2026 3238 2165 3293 pars

517 3303 798 3357 ascetices
827 3303 1128 3374 competit.

588 3444 687 3495 Est
737 3441 912 3511 igitur
960 3458 1065 3496 cur
1104 3459 1359 3514 sperem,
1411 3461 1530 3500 non
1573 3449 1868 3514 ingratam
1925 3449 2165 3506 Publico

515 3529 776 3583 futuram
803 3545 838 3585 a
862 3546 955 3584 me
969 3536 1237 3586 curatam
1263 3533 1711 3602 productionem
1735 3537 1792 3590 in
1827 3537 2020 3593 lucem
2047 3556 2164 3596 uno

516 3617 900 3672 collectorum
943 3634 1190 3689 corpore
1240 3621 1648 3690 duodeviginti
1699 3625 1828 3679 talis
1883 3630 2161 3684 materiae

514 3705 663 3762 tanti
725 3722 866 3759 usus
926 3709 1358 3777 Opusculorum
1392 3727 1426 3764 a
1467 3711 1794 3767 celebribus
1848 3715 2161 3774 duodecim

514 3795 997 3851 elucubratorum
1029 3799 1386 3864 auctoribus,
1421 3817 1558 3856 cum
1585 3803 1743 3872 paris
1776 3803 1834 3859 in
1865 3812 2026 3861 tanto
2060 3809 2160 3863 mi-

514 3898 627 3937 nus
651 3883 846 3954 dignis
885 3887 1196 3958 rariusque
1249 3888 1488 3945 utilibus
1539 3891 1752 3947 libellis
1797 3895 2158 3952 coniunctim

512 3971 762 4027 edendis
781 3973 1122 4043 diligentiae
1148 3977 1417 4048 exempla
1447 3978 1714 4035 faventer
1736 3988 1980 4053 excepta
1995 4002 2163 4056 prae-

510 4060 736 4116 iverint.
766 4063 1052 4134 Equidem
1088 4067 1297 4120 sentire
1353 4084 1445 4122 me
1479 4084 1671 4132 secus,
1705 4088 1889 4142 quam
1931 4090 2042 4145 par
2067 4078 2159 4143 sit,

512 4149 585 4205 de
625 4150 962 4221 politissimi
993 4153 1165 4208 huius
1201 4156 1472 4211 acumine
1521 4163 1575 4212 et
1615 4162 1912 4231 aequitate
1944 4165 2160 4218 saeculi

509 4239 833 4305 crederem,
869 4241 1092 4305 si,cum
1125 4243 1202 4298 ab
1229 4258 1297 4299 eo
1342 4245 1585 4302 laudata
1621 4253 1676 4301 et
1711 4251 1911 4319 magni
1955 4252 2161 4308 habita

508 4327 744 4382 videam
790 4334 1172 4398 syntagmata
1227 4336 1728 4402 cynegeticorum,
1762 4339 2156 4409 accipitrario-

512 4429 667 4476 rum,
693 4417 1128 4484 georgicorum,
1150 4420 1647 4490 agrimensorum,
1665 4426 2158 4497 hippiatricorum
2192 4465 2236 4517 Ι)

512 4508 567 4557 et
583 4504 861 4558 similium
874 4549 886 4570 ,
902 4506 1127 4577 despici
1144 4518 1438 4566 verereret
1451 4529 1482 4566 a
1498 4513 1888 4571 delicatorum
1907 4517 2158 4574 fastidiis

508 4590 738 4661 frigere,
781 4593 924 4647 dum
966 4598 1357 4654 asceticorum
1415 4617 1535 4656 non
1594 4606 1846 4660 antehac
1902 4609 2157 4663 visorum

510 4695 758 4751 operum
786 4697 1113 4739 connexam
1144 4702 1262 4741 uno
1295 4695 1448 4744 serto
1488 4693 1699 4748 seriem
1729 4694 1912 4750 offero
1941 4713 1953 4762 ;
1981 4701 2157 4767 quasi

512 4782 791 4837 agrorum
807 4770 1174 4828 velculturae
1189 4776 1273 4828 vel
1291 4777 1706 4846 dimensionis,
1732 4784 2156 4857 mulorumque

513 4856 839 4912 medicinae
868 4860 1183 4928 gratiosius
1215 4863 1287 4918 sit
1317 4874 1635 4938 praecepta
1661 4871 1902 4939 vulgare
1926 4875 2002 4928 ab
2026 4856 2159 4930 ista-

507 4961 642 5001 rum
668 4947 952 5002 consultis
970 4951 1181 5005 artium
1202 4954 1623 5026 tradita,quam
1645 4959 1993 5031 disciplinae
2009 4964 2155 5018 scitu

508 5034 893 5104 dignissimae
927 5053 995 5092 ac
1027 5043 1254 5095 cunctis
1291 5045 1660 5101 necessariae
1705 5049 1818 5104 Deo
1857 5051 2155 5123 placendi,

506 5119 895 5176 mundandae
909 5123 1165 5190 animae,
1191 5125 1390 5191 ﬁdem,
1408 5144 1597 5198 spem,
1615 5119 2154 5198 caritatem,humi;

515 5208 553 5264 li
569 5213 768 5273 tatem,
786 5211 1127 5281 patientiam
1144 5217 1693 5280 exercendi,orandi
1713 5237 1830 5275 non
1848 5223 2041 5278 solum
2058 5225 2155 5279 illa

506 5297 709 5354 initiali
743 5300 972 5354 cunctis
991 5301 1145 5356 facili
1171 5304 1454 5368 oratione,
1486 5306 1588 5360 sed
1621 5309 1950 5366 sublimiori
1979 5313 2156 5369 altera

506 5402 688 5459 quam
719 5389 1280 5460 contemplationem
1308 5401 1541 5459 vocant,
1572 5396 1757 5452 multa
1779 5401 2053 5456 cautione
2078 5405 2154 5457 ob

507 5477 836 5548 periculum
880 5476 1228 5535 illusionum
1269 5490 1499 5550 egente,
1528 5493 1744 5540 certam
1804 5490 2150 5546 methodum

508 5565 998 5638 exploratamque
1013 5569 1302 5624 rationem
1320 5587 1354 5625 a
1369 5572 1502 5625 viris
1517 5576 2155 5642 sanctissimis,doctis-

507 5654 690 5720 simis,
707 5657 1156 5729 antiquissimis,
1177 5660 1471 5718 accuratis
1487 5661 1838 5734 explicatam
1856 5683 2150 5724 commen-

2253 491 2510 562 chetypa
2541 506 2660 545 non
2689 492 3145 563 supprimerem,
3182 496 3191 560 |
3225 509 3360 547 cum
3388 493 3464 548 ad
3496 493 3718 564 pignus
3744 508 3926 547 meae

2256 579 2393 633 ﬁdei
2427 579 2861 649 praebendum,
2903 589 3030 635 tum
3061 581 3137 636 ad
3181 582 3438 636 fructum
3470 598 3590 636 non
3635 582 3925 636 inviden—

2256 667 2402 722 dum
2435 668 2700 737 eruditis,
2732 685 2803 724 ex
2829 669 2981 742 ipsa,
3016 671 3181 741 quod
3209 671 3436 742 passim
3465 670 3719 736 malunt,
3750 670 3925 726 fonte

2257 757 2594 812 hauriendi.

2331 886 2417 939 IV.
2450 884 2773 940 Reddenda
2812 885 3094 956 deinceps
3131 887 3281 942 ratio
3322 891 3412 942 est
3449 885 3924 959 Opusculorum.

2262 973 2659 1045 lnprimisque
2683 975 3061 1045 prodendum
3088 976 3244 1031 unde
3267 975 3554 1048 quodque
3591 974 3925 1030 hauserim.

2263 1066 2415 1116 lnter
2448 1062 2752 1117 volumina
2777 1079 2992 1118 manus
3043 1066 3322 1136 antiquae
3382 1081 3595 1134 graeca
3635 1063 3925 1136 plurima,

2263 1167 2415 1222 quae
2456 1152 2802 1206 Franciscus
2860 1153 3179 1208 Turrianus
3231 1155 3580 1210 Societatem
3650 1158 3927 1207 nostram

2268 1244 2488 1296 Romae
2521 1242 2708 1296 iniens
2726 1257 2886 1297 anno
2907 1247 3040 1298 1566
3067 1243 3124 1296 in
3141 1243 3323 1298 domo
3342 1245 3615 1315 professa
3630 1247 3926 1314 Romana,

2268 1331 2367 1384 ubi
2382 1331 2668 1385 hactenus
2684 1336 3087 1398 asservantur,
3109 1332 3403 1402 deposuit,
3422 1349 3610 1390 unum
3624 1343 3712 1389 est
3729 1344 3930 1393 aucto-

2269 1437 2398 1473 rum
2424 1419 2594 1473 facile
2647 1420 2888 1488 triginta
2944 1420 3388 1477 lucubrationes
3442 1422 3516 1478 de
3566 1440 3626 1479 re
3671 1426 3930 1482 ascetica

2269 1508 2573 1576 colligens,
2611 1509 2788 1563 veteri
2823 1511 3223 1565 transmarina
3249 1517 3556 1567 exaratum
3586 1529 3793 1579 manu,
3827 1531 3929 1569 an-

2270 1599 2363 1652 nis
2396 1597 2613 1652 abhinc
2644 1604 2797 1653 retro
2820 1598 3328 1670 plusquingentis,
3367 1607 3662 1672 quantum
3695 1602 3933 1660 fumida

2272 1687 2508 1753 ferrugo
2539 1687 2778 1742 chartae
2799 1687 2940 1742 olim
2972 1688 3264 1743 candidae
3296 1691 3721 1759 angurandum
3755 1709 3932 1763 prae-

2205 1760 2240 1811 Β
2272 1775 2388 1829 bet.
2427 1778 2501 1829 Ex
2535 1791 2605 1830 eo
2646 1776 2943 1830 sexdecim
2977 1777 3273 1847 Opuscula
3320 1779 3632 1850 descripsi,
3665 1760 3782 1835 hoc
3823 1790 3931 1846 est,

2272 1864 2476 1918 omnia
2506 1865 2763 1934 exceptis
2821 1865 3111 1920 duntaxat
3162 1865 3401 1922 duobus
3449 1868 3562 1924 Xlll
3615 1874 3672 1924 et
3720 1871 3932 1936 XVlIl;

2273 1968 2416 2007 nam
2449 1954 2654 2023 priuse
2687 1954 2964 2009 Vaticano
2979 1956 3572 2026 perantiquocodice,
3601 1958 3694 2012 cui
3726 1975 3936 2014 nume-

2273 2057 2373 2096 rus
2431 2042 2773 2096 inscribitur
2824 2047 2946 2107 730,
2991 2044 3359 2115 descriptum
3409 2052 3517 2111 est,
3555 2047 3839 2103 ultimum
3901 2065 3930 2104 e

2277 2131 2806 2202 Cryptoferratensi
2840 2131 3201 2188 bibliotheca
3233 2133 3603 2205 deprompsi.

2347 2253 2628 2309 Omnium
2670 2254 2728 2307 in
2770 2253 2957 2309 fronte
3001 2256 3174 2326 posui
3219 2256 3534 2327 epistolam
3585 2260 3641 2315 S.
3687 2261 3938 2316 Joannis

2276 2343 2682 2413 Chrysostomi
2733 2343 2809 2398 ad
2859 2349 3209 2410 monachos,
3247 2345 3329 2402 ita
3377 2346 3533 2403 clare
3586 2349 3647 2403 in
3707 2351 3938 2405 Turria-

2275 2433 2443 2486 nensi
2528 2431 2734 2486 codice
2817 2432 3188 2503 inscriptam.
3275 2436 3414 2489 Esse
3498 2435 3665 2492 illam
3756 2439 3939 2511 Chry-

2277 2521 2528 2576 sostomi
2569 2521 2615 2574 si
2644 2521 2779 2591 quis
2811 2528 3074 2591 negaret,
3117 2523 3195 2577 ab
3233 2523 3346 2578 hoc
3388 2523 3514 2580 iure
3557 2542 3692 2581 meo
3733 2529 3936 2597 exige-

2274 2626 2422 2674 rem,
2460 2616 2520 2664 ut
2549 2611 2950 2665 testimonium
3004 2627 3111 2681 pro
3143 2628 3202 2666 se
3248 2615 3582 2670 auctoritati
3629 2617 3938 2673 Turrianei

2275 2699 2499 2754 codicis
2513 2699 2838 2770 aequilibre
2850 2704 2950 2754 aut
2968 2701 3164 2771 potius
3179 2704 3662 2774 praeponderans
3677 2705 3933 2762 afferret.

2278 2792 2422 2844 Cum
2455 2794 2680 2842 certum
2721 2790 2794 2841 sit
2833 2791 3059 2844 Patrem
3101 2791 3266 2845 illum
3306 2793 3777 2861 sanctissimum,
3804 2796 3932 2867 ipso

2275 2877 2611 2932 afﬁrmante
2643 2875 2744 2930 lib.
2788 2880 2808 2931 Ι
2851 2879 2927 2932 De
2954 2878 3309 2945 sacerdotio,
3345 2886 3436 2936 sat
3459 2881 3642 2951 longo
3665 2889 3922 2954 tempore

2273 2971 2597 3037 antequam
2619 2966 2927 3037 presbyter
2957 2972 3012 3021 et
3040 2967 3407 3024 ecclesiastes
3442 2970 3790 3027 Antiochiae
3823 2972 3926 3027 ﬁe-

2273 3059 2376 3117 ret,
2436 3054 2592 3109 unde
2631 3059 2719 3109 est
2774 3055 2852 3109 ad
2898 3054 3176 3110 thronum
3213 3059 3928 3131 Constantinopolitanum

2277 3150 2580 3208 evocatus,
2613 3143 2764 3198 inter
2803 3143 3132 3199 monachos
3165 3147 3399 3210 vixisse,
3427 3149 3930 3206 verisimillimum

2276 3238 2381 3297 est,
2413 3239 2532 3287 tam
2561 3231 2927 3288 foecundum
2962 3233 3269 3304 ingenium
3300 3251 3420 3290 non
3481 3237 3841 3293 abstinuisse
3896 3257 3931 3295 a

2278 3321 2596 3376 scribendo
2618 3321 2692 3375 de
2713 3322 2891 3376 rebus
2918 3337 3069 3393 quas
3106 3328 3244 3378 tunc
3279 3325 3702 3393 meditabatur,
3746 3333 3926 3399 atque

2277 3411 2428 3466 adeo
2459 3411 2830 3466 hanceoiam
2856 3415 2980 3465 tum
3005 3416 3269 3482 tempore
3303 3414 3640 3485 epistolam,
3675 3422 3730 3471 et
3756 3417 3933 3487 plura

2277 3500 2422 3555 forte
2449 3499 2564 3554 alia
2598 3499 2755 3569 paris
2783 3501 3120 3568 argumenti
3159 3500 3340 3556 literis
3373 3503 3714 3569 mandasse,
3750 3520 3932 3576 quae,

2275 3588 2438 3659 quod
2453 3604 2570 3643 non
2585 3593 2975 3658 compareant
3002 3589 3059 3642 in
3075 3590 3524 3646 collectionibus
3556 3593 3737 3661 vulgo
3759 3594 3934 3649 editis

2274 3679 2530 3748 Opernm
2573 3676 2752 3740 illius,
2779 3693 2965 3732 causa
2994 3693 3120 3733 esse
3159 3679 3375 3749 potuit,
3407 3682 3697 3751 quoniam
3729 3698 3800 3738 ea
3827 3699 3931 3753 po-

2273 3766 2570 3820 tissimum
2609 3782 2677 3820 ex
2708 3765 2820 3821 illis
2845 3767 2903 3820 in
2951 3766 3186 3821 codices
3226 3769 3498 3838 publicos
3528 3769 3934 3828 referebantur

2273 3869 2425 3925 quae
2457 3854 2532 3908 ad
2553 3855 2875 3925 promiscui
2907 3856 3134 3923 generis
3161 3856 3434 3912 homines
3455 3858 3764 3915 docendos
3799 3875 3929 3930 per-

2275 3944 2456 3998 tinere
2510 3943 2868 4009 viderentur,
2905 3942 3019 4000 alia
3073 3960 3342 4001 seorsum
3393 3947 3452 4002 in
3493 3949 3932 4007 monachorum

2274 4032 2505 4086 scriniis
2546 4037 2602 4086 et
2651 4033 3081 4088 coenobiorum
3129 4033 3346 4088 archiis
3402 4036 3481 4090 uti
3541 4039 3932 4106 professionis

2273 4127 2605 4175 ascetarum
2660 4121 2899 4191 propria
2957 4121 3308 4178 sinebantur
3363 4124 3673 4180 custodiri.
3751 4128 3931 4184 Istam

2275 4225 2452 4279 porro
2487 4211 2796 4279 epistolam
2832 4211 3147 4280 praeposui
3177 4213 3408 4267 cunctis
3443 4214 3572 4268 aliis
3613 4216 3930 4286 Opusculis

2273 4313 2394 4353 non
2414 4298 2782 4369 antiquitatis
2807 4298 3240 4369 praerogativa,
3283 4317 3406 4372 qua
3434 4302 3934 4372 Chrysostomum

2273 4393 2558 4457 superant
2594 4388 2875 4442 Macarius
2925 4391 2981 4441 et
3022 4387 3498 4458 Amphilochius,
3541 4390 3639 4446 ille
3696 4400 3926 4464 septem

2273 4475 2711 4546 Opusculorum
2738 4477 2837 4530 all
2870 4476 2941 4530 ad
2977 4478 3106 4541 Vlll,
3133 4476 3227 4531 hic
3249 4478 3466 4533 decimi
3495 4486 3794 4542 auctores,
3823 4484 3930 4537 sed

2269 4565 2347 4619 ob
2377 4565 2705 4620 claritatem
2742 4570 2862 4620 tam
2887 4566 3007 4619 noti
3039 4571 3094 4620 et
3123 4565 3371 4621 celebris
3396 4568 3695 4624 Ecclesiae
3726 4570 3932 4627 docto-

2268 4654 2371 4717 ris,
2411 4653 2720 4725 quomodo
2762 4656 2906 4708 inter
2947 4654 3221 4710 Paulinas
3259 4656 3543 4726 epistolas
3603 4659 3928 4728 primatum

2270 4749 2519 4813 occupat
2552 4744 2830 4798 Romanis
2859 4743 3078 4814 scripta
3109 4750 3350 4816 propter
3382 4748 3686 4802 Romanae
3711 4748 3800 4803 vel
3835 4766 3932 4804 ur-

2270 4831 2360 4885 bis
2411 4830 2497 4885 vel
2541 4832 2834 4886 Ecclesiae
2876 4833 3334 4902 praecellentem
3375 4833 3753 4903 dignitatem,
3797 4838 3928 4894 licet

2269 4919 2576 4990 aliquanto
2594 4921 2881 4991 posterius
2895 4937 3077 4991 quam
3093 4922 3396 4992 quaedam
3413 4929 3745 4980 ceterarum
3764 4926 3923 4982 data.

2267 5008 2328 5061 In
2359 5008 2726 5079 reliquorum
2743 5024 2884 5063 sane
2899 5009 3291 5079 dispositione
3304 5012 3744 5082 Opusculorum
3773 5023 3927 5070 aeta-

2269 5097 2338 5151 tis
2361 5098 2650 5169 cuiusque
2691 5099 3005 5166 rationem,
3037 5105 3333 5168 quantum
3364 5100 3547 5165 licuit,
3580 5101 3790 5157 habui.

2340 5230 2572 5299 Septem
2599 5229 2898 5299 Opuscula
2943 5230 3252 5299 sequentia
3289 5232 3464 5286 unius
3497 5241 3631 5287 sunt
3662 5235 3918 5290 auctoris

2266 5317 2494 5372 Macarii
2546 5317 2757 5384 Magni,
2813 5322 2984 5385 prout
3035 5316 3248 5373 diserte
3293 5320 3666 5387 singulorum
3726 5323 3920 5377 titulus

2267 5405 2541 5472 signabat
2569 5405 2626 5458 in
2659 5406 2862 5459 codice
2894 5406 3232 5460 Turrianeo.
3277 5409 3452 5463 Erant
3478 5414 3679 5464 autem
3733 5427 3802 5465 ea
3842 5412 3913 5466 ibi

2267 5510 2385 5548 non
2422 5509 2538 5547 uno
2571 5497 2848 5548 continue
2864 5495 3044 5547 ductu
3073 5511 3362 5565 expansa,
3387 5498 3488 5551 sed
3517 5498 3573 5551 in
3603 5499 3725 5554 duo
3755 5516 3914 5570 sepa-

2264 5584 2461 5646 ratim,
2505 5582 2703 5636 multis
2736 5581 3118 5652 interpositis,
3151 5584 3350 5640 divisa
3383 5592 3705 5656 systemata
3733 5589 3912 5642 nomi-

2265 5671 2357 5725 nis
2391 5670 2679 5726 eiusdem.
2715 5670 2897 5727 Priori
2929 5671 3223 5742 siquidem
3247 5672 3341 5728 hic
3363 5672 3806 5745 praeﬁgebalur
3834 5677 3910 5730 in-
