4092 6252
201 275 311 333 333

1244 273 1338 327 AD
1377 269 1755 328 OPUSCULA
1801 268 1863 324 S.
1906 268 2209 325 MACAHII
2248 271 2609 330 AEGYPTII.

3528 274 3634 330 334

206 397 325 454 dex
360 415 374 452 :
418 397 677 455 Macarii
701 396 913 468 Magni
942 398 1012 454 de
1040 397 1305 454 custodia
1334 397 1523 453 cordis
1558 413 1573 461 ;
1599 394 1808 465 incipit
1839 409 1872 449 a
1904 395 1951 449 A
1984 409 2123 449 mox
2146 395 2595 461 ostendam,ubi
2614 397 2779 468 prius
2797 397 3111 454 absolvero
3138 399 3301 472 quod
3320 400 3509 473 coepi,
3532 399 3635 456 de-

206 489 349 544 folio
382 489 484 543 {50
523 487 828 544 Turrianei
856 487 1103 555 codicis,
1135 492 1192 543 et
1220 488 1279 542 in
1320 487 1423 543 158
1452 485 1687 541 desinit.
1720 483 1870 540 Alte-

203 593 336 632 rum
371 593 407 632 a
439 577 584 633 folio
604 578 712 632 245
742 577 822 632 ad
860 582 955 633 29l
1003 581 1317 632 extensum
1357 576 1597 631 rubrica
1624 577 1868 629 exarato

202 666 526 735 insignitur
568 665 739 722 titulo
790 666 873 721 sic
920 666 1103 721 latine
1144 668 1393 721 sonante
1436 683 1449 720 :
1491 665 1545 719 E
1574 664 1745 719 dictis
1798 677 1868 718 ac

195 755 357 810 scitis
380 755 581 811 divini
601 754 865 810 Macarii
888 769 1021 810 vere
1046 754 1201 810 benti
1219 754 1291 810 de
1298 751 1737 825 perfectionem
1753 750 1868 821 spi-

191 844 313 899 ritu
330 843 673 901 summaria
689 844 957 914 epitome.
978 844 1206 913 Legens
1228 849 1657 915 eteomparans
1678 841 1866 896 anim-

185 932 449 999 adverti,
480 948 641 1005 Opus
671 939 992 1003 utrumque
1021 933 1200 987 unius
1228 932 1501 987 exhibere
1529 930 1865 985 doctrinam

181 1022 485 1087 auctoris,
510 1021 619 1076 sed
652 1037 687 1076 a
711 1020 951 1077 duobus
972 1028 1303 1093 exceptam,
1348 1023 1357 1091 Ι
1399 1025 1457 1075 et
1472 1025 1650 1092 prout
1673 1035 1745 1073 ex
1767 1034 1866 1073 ore

182 1109 449 1165 dicentis
498 1108 833 1174 audierant,
876 1125 984 1165 suo
1016 1109 1307 1180 cuiusque
1348 1108 1585 1177 ingenio
1619 1109 1864 1162 missam

183 1198 248 1252 in
295 1197 529 1254 literas.
583 1197 727 1253 Hine
758 1197 1041 1254 notabilis
1081 1198 1340 1253 cernitur
1380 1196 1515 1269 styli
1556 1196 1865 1251 diversitas

186 1286 347 1341 inter
369 1288 639 1358 priorem
664 1287 1177 1359 posterioremque
1200 1286 1629 1349 collectionem,
1654 1299 1866 1354 quam-

184 1390 386 1447 quam
430 1374 645 1431 eadem
700 1376 1016 1447 utrobique
1049 1376 1482 1430 sententiarum
1512 1373 1688 1447 quasi
1730 1372 1866 1427 sub-

186 1464 425 1519 stantia
453 1469 563 1527 est,
591 1470 927 1519 unustenor
950 1463 1220 1536 ordoque
1248 1471 1724 1535 praeceptorum,
1758 1476 1863 1516 nec

190 1551 545 1607 differentia
579 1551 932 1624 plerumque
984 1553 1186 1608 verba.
1230 1555 1483 1608 Tantum
1518 1552 1773 1621 pressiOr
1806 1555 1864 1605 et

195 1640 764 1712 pauloineomplior
784 1642 1012 1711 primus
1031 1648 1312 1712 exceptor
1331 1648 1437 1708 est,
1456 1640 1598 1695 nihil
1618 1656 1861 1712 prorsus

1980 483 2245 539 ﬁniendo
2293 487 2427 556 quis
2457 486 2531 540 sit
2558 485 2665 541 iste
2695 486 2981 543 Macarius
3021 489 3172 543 inter
3203 488 3400 559 plures
3446 490 3628 545 etiam

1979 574 2170 644 Magni
2194 574 3107 647 Antoniidiscipulosquosidem
3123 578 3627 647 signavitnomen.

2050 681 2175 734 Duo
2213 680 2476 736 celebres
2510 681 2743 737 Macarii
2784 682 3068 749 feruntur,
3115 684 3439 755 Aegyptius
3472 685 3631 757 prior

1978 768 2189 834 dictus,
2245 769 2392 824 alter
2429 770 2542 825 hoc
2582 770 2776 826 iunior
2805 771 3257 828 Alexandrinus.
3288 772 3443 827 Fasti
3471 771 3627 826 sacri

1980 857 2274 913 Ecclesiae
2293 857 2509 913 latinae
2524 859 2781 930 priorem
2804 860 2897 915 die
2926 861 3194 916 secunda
3218 860 3503 928 Januarii,
3538 859 3626 915 al-

1977 952 2167 1001 terum
2190 946 2647 1018 quintadecima
2678 954 3046 1015 memorant;
3080 950 3281 1006 Graeci
3307 954 3627 1021 utrumque

1975 1034 2073 1089 die
2099 1035 2318 1089 mensis
2339 1035 2607 1091 eiusdem
2638 1036 3084 1109 undevigesima
3107 1044 3481 1093 venerantur.
3499 1039 3625 1092 Non

1978 1122 2125 1178 falso
2172 1123 2354 1179 ambo
2410 1124 2685 1195 discipuli
2713 1125 2954 1181 Antonii
2994 1131 3299 1180 vocantur.
3339 1125 3626 1180 Viderunt

1975 1211 2134 1267 enim
2188 1212 2626 1285 audieruntque
2666 1212 2852 1278 illum,
2882 1213 2985 1269 sed
3024 1213 3319 1269 seniorem
3353 1214 3619 1279 iuvenes,

1975 1316 2107 1356 sero
2149 1301 2386 1356 tandem
2442 1306 2499 1355 et
2536 1300 2726 1356 obiter
2763 1301 2839 1357 ad
2881 1300 3102 1373 ipsum,
3147 1306 3210 1356 ut
3250 1300 3417 1357 multi
3456 1306 3621 1366 tunc,

1974 1387 2218 1459 profecti
2252 1388 2329 1444 ad
2361 1389 2602 1445 brevem
2626 1389 3095 1455 venerationem,
3129 1389 3348 1445 reversi
3375 1406 3509 1445 mox
3544 1388 3622 1446 ad

1974 1482 2155 1532 statas
2182 1477 2579 1533 habitationes
2609 1494 2749 1534 suas
2798 1494 2833 1533 a
2864 1478 3118 1533 statione
3140 1478 3339 1549 magni
3364 1479 3623 1535 anacho-

1973 1572 2231 1621 retarum
2251 1568 2432 1622 Patris
2448 1567 2690 1622 dissitas
2708 1567 3393 1639 plurimum.Aegyptius
3412 1569 3625 1639 quippe

1975 1654 2260 1709 Macarius
2288 1656 2344 1709 in
2386 1654 2566 1709 Scithi
2598 1654 2793 1710 sedem
2826 1655 3059 1721 habuit,
3094 1655 3533 1710 Alexandrinus
3564 1656 3622 1709 in

192 1729 493 1795 referens,
525 1729 683 1801 quod
707 1730 904 1785 nonin
938 1730 1203 1785 secundo
1236 1735 1617 1802 syntagmate
1643 1729 1860 1785 alicubi
1894 1731 1937 1786 Β
1973 1742 2182 1809 (geniis,
2263 1746 2271 1814 ι
2331 1760 2486 1815 quae
2533 1743 2667 1799 loca
2698 1744 2754 1798 in
2792 1744 2973 1814 Libya
3013 1749 3171 1807 sum,
3205 1744 3380 1813 longe
3412 1760 3447 1799 ἃ
3478 1743 3627 1799 The-

184 1818 459 1889 legatur.
521 1818 583 1873 ld
642 1818 809 1873 illum
838 1820 943 1891 qui
974 1818 1239 1889 digessit,
1277 1835 1397 1874 non
1429 1818 1634 1873 efferre
1674 1819 1733 1872 in
1790 1834 1861 1874 eo

184 1906 487 1979 propriae
518 1909 738 1963 mentis
767 1923 964 1973 sensa,
999 1908 1103 1963 sed
1131 1907 1348 1973 aliena,
1392 1907 1681 1963 nominati
1703 1907 1862 1962 vide-

182 1994 327 2051 licet
381 1996 447 2051 in
480 1996 673 2051 fronte
703 1998 898 2068 operis
930 1997 1159 2053 Macarii
1201 1997 1391 2065 Magni
1422 1997 1688 2061 recitare,
1722 2012 1859 2051 cum

183 2086 309 2141 alia
342 2084 685 2151 declarant,
723 2090 848 2141 tum
874 2086 1095 2141 inserta
1124 2085 1378 2141 subinde
1404 2101 1515 2140 vox
1536 2085 1740 2140 valens
1755 2084 1857 2149 ait,

182 2173 289 2228 ubi
318 2174 531 2228 minus
554 2178 863 2245 exspectes
894 2190 909 2239 ;
934 2190 1118 2245 quam
1140 2174 1581 2246 interpretando
1605 2173 1861 2245 plerum-

180 2276 303 2332 que
329 2262 643 2333 negligere
669 2278 805 2317 sum
832 2268 1093 2327 coactus,
1121 2271 1303 2330 metu,
1328 2279 1422 2326 ne,
1447 2263 1492 2317 si
1518 2262 1861 2334 scrupulose

184 2347 1291 2421 redderem,sententiaelimpiditatem
1307 2357 1359 2405 et
1374 2366 1625 2421 pronum
1640 2349 1760 2404 ﬂux
1772 2367 1858 2403 nm

178 2439 451 2495 molesta
465 2453 578 2493 nec
595 2437 750 2493 utilis
764 2437 839 2493 ad
855 2438 1180 2510 quidquam
1196 2438 1595 2511 interpellaret
1610 2438 1858 2494 iteratio.

254 2546 489 2601 Totum
509 2550 713 2600 autem
737 2544 1234 2600 commentarium
1261 2545 1516 2616 priorem
1539 2544 1862 2615 Opusculo-

179 2648 325 2690 rum
359 2634 845 2690 Macarianorum
886 2634 1099 2703 primo,
1146 2635 1540 2705 syntagmatis
1567 2634 1743 2689 huius
1773 2648 1862 2688 se-

184 2724 422 2789 cundo,
458 2721 828 2794 complexus,
857 2722 1111 2778 alterum
1139 2722 1300 2778 haud
1330 2722 1508 2795 paulo
1538 2722 1778 2778 uberius
1809 2727 1865 2778 et

185 2811 487 2882 prolixius
528 2812 587 2866 in
639 2827 742 2867 sex
773 2810 891 2867 alia
923 2811 1096 2866 molis
1142 2810 1329 2867 ferme
1374 2811 1528 2884 paris
1565 2811 1865 2882 Opuscula

192 2900 480 2966 discrevi,
536 2916 658 2957 non
692 2900 939 2956 arbitrio
968 2916 1127 2955 mere
1169 2916 1324 2965 meo,
1356 2901 1458 2955 sed
1499 2901 1720 2957 indicia
1779 2916 1866 2956 se-

200 2993 383 3045 cutus
424 2988 827 3061 inspersorum
887 2989 1061 3045 certis
1113 2989 1437 3044 intervallis
1469 2989 1865 3061 peculiarium

1971 1832 2147 1887 baide
2195 1832 2497 1897 distantia,
2540 1833 2598 1887 in
2631 1848 2752 1903 qua
2792 1837 2847 1887 et
2880 1848 3054 1887 mons
3095 1832 3357 1898 interior,
3395 1832 3494 1887 ubi
3530 1848 3623 1887 so-

1971 1920 2063 1974 lus
2099 1920 2450 1993 plerumque
2480 1920 2778 1976 residebat
2808 1920 3117 1985 Antonius,
3149 1927 3294 1987 erat,
3323 1925 3380 1975 et
3410 1921 3487 1976 ab
3506 1921 3623 1976 hoc

1972 2026 2090 2064 non
2109 2009 2359 2065 multum
2376 2010 2603 2064 distans
2623 2025 2798 2064 mons
2814 2008 3151 2075 exterior,in
3170 2025 3351 2080 quem
3369 2009 3623 2064 subinde

1971 2098 2337 2165 excurrebat,
2350 2103 2409 2153 ut
2424 2098 2477 2152 in
2492 2114 2561 2153 eo
2576 2096 2895 2153 habitantes
2909 2115 3048 2153 suos
3064 2098 3375 2153 monachos
3388 2100 3619 2154 viseret.

2043 2206 2129 2260 Ab
2152 2206 2264 2261 hoc
2297 2211 2545 2276 utroque
2577 2205 2829 2260 Macario
2859 2203 3043 2260 alium
3077 2204 3381 2259 diversum
3413 2209 3470 2259 et
3496 2220 3621 2259 am-

1970 2293 2169 2349 bobus
2197 2294 2490 2348 seniorem
2511 2292 2694 2348 fuisse
2720 2292 2936 2348 docent
2963 2308 3074 2347 nos
3099 2292 3455 2347 Athanasius
3476 2292 3535 2347 in
3559 2294 3616 2347 S.

1971 2383 2228 2446 Antonii,
2252 2382 2649 2453 Hieronymus
2671 2382 2730 2436 in
2763 2381 2929 2436 Pauli
2958 2381 3130 2453 primi
3154 2381 3436 2436 eremitae
3464 2379 3616 2445 Vita,

1972 2473 2117 2526 dum
2141 2472 2326 2535 aiunt,
2351 2473 2624 2543 Magnum
2644 2472 2966 2525 Antonium
2980 2469 3133 2524 duos
3147 2484 3347 2524 secum
3363 2469 3620 2540 discipu-

1971 2560 2062 2617 los
2078 2562 2338 2625 intimos,
2354 2560 2599 2615 comites
2620 2558 2990 2626 individuos,
3004 2557 3282 2614 habuisse
3300 2557 3619 2614 Macarium

1973 2656 2029 2705 et
2075 2650 2417 2716 Amatham,
2454 2649 2806 2720 praesertim
2844 2646 3064 2703 ultimis
3091 2646 3441 2720 quindecim
3470 2645 3623 2703 vitae

1974 2754 2119 2794 suae
2170 2739 2363 2804 annis,
2396 2753 2550 2810 quos
2583 2742 2636 2793 et
2668 2734 2828 2792 solos
2874 2736 3074 2792 obitus
3118 2736 3208 2791 sui
3238 2741 3414 2791 testes
3443 2740 3497 2790 et
3537 2750 3627 2791 se-

1974 2827 2269 2900 pulturae,
2297 2827 2371 2881 de
2391 2842 2514 2898 qua
2540 2825 2652 2880 illis
2673 2825 2964 2881 mandata
2983 2840 3266 2895 suprema
3287 2823 3471 2890 dedit,
3496 2840 3625 2880 esse

1976 2917 2247 2972 conscios
2295 2915 2500 2971 voluit.
2556 2915 2806 2984 Contigit
2856 2917 2910 2971 S.
2964 2913 3201 2969 Antonii
3227 2913 3425 2967 obitus
3466 2928 3625 2969 anno

1979 3004 2305 3062 Constantii
2342 3010 2421 3071 t9,
2444 3004 2647 3059 Christi
2675 3007 2798 3058 356.
2822 3002 2995 3073 Atqui
3014 3002 3089 3056 de
3120 3001 3366 3058 Macario
3389 3004 3624 3073 Aegyp-

202 3064 535 3144 titulorum,
572 3094 724 3149 quos
772 3078 834 3133 in
875 3077 1069 3133 fronte
1109 3079 1396 3149 cuiusque
1440 3078 1721 3150 Opusculi
1774 3096 1859 3136 ex-

1977 3096 2076 3159 tio,
2095 3110 2275 3166 quem
2302 3094 2523 3164 passim
2548 3090 3196 3164 ponuntAlexandrino
3219 3089 3399 3145 fuisse
3427 3088 3624 3145 senio-

207 3165 430 3234 pressi.
471 3165 677 3238 Capita
706 3183 951 3240 quoque
1002 3168 1084 3222 sic
1116 3174 1179 3222 ut
1218 3168 1460 3223 exhibui
1503 3168 1779 3223 distincta
1804 3168 1865 3223 in

212 3252 496 3321 originali
544 3254 748 3310 codice
799 3257 1091 3324 visuntur,
1126 3256 1367 3311 rubrica
1405 3264 1459 3311 et
1491 3272 1602 3311 suo
1650 3257 1865 3329 cuique

217 3336 413 3395 indito
448 3357 694 3399 numero
738 3343 1027 3415 dirempta
1077 3345 1475 3418 ordinataque
1515 3346 1789 3400 invicem.

296 3447 360 3499 ν.
394 3447 514 3503 Non
537 3448 870 3515 dissimulo,
902 3456 1130 3524 septem
1152 3452 1547 3509 haecMacarii
1565 3453 1865 3525 Opuscula

217 3535 606 3608 praecipuam
648 3538 788 3594 mihi
828 3538 1008 3596 fuisse
1053 3557 1303 3596 causam
1359 3542 1537 3596 huius
1584 3542 1861 3597 editionis

211 3622 622 3696 adornandae,
650 3632 1003 3701 ceterosque
1029 3635 1301 3685 auctores
1326 3630 1602 3686 undecim
1619 3632 1862 3689 totidem

201 3711 303 3768 his
324 3714 744 3773 adiunctorum
770 3717 1109 3774 libellorum
1123 3734 1241 3773 non
1258 3718 1375 3774 alio
1390 3718 1572 3775 ferme
1590 3721 1859 3788 consilio,

200 3816 390 3872 quam
415 3810 475 3860 ut
493 3805 752 3861 Macario
768 3822 1051 3878 pompam
1078 3806 1355 3873 facerem,
1385 3824 1529 3863 neve
1553 3810 1862 3865 incomita-

199 3892 296 3945 tus
346 3907 561 3963 parum
598 3894 847 3951 honeste
889 3895 1170 3966 prodiret,
1211 3912 1248 3951 a
1294 3912 1386 3952 me
1417 3896 1698 3953 adscitos.
1757 3898 1862 3954 Cui

200 3986 610 4037 consentanee
641 3984 948 4054 proposito
980 3999 1156 4054 agere
1180 3984 1276 4040 hic
1310 3986 1490 4057 paulo
1521 3986 1861 4055 diligentius

200 4066 272 4124 de
303 4070 563 4126 Macario
594 4071 808 4141 Magno
838 4072 1053 4139 debeo,
1087 4088 1206 4129 non
1248 4075 1580 4129 omissuros
1619 4075 1693 4130 de
1732 4076 1860 4131 aliis

198 4155 342 4213 item
370 4158 741 4230 reliquorum
774 4161 1120 4217 auctoribus
1152 4163 1587 4234 Opusculorum
1616 4181 1726 4220 suo
1757 4182 1861 4221 cu-

200 4242 417 4320 iusque
436 4246 572 4304 loco
588 4249 862 4305 etordine
876 4266 1031 4323 quae
1049 4251 1164 4307 dici
1180 4259 1454 4322 oportere
1475 4252 1855 4310 videbuntur.

269 4352 454 4409 Multa
491 4368 589 4409 me
636 4355 713 4410 ad
776 4355 1249 4428 impendendam
1291 4358 1641 4414 Macarianis
1696 4359 1859 4417 hisce

1975 3200 2123 3251 rem,
2156 3198 2226 3238 ex
2258 3183 2383 3237 eius
2412 3180 2567 3237 Actis
2605 3184 2859 3245 constat,
2906 3195 3043 3235 eum
3074 3184 3323 3234 naturae
3353 3178 3624 3235 debitum

1976 3273 2225 3329 solvisse
2258 3287 2418 3327 anno
2440 3270 2649 3327 Christi
2693 3270 2791 3325 391
2824 3268 3323 3338 nonagenarium,
3351 3272 3490 3339 post
3520 3283 3621 3324 an-

1976 3378 2085 3417 nos
2138 3360 2448 3429 sexaginta
2495 3361 2552 3413 in
2604 3358 2859 3415 Scithica
2914 3356 3233 3413 solitudine
3265 3362 3621 3413 transactos.

1979 3450 2140 3506 Unde
2167 3449 2452 3519 sequitur,
2485 3446 2871 3517 capessivisse
2901 3445 3069 3500 illum
3102 3444 3425 3500 solitariam
3458 3443 3621 3516 apud

1975 3538 2194 3595 Scithin
2228 3540 2412 3593 vitam
2438 3551 2599 3591 anno
2631 3535 2841 3591 Christi
2866 3536 2992 3601 331,
3028 3533 3128 3589 ubi
3160 3550 3297 3589 cum
3329 3533 3407 3589 ad
3438 3533 3621 3589 tinem

1973 3626 2453 3698 perseveraverit,
2481 3625 2771 3696 nisiquod
2787 3621 3517 3695 peregrinatusiuterdum
3544 3621 3622 3678 ad

1972 3716 2293 3772 Antonium
2353 3721 2438 3770 est
2469 3714 2703 3770 visendi
2745 3720 2800 3769 et
2847 3712 3195 3767 consulendi
3229 3713 3352 3767 eius
3409 3711 3621 3780 gratia,

1972 3821 2111 3861 mox
2142 3804 2217 3859 ad
2251 3804 2565 3859 stationem
2590 3802 2930 3873 regrediens
2962 3816 3160 3864 suam,
3194 3804 3624 3871 consequenter

1971 3894 2132 3949 haud
2167 3908 2310 3948 sane
2335 3892 2450 3947 dici
2482 3908 2684 3963 posse,
2716 3890 2900 3945 fuisse
2934 3890 3091 3944 hunc
3122 3889 3479 3959 Aegyptium
3510 3889 3623 3944 Ma-

1971 3982 2223 4049 carium,
2246 3981 2411 4035 illum
2438 3983 2731 4035 Amathae
2748 3978 3060 4049 collegam,
3083 3977 3418 4031 ministrum
3448 3982 3502 4030 et
3530 3992 3623 4031 so-

1972 4072 2128 4126 cium
2154 4069 2529 4124 individuum
2552 4067 2745 4137 Magni
2795 4066 3049 4131 Antonii,
3083 4081 3263 4137 quem
3288 4063 3383 4118 ille
3404 4064 3523 4118 iam
3543 4064 3620 4118 ab

1970 4176 2131 4216 anno
2175 4160 2381 4214 Christi
2415 4157 2687 4214 :tlil-hic
2728 4157 2885 4211 enim
2934 4155 3181 4227 quintus
3211 4154 3482 4208 decimus
3532 4157 3622 4207 est

1972 4256 2108 4304 ante
2132 4254 2382 4303 mortem
2404 4245 2857 4301 Antonii—dum
2883 4246 2941 4299 in
2968 4248 3232 4298 montem
3257 4240 3616 4310 interiorem,

1970 4338 2085 4393 illic
2123 4338 2388 4408 reliquae
2420 4337 2567 4391 vitae
2598 4335 2857 4391 stadium
2889 4332 3269 4395 decursurus,
3298 4329 3618 4394 secederet,

202 4440 524 4511 Opusculis
573 4458 605 4498 e
636 4443 751 4499 situ
783 4419 1063 4500 eruendis
1091 4445 1466 4516 diligentiam
1510 4454 1849 4507 moverunt.
1892 4432 1937 4487 D
1969 4428 2029 4483 in
2057 4426 2191 4482 Ῑοθο
2239 4426 2377 4481 huic
2416 4425 2627 4516 νίθίφξ
2671 4425 2783 4516 hf’c
2834 4428 2922 4477 θεῖ
2981 4421 3042 4476 in
3099 4425 3302 4516 mon“?
3333 4419 3619 4516 “talio”

200 4529 458 4585 Verbum
481 4537 646 4587 vetus
669 4538 759 4587 est
782 4534 837 4589 S.
857 4534 1153 4589 Ambrosii
1182 4552 1194 4589 :
1224 4535 1459 4591 Primus
1476 4536 1744 4593 discendi
1763 4552 1856 4593 ar-

204 4616 313 4671 dor
342 4619 628 4677 nobilitas
668 4626 751 4677 est
774 4622 1052 4692 magistri
1078 4624 1177 4693 (ί).
1207 4625 1261 4679 S.
1299 4624 1480 4679 Patris
1510 4627 1854 4693 auctoritas,

206 4704 418 4775 Magno
438 4707 762 4764 Athanasio
781 4710 1070 4782 aequalis,
1106 4712 1322 4781 Magno
1344 4729 1588 4786 quoque
1605 4715 1856 4770 Antonio

203 4789 534 4861 familiaris,
566 4797 625 4852 in
648 4813 831 4869 opere
855 4798 955 4855 illa
982 4800 1117 4871 ipsa
1149 4801 1500 4871 proferente,
1524 4818 1681 4873 quae
1706 4803 1858 4859 divi-

198 4880 365 4937 nitus
380 4880 707 4939 illustratus
722 4886 1006 4940 Antonius
1021 4888 1421 4958 antiquissimo
1437 4888 1855 4961 discipulorum

198 4983 267 5024 ac
296 4970 425 5026 ﬁlio
447 4973 867 5042 primogenito,
910 4974 1097 5030 intimi
1136 4976 1317 5046 longo
1345 4994 1454 5031 usu
1480 4978 1853 5034 contubernii

196 5060 473 5116 ministro
498 5060 870 5131 ﬁdelissimo,
903 5079 1123 5121 arcane
1152 5066 1634 5131 communicavit,
1668 5068 1854 5137 digna

195 5148 323 5206 visa
355 5154 445 5205 est
466 5164 655 5221 quam
681 5166 1018 5219 venerarer,
1048 5158 1100 5208 et
1123 5169 1192 5209 ea
1218 5155 1708 5212 commendatum
1731 5173 1851 5214 non

194 5234 570 5310 despicerem
589 5238 772 5294 latere
798 5241 855 5295 in
885 5246 1239 5313 perpetuum
1265 5244 1516 5299 sinendo
1548 5245 1849 5311 volumen,

195 5326 548 5395 praesertim
576 5328 900 5400 spectabile
926 5330 1189 5401 utileque
1225 5332 1287 5387 in
1334 5332 1502 5405 [non]
1532 5336 1760 5405 paucis,
1792 5341 1853 5391 ut

1971 4522 2209 4588 praesto
2242 4531 2478 4586 semper
2513 4514 2627 4569 sibi
2658 4512 2734 4570 ad
2766 4517 3098 4567 extremum
3128 4525 3257 4565 esse
3288 4508 3545 4564 iusserit.

2043 4624 2133 4681 VI.
2175 4624 2342 4679 Hunc
2371 4622 2651 4695 equidem
2683 4620 3003 4677 Maearium
3058 4618 3290 4673 socium
3325 4614 3617 4670 Amathae

1966 4713 2247 4769 existimo
2287 4718 2406 4768 tam
2445 4711 2905 4783 quinquaginta,
2938 4724 3096 4781 quae
3127 4706 3359 4761 dudum
3381 4707 3618 4759 exstant

1966 4803 2287 4873 inscriptae
2312 4816 2570 4856 nomnae
2591 4800 2849 4864 Macarii,
2879 4797 3267 4854 Homiliarum
3289 4799 3616 4857 auctorem,

1964 4906 2150 4963 quam
2183 4892 2395 4945 horum
2424 4896 2651 4960 septem
2678 4887 3114 4959 Opusculorum
3141 4899 3297 4956 quae
3317 4898 3479 4938 nunc
3498 4880 3619 4936 edi-

1966 4997 2125 5038 mus.
2158 4982 2302 5035 Nam
2322 4981 2486 5051 quod
2504 4978 2981 5035 virdoctissimus
3006 4977 3267 5031 Joannes
3290 4973 3485 5036 Picus,
3511 4970 3618 5041 qui

1965 5068 2249 5127 Homilias
2278 5069 2409 5124 illas
2428 5084 2465 5123 a
2494 5085 2556 5123 se
2587 5067 2765 5122 latine
2790 5066 3052 5121 redditas
3081 5062 3371 5131 vulgavit,
3399 5060 3612 5131 Opina-

1964 5164 2077 5225 tur,
2093 5159 2347 5229 scriptas
2358 5174 2462 5212 eas
2481 5157 2665 5211 fuisse
2681 5154 2980 5212 aMacario
2993 5149 3619 5225 Aegyptio,Scithicae

1963 5247 2159 5303 incola
2190 5246 2547 5314 solitudinis,
2581 5244 2779 5301 valide
2827 5242 3108 5299 refellitur
3134 5237 3433 5297 contrario
3467 5237 3617 5291 testi-

1963 5338 2172 5395 monio
2192 5335 2485 5392 Gennadii
2514 5333 2913 5399 Massiliensis,
2944 5332 3114 5387 cuius
3147 5344 3278 5399 cap.
3307 5328 3346 5380 X
3371 5324 3506 5380 libri
3538 5324 3617 5378 De

1783 5492 2031 5551 NOTAE.

268 5645 350 5717 (1)
379 5643 513 5702 Lib.
562 5645 645 5701 De
674 5644 823 5717 virg.
