4092 6252
494 243 605 299 335

1669 240 1881 297 PETRI
1917 239 2196 298 POSSINI
2239 238 2783 296 PROLEGOMENA
3808 243 3900 300 336

494 364 637 420 viris
659 362 991 420 illustribus
1007 363 1157 420 haec
1175 363 1454 433 leguntur
1474 364 1688 419 verba:
1718 365 2022 421 Macarius
2044 365 2149 419 ille
2184 366 2228 416 A
2260 361 2422 432 ginta
2453 361 2822 428 milliarium,
2857 364 2933 419 ad
2956 363 3155 420 locum
3194 362 3516 420 exterioris
3551 364 3789 429 montis,
3833 364 3909 420 in-

498 452 823 509 monachus
841 453 1190 523 Aegyptius,
1222 453 1405 523 signis
1454 459 1509 508 et
1558 453 1881 509 virtutibus
1925 455 2149 522 clarus,

500 557 682 598 unam
708 545 941 597 tantum
972 542 1052 597 ad
1061 542 1333 611 juniores
1345 542 1730 611 professionis
1754 558 1897 599 suae
1916 543 2152 611 scripsit

499 630 829 699 epistolam.
869 632 950 685 Ita
981 629 1079 684 ille
1110 645 1120 683 :
1151 630 1321 685 cuius
1357 636 1475 686 tam
1510 630 1709 686 idonei
1742 636 1865 686 tam
1897 632 2151 686 disertae

498 718 830 775 auctoritati
849 719 1009 773 testis
1021 718 1162 790 quid
1182 719 1327 774 satis
1343 718 1606 775 validum
1631 720 1876 776 obtendi
1890 720 2150 775 eluctan-

500 807 615 863 dae
670 811 867 878 queat,
928 805 1091 862 haud
1132 806 1305 862 video
1340 826 1354 876 ;
1388 811 1566 879 atque
1622 808 1773 864 adeo
1823 824 1932 881 pro
1992 813 2151 864 certo

498 898 694 962 teneo,
720 894 1133 966 quaerendum
1156 894 1340 951 alium
1367 912 1404 950 a
1435 898 1689 953 Macario
1720 897 2011 969 Aegyptio
2041 899 2153 953 Ma-

501 984 882 1039 carianarum
908 982 1300 1040 Homiliarum
1336 991 1666 1041 auctorem.

572 1074 858 1144 Suggeret
896 1071 1045 1128 forte
1076 1072 1381 1143 quispiam
1421 1071 1671 1129 alterum
1705 1072 1822 1129 hoc
1852 1074 2146 1130 iuniorem

498 1160 1027 1230 Macarium,vulgo
1049 1160 1275 1216 dictum
1293 1161 1761 1218 Alexandrinum
1784 1178 1818 1217 a
1840 1163 2073 1219 civitate
2091 1164 2149 1218 in

500 1266 621 1323 qua
664 1255 841 1305 natus
888 1254 993 1303 est.
1042 1251 1113 1304 At
1159 1265 1296 1304 cum
1330 1250 1481 1306 inter
1513 1251 1719 1316 multa,
1754 1267 1909 1323 quae
1940 1251 2013 1307 de
2040 1252 2152 1307 isto

502 1338 755 1395 Macario
789 1339 1153 1393 Sozomenus
1191 1336 1296 1393 lib.
1344 1338 1414 1393 lll
1446 1355 1578 1411 cap.
1617 1339 1705 1405 13,
1748 1342 2019 1396 Socrates
2048 1339 2147 1395 lib.

505 1428 575 1482 IV
619 1441 753 1497 cap.
792 1429 875 1490 t8,
910 1431 965 1481 et
1000 1442 1072 1481 ex
1103 1426 1195 1481 his
1235 1426 1309 1482 de
1354 1444 1521 1484 more
1553 1428 1919 1499 Nicephorus
1949 1428 2052 1485 lib.
2085 1430 2155 1483 IX

508 1530 644 1587 cap.
718 1515 782 1569 14
821 1514 1126 1583 colligunt,
1179 1515 1326 1571 nihil
1385 1533 1626 1587 prorsus
1680 1518 1951 1581 referant,
1996 1517 2154 1572 unde

506 1603 813 1674 scripsisse
833 1603 1168 1675 quidquam
1189 1620 1345 1670 eum,
1371 1606 1536 1677 quod
1559 1607 1617 1660 in
1636 1606 1828 1662 lucem
1848 1624 1916 1662 ac
1932 1607 2154 1662 famam

506 1692 730 1759 exierit,
752 1692 940 1764 possit
969 1692 1237 1762 intelligi,
1267 1675 1453 1749 nec'ei
1476 1696 1800 1768 quisquam
1829 1696 1979 1752 alius
2002 1700 2155 1751 vete-
2192 1675 2234 1729 Β

509 1797 667 1846 rum,
705 1780 868 1852 quod
910 1782 1116 1847 sciam,
1151 1788 1252 1838 aut
1284 1784 1678 1840 recentiorum
1720 1785 1835 1841 hoc
1874 1802 2027 1857 opus
2056 1785 2158 1840 tri-

506 1870 653 1926 buat
684 1887 696 1924 :
738 1870 874 1942 quis
904 1885 1026 1926 non
1064 1870 1237 1936 videt,
1275 1888 1496 1944 magna
1532 1889 1643 1930 nos
1673 1875 1905 1929 invitari
1954 1873 2157 1929 verisi-

506 1958 843 2015 militudine
869 1958 946 2014 ad
978 1960 1258 2016 Homilies
1292 1961 1431 2018 istas
1455 1963 1876 2033 antiquissimo
1903 1963 2157 2018 Macario

509 2048 703 2117 Magni
719 2048 954 2103 Antonii
978 2048 1187 2104 intimo
1210 2054 1385 2121 atque
1402 2050 1714 2106 individuo
1738 2052 2013 2107 ministro
2033 2051 2161 2105 vin-

511 2135 805 2191 dicandas
831 2135 860 2190 i’
886 2135 1002 2191 Nec
1053 2153 1176 2208 qua
1205 2152 1309 2193 eas
1359 2139 1675 2194 occasione
1713 2155 1912 2209 quove
1962 2138 2159 2195 ofﬁcio

513 2240 724 2295 graece
757 2240 793 2280 a
822 2239 883 2279 se
939 2224 1203 2281 redditas
1245 2242 1315 2280 ex
1356 2227 1589 2282 Antonii
1623 2228 1895 2298 magistri
1932 2227 2158 2283 dictatis

510 2312 840 2385 protulerit,
871 2311 1052 2369 latere
1073 2315 1288 2384 poterit
1316 2320 1714 2386 reputantem,
1750 2316 2159 2387 praepositum

512 2419 651 2459 eum
678 2402 757 2459 ab
778 2402 1034 2457 Antonio
1089 2404 1098 2473 |
1150 2403 1331 2458 fuisse
1352 2404 1765 2475 gubernandis
1779 2406 1904 2461 eius
1920 2405 2162 2460 nomine

512 2492 784 2565 quinque
816 2489 1081 2546 millibus
1112 2492 1570 2560 monachorum,
1604 2494 1706 2565 qui
1739 2494 1958 2549 ultimis
1992 2494 2160 2565 quin-

520 2580 708 2635 decim
739 2579 895 2634 vitae
925 2578 1166 2634 Antonii
1193 2582 1369 2635 annis
1404 2583 1838 2638 monasterium
1863 2583 2159 2655 Pispirita-

518 2685 663 2724 num
688 2666 1169 2738 frequentabant.
1197 2670 1311 2724 Hos
1339 2669 1725 2727 disertissime
1750 2676 1993 2727 testatur
2020 2671 2165 2727 anti-

518 2756 851 2828 quissimus
878 2755 1028 2811 vitae
1056 2756 1291 2812 abbatis
1318 2758 1645 2815 Posthumii
1671 2760 1920 2832 scriptor
1946 2776 2168 2832 anony-

520 2862 676 2910 mus,
706 2860 883 2916 quem
908 2844 1239 2901 referuntet
1264 2864 1298 2902 a
1318 2846 1437 2902 ﬁde
1459 2850 1717 2905 maxime
1734 2850 2169 2905 ‘commendant

518 2934 704 2991 nostri
740 2933 1060 2990 Bollandus
1110 2939 1164 2990 et
1222 2936 1623 2993 Henschenius
1655 2941 1820 2994 Tom.
1855 2942 1873 2993 l
1913 2938 2168 2995 Ianuarii

2261 450 2458 506 teriori
2480 452 2911 524 propinquum,
2938 452 3180 508 cuiloco
3198 468 3432 509 nomen
3457 457 3584 509 erat
3597 453 3907 524 Pisper(2).

2260 540 2364 594 ubi
2417 541 2696 596 Amathas
2740 548 2795 596 et
2826 542 3119 596 Macarius
3156 542 3535 608 residebant,
3582 542 3734 596 soliti
3759 548 3912 597 erant

2261 629 2577 683 convenire
2599 628 2936 685 audiendae
2959 631 3152 700 gratia
3180 646 3398 685 sacrae
3419 630 3730 687 doctrinae
3760 646 3793 685 a
3814 633 3912 686 Ma-

2262 718 2423 772 cario
2452 717 2690 773 Antonii
2718 718 3059 790 interprete,
3089 719 3232 790 quin
3268 723 3329 773 et
3361 717 3558 790 ipsius
3589 717 3821 773 Antonii
3841 717 3913 770 vi-

2262 804 2453 873 sendi,
2501 805 2604 877 qui
2660 822 2732 861 eo
2786 812 3179 863 consueverat
3217 807 3399 862 certis
3459 806 3696 861 dierum
3750 805 3911 860 inter-

2262 893 2430 949 vallis
2456 911 2518 949 se
2545 894 2836 950 conferre.
2865 894 3021 952 Nihil
3050 896 3271 951 horum
3304 894 3473 951 credi
3498 894 3645 950 mihi
3674 893 3911 966 postulo.

2262 984 2345 1037 En
2363 982 2985 1047 oculatum,referente
3014 983 3286 1041 Palladio
3307 983 3371 1039 in
3386 983 3539 1039 Vitis
3564 983 3818 1048 Patrum,
3849 981 3913 1037 de

2260 1069 2354 1126 his
2386 1071 2616 1126 cunctis
2656 1072 3068 1128 testimonium
3109 1072 3307 1129 Cronii
3350 1072 3638 1128 cuisdam
3681 1070 3913 1141 presby-

2262 1160 2365 1215 teri
2397 1159 2728 1226 Nitriensis,
2765 1176 2828 1216 se
2866 1163 3105 1217 venisse
3136 1161 3359 1216 aientis
3391 1161 3478 1217 ad
3508 1159 3911 1217 monasterium

2260 1248 2585 1305 S.Antonii
2613 1249 2675 1304 in
2692 1249 2817 1306 loco
2839 1250 2942 1321 qui
2965 1250 3444 1321 Pisperdicilur.
3462 1251 3538 1305 In
3552 1265 3689 1321 quo,
3720 1248 3910 1319 inquit,

2261 1338 2540 1393 sedebant
2568 1340 2691 1393 eius
2726 1338 3010 1407 discipuli
3038 1338 3345 1395 Macarius
3379 1345 3438 1394 et
3483 1336 3791 1400 Amathus,
3823 1334 3916 1406 qui

2261 1428 2438 1483 etiam
2496 1442 2649 1495 eum,
2704 1443 2836 1484 cum
2882 1428 3233 1495 dormiisset,
3288 1429 3692 1497 sepelierunt.
3736 1424 3911 1487 Addit,

2262 1522 2630 1584 exspectasse
2653 1531 2712 1572 se
2732 1518 2855 1572 dies
2882 1517 3166 1589 quinque,
3194 1523 3260 1573 ut
3284 1518 3643 1574 conveniret
3663 1519 3911 1571 sanctum

2262 1604 2610 1659 Antonium.
2666 1605 2984 1661 Dicebatur
3010 1607 3186 1673 enim,
3220 1608 3325 1671 ait,
3371 1605 3664 1663 accedere
3698 1603 3774 1659 ad
3819 1601 3914 1656 hoc

2267 1694 2688 1749 monasterium
2720 1695 3047 1766 aliquando
3078 1696 3318 1767 quidem
3351 1701 3491 1764 post
3535 1696 3735 1751 decem
3787 1692 3913 1755 dies,

2265 1783 2593 1854 aliquando
2631 1798 2767 1839 vero
2795 1790 2925 1852 post
2959 1784 3189 1854 viginti,
3224 1784 3574 1855 aliquando
3640 1796 3772 1839 vero
3800 1786 3912 1849 post

2265 1871 2544 1943 quinque,
2575 1878 2752 1940 prout
2773 1872 3120 1943 expediebat
3142 1889 3252 1942 pro
3282 1874 3577 1942 beneﬁcio
3603 1886 3803 1928 eorum
3827 1867 3917 1939 qui

2266 1960 2579 2017 veniebant
2594 1961 2674 2017 ad
2693 1962 3136 2018 monasterium.
3161 1965 3340 2018 Porro
3361 1960 3575 2033 iis,qui
3593 1961 3653 2016 in
3675 1974 3744 2015 eo
3766 1960 3913 2013 erant

2266 2048 2993 2121 monasterio,praefuisse
3011 2050 3302 2105 vicarium
3335 2049 3585 2106 Antonii
3618 2046 3915 2104 Macarium

2269 2138 2424 2195 clare
2456 2138 2636 2194 tradit
2674 2138 2834 2193 idem
2874 2138 2979 2210 qui
3018 2139 3249 2195 viderat
3289 2138 3554 2195 Cronius
3606 2135 3912 2209 presbyter,

2268 2228 2384 2284 hoc
2406 2226 2589 2281 modo
2612 2243 2795 2299 supra
2822 2227 3133 2300 descriptis
3155 2226 3506 2299 adiungens
3531 2244 3543 2281 :
3571 2224 3800 2281 Accidit
3827 2237 3915 2278 au-

2271 2320 2402 2382 tem,
2446 2323 2509 2371 ut
2536 2316 2657 2371 alio
2700 2316 2793 2372 die
2840 2319 3064 2372 veniret
3100 2316 3365 2386 Magnus
3407 2313 3756 2391 [Antonius]
3803 2324 3913 2367 sero

2271 2405 2769 2473 vespere,amictus
2784 2405 3082 2477 chlamyde
3094 2406 3184 2475 pel
3192 2406 3685 2477 licea.Ingressus
3698 2408 3780 2460 est
3792 2413 3912 2469 ergo

2272 2510 2443 2550 suum
2458 2494 2906 2549 monasterium.
2937 2494 3088 2550 Erat
3104 2501 3301 2551 autem
3325 2496 3479 2552 haec
3491 2494 3619 2551 eius
3632 2493 3912 2549 consuetu-

2271 2582 2861 2652 do,utalloqueretur
2883 2582 3301 2646 Macarium,et
3326 2599 3464 2639 cum
3491 2580 3910 2650 interrogaret:

2273 2671 2490 2728 Frater
2517 2669 2770 2735 Macari,
2799 2675 3159 2727 veneruntne
3179 2671 3295 2727 huc
3319 2672 3517 2745 aliqui
3555 2671 3585 2726 ‘t
3616 2664 3916 2736 Responde-

2278 2760 2696 2816 batMacarius
2724 2774 2747 2815 .·
2787 2760 3102 2815 Venerunt.
3145 2760 3393 2817 Dicebat
3419 2768 3624 2817 autem
3650 2758 3911 2826 Magnus:

2276 2847 2795 2919 Sun/neAegyptii
2807 2863 2886 2904 an
2896 2849 3455 2919 Hierosolymitani?
3472 2849 3733 2905 Dederat
3749 2848 3905 2901 autem

2277 2938 2536 3007 Magnus
2558 2936 2609 2993 ei
2630 2938 2869 3007 signum
2895 2937 3097 2993 dicens
3124 2955 3143 2992 :
3173 2937 3319 2993 Cum
3336 2938 3565 2995 videris
3592 2936 3807 2993 venisse
3827 2928 3909 2985 ali-

518 3038 657 3096 pag.
693 3022 850 3078 1006.
884 3023 935 3076 Is
963 3024 1123 3079 enim
1156 3040 1385 3090 narras,
1422 3028 1740 3083 Macarium
1774 3035 1909 3098 post
1940 3032 2169 3083 rectum
2206 3024 2246 3081 C
2278 3026 2642 3098 quosquibus
2661 3031 2744 3082 est
2758 3028 2955 3082 minus
2971 3026 3313 3096 negotii,dic
3334 3016 3913 3095 :AdsuntAegypliii

521 3127 558 3169 a
588 3127 651 3166 se
682 3111 810 3167 solo
853 3110 1081 3184 aliquot
1112 3129 1148 3169 a
1185 3120 1373 3169 morte
1398 3116 1633 3170 Antonii
1665 3115 1841 3172 annis
1870 3116 2170 3187 Pispirita-

520 3216 670 3257 num
731 3202 1108 3268 coenobium,
1163 3202 1330 3258 senio
1376 3220 1436 3259 se
1478 3203 1746 3261 fatiscere
1799 3206 2168 3271 sentientem,

522 3289 583 3345 in
640 3288 728 3343 sui
781 3288 982 3344 locum
1021 3290 1269 3359 elegisse
1311 3307 1735 3349 successurum
1778 3294 1889 3348 sibi
1928 3294 2173 3349 Posthu-

525 3377 740 3444 mium,
767 3375 1095 3433 clarissime
1109 3378 1207 3447 ait,
1237 3378 1419 3434 fuisse
1446 3381 1769 3437 Posthumii
1794 3383 2171 3438 decessorem

524 3466 860 3520 Macarium
894 3466 961 3519 Β.
1002 3466 1249 3521 Antonii
1273 3467 1654 3538 discipulum,
1697 3485 1767 3525 ac
1806 3486 1943 3525 mox
2005 3472 2172 3526 tertio

526 3558 662 3625 post
693 3567 863 3606 versu
903 3568 915 3606 :
958 3568 1097 3609 nam
1124 3554 1273 3610 idem
1311 3557 1613 3613 Macarius
1644 3558 1718 3613 ab
1766 3559 1997 3613 illustri
2046 3559 2172 3615 viro

527 3642 786 3697 Antonio
815 3643 1242 3699 monachorum
1270 3645 1400 3713 fere
1428 3648 1690 3717 quinque
1720 3648 1913 3703 millia
1942 3664 2175 3717 accepe-

528 3737 625 3787 rat
657 3730 1071 3799 gubernanda.
1105 3731 1396 3787 Nimirum
1428 3735 1483 3789 S.
1513 3737 1822 3802 Antonius,
1854 3737 1955 3808 qui
1981 3736 2176 3793 literas

529 3835 565 3875 a
589 3833 772 3890 puero
794 3834 915 3873 non
941 3818 1265 3885 didicisset,
1295 3827 1352 3877 et
1372 3823 1563 3894 patria
1590 3823 2176 3897 unalinguacoptica

530 3922 768 3978 semper
804 3906 1081 3979 loquens,
1133 3923 1346 3979 graeca
1393 3926 1512 3966 non
1570 3913 1838 3984 expedite
1898 3919 2173 3981 uteretur,

530 4001 849 4069 propterea
879 3995 1090 4051 solitus
1125 4014 1263 4054 cum
1293 4000 1522 4056 Graecis
1555 4016 1728 4071 agere
1761 4018 1866 4074 per
1890 4003 2179 4076 interpre-

532 4090 671 4149 tem,
727 4090 787 4140 ut
826 4085 971 4141 haec
1011 4087 1219 4142 omnia
1256 4090 1472 4145 diserte
1511 4091 1871 4147 Athanasius
1906 4098 2176 4158 testatur,

532 4172 762 4229 addens
774 4172 975 4238 etiam,
992 4174 1067 4229 ad
1090 4174 1203 4230 hoc
1216 4176 1290 4231 ad
1311 4194 1559 4233 manum
1574 4178 1857 4236 habuisse
1870 4181 2179 4237 hominem

532 4260 814 4316 idoneum
832 4263 1112 4327 maxime,
1129 4279 1247 4319 non
1267 4265 1471 4332 alium,
1497 4267 1731 4338 opinor,
1747 4269 2071 4335 aMacario,
2096 4271 2179 4324 in—

2279 3115 2519 3187 quando
2534 3119 2726 3171 autem
2743 3115 2958 3171 videris
2974 3117 3196 3171 venisse
3208 3116 3446 3187 aliquos
3466 3113 3854 3186 religiosiores
3872 3107 3916 3161 et

2276 3205 2461 3276 paulo
2479 3203 3123 3269 consideratiores,dic:
3169 3204 3177 3273 |
3217 3192 3914 3273 SuntHierosolymitani.

2285 3297 2435 3350 Haec
2449 3294 2716 3358 Cronius,
2733 3309 2889 3365 quae
2903 3293 3132 3349 viderat
3144 3294 3260 3348 tide
3289 3293 3634 3367 presbyteri
3659 3290 3908 3347 referens.

2284 3386 2365 3439 Ex
2416 3382 2638 3453 quibus
2692 3381 3001 3438 manifeste
3035 3387 3213 3453 patet,
3248 3382 3495 3439 assidue
3530 3379 3812 3437 mansisse
3865 3373 3911 3425 in

2282 3471 2631 3543 Pispiritano
2653 3470 2945 3525 coenobio
2958 3471 3303 3539 Macarium,
3328 3473 3489 3528 vices
3517 3466 3771 3532 Antonii,
3789 3475 3913 3535 quo-

2283 3561 2361 3616 ad
2394 3560 2443 3614 is
2478 3559 2640 3625 vixit,
2674 3564 2979 3627 gerentem
3010 3563 3068 3614 et
3109 3558 3379 3615 videlicet
3420 3558 3801 3633 quotidianas
3832 3549 3913 3604 aut

2284 3649 2622 3722 frequentes
2653 3647 3000 3703 erudiendis
3058 3653 3232 3719 aptas
3283 3648 3606 3705 monachis
3658 3637 3913 3700 Homilias

2285 3739 2899 3808 habentem,quarum
2917 3738 3046 3809 ipse
3062 3752 3182 3792 non
3201 3742 3320 3793 tam
3339 3744 3552 3795 auctor
3572 3748 3754 3808 quam
3772 3731 3915 3783 inter-

2286 3842 2422 3900 pres
2468 3832 2640 3882 esset.
2684 3825 2899 3881 Audita
2949 3827 3109 3882 enim
3167 3826 3245 3882 ab
3295 3827 3557 3883 Antonio
3602 3813 3917 3893 copticelo-

2285 3919 2508 3988 quente
2532 3915 2659 3985 ipse
2692 3930 2902 3983 graece
2933 3914 3269 3986 perorabat.
3305 3915 3461 3971 Audi
3492 3914 3655 3971 enim
3685 3907 3913 3965 Athana-

2289 4004 2519 4059 siumin
2544 4004 2679 4058 Vita
2698 4003 2935 4058 Antonii
2961 4006 3126 4059 Tom.
3149 4006 3190 4058 lt
3218 4004 3762 4060 Athanasianorum
3792 3992 3913 4061 Ope'

2288 4109 2423 4148 rum
2449 4091 2588 4147 edit.
2620 4092 2797 4147 Paris.
2828 4092 2966 4147 anni
2987 4093 3125 4146 1627
3150 4106 3288 4164 pag.
3322 4093 3446 4160 479,
3474 4092 3598 4155 ubi,
3623 4089 3911 4161 postquam

2289 4182 2453 4246 dixit,
2493 4180 2818 4236 Antonium
2857 4180 3248 4236 Alexandriae
3273 4187 3652 4253 praesentem
3678 4176 3911 4240 tempore

2292 4270 2723 4341 persecutionis
2754 4269 3054 4324 Maximini
3082 4269 3369 4325 obtulisse
3397 4285 3461 4324 se
3489 4268 3561 4325 ad
3590 4256 3911 4331 martyrium

535 4364 830 4420 superque
849 4349 927 4404 ab
950 4351 1207 4406 instituto
1242 4369 1351 4408 suo
1383 4356 1559 4411 veteri
1589 4358 2040 4422 anachoreseos,
2066 4358 2181 4414 hoc
2215 4380 2258 4435 ι)
2292 4358 2552 4429 praesidi
2580 4357 2803 4429 alioqui
2845 4358 2971 4413 fero
3026 4366 3082 4413 et
3124 4359 3536 4429 sanguinario,
3573 4368 3679 4411 nec
3716 4353 3907 4405 tamam

536 4442 624 4492 est
654 4436 808 4491 vitae
849 4438 1169 4509 solitariae,
1213 4442 1486 4498 recedere
1514 4460 1632 4499 non
1684 4446 1913 4511 volens,
1957 4463 2094 4503 cum
2120 4448 2180 4502 in

538 4530 737 4580 monte
765 4524 1045 4591 interiori,
1074 4526 1205 4583 loco
1241 4529 1351 4585 sibi
1392 4531 1670 4588 divinitus
1701 4540 2051 4601 monstrato,
2085 4552 2182 4592 so-

534 4612 627 4667 lus
658 4629 1038 4684 perseverare
1067 4632 1255 4687 usque
1278 4618 1352 4673 ad
1379 4627 1650 4687 mortem,
1675 4629 1851 4692 prout
1874 4639 2076 4679 revera
2102 4623 2181 4679 fe-

536 4700 632 4767 cit,
664 4703 1041 4767 decrevisset,
1070 4719 1179 4759 nec
1210 4710 1409 4763 tamen
1437 4709 1648 4765 deesse
1688 4711 1859 4765 vellet
1892 4716 1973 4767 tot
2014 4712 2183 4767 milli-

538 4791 649 4843 bus
680 4790 1015 4855 hominum,
1050 4794 1151 4863 qui
1186 4796 1449 4867 undique
1479 4798 1557 4853 ad
1586 4812 1723 4851 eum
1756 4800 1953 4854 studio
1985 4802 2061 4855 ad
2094 4818 2182 4856 sa-

535 4877 720 4933 lutem
760 4884 1063 4936 aeternam
1114 4897 1186 4937 ex
1236 4899 1365 4954 ipso
1395 4885 1743 4956 proficiendi
1775 4888 2181 4954 conﬂuebant,

537 4982 745 5022 eorum
769 4970 1224 5025 commorationi
1250 4973 1580 5041 assignavit
1604 4980 1869 5031 montem
1888 4976 2070 5032 alium
2105 4978 2185 5033 illi

538 5072 647 5111 suo
698 5055 984 5123 vicinum,
1026 5064 1081 5113 et
1121 5060 1197 5115 ad
1229 5061 1355 5115 eius
1394 5062 1788 5119 diﬂ'erentiam
1835 5066 2183 5123 exteriorem

537 5149 840 5214 vocatum,
885 5147 943 5202 in
1000 5163 1121 5220 quo
1170 5150 1587 5222 Pispiritanum
1622 5156 2049 5210 monasterium
2091 5172 2184 5211 ex-

538 5238 831 5291 structum
858 5241 963 5301 est,
989 5252 1025 5292 a
1046 5240 1355 5295 monachis
1377 5240 1955 5315 frequentatum,qui
1972 5244 2187 5300 discre-

539 5324 609 5381 tis
635 5323 855 5381 cellulis
885 5326 1112 5383 circum
1133 5328 1435 5399 degentes,
1460 5330 1653 5401 sparsi
1679 5346 1782 5404 per
1806 5334 2061 5404 spatium
2088 5336 2184 5391 tri-

2291 4447 2451 4519 quod
2503 4448 2773 4517 impense
2820 4445 3118 4517 cupiebat,
3180 4446 3365 4502 fuisse
3416 4441 3909 4527 comprehensum.

2292 4538 2595 4610 adiungit:
2628 4539 2779 4593 Erat
2801 4546 2999 4594 autem
3030 4537 3309 4593 Dominus
3336 4537 3513 4594 illum
3549 4537 3839 4591 reservans
3858 4530 3907 4570 ιη

2292 4633 2558 4684 nostram
2584 4633 2639 4683 et
2677 4626 2934 4682 aliorum
2967 4627 3303 4692 utilitatem,
3337 4632 3403 4680 ut
3434 4628 3496 4681 in
3524 4618 3722 4682 asc-esi.
3753 4618 3904 4684 quam

2293 4731 2323 4772 e
2345 4714 2668 4786 Scripturis
2698 4714 2819 4781 ipse
2845 4714 3162 4778 didicerat,
3193 4714 3398 4770 multis
3430 4712 3707 4784 magister
3742 4695 3903 4789 βενέξ·

2294 4804 2696 4873 Magisterium
2727 4809 2925 4858 autem
2959 4803 3116 4858 istud
3143 4803 3436 4857 Antonius
3475 4795 3730 4858 exercuit
3751 4785 3905 4855 copu'

2295 4909 2384 4957 ea,
2418 4908 2602 4965 quam
2636 4891 2850 4957 solam,
2879 4897 2939 4946 ut
2970 4892 3112 4957 dixi,
3144 4891 3418 4957 callebat,
3454 4891 3669 4959 lingua,
3704 4882 3777 4935 EI
3804 4880 3905 4942 qua

2297 4982 2355 5037 S.
2385 4980 2745 5037 Athanasius
2771 4996 2983 5050 graece
3012 4980 3208 5035 reddit
3238 4981 3391 5035 bene
3416 4980 3625 5048 longas
3653 4972 3771 5027 eius
3794 4969 3902 5017 era-

2296 5068 2486 5125 tiones
2515 5068 2689 5134 duas,
2722 5067 2984 5138 priorem
3015 5083 3050 5123 a
3075 5082 3214 5139 pag.
3252 5071 3347 5123 461
3383 5067 3460 5123 ad
3483 5067 3602 5128 477,
3633 5054 3902 5149 altet‘ﬁﬂlfl

2296 5172 2433 5227 pag.
2458 5158 2563 5212 492
2584 5157 2658 5212 ad
2693 5158 2818 5221 497,
2851 5171 3031 5227 saepe
3057 5157 3232 5212 etiam
3258 5155 3407 5212 alias
3434 5153 3683 5211 eruditas
3709 5140 3821 5197 eius
3841 5140 3899 5185 eo

2294 5247 2368 5303 de
2392 5261 2605 5316 genere
2628 5250 2972 5306 sententias.
2996 5261 3290 5317 responsa
3309 5250 3365 5300 et
3387 5242 3695 5316 praecepta
3709 5232 3898 5320 ωοιξρξ

2300 5308 2461 5401 rans,
2498 5349 2759 5406 quorum
2784 5333 3068 5406 pleraque
3097 5308 3311 5389 eadem
3338 5333 3397 5389 in
3420 5326 3642 5391 Macarii
3669 5308 3897 5378 Hominis

2112 5477 2363 5534 NOTAE.

624 5629 701 5701 (2)
732 5629 825 5688 Sic
856 5630 869 5687 l
895 5630 1047 5689 Em'r.
