4092 6252
220 251 321 310 337

1268 263 1363 318 AD
1403 263 1771 321 OPUSCULA
1811 265 1870 321 S.
1915 268 2214 325 MACABII
2257 272 2613 329 AEGYPTII.

3543 283 3648 339 338

206 376 500 469 librisque
524 381 705 438 hodie
746 392 1061 457 apparent,
1085 387 1249 445 haud
1280 389 1466 445 dubio
1504 390 1720 447 indicio
1758 393 1878 447 ori-
1909 395 1950 448 A
1988 396 2148 467 prior
2177 403 2408 469 praeter
2445 402 2677 454 caetera
2701 414 2932 455 errores
2955 400 3453 461 damnatissimos
3483 408 3646 463 Mon-

209 467 369 535 ginis
404 469 537 525 inde
587 472 858 530 haustae.
901 479 964 532 Et
1004 478 1137 534 illae
1168 479 1343 548 igitur
1376 480 1660 535 Homiliae
1692 483 1874 536 Anto-

206 557 429 612 nianae
446 560 667 631 potius,
701 580 881 633 quam
907 568 1275 623 Macarianae
1298 573 1454 637 sunt,
1484 570 1709 641 quippe
1729 587 1875 643 qua-

202 660 338 701 rum
373 662 549 702 verus
585 656 796 707 auctor
854 654 1165 719 Antonius,
1211 674 1411 713 merus
1471 658 1654 715 ferme
1693 660 1874 715 inter-

199 749 336 804 pres
369 737 664 794 Macarius
693 741 884 808 fuerit,
918 760 1165 816 prorsus
1190 746 1347 802 idem
1378 764 1672 821 unusque,
1703 750 1871 805 cuius

192 836 420 879 nomen
460 831 586 882 tum
641 829 927 899 Homiliis,
965 839 1087 889 tum
1119 843 1349 906 septem
1380 837 1563 894 modo
1617 854 1722 909 per
1762 854 1871 894 nos

185 910 364 966 editis
400 915 723 985 Opusculis
774 922 1144 992 praeﬁgitur.
1199 925 1428 981 Etenim
1483 927 1529 982 si
1562 942 1684 982 non
1717 928 1868 983 alius

182 1013 221 1054 a
264 1000 475 1070 prisco
531 1004 808 1073 Macario,
843 1018 1019 1080 prout
1047 1013 1437 1079 ostendimus,
1482 1016 1866 1086 quaerendus

184 1096 409 1145 auctor
440 1098 528 1148 est
557 1093 954 1154 Homiliarum
980 1102 1423 1173 quinquaginta
1449 1120 1484 1158 a
1513 1105 1649 1160 Pico
1680 1105 1869 1161 edita-

184 1191 353 1244 rum,
387 1187 659 1252 repertus
701 1186 872 1241 nobis
897 1204 1081 1259 opera
1110 1190 1324 1247 eadem
1357 1192 1528 1249 fuerit
1554 1209 1728 1248 verus
1759 1211 1864 1249 au-

184 1269 321 1320 ctor
338 1275 573 1339 septem
598 1288 755 1344 quae
775 1290 934 1332 nunc
950 1278 1168 1334 damus
1188 1280 1653 1351 Opusculorum.
1681 1285 1866 1340 Tanta

183 1354 427 1426 quippe
454 1362 821 1426 germanitas
866 1369 1279 1437 comparando
1328 1372 1672 1439 agnoscitur
1716 1372 1863 1426 scri-

181 1443 474 1530 ptionum
497 1448 840 1514 ambarum,
873 1458 933 1507 ut
962 1453 1224 1510 dubitari
1256 1456 1372 1511 fere
1406 1464 1681 1529 nequeat,
1717 1459 1861 1530 quin

186 1529 390 1585 Patris
448 1536 623 1590 unius
654 1537 775 1593 duo
806 1539 999 1596 foetus
1038 1545 1173 1598 sint.
1204 1547 1393 1601 Sensa
1432 1547 1686 1601 invicem
1717 1529 1863 1603 con-

187 1622 497 1686 gruentia,
525 1628 916 1696 expressionis
945 1648 1101 1686 unus
1130 1635 1359 1702 genius,
1419 1634 1773 1691 elocutionis
1807 1642 1862 1692 et

186 1706 335 1776 styli
393 1711 597 1778 saliva,
647 1720 974 1774 structurae
1006 1728 1183 1794 atque
1234 1723 1457 1778 ordinis
1497 1724 1690 1780 forma
1732 1742 1856 1797 par,
1892 1734 1931 1786 Β

178 1801 509 1854 contextus
550 1805 1123 1881 compositionisque
1155 1812 1331 1866 totius
1359 1813 1522 1868 color
1555 1821 1610 1867 et
1641 1830 1857 1869 succus

173 1880 369 1951 idem,
402 1894 463 1942 ut
516 1890 660 1946 mihi
692 1895 936 1964 quidem
1000 1880 1121 1954 non
1178 1900 1277 1955 nix
1307 1902 1469 1972 quod
1502 1903 1689 1967 aiunt,
1743 1904 1857 1958 nivi

174 1972 258 2027 ad
311 1982 656 2046 aspectum,
708 1997 828 2038 non
861 1984 951 2040 lac
990 1986 1122 2042 lacti
1152 1995 1253 2044 aut
1278 1991 1393 2044 mel
1446 1991 1603 2046 melli
1636 1992 1713 2047 ad
1755 2008 1859 2063 gu-

172 2065 336 2117 stum
372 2065 643 2131 similior,
678 2085 864 2141 quam
916 2074 1027 2130 ista
1051 2076 1175 2131 duo
1208 2079 1286 2132 ad
1330 2078 1580 2148 legentis
1611 2096 1856 2135 sensum

170 2151 407 2223 scripta
470 2156 803 2215 videantur.
838 2164 1079 2218 Accedit
1118 2165 1472 2238 suffragium
1520 2172 1857 2225 communis

172 2241 457 2314 utrisque
478 2247 676 2312 naevi,
699 2248 861 2320 quali
881 2253 1139 2309 maxime
1158 2257 1286 2326 rapi
1308 2258 1383 2312 ad
1404 2260 1855 2329 persuasionem

170 2329 402 2397 solent,
429 2334 553 2403 qui,
589 2338 924 2407 expositum
953 2357 1158 2397 recens
1186 2360 1220 2398 a
1241 2352 1414 2416 partu
1446 2354 1547 2402 aut
1573 2346 1689 2403 alio
1713 2365 1855 2404 casu

170 2418 393 2492 aliquo
427 2421 748 2494 abreptum
780 2442 815 2479 a
844 2430 1085 2484 nutricis
1114 2434 1339 2502 gremio
1368 2435 1656 2492 infantem
1700 2444 1853 2507 post-

170 2522 373 2578 quam
406 2509 511 2566 diu
576 2514 910 2585 quaesiere,
957 2518 1234 2576 dubitant
1257 2538 1332 2578 an
1362 2539 1507 2594 puer
1532 2525 1651 2580 iam
1680 2527 1845 2582 adul-

170 2597 290 2653 tior
329 2614 444 2670 pro
494 2601 596 2657 tali
649 2609 933 2671 oggestus
984 2607 1144 2664 idem
1177 2625 1309 2665 vere
1335 2614 1430 2668 sit.
1470 2614 1631 2670 Tunc
1666 2616 1847 2682 enim,

173 2684 283 2740 ubi
329 2688 635 2745 maculam
678 2697 783 2747 aut
841 2709 1148 2751 verrucam
1198 2698 1255 2753 in
1306 2698 1509 2765 filiolo,
1570 2719 1709 2759 cum
1764 2713 1850 2761 est

172 2780 382 2841 natus,
414 2780 798 2835 observatam
833 2787 1024 2837 mater
1052 2791 1152 2840 aut
1200 2787 1482 2844 obstetrix
1529 2791 1587 2845 in
1644 2792 1847 2849 oblato

174 2877 428 2935 quoque
441 2881 690 2938 corpore
706 2875 1010 2936 notarunt,
1025 2874 1360 2932 exclamare
1378 2888 1842 2940 consueverunt:

177 2951 619 3042 Nihilamplius
647 2962 1088 3030 quaerendum,
1120 2964 1215 3019 hic
1247 2982 1508 3037 prorsus,
1542 2970 1636 3024 hic
1680 2972 1846 3042 ipsus

184 3042 303 3091 est.
336 3040 494 3098 Idem
528 3061 638 3100 usu
666 3049 862 3103 veniat
895 3065 1001 3122 par
1024 3058 1126 3105 est
1158 3055 1332 3109 nobis
1363 3057 1684 3114 Macarium
1706 3040 1846 3115 lio-

184 3124 487 3185 miliarum
514 3135 863 3206 scriptorem
896 3140 954 3192 in
980 3146 1207 3211 septem
1238 3146 1633 3202 asceticorum
1664 3148 1845 3203 libro-

186 3228 327 3270 rum
374 3226 613 3276 auctore
664 3228 1109 3295 quaerentibus.
1146 3231 1510 3289 Deformitas
1542 3238 1843 3308 quaedam

191 3304 449 3360 cernitur
467 3307 527 3362 in
548 3311 875 3370 Macariaua
895 3318 1144 3373 Homilia
1165 3321 1333 3375 tertia
1352 3304 1659 3379 doctrinae
1688 3342 1844 3381 nunc

188 3386 323 3485 falsi
352 3398 676 3465 convictae,
711 3400 848 3456 olim
884 3408 1114 3473 magnis
1139 3407 1409 3465 Patribus
1443 3412 1602 3468 visae
1625 3415 1843 3485 proba-

188 3477 439 3545 bilis,de
469 3488 854 3556 corporeitate
879 3494 1228 3563 angelorum
1264 3504 1317 3553 et
1350 3477 1713 3557 animarum.
1747 3506 1847 3558 Ea-

181 3568 323 3663 dem
363 3587 543 3663 porro
569 3591 705 3633 cum
746 3579 1044 3650 Opusculo
1085 3586 1258 3641 huius
1306 3588 1585 3644 Thesauri
1614 3592 1683 3646 Vl
1711 3609 1843 3663 cap.

178 3654 321 3715 item
350 3661 419 3715 VI
456 3678 592 3734 pag.
638 3667 734 3723 121
784 3670 1036 3739 legatur,
1088 3682 1144 3727 et
1195 3677 1440 3747 quidem
1474 3678 1687 3736 iisdem
1728 3654 1846 3737 fere

178 3749 396 3815 verbis,
424 3753 631 3824 quidni
664 3771 775 3811 nos
807 3774 1052 3832 quoque
1079 3762 1200 3818 iam
1234 3766 1483 3821 convicti
1516 3769 1841 3825 fateamur:

174 3837 378 3894 Manus
410 3840 558 3896 haec
596 3847 846 3901 omnino
902 3865 1138 3917 manus,
1191 3855 1313 3909 imo
1344 3862 1399 3909 et
1452 3872 1563 3911 vox
1604 3875 1847 3932 quoque

184 3927 581 3986 Homiliarum
606 3935 866 3989 auctoris
893 3939 1127 3994 Macarii
1158 3946 1268 3997 est.

242 4096 368 4152 VII.
404 4099 596 4156 Nolim
618 4105 817 4159 tamen
842 4104 953 4162 hac
974 4107 1273 4166 offensum
1297 4112 1671 4171 confessione
1692 4116 1845 4173 labis

165 4182 450 4243 lectorem
482 4191 766 4247 continuo
819 4198 1227 4264 praeiudicare
1260 4202 1387 4255 luce
1438 4202 1748 4273 indignum
1790 4214 1845 4262 et

168 4289 355 4345 Opera
366 4278 613 4334 editoris
639 4295 708 4335 ea
723 4283 898 4337 sorde
920 4285 1233 4357 inquinata
1246 4306 1300 4344 rn
1316 4296 1750 4349 commentariu
1762 4312 1839 4350 m.

171 4364 362 4420 Nimis
396 4367 616 4423 multos
646 4374 769 4426 tam
796 4387 1085 4444 praeceps
1113 4379 1406 4434 sententia
1428 4384 1838 4450 proscriberet.

177 4453 322 4508 Nam
356 4469 386 4508 e
418 4456 646 4523 graecis
679 4460 735 4514 8.
768 4462 1099 4518 Methodius
1163 4472 1410 4538 martyr,
1479 4471 1532 4525 S.
1593 4472 1841 4528 Basilius

172 4540 439 4611 Magnus,
501 4547 579 4601 uti
632 4553 689 4603 et
744 4549 920 4605 huius
971 4553 1239 4625 aequalis
1304 4565 1358 4611 et
1417 4557 1722 4615 familiaris
1781 4564 1834 4618 S-

175 4627 427 4717 Ephrem
460 4634 663 4705 Syrus,
698 4636 1052 4694 Severianus
1084 4641 1451 4711 Gabalensis,
1500 4648 1553 4700 S.
1592 4648 1839 4717 Cyrillus

175 4714 631 4780 Alexandrinus,
654 4726 990 4791 Caesarius,
1020 4733 1369 4787 Anastasius
1394 4734 1614 4791 Sinaita
1634 4714 1692 4792 et
1714 4737 1833 4803 alii,

171 4818 201 4858 e
231 4806 434 4860 latinis
471 4824 608 4866 vero
636 4814 1049 4883 Tertullianus,
1085 4822 1140 4875 8.
1196 4823 1581 4890 Augustinus,
1618 4826 1672 4881 S.
1709 4825 1835 4881 Ful-

162 4895 422 4962 gentius,
446 4898 502 4953 S.
544 4901 748 4955 Petrus
775 4903 1201 4975 Chrysologus,
1244 4912 1564 4977 Arnobius,
1602 4913 1834 4970 Cassia-

160 4999 293 5048 nus,
329 4987 619 5044 Maximus
674 4993 1077 5061 Taurinensis,
1114 4998 1479 5065 Gennadius,
1518 5004 1828 5073 Rupertus,

162 5072 215 5129 S.
255 5074 614 5140 Bernardus.
644 5078 804 5135 hunc
837 5097 1096 5139 errorem
1112 5085 1411 5159 hodieque
1446 5091 1571 5146 suis
1602 5072 1834 5147 exstan-

160 5163 319 5218 tibus
350 5166 773 5235 consignatum
803 5168 971 5224 libris
1003 5174 1365 5242 praeferunt,
1409 5186 1584 5248 prout
1614 5180 1832 5251 allega-

159 5251 608 5310 tionelocorum
626 5255 1002 5315 demonstrat
1020 5261 1338 5334 Dionysius
1362 5267 1634 5323 Petavius
1662 5272 1827 5325 Tom.

157 5342 224 5397 Ill
248 5342 749 5414 Theologicorum
766 5346 1126 5417 dogmatum
1153 5352 1254 5407 lib.
1287 5354 1304 5407 l
1338 5355 1411 5410 de
1438 5356 1665 5426 angelis
1693 5375 1826 5430 cap.

158 5430 228 5487 ll.
272 5431 425 5497 Quid
456 5433 644 5505 quod,
676 5450 813 5491 cum
845 5452 916 5492 ex
996 5440 1177 5495 modo
1203 5444 1526 5501 nominatis
1557 5447 1826 5519 quidam,

156 5521 236 5577 uti
266 5521 666 5578 Tertullianus
727 5530 784 5581 et
816 5526 1156 5594 Cassianus,
1200 5531 1319 5586 alia
1348 5535 1685 5604 perniciosa
1717 5553 1828 5593 suo

159 5611 647 5684 superseminata
720 5616 911 5673 tritico
989 5617 1216 5676 zizania
1265 5620 1548 5690 habeant,
1608 5640 1829 5697 nempe

1987 486 2355 554 tanistarum,
2390 489 2534 544 alter
2591 489 3135 559 Semipelagianum
3184 493 3641 552 odiosissimum

1983 574 2227 643 dogma,
2257 578 2398 648 quia
2430 577 2531 633 illa
2580 582 2825 649 uterque
2877 578 3022 633 vitia
3053 581 3287 650 magnis
3321 583 3640 640 virtutibus

1982 663 2296 729 redimunt,
2350 666 2502 721 adeo
2534 681 2653 720 non
2684 666 3114 722 interdicuntur
3150 685 3257 723 usu
3291 686 3360 727 ac
3390 671 3540 737 luce,
3580 677 3645 728 ut

1981 767 2185 807 eorum
2241 755 2418 810 etiam
2466 754 2789 810 suadeatur
2816 755 2987 811 lectio
3034 763 3090 811 et
3128 760 3585 816 commendetur
3625 781 3638 820 :

1979 842 2113 913 quis
2139 848 2259 897 tam
2306 843 2545 915 iniquus
2575 859 2775 899 arcere
2802 850 3047 900 cunctos
3082 845 3217 901 visu
3253 856 3310 903 et
3363 854 3641 906 contactu

1977 929 2467 987 lucubrationum
2498 932 2693 1001 Magni
2730 934 2960 989 Macarii
2986 941 3229 991 conetur
3257 942 3498 1008 propter
3520 944 3638 993 tres

1977 1024 2355 1092 quatuorque
2388 1036 2592 1075 versus
2621 1021 2896 1077 labecula
2928 1022 3072 1077 nulli
3106 1024 3285 1081 hodie
3343 1028 3521 1081 noxia
3550 1042 3638 1082 re-

1978 1123 2186 1179 persos
2215 1111 2273 1164 in
2305 1108 2470 1165 libris
2492 1116 2720 1181 septem
2748 1126 2917 1174 sana,
2946 1112 3445 1185 inculpatissima,
3477 1116 3637 1171 salu-

1979 1197 2240 1253 berrima
2269 1198 2600 1253 eruditione
2630 1198 3106 1255 redundantibus
3139 1202 3166 1257 ?

2047 1322 2265 1377 Licebit
2294 1322 2469 1391 igitur
2520 1338 2625 1395 per
2680 1340 2891 1378 omnes
2922 1340 3151 1396 aequos
3192 1331 3247 1381 et
3304 1328 3636 1398 prudentes

1974 1410 2147 1466 nobis
2188 1412 2245 1466 in
2284 1411 2396 1466 hoc
2422 1428 2664 1483 quoque
2717 1413 2889 1467 horto
2941 1429 3218 1469 rosarum
3277 1416 3462 1470 odore
3496 1416 3633 1482 frui,

1976 1500 2177 1564 vitato,
2204 1500 2364 1571 quod
2391 1499 2667 1555 facillime
2690 1518 3037 1571 possumus,
3067 1503 3274 1574 spinae
3297 1504 3472 1559 unius
3496 1521 3639 1559 acu-

1970 1588 2063 1643 leo
2097 1610 2108 1652 ;
2138 1590 2198 1643 in
2246 1590 2359 1645 hoc
2397 1606 2613 1661 campo
2646 1596 2863 1645 metere
2924 1607 3141 1662 purum
3173 1592 3538 1648 frumentum
3572 1594 3634 1648 in

1971 1693 2298 1744 annonam,
2337 1679 2602 1748 neglecto
2620 1681 2955 1750 reiectoque
2989 1680 3162 1734 unius
3191 1680 3305 1735 illic
3348 1681 3493 1736 forte
3526 1682 3632 1737 ad-

1975 1768 2097 1821 nati
2125 1767 2363 1822 surculo
2389 1767 2528 1821 lolii.
2559 1770 2685 1822 Non
2704 1767 2964 1839 vulgaris
2990 1784 3127 1839 spes
3157 1770 3229 1823 ad
3261 1770 3373 1824 hoc
3410 1785 3632 1841 operae

1971 1854 2143 1925 pretii
2180 1860 2369 1910 vocat.
2429 1856 2639 1926 Utique
2673 1856 2767 1910 vix
2832 1857 3067 1925 uspiam
3110 1857 3251 1911 alibi
3292 1864 3627 1928 reperturos

1969 1943 2350 2008 enucleatius,
2380 1944 2672 2009 disertius,
2704 1944 3117 2015 intelligentius
3137 1945 3506 2003 declaratam
3537 1962 3631 2002 ra-

1971 2032 2188 2088 tionem
2221 2049 2465 2089 omnem
2497 2049 2566 2088 ac
2599 2033 2945 2087 methodum
2980 2035 3120 2088 artis
3146 2034 3370 2105 alioqui
3421 2051 3629 2091 recon-

1969 2121 2127 2177 ditae
2153 2138 2221 2177 ac
2250 2121 2584 2193 perplexae,
2619 2121 2911 2176 serviendi
2944 2125 3056 2177 Deo
3101 2123 3158 2177 in
3201 2124 3431 2194 spiritu,
3465 2140 3630 2180 men-

1967 2212 2163 2282 tisque
2194 2227 2264 2266 ac
2292 2210 2614 2265 voluntatis
2642 2211 2923 2281 cuiusque
2961 2216 3301 2266 nostrarum
3337 2214 3428 2267 via
3468 2219 3631 2269 recta

1967 2306 2237 2371 certaque
2256 2300 2781 2370 promovendarum
2810 2300 2885 2353 ad
2909 2304 3137 2368 gratum
3157 2300 3360 2355 divino
3392 2302 3625 2356 Numini

1966 2389 2321 2458 obsequium
2358 2388 2804 2459 praestandum,
2841 2404 3067 2460 nosque
3098 2405 3205 2461 per
3244 2391 3621 2446 heroicarnm

1964 2478 2240 2533 exercitia
2302 2477 2583 2532 virtutum
2642 2476 2979 2531 elimandos
3037 2478 3111 2531 ad
3172 2477 3619 2548 perfectionem,

1963 2570 2194 2638 quanta
2223 2566 2445 2620 homini
2479 2570 2667 2635 potest
2697 2566 2757 2619 in
2809 2565 2923 2620 hac
2974 2567 3091 2620 vita
3121 2567 3482 2638 contingere,
3511 2567 3620 2622 sic-

1959 2671 2076 2727 que
2115 2653 2524 2726 disponendos
2571 2654 2648 2709 ad
2713 2654 3040 2709 ineundam
3086 2656 3281 2710 statim
3333 2654 3409 2709 ab
3458 2655 3625 2711 obitu

1960 2745 2403 2813 possessionem
2444 2742 2606 2812 regni
2645 2742 3025 2813 diligentibus
3086 2746 3271 2799 Deum
3309 2745 3618 2815 promissi.

1956 2833 2183 2887 Iuvabit
2214 2832 2395 2887 etiam
2422 2831 2483 2886 in
2533 2832 2783 2901 puritate
2815 2831 3089 2887 catholici
3109 2832 3410 2902 dogmatis
3438 2837 3492 2887 et
3518 2848 3623 2888 ca-

1958 2922 2184 2993 pitibus
2212 2921 2547 2992 praecipuis
2570 2920 3041 2975 orthodoxarum
3070 2922 3406 2986 veritatum,
3437 2921 3620 2976 hodie

1958 3027 2094 3066 cum
2111 3010 2358 3064 maxime
2372 3008 2659 3064 adversus
2677 3010 2954 3064 haereses
2977 3010 3395 3079 propugnatis,
3417 3010 3623 3066 miram

1878 3080 1918 3135 C
1956 3098 2248 3154 Ecclesiae
2277 3113 2433 3170 quae
2458 3112 2616 3152 nunc
2650 3097 2809 3161 vivit,
2833 3113 2970 3151 cum
2993 3113 3064 3152 ea
3094 3113 3249 3168 quae
3271 3100 3620 3166 Magnorum

1955 3188 2269 3243 Antoniiet
2293 3185 2598 3241 Athanasii
2625 3201 2773 3241 aevo
2791 3185 3009 3256 ﬂoruit,
3044 3186 3508 3242 consensionem
3558 3187 3619 3241 in

1956 3276 2047 3332 his
2077 3276 2244 3331 libris
2275 3290 2620 3343 agnoscere.
2643 3263 2933 3329 Absoluta
2961 3275 3019 3329 in
3048 3275 3331 3329 omnibus
3361 3275 3611 3329 necessi-

1958 3372 2047 3421 tas
2076 3366 2300 3435 gratiae
2327 3364 2803 3434 supernaturalis
2847 3363 2925 3419 ad
2972 3364 3122 3419 bene
3150 3364 3525 3434 operandum
3552 3365 3614 3419 in

1956 3456 2161 3511 ordine
2214 3454 2285 3509 ad
2336 3453 2588 3508 salutem
2618 3458 2945 3517 aeternam,
2976 3468 3113 3507 cum
3144 3452 3363 3524 ubique
3394 3454 3615 3523 passim

1956 3544 2314 3608 insinuatur,
2362 3549 2488 3598 tum
2540 3542 2925 3596 disertissime
2988 3542 3268 3598 asseritur
3315 3557 3448 3613 cap.
3511 3541 3617 3596 XV

1958 3635 2172 3706 Opusc.
2204 3632 2278 3685 VI
2306 3647 2441 3703 pag.
2473 3630 2597 3695 134,
2624 3633 2722 3685 ubi
2755 3646 2875 3685 non
2908 3632 3104 3701 magis
3134 3647 3313 3702 posse
3343 3631 3495 3686 bene
3522 3646 3620 3686 co-

1957 3723 2127 3791 gitari
2160 3728 2263 3776 aut
2294 3736 2389 3791 agi
2422 3721 2549 3775 sine
2580 3720 2822 3791 speciali
2850 3726 3095 3774 naturae
3130 3720 3407 3775 meritum
3449 3735 3621 3774 exce-

1956 3812 2134 3866 dente
2168 3808 2826 3875 Deiadiutoriodicitur,
2859 3824 3043 3879 quam
3068 3809 3248 3863 videri
3264 3810 3389 3863 sine
3413 3807 3613 3874 oculo,

1955 3901 2069 3955 dici
2102 3901 2227 3954 sine
2259 3898 2484 3967 lingua,
2528 3900 2647 3951 sive
2709 3896 2966 3968 pedibus
3007 3896 3326 3951 ambulari.
3418 3898 3617 3968 Capite

1959 4003 2097 4042 vero
2134 3988 2241 4040 XIX
2271 3985 2486 4056 Opusc.
2530 3985 2623 4038 Vll
2693 3999 2831 4055 pag.
2872 3985 2970 4038 165
3000 3984 3397 4054 pulcherrime
3450 3985 3612 4040 idem

1956 4075 2287 4131 adstruitur
2320 4074 2662 4128 inductione
2695 4072 2951 4141 generali
3010 4079 3340 4127 creatorum
3384 4088 3608 4137 rerum,

1954 4163 2256 4220 naturales
2284 4164 2458 4217 etiam
2490 4176 2631 4215 suas
2690 4162 3065 4233 operationes
3096 4162 3337 4232 exsequi
3368 4176 3489 4216 non
3514 4177 3614 4215 va-

1953 4253 2218 4315 lentium,
2245 4251 2422 4306 nisiis
2442 4251 2754 4306 subVeniat
2786 4248 3015 4304 alienae
3030 4256 3281 4305 naturae
3296 4250 3608 4305 auxilium.

1952 4344 2089 4397 dem
2122 4348 2298 4397 antea
2355 4340 2837 4395 demonstratum
2881 4338 3074 4393 fuerat
3102 4354 3235 4409 cap.
3281 4337 3352 4392 IV
3394 4340 3612 4410 Opusc.

1875 4433 1916 4487 D
1955 4432 2019 4487 Vl
2064 4447 2201 4501 pag.
2235 4431 2356 4493 tl8,
2391 4445 2461 4484 eo
2494 4434 2699 4497 arguto
2730 4427 3029 4500 applicata
3061 4426 3415 4495 Evangelica
3445 4443 3615 4499 para-

1950 4520 2091 4575 bola
2105 4520 2312 4574 decem
2346 4520 2945 4590 virginum,quarum
2973 4532 3127 4589 quae
3158 4517 3480 4587 prudentes
3497 4533 3617 4573 me-

1951 4609 2059 4664 rito
2090 4608 2370 4663 dicuntur
2399 4608 2667 4679 quinque
2704 4623 2714 4661 :
2748 4607 3163 4676 Peregrinum,
3200 4606 3281 4660 ait
3307 4610 3532 4671 auctor,
3577 4620 3614 4661 a

1948 4713 2057 4752 sua
2084 4698 2352 4763 ipsarum
2385 4700 2608 4751 natura
2635 4697 2848 4761 oleum,
2882 4695 3039 4765 quod
3074 4698 3161 4750 est
3191 4696 3443 4762 spiritus
3468 4708 3608 4765 gra-

1948 4789 2081 4851 tiae,
2110 4786 2171 4841 in
2234 4787 2389 4841 vasis
2421 4785 2617 4841 cordis
2661 4789 3312 4855 praesumpserant.....
3349 4784 3612 4856 quinque

1948 4891 2082 4929 vero
2105 4874 2316 4942 fatuae
2334 4890 2401 4929 ea
2430 4874 2543 4929 sibi
2572 4876 2681 4942 su/
2679 4875 2857 4944 ﬁcere
2876 4874 3174 4942 ducentes,
3202 4863 3355 4943 quae
3385 4878 3611 4929 natura

1943 4964 2085 5033 ipsis
2144 4965 2152 5033 |
2213 4963 2632 5032 suppeditabat
2654 4978 2783 5027 sua,
2813 4962 3056 5017 excludi
3084 4978 3121 5016 a
3174 4963 3442 5019 thalamo
3490 4977 3611 5019 me-

1944 5056 2220 5118 ruerunt,
2246 5052 2310 5106 in
2342 5067 2515 5122 quem
2541 5051 2770 5120 priores
2800 5054 2937 5105 sunt
2970 5050 3285 5107 admissae.

2015 5183 2147 5237 VIII.
2181 5181 2277 5236 His
2303 5181 2530 5253 σοι)οηί
2560 5180 2705 5236 forte
2732 5186 2930 5251 posset
2963 5179 3125 5235 locus
3146 5196 3223 5235 ex
3274 5181 3391 5235 fine
3446 5181 3610 5250 capi-

1945 5272 2015 5326 tis
2051 5272 2206 5326 XXIX
2241 5271 2464 5341 Opusc.
2510 5270 2619 5324 VIll
2650 5285 2791 5339 pag.
2842 5268 2965 5332 221,
3013 5269 3109 5323 ubi
3166 5268 3462 5323 Macarius
3502 5269 3604 5332 ait,

1942 5374 2192 5417 renuere
2212 5359 2505 5415 hominem
2523 5366 2575 5415 et
2596 5374 2716 5413 non
2738 5357 3135 5413 condelectari
3153 5357 3608 5426 cogitationibus

1939 5450 2146 5517 pravis
2161 5450 2286 5503 sine
2309 5450 2421 5504 Deo
2435 5448 2758 5503 adiuvante
2786 5462 2906 5504 esse
2929 5447 3226 5513 possibile.
3248 5447 3326 5499 Ac
3350 5445 3494 5499 nihil
3510 5446 3604 5501 hic

1944 5536 2255 5593 doctrinae
2276 5537 2645 5592 orthodoxae
2676 5536 2751 5591 de
2778 5537 3129 5592 necessitate
3152 5534 3345 5589 auxilii
3380 5534 3605 5604 gratiae

1939 5625 2192 5685 actualis
2222 5625 2300 5684 ad
2330 5640 2574 5683 omnem
2601 5631 2802 5683 actum
2844 5625 3071 5681 bonum
3115 5621 3439 5694 positivum
3467 5638 3605 5678 con-
