4092 6252
465 325 572 381 339

1625 315 1832 372 PETRI
1874 313 2147 370 POSSINI
2192 307 2728 367 PROLEGUMENA

3759 300 3875 356 340

460 447 624 504 trarii
655 449 768 503 est.
806 444 937 517 Agit
965 444 1123 499 enim
1154 446 1360 500 auctor
1389 441 1463 498 de
1505 443 1784 497 dissensu
1816 456 1975 496 mere
2004 455 2107 495 ne-
2142 440 2188 492 Î‘
2224 434 2397 507 Atqui
2430 436 2708 502 Magnum
2753 432 3076 485 Antonium
3110 428 3337 485 viderat
3376 426 3476 500 qui
3518 426 3630 482 hoc
3660 423 3884 480 scribit.

464 537 681 607 gativo,
715 536 828 590 hoc
854 539 945 589 est
970 533 1363 604 suspensione
1412 547 1723 594 assensus,
1764 546 1941 602 quae,
1974 544 2112 584 cum

463 641 628 681 mera
654 624 892 693 negatio
916 627 970 677 et
997 638 1213 692 purum
1243 621 1385 675 nihil
1418 621 1512 686 sit,
1573 620 1795 676 auxilio
1827 634 1947 674 non
1984 622 2115 687 eget

464 714 583 770 nisi
614 713 829 785 pariter
855 710 1157 780 negativo.
1197 709 1395 765 Talem
1430 726 1555 765 esse
1588 709 1820 766 Macarii
1856 714 2114 763 mentem

463 817 651 873 prope
707 800 1017 856 manifeste
1083 804 1241 870 patet
1289 814 1358 853 ex
1413 799 1503 853 his
1531 798 1655 853 eius
1686 798 1881 853 verbis
1913 798 2115 851 imme-

464 891 623 946 diate
654 888 1147 961 praecedentibus
1171 904 1183 941 :
1207 889 1333 943 sine
1371 888 1477 943 Deo
1495 888 1820 943 adiuvante
1847 892 1899 941 et
1926 901 2031 955 per
2059 899 2119 939 se

462 979 653 1048 ipsum
686 979 939 1034 liberare
955 976 1616 1048 sequemquam,quoad
1635 976 1812 1040 lucta,
1841 990 1994 1045 quae
2007 973 2118 1041 ipsi

463 1071 688 1124 estcum
703 1066 1178 1137 cogitationibus,
1198 1066 1507 1133 expeditus
1520 1065 1729 1134 fuerit,
1759 1070 1844 1121 est
1856 1064 2118 1132 impossi-

464 1157 595 1213 bile.
632 1157 939 1229 Siquidem
975 1156 1230 1211 liberare
1284 1170 1364 1223 se,
1415 1161 1469 1211 et
1501 1156 1664 1211 lucta
1695 1155 2117 1225 cogitationum

457 1246 735 1316 expedire
763 1261 840 1311 se,
875 1250 1043 1301 actus
1064 1245 1328 1299 hominis
1370 1246 1661 1315 positivos
1715 1243 1998 1312 indicant,
2043 1242 2118 1298 ad

458 1335 668 1407 quales
697 1350 908 1390 omnes
951 1349 1191 1405 prorsus
1244 1333 1793 1405 indispensabiliter
1847 1348 2119 1388 necessa-

461 1425 620 1480 rium
670 1424 763 1478 Dei
821 1439 924 1494 per
974 1422 1227 1491 gratiam
1292 1422 1523 1478 actuale
1579 1422 1940 1478 adiutorium
1994 1437 2122 1477 esse

464 1517 671 1569 auctor
700 1513 1058 1583 pronunciat
1090 1529 1104 1579 ;
1137 1511 1211 1566 de
1234 1513 1628 1583 suspensione
1667 1527 1808 1567 vero
1834 1526 2120 1566 assensus

469 1616 656 1667 mera,
706 1616 861 1671 quae
927 1616 1061 1655 vere
1121 1600 1375 1656 nihilum
1429 1602 1521 1665 sit,
1583 1601 1857 1656 concedit
1905 1600 2123 1656 actuali

469 1704 603 1744 eam
633 1688 852 1744 auxilio
886 1704 1003 1743 non
1027 1704 1224 1758 egere.
1268 1690 1418 1755 Scio,
1467 1706 1503 1745 a
1547 1689 1914 1760 quibusdam
1948 1688 2123 1744 hodie

2223 525 2433 579 intimo
2466 524 2513 576 ei
2546 521 2819 576 convictu
2848 519 2953 573 diu
2983 518 3310 574 familiaris.

2296 631 2637 685 Contrarius
2655 632 2743 683 est
2770 626 3053 697 scopulus
3075 641 3287 681 sanam
3302 622 3525 693 gratiae
3552 622 3886 677 doctrinam

2226 720 2599 776 tradentibus
2620 716 2920 781 vitandus,
2945 715 3257 787 oppressio
3280 712 3530 768 humani
3561 709 3786 766 arbitrii
3820 723 3890 763 ac

2226 808 2508 864 vertibilis
2554 808 2611 861 in
2674 806 2975 861 contraria
3011 810 3065 859 et
3095 801 3554 858 contradictoria
3607 799 3891 854 inliciatio

2228 898 2534 953 libertatis.
2564 898 2726 950 Hunc
2754 909 2992 964 semper
3022 891 3455 947 studiosissime
3489 888 3747 944 declinat
3776 886 3891 942 Ma-

2228 987 2421 1041 carius
2452 987 2547 1040 hic
2568 990 2784 1051 noster,
2821 982 2963 1036 velis
2992 996 3326 1052 numquam
3355 994 3473 1033 non
3504 975 3803 1046 remisque
3834 974 3892 1029 in

2228 1076 2571 1147 oppositam
2620 1071 2975 1127 incumbens
3026 1069 3462 1141 professionem
3495 1063 3890 1121 vertibilitatis

2230 1164 2631 1221 indifferenter
2680 1162 2901 1216 liberae
2930 1161 3019 1214 sui
3066 1158 3362 1229 compotis
3415 1155 3760 1219 voluntatis,
3816 1153 3896 1208 ita

2231 1268 2467 1324 semper
2520 1258 2623 1306 aut
2655 1252 2880 1320 gratiae
2935 1247 3233 1321 praesenti
3266 1247 3341 1301 ad
3382 1245 3536 1300 bene
3570 1244 3893 1312 agendum,

2232 1348 2334 1398 aut
2376 1340 2682 1395 tentationi
2735 1355 2839 1393 seu
2885 1336 3403 1407 concupiscentiae
3456 1331 3762 1402 instiganti
3817 1329 3894 1385 ad

2234 1431 2388 1486 male
2419 1428 2794 1501 operandam
2814 1424 3258 1489 consentientis,
3291 1428 3353 1477 ut
3382 1423 3572 1494 possit
3592 1437 3700 1492 pro
3738 1418 3897 1476 arbi-

2233 1520 2343 1575 trio
2383 1519 2653 1573 resistere
2688 1533 2699 1570 :
2759 1518 2817 1571 in
2877 1531 2998 1588 quo
3052 1514 3277 1570 fontem
3312 1512 3572 1567 residere
3620 1509 3813 1565 meriti
3845 1513 3904 1563 et

2233 1607 2509 1679 vituperii
2582 1620 2905 1676 verumque
2973 1603 3281 1659 cardinem
3332 1601 3549 1670 negotii
3598 1599 3903 1654 humanae

2235 1696 2669 1753 iustiticationis
2699 1700 2798 1751 aut
2830 1692 3616 1765 depravationis,quatenus
3648 1688 3760 1742 hae
3792 1686 3900 1741 im-

468 1777 839 1833 scholasticis
867 1778 1093 1849 negari,
1148 1794 1281 1834 esse
1338 1778 1651 1849 possibiles
1709 1794 1889 1849 puras
1930 1778 2124 1832 istius-
2156 1785 2199 1840 B
2237 1786 2527 1859 putabiles
2553 1784 2781 1838 homini
2816 1780 3063 1837 suntvel
3095 1781 3169 1837 ad
3194 1780 3442 1852 praemii
3478 1778 3776 1840 meritum,
3812 1774 3905 1829 vel

466 1867 630 1923 modi
669 1867 1056 1922 omissiones.
1095 1867 1183 1922 Ab
1213 1867 1343 1924 aliis
1379 1876 1577 1924 tamen
1610 1883 1714 1923 eae
1755 1884 1876 1922 non
1915 1867 2123 1939 paucis

463 1971 573 2011 nec
603 1972 816 2026 parum
850 1955 1178 2011 illustribus
1237 1957 1648 2014 admittuntur.
1701 1957 1967 2022 Quorum
1998 1972 2125 2011 sen-

467 2044 681 2100 tentiae
700 2045 989 2100 Macarius
1012 2046 1125 2101 hoc
1150 2045 1277 2101 loco
1306 2047 1668 2116 suffragatur
1707 2065 1723 2117 ;
1760 2061 1934 2114 agere
1963 2045 2124 2101 enim

465 2149 526 2187 se
556 2133 630 2188 de
674 2149 861 2198 mera.
896 2139 957 2188 ut
1006 2133 1150 2199 dixi,
1199 2135 1533 2190 cessatione
1584 2135 1895 2191 voluntatis
1930 2137 2126 2205 pravis

467 2221 932 2289 cogitationibus
953 2226 1208 2278 tentatae
1226 2238 1295 2277 eo
1333 2222 1649 2291 significat,
1673 2223 1837 2293 quod
1851 2238 1987 2278 cum
2004 2240 2127 2277 sus-

468 2310 822 2379 pensionem
838 2326 1052 2366 assens
1064 2328 1129 2365 us
1145 2313 1535 2382 expressisset
1561 2312 1741 2367 verbo
1764 2326 2013 2367 renuere
2027 2316 2126 2366 aut

468 2398 895 2464 contradicere,
924 2400 982 2453 in
1008 2416 1130 2471 quo
1144 2404 1271 2455 erat
1291 2400 1595 2471 emphasis
1610 2401 1908 2472 quaedam
1930 2400 2129 2472 positi-

466 2492 525 2542 vi
576 2493 762 2553 actus,
819 2488 987 2558 quasi
1060 2490 1362 2557 corrigens
1410 2495 1512 2544 aut
1567 2489 1869 2561 explicans
1930 2491 2128 2545 statim

470 2574 786 2644 adiungit:
820 2583 1000 2631 etnon
1036 2578 1648 2642 condetectari,ubiet,
1683 2584 1935 2648 utsaepe
1959 2578 2125 2647 alias,

470 2665 869 2735 expositivum
904 2669 1010 2729 est,
1035 2667 1209 2735 quasi
1240 2666 1535 2721 diceretur
1563 2668 1627 2721 id
1656 2674 1761 2723 est.
1808 2668 1900 2722 His
1918 2668 2129 2722 adiun-

472 2759 596 2823 gat,
628 2752 676 2807 si
714 2754 849 2824 quis
876 2753 1050 2818 volet,
1087 2754 1405 2827 plerosque
1445 2756 1749 2827 theologes
1789 2757 2022 2822 docere,
2053 2758 2130 2813 ad

471 2846 639 2897 actus
688 2842 931 2913 quidem
980 2859 1189 2898 omnes
1213 2859 1347 2900 vere
1374 2844 1664 2901 salutares
1703 2850 1759 2901 et
1800 2845 2129 2901 meritorios

471 2930 627 2987 vitae
657 2936 933 2986 aeternae
963 2933 1182 3003 requiri
1220 2933 1515 2989 actualem
1555 2934 1811 3003 gratiam
1844 2950 2130 3006 superna-

470 3018 724 3075 turalem
764 3020 823 3074 in
847 3021 1193 3087 substantia,
1225 3023 1368 3088 sive,
1404 3028 1467 3078 ut
1496 3022 1833 3095 loquuntur,
1898 3025 1961 3079 in
1992 3024 2133 3080 enti-

472 3112 585 3165 tate
612 3129 633 3177 ,-
648 3108 726 3165 ad
760 3124 879 3165 non
900 3112 1423 3167 succumbendum
1464 3118 1666 3168 autem
1697 3114 1999 3168 tentationi
2028 3129 2132 3183 per
2172 3135 2212 3190 Ï

478 3198 808 3270 simplicem
826 3206 1103 3255 renutum
1123 3216 1280 3255 mere
1307 3201 1595 3256 naturalis
1610 3202 1835 3257 ordinis
1854 3201 2132 3257 sufficere

475 3287 771 3342 actualem
803 3290 1056 3356 gratiam
1090 3290 1608 3359 supernaturalem
1665 3296 1894 3347 tantum
1941 3292 2134 3363 quoad

473 3376 735 3440 modum,
768 3391 886 3430 non
919 3392 1053 3433 vero
1098 3378 1159 3433 in
1188 3379 1540 3435 substantia.
1598 3380 1767 3444 Quod
1822 3381 1868 3435 si
1900 3386 2135 3451 putetur
2176 3382 2179 3383 â·

475 3465 571 3519 hic
632 3465 915 3519 Macarius
981 3465 1244 3521 indicare
1302 3467 1573 3534 voluisse,
1601 3469 1778 3524 etiam
1817 3470 1898 3523 sic
1924 3485 2135 3538 expers

476 3552 690 3607 erroris
719 3552 853 3607 erit.
892 3558 1150 3623 Apparet
1182 3560 1502 3623 praeterea.
1546 3562 1773 3626 septem
1805 3557 1916 3612 hos
1953 3558 2135 3612 libros

476 3641 732 3711 scriptos
766 3647 902 3696 ante
952 3648 1155 3697 natam
1216 3644 1447 3714 Evagrii
1482 3645 1701 3701 Pontici
1749 3646 2132 3716 Origenistae,

480 3736 535 3786 et
565 3729 791 3785 alumni
822 3729 1022 3796 huius,
1067 3731 1297 3800 Pelagii.
1333 3732 1689 3800 doctrinam,
1722 3750 1879 3806 quae
1913 3736 2138 3806 impec-

481 3818 843 3873 cabilitatem
883 3825 938 3873 et
981 3819 1189 3874 salutis
1222 3822 1600 3877 securitatem
1631 3839 1768 3879 cum
1820 3825 1995 3895 plena
2036 3841 2135 3880 ex-

482 3907 791 3962 stinctione
818 3909 1171 3977 passionum
1194 3909 1538 3966 hominibus
1566 3912 1625 3966 in
1655 3913 1766 3968 hac
1795 3914 1907 3969 vita
1941 3915 2137 3986 possi-

481 3995 659 4051 bilem
675 3995 871 4052 ï¬nxit.
913 3998 1124 4053 Contra
1152 3999 1310 4055 enim
1343 4000 1555 4055 horum
1570 4008 1776 4057 auctor
1791 4002 2133 4060 absolutam

481 4085 858 4140 securitatem
899 4085 1109 4140 salutis
1140 4087 1198 4141 in
1250 4088 1363 4144 hac
1388 4089 1505 4144 vita
1539 4096 1778 4161 prOpter
1806 4093 2136 4148 vertibilem

480 4173 539 4228 in
568 4173 795 4230 malum
820 4175 995 4230 etiam
1014 4182 1419 4246 postecstases
1445 4185 1502 4233 et
1546 4180 1669 4235 visa
1694 4180 1899 4236 divina
1932 4181 2138 4237 volun-

482 4267 661 4317 tatem
703 4278 776 4317 ne
804 4264 1008 4334 primis
1039 4264 1284 4335 quidem
1338 4267 1632 4336 Apostolis
1665 4276 1797 4338 post
1829 4275 2136 4340 acceptum

478 4350 574 4404 die
603 4351 975 4406 Pentecostes
1026 4353 1308 4421 Spiritum
1361 4360 1637 4411 sanctum
1686 4357 1958 4412 concedit
1989 4375 2127 4429 cap.

483 4438 597 4494 XVI
626 4437 842 4507 Opusc.
899 4441 967 4493 VI
1019 4456 1156 4511 pag.
1194 4444 1312 4505 135,
1348 4448 1410 4497 ut
1441 4444 1645 4499 timere
1692 4445 1962 4500 videlicet
1997 4462 2134 4502 cum

484 4526 664 4582 Paulo
689 4530 1006 4597 potuerint,
1040 4544 1111 4585 ne
1143 4545 1272 4585 cum
1306 4532 1441 4587 aliis
1469 4533 1998 4601 praedicavissent,
2024 4537 2138 4604 ipsi

483 4616 722 4684 reprobi
750 4617 1153 4685 efï¬cerentur.
1194 4618 1358 4675 Unde
1373 4622 1562 4692 capite
1593 4622 1724 4677 libri
1758 4624 2025 4679 eiusdem
2051 4628 2137 4682 Î§Î§

483 4718 622 4775 pag.
652 4708 748 4760 139
777 4706 1119 4777 exemplum
1160 4706 1327 4764 affert
1369 4711 1647 4766 monachi
1688 4717 1823 4782 post
1854 4713 2049 4770 visum
2076 4714 2135 4769 in

487 4798 661 4863 raptu
704 4796 1052 4862 paradisum
1089 4796 1435 4869 toedelapsi.
1464 4800 1654 4864 Quare
1685 4802 1983 4871 capitibus
2019 4804 2135 4857 VIII

488 4884 543 4934 et
594 4879 663 4933 IX
710 4882 933 4951 Opusc.
1002 4884 1093 4938 Vll
1148 4899 1290 4955 pag.
1345 4888 1441 4941 I52
1493 4894 1548 4943 et
1584 4890 1680 4943 t53
1714 4889 2136 4961 perfectionem

486 4969 768 5024 omnibus
799 4971 1134 5028 absolutam
1169 4976 1433 5031 numeris
1450 4976 1763 5048 etplenam
1797 4980 2138 5050 impeccan-

488 5058 633 5114 tiam
664 5058 892 5115 homini
927 5063 1141 5118 viventi
1206 5065 1549 5136 contingere
1610 5068 1691 5122 ait
1724 5084 1897 5139 posse
1942 5070 2135 5124 solum

486 5155 972 5206 momentaneam
1012 5152 1071 5206 in
1111 5159 1331 5223 puncto
1372 5162 1574 5227 raptus
1621 5160 1679 5211 et
1716 5159 1950 5222 ecstasi,
2005 5163 2137 5227 post

487 5253 643 5309 quae
674 5238 885 5294 iterum
908 5242 1272 5311 peccabilem
1306 5246 1389 5300 sic
1417 5261 1657 5315 passum
1692 5246 1898 5302 divina
1932 5247 2135 5302 nihilo-

486 5326 683 5382 minus
739 5344 866 5383 esse
913 5333 1287 5401 pronunciat.
1342 5334 1543 5405 Capite
1596 5340 1796 5390 autem
1855 5336 2135 5407 Opusculi

487 5417 540 5471 ei
574 5416 784 5472 usdem
816 5418 906 5473 VII
938 5419 1297 5477 duodecimo
1326 5438 1463 5494 pag.
1495 5425 1595 5478 157
1620 5425 1766 5480 haec
1795 5440 1871 5480 no
1910 5425 2137 5480 itabilia

487 5507 653 5579 ponit
674 5508 852 5563 verba
886 5525 896 5564 :
931 5510 1210 5566 Nondum
1243 5517 1435 5569 autem
1457 5529 1809 5585 quemquam
1838 5514 1959 5570 vidi
1974 5514 2139 5569 Chri-

483 5597 746 5653 stianum
777 5600 1127 5669 perfectum,
1171 5606 1275 5657 aut
1300 5606 1461 5659 omni
1506 5619 1580 5659 ex
1606 5607 1781 5673 parte
1822 5606 1882 5657 in
1914 5607 2138 5671 tempus

485 5700 655 5742 omne
707 5687 979 5755 liberum,
1058 5706 1093 5747 a
1158 5691 1418 5763 pericqu
1491 5692 1763 5748 videlicet
1830 5692 2135 5762 peccandi.

2234 1876 2314 1931 ad
2341 1890 2571 1947 poenae
2589 1873 2951 1927 iustissimae
2974 1877 3227 1933 reatum,
3256 1869 3563 1923 verissime
3578 1867 3671 1921 hic
3692 1870 3905 1920 auctor

2234 1969 2453 2029 censet,
2508 1963 2663 2017 Haec
2699 1978 2833 2016 cum
2867 1960 3104 2031 paginis
3136 1958 3253 2013 fere
3293 1957 3578 2013 omnibus
3611 1960 3903 2027 perpetuo

2234 2059 2333 2109 aut
2360 2053 2615 2107 inculcat
2671 2058 2773 2105 aut
2801 2049 2993 2104 innuit
3047 2054 3170 2103 tum
3204 2047 3551 2119 praesertim
3594 2045 3817 2115 Opusc.
3857 2042 3902 2097 ll

2235 2159 2369 2214 cap.
2430 2141 2521 2196 XII
2562 2146 2617 2196 et
2645 2138 2862 2210 Opusc.
2908 2137 3035 2192 VIII
3069 2153 3200 2207 cap.
3265 2136 3330 2190 III
3368 2151 3541 2206 pagg.
3575 2133 3642 2187 37
3696 2137 3749 2186 et.
3802 2131 3903 2187 185

2237 2247 2308 2286 ex
2329 2229 2601 2302 professo
2637 2235 2755 2282 tam
2784 2226 3113 2282 luculenter
3144 2223 3445 2288 enuuciat,
3478 2228 3541 2277 ut
3569 2221 3670 2293 qui
3706 2220 3791 2274 sic
3823 2220 3904 2275 lo-

2237 2320 2436 2392 quitur
2452 2317 2687 2373 saeculo
2714 2315 3007 2370 Ecclesiae
3035 2313 3254 2369 ï¬‚uente
3286 2317 3521 2383 quarto,
3548 2309 3737 2365 videri
3769 2324 3907 2378 pos-

2238 2409 2311 2462 sit
2340 2407 2737 2461 orthodoxam
2798 2404 2872 2457 de
2929 2403 3113 2458 libero
3156 2401 3398 2456 arbitrio
3438 2400 3632 2469 deque
3678 2398 3909 2468 gratiae

2240 2496 2520 2566 cumipso
2539 2510 2607 2549 ac
2621 2492 3145 2563 concupiscentiae
3173 2493 3537 2561 cooperante
3565 2486 3906 2541 doctrinam

2240 2601 2360 2641 non
2396 2583 2662 2655 potuisse
2684 2581 2981 2646 disertius,
3016 2579 3260 2634 uberius
3294 2576 3911 2646 circumspectiusque

2241 2688 2597 2744 proponere,
2654 2671 2702 2725 si
2768 2670 3005 2724 decreta
3036 2673 3091 2722 et
3117 2682 3381 2722 canones
3428 2680 3636 2720 sacrae
3685 2663 3907 2735 synodi

2240 2762 2616 2817 Tridentinae
2647 2758 2944 2814 Sessionis
2968 2758 3035 2812 Vl
3062 2756 3200 2827 plus
3228 2755 3384 2810 mille
3412 2754 3588 2809 annis
3606 2753 3905 2824 posterius

2240 2851 2578 2906 celebratae
2602 2850 2720 2904 iam
2739 2853 2861 2901 tum
2884 2846 3156 2917 legisset;
3186 2844 3338 2900 adeo
3366 2843 3477 2899 illis
3501 2848 3902 2898 consentanee

2241 2939 2598 2995 catholicam
2613 2938 2686 2992 de
2707 2935 3027 2992 hominum
3043 2933 3473 3005 justiï¬catione
3489 2931 3673 2987 fidem
3689 2930 3899 2986 edisse-

2241 3029 2335 3084 rit.

2318 3135 2402 3189 IX.
2423 3132 2747 3189 Dicendum
2762 3132 2855 3186 hic
2870 3130 3097 3202 aliquid
3115 3133 3386 3198 superest
3410 3127 3482 3182 de
3499 3129 3906 3196 cognomento

2242 3221 2717 3293 Magni,Macarii
2731 3221 2957 3275 nomini
2973 3218 3280 3275 adiuncto.
3298 3219 3374 3271 Ex
3386 3232 3658 3288 pressum
3676 3214 3736 3269 id
3751 3213 3909 3269 clare

2244 3313 2497 3386 praefert
2524 3310 2974 3382 antiquissimus
3014 3323 3191 3379 quem
3235 3304 3523 3376 exscripsi
3573 3304 3763 3358 codex
3793 3318 3913 3356 non

2245 3402 2439 3457 solum
2470 3402 2528 3454 in
2558 3399 3029 3455 Macarianorum
3077 3394 3510 3466 Opusculorum
3558 3392 3745 3457 titulo,
3809 3390 3919 3446 sed

2246 3497 2552 3562 praeterea
2602 3488 2661 3542 in
2694 3486 2995 3558 Opusculo
3045 3485 3109 3540 IX
3141 3483 3305 3556 quod
3360 3481 3703 3537 inscribitur
3761 3482 3918 3548 Apo-

2240 3579 2633 3649 phthegmata
2682 3583 2939 3637 Patrum,
2995 3580 3055 3627 ut
3086 3573 3285 3627 videre
3317 3577 3401 3627 est
3428 3587 3567 3643 pag.
3611 3570 3737 3635 243,
3768 3569 3915 3641 quin

2246 3674 2301 3723 et
2326 3670 2383 3722 in
2411 3668 2626 3739 Opusc.
2656 3664 2788 3719 XVII
2835 3662 3168 3733 Nicephori,
3215 3666 3592 3729 argumento,
3629 3658 3684 3712 ni
3719 3656 3917 3721 fallor,

2246 3758 2389 3813 satis
2452 3762 2632 3822 certo,
2690 3757 2995 3824 receptum
3050 3751 3189 3805 olim
3257 3750 3370 3804 hoc
3436 3748 3619 3803 fuisse
3689 3750 3749 3802 et
3806 3762 3919 3801 usu

2250 3846 2472 3915 vulgari
2553 3845 2773 3899 tritum.
2834 3841 3013 3897 Cuius
3090 3838 3299 3911 triplex
3362 3837 3686 3907 excogitari
3759 3835 3915 3890 ratio

2248 3939 2469 4006 potest.

2318 4056 2773 4125 Prima,ingens
2796 4054 2906 4110 viri
2933 4054 3209 4109 meritum
3246 4073 3256 4115 Í¾
3287 4050 3614 4114 doctrinae,
3640 4049 3917 4119 inquam,

2249 4151 2374 4204 eius
2414 4152 2469 4201 et
2522 4144 2954 4201 sanctimoniae
2982 4141 3371 4213 praestantia,
3414 4155 3569 4211 quas
3624 4138 3924 4209 quotidia-

2248 4253 2327 4292 no
2364 4235 2600 4307 prOprie
2643 4233 2903 4305 quisque
2928 4232 3111 4299 longo
3162 4245 3279 4284 usu
3332 4228 3733 4299 experientiae
3779 4242 3922 4282 cum

2249 4325 2669 4398 perspicerent,
2688 4328 2744 4376 et
2766 4319 3066 4391 praesenti
3094 4317 3285 4372 fructu
3300 4316 3585 4372 sentirent
3617 4320 3700 4370 tot
3728 4314 3919 4370 millia

2250 4412 2851 4480 monachorum,quos
2865 4414 3000 4462 ante
3016 4411 3069 4461 et
3084 4413 3216 4478 post
3234 4411 3467 4460 mortem
3482 4402 3923 4473 Antoniiannis

2248 4500 2520 4574 plurimis
2561 4499 2711 4555 lacte
2765 4496 2948 4550 divini
2996 4494 3159 4549 verbi
3204 4493 3349 4548 aluit
3413 4500 3467 4547 et
3500 4491 3923 4547 efï¬cacissima

2247 4591 2594 4647 dexteritate
2614 4587 2686 4642 ad
2703 4584 3036 4657 profectum
3050 4583 3289 4654 spiritus
3307 4580 3629 4653 promovit,
3644 4578 3921 4650 exemplo

2248 4694 2483 4749 semper
2514 4676 2788 4750 praeiens
2817 4677 2874 4729 in
2904 4674 3068 4729 omni
3092 4672 3395 4727 iunctione
3418 4669 3681 4741 religiosi
3718 4668 3925 4731 ofï¬cii,

2247 4774 2369 4824 tam
2383 4766 2761 4821 excellentem
2787 4763 3164 4831 magistrum,
3194 4760 3304 4815 sibi
3340 4759 3444 4813 visi
3464 4758 3583 4813 sint
3604 4757 3705 4811 tali
3736 4756 3926 4812 hono-

2247 4873 2376 4911 rare
2408 4853 2807 4925 appellatione
2857 4850 3159 4914 debuisse,
3208 4847 3527 4915 Evangelio
3569 4847 3749 4901 etiam
3782 4861 3928 4900 auc-

2250 4955 2372 5001 tore
2389 4944 2488 4999 ubi
2520 4941 3024 5010 legebantMatth.
3044 4939 3104 5003 V,
3140 4940 3204 4993 19
3232 4937 3375 5004 :Qui
3402 4935 3609 5005 fecerit
3636 4939 3689 4990 et
3715 4934 3929 4990 docue-

2248 5035 2345 5099 rit,
2381 5035 2477 5089 hic
2500 5046 2755 5101 magnus
2787 5030 3095 5086 vocabitur
3123 5026 3185 5083 in
3240 5040 3422 5094 regno
3453 5025 3769 5081 caelorum.

2319 5158 2550 5220 Altera,
2583 5154 2750 5227 quod
2803 5169 2941 5207 cum
2973 5151 3295 5206 Antonium
3349 5149 3606 5204 solerent
3638 5149 3927 5218 Magnum

2248 5247 2375 5301 sine
2397 5244 2605 5301 addito
2638 5257 2867 5304 vocare,
2904 5241 3054 5295 adeo
3087 5238 3315 5294 utistud
3342 5238 3692 5292 adiunctum
3732 5237 3789 5291 in
3807 5251 3909 5291 no-

2249 5349 2387 5389 men
2418 5334 2539 5388 iam
2574 5330 2879 5402 proprium
2914 5329 3246 5398 migrasset,
3272 5332 3445 5397 prout
3482 5324 3822 5395 intelligitur
3851 5340 3922 5379 ex

2250 5438 2437 5493 supra
2473 5419 2732 5476 recitatis
2766 5418 2959 5473 Cronii
3013 5416 3338 5487 presbyteri
3385 5413 3549 5485 apud
3587 5412 3917 5468 Palladium

2249 5510 2466 5575 verbis,
2497 5515 2552 5563 et
2590 5506 2914 5563 Macarium
2958 5505 3223 5560 viderent
3253 5520 3283 5558 e
3327 5502 3459 5557 sinu
3506 5499 3745 5557 Antonii
3779 5515 3922 5572 pro-

2250 5597 2518 5663 ductum,
2551 5596 2849 5651 viceseius
2883 5595 3225 5665 inipsorum
3256 5590 3544 5663 regimine
3590 5594 3917 5658 gerentem,

2256 5692 2314 5746 et
2359 5688 2421 5745 in
2469 5686 2634 5744 omni
2660 5684 2840 5742 laude
2880 5682 3269 5746 simillimum,
3317 5694 3579 5751 aequum
3610 5677 3915 5745 duxerint,
