4092 6252
248 332 347 388 341

1284 332 1380 386 AD
1418 331 1789 388 OPUSCULA
1831 330 1892 386 S.
1936 330 2629 417 MACABIIAEGYPTII.

3560 330 3662 387 342

256 453 1004 529 postAntoniipraesertim
1034 459 1308 521 mortem,
1333 456 1542 512 eodem
1569 457 1891 512 Macarium
1930 461 1975 514 A
2005 460 2477 513 octavanumero
2493 458 2735 529 ponitur
2765 459 2894 514 eius
2910 457 3399 529 oratioinscripta
3428 457 3501 513 de
3524 470 3662 525 poe-

255 546 543 617 impertire
574 545 765 609 titulo,
796 560 920 616 quo
974 545 1205 600 Patrem
1236 550 1291 601 et
1318 562 1492 601 suum
1542 551 1893 602 cunctorum

257 650 650 698 communem,
676 640 827 704 etpe
883 635 892 703 |
949 634 1235 690 culiarem
1260 635 1445 705 ipsius
1468 634 1895 707 exemplarque

255 724 641 794 archetypum
663 724 945 792 Magnum
969 724 1312 793 Antonium,
1340 724 1487 780 dum
1523 724 1764 788 viveret,
1800 724 1897 778 ho-

253 817 631 870 noraverant.

309 959 612 1014 Postrema
626 956 804 1011 huius
816 959 1001 1013 reisat
1035 956 1372 1013 verisimilis
1384 974 1566 1014 causa
1579 962 1689 1025 est,
1708 958 1892 1031 quod,

242 1063 381 1103 cum
413 1048 540 1103 iam
572 1051 698 1101 tum
730 1044 893 1101 fama
935 1044 1217 1101 ﬂorerent
1272 1046 1393 1102 duo
1419 1047 1538 1113 alii,
1571 1047 1647 1103 de
1678 1046 1897 1120 quibus

242 1136 519 1209 superius
552 1139 643 1189 est
671 1134 922 1199 dictum,
972 1135 1234 1190 iuniores
1266 1136 1502 1192 Macarii
1534 1142 1587 1191 et
1639 1136 1897 1191 diversis

243 1225 303 1280 in
322 1226 600 1295 partibus
618 1223 904 1292 degentes
926 1226 1253 1295 Aegyptius
1271 1228 1327 1279 et
1352 1225 1810 1289 Alexandrinus,
1838 1229 1898 1280 ut

243 1330 418 1371 suum
430 1312 833 1384 antiquiorem
850 1312 926 1368 ab
941 1312 1050 1367 illis
1063 1313 1519 1383 distinguerent,
1536 1315 1898 1385 Magnieum

241 1402 690 1474 insigniendum
705 1400 964 1472 epitheto
980 1403 1428 1475 putaverintqui
1442 1408 1583 1458 tunc
1597 1402 1895 1459 vivebant.

237 1493 411 1561 Quod
447 1493 677 1548 utinam
708 1493 1079 1546 constantius
1110 1491 1317 1547 fuisset
1348 1508 1383 1548 a
1415 1493 1663 1563 posteris
1698 1494 1899 1548 obser-

244 1590 452 1638 vatum
481 1599 495 1649 ;
530 1582 614 1636 sic
627 1581 784 1635 enim
809 1579 1266 1637 foretdamnosa
1282 1588 1336 1636 et
1355 1582 1671 1653 periuiqua
1694 1582 1896 1637 confu-

247 1673 337 1727 sio
355 1673 561 1741 vitata,
583 1685 735 1741 quae
761 1670 1139 1725 veneratione
1158 1674 1402 1742 propria
1433 1670 1491 1725 in
1523 1670 1689 1726 fastis
1715 1671 1897 1727 eccle-

247 1762 506 1817 siasticis
534 1760 710 1814 Patris
734 1759 874 1814 olim
907 1759 1273 1815 sanctissimi
1304 1765 1358 1815 et
1385 1760 1726 1815 coelestium
1772 1777 1896 1815 me-

241 1849 571 1905 rentissimi
603 1849 897 1903 honorum
930 1848 1206 1904 obrutam
1239 1849 1633 1918 ambiguitate
1667 1865 1898 1905 memo-

236 1940 390 1994 riam
407 1936 728 2007 fraudavit;
749 1943 807 1992 ut
820 1952 956 1992 cum
972 1936 1102 1992 dies
1118 1938 1461 2006 assignatus
1485 1939 1897 1994 anniversario

236 2027 427 2084 cultui
442 2027 725 2099 proprius
744 2026 804 2080 in
831 2026 1262 2097 Martyrologiis
1276 2027 1685 2095 etMenologiis
1704 2028 1899 2095 signe-

238 2124 332 2172 tur
362 2114 664 2187 Aegyptio
695 2121 750 2169 et
780 2113 1186 2170 Alexandrino
1244 2115 1531 2178 Macariis,
1569 2130 1899 2187 eorumque

234 2211 379 2260 Acta
404 2203 730 2275 separatim
756 2201 1363 2273 descriptalegantur,
1407 2207 1569 2257 solus
1600 2202 1900 2273 antiquior

232 2294 548 2351 ambobus
563 2298 618 2348 et
648 2297 860 2347 neutro
877 2291 1325 2347 minusillustris
1346 2291 1631 2347 Macarius
1652 2294 1900 2360 Magnus

230 2382 660 2439 innominatus
693 2384 1074 2451 praeteratur.
1111 2381 1232 2447 Cui,
1267 2395 1466 2451 spero,
1504 2380 1902 2435 medebuntur

229 2469 639 2528 incommodo
691 2460 1150 2539 Antuerpienses
1205 2469 1415 2534 nostri,
1475 2484 1735 2540 quorum
1769 2468 1901 2525 laus

231 2566 403 2617 tanta
436 2563 529 2614 est
557 2558 618 2612 in
647 2556 804 2612 Actis
860 2557 1212 2612 Sanctorum
1270 2558 1657 2624 illustrandis,
1693 2557 1743 2612 si
1772 2574 1905 2629 pro-

236 2652 447 2723 priam
476 2647 788 2702 historiam
814 2645 966 2700 vitae
1006 2645 1239 2701 abbatis
1284 2646 1619 2719 Pispiritani
1648 2648 1902 2715 Macarii,

239 2741 320 2797 ab
353 2752 675 2808 anonymo
705 2735 909 2801 veteri,
943 2735 1047 2806 qui
1078 2735 1414 2790 Posthumii
1445 2735 1495 2790 ei
1530 2738 1903 2791 succedentis

242 2833 393 2885 Acta
426 2825 606 2882 literis
656 2823 920 2892 tradidit,
949 2828 1011 2879 ut
1052 2824 1178 2895 ipse
1208 2824 1454 2893 indicat,
1482 2826 1904 2895 compositam,

243 2916 511 2988 reperire
539 2912 758 2970 alicubi
783 2912 1106 2984 potuerint,
1140 2928 1277 2968 cum
1324 2911 1498 2969 tineis
1528 2912 1676 2969 forte
1708 2914 1907 2970 adhuc

247 3004 576 3075 blattisque
606 3002 950 3059 luctantem.

2004 545 2258 601 nitentia
2284 550 2337 601 et
2367 548 2523 618 quod
2562 564 2678 603 non
2707 549 2781 603 sit
2811 548 3266 617 desperandum.
3332 546 3483 601 duas
3544 545 3660 600 hoc

2006 634 2169 705 quod
2200 636 2417 689 damus
2446 651 2738 707 expensas
2756 639 2975 706 scripto
3008 636 3381 691 narrationes
3414 633 3660 689 totidem

2006 722 2183 793 plane
2204 724 2409 778 recitat
2436 724 2631 779 verbis
2659 725 2945 780 continua
2971 726 3119 779 serie
3154 724 3233 779 ab
3254 731 3523 778 extrema
3555 737 3657 792 pa-

2007 810 2147 879 gina
2177 814 2521 878 centesima,
2545 830 2699 884 quae
2731 812 2884 868 illius
2908 813 3195 868 orationis
3234 812 3315 866 ibi
3357 826 3520 865 nona
3550 812 3659 876 est,

2009 914 2201 969 usque
2220 900 2293 954 ad
2316 903 2703 957 centesimam
2729 901 3178 957 duodecimam.
3202 901 3267 955 Et
3286 905 3424 955 sunt
3445 898 3663 954 ambae

2007 986 2141 1042 illae
2164 988 2445 1044 historiae
2471 989 2621 1045 adeo
2646 991 2988 1061 inopinatae
3007 1007 3076 1046 ac
3109 990 3313 1051 mirae,
3350 995 3411 1044 ut
3432 988 3657 1043 descri-

2008 1075 2171 1130 benti
2205 1076 2344 1131 mihi
2394 1076 2849 1133 sollicitudinem
2909 1084 3236 1145 moverent,
3270 1094 3343 1133 ue
3377 1092 3484 1147 pro
3518 1092 3662 1147 apo-

2008 1179 2110 1236 cry
2187 1167 2195 1234 |
2282 1167 2414 1236 phis
2460 1174 2514 1221 et
2572 1174 2790 1223 temere
2817 1167 3086 1223 conﬁctis
3119 1167 3494 1221 reicerentur.
3530 1166 3658 1230 Quo

2009 1254 2206 1308 carius
2240 1254 2433 1311 habeo
2464 1256 2682 1311 muniri
2711 1272 2812 1311 eas
2847 1262 2967 1311 tam
3004 1254 3430 1323 irrefragabilis
3462 1260 3662 1309 aucto-

2009 1343 2088 1396 ris
2120 1343 2365 1399 minime
2388 1344 2571 1399 dubio
2589 1360 2698 1399 nec
2720 1344 3005 1416 cuiquam
3022 1343 3335 1399 recusabili
3351 1341 3657 1411 suffragio.

2009 1435 2152 1487 Puto
2186 1439 2384 1489 autem
2414 1433 2577 1489 hunc
2598 1435 3103 1490 commentarium
3136 1434 3212 1489 ab
3240 1430 3661 1503 Amphilochio

2009 1522 2206 1577 adhuc
2222 1522 2519 1578 monacho
2533 1529 2589 1578 et
2610 1524 3045 1579 monachorum
3062 1524 3395 1577 institutore
3414 1535 3657 1590 compo-

2010 1610 2210 1677 situm,
2239 1627 2308 1666 ex
2332 1627 2452 1683 quo
2484 1612 2643 1668 idem
2699 1618 2908 1683 postea
2938 1613 3254 1667 lconieusis
3287 1610 3556 1676 antistes,
3602 1608 3662 1663 in

2008 1700 2327 1755 occasione
2356 1701 2810 1771 praemuniendi
2840 1717 3018 1755 suum
3053 1699 3347 1772 populum
3368 1698 3661 1753 adversus

1931 1810 1975 1867 Β
2009 1790 2393 1845 tentatiouem
2416 1791 2870 1861 desperationis,
2893 1790 3013 1844 duo
3039 1791 3150 1844 ista
3168 1787 3445 1859 exempla
3470 1786 3663 1841 verbis

2009 1881 2186 1952 plane
2210 1880 2419 1934 iisdem
2454 1878 2736 1944 retulerit,
2793 1879 2911 1934 alia
2944 1878 3119 1949 plura
3175 1879 3456 1932 omittens
3505 1891 3663 1948 quae

2010 1969 2321 2025 monachis
2351 1968 2497 2023 alias
2529 1968 2785 2036 allegata
2846 1968 3085 2037 utiliter,
3119 1964 3530 2021 saecularibus
3560 1964 3665 2019 do-

2010 2058 2210 2113 cendis
2240 2058 2437 2112 minus
2468 2063 2811 2128 opportuna
2844 2057 3208 2111 viderentur.

2084 2205 2171 2259 XI.
2201 2203 2573 2276 Opusculum
2595 2202 2987 2257 undecimum
3012 2200 3291 2273 equidem
3319 2197 3556 2270 plurimi
3584 2196 3668 2252 fa-

2011 2294 2100 2349 cio
2125 2298 2364 2364 propter
2386 2291 2850 2346 efﬂorescentem
2866 2290 2924 2344 in
2940 2290 3037 2345 illo
3057 2285 3663 2358 genuinamindolem

2012 2398 2147 2437 vere
2170 2382 2560 2436 asceticorum
2578 2387 2950 2445 sensuum,et
2974 2379 3281 2451 quendam
3309 2376 3663 2432 suavissime

2014 2472 2373 2539 fragrantem
2391 2487 2463 2525 ex
2479 2470 2794 2541 uberi,qua
2808 2471 3039 2539 penitus
3054 2468 3362 2529 imbuitur,
3386 2465 3663 2519 unctione

2016 2560 2258 2631 spiritus
2288 2560 2560 2615 heroicae
2592 2558 3023 2614 sanctimoniae
3046 2558 3311 2611 odorem.
3335 2553 3569 2609 Nullum
3593 2552 3664 2607 li-

2017 2649 2252 2704 bentius
2273 2649 2573 2719 exscripsi,
2602 2648 2660 2702 in
2679 2647 2839 2702 nullo
2861 2645 3307 2717 interpretando
3331 2649 3558 2698 tantum
3584 2642 3667 2695 in-

2019 2739 2198 2794 timae
2228 2737 2559 2793 dulcedinis
2592 2754 2725 2791 sum
2758 2740 3054 2807 expertus.
3092 2738 3221 2799 Quo
3260 2732 3404 2787 mihi
3432 2735 3668 2786 conten-

2017 2828 2284 2884 dendum
2313 2827 2542 2881 enixius
2570 2826 2744 2881 statui
2780 2825 2856 2880 ad
2888 2826 3017 2895 ejus
3069 2829 3307 2893 tempus
3340 2825 3672 2876 auctorem-

2018 2932 2155 2990 que,
2188 2916 2629 2985 ignotissimum
2646 2920 2983 2986 utrumque,
3004 2911 3267 2984 vestigiis
3288 2908 3665 2967 omnibusin-

2020 3006 2391 3078 dagandum.

337 3130 400 3183 X.
430 3129 537 3184 Diu
565 3143 676 3184 nos
706 3129 892 3183 tenuit
922 3127 1231 3184 Macarius.
1288 3128 1528 3184 Utinam
1580 3130 1908 3200 transigere
1948 3158 1988 3214 ο
2092 3133 2365 3189 Continet
2393 3133 2453 3188 id
2484 3131 2744 3203 alloquia
2766 3129 3224 3202 quatuordecim
3256 3126 3455 3182 studio
3499 3124 3666 3182 audi-

263 3216 530 3273 velocius
568 3233 861 3288 queamus
892 3230 1049 3288 quae
1071 3216 1145 3271 de
1178 3216 1308 3272 aliis
1340 3219 1717 3289 sequentium
1750 3221 1906 3290 Opu-

261 3305 567 3360 sculorum
596 3306 933 3361 auctoribus
987 3305 1329 3361 necessario
1382 3306 1716 3377 praefanda
1746 3308 1908 3364 vide-

262 3390 749 3447 buntur.Nonum
766 3393 1446 3465 Opusculuméanonymi
1475 3402 1561 3450 est
1578 3395 1905 3451 collectoris

261 3481 688 3536 sententiarum
713 3484 965 3537 Patrum.
996 3484 1177 3538 Huius
1201 3489 1455 3539 aetatem
1487 3484 1705 3554 prodit,
1739 3486 1901 3557 quod

259 3585 384 3626 non
418 3569 532 3625 nisi
585 3570 1133 3641 antiquissimorum
1160 3573 1408 3627 nomina
1439 3574 1646 3629 recitat
1678 3590 1690 3628 :
1725 3590 1907 3644 argu-

251 3666 476 3724 mento,
526 3674 663 3715 eum
716 3663 850 3714 ante
909 3662 1201 3730 posterius
1249 3661 1572 3717 celebrium
1636 3669 1907 3736 tempora

245 3749 485 3805 vixisse.
513 3748 879 3821 Opusculum
908 3752 947 3804 X
966 3749 1299 3819 simplicem
1324 3749 1382 3804 in
1412 3766 1544 3807 meo
1578 3753 1905 3825 archetypo

242 3838 570 3894 Turrianeo
601 3837 805 3894 codice
829 3836 1201 3908 praeferebat
1222 3839 1451 3894 titulum
1474 3841 1716 3911 qualem
1741 3842 1906 3897 exhi-

240 3927 361 3983 beo
386 3944 399 3983 :
429 3927 492 3984 S.
512 3926 922 3995 Amphilochii
943 3928 1015 3982 de
1036 3943 1151 3982 non
1175 3927 1564 3998 desperando.
1585 3929 1755 3998 Quod
1779 3946 1902 3986 non

241 4014 309 4071 ﬁt
335 4016 434 4071 hic
463 4014 1042 4071 mcntiolconiensis
1094 4018 1497 4087 episcopatus,
1568 4019 1647 4072 uti
1709 4035 1903 4091 neque

237 4121 429 4178 supra
460 4104 521 4160 in
555 4105 725 4160 titulo
764 4104 786 4157 Ι
814 4104 1097 4175 Opusculi
1133 4106 1188 4161 S.
1222 4106 1440 4161 Joanui
1475 4107 1904 4178 Chrysostomo

236 4194 612 4250 tributicitra
644 4192 825 4248 ullam
866 4194 1024 4248 sedis
1068 4195 1905 4264 Coustantinopolitanaeme-

239 4283 528 4346 moriam,
557 4281 780 4336 indicio
838 4286 944 4347 est,
976 4298 1130 4353 opus
1164 4289 1485 4354 utrumque
1518 4283 1594 4337 ab
1618 4285 1688 4338 iis
1720 4284 1905 4341 Patri-

237 4373 356 4429 bus
376 4372 561 4427 fuisse
583 4372 889 4443 scriptum,
913 4372 1058 4426 dum
1079 4371 1275 4428 adhuc
1297 4374 1502 4444 privati
1524 4375 1673 4429 inter
1692 4390 1906 4432 mona-

239 4462 391 4517 chos
407 4462 690 4526 viverent,
710 4466 1036 4534 antequam
1051 4461 1110 4516 in
1127 4462 1370 4517 thronos
1388 4471 1901 4533 promoverentur;

238 4566 403 4622 quae
446 4550 766 4605 amborum
798 4550 927 4605 talis
960 4550 1243 4621 temporis
1274 4558 1326 4605 et
1359 4554 1694 4622 argumenti
1740 4553 1905 4608 lucu-

240 4637 549 4693 brationes
564 4637 624 4692 in
641 4638 1075 4693 monachorum
1095 4638 1399 4694 tabulariis
1416 4640 1650 4696 relictae
1666 4640 1899 4709 fuerint,

247 4731 528 4797 tanquam
542 4727 610 4781 iis
624 4727 762 4783 solis
776 4728 1754 4794 accommodatae.Scio,nonunum
1773 4747 1902 4785 esse

245 4813 307 4869 in
324 4814 559 4885 antiqua
575 4817 983 4872 Ecclesiastica
999 4818 1279 4873 memoria
1292 4818 1585 4873 celebrem
1604 4820 1901 4891 Amphilo-

237 4902 446 4959 chium
479 4909 708 4969 ;tamen
729 4906 929 4970 huius,
964 4922 1144 4977 quem
1172 4907 1268 4962 hic
1303 4907 1559 4971 edimus,
1585 4908 1762 4964 libelli
1805 4926 1897 4964 ve-

231 5009 303 5049 ru
316 5009 375 5048 m
389 4991 569 5049 fuisse
582 5000 815 5065 patrem
854 4995 1337 5066 antiquissimum
1363 4994 1525 5051 illum
1561 4996 1832 5053 doctrina
1844 5004 1899 5054 et

231 5082 1086 5154 sanctimonialateinclytum,
1126 5099 1195 5138 ex
1219 5084 1897 5143 monacholconiensem

228 5172 591 5243 episcopum
612 5169 1117 5243 Amphilochium,
1150 5190 1183 5228 a
1214 5174 1304 5229 SS.
1331 5175 1561 5239 Basilio,
1616 5176 1896 5245 Gregorio

231 5261 623 5326 Nazianzeno,
686 5260 1047 5332 Hieronymo
1100 5263 1420 5335 multisque
1466 5264 1594 5318 aliis
1628 5268 1890 5320 veterum

230 5348 559 5420 magniﬁce
583 5348 915 5406 laudatum,
933 5350 1102 5404 cuius
1118 5351 1175 5404 in
1192 5352 1611 5422 Martyrologio
1626 5356 1894 5410 Romano

230 5437 311 5493 ad
342 5437 586 5493 diemIX
616 5437 740 5492 Kal.
776 5440 935 5499 Dec.,
967 5439 1023 5493 in
1046 5440 1281 5495 Graecis
1304 5442 1515 5496 Meneis
1547 5441 1759 5499 eodem
1798 5443 1894 5499 die

232 5524 559 5598 splendida
582 5525 773 5597 elogia
791 5527 1090 5597 leguntur,
1121 5528 1439 5585 manifeste
1460 5537 1693 5586 constat
1710 5549 1780 5587 ex
1798 5550 1888 5603 eo,

228 5616 397 5686 quod
422 5616 481 5669 in
500 5615 785 5684 operibus
806 5615 1075 5670 eiusdem
1103 5618 1156 5673 S.
1193 5618 1380 5673 Patris
1407 5625 1542 5675 ante
1568 5620 1678 5675 hos
1700 5636 1892 5677 annos

234 5704 319 5758 XL
363 5717 582 5775 graece
613 5703 794 5759 simul
842 5703 1144 5776 latineque
1194 5706 1430 5763 Parisiis
1488 5708 1679 5774 editis,
1735 5725 1893 5782 quae

2019 3225 2233 3282 torisin
2264 3222 2464 3278 literas
2495 3221 2701 3285 missa,
2725 3224 2903 3291 prout
2931 3222 3179 3289 excepta
3206 3216 3439 3271 fuerant
3461 3231 3532 3270 ex
3563 3228 3665 3270 ore

2019 3312 2526 3381 seniscuiuspiam
2554 3308 3098 3379 grandaevi,longo
3115 3323 3225 3361 usu
3256 3306 3409 3360 vitae
3438 3304 3670 3374 religio-

2018 3419 2118 3459 sae
2146 3418 2252 3473 per
2277 3416 2488 3456 omnes
2515 3398 2891 3471 perfectionis
2924 3395 3313 3466 Evangelicae
3337 3393 3561 3463 gradus
3588 3392 3668 3449 ad

2016 3493 2247 3564 apicem
2291 3490 2476 3545 evecti
2525 3488 2873 3551 sanctitatis,
2932 3491 3221 3558 quantam
3261 3483 3669 3555 capitdivinis

2017 3583 2223 3640 adiuta
2254 3579 2555 3635 beneﬁciis
2576 3577 2844 3632 humana
2866 3575 3211 3631 mortalitas.
3245 3573 3659 3644 Alloquiorum

2016 3676 2223 3728 auctor
2254 3669 2599 3725 nominatur
2642 3667 2856 3721 beatus
2912 3665 3103 3722 abbas
3128 3664 3417 3719 Zosimas.
3450 3664 3526 3717 De
3557 3677 3660 3716 ex-

2017 3766 2254 3832 ceptorc
2278 3756 2812 3821 tantuminnuitur,
2846 3754 3025 3809 fuisse
3059 3753 3225 3808 illum
3259 3769 3327 3807 ex
3352 3752 3482 3806 eius
3515 3752 3632 3807 assi
3655 3779 3669 3790 -

2017 3851 2152 3907 duis
2177 3846 2556 3905 auditoribus
2576 3860 2784 3909 unum,
2810 3842 3197 3898 verisimiliter
3219 3841 3489 3896 sodalem
3516 3842 3668 3895 eius-

2016 3939 2155 3994 dem
2181 3938 2238 3991 in
2269 3951 2390 4007 quo
2421 3933 2674 4004 degebat
2702 3932 2966 3987 Zosimas
2997 3930 3293 3985 coenobii.
3330 3930 3435 3983 Diu
3466 3928 3538 3983 de
3568 3928 3665 3983 his

2016 4032 2073 4083 et
2098 4024 2341 4081 sollicite
2372 4022 2721 4093 disquireuti
2754 4019 2899 4074 mihi
2947 4034 3016 4073 ea
3049 4017 3291 4073 tandem
3340 4017 3490 4071 sedit
3524 4032 3661 4070 sen-

2016 4115 2218 4178 tentia,
2251 4111 2511 4166 eundem
2538 4111 2717 4165 istum
2740 4124 2867 4162 esse
2898 4108 3193 4162 Zosimam
3217 4121 3353 4160 cum
3388 4104 3488 4158 illo
3519 4103 3667 4159 cele-

2015 4202 2361 4261 bratissimo
2392 4199 2676 4254 divinitus
2706 4197 2912 4263 electo,
2934 4203 2999 4251 ut
3029 4199 3272 4250 sanctae
3300 4194 3665 4264 poenitentis

2017 4294 2227 4351 Mariae
2257 4289 2602 4361 Aegyptiae,
2638 4303 2760 4350 seu,
2797 4290 2858 4340 ut
2886 4284 3065 4354 vulgo
3097 4284 3443 4354 loquuntur,
3477 4287 3666 4353 Aegy-

2016 4383 2268 4454 ptiacae,
2328 4384 2385 4433 et
2434 4380 2819 4447 cognosceret
2877 4377 3060 4429 vitam
3091 4380 3145 4428 et
3174 4373 3353 4427 funus
3407 4375 3661 4427 curaret.

2016 4471 2214 4527 Exstat
2257 4467 2331 4523 de
2377 4467 2468 4522 his
2525 4463 2993 4520 commentarius
3023 4461 3187 4517 omni
3226 4460 3343 4514 fide
3370 4460 3661 4525 ﬁrmatus,

2014 4575 2137 4614 non
2193 4556 2532 4628 Sophrouii,
2596 4560 2653 4609 ut
2694 4568 3012 4625 perperam
3070 4550 3412 4606 inscribitur
3443 4565 3478 4604 a
3509 4549 3664 4603 mul-

2014 4649 2105 4713 tis,
2164 4645 2329 4717 quod
2378 4644 2609 4700 invictis
2662 4641 3031 4711 argumentis
3090 4638 3433 4695 confutatur
3454 4637 3530 4692 ab
3583 4634 3667 4691 ul-

2012 4736 2157 4793 timo
2188 4736 2315 4790 eius
2346 4734 2547 4803 scripti
2575 4732 2822 4795 editore,
2858 4737 3058 4786 nostro
3094 4728 3332 4783 Daniele
3363 4725 3664 4797 Papebro-

2011 4825 2144 4880 chio
2196 4827 2360 4880 Tom.
2417 4821 2679 4893 IAprilis
2715 4836 2850 4891 pag.
2879 4820 2969 4885 69,
3004 4819 3105 4874 sed
3140 4816 3427 4888 anonymi
3456 4831 3666 4870 mona-

2011 4914 2102 4969 chi
2130 4912 2400 4968 coenobii
2436 4927 2619 4981 prope
2645 4909 2972 4965 Jordanem
3015 4907 3127 4971 siti,
3158 4908 3217 4961 iu
3244 4921 3366 4977 quo
3397 4905 3661 4961 ZOsimas

2010 5002 2248 5058 ultimos
2302 5017 2447 5055 suae
2502 5001 2656 5055 vitae
2705 5014 2901 5053 annos
2958 4998 3163 5068 exegit,
3213 5000 3387 5067 prout
3420 4995 3547 5066 ipse
3578 4994 3664 5047 in-

2009 5092 2137 5146 nuit
2187 5096 2394 5145 auctor
2448 5089 2532 5143 sic
2585 5088 2851 5143 scribens
2910 5086 3022 5142 sub
3079 5085 3254 5140 ﬁnem
3296 5083 3660 5139 narrationis

2007 5196 2170 5245 suae,
2205 5184 2528 5252 postquam
2555 5177 2875 5239 docuisset,
2909 5190 3213 5231 reversum
3263 5189 3297 5228 a
3343 5174 3401 5227 S.
3442 5172 3659 5226 Mariae

2004 5269 2401 5338 Aegyptiacae
2425 5267 2627 5320 funere
2646 5265 2943 5319 Zosimam
2967 5279 3123 5334 quae
3152 5261 3380 5316 viderat
3411 5264 3464 5314 et
3491 5258 3664 5313 audi-

2005 5362 2166 5411 verat
2181 5371 2360 5426 saepe
2373 5355 2658 5409 retulisse:
2690 5356 3155 5410 Perseverarunt
3174 5356 3365 5407 autem
3384 5347 3668 5404 monachi

2006 5446 2162 5516 [post
2189 5445 2455 5500 Zosimae
2486 5443 2755 5498 videlicet
2802 5441 3056 5514 obitum]
3084 5441 3226 5496 haec
3253 5442 3381 5507 ipsa
3412 5452 3519 5505 per
3544 5445 3661 5492 tra-

2003 5533 2282 5589 ditionem
2295 5533 2575 5588 discentes
2593 5541 2771 5603 atque
2784 5531 2863 5587 ad
2875 5530 3179 5587 communis
3197 5528 3471 5583 utilitatis
3486 5540 3667 5595 argu-

2002 5625 2263 5678 mentum
2280 5628 2672 5692 proponentes
2690 5621 2904 5677 audire
2925 5619 3270 5681 volentibus,
3301 5615 3402 5670 sed
3416 5628 3534 5668 non
3554 5629 3666 5668 au-

2006 5710 2131 5769 divi
2153 5726 2506 5783 quemquam
2537 5711 2755 5780 scripto
2785 5710 3049 5781 signasse
3080 5706 3513 5762 narrationem.
3542 5704 3663 5772 Ego
