4092 6252
482 215 590 272 343

1620 231 1831 289 PETRI
1872 235 2149 291 POSSINI
2186 236 2723 298 PROLEGOMENA

3774 258 3879 314 3H

484 355 621 398 vero
648 357 800 411 quae
820 343 973 401 citra
988 348 1355 417 scripturam
1385 355 1661 424 comperi,
1680 372 1785 425 per
1812 359 2013 417 literas
2030 376 2126 416 cu-
2159 362 2205 416 A
2237 378 2342 417 cur
2361 362 2388 417 ‘i
2413 364 2527 419 nisi
2560 369 2721 439 quod
2747 371 3081 432 Palaestina
3107 393 3177 434 eo
3209 394 3401 453 usque
3420 382 3691 453 protendi
3721 382 3888 438 vide-

482 433 619 486 ravi
631 434 1007 502 notafacere.
1027 437 1250 494 Indicia
1265 440 1399 496 hinc
1426 458 1739 515 exsequar,
1756 448 1977 518 quibus
1998 466 2123 505 mo-

480 535 627 575 veor
644 522 721 576 ad
741 522 1136 593 opinandum,
1156 528 1369 584 horum
1385 539 1685 588 auctorem
1710 536 2123 609 Alloquiorum

480 610 778 666 Zosimam
809 627 927 667 non
953 613 1133 669 alium
1158 631 1287 671 esse
1306 619 1378 673 ab
1408 635 1499 683 eo,
1519 622 1612 676 cui
1646 625 1776 679 testi
1807 627 1984 682 unico
2010 630 2123 683 Ma-

477 697 602 753 riae
623 701 1020 771 Aegyptiacae
1038 704 1305 760 notitiam
1329 707 1507 764 debet
1531 711 1806 778 Ecclesia,
1829 715 1981 769 sicut
2010 717 2121 771 An-

478 787 641 843 tonio
669 788 826 843 Pauli
861 791 1035 861 primi
1072 794 1372 851 eremitae.

543 910 850 967 Primum:
882 913 1145 972 delector
1171 917 1538 978 latebrarum
1579 928 1978 997 Aegyptiacae
2009 931 2121 985 Ma-

472 1000 593 1054 riae
622 1000 905 1068 Zosimas,
938 1019 974 1059 a
1003 1019 1188 1075 puero
1249 1009 1497 1065 traditus
1537 1017 1901 1072 monasticae
1949 1018 2120 1073 disci-

470 1088 669 1158 plinae
684 1090 743 1145 in
760 1092 1030 1162 quodam
1044 1096 1335 1152 coenobio
1352 1098 1804 1169 Palaestinae,in
1821 1121 1889 1160 eo
1906 1104 2119 1163 lauda-

468 1174 696 1233 tissime
724 1181 904 1235 vitam
938 1184 1264 1240 asceticam
1296 1191 1558 1245 exercuit
1581 1206 1687 1261 per
1711 1208 1905 1249 annos
1935 1212 2118 1267 supra

466 1266 926 1337 quinquaginta,
985 1275 1233 1328 testante
1266 1274 1323 1329 id
1363 1276 1518 1348 ipso,
1552 1280 1723 1350 cujus
1754 1282 1903 1337 haec
1937 1266 2114 1342 verba

469 1369 804 1426 anonymns
820 1360 1143 1415 monachus
1157 1364 1436 1419 exscribit
1454 1382 1596 1422 unm
1609 1370 1659 1423 .3
1673 1386 1814 1425 suae
1832 1374 2117 1428 narratio-

468 1442 586 1498 nis:
626 1445 860 1501 Dicebat
892 1452 1086 1504 autem
1149 1452 1274 1518 ipse
1302 1454 1376 1509 de
1403 1470 1464 1510 se
1517 1457 1807 1524 Zosimas,
1853 1462 2013 1532 quod
2040 1462 2114 1518 ab

468 1533 651 1597 ulnis,
678 1540 743 1588 ut
764 1534 849 1589 sic
877 1537 1109 1606 loquar,
1123 1542 1388 1607 paternis
1418 1546 1480 1599 in
1511 1550 1930 1605 monasterium
1952 1551 2116 1607 istud

466 1621 664 1686 datus,
686 1638 797 1691 per
820 1639 1008 1680 annos
1033 1628 1472 1701 quinquaginta
1503 1640 1620 1691 tres
1671 1636 1733 1691 in
1785 1642 2112 1696 monastico

2237 459 2412 508 retur.
2441 455 2575 511 Utut
2594 459 2665 512 de
2684 460 2754 513 iis
2777 464 2867 527 sit,
2895 472 3123 523 certum
3150 470 3400 537 videtur,
3428 478 3563 543 post
3591 472 3884 529 Judaeam

2235 540 2487 599 deletam
2553 548 2759 617 primis
2812 553 3107 611 Ecclesiae
3158 540 3524 627 saeculis,_et
3555 564 3622 615 ιν
3651 561 3884 633 potissi-

2236 645 2559 704 mum,quo
2572 639 2837 695 Zosimas
2849 641 3107 711 vivebat,
3129 652 3190 701 ut
3215 651 3634 716 ostendemus,
3661 652 3881 723 Tyrum

2233 718 2764 783 Palaestinafuisse
2778 746 2900 785 com
2911 734 3503 803 prehensam.Herodi
3522 755 3662 795 sane
3677 740 3813 809 Agri
3823 755 3885 810 p-

2230 825 2361 895 pae,
2425 816 2625 884 nepoti
2686 820 2929 876 Herodis
2992 826 3202 895 Magni,
3273 843 3412 883 cum
3445 828 3558 884 sub
3629 831 3878 885 Caesare

2230 894 2476 955 Claudio
2506 911 2741 972 pareret
2770 894 3302 970 maximaJudaeae
3327 930 3489 985 pars,
3512 920 3575 971 ut
3594 916 3879 972 docetJo-

2232 986 2454 1056 sephns
2507 990 2608 1046 lib.
2666 995 2774 1049 XIX
2827 998 3044 1070 Autiq.,
3109 1001 3419 1074 subjectos
3444 1003 3626 1060 fuisse
3674 1006 3880 1075 Tyrios

2228 1079 2283 1130 et
2336 1076 2629 1147 Sydonios
2687 1082 2908 1141 indicat
2969 1088 3023 1143 S.
3082 1090 3267 1145 Lucas
3323 1096 3604 1151 Actorum
3642 1094 3754 1159 XII,
3787 1095 3875 1148 20.

2228 1165 2387 1229 Quae
2415 1182 2550 1221 cum
2585 1169 2665 1224 ita
2692 1171 3167 1235 sintomuia.cur
3183 1178 3486 1235 afﬁrmare
3503 1181 3871 1247 dubitemus,

2228 1257 2679 1321 monasterium,
2713 1262 2875 1330 quod
2896 1265 3058 1333 apud
3072 1268 3289 1337 Tyrum
3320 1267 3509 1333 fuerit,
3534 1286 3665 1325 vere
3694 1270 3876 1325 situm

2226 1342 2286 1395 in
2317 1342 2650 1400 Palaestina
2680 1346 2795 1403 dici
2819 1352 3086 1419 potuisse
3107 1353 3412 1411 ‘tMeminit
3442 1366 3747 1426 praeterea
3768 1362 3877 1414 Zo-

2228 1431 2415 1486 simas
2434 1432 2493 1486 in
2515 1435 2781 1503 quodam
2811 1439 3088 1512 Alloqnio
3111 1447 3554 1516 campestrium,
3580 1448 3679 1503 ubi
3709 1451 3789 1504 ait
3809 1464 3873 1504 se

2226 1518 2429 1576 fuisse.
2449 1524 2774 1587 Quaehaec
2800 1534 3175 1598 campestria,
3195 1535 3306 1588 nisi
3330 1551 3586 1607 campus
3617 1553 3874 1607 magnus

2225 1610 2515 1667 Galilaeae
2563 1618 2620 1669 et
2674 1615 2964 1672 latissima
2995 1620 3092 1675 illa
3125 1620 3400 1692 planities
3450 1632 3570 1680 tam
3605 1641 3785 1697 saepe
3813 1627 3875 1681 in

465 1726 646 1766 cursu
665 1716 1079 1780 perseveravit.
1138 1723 1146 1785 Ι
1192 1699 1613 1779 Monasterinm
1639 1742 1818 1797 porro
1844 1729 2024 1794 istud,
2052 1737 2113 1785 ut
2148 1714 2188 1769 Β
2226 1699 2539 1797 δθήρῳνίδ
2565 1712 2896 1797 ωῗωοΐᾶω
2916 1707 3109 1764 (“ubi
3132 1711 3230 1775 δίῃ
3260 1729 3322 1767 se
3344 1714 3763 1786 memSOlymis
3789 1715 3878 1770 di-

461 1798 628 1855 initio
644 1804 1000 1859 narrationis
1014 1804 1170 1861 clare
1186 1808 1419 1874 dicitur,
1440 1811 1560 1880 fuit
1579 1829 1761 1871 unum
1777 1832 1856 1874 ea:
1870 1818 1939 1873 iis
1960 1835 2113 1889 quae

457 1890 987 1956 perPalaestinam
1001 1904 1140 1951 sunt
1164 1902 1558 1957 monasteriis.
1585 1906 1755 1976 Atqui
1781 1907 1929 1963 haec
1956 1909 2107 1965 Allo-

459 1979 604 2050 quia
632 1981 761 2035 eius
794 1990 950 2047 sunt,
979 1987 1080 2056 qui
1119 1985 1179 2040 in
1216 1987 1545 2045 Palaestina
1577 1994 1787 2049 vixerit
1816 2004 1873 2052 et
1902 2014 2109 2055 conse-

458 2071 671 2139 nuerit,
702 2087 809 2126 nec
825 2071 1005 2128 aliam
1024 2074 1245 2131 admod
1258 2093 1355 2131 nm
1370 2078 1532 2133 orbis
1549 2087 1795 2150 partem,
1810 2092 2105 2156 quantum

455 2176 527 2215 ex
555 2160 681 2215 eius
702 2160 897 2215 verbis
920 2161 1281 2230 intelligitur,
1304 2166 1632 2223 incoluerit.
1662 2174 1807 2227 Nam
1835 2174 2105 2247 Alloquio

452 2251 518 2304 Vl
548 2250 698 2307 haec
724 2248 986 2321 loquitur
1011 2268 1022 2306 :
1045 2253 1170 2308 Iter
1184 2254 1504 2322 agebamus
1524 2273 1628 2327 ego
1659 2268 1710 2316 et
1734 2261 1933 2331 frater
1952 2281 2105 2321 unus

452 2339 549 2394 via
577 2340 981 2406 Neapolitana
994 2355 1123 2395 cum
1138 2342 1925 2417 quibusdamsaecutaribus,
1946 2355 2105 2410 veni-

450 2443 695 2497 musque
714 2428 794 2483 ad
822 2430 1015 2484 locum
1050 2430 1149 2483 ubi
1177 2438 1307 2487 erat
1350 2435 1633 2492 telonium
1667 2444 1775 2493 cet.
1810 2441 1930 2497 Fuit
1961 2442 2101 2498 olim

448 2515 727 2586 Neapolis
750 2516 1135 2572 celeberrima
1156 2519 1515 2578 Palaestinae
1535 2526 1763 2594 civitas,
1792 2533 1931 2585 teste
1953 2531 2103 2587 inter

447 2603 797 2659 innumeros
832 2605 979 2659 alios
1009 2606 1217 2671 Plinio,
1251 2610 1421 2664 cuius
1477 2612 1625 2667 haec
1657 2614 1760 2671 lib.
1794 2619 1836 2670 V
1866 2634 2000 2688 cap.
2039 2625 2098 2677 13

446 2691 630 2746 verba
661 2700 829 2747 sunt:
864 2693 1177 2751 Samariae
1196 2699 1428 2766 _oppida
1453 2700 1756 2771 Neapolis,
1786 2707 1945 2776 quod
1968 2709 2099 2765 Μα-

444 2787 639 2836 morta
670 2782 985 2838 dicebatur
1016 2789 1126 2839 cet.
1162 2785 1378 2841 Iterum
1405 2788 1677 2862 Alloquio
1706 2795 1745 2847 Χ
1775 2794 1917 2849 dicit
1946 2798 2095 2852 Zosi-

442 2885 573 2923 mas
603 2886 615 2924 :
656 2870 803 2926 Cum
823 2886 999 2928 essem
1027 2873 1090 2928 in
1116 2877 1475 2932 monasterio
1496 2880 1655 2948 quod
1682 2888 1763 2937 est
1791 2885 1955 2952 apud
1988 2888 2097 2956 Ty-

436 2972 591 3014 rum.
630 2962 725 3013 Est
754 2960 1001 3032 quidem
1028 2963 1214 3033 Tyrus
1241 2964 1591 3022 Phoeniciae
1623 2970 1890 3031 urbs,sed
1914 2990 2089 3047 quae,

2225 1795 2546 1854 versatum,
2580 1793 2749 1856 alias,
2783 1798 3110 1865 quemdam
3143 1815 3205 1854 se
3236 1800 3455 1857 vidisse
3510 1804 3869 1870 Caesareae;

2221 1874 2511 1933 locahaec
2528 1881 2732 1937 omnia
2746 1883 3373 1962 Palestinae.Denique
3417 1890 3587 1947 initio
3612 1891 3866 1965 Alloquii

2219 1966 2333 2019 XIII
2362 1965 2595 2023 lanram
2630 1970 2868 2026 abbatis
2924 1976 3213 2031 Gerasimi
3256 1986 3550 2035 memorat
3580 1987 3871 2052 tanquam

2220 2054 2474 2110 vicinam
2496 2057 2626 2112 loco
2649 2061 2705 2113 in
2725 2077 2845 2130 quo
2865 2066 3005 2117 tunc
3026 2067 3290 2123 Zosimas
3331 2069 3586 2137 degebat
3612 2086 3624 2136 ;
3657 2086 3874 2126 coeno-

2220 2142 2317 2195 bio
2346 2160 2562 2216 nempe
2578 2162 2762 2218 prope
2778 2150 3259 2225 Jordanem,quo
3282 2173 3349 2211 ex
3378 2158 3549 2229 Tyrio
3580 2159 3872 2230 migrave-

2216 2233 3355 2313 rat:fuisseautemlauramquoquesive
3375 2254 3645 2302 monaste
3679 2249 3687 2319 |
3721 2249 3869 2302 rium

2217 2321 2499 2376 Gerasimi
2560 2325 2966 2398 propinquum
3025 2332 3290 2399 Jordani,
3343 2335 3501 2390 clare
3541 2336 3714 2391 docet
3755 2339 3869 2392 Mo-

2216 2408 2393 2463 schus
2416 2427 2544 2482 cap.
2566 2414 2692 2467 CVII
2715 2417 2863 2470 Prati
2886 2419 2968 2471 sic
2987 2421 3259 2476 scribens
3294 2439 3307 2477 :
3346 2439 3462 2479 uno
3482 2425 3613 2494 fere
3637 2426 3867 2482 millia-

2215 2497 2303 2552 rio
2333 2498 2514 2555 distat
2541 2517 2577 2555 a
2596 2504 2863 2560 Jordane
2883 2511 3304 2567 monasterium
3335 2514 3496 2583 quod
3514 2514 3743 2570 abbatis
3764 2516 3869 2572 Ge-

2212 2588 2670 2646 rasimidicitur.
2701 2594 2781 2647 Ex
2814 2595 2904 2649 bis
2936 2598 3264 2665 conficitur,
3299 2607 3421 2655 tam
3446 2604 3744 2660 Zosimam
3767 2604 3861 2660 AI-

2208 2674 2547 2748 loquiornm
2602 2686 2929 2750 auctorem,
2982 2702 3168 2758 quam
3224 2696 3588 2761 repertorem
3644 2694 3858 2750 Mariae

2208 2770 2607 2837 Aegyptiacae
2636 2770 2693 2824 in
2722 2772 3048 2832 Palaestina
3080 2777 3322 2834 vixisse.

2276 2854 2388 2910 XII.
2422 2856 2726 2914 Secundus
2751 2867 2838 2917 est
2864 2864 3170 2920 character
3202 2867 3521 2925 identitatis
3549 2871 3847 2944 utriusque

2205 2945 2492 3011 Zosimae,
2517 2948 2727 3016 genius
2745 2951 3065 3008 amborum
3092 2972 3245 3011 unus
3267 2974 3338 3013 ac
3367 2975 3585 3015 mores.
3623 2961 3850 3017 Relator

439 3046 518 3102 uti
544 3052 596 3102 et
632 3048 838 3114 Sidon,
876 3054 1117 3121 propter
1164 3053 1678 3125 propinquitatem
1728 3037 2092 3120 Palaestinae
2129 3073 2170 3130 C
2203 3037 2482 3130 “‘9‘”?
2508 3038 2923 3130 Mariammd
2957 3057 2989 3097 θ
3016 3043 3238 3115 scripto
3268 3049 3853 3119 anonymimonach‘

434 3136 855 3192 oontribuitur.
880 3138 1155 3193 Hodierni
1179 3143 1507 3214 geographi
1535 3145 1926 3205 Palaestinam
1949 3152 2091 3208 duo.

432 3224 625 3280 decim
643 3226 1099 3281 Israeliticarnm
1119 3229 1380 3285 tribuum
1398 3231 1761 3291 habitatione
1775 3238 2083 3307 deﬁniunt,

432 3328 542 3368 nec
598 3329 737 3369 cum
796 3316 1011 3370 Veteris
1065 3332 1201 3371 cum
1262 3321 1405 3374 Novi
1432 3324 1790 3380 Testamenti
1824 3326 2086 3386 historiis

427 3403 888 3457 consentientes.
953 3406 1100 3458 Nam
1128 3420 1226 3459 rex
1272 3406 1588 3465 duodecim
1629 3413 1885 3469 tribuum
1922 3418 2080 3482 Saul,

430 3493 492 3542 ut
519 3504 591 3544 ex
618 3490 638 3542 I
670 3492 895 3558 Regum
931 3496 1111 3560 patet,
1140 3498 1197 3547 et
1244 3496 1348 3565 qui
1390 3497 1441 3550 ei
1469 3501 1750 3557 successit
1784 3506 1987 3570 David,
2025 3513 2085 3561 ut

427 3592 497 3632 ex
528 3578 594 3643 II,
629 3578 893 3650 itemque
928 3595 996 3634 ex
1026 3584 1043 3635 I
1096 3581 1352 3654 Paralip.
1400 3587 1779 3644 manifestum
1813 3600 1921 3659 est,
1959 3597 2083 3650 uni-

424 3681 656 3721 versam
710 3667 792 3721 Xll
860 3668 1125 3725 tribuum
1178 3671 1465 3729 ditionem
1496 3676 1850 3746 obtinentes,
1897 3682 2081 3740 multa

424 3753 583 3810 bella
597 3772 735 3810 cum
752 3756 1228 3824 Philistaeis,hoc
1247 3761 2076 3840 estPaIaestinis,habuerunt,

421 3845 525 3915 qui
554 3844 754 3915 utique
772 3845 952 3901 aliam
972 3847 1050 3902 ab
1068 3849 1393 3906 Israelitide
1419 3858 1571 3909 terra
1591 3859 1896 3928 regionem
1917 3862 2080 3919 habi-

421 3933 647 3989 tabant.
684 3934 953 3989 Christus
1008 3952 1146 3991 vero
1195 3939 1339 4007 ipse,
1369 3943 1468 4012 qui
1503 3960 1564 3998 se
1612 3946 1810 4003 aiebat
1834 3967 1953 4007 non
1982 3969 2077 4010 ve-

420 4024 576 4077 nisse
589 4022 705 4077 nisi
720 4024 800 4078 ad
813 4039 945 4080 oves
958 4041 1111 4096 quae
1117 4028 1424 4093 perierant
1440 4032 1572 4089 dom
1581 4051 1647 4088 us
1660 4036 2073 4105 Israet,Matth.

419 4113 526 4174 XV,
564 4114 649 4176 '24,
684 4118 899 4177 tamen,
956 4120 1014 4168 ut
1046 4115 1265 4172 ibidem
1298 4120 1424 4183 V,2l
1468 4122 1702 4189 dicitur,
1753 4132 1981 4184 secessit
2012 4132 2074 4188 in

416 4200 802 4286 partes.Tyri
817 4208 871 4256 et
900 4203 1161 4270 Sidonis,
1183 4207 1343 4276 quod
1361 4214 1415 4263 et
1436 4212 1660 4266 Marcus
1676 4230 1809 4286 cap.
1826 4218 1916 4271 VII
1937 4235 2075 4275 con-

418 4272 645 4353 ﬁrmat:
670 4294 725 4343 et
755 4288 831 4343 ibi
857 4293 1089 4347 curavit
1121 4272 1308 4349 tiliam
1338 4272 2075 4373 Chananaeae,.proutib—i-

418 4373 557 4429 dem
590 4377 997 4446 Evangelistae
1043 4390 1325 4449 narrant;
1358 4387 1532 4456 quasi
1598 4395 1655 4443 ut
1711 4394 2047 4451 ostenderet

2204 3128 2382 3192 patet,
2439 3125 2650 3181 doctus
2679 3129 2924 3199 quidem
2956 3136 3015 3186 et
3071 3133 3329 3190 disertus
3363 3136 3447 3191 vir
3478 3136 3609 3203 fuit,
3641 3139 3853 3196 docere

2200 3216 2402 3266 tamen
2434 3213 2570 3268 viva
2593 3224 2937 3285 praesentes
2964 3235 3108 3275 voce
3131 3228 3446 3279 contentus
3469 3243 3503 3281 a
3535 3227 3851 3284 scribendo

2199 3300 2500 3357 abstinuit.
2536 3305 2865 3361 Audiamus
2913 3308 3029 3363 hoc
3086 3316 3399 3369 testantem
3433 3330 3844 3388 anonymum;

2203 3388 2284 3441 sic
2311 3405 2477 3446 num.
2513 3395 2543 3443 '2
2577 3394 2779 3448 scribit
2808 3412 2821 3450 :
2863 3396 2977 3451 Iste
3004 3399 3273 3455 Zosimas
3310 3402 3678 3461 orthodoxus
3703 3406 3843 3473 fuit,

2193 3479 2294 3546 qui
2321 3478 2382 3533 in
2416 3486 3038 3541 unomonasteriorum
3062 3488 3302 3560 [nempe
3333 3493 3528 3562 Tyrio,
3561 3510 3632 3549 ex
3664 3510 3844 3567 supra

2193 3565 2382 3635 dictis]
2416 3566 2491 3622 ab
2521 3568 2690 3622 initio
2704 3582 3112 3638 conversatus,
3144 3592 3254 3644 per
3275 3594 3444 3635 omne
3469 3565 3842 3639 exercitatio-

2191 3654 2285 3707 nis
2301 3652 2533 3724 [graece
2550 3658 2784 3729 ascesis]
2808 3676 2994 3729 genus
3014 3666 3305 3732 probatus
3320 3672 3422 3733 est,
3440 3673 3492 3725 et
3517 3671 3599 3726 ad
3612 3686 3839 3728 omnem

2193 3740 2463 3800 virtutem
2480 3760 2777 3815 congruen
2786 3753 2873 3805 ter
2882 3750 3212 3819 institutus,
3240 3763 3423 3813 totum
3436 3758 3672 3829 quidem
3687 3761 3841 3816 ordi-

2190 3846 2321 3887 nem
2334 3832 2392 3886 in
2408 3832 2687 3890 eiusmodi
2696 3839 3002 3903 palaestra
3015 3842 3151 3897 solit
3159 3861 3242 3899 um
3256 3847 3491 3902 servari
3502 3849 3836 3916 custodiuit,

2188 3922 2381 3977 multa
2396 3937 2529 3978 vero
2543 3931 2595 3979 et
2609 3934 2818 3993 sponte
2839 3929 3076 3995 adiecit,
3114 3934 3314 3990 volens
3345 3950 3585 3992 carnem
3601 3939 3841 4008 spiritui

2187 4009 2474 4067 subiicere
2494 4025 2515 4081 ,'
2544 4015 2702 4084 quod
2720 4016 2806 4073 ita
2834 4017 2885 4071 ei
2905 4022 3197 4086 successit,
3223 4031 3287 4078 ut
3312 4031 3560 4093 propter
3589 4028 3837 4085 multam

2190 4113 2390 4155 rerum
2403 4100 2808 4170 spiritualium
2829 4108 3257 4174 experientiam
3284 4114 3518 4180 saepius
3543 4130 3619 4171 ea:
3632 4116 3838 4172 vicinis

2186 4195 2289 4243 aut
2304 4189 2479 4245 etiam
2506 4193 2919 4249 remotioribus
2936 4200 3307 4255 monasteriis
3327 4201 3409 4257 ad
3427 4217 3557 4259 eum
3589 4209 3841 4271 conﬂue-

2187 4284 2319 4332 rent
2343 4280 2575 4347 plures,
2593 4281 2779 4347 ipsius
2801 4284 3076 4342 doctrina
3104 4289 3185 4343 ad
3201 4292 3623 4359 perfectionem
3652 4294 3839 4363 infor-

2183 4367 2411 4421 mandi.
2448 4372 2529 4422 lta
2561 4368 2670 4424 ille.
2705 4376 2791 4425 An
2826 4389 2945 4428 non
2978 4375 3124 4431 haec
3150 4383 3205 4433 et
3242 4382 3624 4438 occasionem
3659 4389 3715 4438 et
3739 4400 3827 4439 ar-

418 4435 913 4535 Phoenicenﬁam
943 4472 1067 4523 tum
1091 4471 1164 4523 ad
1189 4435 1979 4548 ῥδιέθξῶᾆὲηξρνξᾷὶνέἔξὲ
2106 4435 2148 4488 D
2183 4462 2534 4548 gumentum
2549 4458 2760 4548 horum
2786 4460 3195 4534 Alloquiorum
3214 4469 3831 4528 manifesteindicant?

412 4552 741 4609 raeliticam
771 4556 1080 4624 regionem
1108 4558 1374 4625 denotat,
1410 4565 1786 4634 pertinuisse.
1823 4572 1984 4629 Certe
2011 4574 2069 4630 in

414 4641 672 4696 historiis
693 4660 1003 4701 sacrarum
1036 4649 1477 4717 expeditionem
1499 4656 1740 4726 Tyrum,
1764 4661 2065 4732 Sidonem,

412 4734 467 4783 et
498 4729 878 4787 Phoeniciam
908 4734 1245 4791 universam
1265 4739 1629 4798 Palaestinae
1648 4754 1874 4815 partem
1905 4729 2069 4808 vide;

2183 4542 2394 4598 Snbdit
2427 4560 2566 4601 mox
2593 4546 2753 4603 idem
2780 4562 2791 4601 :
2830 4549 2976 4606 Cum
3008 4559 3203 4610 autem
3233 4562 3466 4614 tantam
3492 4560 3834 4616 animarum

2179 4634 2643 4691 tractandarum
2657 4639 2937 4707 peritiam
2956 4648 3257 4699 assecutus
3282 4654 3424 4702 esset
3449 4663 3650 4715 senex,
3683 4665 3833 4705 nun-

2178 4736 2357 4791 quam
2373 4724 2671 4779 remissius
2688 4727 2804 4796 egit
2820 4728 2883 4783 in
2902 4730 3282 4789 meditatione
3301 4736 3667 4805 eloquiorum
3682 4738 3835 4793 divi-

2174 4824 2409 4875 norum,
2426 4813 2527 4868 sed
2536 4813 2844 4870 insistebat
2864 4816 3095 4884 iisdem,
3112 4835 3214 4877 seu
3231 4822 3602 4882 decumbere!
3617 4833 3827 4889 strato,

416 4833 551 4871 mus
585 4817 877 4874 habitam.
907 4823 1281 4895 Antiquiores
1318 4844 1453 4885 vero
1502 4830 1677 4903 longe
1710 4836 1885 4893 latius
1918 4841 2064 4898 ﬁnes

413 4905 783 4963 Palaestinae
798 4920 1206 4980 porrexerunt,
1219 4918 1453 4973 utOvidi
1465 4937 1529 4973 us
1542 4924 1644 4994 qui
1660 4926 1849 4995 ripam
1871 4931 2054 5000 Tigris

413 4995 609 5050 amnis
662 5002 997 5069 marginem
1070 5003 1439 5063 Palaestinae
1499 5019 1674 5076 vocat
1736 5015 1833 5072 illo
1888 4995 2058 5077 versu

414 5085 639 5141 Fast.ll.

587 5192 776 5265 Inque
800 5196 1180 5257 Palaestinae
1204 5204 1475 5274 margine
1498 5207 1645 5263 sedit
1666 5226 1875 5281 aquae,

409 5311 811 5384 adstipulante
865 5317 1066 5385 Plinio,
1124 5323 1228 5393 qui
1258 5323 1360 5379 lib.
1423 5328 1487 5380 Vl
1542 5345 1674 5401 cap.
1710 5334 1777 5388 28
1809 5336 2053 5393 Sittace-

408 5416 546 5458 nem
570 5405 869 5474 regionem
899 5408 1051 5477 Tigri
1074 5414 1417 5469 continuam
1450 5418 1816 5479 Palaestinae
1848 5441 2053 5483 accen-

407 5496 492 5545 set
522 5508 535 5557 ;
568 5498 629 5546 ut
648 5496 919 5551 omittam
939 5500 1102 5568 quod
1132 5506 1378 5559 testatur
1397 5506 1769 5577 Plutarchus,
1791 5515 2052 5585 Strymo-

408 5593 548 5636 nem
562 5583 1196 5647 Macedoniaeﬂuvium
1208 5590 1613 5654 Palaestinum
1626 5598 1769 5657 olim
1791 5583 2045 5662 dictum:

2171 4912 2271 4952 seu
2283 4904 3057 4975 assurgeret,velquidpiam
3070 4911 3327 4966 manibus
3346 4920 3698 4980 operaretur
3711 4921 3820 4970 cet.

2169 4989 2477 5059 Nusquam
2510 4990 2606 5046 hic
2629 4994 2967 5061 scriptionis
2996 4999 3214 5055 mentio
3241 5016 3254 5065 ;
3276 5016 3397 5071 qua
3419 5009 3578 5058 certo
3602 5009 3662 5059 et
3690 5004 3827 5059 irre-

2170 5076 2418 5131 vocabili
2443 5078 2674 5149 judicio
2712 5082 3074 5140 abstinuisse
3126 5089 3420 5144 Zosimam
3454 5091 3602 5146 nihil
3636 5093 3828 5162 magis

2166 5164 2450 5233 declarat,
2477 5183 2664 5237 quam
2692 5170 2859 5242 quod
2905 5178 3045 5229 Acta
3078 5180 3198 5231 tam
3262 5177 3412 5234 mira
3444 5181 3657 5236 Mariae
3691 5197 3827 5253 poe-

2169 5254 2424 5318 nitentis,
2476 5271 2736 5327 quorum
2792 5276 2948 5315 unus
3006 5272 3158 5318 esset
3187 5264 3312 5337 ipse
3350 5270 3650 5337 conscius,
3684 5271 3827 5325 scri-

2168 5343 2280 5409 ptis
2302 5342 2463 5397 haud
2493 5346 2880 5413 commiserit,
2911 5366 3151 5407 narrare
3172 5354 3355 5410 verbo
3398 5358 3544 5412 satis
3573 5357 3820 5413 habens.

2165 5430 2254 5485 Sic
2289 5432 2445 5486 enim
2479 5433 2733 5491 habetur
2790 5454 2954 5493 num.
3002 5440 3069 5495 4-0
3097 5442 3369 5501 eiusdem
3419 5447 3816 5502 narrationis:

2163 5520 2424 5576 Zosimas
2451 5526 2794 5581 reversusin
2822 5530 3161 5587 coenobium
3200 5530 3260 5604 [a
3274 5541 3480 5589 curato
3514 5537 3568 5591 S.
3600 5536 3812 5591 Mariae

2163 5609 2565 5683 Aegyptiacae
2578 5611 2803 5689 funere]
2819 5619 3094 5675 narravit
3109 5621 3307 5677 omnia
3321 5623 3808 5687 monachis,nihil
