4092 6252
265 337 373 396 345

1322 335 1419 392 AD
1458 333 1834 393 OPUSCULA
1868 334 1923 391 S.
1958 334 2250 393 MACARII
2283 332 2641 393 AEGYPTII.

3578 343 3686 398 346

250 480 457 521 eorum
471 479 637 537 quae
650 464 1007 520 audieratac
1025 463 1255 520 viderat
1272 465 1543 519 reticens.
1568 461 1751 517 Paulo
1768 468 1921 534 post:
1958 466 2005 519 A
2039 462 2195 518 malo
2226 468 2313 519 est
2341 463 2663 521 abscedere
2695 461 3068 534 compulsus.
3104 463 3269 520 Unde
3293 466 3362 521 ob
3389 482 3514 523 eam
3544 483 3682 524 cau-

257 555 819 611 Perseveraverunt
840 560 1036 609 autem
1064 552 1345 609 monachi
1365 554 1510 608 haec
1530 553 1661 620 ipsa
1680 566 1788 619 per
1806 558 1927 608 tra-

248 642 541 699 ditionem
599 643 960 697 discentes...
1017 642 1118 698 sed
1164 658 1285 697 non
1315 640 1526 697 audivi
1569 653 1923 712 quemquam

249 735 481 801 scripto
514 732 809 803 signasse.
838 731 1002 785 Adeo
1028 747 1063 786 a
1094 729 1413 785 scribendo
1433 729 1609 785 alieni
1642 733 1809 783 erant
1840 728 1924 784 illi

252 826 485 877 veteres
519 826 763 876 ascetae
804 820 1014 884 sancli,
1066 819 1175 875 sibi
1225 819 1496 874 videlicet
1537 836 1608 875 ex
1656 818 1923 873 instituto

253 911 386 965 unis
420 917 743 974 vacantes,
772 909 1045 979 exemplo
1076 909 1311 963 Antonii
1341 909 1556 975 Magni,
1589 907 1689 979 qui
1722 907 1923 977 cogni-

252 1005 373 1055 tam
411 1016 448 1055 a
483 1016 548 1053 se
587 1000 716 1054 solo
741 997 1075 1054 mirabilem
1110 998 1292 1053 vitam
1318 997 1475 1051 Pauli
1509 997 1682 1067 primi
1707 995 1922 1051 eremi-

250 1095 364 1151 tae,
394 1087 616 1142 multis
659 1087 793 1142 licet
823 1086 996 1142 annis
1040 1086 1091 1140 ei
1137 1092 1454 1157 superstes,
1498 1101 1607 1140 nec
1660 1084 1917 1154 scripsit,

251 1191 359 1232 nec
386 1175 669 1239 dictavit,
710 1191 856 1230 voce
891 1179 1121 1229 tantum
1154 1189 1396 1228 narrare
1435 1178 1770 1237 contentus,
1802 1188 1918 1244 po-

253 1266 518 1319 steritate
555 1264 621 1319 id
648 1265 1014 1333 ignoratura,
1039 1263 1154 1317 nisi
1188 1263 1581 1333 Hieronymus
1612 1261 1777 1317 Pauli
1803 1278 1921 1316 me-

252 1355 513 1408 moriam
546 1370 580 1408 e
607 1352 917 1420 discipulis
939 1353 1173 1406 Antonii
1191 1357 1562 1420 compertam
1582 1350 1761 1405 literis
1784 1367 1921 1405 con~

255 1443 587 1512 signasset.
608 1443 692 1497 Ad
717 1458 897 1514 quem
922 1440 1167 1496 modum
1187 1441 1470 1504 Zosimas,
1493 1456 1649 1512 quae
1664 1440 1921 1495 admira-

248 1531 391 1587 bilia
420 1532 501 1587 de
526 1530 1068 1602 Mariapoenitente
1097 1529 1371 1583 sensibus
1402 1545 1685 1601 praesens
1706 1529 1921 1584 hause-

249 1626 357 1684 rat,
400 1622 542 1687 etsi,
586 1637 725 1675 cum
752 1619 1155 1674 centenariam
1187 1619 1445 1689 attigerit
1467 1624 1742 1683 aetatem,
1775 1623 1836 1673 ut
1860 1619 1919 1673 in

252 1709 395 1764 Vitis
427 1710 684 1765 Patrum
732 1708 835 1763 lib.
868 1708 887 1761 Ι
936 1723 1076 1779 pag.
1128 1710 1230 1762 299
1275 1708 1493 1762 diserte
1524 1707 1793 1771 traditur,
1821 1707 1921 1762 tri-

246 1799 415 1868 ginta
448 1799 598 1854 totis
626 1796 949 1853 minimum
972 1796 1146 1851 annis
1178 1796 1797 1867 MariaeAegyptiacae
1825 1813 1919 1851 su-
1952 1832 1994 1887 Β

243 1887 605 1959 pervixerit.
639 1893 839 1943 tamen
893 1901 1000 1940 nec
1046 1886 1195 1956 ipse,
1248 1900 1358 1939 nec
1410 1886 1535 1939 eius
1583 1900 1765 1940 suasu
1816 1890 1919 1941 aut

244 1982 464 2048 sponte
504 1993 623 2032 sua
650 1976 973 2048 quisquam
1008 1974 1347 2029 auditorum
1387 1974 1541 2028 illius
1582 1990 1652 2029 ea
1691 1976 1917 2029 curavit

244 2066 301 2120 in
345 2065 632 2121 chartam
668 2066 917 2131 mittere,
945 2065 1135 2118 donec
1166 2079 1300 2117 sero
1328 2062 1545 2117 exstitit
1577 2078 1918 2135 anonymus

244 2155 622 2219 monachus,
646 2155 749 2225 qui
776 2157 892 2209 Deo
916 2151 1377 2208 moventetalem
1394 2167 1640 2223 operam
1664 2152 1917 2222 posteris

242 2251 593 2315 praestaret
621 2260 635 2299 :
670 2259 850 2314 quem
884 2241 1165 2314 equidem
1198 2241 1418 2312 ipsum,
1452 2246 1556 2296 aut
1593 2240 1799 2296 divino
1845 2243 1918 2296 si-

241 2332 371 2387 mili
407 2339 651 2389 motum
692 2331 959 2403 impulsu
988 2330 1173 2386 alium
1205 2347 1236 2384 e
1267 2328 1599 2385 coenobitis
1645 2330 1733 2385 vel
1762 2332 1916 2402 Tyrii

245 2422 494 2491 prioris,
539 2420 640 2476 ubi
671 2422 935 2475 Zosimas
966 2419 1063 2473 diu
1090 2418 1250 2483 vixit,
1294 2417 1382 2472 vel
1411 2418 1648 2473 alterius
1671 2419 1914 2473 Jordani

244 2511 605 2581 propinqui,
653 2525 776 2581 quo
821 2511 939 2563 iam
991 2523 1174 2562 senex
1224 2507 1516 2578 migravit,
1571 2508 1917 2563 monasterii

246 2600 612 2670 quempiam
645 2598 1001 2653 crediderim
1032 2597 1182 2651 haec
1209 2595 1402 2660 nobis,
1426 2612 1580 2666 quae
1602 2604 1706 2651 aut
1725 2596 1851 2668 ipse
1881 2614 1916 2652 a

248 2688 497 2743 Zosima
521 2688 815 2752 audierat,
840 2691 941 2740 aut
962 2702 993 2740 e
1020 2684 1412 2739 referentibus
1432 2692 1740 2754 cognorat,
1764 2685 1914 2741 Allo-

255 2775 406 2846 quia
438 2792 736 2841 servasse,
769 2774 841 2830 iis
872 2776 1089 2846 scripto
1115 2772 1601 2844 complectendis.

363 2917 378 2987 |
438 2917 695 2973 Tertium
717 2921 909 2972 exstat
926 2915 1208 2971 indicium
1230 2918 1544 2985 atempore
1566 2915 1831 2981 ductum,
1855 2915 1916 2970 ni

272 3003 466 3070 fallor,
494 3005 815 3061 vehemens
842 3005 919 3060 ad
942 3003 1346 3072 suadendum,
1379 3006 1435 3057 Β.
1467 3004 1788 3068 Zosimam,
1819 3021 1917 3059 cu-

271 3092 368 3145 ius
394 3092 537 3149 haec
560 3094 829 3165 Alloquia
859 3108 1081 3148 nomen
1110 3092 1468 3162 praeferunt,
1498 3093 1756 3147 eundem
1784 3109 1915 3148 esse

267 3178 493 3251 ipsum,
524 3184 625 3256 qui
650 3185 706 3239 S.
736 3184 979 3239 Mariam
1012 3182 1438 3253 Aegyptiacam
1470 3181 1751 3253 sepelivit.
1783 3183 1914 3237 Non
1951 3186 1992 3244 C

264 3270 487 3327 multos
516 3289 624 3340 per
654 3288 724 3327 ea
758 3282 1025 3342 tempora
1050 3270 1213 3326 fama
1240 3270 1500 3325 celebres
1542 3270 1720 3325 fuisse
1748 3272 1914 3327 Zosi-

261 3375 398 3414 mas
423 3361 645 3415 indicat
670 3376 1007 3431 anonymus
1039 3360 1233 3414 editor
1252 3362 1533 3414 Actorum
1555 3360 1784 3425 Mariae,
1810 3363 1913 3430 qui

262 3463 446 3503 suum
484 3465 621 3504 cum
664 3454 870 3504 nOstro
901 3450 1319 3521 cognominem
1351 3455 1426 3513 et,
1479 3455 1541 3503 ut
1589 3449 1910 3521 credimus,

260 3552 454 3593 unum
497 3538 875 3611 eundemque
912 3555 947 3594 a
994 3539 1225 3594 cunctis
1257 3538 1616 3610 synonymis
1662 3554 1723 3592 se
1771 3540 1913 3595 satis

254 3626 600 3683 distinxisse
630 3627 898 3692 credidit,
937 3627 1037 3682 ubi
1080 3644 1219 3682 eum
1250 3627 1330 3681 ab
1362 3643 1480 3681 uno
1506 3627 1908 3693 discrevisset,

254 3716 383 3770 solo
419 3716 684 3773 videlicet
718 3726 855 3772 tunc
898 3723 1040 3771 noto
1096 3715 1211 3771 alio
1252 3714 1507 3769 Zosima.
1546 3718 1624 3769 En
1673 3714 1731 3770 id
1781 3718 1909 3771 eius

254 3809 532 3861 testantia
567 3807 747 3862 verba
779 3823 790 3861 :
824 3807 1009 3861 Nemo
1035 3811 1231 3861 autem
1262 3805 1659 3874 appellationi
1687 3807 1800 3861 soli
1822 3806 1909 3861 in-

249 3892 502 3951 haerens
522 3910 849 3951 sermonem
866 3894 1019 3949 mihi
1034 3895 1325 3950 existimet
1344 3910 1469 3950 esse
1486 3894 1558 3949 de
1574 3909 1637 3949 eo
1654 3895 1905 3961 Zosima,

246 3982 350 4052 qui
388 3984 555 4039 circa
614 3984 950 4038 doctrinam
1001 3984 1204 4050 lapsus
1247 3983 1441 4038 minus
1488 3989 1643 4038 recte
1683 3986 1902 4053 sapuit.

246 4072 420 4128 Alius
452 4073 608 4128 enim
639 4071 756 4135 hic,
801 4077 854 4124 et
890 4070 994 4125 ille
1018 4072 1197 4135 alius,
1228 4073 1589 4141 multumque
1619 4072 1906 4141 (ti/ferunt

246 4161 397 4217 inter
418 4176 492 4223 se,
521 4159 794 4231 quamvis
806 4160 1320 4216 nomenclaturam
1339 4161 1511 4215 ambo
1532 4162 1768 4217 eandem
1784 4178 1905 4217 sor-

249 4249 356 4303 titi.
405 4250 498 4306 Sic
533 4249 652 4305 ille.
704 4248 766 4302 In
816 4248 986 4301 cuius
1035 4247 1225 4301 verbis
1266 4249 1311 4302 si
1366 4249 1714 4319 quaerimus
1765 4253 1900 4322 quis

252 4336 326 4390 sit
365 4338 459 4392 ille
499 4336 652 4392 alius
682 4336 973 4406 Zosimas,
1017 4335 1121 4406 qui
1147 4338 1308 4392 circa
1337 4338 1671 4394 doctrinam
1704 4339 1903 4408 lapsus

248 4425 445 4481 minus
476 4436 634 4482 recte
660 4425 883 4493 sapuit,
928 4423 1168 4480 docebit
1198 4425 1255 4478 id
1290 4441 1398 4481 nos
1431 4426 1797 4482 Marcellinus
1840 4430 1901 4483 in

251 4510 353 4567 lib.
390 4515 467 4568 De
488 4513 810 4568 schismate
839 4513 1083 4567 Ursicini
1111 4519 1166 4567 et
1191 4513 1456 4577 Damasi,
1478 4530 1658 4585 quem
1682 4515 1715 4569 li

254 4614 390 4655 cum
439 4617 509 4656 ex
559 4602 773 4657 recenti
807 4602 1102 4657 memoria
1146 4603 1465 4673 scripserit,
1515 4602 1899 4673 intelligimus

258 4686 383 4741 eius
411 4696 706 4746 auctorem
721 4691 834 4747 sub
852 4692 1128 4757 Damaso,
1145 4691 1442 4762 autpaulo
1471 4695 1624 4762 post,
1649 4691 1763 4746 hoc
1785 4696 1896 4758 est,

260 4769 486 4827 circiter
539 4789 761 4830 annum
810 4776 1019 4833 Christi
1073 4778 1175 4831 390
1221 4776 1516 4831 ﬂoruisse.
1566 4776 1648 4830 lbi
1698 4784 1896 4832 autem

258 4862 848 4921 meminitcuiusdam
866 4866 1080 4921 Zosimi
1099 4866 1218 4919 sive
1233 4864 1499 4920 Zosimae
1514 4880 1682 4937 quem
1697 4867 1897 4922 Ariani

250 4950 370 5005 suis
412 4951 657 5007 tinctum
684 4954 985 5009 erroribus
1027 4953 1087 5008 in
1126 4953 1543 5024 episcopatum
1593 4952 1754 5008 urbis
1792 4970 1899 5025 per

244 5036 469 5095 Italiam
510 5038 705 5096 clarae
743 5042 1040 5112 Neapolis,
1074 5040 1259 5096 eiecto
1291 5042 1430 5097 inde
1475 5041 1812 5097 orthodoxo
1842 5048 1897 5097 et

244 5134 449 5185 sancto
500 5129 788 5201 episcopo
830 5130 1107 5196 Maximo,
1149 5128 1536 5185 intruserunt.
1588 5129 1755 5185 Hunc
1786 5147 1897 5186 sua

242 5230 436 5286 poena
450 5217 746 5273 celebrem
770 5217 920 5274 fecit.
930 5219 1224 5289 Aggresso
1238 5218 1398 5273 enim
1410 5217 1749 5289 episcopale
1762 5217 1896 5273 ofﬁ-

242 5306 398 5362 cium
424 5306 485 5362 in
512 5305 765 5363 ecclesia
790 5307 1176 5379 Neapolitana
1200 5307 1387 5372 obire,
1415 5308 1818 5363 intumescens
1842 5308 1892 5363 ei

240 5389 444 5465 lingua
470 5400 723 5450 extraos
756 5395 1152 5460 excessit,nec
1165 5394 1277 5450 nisi
1296 5395 1534 5451 Zosima
1558 5400 1725 5452 extra
1755 5401 1894 5451 tem-

239 5483 398 5552 plam
426 5499 675 5554 egresso
690 5483 907 5540 retrahi
931 5483 1143 5555 potuit.
1173 5485 1299 5549 Quo
1320 5483 1500 5548 facto,
1525 5485 1892 5539 cumiterum

240 5586 305 5629 ac
337 5574 510 5629 tertio
551 5572 823 5629 Zosimas
853 5578 1137 5629 tentasset
1174 5573 1478 5643 ingressus
1526 5573 1740 5629 aedem
1791 5589 1886 5629 sa-

238 5675 399 5743 pram
429 5661 763 5734 episcopali
794 5661 963 5733 fungi
993 5677 1263 5728 munere,
1301 5663 1470 5718 toties
1493 5660 1620 5733 pari
1652 5666 1893 5718 coactus

2033 566 2156 607 sam
2189 553 2426 608 tandem
2444 552 2612 608 cessit
2630 553 2991 621 episcopatu,
3019 556 3083 606 ut
3096 555 3420 621 pristinum
3440 556 3548 611 sibi
3570 557 3683 613 lin-

2032 640 2456 709 quoeo/ﬁcium
2474 640 2862 695 redderetur:
2881 641 3064 696 verba
3083 649 3221 697 sunt
3238 644 3682 717 Marcellini,qui

2036 742 2175 781 mox
2187 728 2354 782 addit
2373 743 2386 781 :
2402 743 2519 782 non
2535 742 2626 782 res
2646 731 2925 798 antiquas
2948 727 3324 797 referimus...
3345 746 3486 787 nam
3499 738 3551 787 et
3576 733 3677 788 ho-

2031 816 2126 871 die
2140 817 2193 869 Ζ
2195 815 2408 872 osimas
2424 816 2487 870 in
2508 831 2756 886 corpore
2775 821 2878 885 est,
2896 832 3063 872 usum
3090 818 3333 887 linguae
3356 836 3477 875 non
3510 822 3681 877 amit-

2034 906 2171 968 tens,
2184 911 2497 975 postquam
2518 905 2729 960 maluit
2747 920 2877 960 cum
2893 906 3203 961 amissione
3215 908 3585 977 episcopatus
3599 911 3683 966 vi-

2034 1006 2182 1048 vere.
2201 992 2392 1047 Videri
2409 999 2594 1064 potest
2614 994 2711 1048 hic
2725 995 2981 1049 Zosimas
3001 1001 3112 1050 tam
3127 996 3385 1051 evidenti
3402 998 3680 1054 miraculo

2029 1082 2368 1151 resipuisse,
2398 1097 2552 1152 quae
2583 1097 2766 1137 causa
2798 1083 3051 1138 fortasse
3082 1083 3254 1139 fuerit
3274 1100 3584 1157 anonymo
3605 1086 3681 1143 de

2029 1172 2156 1225 eius
2195 1186 2391 1225 errore
2422 1177 2483 1224 ut
2513 1172 2827 1241 praeterito
2867 1172 3174 1243 loquendi.
3202 1174 3504 1246 Quidquid
3534 1176 3593 1231 in
3620 1192 3682 1232 re
3708 1218 3711 1221 γ

2029 1260 2120 1322 sit,
2153 1274 2224 1313 ex
2250 1259 2342 1313 his
2379 1259 2694 1325 habemus,
2725 1267 2781 1314 et
2813 1263 2873 1315 S.
2910 1262 3206 1316 Zosimam
3229 1270 3284 1317 et
3308 1262 3492 1318 alium
3524 1266 3681 1320 eius-

2029 1347 2167 1401 dem
2190 1348 2450 1401 nominis
2468 1364 2588 1402 non
2608 1354 2882 1403 sanctum
2904 1349 3117 1403 eodem
3143 1345 3428 1421 tempore,
3446 1353 3558 1408 hoc
3571 1358 3679 1417 est,

2030 1435 2142 1490 sub
2172 1436 2354 1491 ﬁnem
2381 1438 2576 1507 quarti
2606 1437 2827 1491 saeculi
2857 1438 3097 1493 vixisse.
3135 1442 3253 1493 Hoc
3287 1440 3533 1511 quidem
3560 1442 3679 1496 hie-

2030 1525 2400 1579 romonacho
2434 1528 2490 1579 Β.
2521 1524 2725 1580 abbati
2747 1527 3013 1581 Zosimae
3035 1530 3337 1598 competit.
3362 1532 3508 1585 Nam
3539 1547 3677 1585 cum

2032 1613 2235 1668 Daniel
2266 1614 2709 1685 Papebrochius
2738 1620 2940 1670 noster
2965 1619 3128 1671 Tom.
3166 1616 3184 1670 l
3222 1617 3400 1688 April.
3435 1634 3572 1689 pag.
3612 1621 3680 1676 68

2029 1709 2237 1771 argute
2264 1702 2632 1759 demonstret
2669 1719 2741 1759 ex
2778 1705 3121 1760 charactere
3153 1706 3438 1773 Paschae,
3469 1709 3525 1763 S.
3562 1712 3682 1765 Ma-

2028 1791 2179 1845 riam
2211 1792 2639 1863 Aegyptiacam
2687 1793 2903 1847 obiisse
2941 1794 3036 1848 die
3080 1795 3099 1848 l
3138 1795 3320 1866 April.
3354 1812 3681 1867 parasceve

2029 1879 2291 1934 Paschae
2322 1896 2481 1936 anno
2526 1882 2735 1937 Christi
2773 1882 2899 1947 432,
2933 1888 3256 1955 postquam
3284 1886 3474 1956 pridie
3512 1903 3548 1942 a
3573 1890 3681 1943 Zo-

2028 1969 2184 2024 sima
2212 1969 2439 2023 circiter
2465 1971 2928 2040 septuagenario
2960 1987 3200 2027 sacrum
3232 1973 3439 2029 Christi
3466 1990 3680 2046 corpo-

2027 2057 2108 2111 ris
2134 2065 2187 2112 et
2226 2058 2533 2127 sanguinis
2566 2060 2846 2113 viaticum
2879 2061 3265 2131 percepisset,
3293 2064 3678 2120 manifestum

2028 2153 2135 2207 est,
2162 2161 2297 2199 eum
2330 2145 2531 2200 multis
2560 2147 2736 2201 annis
2764 2154 2900 2203 ante
2923 2148 3471 2218 quingentesimum
3501 2168 3678 2209 aerae

2029 2234 2237 2289 Christi
2264 2250 2383 2289 non
2412 2234 2603 2289 solum
2639 2235 2885 2299 vixisse,
2923 2238 3029 2291 sed
3056 2239 3237 2292 vitam
3262 2241 3439 2295 etiam
3468 2242 3677 2297 asceti-

2028 2339 2162 2378 cam
2212 2325 2588 2378 sanctissime
2626 2324 2885 2379 coluisse
2925 2325 2983 2380 in
3029 2327 3211 2397 priori
3250 2330 3414 2400 apud
3459 2332 3674 2402 Tyrum

2028 2414 2411 2477 monasterio,
2442 2429 2510 2467 ex
2543 2428 2685 2484 quo,
2718 2418 3043 2486 antequam
3065 2416 3122 2469 in
3151 2416 3311 2471 aliud
3334 2418 3567 2474 lordani
3598 2420 3678 2474 ci-

2029 2502 2239 2555 timum
2293 2502 2592 2570 migraret,
2639 2501 2820 2556 vitam
2873 2502 3215 2572 religiosam
3269 2520 3333 2559 se
3375 2507 3436 2561 in
3480 2508 3674 2579 primo

2026 2591 2361 2645 exercuisse
2391 2605 2497 2660 per
2549 2605 2743 2646 annos
2788 2597 2899 2645 tres
2946 2596 3002 2646 et
3043 2592 3488 2666 quinquaginta
3517 2597 3670 2668 ipse,

2027 2684 2089 2732 ut
2138 2679 2302 2750 prius
2335 2678 2617 2743 vidimus,
2656 2684 2919 2735 testatur.
2951 2681 3278 2739 Conﬁrmat
3309 2684 3464 2740 hanc
3503 2685 3672 2742 chro-

2025 2767 2328 2836 nologiam
2360 2771 2519 2822 totus
2564 2767 2979 2839 Alloquiorum
3026 2768 3296 2827 Zosimae
3336 2779 3670 2829 contextus.

2026 2858 2171 2911 Nam
2227 2856 2306 2911 ibi
2354 2863 2411 2911 et
2456 2857 2769 2926 Evagrius,
2820 2873 2941 2912 non
3002 2858 3096 2914 ille
3160 2861 3511 2932 Origenista,
3567 2864 3672 2918 sed

2025 2944 2180 3001 alius
2210 2944 2510 3016 antiquior
2538 2945 2949 3001 sanctissimus
2977 2950 3207 3004 Macarii
3229 2949 3582 3021 discipulus,
3616 2956 3674 3007 et

2026 3034 2399 3097 Pachomius,
2423 3033 2641 3105 aliique
2664 3035 2822 3105 paris
2854 3037 3223 3108 antiquitatis
3247 3043 3537 3110 tanquam
3569 3040 3673 3096 ho-

2029 3122 2222 3177 mines
2248 3123 2500 3177 recentis
2521 3124 2847 3179 memoriae
2870 3127 3255 3180 nominantur
3282 3144 3295 3192 ;
3329 3127 3503 3183 sedet
3529 3144 3668 3184 cum

2026 3211 2142 3267 alia
2167 3210 2497 3267 referantur
2524 3226 2595 3265 ex
2621 3210 2769 3266 Vitis
2797 3218 2849 3267 et
2878 3213 3032 3267 Actis
3064 3216 3323 3279 Patrum,
3354 3216 3500 3271 nihil
3530 3232 3673 3273 om-

2025 3302 2168 3356 nino
2200 3300 2469 3371 proditur
2504 3315 2626 3355 non
2664 3316 2825 3356 anno
2857 3302 3066 3357 Christi
3107 3306 3664 3377 sesquiquingente-

2026 3389 2179 3445 simo
2220 3390 2501 3445 anterius.
2552 3390 2626 3444 Ex
2676 3389 2769 3445 his
2826 3392 3054 3461 corrige
3120 3409 3277 3464 quae
3321 3394 3668 3450 Rosweidus

2024 3484 2243 3544 noster,
2268 3478 2455 3550 decep
2511 3480 2520 3550 |
2578 3483 2669 3534 tus
2698 3486 2979 3551 corrupto
3005 3483 3356 3554 apograpbo
3388 3489 3669 3540 Actorum

2022 3567 2421 3639 Aegyptiacae
2463 3569 2672 3624 Mariae
2714 3567 2826 3624 sub
2866 3568 3016 3625 falso
3063 3572 3304 3626 nomine
3349 3573 3665 3645 Sophronii

2022 3655 2283 3725 vulgato,
2316 3659 2626 3712 annotavit
2655 3658 2730 3713 ad
2778 3659 2932 3714 Vitas
2966 3662 3199 3715 Patrum
3231 3677 3372 3733 pag.
3427 3664 3532 3717 299
3569 3663 3665 3719 his

2022 3747 2216 3801 verbis
2246 3763 2258 3800 :
2294 3746 2525 3803 Claruit
2554 3747 2757 3803 Maria
2783 3748 3151 3818 Aegyptiaca
3177 3752 3536 3820 temporibus
3563 3754 3664 3808 Ju-

2019 3836 2161 3890 stini
2188 3837 2434 3891 senioris
2473 3836 2636 3891 circa
2679 3851 2906 3892 annum
2953 3839 3191 3893 Domini
3239 3844 3361 3895 520.
3397 3844 3477 3896 Ea
3507 3843 3667 3897 enim

2019 3924 2528 3979 metachronismo
2557 3924 2832 3980 laborare
2862 3926 3075 3995 integri
3119 3927 3235 3982 tere
3281 3930 3497 3985 saeculi
3530 3946 3663 3985 eru-

2018 4013 2135 4068 dite
2148 4012 2509 4067 demonstrat
2523 4029 2705 4084 supra
2721 4015 3003 4069 laudatus
3018 4015 3666 4089 Papebrochius,quem

2017 4101 2150 4156 vide
2201 4101 2366 4155 Tom.
2401 4102 2421 4154 l
2464 4101 2677 4171 Aprilis
2725 4118 2759 4155 a
2809 4117 2949 4172 pag.
2990 4104 3055 4156 67
3089 4103 3166 4157 ad
3203 4108 3293 4161 70.
3328 4105 3457 4161 lure
3488 4106 3667 4175 igitur

2016 4194 2217 4245 nostro
2244 4189 2355 4243 hoc
2385 4189 2775 4259 Opusculum,
2812 4192 2868 4245 Β.
2901 4191 3170 4247 Zosimae
3196 4192 3470 4264 Alloquia
3499 4211 3666 4250 com-

2014 4278 2297 4347 plectens,
2331 4278 2644 4348 superiori,
2692 4280 2855 4350 quod
2901 4281 2955 4336 S.
3007 4281 3492 4351 Amphilochium
3545 4285 3666 4340 Ico-

2014 4369 2282 4421 niensem
2322 4366 2676 4437 episcopum
2725 4367 2906 4423 habet
2938 4374 3265 4435 auctorem,
3307 4372 3433 4426 sine
3465 4374 3663 4429 medio

2012 4456 2456 4524 coniungimus,
2473 4454 2745 4510 ordinem
2769 4460 3111 4527 temporum
3136 4461 3321 4514 secuti
3372 4477 3494 4532 quo
3511 4463 3663 4518 vitae

1724 4516 1899 4613 Pium
1934 4546 1976 4600 D
2010 4545 2362 4616 digeruntur
2378 4543 2698 4599 amborum
2721 4516 3662 4617 itacomparatae,utcommunes

2011 4649 2200 4689 annos
2249 4632 2476 4703 aliquot
2528 4632 2863 4698 habuerint,
2913 4635 3311 4706 Amphilochii
3359 4645 3659 4695 senectute

2010 4727 2397 4778 concurrente
2432 4737 2569 4776 cum
2600 4722 2865 4778 Zosimae
2897 4722 3323 4782 adolescentia.

2079 4863 2203 4919 Non
2254 4863 2363 4918 erit
2404 4863 2513 4917 abs
2554 4878 2635 4927 re,
2676 4863 2771 4919 hic
2811 4864 2887 4920 ad
2928 4870 3259 4921 extremum
3306 4868 3656 4935 admonere,

2009 4953 2295 5008 Ioannem
2338 4951 2663 5017 Moschum,
2697 4952 2832 5009 libri
2879 4953 3127 5009 celebris
3150 4956 3281 5027 jam
3326 4957 3466 5013 olim
3515 4966 3571 5014 et
3622 4974 3658 5015 a

2007 5046 2172 5096 sexta
2203 5038 2465 5109 generali
2508 5040 2750 5111 Synodo
2780 5040 3025 5107 laudati,
3060 5045 3153 5097 cui
3199 5044 3448 5102 Pratum
3482 5047 3657 5116 spiri-

2007 5128 2166 5185 tuale
2197 5128 2396 5183 titulus
2433 5132 2541 5193 est,
2575 5133 2904 5196 auctorem,
2931 5130 3082 5186 haec
3113 5132 3243 5187 sine
3271 5133 3459 5189 dubio
3485 5136 3656 5191 Zosi—

2007 5233 2140 5273 mae
2166 5216 2437 5288 Alloquia
2468 5217 2704 5273 vidisse.
2737 5221 2884 5274 Nam
2916 5234 3048 5291 cap.
3087 5222 3237 5276 CCXI
3276 5238 3346 5277 ex
3379 5223 3449 5277 iis
3488 5223 3654 5279 deci-

2006 5322 2173 5361 mum
2221 5304 2521 5373 describit,
2555 5306 2749 5361 verbis
2793 5306 2930 5362 inde
2962 5308 3080 5364 fere
3115 5310 3359 5367 totidem
3391 5309 3651 5369 referens

2002 5394 2310 5449 historiam
2338 5393 2640 5458 monachi,
2671 5396 2774 5465 qui
2800 5396 3047 5468 expilari
3073 5398 3283 5454 cellam
3307 5416 3481 5455 suam
3509 5416 3545 5456 a
3572 5401 3656 5456 vi-

2004 5484 2138 5539 cino
2162 5484 2458 5539 monacho
2480 5500 2618 5539 cum
2651 5484 2806 5540 clare
2827 5486 3090 5552 vidisset,
3114 5487 3546 5559 patientissime
3570 5494 3655 5546 to-

2002 5572 2221 5637 lerans,
2258 5572 2437 5628 etiam
2482 5578 2805 5643 postquam
2851 5576 3079 5632 audivit
3127 5575 3651 5647 improbissimum

2004 5661 2172 5717 illum
2221 5660 2409 5717 iurem
2463 5662 2543 5718 ob
2590 5660 2650 5716 id
2710 5660 2939 5719 facinus
2969 5662 3231 5731 delatum
3266 5664 3343 5729 ad
3390 5665 3648 5731 iudicem
