4092 6252
254 298 365 358 349

1246 296 1342 357 AD
1382 293 1755 357 OPUSCULA
1796 298 1855 354 S.
1900 292 2197 355 MACARII
2241 296 2593 358 AEGYPTII.

3562 302 3667 360 350

229 442 347 500 que
378 441 701 483 successor
732 427 957 497 tertius,
988 428 1044 483 S.
1076 424 1591 488 Bartholomaeus,
1619 439 1756 479 cum
1774 438 1897 495 quo
1930 424 1976 479 A
2008 422 2390 481 Benedictum
2444 427 2590 493 VIII,
2648 426 2749 484 alii
2804 428 2873 482 IX
2904 431 3248 497 numerant,
3291 443 3450 485 anno
3497 428 3665 487 Chri-

225 530 285 570 se
309 516 542 571 vixisse
571 516 678 589 qui
701 516 858 571 hanc
870 515 999 569 eius
1013 516 1194 570 vitam
1208 514 1563 584 conscripsit
1577 513 1891 583 signiﬁcat.

225 603 394 659 Certo
435 609 649 660 autem
713 605 1059 659 charactere
1086 603 1147 656 S.
1191 600 1625 657 Bartholomaei
1658 600 1895 656 abbatis

222 692 799 765 Cryptoferratensis
829 700 995 750 aetas
1023 692 1413 761 consignatur
1434 693 1491 744 in
1510 691 1623 745 hoc
1650 692 1892 761 scripto,

222 782 370 837 dum
396 782 645 847 dicitur,
679 783 1045 847 Pontiﬁcem,
1077 782 1180 852 qui
1204 788 1341 836 tunc
1373 783 1707 835 Romanam
1734 795 1893 849 rege-

223 870 327 926 bat
367 872 726 935 Ecclesiam,
764 873 1041 926 iuvenem
1088 870 1166 925 ob
1207 884 1387 937 grave
1418 868 1700 923 delictum
1740 867 1896 923 clam

225 966 530 1031 patratum
582 977 794 1016 morsu
834 961 1115 1015 adactum
1158 958 1552 1013 conscientiae
1592 957 1893 1012 Bartholo-

226 1064 467 1104 maeum
499 1048 903 1114 consuluisse,
936 1066 973 1103 a
1001 1062 1124 1119 quo
1147 1063 1283 1101 cum
1306 1046 1617 1110 audiisset,
1645 1046 1809 1117 quod
1837 1046 1895 1099 in

224 1137 333 1193 hac
365 1137 497 1193 Vita
529 1138 755 1207 legitur
782 1156 793 1188 :
828 1138 963 1193 Non
996 1138 1129 1192 licet
1164 1135 1271 1190 tibi
1298 1150 1469 1191 sacro
1485 1135 1669 1204 fungi
1704 1150 1895 1191 sacer-

228 1225 425 1295 dozio;
465 1241 625 1295 opus
655 1232 738 1283 est
760 1227 1033 1296 redigere
1067 1231 1123 1281 te
1140 1225 1203 1279 in
1226 1224 1514 1288 ordinem,
1539 1227 1591 1278 et
1610 1223 1894 1291 privatim

226 1314 461 1370 animae
503 1321 655 1371 tuae
684 1316 940 1370 remedio
968 1329 1206 1377 vacare,
1248 1328 1318 1369 ac
1346 1312 1618 1367 divinum
1648 1313 1896 1379 placare

226 1418 461 1469 numen,
488 1404 671 1459 cuius
689 1404 838 1458 iram
854 1402 1155 1472 peccando
1168 1400 1539 1469 provocasti;
1554 1401 1737 1471 obseq
1750 1417 1894 1455 uens

224 1490 313 1546 ille
323 1495 554 1555 statim,
567 1498 636 1547 ut
648 1492 869 1546 ibidem
883 1490 1605 1556 additur,thronoirelicto,
1618 1489 1893 1557 privatus

2006 514 2075 567 sti
2121 514 2252 568 1033
2300 521 2533 591 creatus
2586 516 2820 572 ambitu
2868 523 2925 572 et
2957 517 3212 573 factione
3263 522 3657 588 cognatorum

2002 603 2472 659 Tusculanorum
2496 606 2780 660 comitum
2797 606 3273 661 adolescentulus
3293 607 3539 662 vixdum
3553 624 3659 678 pu-

2004 689 2129 745 ber.
2159 692 2268 756 Qui
2295 693 2615 749 duodecim
2649 696 2822 749 annis
2848 698 3181 750 Romanam
3205 697 3662 751 vexavitetcon-

2005 781 2308 850 spurcavit
2348 782 2690 851 Ecclesiam,
2732 799 2893 839 anno
2925 783 3165 839 tandem
3212 783 3346 838 1045
3375 783 3658 840 deiectus.

2009 867 2148 923 Vide
2178 871 2252 923 de
2279 870 2370 924 his
2401 872 2743 928 Ciaconium
2776 874 2915 928 edit.
2951 874 3310 929 novissimae
3352 874 3660 930 Romanae

2011 959 2175 1011 Tom.
2214 958 2232 1011 Ι
2275 974 2311 1012 a
2342 959 2452 1013 col.
2483 965 2586 1015 775
2618 962 2693 1016 ad
2756 965 2878 1017 779.
2941 961 3223 1018 Utlimam
3273 962 3412 1016 huic
3453 962 3658 1018 sedem

2006 1046 2305 1117 Opusculo
2336 1049 2592 1118 decrevi,
2620 1051 2785 1122 quod
2835 1068 2974 1116 non,
3012 1057 3073 1106 ut
3120 1052 3260 1117 alia,
3294 1052 3656 1107 didacticum

2004 1134 2538 1210 dogmaticumque
2565 1140 2657 1207 sit,
2689 1139 2993 1195 doctrinae
3022 1142 3311 1196 asceticae
3338 1145 3659 1213 praecepta

2007 1224 2265 1292 tradens,
2298 1241 2508 1281 verum
2538 1227 2666 1282 eius
2716 1228 2949 1298 praxim
3000 1228 3059 1282 in
3109 1228 3385 1299 exemplo
3444 1228 3657 1286 illustri

2002 1318 2238 1368 ascetae
2262 1314 2570 1370 clarissimi
2593 1315 3037 1372 demonstrans.
3066 1318 3160 1372 His
3178 1318 3297 1373 iam
3317 1318 3494 1372 nimis
3507 1318 3654 1373 mul-

2007 1403 2073 1456 tis
2101 1402 2207 1456 etsi
2249 1419 2406 1474 quae
2434 1404 2827 1474 adjnngerem
2860 1421 2921 1460 se
2950 1404 3222 1469 offerant,
3257 1405 3507 1460 verbum
3535 1421 3659 1460 non

2004 1492 2249 1559 addam,
2284 1495 2428 1548 nein
2460 1493 2680 1549 librum
2712 1501 3013 1551 excrescat
3039 1493 3347 1566 praefatio.
3379 1494 3545 1563 Vale,
3581 1495 3657 1551 le-

225 1580 536 1650 apparuil.
592 1580 719 1636 Fuit
750 1580 844 1636 hic
867 1581 993 1636 sine
1033 1580 1220 1634 dubio
1254 1578 1539 1640 Pontifex,
1573 1594 1754 1649 quem
1796 1578 1891 1633 alii
1927 1571 1972 1625 Β
2001 1587 2150 1646 ctor,
2192 1586 2249 1635 et
2272 1582 2431 1638 fave.

939 1798 1225 1853 Facultas
1262 1796 1658 1865 provincialis
1709 1796 1848 1851 Jesu
1872 1800 1928 1850 et
1956 1796 2413 1853 communicatio
2442 1796 2745 1866 privilegii
2774 1798 2944 1867 regii.

288 1923 419 1992 Ego
456 1925 683 1980 Petrus
710 1923 1049 1987 Allemand,
1093 1920 1473 1992 provincialis
1502 1920 1807 1976 Societatis
1829 1920 2039 1992 Jesﬁuin
2065 1920 2696 1989 provinciaTolosana.
2708 1922 2881 1992 juxta
2895 1920 3266 1992 privilegium
3291 1934 3648 1992 concessum

223 2009 258 2049 a
292 1989 562 2064 Regibus
614 1989 1126 2050 Christianissimis
1173 1994 1417 2048 Henrico
1462 1992 1534 2045 III
1572 1992 1639 2045 10
1684 1992 1809 2046 Maii
1847 1991 2001 2064 I583,
2051 1994 2294 2047 Henrico
2330 1993 2399 2047 IV
2446 1996 2513 2047 20
2566 1989 2837 2048 Decemb.
2897 1989 3059 2055 I605,
3092 1991 3395 2064 Ludovico
3426 1989 3541 2045 XIII
3586 1992 3651 2045 14

224 2062 401 2120 Febr:
428 2068 579 2122 1612
605 2073 658 2121 et
692 2066 990 2121 Ludovico
1020 2066 1130 2120 XIV
1161 2081 1319 2118 nunc
1350 2070 1634 2131 regnante
1666 2068 1731 2119 23
1761 2062 2069 2117 Decembr.
2099 2064 2252 2128 1650,
2274 2080 2397 2134 quo
2417 2064 2763 2134 prohibetur
2793 2064 3075 2118 omnibus
3105 2062 3361 2134 librariis
3393 2068 3448 2134 et
3480 2069 3647 2133 typo—

224 2137 489 2207 graphis,
526 2153 607 2193 ne
636 2137 821 2191 libros
846 2137 1195 2207 abeiusdem
1230 2135 1532 2207 Societatis
1558 2135 1901 2207 hominibus
1915 2136 2279 2207 compositos
2296 2133 2530 2205 absque
2546 2136 2839 2205 permissu
2865 2134 3241 2207 superiorum
3275 2133 3649 2207 imprimam,

226 2205 509 2278 permitto
539 2209 861 2264 Guillelmo
893 2210 1064 2271 Bosc,
1094 2212 1157 2261 ut
1184 2206 1404 2260 librum
1437 2206 1532 2278 cui
1566 2206 1762 2259 titulus
1788 2206 2249 2278 estiThesaurus
2278 2207 2565 2278 asceticus
2595 2213 2704 2271 etc,
2725 2208 2802 2261 ab
2826 2206 3052 2276 aliquot
3079 2205 3384 2278 societatis
3410 2207 3649 2278 nostrae

228 2275 526 2352 theologis
558 2279 900 2352 probatum,
938 2278 1231 2334 excudere
1261 2284 1317 2333 et
1355 2277 1609 2331 vendere
1636 2277 1843 2349 possit.
1878 2277 2091 2331 Datum
2118 2277 2366 2333 Tolosae
2397 2277 2490 2331 die
2521 2281 2583 2332 2t
2614 2277 2824 2347 Aprilis
2855 2275 3016 2333 anno
3054 2275 3203 2329 I682.
3245 2277 3454 2332 Petrus
3481 2275 3648 2331 Alle-

227 2351 437 2408 mand.
473 2356 485 2421 Ι

1506 2506 1790 2563 SERIES
1817 2506 2405 2566 OPUSCULORUM.

236 2607 616 2678 Opusculum
656 2611 675 2663 l
704 2606 903 2663 Sancti
935 2605 1173 2662 Ioannis
1202 2605 1611 2678 Chrysostomi
1640 2604 1911 2678 Epistola
1940 2606 2020 2678 ad
2044 2606 2388 2662 monachos.
3624 2607 3644 2678 1

241 2676 464 2749 Opusc.
498 2681 542 2734 II
690 2682 753 2735 S.
787 2678 1045 2734 Macarii
1070 2679 1279 2746 Magni
1306 2676 1379 2733 de
1408 2676 1674 2733 custodia
1706 2677 1902 2749 cordis
1935 2676 2105 2733 liber.
3588 2676 3650 2749 19

243 2747 463 2820 Opusc.
506 2751 577 2807 III
686 2751 964 2806 Eiusdem
995 2749 1066 2805 de
1091 2749 1450 2817 perfectione
1475 2749 1535 2803 in
1565 2748 1776 2817 spiritu
1806 2748 1979 2805 liber.
3582 2747 3646 2820 47

245 2818 463 2890 opusc.
506 2823 572 2877 IV
680 2822 963 2877 Eiusdem
992 2822 1066 2876 de
1094 2822 1363 2876 oratione
1404 2820 1575 2875 liber.
3583 2818 3649 2890 b3

247 2889 465 2961 opusc.
506 2895 555 2945 V
722 2914 751 2947 »
864 2912 892 2945 ››
968 2892 1042 2948 de
1064 2892 1357 2961 patientia
1387 2896 1440 2947 et
1468 2892 1824 2947 discretione
1850 2891 2017 2947 liber.
3557 2889 3643 2961 _8I

249 2957 466 3031 opusc.
506 2964 575 3020 VI
720 2984 750 3017 »
866 2984 892 3015 ι
970 2964 1042 3019 de
1065 2957 1401 3019 'elevatione
1437 2964 1645 3019 mentis
1676 2963 1844 3019 liber.
3548 2957 3648 3031 115

254 3029 468 3100 opusc.
508 3036 597 3089 VII
705 3056 733 3088 »
852 3054 881 3085 »
955 3035 1027 3090 de
1049 3038 1299 3089 caritate
1328 3035 1497 3090 liber.
3548 3029 3644 3100 141

252 3099 468 3173 opusc.
510 3106 616 3161 VIII
714 3126 741 3159 »
860 3128 887 3155 »
964 3106 1037 3161 de
1065 3104 1757 3161 libertatementisliber.
3548 3099 3647 3173 9.35

247 3168 463 3247 Opusc.
502 3178 567 3234 1x
702 3177 1215 3247 Apophthegmata
1238 3178 1511 3232 Patrum.
1797 3246 1805 3247 ί
3542 3168 3647 3247 gi?

243 3245 465 3315 Opusc.
506 3251 545 3303 X
700 3242 756 3303 SI
785 3242 1191 3317 Amphilochii
1219 3248 1291 3302 de
1320 3264 1437 3302 non
1478 3246 1842 3315 desperando
1872 3245 2036 3302 liber.
3540 3242 3646 3317 ?§§

241 3313 462 3390 opusc.
501 3319 586 3390 xi
700 3321 770 3373 B.
805 3313 1031 3390 abbatis
1070 3319 1331 3374 Znsimae
1370 3313 1665 3390 Alloquia.
1716 3389 1726 3390 ί
1791 3389 1799 3390 ί
3539 3313 3644 3390 ἓἸὲ

244 3380 468 3459 Opusc.
510 3389 596 3444 XII
707 3390 886 3445 Isaac
915 3389 1048 3459 Syri
1077 3392 1148 3445 de
1178 3380 1629 3459 cogitationibus
1658 3389 1920 3448 libellus.
3541 3380 3647 3459 398

243 3456 467 3527 Opusc.
512 3459 625 3513 XIII
702 3462 793 3531 S,
818 3456 1101 3516 Theodori
1124 3456 1393 3517 Studitae
1422 3464 1712 3531 capitula.
3542 3456 3639 3531 ἑθεὲ

241 3526 468 3599 opusc.
508 3531 620 3585 XIV
696 3530 924 3586 Abbatis
948 3532 1137 3587 Isaiae
1170 3533 1460 3600 capitula.
1494 3526 1507 3531 ”
3539 3526 3644 3600 3.15

240 3595 461 3670 opusc.
506 3604 593 3657 XV
699 3602 757 3657 S.
790 3603 1090 3659 l’hilothei
1118 3604 1191 3658 de
1220 3595 1525 3659 Mandatis
1556 3604 1790 3659 Domini
1810 3603 2146 3659 nostriIesu
2180 3603 2407 3660 Christi
2427 3617 2632 3659 sermo.
3535 3595 3640 3670 326

239 3668 458 3741 Opusc.
504 3673 621 3728 XVI
695 3677 757 3728 S.
797 3674 1086 3731 Theodori
1115 3674 1460 3742 archiepisc.
1494 3675 1748 3731 Edessae
1775 3676 2037 3743 capitula
2072 3674 2194 3730 CII.

238 3736 455 3813 opusc.
496 3745 637 3802 XVII
702 3745 1025 3813 Nicephori
1053 3736 1330 3802 monachi
1353 3748 1425 3800 de
1452 3748 1718 3802 custodia
1748 3736 1942 3801 cordis
1984 3748 2155 3801 liber.
3539 3736 3643 3813 4οέ

239 3807 454 3885 opusc.
498 3817 657 3872 XVIII
706 3807 922 3874 Vita-S.
956 3816 1405 3873 Barlholomaei
1429 3817 2180 3887 abb.Cryptoferratensis.
3536 3807 3640 3862 429

1140 3914 1474 3977 [Sequuntur
1497 3915 1767 3978 Opuscula
1794 3928 1960 3979 pagg.
2002 3916 2162 3970 1-455,
2192 3916 2305 3962 tum
2336 3913 2501 3962 Index
2525 3911 2743 3974 rerum]

328 4090 520 4160 Libri
549 4116 591 4160 a
633 4093 917 4161 Possino
951 4092 1119 4160 editi
1171 4116 1529 4161 censuram
1559 4095 1758 4174 hanc,
1797 4116 1974 4182 quae
2007 4096 2223 4159 exstat
2260 4090 2331 4156 in
2362 4089 2548 4182 Actis
2567 4085 2991 4182 eruditorum
3015 4079 3449 4182 _Lips..[liber
3486 4102 3640 4182 pro-

239 4179 497 4250 hibitus
522 4183 711 4250 decr.
749 4184 835 4249 ab
866 4205 926 4250 a.
968 4184 1137 4248 1685
1157 4184 1243 4249 ad
1277 4184 1560 4269 a.1757]
1596 4206 1657 4248 a.
1699 4168 1867 4249 1683
1905 4204 2120 4248 mens.
2144 4180 2481 4247 Novemb.
2509 4198 2717 4266 pagg.
2745 4174 3063 4253 488-491,
3098 4168 3393 4237 adiicere
3418 4168 3634 4235 lubet.

1147 4325 1484 4380 Thesaurus
1508 4325 1793 4380 asceticus
1825 4324 1944 4381 sive
1970 4327 2288 4391 syntagma
2306 4320 2731 4391 opusculorum

1125 4396 1443 4451 octodecim
1473 4412 1509 4451 a
1541 4394 1771 4451 Graecis
1800 4396 1941 4449 olim
1972 4390 2247 4450 Patribus
2285 4393 2357 4448 de
2388 4407 2453 4447 re
2476 4390 2725 4446 ascetica

1199 4467 1572 4534 scriptorum.
1602 4467 1694 4522 Ea
1726 4482 1887 4521 nunc
1916 4466 2172 4533 primum
2212 4465 2510 4532 prodeunt
2541 4477 2569 4517 e
2600 4476 2690 4516 ve-

1235 4539 1569 4594 tustissimis
1604 4539 1736 4593 Mss.
1759 4537 2055 4593 codicibus
2082 4541 2271 4592 eruta.
2318 4536 2647 4590 Collectore

1340 4617 1519 4681 atque
1554 4609 2072 4732 interpreteIPeti-o
2122 4608 2364 4662 Possino
2402 4606 2536 4661 Soc.

1898 4694 2018 4732 esu.

1898 4694 2018 4735 esu.

1287 4788 1538 4844 Parisiis
1569 4788 1735 4857 apud
1771 4788 1911 4843 Ant.
1944 4787 2261 4843 Dezallier.
2295 4783 2431 4840 1684
2461 4784 2605 4838 ἰη-4.

311 4892 476 4968 Gum,
497 4895 990 4968 quiScriptorum
1006 4895 1314 4963 gentilium
1333 4895 1668 4968 fragmenta
1684 4895 1968 4963 colligunt
1990 4898 2167 4968 atque
2182 4893 2338 4963 typis
2352 4891 2608 4968 publicis
2624 4888 2874 4968 exscribi
2890 4894 3123 4968 curant,
3143 4906 3260 4946 non
3275 4893 3403 4946 leve
3416 4908 3636 4968 operae

241 4967 489 5029 pretium
513 4961 721 5020 fecisse
748 4961 1055 5038 putantur,
1080 4973 1203 5021 tum
1240 4961 1537 5021 maius'illi
1570 4967 1792 5022 laboris
1824 4961 2161 5036 praemium
2191 4961 2473 5038 meruisse
2492 4962 2768 5038 censendi
2796 4967 2952 5038 sunt,
2973 4961 3082 5038 qui
3110 4961 3637 5038 sanctorum—viro-

238 5046 361 5110 rum
396 5031 766 5110 fragmenta?
788 5038 992 5108 pietati
1039 5031 1391 5093 excitandae
1421 5040 1639 5093 idonea
1667 5031 1945 5110 typorum
1973 5052 2154 5110 opera
2184 5037 2446 5110 vidicant
2484 5034 2862 5110 _ab_ipteritu._
2884 5031 3041 5086 Fecit
3072 5033 3125 5110 id
3155 5033 3443 5110 laudabili
3489 5051 3635 5090 sane

238 5102 525 5163 industria
540 5102 985 5163 eruditissimus
999 5109 1297 5165 Possinus.
1312 5112 1456 5164 Nam
1480 5102 1778 5165 Thesauro
1792 5109 1904 5162 hoc
1916 5102 2162 5163 ascetico
2176 5103 2584 5177 duodeviginti
2605 5102 2906 5177 Opuscula
2919 5104 3358 5177 complectitur;
3378 5122 3638 5177 quorum

238 5179 488 5255 sedeci_m
520 5195 593 5255 ex
614 5180 1034 5255 antiquissimo
1066 5182 1367 5255 volumine
1392 5181 1495 5234 Ms.
1529 5196 1743 5249 graeco
1772 5179 2012 5255 triginta
2036 5177 2487 5255 lucubrationes
2510 5176 2583 5255 de
2606 5190 2665 5255 re
2688 5174 3309 5255 asceticacontinente
3332 5174 3439 5231 eta
3458 5178 3639 5255 Fran-

236 5246 379 5321 c_isco
408 5252 703 5305 Turriano
736 5244 793 5305 in
825 5252 1008 5306 domo
1036 5251 1306 5321 professa
1333 5244 1559 5307 Romae
1589 5267 1750 5306 anno
1782 5244 1917 5305 1566
1938 5248 2231 5321 deposito,
2280 5263 2414 5301 cum
2444 5245 2758 5321 _Societa_tis
2792 5249 2916 5300 Iesu
2947 5244 3042 5299 ille
3080 5247 3421 5321 membrum
3452 5248 3634 5313 fieret,

235 5316 563 5396 descripsit.
577 5321 852 5396 _Reliqua_
864 5322 1016 5396 duo,
1036 5314 1257 5396 nempe
1279 5324 1337 5396 δ.
1361 5323 1654 5396 Theodori
1668 5323 1941 5396 Studitae
1954 5314 2250 5396 capitula,
2266 5335 2338 5396 ea
2350 5317 2553 5396 codice
2570 5314 2847 5396 vaticano
2862 5315 3339 5396 peranti_quo,cui
3354 5333 3639 5396 numerus

233 5387 552 5463 inscriptus
577 5393 700 5457 730,
718 5387 773 5447 et
804 5394 988 5448 Vitam
1016 5394 1078 5449 S.
1117 5387 1566 5449 Bartholomaei
1588 5394 1726 5451 abb.
1770 5387 2363 5463 Cryptoferratensis,
2391 5388 2555 5461 quod
2586 5388 2970 5443 ultimumest
2996 5387 3055 5442 in
3086 5387 3199 5443 hoc
3227 5388 3637 5454 volumine,ex

234 5460 763 5587 Criptoferratensi
796 5464 1158 5545 bibliotheca
1196 5466 1547 5535 depromsit.

340 5551 567 5587 rimum
595 5550 873 5587 omnium
904 5543 1157 5587 istorum
1189 5537 1547 5587 Opusculorr

340 5528 567 5617 rimam
595 5535 873 5618 omnium
904 5538 1157 5618 istorum
1189 5528 1627 5618 Qphsciilorum
1661 5540 1752 5618 est
1781 5534 1834 5590 S.
1873 5533 2113 5618 Ioannis
2135 5530 2488 5618 ‘Qhrgstomi
2515 5529 2787 5618 Epistpla
2818 5528 3231 5618 admo'nach‘os
3263 5530 3322 5584 in
3352 5528 3637 5611 Turriano

233 5606 429 5679 codice
462 5606 772 5677 inscripta,
797 5622 980 5678 quam
1016 5600 1328 5679 scripsisse
1354 5606 1519 5662 illum
1548 5610 1737 5677 putat,
1762 5622 1899 5661 cum
1922 5600 2452 5679 Antiochiae’inter
2468 5601 2802 5679 monachos
2834 5600 3402 5679 vixerit,fantequarn
3417 5600 3641 5679 episco-

231 5685 335 5750 pus
345 5677 522 5736 ﬁeret
544 5670 1259 5750 Constanfinopolitanus.
1274 5678 1510 5749 Septem
1536 5670 1828 5748 opuscula
1847 5692 2004 5749 quae
2022 5680 2157 5748 post
2178 5674 2490 5745 laudatam
2504 5671 2833 5746 Epistolam
2854 5670 3325 5742 collocanturgut
3344 5671 3430 5727 De
3449 5676 3637 5729 custo-
