4092 6252
206 314 311 374 353
1130 314 1225 371 AD
1269 310 1659 372 EDITIONEM
1704 310 1882 374 HOM.
1920 313 1978 373 S.
2020 314 2326 377 MACARII
2372 314 2729 382 AEGYPTII.
3526 332 3630 391 35‘

208 442 417 500 Caroli
428 440 1495 509 Guilielmi,cancellario,consiliario
1508 441 1711 497 intimo
1723 448 1776 497 et
1790 442 1952 498 sacri
1963 444 2301 501 consistorii
2309 447 3326 520 praesidi,eminentissimo,patrono
3337 455 3621 527 singular

204 530 1004 598 Macarium,sanctissimum
1024 532 1284 594 Patrem,
1305 536 1485 601 atque
1499 532 1757 601 seipsum
1773 531 2276 604 obsequiosissimo
2293 537 2464 591 cultu
2480 543 2533 592 et
2550 537 2747 594 studio
2767 538 2941 608 offert
2958 539 3349 613 Jo.Georgius
3361 545 3613 603 Pritius.

1700 705 1808 781 Yir
1833 705 2093 764 illustris
2130 707 2155 763 Ι

284 881 482 946 Quum
527 878 626 934 Dei
674 876 893 950 Optimi
938 874 1177 932 Maximi
1216 872 1505 943 singulari
1542 876 1713 935 nutu,
1747 878 1803 929 et
1825 874 2201 930 Serenissimi
2224 876 2427 933 Caroli
2449 878 2756 936 Guilielmi
2781 882 3006 938 summi
3045 883 3340 957 Principis
3373 886 3545 945 iussu
3570 895 3627 946 et

210 967 524 1041 auspiciis,
576 968 710 1023 Tuis
760 971 964 1022 tamen
988 964 1171 1021 etiam
1200 960 1489 1027 consiliis,
1520 961 1734 1033 Lipsia,
1767 978 1799 1017 e
1831 963 2185 1020 charissima
2213 965 2487 1022 omnium
2510 968 2723 1038 patria,
2774 968 2852 1025 ad
2898 971 3286 1030 Servestanos
3343 981 3629 1033 evocatus

209 1058 443 1116 abitum
471 1056 811 1121 meditarer,
839 1052 1272 1111 adducendum
1298 1050 1539 1107 insimul
1562 1050 1898 1107 existimavi
1940 1052 2222 1109 comitem
2253 1055 2660 1111 venerandum
2691 1058 3013 1115 Macarium
3042 1060 3211 1117 illum
3240 1064 3631 1136 Aegyptium,

208 1149 361 1204 inter
390 1146 596 1203 Patres
625 1144 920 1201 Ecclesiae
946 1142 1315 1198 Christianae
1336 1139 1576 1211 pietatis
1598 1140 1898 1196 solidioris
1923 1140 2100 1197 laude
2125 1147 2182 1197 et
2209 1142 2348 1199 viva
2371 1157 2572 1199 rerum
2599 1143 2960 1216 spiritalium
2982 1148 3230 1206 scientia
3246 1149 3632 1224 incompara-

211 1236 420 1292 bilem.
451 1234 640 1302 Quem
665 1232 829 1290 enim
858 1231 1161 1295 dabimus,
1197 1229 1320 1302 qui,
1356 1228 1468 1284 nisi
1507 1228 1853 1285 divinorum
1901 1229 2323 1301 mysteriorum
2351 1246 2388 1286 a
2417 1232 2669 1303 Spiritus
2710 1234 2899 1290 sancti
2932 1236 3125 1304 gratia
3159 1237 3335 1295 fuerit
3364 1241 3629 1311 peculia-

207 1324 347 1381 riter
372 1322 677 1396 particeps
714 1320 926 1387 factus,
955 1320 1031 1376 de
1067 1317 1564 1376 excellentissima
1595 1317 1834 1374 animae
1865 1320 2251 1388 praestantia,
2277 1318 2351 1374 de
2372 1318 2548 1391 lapsu
2572 1320 2837 1377 hominis
2872 1324 3226 1393 miserrimo,
3254 1327 3329 1382 de
3360 1332 3630 1388 extrema

168 1482 169 1485 η
209 1413 531 1470 hominum
556 1413 619 1467 in
650 1410 907 1483 peccatis
929 1407 1253 1466 iacentium
1294 1406 1604 1478 pravitate,
1636 1406 1710 1461 de
1737 1406 1969 1462 insidiis
2015 1407 2282 1463 hostium
2315 1405 2702 1465 infernalium
2728 1415 2783 1465 et
2816 1411 3226 1469 molitionibus
3267 1417 3327 1470 in
3365 1422 3627 1475 mentem

210 1502 551 1559 humanam
576 1497 1121 1572 periculosissimis,
1153 1497 1227 1552 de
1258 1496 1616 1551 suavissimo
1638 1495 1825 1550 divini
1850 1495 2100 1566 Spiritus
2132 1496 2339 1562 ductu,
2373 1497 2447 1552 de
2478 1498 2674 1568 gratia
2700 1499 2825 1563 Dei,
2884 1502 2896 1568 ι
2954 1503 3303 1574 gratiaeque
3341 1520 3378 1560 a
3409 1512 3628 1564 natura

210 1590 613 1661 distinctione,
644 1589 1043 1660 universaque
1067 1584 1276 1642 salutis
1307 1590 1551 1640 nostrae
1572 1585 1929 1640 oeconomia
1950 1584 2204 1640 solidius
2225 1586 2543 1656 scripserit,
2571 1602 2757 1659 quam
2784 1594 3098 1646 veteranus
3120 1590 3214 1646 ille
3240 1592 3392 1649 inter
3417 1594 3625 1652 Christi

212 1679 536 1739 Salvatoris
567 1677 869 1734 ministros
899 1674 1183 1733 Macarius
1211 1672 1240 1727 ‘i
1269 1674 1523 1729 Tantum
1554 1672 1749 1728 virum
1778 1673 1940 1744 quod
1965 1674 2027 1728 in
2058 1673 2392 1745 hospitium
2423 1673 2743 1740 deducam,
2774 1677 2887 1732 nisi
2913 1678 2990 1733 ad
3021 1680 3117 1745 Te,
3152 1680 3237 1734 vir
3261 1680 3628 1738 excellentis-

217 1766 417 1825 sime?
444 1766 668 1840 quippe
686 1767 788 1839 qui
812 1779 924 1837 pro
950 1764 1236 1819 inusitata
1265 1777 1463 1818 rerum
1494 1760 1855 1826 divinarum,
1884 1763 2230 1833 quapolles,
2256 1762 2460 1833 peritia
2482 1778 2546 1818 es
2564 1779 2718 1819 unus
2737 1765 3009 1821 omnium
3036 1769 3296 1824 maxime
3328 1773 3406 1825 ad
3432 1771 3628 1827 existi-

213 1858 511 1916 mandum
543 1858 815 1920 idoneus,
845 1853 1158 1926 quodnam
1181 1851 1255 1905 sit
1283 1856 1400 1906 tam
1432 1849 1665 1904 eximiis
1696 1848 2017 1904 animabus
2049 1850 2431 1906 statuendum
2460 1852 2737 1923 pretium.
2757 1854 2928 1918 Quod
2953 1856 3053 1926 qui
3085 1858 3338 1924 noverit,
3363 1875 3547 1931 quam
3575 1865 3632 1916 et

211 1946 436 2020 cupide
452 1945 767 2017 calidaque
788 1942 932 1999 olim
948 1940 1166 1998 nostris
1189 1939 1376 1996 sacris
1401 1938 1637 1994 dederis
1664 1953 1911 2009 Operam
1927 1954 2113 2010 quam
2136 1939 2372 2010 amplas
2390 1939 2684 1996 interioris
2712 1942 3039 2014 sapientiae
3055 1944 3295 2002 divinae
3318 1948 3631 2019 possideas

214 2036 549 2100 facultates,
564 2049 751 2107 quam
764 2036 821 2088 et
849 2047 1086 2088 morum
1107 2033 1372 2100 praestes
1397 2026 1685 2097 singulari
1707 2027 2058 2097 integritate,
2077 2035 2428 2099 quantoque
2442 2044 2646 2085 amore
2675 2030 2734 2085 in
2766 2032 3049 2103 pietatem
3070 2034 3363 2091 sinceram
3376 2037 3631 2109 eiusque

209 2126 469 2181 cultores
505 2124 730 2187 feraris,
764 2121 928 2176 iuxta
960 2134 1195 2175 mecum
1226 2121 1512 2185 agnoscet
1539 2115 1791 2171 libenter
1820 2122 1876 2170 et
1904 2116 2293 2188 praedicabit.
2327 2117 2457 2172 Mihi
2491 2133 2628 2173 vero
2650 2123 2708 2174 et
2737 2118 2848 2175 ista
2878 2120 3031 2176 ratio
3068 2120 3179 2177 fuit
3207 2123 3267 2177 in
3293 2124 3630 2181 clientelam

211 2218 398 2272 Tuam
433 2211 705 2269 tradendi
724 2210 987 2265 divinum
1010 2206 1328 2263 Macarium
1347 2211 1637 2270 nostrum,
1665 2206 1877 2259 nostris
1904 2204 2430 2277 qualibuscunque
2454 2206 2674 2275 vigiliis
2699 2224 2858 2263 nunc
2877 2210 3058 2280 paulo
3077 2210 3318 2282 politius
3336 2213 3631 2284 prodeun-

209 2310 329 2360 tem
364 2302 425 2358 in
455 2300 788 2373 publicum,
826 2305 885 2353 ut
905 2312 1002 2353 me
1027 2311 1271 2367 quoque
1302 2294 1415 2350 hac
1446 2293 1673 2348 ratione
1696 2294 1965 2349 sisterem
1998 2293 2147 2358 Tibi,
2181 2294 2268 2348 vir
2295 2294 2560 2360 illustris,
2592 2295 2671 2351 ad
2698 2302 2986 2366 perpetua
3006 2300 3265 2371 servitia,
3290 2317 3361 2357 ac
3383 2301 3635 2374 aliquod

214 2398 404 2448 exstet
434 2390 587 2461 grati
615 2388 800 2444 animi
830 2401 975 2455 erga
1000 2388 1074 2440 Te
1092 2387 1523 2439 documentum
1556 2398 1568 2436 :
1605 2382 1697 2437 cui
1718 2382 2013 2453 imprimis
2040 2382 2228 2437 refero
2259 2384 2779 2455 acceptum,quod
2794 2386 2957 2456 apud
2986 2387 3375 2445 Servestanos
3399 2396 3635 2446 vestros

212 2488 268 2537 et
291 2481 353 2536 in
383 2479 635 2535 ecclesia
654 2483 707 2534 et
741 2476 800 2532 in
820 2474 1105 2532 cathedra
1126 2471 1371 2544 publica
1400 2486 1472 2526 ea
1504 2476 1589 2526 tra
1640 2472 1649 2540 |
1704 2470 1882 2526 dendi
1906 2486 2196 2526 concessa
2219 2471 2363 2525 mihi
2394 2472 2468 2526 sit
2488 2472 2760 2539 facultas,
2781 2488 2937 2545 quae
2968 2476 3193 2548 populo
3220 2478 3554 2535 Christiano
3579 2486 3636 2535 et

212 2569 521 2626 studiosae
538 2565 830 2622 iuventuti
861 2561 1095 2635 possint
1119 2576 1247 2617 esse
1268 2559 1345 2616 ad
1378 2561 1558 2614 vitam
1583 2558 1976 2615 Christianam
1992 2565 2148 2614 recte
2177 2559 2633 2629 ingrediendum
2662 2568 2840 2633 atque
2865 2564 3208 2636 colendam,
3234 2581 3304 2622 ac
3322 2567 3399 2622 ad
3427 2584 3633 2624 veram

214 2657 614 2716 eruditionem
654 2650 1131 2725 comparandam
1162 2649 1502 2704 necessaria
1531 2652 1590 2701 et
1630 2647 1829 2716 utilia;
1887 2662 2010 2719 quo
2039 2647 2187 2703 vitae
2217 2662 2329 2717 ego
2368 2662 2585 2717 genere
2618 2650 2879 2706 maxime
2909 2652 3180 2708 omnium
3212 2654 3329 2709 iam
3354 2670 3390 2709 a
3428 2655 3633 2712 multis

213 2747 395 2805 annis
434 2746 821 2800 vehementer
843 2739 1122 2796 delector.
1166 2738 1378 2808 Recipe
1409 2736 1607 2805 igitur,
1638 2737 1724 2791 vir
1754 2735 2013 2801 illustris,
2045 2735 2346 2807 hospitem
2376 2737 2535 2791 hunc
2575 2752 2798 2793 novum
2849 2754 2919 2794 ea
2971 2740 3182 2804 fronte,
3212 2757 3336 2811 qua
3376 2743 3454 2798 ad
3494 2759 3637 2798 sua-

216 2835 533 2892 vissimam
582 2830 1042 2893 humanitatem,
1071 2827 1271 2882 dotem
1303 2826 1427 2880 Tibi
1468 2841 1502 2880 a
1549 2830 1762 2880 natura
1802 2824 2066 2881 faventer
2117 2825 2499 2896 impertitam,
2554 2830 2610 2881 et
2639 2826 3087 2897 elegantissima
3116 2830 3352 2886 vivendi
3406 2834 3636 2889 ratione

217 2923 550 2996 plurimum
569 2926 830 2985 auctam,
854 2915 1247 2987 compositus,
1276 2928 1399 2968 non
1416 2913 1625 2968 doctos
1651 2917 1905 2978 tantum,
1926 2914 2030 2969 sed
2054 2914 2402 2985 praesertim
2422 2913 2657 2985 pietatis
2671 2915 2922 2971 cultores
2944 2917 3022 2972 ad
3043 2924 3431 2990 conspectum
3445 2923 3636 2978 Tuum

215 3008 648 3079 benignissime
677 3006 963 3064 admittis.
999 3004 1213 3074 Recipe
1238 3008 1295 3057 et
1324 3017 1419 3058 me
1452 3003 1507 3056 in
1549 3002 1837 3069 favorem,
1879 3001 1982 3073 qui
2013 3001 2233 3057 enixim
2265 3002 2325 3057 in
2352 3002 2409 3057 id
2455 3004 2746 3069 connitar,
2780 3008 2842 3058 ut
2876 3005 3097 3076 quibus
3130 3007 3482 3064 muneribus
3511 3012 3634 3066 Tuo

225 3098 520 3155 beneﬁcio
560 3097 888 3169 praeficior,
911 3091 1269 3149 satisfaciam
1301 3105 1558 3162 semper,
1598 3095 1655 3145 et
1693 3089 1767 3145 de
1798 3094 1991 3146 cetero
2019 3090 2484 3163 quibuscunque
2514 3092 2741 3163 possim
2774 3091 2983 3148 officiis
3015 3093 3092 3149 ad
3119 3094 3215 3165 Te,
3255 3096 3340 3152 vir
3369 3097 3638 3156 eminen-

220 3186 477 3253 tissime,
510 3184 847 3242 ornandum
885 3183 1000 3237 sim
1040 3180 1485 3254 paratissimus.
1526 3178 1689 3235 Vale.
1721 3179 1949 3250 Lipsiae
1978 3179 2036 3233 in
2065 3179 2231 3235 abitu
2262 3194 2394 3235 meo
2426 3180 2545 3235 Cal.
2577 3180 2821 3238 Octobr.
2864 3185 2930 3235 A.
2958 3183 3026 3239 Ο.
3053 3182 3122 3237 R.
3151 3183 3238 3239 clo
3267 3183 3357 3241 loc
3386 3186 3626 3244 XCVIII.

321 3305 330 3372 |
386 3303 618 3358 Lectori
640 3300 933 3357 Benenato
951 3314 1015 3353 sa
1025 3298 1207 3353 lutem
1217 3296 1359 3352 dicit
1381 3296 1464 3352 lo.
1486 3294 1771 3365 Georgius
1790 3295 2031 3360 Pritius,
2048 3294 2153 3351 SS.
2187 3295 2534 3365 Theologiae
2549 3296 2910 3353 Licentiatus
2930 3303 2984 3354 et
2996 3300 3307 3368 professor
3324 3300 3638 3357 Publicus.

293 3391 672 3460 Evulgamus
701 3388 816 3452 hic,
843 3387 999 3458 quod
1026 3387 1179 3442 Deus
1195 3386 1469 3456 faustum
1487 3399 1607 3441 esse
1637 3384 1856 3449 iubeat,
1888 3384 1952 3438 in
1981 3384 2274 3440 Ecclesiae
2298 3398 2587 3455 veraeque
2609 3386 2849 3455 pietatis
2874 3388 3278 3445 studiosorum
3320 3389 3637 3447 utilitatem

218 3477 510 3543 Macarii,
521 3478 772 3533 Patrum
786 3474 1195 3546 antiquissimi,
1208 3472 1516 3537 Homilias,
1531 3474 1702 3529 rebus
1719 3474 1933 3543 optima
1941 3487 1969 3528 e
1974 3472 2177 3543 frugis
2191 3472 2258 3527 di
2263 3472 2597 3545 vinissimaq
2605 3489 2675 3530 ue
2687 3476 2970 3544 mysteria
2983 3491 3151 3547 comp
3160 3478 3308 3534 lexis
3322 3478 3425 3548 ref
3421 3481 3643 3536 ertissi-

218 3569 600 3639 mas.Dequa
612 3579 767 3621 nova
781 3564 1032 3621 editione
1045 3569 1108 3620 ut
1133 3564 1338 3619 lectori
1355 3564 1543 3632 paulo
1559 3562 1905 3618 accuratius
1919 3566 2139 3618 constet
2150 3605 2164 3627 ,
2197 3568 2372 3618 erunt
2412 3563 2787 3634 aliqua,licet
2802 3564 3639 3636 brevissimis,praemittenda,

219 3664 544 3729 antequam
560 3653 641 3711 ad
654 3654 957 3711 lectionem
972 3652 1114 3708 libri
1128 3650 1420 3708 utilissimi
1432 3651 1701 3707 admittat
1709 3650 2239 3713 ur.Editionem.ut
2251 3651 2868 3721 apparet,Francofur
2880 3658 3286 3726 tanam,quam
3301 3655 3640 3712 Zacharias

218 3746 584 3804 Palthenius
608 3759 768 3801 anno
805 3741 1033 3800 saeculi
1058 3741 1382 3809 superioris
1400 3739 1778 3810 nonagesimo
1799 3746 2015 3811 quarto
2033 3740 2458 3808 adornaverat,
2491 3740 2869 3810 repetivimus
2896 3742 3130 3812 quidem
3162 3765 3185 3812 ,-
3230 3745 3334 3801 sed
3369 3750 3435 3800 ut
3460 3747 3643 3814 paulo

224 3837 478 3893 comtior
508 3838 704 3890 tamen
714 3832 989 3903 prodiret
1017 3830 1475 3887 elaboravimus.
1489 3829 1641 3886 Nam
1656 3843 1935 3899 graecum
1952 3832 2073 3885 text
2081 3844 2178 3885 um
2197 3834 2482 3885 accurato
2494 3829 2691 3885 studio
2721 3832 3055 3899 revisimus,
3072 3833 3324 3889 sublatis
3352 3833 3491 3890 hinc
3508 3835 3647 3891 inde

222 3923 477 3991 mendis,
509 3938 662 3994 quae
687 3922 751 3977 in
769 3922 1029 3991 priorem
1060 3918 1373 3976 editionem
1401 3918 1791 3987 irrepserunt.
1816 3916 1928 3973 Ubi
1951 3916 2186 3988 quidem
2220 3919 2282 3972 in
2304 3934 2373 3974 vo
2425 3918 2437 3987 |
2498 3917 2569 3972 tis
2596 3917 2761 3973 nobis
2778 3918 3011 3988 fuisset,
3040 3923 3101 3974 ut
3129 3920 3209 3976 ad
3241 3936 3454 3978 manus
3479 3922 3646 3979 nobis

223 4014 415 4072 codex
438 4011 755 4069 exstitisset
774 4025 960 4066 manu
989 4015 1298 4073 exaratus,
1321 4023 1502 4079 quum
1534 4005 1759 4063 alicubi
1776 4006 1920 4061 satis
1942 4012 2085 4062 esset
2114 4006 2520 4075 manifestum,
2553 4006 2857 4062 lectionem
2882 4008 3025 4062 libri
3048 4010 3253 4065 excusi
3270 4010 3334 4064 in
3374 4010 3513 4066 vitio
3536 4027 3641 4067 cu-

228 4101 608 4159 bare.Multis
632 4100 697 4154 id
710 4098 851 4155 locis
873 4103 1063 4167 posset
1074 4096 1432 4161 ostendi,sed
1451 4111 1635 4151 unum
1658 4096 1867 4151 saltem
1895 4095 2232 4164 speciminis
2246 4095 2373 4149 loco
2395 4094 2638 4163 adferre
2657 4095 2941 4164 sufﬁciat.
2960 4098 3224 4154 Homilia
3250 4098 3305 4154 Χ
3319 4114 3383 4169 p.
3408 4099 3506 4153 221
3530 4099 3648 4155 edi-

227 4192 407 4248 tionis
438 4188 972 4257 Francofurtanae
990 4187 1162 4242 nullo
1185 4200 1358 4241 sensu
1389 4184 1608 4255 legitur
1632 4183 1843 4235 ἐκπεινεῑ

2035 4179 2173 4253 διψᾷ
2192 4183 2522 4255 ὑπάρχουσι,
2540 4183 2601 4237 in
2630 4199 2883 4254 quorum
2914 4185 3225 4241 verborum
3259 4188 3450 4242 locum
3484 4202 3644 4255 repo-

228 4280 462 4336 suimus
492 4276 541 4330 ἓν
570 4277 718 4350 πείνῃ
747 4295 839 4328 και
871 4272 905 4328 δ
912 4274 1003 4348 tibi)
1038 4276 1368 4349 ὑπάρχουσι.
1405 4272 1683 4340 Quamvis
1712 4287 1820 4329 nec

2034 4289 2046 4326 ς
2085 4275 2482 4341 congruenter
2512 4271 2629 4341 legi
2656 4272 2840 4341 possit
2869 4275 3092 4326 ἓκπεινοι
3121 4279 3210 4326 καὶ
3238 4272 3470 4346 ἔκδιψοι,
3499 4292 3650 4347 quae

231 4369 418 4426 verba
424 4368 612 4439 paulo
624 4372 752 4435 post
763 4365 958 4433 inipso
970 4379 1196 4437 quoque
1209 4369 1483 4419 contextu
1496 4368 1836 4418 occurrunt.
1852 4361 1960 4418 Ubi
1971 4375 2109 4431 ergo
2121 4365 2176 4417 et
2188 4361 2556 4430 manifestum
2563 4360 2893 4430 fuit,verba
2906 4363 3167 4419 auctoris
3202 4379 3323 4421 esse
3339 4370 3647 4435 corrupta,

233 4456 625 4525 etmanifesta
647 4469 879 4527 quoque
890 4452 1317 4510 emendationis
1348 4451 1506 4507 ratio
1528 4451 1749 4519 patuit,
1780 4450 2137 4506 tentavimus
2152 4456 2451 4505 auctorem
2462 4448 2578 4504 sibi
2590 4451 2913 4506 restituere.
2944 4452 3262 4522 Aliquibus
3281 4468 3413 4509 vero
3430 4453 3493 4509 in
3510 4454 3654 4510 locis

240 4545 524 4602 Cotelerii
537 4544 851 4615 diligentia
866 4542 1030 4598 nobis
1040 4540 1407 4605 inserviit,ea:
1418 4538 1831 4607 manuscriptis
1846 4537 2138 4593 codicibus
2150 4537 2212 4593 in
2233 4536 2529 4594 Ecclesiae
2543 4538 2800 4595 Graecae
2810 4539 2947 4595 Man
2958 4543 3222 4606 umentis,
3234 4557 3385 4613 quae
3398 4543 3655 4599 Parisiis

242 4635 431 4691 lucem
447 4631 1129 4703 adspexerunt,subinde
1142 4632 1446 4686 variantes
1462 4628 1733 4685 lectiones
1747 4627 2263 4698 adnotantis,quas
2281 4629 2373 4683 vel
2384 4627 2444 4682 in
2462 4631 2682 4683 textum
2699 4629 3024 4697 recepimus
3041 4631 3135 4686 vel
3144 4631 3225 4687 ad
3238 4632 3394 4687 latus
3408 4632 3657 4688 adnota-

246 4723 457 4778 vimus.
488 4720 701 4778 Latina
724 4722 913 4777 versio
931 4722 1263 4776 miserrime
1293 4718 1532 4774 omnino
1561 4732 1620 4773 se
1652 4716 1928 4779 habebat,
1955 4715 2102 4772 adeo
2129 4716 2387 4787 quidem,
2423 4722 2487 4771 ut
2518 4716 2721 4772 multis
2750 4716 2812 4772 in
2839 4719 2982 4773 locis
3011 4719 3192 4787 foeda
3239 4720 3586 4791 scribligine
3605 4726 3657 4777 et

247 4809 632 4867 barbarismis
651 4810 941 4874 horreret,
974 4824 1081 4865 nec
1109 4807 1446 4876 saepissime
1472 4822 1672 4862 verum
1692 4804 1951 4861 Macarii
1968 4819 2200 4860 sensum
2219 4805 2599 4873 exprimeret.
2629 4806 2905 4862 Dedimus
2918 4807 3108 4878 igitur
3138 4824 3401 4877 operam,
3445 4815 3569 4865 tum
3595 4816 3657 4866 ut

238 4899 434 4971 paulo
464 4900 647 4969 magis
668 4899 918 4955 Latinus
944 4896 1018 4952 sit
1044 4898 1364 4965 interpres,
1387 4900 1512 4951 tum
1534 4901 1599 4948 ut
1616 4894 1875 4962 ﬁdelius,
1903 4908 2057 4965 quae
2073 4892 2320 4949 senserit
2336 4893 2461 4963 ipse
2488 4900 2716 4959 auctor,
2742 4910 2846 4951 suo
2871 4911 3138 4953 sermone
3154 4897 3665 4967 exhibeat.0uan-

241 5004 426 5062 quam
486 4990 498 5057 Ι
547 5002 655 5044 nec
672 4988 758 5043 sic
778 4986 1013 5058 quidem
1028 4985 1321 5054 possimus
1344 4983 1653 5055 spondere,
1673 4982 2139 5051 nihilsuperesse
2153 4981 2216 5036 in
2240 4982 2506 5038 versione
2518 4983 2800 5053 amplius,
2829 4984 2988 5054 quod
3006 4986 3314 5042 emendari
3338 4994 3658 5054 mereatur,

240 5094 424 5151 quum
446 5076 527 5133 sit
546 5076 973 5147 difﬁcilimum,
1006 5089 1159 5145 quae
1180 5077 1427 5143 peccata
1448 5079 1590 5128 sunt
1615 5072 1689 5127 ab
1712 5071 1869 5139 aliis,
1901 5071 1988 5128 ita
2008 5072 2183 5139 plene
2202 5071 2536 5137 sustollere,
2568 5075 2631 5126 ut
2683 5074 2893 5127 nullus
2917 5074 3181 5141 amplius
3209 5090 3431 5132 naevus
3477 5093 3665 5147 appa-

241 5172 395 5223 reat.
428 5168 518 5222 Ac
547 5164 698 5220 mihi
725 5163 962 5236 quidem
988 5161 1242 5231 facilius
1276 5162 1447 5231 longe
1468 5160 1783 5217 videbatur
1806 5160 1958 5230 fore,
1985 5173 2200 5215 novam
2232 5161 2593 5216 concinnare
2616 5161 2954 5232 versionem,
2986 5178 3164 5234 quam
3213 5168 3459 5221 veterem
3489 5166 3664 5222 illam

245 5259 325 5313 tot
358 5254 503 5312 locis
528 5254 950 5323 incongruam,
973 5256 1029 5307 et
1058 5251 1214 5307 male
1239 5250 1503 5307 auctoris
1520 5249 1704 5306 menti
1715 5248 2164 5315 respondentem
2191 5247 2509 5318 corrigere.
2543 5249 2791 5305 Textum
2815 5249 2877 5305 in
2904 5252 3184 5308 sectiones
3216 5253 3664 5324 dispescuimus,

242 5344 634 5415 interpretem
646 5341 1055 5413 germanicum
1082 5354 1151 5396 ea
1174 5338 1239 5395 in
1253 5354 1318 5395 re
1346 5341 1549 5408 secuti,
1572 5346 1633 5393 ut
1650 5338 1939 5401 videlicet,
1955 5337 2059 5409 qui
2068 5336 2477 5406 germanicum
2489 5336 2695 5393 idiona
2712 5354 2843 5394 cum
2856 5353 3075 5408 graeca
3102 5341 3365 5396 auctoris
3396 5343 3670 5399 oratione

246 5435 529 5504 conferre
545 5431 812 5501 cupiant,
843 5429 1003 5501 quod
1026 5434 1347 5501 quaerunt,
1371 5427 1646 5498 faciliori
1670 5426 1901 5496 negotio
1922 5424 2189 5482 invenire
2198 5425 2445 5492 possint,
2465 5441 2573 5482 nec
2585 5426 2924 5498 ceteroquin
2959 5427 3165 5499 aliqua
3188 5429 3427 5485 oriatur
3454 5432 3671 5488 exinde

246 5524 544 5592 confusio.
556 5519 836 5588 Quamvis
848 5534 968 5574 non
982 5532 1185 5588 negem
1194 5518 1340 5580 us,si
1361 5519 1567 5572 nostra
1583 5516 1854 5571 libertate
1866 5515 1955 5569 uti
1968 5514 2062 5570 hic
2090 5514 2256 5570 nobis
2269 5515 2477 5570 datum
2502 5514 2925 5582 fuisset,aliam
2939 5532 3047 5572 nos
3078 5518 3245 5573 haud
3256 5517 3672 5590 infrequenter

241 5608 658 5681 distinguendi
686 5607 982 5663 rationem
996 5606 1190 5676 fuisse
1210 5611 1532 5661 secuturos.
1561 5605 1935 5673 Argumenta
1964 5602 2236 5658 Homitiis
2255 5602 2397 5671 ipsis
2412 5603 2741 5673 praemissa
2766 5604 3117 5661 retinuimus
3137 5606 3671 5677 quidem,quamvis

244 5716 367 5759 non
395 5698 592 5772 ipsius
617 5697 737 5753 sint
765 5694 1043 5761 Macarii,
1069 5694 1173 5750 sed
1184 5694 1433 5751 alterius
1462 5692 1771 5749 cuiusdam
1790 5690 2071 5758 auctoris,
2087 5690 2284 5761 inepte
2307 5693 2541 5762 saepius
2564 5691 2825 5765 Macarii
2838 5698 3089 5751 mentem
3105 5692 3169 5749 in
3193 5707 3428 5751 summa
3452 5710 3671 5765 propo-

549 5831 799 5887 PATROL.
839 5827 945 5886 Gn.
984 5827 1232 5886 XXXIV.
3327 5823 3392 5877 12
