  <div class='ocr_page' id='page_1' title='image "/cluster/home/n/w/nwhite01/storage/ocr_20150623/34/mdp.39015041165401/201.png"; bbox 0 0 4092 6252; ppageno 0'>
   <div class='ocr_carea' id='block_1_1' title="bbox 458 258 565 315">
    <p class='ocr_par' dir='ltr' id='par_1_1' title="bbox 458 258 565 315">
     <span class='ocr_line' id='line_1_1' title="bbox 458 258 565 315; baseline 0.009 -1"><span class='ocrx_word' id='word_1_1' title='bbox 458 258 565 315; x_wconf 79' lang='grc'><strong>343</strong></span> 
     </span>
    </p>
   </div>
   <div class='ocr_carea' id='block_1_2' title="bbox 1596 261 2699 318">
    <p class='ocr_par' dir='ltr' id='par_1_2' title="bbox 1596 261 2699 318">
     <span class='ocr_line' id='line_1_2' title="bbox 1596 261 2699 318; baseline 0 -1"><span class='ocrx_word' id='word_1_2' title='bbox 1596 262 1807 318; x_wconf 82' lang='lat' dir='ltr'><strong>PETRI</strong></span> <span class='ocrx_word' id='word_1_3' title='bbox 1847 262 2123 318; x_wconf 87' lang='lat' dir='ltr'><strong>POSSINI</strong></span> <span class='ocrx_word' id='word_1_4' title='bbox 2161 261 2699 318; x_wconf 80' lang='lat' dir='ltr'><strong>PROLEGOMENA</strong></span> 
     </span>
    </p>
   </div>
   <div class='ocr_carea' id='block_1_3' title="bbox 3751 265 3860 321">
    <p class='ocr_par' dir='ltr' id='par_1_3' title="bbox 3751 265 3860 321">
     <span class='ocr_line' id='line_1_3' title="bbox 3751 265 3860 321; baseline 0 0"><span class='ocrx_word' id='word_1_5' title='bbox 3751 265 3860 321; x_wconf 75' lang='grc'><strong>344</strong></span> 
     </span>
    </p>
   </div>
   <div class='ocr_carea' id='block_1_4' title="bbox 461 382 3868 466">
    <p class='ocr_par' dir='ltr' id='par_1_4' title="bbox 461 382 3868 466">
     <span class='ocr_line' id='line_1_4' title="bbox 461 382 3868 466; baseline 0.001 -26"><span class='ocrx_word' id='word_1_6' title='bbox 461 398 598 440; x_wconf 90' lang='lat' dir='ltr'><strong>vero</strong></span> <span class='ocrx_word' id='word_1_7' title='bbox 625 398 777 453; x_wconf 89' lang='lat' dir='ltr'><strong>quae</strong></span> <span class='ocrx_word' id='word_1_8' title='bbox 797 382 949 440; x_wconf 90' lang='lat' dir='ltr'><strong>citra</strong></span> <span class='ocrx_word' id='word_1_9' title='bbox 964 385 1331 453; x_wconf 78' lang='lat' dir='ltr'><strong>scripturam</strong></span> <span class='ocrx_word' id='word_1_10' title='bbox 1361 387 1637 457; x_wconf 82' lang='lat' dir='ltr'><strong>comperi,</strong></span> <span class='ocrx_word' id='word_1_11' title='bbox 1657 402 1761 455; x_wconf 85' lang='lat' dir='ltr'><strong>per</strong></span> <span class='ocrx_word' id='word_1_12' title='bbox 1789 388 1989 445; x_wconf 81' lang='lat' dir='ltr'><strong>literas</strong></span> <span class='ocrx_word' id='word_1_13' title='bbox 2007 403 2103 443; x_wconf 89' lang='lat' dir='ltr'><strong>cu-</strong></span> <span class='ocrx_word' id='word_1_14' title='bbox 2136 387 2181 441; x_wconf 84' lang='lat' dir='ltr'><strong>A</strong></span> <span class='ocrx_word' id='word_1_15' title='bbox 2214 402 2319 441; x_wconf 88' lang='lat' dir='ltr'><strong>cur</strong></span> <span class='ocrx_word' id='word_1_16' title='bbox 2338 385 2365 439; x_wconf 77' lang='lat' dir='ltr'><strong>i‘</strong></span> <span class='ocrx_word' id='word_1_17' title='bbox 2390 386 2503 441; x_wconf 87' lang='lat' dir='ltr'><strong>nisi</strong></span> <span class='ocrx_word' id='word_1_18' title='bbox 2537 389 2699 460; x_wconf 86' lang='lat' dir='ltr'><strong>quod</strong></span> <span class='ocrx_word' id='word_1_19' title='bbox 2724 389 3059 448; x_wconf 89' lang='lat' dir='ltr'><strong>Palaestina</strong></span> <span class='ocrx_word' id='word_1_20' title='bbox 3084 408 3154 449; x_wconf 92' lang='lat' dir='ltr'><strong>eo</strong></span> <span class='ocrx_word' id='word_1_21' title='bbox 3186 409 3378 466; x_wconf 89' lang='lat' dir='ltr'><strong>usque</strong></span> <span class='ocrx_word' id='word_1_22' title='bbox 3396 391 3668 465; x_wconf 83' lang='lat' dir='ltr'><strong>protendi</strong></span> <span class='ocrx_word' id='word_1_23' title='bbox 3698 390 3868 445; x_wconf 86' lang='lat' dir='ltr'><strong>vide-</strong></span> 
     </span>
    </p>
   </div>
   <div class='ocr_carea' id='block_1_5' title="bbox 460 474 2101 548">
    <p class='ocr_par' dir='ltr' id='par_1_5' title="bbox 460 474 2101 548">
     <span class='ocr_line' id='line_1_5' title="bbox 460 474 2101 548; baseline 0.001 -19"><span class='ocrx_word' id='word_1_24' title='bbox 460 474 984 541; x_wconf 81' lang='lat' dir='ltr'><strong>ravinota/acere.</strong></span> <span class='ocrx_word' id='word_1_25' title='bbox 1004 474 1227 529; x_wconf 89' lang='lat' dir='ltr'><strong>Iudicia</strong></span> <span class='ocrx_word' id='word_1_26' title='bbox 1242 475 1377 530; x_wconf 91' lang='lat' dir='ltr'><strong>hinc</strong></span> <span class='ocrx_word' id='word_1_27' title='bbox 1404 491 1717 547; x_wconf 86' lang='lat' dir='ltr'><strong>exsequar,</strong></span> <span class='ocrx_word' id='word_1_28' title='bbox 1734 477 1955 548; x_wconf 89' lang='lat' dir='ltr'><strong>quibus</strong></span> <span class='ocrx_word' id='word_1_29' title='bbox 1976 492 2101 531; x_wconf 93' lang='lat' dir='ltr'><strong>mo-</strong></span> 
     </span>
    </p>
   </div>
   <div class='ocr_carea' id='block_1_6' title="bbox 458 562 2101 637">
    <p class='ocr_par' dir='ltr' id='par_1_6' title="bbox 458 562 2101 637">
     <span class='ocr_line' id='line_1_6' title="bbox 458 562 2101 637; baseline 0.002 -20"><span class='ocrx_word' id='word_1_30' title='bbox 458 578 606 617; x_wconf 87' lang='lat' dir='ltr'><strong>veor</strong></span> <span class='ocrx_word' id='word_1_31' title='bbox 623 562 698 617; x_wconf 88' lang='lat' dir='ltr'><strong>ad</strong></span> <span class='ocrx_word' id='word_1_32' title='bbox 719 562 1114 633; x_wconf 90' lang='lat' dir='ltr'><strong>opinandum,</strong></span> <span class='ocrx_word' id='word_1_33' title='bbox 1135 563 1346 619; x_wconf 90' lang='lat' dir='ltr'><strong>horum</strong></span> <span class='ocrx_word' id='word_1_34' title='bbox 1363 571 1664 620; x_wconf 81' lang='lat' dir='ltr'><strong>auctorem</strong></span> <span class='ocrx_word' id='word_1_35' title='bbox 1689 565 2101 637; x_wconf 85' lang='lat' dir='ltr'><strong>Alloquiorum</strong></span> 
     </span>
    </p>
   </div>
   <div class='ocr_carea' id='block_1_7' title="bbox 459 651 2102 716">
    <p class='ocr_par' dir='ltr' id='par_1_7' title="bbox 459 651 2102 716">
     <span class='ocr_line' id='line_1_7' title="bbox 459 651 2102 716; baseline 0.002 -10"><span class='ocrx_word' id='word_1_36' title='bbox 459 651 757 706; x_wconf 90' lang='lat' dir='ltr'><strong>Zosimam</strong></span> <span class='ocrx_word' id='word_1_37' title='bbox 788 666 908 705; x_wconf 92' lang='lat' dir='ltr'><strong>non</strong></span> <span class='ocrx_word' id='word_1_38' title='bbox 932 651 1113 707; x_wconf 91' lang='lat' dir='ltr'><strong>alium</strong></span> <span class='ocrx_word' id='word_1_39' title='bbox 1137 667 1267 706; x_wconf 90' lang='lat' dir='ltr'><strong>esse</strong></span> <span class='ocrx_word' id='word_1_40' title='bbox 1286 653 1358 708; x_wconf 87' lang='lat' dir='ltr'><strong>ab</strong></span> <span class='ocrx_word' id='word_1_41' title='bbox 1388 668 1479 716; x_wconf 90' lang='lat' dir='ltr'><strong>eo,</strong></span> <span class='ocrx_word' id='word_1_42' title='bbox 1499 654 1592 708; x_wconf 93' lang='lat' dir='ltr'><strong>cui</strong></span> <span class='ocrx_word' id='word_1_43' title='bbox 1626 655 1754 709; x_wconf 90' lang='lat' dir='ltr'><strong>testi</strong></span> <span class='ocrx_word' id='word_1_44' title='bbox 1786 656 1963 709; x_wconf 91' lang='lat' dir='ltr'><strong>unico</strong></span> <span class='ocrx_word' id='word_1_45' title='bbox 1989 656 2102 709; x_wconf 87' lang='lat' dir='ltr'><strong>Ma-</strong></span> 
     </span>
    </p>
   </div>
   <div class='ocr_carea' id='block_1_8' title="bbox 457 740 2101 811">
    <p class='ocr_par' dir='ltr' id='par_1_8' title="bbox 457 740 2101 811">
     <span class='ocr_line' id='line_1_8' title="bbox 457 740 2101 811; baseline 0.002 -17"><span class='ocrx_word' id='word_1_46' title='bbox 457 740 582 795; x_wconf 88' lang='lat' dir='ltr'><strong>riae</strong></span> <span class='ocrx_word' id='word_1_47' title='bbox 604 740 1001 811; x_wconf 78' lang='lat' dir='ltr'><strong>Aegyptiacae</strong></span> <span class='ocrx_word' id='word_1_48' title='bbox 1018 740 1286 795; x_wconf 90' lang='lat' dir='ltr'><strong>notitiam</strong></span> <span class='ocrx_word' id='word_1_49' title='bbox 1310 741 1489 796; x_wconf 90' lang='lat' dir='ltr'><strong>debet</strong></span> <span class='ocrx_word' id='word_1_50' title='bbox 1511 742 1786 807; x_wconf 85' lang='lat' dir='ltr'><strong>Ecclesia,</strong></span> <span class='ocrx_word' id='word_1_51' title='bbox 1809 743 1961 797; x_wconf 84' lang='lat' dir='ltr'><strong>sicut</strong></span> <span class='ocrx_word' id='word_1_52' title='bbox 1989 744 2101 797; x_wconf 87' lang='lat' dir='ltr'><strong>An-</strong></span> 
     </span>
    </p>
   </div>
   <div class='ocr_carea' id='block_1_9' title="bbox 460 828 1353 900">
    <p class='ocr_par' dir='ltr' id='par_1_9' title="bbox 460 828 1353 900">
     <span class='ocr_line' id='line_1_9' title="bbox 460 828 1353 900; baseline 0.002 -17"><span class='ocrx_word' id='word_1_53' title='bbox 460 828 622 884; x_wconf 88' lang='lat' dir='ltr'><strong>tonio</strong></span> <span class='ocrx_word' id='word_1_54' title='bbox 651 828 808 884; x_wconf 87' lang='lat' dir='ltr'>Pauli</span> <span class='ocrx_word' id='word_1_55' title='bbox 842 829 1016 900; x_wconf 85' lang='lat' dir='ltr'>primi</span> <span class='ocrx_word' id='word_1_56' title='bbox 1054 829 1353 885; x_wconf 88' lang='lat' dir='ltr'><strong>eremitae.</strong></span> 
     </span>
    </p>
   </div>
   <div class='ocr_carea' id='block_1_10' title="bbox 525 952 2104 1027">
    <p class='ocr_par' dir='ltr' id='par_1_10' title="bbox 525 952 2104 1027">
     <span class='ocr_line' id='line_1_10' title="bbox 525 952 2104 1027; baseline 0.003 -20"><span class='ocrx_word' id='word_1_57' title='bbox 525 952 790 1008; x_wconf 88' lang='lat' dir='ltr'><strong>Primum</strong></span> <span class='ocrx_word' id='word_1_58' title='bbox 814 970 832 1007; x_wconf 96' lang='lat'><em>:</em></span> <span class='ocrx_word' id='word_1_59' title='bbox 864 952 1128 1008; x_wconf 90' lang='lat' dir='ltr'><strong>detector</strong></span> <span class='ocrx_word' id='word_1_60' title='bbox 1154 952 1521 1010; x_wconf 85' lang='lat' dir='ltr'><strong>latebrarum</strong></span> <span class='ocrx_word' id='word_1_61' title='bbox 1562 957 1961 1027; x_wconf 80' lang='lat' dir='ltr'><strong>Aegyptiacae</strong></span> <span class='ocrx_word' id='word_1_62' title='bbox 1991 958 2104 1011; x_wconf 88' lang='lat' dir='ltr'><strong>Ma-</strong></span> 
     </span>
    </p>
   </div>
   <div class='ocr_carea' id='block_1_11' title="bbox 454 1041 2104 1113">
    <p class='ocr_par' dir='ltr' id='par_1_11' title="bbox 454 1041 2104 1113">
     <span class='ocr_line' id='line_1_11' title="bbox 454 1041 2104 1113; baseline 0.001 -16"><span class='ocrx_word' id='word_1_63' title='bbox 454 1042 577 1097; x_wconf 87' lang='lat' dir='ltr'><strong>riae</strong></span> <span class='ocrx_word' id='word_1_64' title='bbox 607 1041 889 1107; x_wconf 90' lang='lat' dir='ltr'><strong>Zosimas,</strong></span> <span class='ocrx_word' id='word_1_65' title='bbox 922 1057 958 1097; x_wconf 91' lang='lat' dir='ltr'><strong>a</strong></span> <span class='ocrx_word' id='word_1_66' title='bbox 986 1057 1172 1113; x_wconf 90' lang='lat' dir='ltr'><strong>puero</strong></span> <span class='ocrx_word' id='word_1_67' title='bbox 1232 1043 1481 1099; x_wconf 90' lang='lat' dir='ltr'><strong>traditus</strong></span> <span class='ocrx_word' id='word_1_68' title='bbox 1522 1046 1884 1100; x_wconf 84' lang='lat' dir='ltr'><strong>monasticae</strong></span> <span class='ocrx_word' id='word_1_69' title='bbox 1932 1045 2104 1100; x_wconf 88' lang='lat' dir='ltr'><strong>disci-</strong></span> 
     </span>
    </p>
   </div>
   <div class='ocr_carea' id='block_1_12' title="bbox 454 1130 2103 1202">
    <p class='ocr_par' dir='ltr' id='par_1_12' title="bbox 454 1130 2103 1202">
     <span class='ocr_line' id='line_1_12' title="bbox 454 1130 2103 1202; baseline 0.003 -17"><span class='ocrx_word' id='word_1_70' title='bbox 454 1131 655 1202; x_wconf 87' lang='lat' dir='ltr'><strong>plinae</strong></span> <span class='ocrx_word' id='word_1_71' title='bbox 669 1131 727 1186; x_wconf 93' lang='lat' dir='ltr'><strong>in</strong></span> <span class='ocrx_word' id='word_1_72' title='bbox 745 1130 1015 1202; x_wconf 88' lang='lat' dir='ltr'><strong>quodam</strong></span> <span class='ocrx_word' id='word_1_73' title='bbox 1028 1131 1320 1187; x_wconf 91' lang='lat' dir='ltr'><strong>coenobio</strong></span> <span class='ocrx_word' id='word_1_74' title='bbox 1336 1131 1789 1199; x_wconf 85' lang='lat' dir='ltr'><strong>Palaestinae,in</strong></span> <span class='ocrx_word' id='word_1_75' title='bbox 1805 1149 1874 1189; x_wconf 92' lang='lat' dir='ltr'><strong>eo</strong></span> <span class='ocrx_word' id='word_1_76' title='bbox 1890 1132 2103 1190; x_wconf 86' lang='lat' dir='ltr'><strong>lauda-</strong></span> 
     </span>
    </p>
   </div>
   <div class='ocr_carea' id='block_1_13' title="bbox 452 1218 2103 1294">
    <p class='ocr_par' dir='ltr' id='par_1_13' title="bbox 452 1218 2103 1294">
     <span class='ocr_line' id='line_1_13' title="bbox 452 1218 2103 1294; baseline 0.002 -20"><span class='ocrx_word' id='word_1_77' title='bbox 452 1218 681 1275; x_wconf 90' lang='lat' dir='ltr'><strong>tissime</strong></span> <span class='ocrx_word' id='word_1_78' title='bbox 708 1221 890 1275; x_wconf 86' lang='lat' dir='ltr'><strong>vitam</strong></span> <span class='ocrx_word' id='word_1_79' title='bbox 923 1221 1249 1275; x_wconf 89' lang='lat' dir='ltr'><strong>asceticam</strong></span> <span class='ocrx_word' id='word_1_80' title='bbox 1282 1222 1544 1277; x_wconf 85' lang='lat' dir='ltr'><strong>exercuit</strong></span> <span class='ocrx_word' id='word_1_81' title='bbox 1568 1238 1672 1292; x_wconf 90' lang='lat' dir='ltr'><strong>per</strong></span> <span class='ocrx_word' id='word_1_82' title='bbox 1697 1238 1890 1278; x_wconf 89' lang='lat' dir='ltr'><strong>annos</strong></span> <span class='ocrx_word' id='word_1_83' title='bbox 1920 1239 2103 1294; x_wconf 86' lang='lat' dir='ltr'><strong>supra</strong></span> 
     </span>
    </p>
   </div>
   <div class='ocr_carea' id='block_1_14' title="bbox 453 1309 2101 1381">
    <p class='ocr_par' dir='ltr' id='par_1_14' title="bbox 453 1309 2101 1381">
     <span class='ocr_line' id='line_1_14' title="bbox 453 1309 2101 1381; baseline 0.003 -19"><span class='ocrx_word' id='word_1_84' title='bbox 453 1309 913 1380; x_wconf 80' lang='lat' dir='ltr'><strong>quinquaginta,</strong></span> <span class='ocrx_word' id='word_1_85' title='bbox 972 1312 1219 1364; x_wconf 89' lang='lat' dir='ltr'><strong>testante</strong></span> <span class='ocrx_word' id='word_1_86' title='bbox 1251 1309 1310 1364; x_wconf 92' lang='lat' dir='ltr'><strong>id</strong></span> <span class='ocrx_word' id='word_1_87' title='bbox 1350 1310 1505 1381; x_wconf 87' lang='lat' dir='ltr'><strong>ipso,</strong></span> <span class='ocrx_word' id='word_1_88' title='bbox 1539 1311 1710 1381; x_wconf 88' lang='lat' dir='ltr'><strong>cujus</strong></span> <span class='ocrx_word' id='word_1_89' title='bbox 1741 1312 1889 1366; x_wconf 90' lang='lat' dir='ltr'><strong>haec</strong></span> <span class='ocrx_word' id='word_1_90' title='bbox 1924 1311 2101 1367; x_wconf 90' lang='lat' dir='ltr'><strong>verba</strong></span> 
     </span>
    </p>
   </div>
   <div class='ocr_carea' id='block_1_15' title="bbox 456 1398 2104 1467">
    <p class='ocr_par' dir='ltr' id='par_1_15' title="bbox 456 1398 2104 1467">
     <span class='ocr_line' id='line_1_15' title="bbox 456 1398 2104 1467; baseline 0.002 -15"><span class='ocrx_word' id='word_1_91' title='bbox 456 1412 793 1467; x_wconf 86' lang='lat' dir='ltr'><strong>anonymus</strong></span> <span class='ocrx_word' id='word_1_92' title='bbox 807 1398 1131 1453; x_wconf 85' lang='lat' dir='ltr'><strong>monachus</strong></span> <span class='ocrx_word' id='word_1_93' title='bbox 1145 1398 1425 1453; x_wconf 83' lang='lat' dir='ltr'><strong>exscribit</strong></span> <span class='ocrx_word' id='word_1_94' title='bbox 1442 1400 1647 1454; x_wconf 90' lang='lat' dir='ltr'><strong>num.3</strong></span> <span class='ocrx_word' id='word_1_95' title='bbox 1661 1415 1803 1454; x_wconf 88' lang='lat' dir='ltr'><strong>suae</strong></span> <span class='ocrx_word' id='word_1_96' title='bbox 1820 1401 2104 1455; x_wconf 84' lang='lat' dir='ltr'><strong>narratio-</strong></span> 
     </span>
    </p>
   </div>
   <div class='ocr_carea' id='block_1_16' title="bbox 456 1486 2103 1560">
    <p class='ocr_par' dir='ltr' id='par_1_16' title="bbox 456 1486 2103 1560">
     <span class='ocr_line' id='line_1_16' title="bbox 456 1486 2103 1560; baseline 0.002 -19"><span class='ocrx_word' id='word_1_97' title='bbox 456 1486 575 1541; x_wconf 87' lang='lat' dir='ltr'><strong>nis:</strong></span> <span class='ocrx_word' id='word_1_98' title='bbox 615 1486 849 1541; x_wconf 80' lang='lat' dir='ltr'><strong>Dicebat</strong></span> <span class='ocrx_word' id='word_1_99' title='bbox 880 1490 1075 1541; x_wconf 88' lang='lat' dir='ltr'><strong>autem</strong></span> <span class='ocrx_word' id='word_1_100' title='bbox 1138 1488 1262 1555; x_wconf 84' lang='lat' dir='ltr'><strong>ipse</strong></span> <span class='ocrx_word' id='word_1_101' title='bbox 1290 1488 1364 1543; x_wconf 94' lang='lat' dir='ltr'><strong>de</strong></span> <span class='ocrx_word' id='word_1_102' title='bbox 1392 1503 1453 1543; x_wconf 92' lang='lat' dir='ltr'><strong>se</strong></span> <span class='ocrx_word' id='word_1_103' title='bbox 1506 1488 1796 1553; x_wconf 90' lang='lat' dir='ltr'><strong>Zosimas,</strong></span> <span class='ocrx_word' id='word_1_104' title='bbox 1842 1489 2001 1560; x_wconf 89' lang='lat' dir='ltr'><strong>quod</strong></span> <span class='ocrx_word' id='word_1_105' title='bbox 2028 1488 2103 1544; x_wconf 93' lang='lat' dir='ltr'><strong>ab</strong></span> 
     </span>
    </p>
   </div>
   <div class='ocr_carea' id='block_1_17' title="bbox 457 1574 2105 1644">
    <p class='ocr_par' dir='ltr' id='par_1_17' title="bbox 457 1574 2105 1644">
     <span class='ocr_line' id='line_1_17' title="bbox 457 1574 2105 1644; baseline 0.002 -15"><span class='ocrx_word' id='word_1_106' title='bbox 457 1576 640 1639; x_wconf 82' lang='lat' dir='ltr'><strong>ulnis,</strong></span> <span class='ocrx_word' id='word_1_107' title='bbox 668 1580 733 1629; x_wconf 90' lang='lat' dir='ltr'><strong>ut</strong></span> <span class='ocrx_word' id='word_1_108' title='bbox 754 1574 838 1630; x_wconf 91' lang='lat' dir='ltr'><strong>sic</strong></span> <span class='ocrx_word' id='word_1_109' title='bbox 867 1576 1098 1644; x_wconf 89' lang='lat' dir='ltr'><strong>loquar,</strong></span> <span class='ocrx_word' id='word_1_110' title='bbox 1113 1577 1377 1644; x_wconf 85' lang='lat' dir='ltr'><strong>paternis</strong></span> <span class='ocrx_word' id='word_1_111' title='bbox 1408 1579 1469 1632; x_wconf 88' lang='lat' dir='ltr'><strong>in</strong></span> <span class='ocrx_word' id='word_1_112' title='bbox 1500 1579 1919 1634; x_wconf 82' lang='lat' dir='ltr'><strong>monasterium</strong></span> <span class='ocrx_word' id='word_1_113' title='bbox 1942 1578 2105 1633; x_wconf 88' lang='lat' dir='ltr'><strong>istud</strong></span> 
     </span>
    </p>
   </div>
   <div class='ocr_carea' id='block_1_18' title="bbox 456 1664 2103 1737">
    <p class='ocr_par' dir='ltr' id='par_1_18' title="bbox 456 1664 2103 1737">
     <span class='ocr_line' id='line_1_18' title="bbox 456 1664 2103 1737; baseline 0.003 -19"><span class='ocrx_word' id='word_1_114' title='bbox 456 1664 654 1727; x_wconf 88' lang='lat' dir='ltr'><strong>datus,</strong></span> <span class='ocrx_word' id='word_1_115' title='bbox 677 1678 787 1732; x_wconf 88' lang='lat' dir='ltr'><strong>per</strong></span> <span class='ocrx_word' id='word_1_116' title='bbox 810 1679 998 1719; x_wconf 89' lang='lat' dir='ltr'><strong>annos</strong></span> <span class='ocrx_word' id='word_1_117' title='bbox 1024 1665 1463 1737; x_wconf 79' lang='lat' dir='ltr'><strong>quinquaginta</strong></span> <span class='ocrx_word' id='word_1_118' title='bbox 1494 1673 1611 1722; x_wconf 88' lang='lat' dir='ltr'><strong>tres</strong></span> <span class='ocrx_word' id='word_1_119' title='bbox 1662 1667 1724 1722; x_wconf 89' lang='lat' dir='ltr'><strong>in</strong></span> <span class='ocrx_word' id='word_1_120' title='bbox 1776 1669 2103 1723; x_wconf 89' lang='lat' dir='ltr'><strong>monastico</strong></span> 
     </span>
    </p>
   </div>
   <div class='ocr_carea' id='block_1_19' title="bbox 2216 477 3864 555">
    <p class='ocr_par' dir='ltr' id='par_1_19' title="bbox 2216 477 3864 555">
     <span class='ocr_line' id='line_1_19' title="bbox 2216 477 3864 555; baseline 0.002 -24"><span class='ocrx_word' id='word_1_121' title='bbox 2216 483 2391 531; x_wconf 91' lang='lat' dir='ltr'><strong>retur.</strong></span> <span class='ocrx_word' id='word_1_122' title='bbox 2418 477 2553 532; x_wconf 87' lang='lat' dir='ltr'><strong>Utut</strong></span> <span class='ocrx_word' id='word_1_123' title='bbox 2572 479 2643 533; x_wconf 87' lang='lat' dir='ltr'><strong>de</strong></span> <span class='ocrx_word' id='word_1_124' title='bbox 2663 479 2732 533; x_wconf 87' lang='lat' dir='ltr'><strong>iis</strong></span> <span class='ocrx_word' id='word_1_125' title='bbox 2755 482 2845 545; x_wconf 88' lang='lat' dir='ltr'><strong>sit,</strong></span> <span class='ocrx_word' id='word_1_126' title='bbox 2873 488 3100 538; x_wconf 89' lang='lat' dir='ltr'><strong>certum</strong></span> <span class='ocrx_word' id='word_1_127' title='bbox 3128 485 3379 549; x_wconf 88' lang='lat' dir='ltr'><strong>videtur,</strong></span> <span class='ocrx_word' id='word_1_128' title='bbox 3407 488 3541 555; x_wconf 91' lang='lat' dir='ltr'><strong>post</strong></span> <span class='ocrx_word' id='word_1_129' title='bbox 3570 480 3864 537; x_wconf 87' lang='lat' dir='ltr'><strong>Judaeam</strong></span> 
     </span>
    </p>
   </div>
   <div class='ocr_carea' id='block_1_20' title="bbox 2213 564 3865 643">
    <p class='ocr_par' dir='ltr' id='par_1_20' title="bbox 2213 564 3865 643">
     <span class='ocr_line' id='line_1_20' title="bbox 2213 564 3865 643; baseline 0.003 -26"><span class='ocrx_word' id='word_1_130' title='bbox 2213 564 2467 621; x_wconf 87' lang='lat' dir='ltr'><strong>deletam</strong></span> <span class='ocrx_word' id='word_1_131' title='bbox 2531 568 2738 638; x_wconf 86' lang='lat' dir='ltr'><strong>primis</strong></span> <span class='ocrx_word' id='word_1_132' title='bbox 2793 570 3085 626; x_wconf 86' lang='lat' dir='ltr'><strong>Ecclesiae</strong></span> <span class='ocrx_word' id='word_1_133' title='bbox 3137 573 3414 638; x_wconf 89' lang='lat' dir='ltr'><strong>saeculis,</strong></span> <span class='ocrx_word' id='word_1_134' title='bbox 3447 580 3504 629; x_wconf 89' lang='lat' dir='ltr'><strong>et</strong></span> <span class='ocrx_word' id='word_1_135' title='bbox 3534 574 3601 626; x_wconf 90' lang='lat' dir='ltr'><strong>1V</strong></span> <span class='ocrx_word' id='word_1_136' title='bbox 3630 568 3865 643; x_wconf 88' lang='lat' dir='ltr'><strong>potissi-</strong></span> 
     </span>
    </p>
   </div>
   <div class='ocr_carea' id='block_1_21' title="bbox 2216 658 3861 731">
    <p class='ocr_par' dir='ltr' id='par_1_21' title="bbox 2216 658 3861 731">
     <span class='ocr_line' id='line_1_21' title="bbox 2216 658 3861 731; baseline 0.002 -23"><span class='ocrx_word' id='word_1_137' title='bbox 2216 669 2402 719; x_wconf 91' lang='lat' dir='ltr'><strong>mum,</strong></span> <span class='ocrx_word' id='word_1_138' title='bbox 2417 671 2539 727; x_wconf 91' lang='lat' dir='ltr'><strong>quo</strong></span> <span class='ocrx_word' id='word_1_139' title='bbox 2552 658 2817 714; x_wconf 89' lang='lat' dir='ltr'><strong>Zosimas</strong></span> <span class='ocrx_word' id='word_1_140' title='bbox 2830 659 3088 725; x_wconf 85' lang='lat' dir='ltr'><strong>vivebat,</strong></span> <span class='ocrx_word' id='word_1_141' title='bbox 3110 666 3170 715; x_wconf 87' lang='lat' dir='ltr'><strong>ut</strong></span> <span class='ocrx_word' id='word_1_142' title='bbox 3195 663 3615 725; x_wconf 88' lang='lat' dir='ltr'><strong>ostendemus,</strong></span> <span class='ocrx_word' id='word_1_143' title='bbox 3641 661 3861 731; x_wconf 82' lang='lat' dir='ltr'><strong>Tyrum</strong></span> 
     </span>
    </p>
   </div>
   <div class='ocr_carea' id='block_1_22' title="bbox 2214 742 3866 820">
    <p class='ocr_par' dir='ltr' id='par_1_22' title="bbox 2214 742 3866 820">
     <span class='ocr_line' id='line_1_22' title="bbox 2214 742 3866 820; baseline 0.004 -24"><span class='ocrx_word' id='word_1_144' title='bbox 2214 742 2551 802; x_wconf 88' lang='lat' dir='ltr'><strong>Palaestina</strong></span> <span class='ocrx_word' id='word_1_145' title='bbox 2565 746 2745 802; x_wconf 83' lang='lat' dir='ltr'><strong>fuisse</strong></span> <span class='ocrx_word' id='word_1_146' title='bbox 2759 750 3483 820; x_wconf 67' lang='lat' dir='ltr'><strong>comprehensamﬂerodi</strong></span> <span class='ocrx_word' id='word_1_147' title='bbox 3504 764 3644 805; x_wconf 86' lang='lat' dir='ltr'><strong>sane</strong></span> <span class='ocrx_word' id='word_1_148' title='bbox 3658 747 3866 818; x_wconf 85' lang='lat' dir='ltr'><strong>Agrip-</strong></span> 
     </span>
    </p>
   </div>
   <div class='ocr_carea' id='block_1_23' title="bbox 2212 837 3860 910">
    <p class='ocr_par' dir='ltr' id='par_1_23' title="bbox 2212 837 3860 910">
     <span class='ocr_line' id='line_1_23' title="bbox 2212 837 3860 910; baseline 0.002 -22"><span class='ocrx_word' id='word_1_149' title='bbox 2212 849 2343 904; x_wconf 85' lang='lat' dir='ltr'><strong>pae,</strong></span> <span class='ocrx_word' id='word_1_150' title='bbox 2407 837 2607 906; x_wconf 89' lang='lat' dir='ltr'><strong>nepoti</strong></span> <span class='ocrx_word' id='word_1_151' title='bbox 2668 838 2911 893; x_wconf 90' lang='lat' dir='ltr'><strong>Herodis</strong></span> <span class='ocrx_word' id='word_1_152' title='bbox 2974 841 3184 910; x_wconf 82' lang='lat' dir='ltr'><strong>Magni,</strong></span> <span class='ocrx_word' id='word_1_153' title='bbox 3255 856 3395 895; x_wconf 93' lang='lat' dir='ltr'><strong>cum</strong></span> <span class='ocrx_word' id='word_1_154' title='bbox 3428 838 3540 895; x_wconf 90' lang='lat' dir='ltr'><strong>sub</strong></span> <span class='ocrx_word' id='word_1_155' title='bbox 3611 840 3860 894; x_wconf 87' lang='lat' dir='ltr'><strong>Caesare</strong></span> 
     </span>
    </p>
   </div>
   <div class='ocr_carea' id='block_1_24' title="bbox 2213 918 3862 998">
    <p class='ocr_par' dir='ltr' id='par_1_24' title="bbox 2213 918 3862 998">
     <span class='ocr_line' id='line_1_24' title="bbox 2213 918 3862 998; baseline 0.002 -23"><span class='ocrx_word' id='word_1_156' title='bbox 2213 918 2459 977; x_wconf 90' lang='lat' dir='ltr'><strong>Claudio</strong></span> <span class='ocrx_word' id='word_1_157' title='bbox 2490 930 2725 993; x_wconf 87' lang='lat' dir='ltr'><strong>pareret</strong></span> <span class='ocrx_word' id='word_1_158' title='bbox 2752 925 3285 983; x_wconf 86' lang='lat' dir='ltr'><strong>maximaJudaeae</strong></span> <span class='ocrx_word' id='word_1_159' title='bbox 3310 943 3472 998; x_wconf 89' lang='lat' dir='ltr'><strong>pars,</strong></span> <span class='ocrx_word' id='word_1_160' title='bbox 3495 930 3557 981; x_wconf 87' lang='lat' dir='ltr'><strong>ut</strong></span> <span class='ocrx_word' id='word_1_161' title='bbox 3577 925 3862 981; x_wconf 82' lang='lat' dir='ltr'><strong>docetJo-</strong></span> 
     </span>
    </p>
   </div>
   <div class='ocr_carea' id='block_1_25' title="bbox 2215 1010 3864 1087">
    <p class='ocr_par' dir='ltr' id='par_1_25' title="bbox 2215 1010 3864 1087">
     <span class='ocr_line' id='line_1_25' title="bbox 2215 1010 3864 1087; baseline 0.002 -23"><span class='ocrx_word' id='word_1_162' title='bbox 2215 1010 2438 1079; x_wconf 90' lang='lat' dir='ltr'><strong>sephus</strong></span> <span class='ocrx_word' id='word_1_163' title='bbox 2491 1012 2592 1067; x_wconf 90' lang='lat' dir='ltr'><strong>lib.</strong></span> <span class='ocrx_word' id='word_1_164' title='bbox 2650 1014 2757 1068; x_wconf 82' lang='lat' dir='ltr'><strong>XIX</strong></span> <span class='ocrx_word' id='word_1_165' title='bbox 2810 1014 3028 1086; x_wconf 90' lang='lat' dir='ltr'><strong>Antiq.,</strong></span> <span class='ocrx_word' id='word_1_166' title='bbox 3093 1015 3403 1087; x_wconf 85' lang='lat' dir='ltr'><strong>subjectos</strong></span> <span class='ocrx_word' id='word_1_167' title='bbox 3428 1014 3611 1070; x_wconf 90' lang='lat' dir='ltr'><strong>fuisse</strong></span> <span class='ocrx_word' id='word_1_168' title='bbox 3658 1013 3864 1084; x_wconf 85' lang='lat' dir='ltr'><strong>Tyrios</strong></span> 
     </span>
    </p>
   </div>
   <div class='ocr_carea' id='block_1_26' title="bbox 2213 1098 3860 1170">
    <p class='ocr_par' dir='ltr' id='par_1_26' title="bbox 2213 1098 3860 1170">
     <span class='ocr_line' id='line_1_26' title="bbox 2213 1098 3860 1170; baseline -0.001 -15"><span class='ocrx_word' id='word_1_169' title='bbox 2213 1104 2267 1155; x_wconf 88' lang='lat' dir='ltr'><strong>et</strong></span> <span class='ocrx_word' id='word_1_170' title='bbox 2320 1098 2614 1170; x_wconf 83' lang='lat' dir='ltr'><strong>Sydonios</strong></span> <span class='ocrx_word' id='word_1_171' title='bbox 2672 1102 2893 1158; x_wconf 86' lang='lat' dir='ltr'><strong>indicat</strong></span> <span class='ocrx_word' id='word_1_172' title='bbox 2953 1105 3008 1159; x_wconf 94' lang='lat' dir='ltr'><strong>S.</strong></span> <span class='ocrx_word' id='word_1_173' title='bbox 3066 1106 3253 1159; x_wconf 87' lang='lat' dir='ltr'><strong>Lucas</strong></span> <span class='ocrx_word' id='word_1_174' title='bbox 3309 1108 3589 1160; x_wconf 82' lang='lat' dir='ltr'><strong>Actorum</strong></span> <span class='ocrx_word' id='word_1_175' title='bbox 3628 1102 3740 1167; x_wconf 85' lang='lat' dir='ltr'><strong>XII,</strong></span> <span class='ocrx_word' id='word_1_176' title='bbox 3772 1102 3860 1156; x_wconf 87' lang='lat'><strong>20.</strong></span> 
     </span>
    </p>
   </div>
   <div class='ocr_carea' id='block_1_27' title="bbox 2214 1189 3858 1256">
    <p class='ocr_par' dir='ltr' id='par_1_27' title="bbox 2214 1189 3858 1256">
     <span class='ocr_line' id='line_1_27' title="bbox 2214 1189 3858 1256; baseline 0.001 -14"><span class='ocrx_word' id='word_1_177' title='bbox 2214 1189 2373 1253; x_wconf 86' lang='lat' dir='ltr'><strong>Quae</strong></span> <span class='ocrx_word' id='word_1_178' title='bbox 2401 1204 2536 1243; x_wconf 93' lang='lat' dir='ltr'><strong>cum</strong></span> <span class='ocrx_word' id='word_1_179' title='bbox 2570 1189 2650 1244; x_wconf 92' lang='lat' dir='ltr'><strong>ita</strong></span> <span class='ocrx_word' id='word_1_180' title='bbox 2678 1190 3152 1250; x_wconf 90' lang='lat' dir='ltr'><strong>sintomnia.cur</strong></span> <span class='ocrx_word' id='word_1_181' title='bbox 3169 1192 3473 1247; x_wconf 86' lang='lat' dir='ltr'><strong>afﬁrmare</strong></span> <span class='ocrx_word' id='word_1_182' title='bbox 3490 1191 3858 1256; x_wconf 85' lang='lat' dir='ltr'><strong>dubitemus,</strong></span> 
     </span>
    </p>
   </div>
   <div class='ocr_carea' id='block_1_28' title="bbox 2216 1278 3863 1352">
    <p class='ocr_par' dir='ltr' id='par_1_28' title="bbox 2216 1278 3863 1352">
     <span class='ocr_line' id='line_1_28' title="bbox 2216 1278 3863 1352; baseline 0.001 -22"><span class='ocrx_word' id='word_1_183' title='bbox 2216 1278 2666 1341; x_wconf 87' lang='lat' dir='ltr'><strong>monasterium,</strong></span> <span class='ocrx_word' id='word_1_184' title='bbox 2700 1280 2863 1348; x_wconf 89' lang='lat' dir='ltr'><strong>quod</strong></span> <span class='ocrx_word' id='word_1_185' title='bbox 2882 1281 3275 1352; x_wconf 88' lang='lat' dir='ltr'><strong>apudTyrum</strong></span> <span class='ocrx_word' id='word_1_186' title='bbox 3305 1280 3496 1345; x_wconf 81' lang='lat' dir='ltr'><strong>fuerit,</strong></span> <span class='ocrx_word' id='word_1_187' title='bbox 3520 1295 3653 1335; x_wconf 81' lang='lat' dir='ltr'><strong>vere</strong></span> <span class='ocrx_word' id='word_1_188' title='bbox 3681 1278 3863 1333; x_wconf 90' lang='lat' dir='ltr'><strong>situm</strong></span> 
     </span>
    </p>
   </div>
   <div class='ocr_carea' id='block_1_29' title="bbox 2214 1364 3865 1437">
    <p class='ocr_par' dir='ltr' id='par_1_29' title="bbox 2214 1364 3865 1437">
     <span class='ocr_line' id='line_1_29' title="bbox 2214 1364 3865 1437; baseline 0.001 -18"><span class='ocrx_word' id='word_1_189' title='bbox 2214 1366 2273 1419; x_wconf 91' lang='lat' dir='ltr'><strong>in</strong></span> <span class='ocrx_word' id='word_1_190' title='bbox 2304 1364 2638 1420; x_wconf 89' lang='lat' dir='ltr'><strong>Palaestina</strong></span> <span class='ocrx_word' id='word_1_191' title='bbox 2669 1365 2782 1421; x_wconf 91' lang='lat' dir='ltr'><strong>dici</strong></span> <span class='ocrx_word' id='word_1_192' title='bbox 2807 1369 3073 1437; x_wconf 90' lang='lat' dir='ltr'><strong>potuisse</strong></span> <span class='ocrx_word' id='word_1_193' title='bbox 3094 1368 3400 1425; x_wconf 74' lang='lat' dir='ltr'><strong>‘lMeminit</strong></span> <span class='ocrx_word' id='word_1_194' title='bbox 3430 1376 3736 1437; x_wconf 88' lang='lat' dir='ltr'><strong>praeterea</strong></span> <span class='ocrx_word' id='word_1_195' title='bbox 3757 1370 3865 1422; x_wconf 90' lang='lat' dir='ltr'><strong>Zo-</strong></span> 
     </span>
    </p>
   </div>
   <div class='ocr_carea' id='block_1_30' title="bbox 2216 1454 3861 1529">
    <p class='ocr_par' dir='ltr' id='par_1_30' title="bbox 2216 1454 3861 1529">
     <span class='ocr_line' id='line_1_30' title="bbox 2216 1454 3861 1529; baseline 0.002 -21"><span class='ocrx_word' id='word_1_196' title='bbox 2216 1455 2404 1510; x_wconf 88' lang='lat' dir='ltr'><strong>simas</strong></span> <span class='ocrx_word' id='word_1_197' title='bbox 2422 1454 2482 1508; x_wconf 92' lang='lat' dir='ltr'><strong>in</strong></span> <span class='ocrx_word' id='word_1_198' title='bbox 2504 1455 2771 1525; x_wconf 85' lang='lat' dir='ltr'><strong>quodam</strong></span> <span class='ocrx_word' id='word_1_199' title='bbox 2800 1457 3076 1529; x_wconf 85' lang='lat' dir='ltr'><strong>Alloquio</strong></span> <span class='ocrx_word' id='word_1_200' title='bbox 3099 1459 3543 1529; x_wconf 78' lang='lat' dir='ltr'><strong>campestrium,</strong></span> <span class='ocrx_word' id='word_1_201' title='bbox 3569 1456 3669 1512; x_wconf 93' lang='lat' dir='ltr'><strong>ubi</strong></span> <span class='ocrx_word' id='word_1_202' title='bbox 3698 1459 3778 1512; x_wconf 89' lang='lat' dir='ltr'><strong>ait</strong></span> <span class='ocrx_word' id='word_1_203' title='bbox 3798 1472 3861 1511; x_wconf 86' lang='lat' dir='ltr'><strong>se</strong></span> 
     </span>
    </p>
   </div>
   <div class='ocr_carea' id='block_1_31' title="bbox 2216 1543 3864 1619">
    <p class='ocr_par' dir='ltr' id='par_1_31' title="bbox 2216 1543 3864 1619">
     <span class='ocr_line' id='line_1_31' title="bbox 2216 1543 3864 1619; baseline 0.001 -22"><span class='ocrx_word' id='word_1_204' title='bbox 2216 1543 2418 1599; x_wconf 85' lang='lat' dir='ltr'><strong>fuisse.</strong></span> <span class='ocrx_word' id='word_1_205' title='bbox 2439 1546 2601 1610; x_wconf 87' lang='lat' dir='ltr'><strong>Quae</strong></span> <span class='ocrx_word' id='word_1_206' title='bbox 2615 1546 2763 1601; x_wconf 85' lang='lat' dir='ltr'><strong>haec</strong></span> <span class='ocrx_word' id='word_1_207' title='bbox 2790 1550 3164 1613; x_wconf 85' lang='lat' dir='ltr'><strong>campestria,</strong></span> <span class='ocrx_word' id='word_1_208' title='bbox 3185 1548 3295 1602; x_wconf 90' lang='lat' dir='ltr'><strong>nisi</strong></span> <span class='ocrx_word' id='word_1_209' title='bbox 3320 1563 3576 1619; x_wconf 90' lang='lat' dir='ltr'><strong>campus</strong></span> <span class='ocrx_word' id='word_1_210' title='bbox 3608 1561 3864 1616; x_wconf 89' lang='lat' dir='ltr'><strong>magnus</strong></span> 
     </span>
    </p>
   </div>
   <div class='ocr_carea' id='block_1_32' title="bbox 2215 1633 3867 1707">
    <p class='ocr_par' dir='ltr' id='par_1_32' title="bbox 2215 1633 3867 1707">
     <span class='ocr_line' id='line_1_32' title="bbox 2215 1633 3867 1707; baseline -0.001 -18"><span class='ocrx_word' id='word_1_211' title='bbox 2215 1633 2506 1689; x_wconf 89' lang='lat' dir='ltr'><strong>Galilaeae</strong></span> <span class='ocrx_word' id='word_1_212' title='bbox 2554 1638 2611 1689; x_wconf 90' lang='lat' dir='ltr'><strong>et</strong></span> <span class='ocrx_word' id='word_1_213' title='bbox 2664 1635 2955 1690; x_wconf 84' lang='lat' dir='ltr'><strong>latissima</strong></span> <span class='ocrx_word' id='word_1_214' title='bbox 2985 1635 3082 1691; x_wconf 90' lang='lat' dir='ltr'><strong>illa</strong></span> <span class='ocrx_word' id='word_1_215' title='bbox 3115 1635 3391 1707; x_wconf 87' lang='lat' dir='ltr'><strong>planities</strong></span> <span class='ocrx_word' id='word_1_216' title='bbox 3441 1642 3561 1691; x_wconf 89' lang='lat' dir='ltr'><strong>tam</strong></span> <span class='ocrx_word' id='word_1_217' title='bbox 3596 1649 3775 1705; x_wconf 87' lang='lat' dir='ltr'><strong>saepe</strong></span> <span class='ocrx_word' id='word_1_218' title='bbox 3805 1635 3867 1688; x_wconf 93' lang='lat' dir='ltr'><strong>in</strong></span> 
     </span>
    </p>
   </div>
   <div class='ocr_carea' id='block_1_33' title="bbox 455 1723 3870 1828">
    <p class='ocr_par' dir='ltr' id='par_1_33' title="bbox 455 1723 3870 1828">
     <span class='ocr_line' id='line_1_33' title="bbox 455 1723 3870 1828; baseline 0.004 -19"><span class='ocrx_word' id='word_1_219' title='bbox 455 1723 1071 1821; x_wconf 35' lang='lat' dir='ltr'><strong>cursu&#39;perseveravit.</strong></span> <span class='ocrx_word' id='word_1_220' title='bbox 1130 1758 1137 1820; x_wconf 89' lang='grc' dir='ltr'><strong>Ι</strong></span> <span class='ocrx_word' id='word_1_221' title='bbox 1181 1723 1605 1811; x_wconf 65' lang='lat' dir='ltr'><strong>ltioriasterium</strong></span> <span class='ocrx_word' id='word_1_222' title='bbox 1630 1773 1809 1828; x_wconf 91' lang='lat' dir='ltr'><strong>porro</strong></span> <span class='ocrx_word' id='word_1_223' title='bbox 1836 1758 2015 1821; x_wconf 88' lang='lat' dir='ltr'><strong>istud,</strong></span> <span class='ocrx_word' id='word_1_224' title='bbox 2043 1763 2104 1811; x_wconf 91' lang='lat' dir='ltr'><strong>ut</strong></span> <span class='ocrx_word' id='word_1_225' title='bbox 2139 1740 2179 1794; x_wconf 82' lang='grc' dir='ltr'><strong>Β</strong></span> <span class='ocrx_word' id='word_1_226' title='bbox 2217 1723 2531 1828; x_wconf 51' lang='grc' dir='ltr'><strong>δθτίρξυνίδ</strong></span> <span class='ocrx_word' id='word_1_227' title='bbox 2556 1730 2887 1828; x_wconf 53' lang='lat' dir='ltr'><strong>mfmorata</strong></span> <span class='ocrx_word' id='word_1_228' title='bbox 2907 1724 3100 1828; x_wconf 50' lang='lat' dir='ltr'><strong>“inhi</strong></span> <span class='ocrx_word' id='word_1_229' title='bbox 3123 1725 3222 1789; x_wconf 55' lang='lat' dir='ltr'><strong>ait’</strong></span> <span class='ocrx_word' id='word_1_230' title='bbox 3252 1723 3870 1828; x_wconf 50' lang='lat' dir='ltr'><strong>5,6,.Hiemi01ymi8di-</strong></span> 
     </span>
    </p>
   </div>
   <div class='ocr_carea' id='block_1_34' title="bbox 453 1841 2105 1917">
    <p class='ocr_par' dir='ltr' id='par_1_34' title="bbox 453 1841 2105 1917">
     <span class='ocr_line' id='line_1_34' title="bbox 453 1841 2105 1917; baseline 0.006 -22"><span class='ocrx_word' id='word_1_231' title='bbox 453 1841 621 1897; x_wconf 92' lang='lat' dir='ltr'><strong>initio</strong></span> <span class='ocrx_word' id='word_1_232' title='bbox 636 1843 992 1897; x_wconf 88' lang='lat' dir='ltr'><strong>narrationis</strong></span> <span class='ocrx_word' id='word_1_233' title='bbox 1006 1842 1162 1898; x_wconf 90' lang='lat' dir='ltr'><strong>clare</strong></span> <span class='ocrx_word' id='word_1_234' title='bbox 1178 1843 1411 1909; x_wconf 91' lang='lat' dir='ltr'><strong>dicitur,</strong></span> <span class='ocrx_word' id='word_1_235' title='bbox 1433 1844 1552 1912; x_wconf 78' lang='lat' dir='ltr'><strong>fuit</strong></span> <span class='ocrx_word' id='word_1_236' title='bbox 1572 1862 1754 1901; x_wconf 88' lang='lat' dir='ltr'><strong>unum</strong></span> <span class='ocrx_word' id='word_1_237' title='bbox 1770 1862 1848 1902; x_wconf 80' lang='lat' dir='ltr'><strong>ea:</strong></span> <span class='ocrx_word' id='word_1_238' title='bbox 1862 1847 1931 1901; x_wconf 84' lang='lat' dir='ltr'><strong>iis</strong></span> <span class='ocrx_word' id='word_1_239' title='bbox 1953 1862 2105 1917; x_wconf 88' lang='lat' dir='ltr'><strong>quae</strong></span> 
     </span>
    </p>
   </div>
   <div class='ocr_carea' id='block_1_35' title="bbox 449 1933 2100 2006">
    <p class='ocr_par' dir='ltr' id='par_1_35' title="bbox 449 1933 2100 2006">
     <span class='ocr_line' id='line_1_35' title="bbox 449 1933 2100 2006; baseline 0.004 -20"><span class='ocrx_word' id='word_1_240' title='bbox 449 1933 980 2000; x_wconf 84' lang='lat' dir='ltr'><strong>perPalaestinam</strong></span> <span class='ocrx_word' id='word_1_241' title='bbox 995 1939 1133 1988; x_wconf 84' lang='lat' dir='ltr'><strong>sunt</strong></span> <span class='ocrx_word' id='word_1_242' title='bbox 1157 1934 1551 1990; x_wconf 83' lang='lat' dir='ltr'><strong>monasteriis.</strong></span> <span class='ocrx_word' id='word_1_243' title='bbox 1579 1936 1749 2006; x_wconf 80' lang='lat' dir='ltr'><strong>Atqui</strong></span> <span class='ocrx_word' id='word_1_244' title='bbox 1775 1937 1923 1991; x_wconf 91' lang='lat' dir='ltr'><strong>haec</strong></span> <span class='ocrx_word' id='word_1_245' title='bbox 1950 1936 2100 1992; x_wconf 78' lang='lat' dir='ltr'><strong>Allo~</strong></span> 
     </span>
    </p>
   </div>
   <div class='ocr_carea' id='block_1_36' title="bbox 452 2022 2103 2094">
    <p class='ocr_par' dir='ltr' id='par_1_36' title="bbox 452 2022 2103 2094">
     <span class='ocr_line' id='line_1_36' title="bbox 452 2022 2103 2094; baseline 0.003 -18"><span class='ocrx_word' id='word_1_246' title='bbox 452 2022 598 2093; x_wconf 87' lang='lat' dir='ltr'><strong>quia</strong></span> <span class='ocrx_word' id='word_1_247' title='bbox 627 2023 756 2077; x_wconf 91' lang='lat' dir='ltr'><strong>eius</strong></span> <span class='ocrx_word' id='word_1_248' title='bbox 787 2028 944 2087; x_wconf 91' lang='lat' dir='ltr'><strong>sunt,</strong></span> <span class='ocrx_word' id='word_1_249' title='bbox 974 2024 1073 2094; x_wconf 90' lang='lat' dir='ltr'><strong>qui</strong></span> <span class='ocrx_word' id='word_1_250' title='bbox 1113 2022 1173 2076; x_wconf 89' lang='lat' dir='ltr'><strong>in</strong></span> <span class='ocrx_word' id='word_1_251' title='bbox 1208 2022 1539 2078; x_wconf 89' lang='lat' dir='ltr'><strong>Palaestina</strong></span> <span class='ocrx_word' id='word_1_252' title='bbox 1571 2025 1781 2079; x_wconf 86' lang='lat' dir='ltr'><strong>vixerit</strong></span> <span class='ocrx_word' id='word_1_253' title='bbox 1810 2032 1867 2080; x_wconf 92' lang='lat' dir='ltr'><strong>et</strong></span> <span class='ocrx_word' id='word_1_254' title='bbox 1896 2042 2103 2081; x_wconf 90' lang='lat' dir='ltr'><strong>conse-</strong></span> 
     </span>
    </p>
   </div>
   <div class='ocr_carea' id='block_1_37' title="bbox 453 2110 2101 2184">
    <p class='ocr_par' dir='ltr' id='par_1_37' title="bbox 453 2110 2101 2184">
     <span class='ocr_line' id='line_1_37' title="bbox 453 2110 2101 2184; baseline -0.001 -13"><span class='ocrx_word' id='word_1_255' title='bbox 453 2112 667 2179; x_wconf 90' lang='lat' dir='ltr'><strong>nuerit,</strong></span> <span class='ocrx_word' id='word_1_256' title='bbox 697 2128 805 2167; x_wconf 92' lang='lat' dir='ltr'><strong>nec</strong></span> <span class='ocrx_word' id='word_1_257' title='bbox 820 2110 1001 2165; x_wconf 90' lang='lat' dir='ltr'><strong>aliam</strong></span> <span class='ocrx_word' id='word_1_258' title='bbox 1018 2111 1091 2165; x_wconf 89' lang='lat' dir='ltr'><strong>ad</strong></span> <span class='ocrx_word' id='word_1_259' title='bbox 1102 2111 1239 2166; x_wconf 94' lang='lat' dir='ltr'><strong>mod</strong></span> <span class='ocrx_word' id='word_1_260' title='bbox 1252 2128 1350 2165; x_wconf 92' lang='lat' dir='ltr'><strong>um</strong></span> <span class='ocrx_word' id='word_1_261' title='bbox 1365 2111 1527 2166; x_wconf 90' lang='lat' dir='ltr'><strong>orbis</strong></span> <span class='ocrx_word' id='word_1_262' title='bbox 1542 2117 1791 2182; x_wconf 88' lang='lat' dir='ltr'><strong>partem,</strong></span> <span class='ocrx_word' id='word_1_263' title='bbox 1806 2120 2101 2184; x_wconf 88' lang='lat' dir='ltr'><strong>quantum</strong></span> 
     </span>
    </p>
   </div>
   <div class='ocr_carea' id='block_1_38' title="bbox 451 2198 2101 2274">
    <p class='ocr_par' dir='ltr' id='par_1_38' title="bbox 451 2198 2101 2274">
     <span class='ocr_line' id='line_1_38' title="bbox 451 2198 2101 2274; baseline -0.001 -16"><span class='ocrx_word' id='word_1_264' title='bbox 451 2219 523 2258; x_wconf 88' lang='lat' dir='ltr'><strong>ex</strong></span> <span class='ocrx_word' id='word_1_265' title='bbox 551 2203 678 2257; x_wconf 89' lang='lat' dir='ltr'><strong>eius</strong></span> <span class='ocrx_word' id='word_1_266' title='bbox 698 2200 893 2255; x_wconf 87' lang='lat' dir='ltr'><strong>verbis</strong></span> <span class='ocrx_word' id='word_1_267' title='bbox 916 2198 1277 2266; x_wconf 83' lang='lat' dir='ltr'><strong>intelligitur,</strong></span> <span class='ocrx_word' id='word_1_268' title='bbox 1300 2199 1628 2255; x_wconf 90' lang='lat' dir='ltr'><strong>incoluerit.</strong></span> <span class='ocrx_word' id='word_1_269' title='bbox 1658 2205 1803 2256; x_wconf 80' lang='lat' dir='ltr'><strong>Nam</strong></span> <span class='ocrx_word' id='word_1_270' title='bbox 1831 2203 2101 2274; x_wconf 86' lang='lat' dir='ltr'><strong>Alloquio</strong></span> 
     </span>
    </p>
   </div>
   <div class='ocr_carea' id='block_1_39' title="bbox 450 2288 2103 2361">
    <p class='ocr_par' dir='ltr' id='par_1_39' title="bbox 450 2288 2103 2361">
     <span class='ocr_line' id='line_1_39' title="bbox 450 2288 2103 2361; baseline -0.001 -13"><span class='ocrx_word' id='word_1_271' title='bbox 450 2295 516 2347; x_wconf 91' lang='lat' dir='ltr'><strong>VI</strong></span> <span class='ocrx_word' id='word_1_272' title='bbox 545 2292 695 2348; x_wconf 89' lang='lat' dir='ltr'><strong>haec</strong></span> <span class='ocrx_word' id='word_1_273' title='bbox 721 2289 982 2360; x_wconf 87' lang='lat' dir='ltr'><strong>loquitur</strong></span> <span class='ocrx_word' id='word_1_274' title='bbox 1008 2306 1019 2343; x_wconf 92' lang='lat'><strong>:</strong></span> <span class='ocrx_word' id='word_1_275' title='bbox 1042 2290 1168 2344; x_wconf 89' lang='lat' dir='ltr'><strong>Iter</strong></span> <span class='ocrx_word' id='word_1_276' title='bbox 1181 2288 1500 2358; x_wconf 87' lang='lat' dir='ltr'><strong>agebamus</strong></span> <span class='ocrx_word' id='word_1_277' title='bbox 1521 2305 1625 2359; x_wconf 86' lang='lat' dir='ltr'><strong>ego</strong></span> <span class='ocrx_word' id='word_1_278' title='bbox 1656 2299 1708 2347; x_wconf 89' lang='lat' dir='ltr'><strong>et</strong></span> <span class='ocrx_word' id='word_1_279' title='bbox 1731 2291 1929 2361; x_wconf 81' lang='lat' dir='ltr'><strong>frater</strong></span> <span class='ocrx_word' id='word_1_280' title='bbox 1950 2308 2103 2347; x_wconf 91' lang='lat' dir='ltr'><strong>unus</strong></span> 
     </span>
    </p>
   </div>
   <div class='ocr_carea' id='block_1_40' title="bbox 450 2378 2104 2449">
    <p class='ocr_par' dir='ltr' id='par_1_40' title="bbox 450 2378 2104 2449">
     <span class='ocr_line' id='line_1_40' title="bbox 450 2378 2104 2449; baseline -0.001 -12"><span class='ocrx_word' id='word_1_281' title='bbox 450 2381 547 2438; x_wconf 85' lang='lat' dir='ltr'><strong>via</strong></span> <span class='ocrx_word' id='word_1_282' title='bbox 575 2379 980 2447; x_wconf 89' lang='lat' dir='ltr'><strong>Neapolitana</strong></span> <span class='ocrx_word' id='word_1_283' title='bbox 992 2393 1121 2433; x_wconf 87' lang='lat' dir='ltr'><strong>cum</strong></span> <span class='ocrx_word' id='word_1_284' title='bbox 1136 2378 1924 2449; x_wconf 81' lang='lat' dir='ltr'><strong>quibusdamsaecularibus,</strong></span> <span class='ocrx_word' id='word_1_285' title='bbox 1944 2382 2104 2437; x_wconf 90' lang='lat' dir='ltr'><strong>veni-</strong></span> 
     </span>
    </p>
   </div>
   <div class='ocr_carea' id='block_1_41' title="bbox 449 2466 2099 2540">
    <p class='ocr_par' dir='ltr' id='par_1_41' title="bbox 449 2466 2099 2540">
     <span class='ocr_line' id='line_1_41' title="bbox 449 2466 2099 2540; baseline -0.001 -15"><span class='ocrx_word' id='word_1_286' title='bbox 449 2484 694 2540; x_wconf 89' lang='lat' dir='ltr'><strong>musque</strong></span> <span class='ocrx_word' id='word_1_287' title='bbox 713 2468 793 2524; x_wconf 89' lang='lat' dir='ltr'><strong>ad</strong></span> <span class='ocrx_word' id='word_1_288' title='bbox 822 2469 1014 2522; x_wconf 89' lang='lat' dir='ltr'><strong>locum</strong></span> <span class='ocrx_word' id='word_1_289' title='bbox 1049 2466 1147 2521; x_wconf 90' lang='lat' dir='ltr'><strong>ubi</strong></span> <span class='ocrx_word' id='word_1_290' title='bbox 1176 2473 1305 2522; x_wconf 89' lang='lat' dir='ltr'><strong>erat</strong></span> <span class='ocrx_word' id='word_1_291' title='bbox 1350 2468 1632 2523; x_wconf 85' lang='lat' dir='ltr'><strong>telonium</strong></span> <span class='ocrx_word' id='word_1_292' title='bbox 1666 2473 1774 2523; x_wconf 90' lang='lat' dir='ltr'><strong>cet.</strong></span> <span class='ocrx_word' id='word_1_293' title='bbox 1810 2469 1930 2524; x_wconf 85' lang='lat' dir='ltr'><strong>Fuit</strong></span> <span class='ocrx_word' id='word_1_294' title='bbox 1960 2470 2099 2524; x_wconf 90' lang='lat' dir='ltr'><strong>olim</strong></span> 
     </span>
    </p>
   </div>
   <div class='ocr_carea' id='block_1_42' title="bbox 448 2554 2103 2628">
    <p class='ocr_par' dir='ltr' id='par_1_42' title="bbox 448 2554 2103 2628">
     <span class='ocr_line' id='line_1_42' title="bbox 448 2554 2103 2628; baseline 0 -14"><span class='ocrx_word' id='word_1_295' title='bbox 448 2557 728 2628; x_wconf 85' lang='lat' dir='ltr'><strong>Neapolis</strong></span> <span class='ocrx_word' id='word_1_296' title='bbox 750 2555 1134 2611; x_wconf 88' lang='lat' dir='ltr'><strong>celeberrima</strong></span> <span class='ocrx_word' id='word_1_297' title='bbox 1155 2554 1516 2611; x_wconf 83' lang='lat' dir='ltr'><strong>Palaestinae</strong></span> <span class='ocrx_word' id='word_1_298' title='bbox 1534 2557 1763 2623; x_wconf 87' lang='lat' dir='ltr'><strong>civitas,</strong></span> <span class='ocrx_word' id='word_1_299' title='bbox 1792 2562 1931 2613; x_wconf 90' lang='lat' dir='ltr'><strong>teste</strong></span> <span class='ocrx_word' id='word_1_300' title='bbox 1953 2559 2103 2613; x_wconf 90' lang='lat' dir='ltr'><strong>inter</strong></span> 
     </span>
    </p>
   </div>
   <div class='ocr_carea' id='block_1_43' title="bbox 448 2643 2099 2715">
    <p class='ocr_par' dir='ltr' id='par_1_43' title="bbox 448 2643 2099 2715">
     <span class='ocr_line' id='line_1_43' title="bbox 448 2643 2099 2715; baseline 0.001 -15"><span class='ocrx_word' id='word_1_301' title='bbox 448 2647 799 2700; x_wconf 90' lang='lat' dir='ltr'><strong>innumeros</strong></span> <span class='ocrx_word' id='word_1_302' title='bbox 833 2644 980 2698; x_wconf 85' lang='lat' dir='ltr'><strong>alios</strong></span> <span class='ocrx_word' id='word_1_303' title='bbox 1011 2643 1217 2705; x_wconf 86' lang='lat' dir='ltr'><strong>Plinio,</strong></span> <span class='ocrx_word' id='word_1_304' title='bbox 1252 2646 1422 2698; x_wconf 89' lang='lat' dir='ltr'><strong>cuius</strong></span> <span class='ocrx_word' id='word_1_305' title='bbox 1479 2644 1627 2699; x_wconf 91' lang='lat' dir='ltr'><strong>haec</strong></span> <span class='ocrx_word' id='word_1_306' title='bbox 1658 2645 1760 2700; x_wconf 89' lang='lat' dir='ltr'><strong>lib.</strong></span> <span class='ocrx_word' id='word_1_307' title='bbox 1796 2648 1836 2699; x_wconf 93' lang='lat' dir='ltr'><strong>V</strong></span> <span class='ocrx_word' id='word_1_308' title='bbox 1867 2662 2000 2715; x_wconf 90' lang='lat' dir='ltr'><strong>cap.</strong></span> <span class='ocrx_word' id='word_1_309' title='bbox 2040 2652 2099 2703; x_wconf 82' lang='lat' dir='ltr'><strong>t3</strong></span> 
     </span>
    </p>
   </div>
   <div class='ocr_carea' id='block_1_44' title="bbox 449 2732 2101 2805">
    <p class='ocr_par' dir='ltr' id='par_1_44' title="bbox 449 2732 2101 2805">
     <span class='ocr_line' id='line_1_44' title="bbox 449 2732 2101 2805; baseline 0 -15"><span class='ocrx_word' id='word_1_310' title='bbox 449 2734 633 2789; x_wconf 86' lang='lat' dir='ltr'><strong>verba</strong></span> <span class='ocrx_word' id='word_1_311' title='bbox 663 2740 831 2787; x_wconf 86' lang='lat' dir='ltr'><strong>sunt:</strong></span> <span class='ocrx_word' id='word_1_312' title='bbox 867 2732 1179 2787; x_wconf 90' lang='lat' dir='ltr'><strong>Samariae</strong></span> <span class='ocrx_word' id='word_1_313' title='bbox 1198 2732 1428 2800; x_wconf 78' lang='lat' dir='ltr'><strong>oppida</strong></span> <span class='ocrx_word' id='word_1_314' title='bbox 1454 2734 1757 2803; x_wconf 84' lang='lat' dir='ltr'><strong>Neapolis.</strong></span> <span class='ocrx_word' id='word_1_315' title='bbox 1789 2735 1947 2805; x_wconf 90' lang='lat' dir='ltr'><strong>quod</strong></span> <span class='ocrx_word' id='word_1_316' title='bbox 1970 2736 2101 2791; x_wconf 80' lang='lat' dir='ltr'><strong>Ma-</strong></span> 
     </span>
    </p>
   </div>
   <div class='ocr_carea' id='block_1_45' title="bbox 447 2820 2099 2893">
    <p class='ocr_par' dir='ltr' id='par_1_45' title="bbox 447 2820 2099 2893">
     <span class='ocr_line' id='line_1_45' title="bbox 447 2820 2099 2893; baseline -0.001 -15"><span class='ocrx_word' id='word_1_317' title='bbox 447 2828 642 2878; x_wconf 91' lang='lat' dir='ltr'><strong>morta</strong></span> <span class='ocrx_word' id='word_1_318' title='bbox 673 2822 988 2877; x_wconf 83' lang='lat' dir='ltr'><strong>dicebatur</strong></span> <span class='ocrx_word' id='word_1_319' title='bbox 1019 2826 1129 2876; x_wconf 87' lang='lat' dir='ltr'><strong>cet.</strong></span> <span class='ocrx_word' id='word_1_320' title='bbox 1165 2820 1380 2875; x_wconf 89' lang='lat' dir='ltr'><strong>Iterum</strong></span> <span class='ocrx_word' id='word_1_321' title='bbox 1407 2821 1679 2893; x_wconf 86' lang='lat' dir='ltr'><strong>Alloquio</strong></span> <span class='ocrx_word' id='word_1_322' title='bbox 1709 2824 1747 2877; x_wconf 88' lang='grc' dir='ltr'>Χ</span> <span class='ocrx_word' id='word_1_323' title='bbox 1778 2824 1921 2878; x_wconf 90' lang='lat' dir='ltr'><strong>dicit</strong></span> <span class='ocrx_word' id='word_1_324' title='bbox 1949 2825 2099 2879; x_wconf 90' lang='lat' dir='ltr'><strong>Zosi-</strong></span> 
     </span>
    </p>
   </div>
   <div class='ocr_carea' id='block_1_46' title="bbox 447 2910 2101 2983">
    <p class='ocr_par' dir='ltr' id='par_1_46' title="bbox 447 2910 2101 2983">
     <span class='ocr_line' id='line_1_46' title="bbox 447 2910 2101 2983; baseline 0.001 -17"><span class='ocrx_word' id='word_1_325' title='bbox 447 2927 577 2967; x_wconf 90' lang='lat' dir='ltr'><strong>mas</strong></span> <span class='ocrx_word' id='word_1_326' title='bbox 608 2928 619 2966; x_wconf 92' lang='lat'>:</span> <span class='ocrx_word' id='word_1_327' title='bbox 659 2911 807 2966; x_wconf 84' lang='lat' dir='ltr'><strong>Cum</strong></span> <span class='ocrx_word' id='word_1_328' title='bbox 827 2925 1003 2965; x_wconf 88' lang='lat' dir='ltr'><strong>essem</strong></span> <span class='ocrx_word' id='word_1_329' title='bbox 1030 2910 1093 2965; x_wconf 88' lang='lat' dir='ltr'><strong>in</strong></span> <span class='ocrx_word' id='word_1_330' title='bbox 1119 2910 1478 2965; x_wconf 88' lang='lat' dir='ltr'><strong>monasterio</strong></span> <span class='ocrx_word' id='word_1_331' title='bbox 1500 2911 1658 2981; x_wconf 88' lang='lat' dir='ltr'><strong>quod</strong></span> <span class='ocrx_word' id='word_1_332' title='bbox 1684 2919 1767 2967; x_wconf 90' lang='lat' dir='ltr'><strong>est</strong></span> <span class='ocrx_word' id='word_1_333' title='bbox 1795 2912 1959 2980; x_wconf 85' lang='lat' dir='ltr'><strong>apud</strong></span> <span class='ocrx_word' id='word_1_334' title='bbox 1992 2914 2101 2983; x_wconf 84' lang='lat' dir='ltr'><strong>Ty-</strong></span> 
     </span>
    </p>
   </div>
   <div class='ocr_carea' id='block_1_47' title="bbox 441 2998 2094 3074">
    <p class='ocr_par' dir='ltr' id='par_1_47' title="bbox 441 2998 2094 3074">
     <span class='ocr_line' id='line_1_47' title="bbox 441 2998 2094 3074; baseline 0.001 -19"><span class='ocrx_word' id='word_1_335' title='bbox 441 3016 596 3056; x_wconf 88' lang='lat' dir='ltr'><strong>rum.</strong></span> <span class='ocrx_word' id='word_1_336' title='bbox 635 3003 729 3055; x_wconf 87' lang='lat' dir='ltr'><strong>Est</strong></span> <span class='ocrx_word' id='word_1_337' title='bbox 759 2998 1005 3071; x_wconf 92' lang='lat' dir='ltr'><strong>quidem</strong></span> <span class='ocrx_word' id='word_1_338' title='bbox 1032 3000 1218 3070; x_wconf 88' lang='lat' dir='ltr'><strong>Tyrus</strong></span> <span class='ocrx_word' id='word_1_339' title='bbox 1245 2998 1595 3053; x_wconf 88' lang='lat' dir='ltr'><strong>Phoeniciae</strong></span> <span class='ocrx_word' id='word_1_340' title='bbox 1627 3000 1895 3061; x_wconf 83' lang='lat' dir='ltr'><strong>urbs.sed</strong></span> <span class='ocrx_word' id='word_1_341' title='bbox 1920 3018 2094 3074; x_wconf 92' lang='lat' dir='ltr'><strong>quae,</strong></span> 
     </span>
    </p>
   </div>
   <div class='ocr_carea' id='block_1_48' title="bbox 445 3088 2176 3159">
    <p class='ocr_par' dir='ltr' id='par_1_48' title="bbox 445 3088 2176 3159">
     <span class='ocr_line' id='line_1_48' title="bbox 445 3088 2176 3159; baseline 0.001 -15"><span class='ocrx_word' id='word_1_342' title='bbox 445 3089 522 3145; x_wconf 89' lang='lat' dir='ltr'><strong>uti</strong></span> <span class='ocrx_word' id='word_1_343' title='bbox 550 3094 601 3145; x_wconf 89' lang='lat' dir='ltr'><strong>et</strong></span> <span class='ocrx_word' id='word_1_344' title='bbox 638 3088 844 3154; x_wconf 91' lang='lat' dir='ltr'><strong>Sidon,</strong></span> <span class='ocrx_word' id='word_1_345' title='bbox 880 3092 1122 3158; x_wconf 89' lang='lat' dir='ltr'><strong>propter</strong></span> <span class='ocrx_word' id='word_1_346' title='bbox 1168 3088 1683 3159; x_wconf 87' lang='lat' dir='ltr'><strong>propinquitatem</strong></span> <span class='ocrx_word' id='word_1_347' title='bbox 1734 3088 2098 3146; x_wconf 88' lang='lat' dir='ltr'><strong>Palaestinae</strong></span> <span class='ocrx_word' id='word_1_348' title='bbox 2134 3098 2176 3156; x_wconf 87' lang='lat' dir='ltr'><strong>C</strong></span> 
     </span>
    </p>
   </div>
   <div class='ocr_carea' id='block_1_49' title="bbox 441 3175 2097 3247">
    <p class='ocr_par' dir='ltr' id='par_1_49' title="bbox 441 3175 2097 3247">
     <span class='ocr_line' id='line_1_49' title="bbox 441 3175 2097 3247; baseline 0.001 -14"><span class='ocrx_word' id='word_1_349' title='bbox 441 3177 861 3233; x_wconf 89' lang='lat' dir='ltr'><strong>oontribuitur.</strong></span> <span class='ocrx_word' id='word_1_350' title='bbox 886 3175 1162 3231; x_wconf 89' lang='lat' dir='ltr'><strong>Hodierni</strong></span> <span class='ocrx_word' id='word_1_351' title='bbox 1185 3176 1514 3247; x_wconf 81' lang='lat' dir='ltr'><strong>geographi</strong></span> <span class='ocrx_word' id='word_1_352' title='bbox 1540 3176 1933 3234; x_wconf 87' lang='lat' dir='ltr'><strong>Palaestinam</strong></span> <span class='ocrx_word' id='word_1_353' title='bbox 1956 3179 2097 3235; x_wconf 82' lang='lat' dir='ltr'><strong>duo-</strong></span> 
     </span>
    </p>
   </div>
   <div class='ocr_carea' id='block_1_50' title="bbox 440 3264 2091 3333">
    <p class='ocr_par' dir='ltr' id='par_1_50' title="bbox 440 3264 2091 3333">
     <span class='ocr_line' id='line_1_50' title="bbox 440 3264 2091 3333; baseline 0.001 -11"><span class='ocrx_word' id='word_1_354' title='bbox 440 3266 632 3323; x_wconf 89' lang='lat' dir='ltr'><strong>decim</strong></span> <span class='ocrx_word' id='word_1_355' title='bbox 650 3265 1107 3321; x_wconf 88' lang='lat' dir='ltr'><strong>Israeliticarum</strong></span> <span class='ocrx_word' id='word_1_356' title='bbox 1127 3264 1388 3319; x_wconf 90' lang='lat' dir='ltr'><strong>tribuum</strong></span> <span class='ocrx_word' id='word_1_357' title='bbox 1404 3265 1768 3321; x_wconf 88' lang='lat' dir='ltr'><strong>habitatione</strong></span> <span class='ocrx_word' id='word_1_358' title='bbox 1781 3268 2091 3333; x_wconf 86' lang='lat' dir='ltr'><strong>deﬁniunt,</strong></span> 
     </span>
    </p>
   </div>
   <div class='ocr_carea' id='block_1_51' title="bbox 440 3354 2095 3412">
    <p class='ocr_par' dir='ltr' id='par_1_51' title="bbox 440 3354 2095 3412">
     <span class='ocr_line' id='line_1_51' title="bbox 440 3354 2095 3412; baseline 0.001 -1"><span class='ocrx_word' id='word_1_359' title='bbox 440 3371 550 3411; x_wconf 93' lang='lat' dir='ltr'><strong>nec</strong></span> <span class='ocrx_word' id='word_1_360' title='bbox 606 3371 745 3410; x_wconf 93' lang='lat' dir='ltr'><strong>cum</strong></span> <span class='ocrx_word' id='word_1_361' title='bbox 802 3354 1019 3409; x_wconf 88' lang='lat' dir='ltr'><strong>Veteris</strong></span> <span class='ocrx_word' id='word_1_362' title='bbox 1074 3370 1209 3408; x_wconf 89' lang='lat' dir='ltr'><strong>cum</strong></span> <span class='ocrx_word' id='word_1_363' title='bbox 1271 3355 1412 3408; x_wconf 86' lang='lat' dir='ltr'><strong>Novi</strong></span> <span class='ocrx_word' id='word_1_364' title='bbox 1440 3357 1797 3411; x_wconf 87' lang='lat' dir='ltr'><strong>Testamenti</strong></span> <span class='ocrx_word' id='word_1_365' title='bbox 1832 3356 2095 3412; x_wconf 89' lang='lat' dir='ltr'><strong>historiis</strong></span> 
     </span>
    </p>
   </div>
   <div class='ocr_carea' id='block_1_52' title="bbox 436 3442 2089 3510">
    <p class='ocr_par' dir='ltr' id='par_1_52' title="bbox 436 3442 2089 3510">
     <span class='ocr_line' id='line_1_52' title="bbox 436 3442 2089 3510; baseline -0.001 -11"><span class='ocrx_word' id='word_1_366' title='bbox 436 3444 896 3499; x_wconf 87' lang='lat' dir='ltr'><strong>consentientes.</strong></span> <span class='ocrx_word' id='word_1_367' title='bbox 961 3444 1108 3496; x_wconf 81' lang='lat' dir='ltr'><strong>Nam</strong></span> <span class='ocrx_word' id='word_1_368' title='bbox 1137 3456 1236 3496; x_wconf 84' lang='lat' dir='ltr'><strong>rex</strong></span> <span class='ocrx_word' id='word_1_369' title='bbox 1281 3442 1598 3497; x_wconf 84' lang='lat' dir='ltr'><strong>duodecim</strong></span> <span class='ocrx_word' id='word_1_370' title='bbox 1637 3444 1894 3499; x_wconf 87' lang='lat' dir='ltr'><strong>tribuum</strong></span> <span class='ocrx_word' id='word_1_371' title='bbox 1931 3445 2089 3510; x_wconf 90' lang='lat' dir='ltr'><strong>Saul,</strong></span> 
     </span>
    </p>
   </div>
   <div class='ocr_carea' id='block_1_53' title="bbox 439 3531 2095 3600">
    <p class='ocr_par' dir='ltr' id='par_1_53' title="bbox 439 3531 2095 3600">
     <span class='ocr_line' id='line_1_53' title="bbox 439 3531 2095 3600; baseline 0.001 -15"><span class='ocrx_word' id='word_1_372' title='bbox 439 3537 502 3585; x_wconf 92' lang='lat' dir='ltr'><strong>ut</strong></span> <span class='ocrx_word' id='word_1_373' title='bbox 529 3531 647 3586; x_wconf 79' lang='lat' dir='ltr'><strong>ex]</strong></span> <span class='ocrx_word' id='word_1_374' title='bbox 680 3533 905 3598; x_wconf 82' lang='lat' dir='ltr'><strong>Regum</strong></span> <span class='ocrx_word' id='word_1_375' title='bbox 940 3535 1120 3599; x_wconf 90' lang='lat' dir='ltr'><strong>patet,</strong></span> <span class='ocrx_word' id='word_1_376' title='bbox 1150 3535 1207 3585; x_wconf 91' lang='lat' dir='ltr'><strong>et</strong></span> <span class='ocrx_word' id='word_1_377' title='bbox 1254 3532 1356 3600; x_wconf 90' lang='lat' dir='ltr'><strong>qui</strong></span> <span class='ocrx_word' id='word_1_378' title='bbox 1400 3531 1449 3584; x_wconf 90' lang='lat' dir='ltr'><strong>ei</strong></span> <span class='ocrx_word' id='word_1_379' title='bbox 1478 3532 1760 3587; x_wconf 86' lang='lat' dir='ltr'><strong>successit</strong></span> <span class='ocrx_word' id='word_1_380' title='bbox 1794 3533 1996 3598; x_wconf 91' lang='lat' dir='ltr'><strong>David,</strong></span> <span class='ocrx_word' id='word_1_381' title='bbox 2035 3539 2095 3587; x_wconf 93' lang='lat' dir='ltr'><strong>ut</strong></span> 
     </span>
    </p>
   </div>
   <div class='ocr_carea' id='block_1_54' title="bbox 437 3618 2094 3690">
    <p class='ocr_par' dir='ltr' id='par_1_54' title="bbox 437 3618 2094 3690">
     <span class='ocr_line' id='line_1_54' title="bbox 437 3618 2094 3690; baseline 0.001 -15"><span class='ocrx_word' id='word_1_382' title='bbox 437 3636 508 3675; x_wconf 85' lang='lat' dir='ltr'><strong>ex</strong></span> <span class='ocrx_word' id='word_1_383' title='bbox 539 3620 605 3686; x_wconf 89' lang='lat' dir='ltr'><strong>II,</strong></span> <span class='ocrx_word' id='word_1_384' title='bbox 641 3619 903 3690; x_wconf 91' lang='lat' dir='ltr'><strong>itemque</strong></span> <span class='ocrx_word' id='word_1_385' title='bbox 938 3634 1007 3673; x_wconf 85' lang='lat' dir='ltr'><strong>ex</strong></span> <span class='ocrx_word' id='word_1_386' title='bbox 1037 3621 1052 3672; x_wconf 91' lang='lat' dir='ltr'><strong>l</strong></span> <span class='ocrx_word' id='word_1_387' title='bbox 1107 3618 1363 3689; x_wconf 84' lang='lat' dir='ltr'><strong>Paralip.</strong></span> <span class='ocrx_word' id='word_1_388' title='bbox 1410 3620 1791 3675; x_wconf 86' lang='lat' dir='ltr'><strong>manifestum</strong></span> <span class='ocrx_word' id='word_1_389' title='bbox 1824 3628 1933 3687; x_wconf 88' lang='lat' dir='ltr'><strong>est,</strong></span> <span class='ocrx_word' id='word_1_390' title='bbox 1971 3624 2094 3677; x_wconf 90' lang='lat' dir='ltr'><strong>uni-</strong></span> 
     </span>
    </p>
   </div>
   <div class='ocr_carea' id='block_1_55' title="bbox 435 3707 2094 3776">
    <p class='ocr_par' dir='ltr' id='par_1_55' title="bbox 435 3707 2094 3776">
     <span class='ocr_line' id='line_1_55' title="bbox 435 3707 2094 3776; baseline 0.003 -15"><span class='ocrx_word' id='word_1_391' title='bbox 435 3724 669 3764; x_wconf 85' lang='lat' dir='ltr'><strong>versam</strong></span> <span class='ocrx_word' id='word_1_392' title='bbox 722 3708 803 3763; x_wconf 86' lang='lat' dir='ltr'><strong>Xll</strong></span> <span class='ocrx_word' id='word_1_393' title='bbox 872 3707 1136 3762; x_wconf 88' lang='lat' dir='ltr'><strong>tribuum</strong></span> <span class='ocrx_word' id='word_1_394' title='bbox 1190 3707 1477 3763; x_wconf 89' lang='lat' dir='ltr'><strong>ditionem</strong></span> <span class='ocrx_word' id='word_1_395' title='bbox 1507 3709 1862 3776; x_wconf 90' lang='lat' dir='ltr'><strong>obtinentes,</strong></span> <span class='ocrx_word' id='word_1_396' title='bbox 1909 3709 2094 3767; x_wconf 84' lang='lat' dir='ltr'><strong>multa</strong></span> 
     </span>
    </p>
   </div>
   <div class='ocr_carea' id='block_1_56' title="bbox 436 3796 2089 3866">
    <p class='ocr_par' dir='ltr' id='par_1_56' title="bbox 436 3796 2089 3866">
     <span class='ocr_line' id='line_1_56' title="bbox 436 3796 2089 3866; baseline 0.001 -13"><span class='ocrx_word' id='word_1_397' title='bbox 436 3797 596 3853; x_wconf 90' lang='lat' dir='ltr'><strong>bella</strong></span> <span class='ocrx_word' id='word_1_398' title='bbox 610 3813 747 3852; x_wconf 90' lang='lat' dir='ltr'><strong>cum</strong></span> <span class='ocrx_word' id='word_1_399' title='bbox 766 3796 1240 3861; x_wconf 89' lang='lat' dir='ltr'><strong>Philistaeis,hoc</strong></span> <span class='ocrx_word' id='word_1_400' title='bbox 1259 3796 1601 3852; x_wconf 90' lang='lat' dir='ltr'><strong>estPalaesti</strong></span> <span class='ocrx_word' id='word_1_401' title='bbox 1615 3798 2089 3866; x_wconf 87' lang='lat' dir='ltr'><strong>nis,habuerunt,</strong></span> 
     </span>
    </p>
   </div>
   <div class='ocr_carea' id='block_1_57' title="bbox 434 3885 2094 3959">
    <p class='ocr_par' dir='ltr' id='par_1_57' title="bbox 434 3885 2094 3959">
     <span class='ocr_line' id='line_1_57' title="bbox 434 3885 2094 3959; baseline 0.002 -16"><span class='ocrx_word' id='word_1_402' title='bbox 434 3888 538 3959; x_wconf 91' lang='lat' dir='ltr'><strong>qui</strong></span> <span class='ocrx_word' id='word_1_403' title='bbox 568 3886 767 3957; x_wconf 88' lang='lat' dir='ltr'><strong>utique</strong></span> <span class='ocrx_word' id='word_1_404' title='bbox 786 3885 966 3941; x_wconf 90' lang='lat' dir='ltr'><strong>aliam</strong></span> <span class='ocrx_word' id='word_1_405' title='bbox 986 3885 1064 3941; x_wconf 89' lang='lat' dir='ltr'><strong>ab</strong></span> <span class='ocrx_word' id='word_1_406' title='bbox 1081 3885 1407 3941; x_wconf 88' lang='lat' dir='ltr'><strong>lsraelitide</strong></span> <span class='ocrx_word' id='word_1_407' title='bbox 1433 3893 1585 3942; x_wconf 88' lang='lat' dir='ltr'><strong>terra</strong></span> <span class='ocrx_word' id='word_1_408' title='bbox 1604 3890 1910 3959; x_wconf 88' lang='lat' dir='ltr'><strong>regionem</strong></span> <span class='ocrx_word' id='word_1_409' title='bbox 1931 3890 2094 3946; x_wconf 88' lang='lat' dir='ltr'><strong>habi-</strong></span> 
     </span>
    </p>
   </div>
   <div class='ocr_carea' id='block_1_58' title="bbox 436 3975 2091 4046">
    <p class='ocr_par' dir='ltr' id='par_1_58' title="bbox 436 3975 2091 4046">
     <span class='ocr_line' id='line_1_58' title="bbox 436 3975 2091 4046; baseline 0.004 -14"><span class='ocrx_word' id='word_1_410' title='bbox 436 3977 661 4032; x_wconf 86' lang='lat' dir='ltr'><strong>tabant.</strong></span> <span class='ocrx_word' id='word_1_411' title='bbox 699 3975 967 4031; x_wconf 83' lang='lat' dir='ltr'><strong>Christus</strong></span> <span class='ocrx_word' id='word_1_412' title='bbox 1021 3990 1160 4029; x_wconf 89' lang='lat' dir='ltr'><strong>vero</strong></span> <span class='ocrx_word' id='word_1_413' title='bbox 1210 3976 1353 4043; x_wconf 91' lang='lat' dir='ltr'><strong>ipse,</strong></span> <span class='ocrx_word' id='word_1_414' title='bbox 1384 3977 1482 4046; x_wconf 89' lang='lat' dir='ltr'><strong>qui</strong></span> <span class='ocrx_word' id='word_1_415' title='bbox 1517 3992 1578 4031; x_wconf 92' lang='lat' dir='ltr'><strong>se</strong></span> <span class='ocrx_word' id='word_1_416' title='bbox 1626 3977 1824 4033; x_wconf 81' lang='lat' dir='ltr'><strong>aiebat</strong></span> <span class='ocrx_word' id='word_1_417' title='bbox 1849 3996 1968 4035; x_wconf 87' lang='lat' dir='ltr'><strong>non</strong></span> <span class='ocrx_word' id='word_1_418' title='bbox 1997 3996 2091 4038; x_wconf 88' lang='lat' dir='ltr'><strong>ve-</strong></span> 
     </span>
    </p>
   </div>
   <div class='ocr_carea' id='block_1_59' title="bbox 435 4065 2089 4135">
    <p class='ocr_par' dir='ltr' id='par_1_59' title="bbox 435 4065 2089 4135">
     <span class='ocr_line' id='line_1_59' title="bbox 435 4065 2089 4135; baseline 0.004 -15"><span class='ocrx_word' id='word_1_419' title='bbox 435 4068 591 4121; x_wconf 87' lang='lat' dir='ltr'><strong>nisse</strong></span> <span class='ocrx_word' id='word_1_420' title='bbox 605 4065 720 4120; x_wconf 85' lang='lat' dir='ltr'><strong>nisi</strong></span> <span class='ocrx_word' id='word_1_421' title='bbox 735 4065 814 4120; x_wconf 84' lang='lat' dir='ltr'><strong>ad</strong></span> <span class='ocrx_word' id='word_1_422' title='bbox 827 4078 960 4120; x_wconf 88' lang='lat' dir='ltr'><strong>oves</strong></span> <span class='ocrx_word' id='word_1_423' title='bbox 973 4079 1126 4135; x_wconf 86' lang='lat' dir='ltr'><strong>quae</strong></span> <span class='ocrx_word' id='word_1_424' title='bbox 1133 4065 1438 4131; x_wconf 90' lang='lat' dir='ltr'><strong>perierant</strong></span> <span class='ocrx_word' id='word_1_425' title='bbox 1455 4066 1587 4121; x_wconf 91' lang='lat' dir='ltr'><strong>dom</strong></span> <span class='ocrx_word' id='word_1_426' title='bbox 1596 4082 1662 4121; x_wconf 89' lang='lat' dir='ltr'><strong>us</strong></span> <span class='ocrx_word' id='word_1_427' title='bbox 1675 4067 1867 4124; x_wconf 88' lang='lat' dir='ltr'><strong>Israel</strong></span> <span class='ocrx_word' id='word_1_428' title='bbox 1874 4072 2089 4135; x_wconf 85' lang='lat' dir='ltr'><strong>,Matth.</strong></span> 
     </span>
    </p>
   </div>
   <div class='ocr_carea' id='block_1_60' title="bbox 435 4154 2091 4220">
    <p class='ocr_par' dir='ltr' id='par_1_60' title="bbox 435 4154 2091 4220">
     <span class='ocr_line' id='line_1_60' title="bbox 435 4154 2091 4220; baseline 0.002 -10"><span class='ocrx_word' id='word_1_429' title='bbox 435 4156 542 4217; x_wconf 85' lang='lat' dir='ltr'><strong>XV,</strong></span> <span class='ocrx_word' id='word_1_430' title='bbox 580 4157 664 4218; x_wconf 71' lang='lat'><strong>&#39;24,</strong></span> <span class='ocrx_word' id='word_1_431' title='bbox 700 4160 915 4218; x_wconf 88' lang='lat' dir='ltr'><strong>tamen,</strong></span> <span class='ocrx_word' id='word_1_432' title='bbox 972 4158 1029 4207; x_wconf 91' lang='lat' dir='ltr'><strong>ut</strong></span> <span class='ocrx_word' id='word_1_433' title='bbox 1062 4154 1281 4208; x_wconf 91' lang='lat' dir='ltr'><strong>ibidem</strong></span> <span class='ocrx_word' id='word_1_434' title='bbox 1314 4155 1439 4217; x_wconf 85' lang='lat' dir='ltr'><strong>V,2t</strong></span> <span class='ocrx_word' id='word_1_435' title='bbox 1484 4155 1719 4220; x_wconf 84' lang='lat' dir='ltr'><strong>dicitur,</strong></span> <span class='ocrx_word' id='word_1_436' title='bbox 1769 4160 1997 4213; x_wconf 85' lang='lat' dir='ltr'><strong>secessit</strong></span> <span class='ocrx_word' id='word_1_437' title='bbox 2028 4159 2091 4214; x_wconf 87' lang='lat' dir='ltr'><strong>in</strong></span> 
     </span>
    </p>
   </div>
   <div class='ocr_carea' id='block_1_61' title="bbox 433 4241 2093 4317">
    <p class='ocr_par' dir='ltr' id='par_1_61' title="bbox 433 4241 2093 4317">
     <span class='ocr_line' id='line_1_61' title="bbox 433 4241 2093 4317; baseline 0.002 -19"><span class='ocrx_word' id='word_1_438' title='bbox 433 4250 657 4317; x_wconf 77' lang='lat' dir='ltr'><strong>partes</strong></span> <span class='ocrx_word' id='word_1_439' title='bbox 674 4242 819 4310; x_wconf 81' lang='lat' dir='ltr'><strong>Tyri</strong></span> <span class='ocrx_word' id='word_1_440' title='bbox 834 4248 887 4297; x_wconf 91' lang='lat' dir='ltr'><strong>et</strong></span> <span class='ocrx_word' id='word_1_441' title='bbox 917 4241 1177 4308; x_wconf 83' lang='lat' dir='ltr'><strong>Sidonis,</strong></span> <span class='ocrx_word' id='word_1_442' title='bbox 1200 4242 1360 4312; x_wconf 89' lang='lat' dir='ltr'><strong>quod</strong></span> <span class='ocrx_word' id='word_1_443' title='bbox 1378 4248 1432 4298; x_wconf 87' lang='lat' dir='ltr'><strong>et</strong></span> <span class='ocrx_word' id='word_1_444' title='bbox 1452 4245 1677 4299; x_wconf 86' lang='lat' dir='ltr'><strong>Marcus</strong></span> <span class='ocrx_word' id='word_1_445' title='bbox 1693 4261 1826 4317; x_wconf 93' lang='lat' dir='ltr'><strong>cap.</strong></span> <span class='ocrx_word' id='word_1_446' title='bbox 1843 4247 1932 4300; x_wconf 89' lang='lat' dir='ltr'><strong>VII</strong></span> <span class='ocrx_word' id='word_1_447' title='bbox 1954 4263 2093 4302; x_wconf 92' lang='lat' dir='ltr'><strong>con-</strong></span> 
     </span>
    </p>
   </div>
   <div class='ocr_carea' id='block_1_62' title="bbox 437 4314 2093 4403">
    <p class='ocr_par' dir='ltr' id='par_1_62' title="bbox 437 4314 2093 4403">
     <span class='ocr_line' id='line_1_62' title="bbox 437 4314 2093 4403; baseline 0.003 -18"><span class='ocrx_word' id='word_1_448' title='bbox 437 4314 663 4396; x_wconf 58' lang='lat' dir='ltr'><strong>ﬁrmat:</strong></span> <span class='ocrx_word' id='word_1_449' title='bbox 687 4337 742 4385; x_wconf 91' lang='lat' dir='ltr'><strong>et</strong></span> <span class='ocrx_word' id='word_1_450' title='bbox 772 4330 848 4384; x_wconf 91' lang='lat' dir='ltr'><strong>ibi</strong></span> <span class='ocrx_word' id='word_1_451' title='bbox 874 4330 1106 4385; x_wconf 90' lang='lat' dir='ltr'><strong>curavit</strong></span> <span class='ocrx_word' id='word_1_452' title='bbox 1138 4330 1325 4385; x_wconf 87' lang='lat' dir='ltr'><strong>ﬁliam</strong></span> <span class='ocrx_word' id='word_1_453' title='bbox 1356 4314 1959 4403; x_wconf 27' lang='lat' dir='ltr'><strong>Chananaeae,vprout</strong></span> <span class='ocrx_word' id='word_1_454' title='bbox 1989 4335 2093 4391; x_wconf 90' lang='lat' dir='ltr'><strong>ibi-</strong></span> 
     </span>
    </p>
   </div>
   <div class='ocr_carea' id='block_1_63' title="bbox 436 4418 2167 4514">
    <p class='ocr_par' dir='ltr' id='par_1_63' title="bbox 436 4418 2167 4514">
     <span class='ocr_line' id='line_1_63' title="bbox 436 4418 2167 4514; baseline 0.002 -40"><span class='ocrx_word' id='word_1_455' title='bbox 436 4418 575 4474; x_wconf 85' lang='lat' dir='ltr'><strong>dem</strong></span> <span class='ocrx_word' id='word_1_456' title='bbox 608 4418 1015 4487; x_wconf 87' lang='lat' dir='ltr'><strong>Evangelistae</strong></span> <span class='ocrx_word' id='word_1_457' title='bbox 1061 4426 1343 4514; x_wconf 77' lang='lat' dir='ltr'><strong>narrant;</strong></span> <span class='ocrx_word' id='word_1_458' title='bbox 1377 4420 1551 4514; x_wconf 78' lang='lat' dir='ltr'><strong>quasi</strong></span> <span class='ocrx_word' id='word_1_459' title='bbox 1616 4427 1673 4475; x_wconf 90' lang='lat' dir='ltr'><strong>ut</strong></span> <span class='ocrx_word' id='word_1_460' title='bbox 1730 4423 2087 4489; x_wconf 85' lang='lat' dir='ltr'><strong>ostenderet,</strong></span> <span class='ocrx_word' id='word_1_461' title='bbox 2125 4460 2167 4514; x_wconf 66' lang='grc' dir='ltr'><strong>Β</strong></span> 
     </span>
    </p>
   </div>
   <div class='ocr_carea' id='block_1_64' title="bbox 437 4507 2093 4580">
    <p class='ocr_par' dir='ltr' id='par_1_64' title="bbox 437 4507 2093 4580">
     <span class='ocr_line' id='line_1_64' title="bbox 437 4507 2093 4580; baseline 0.003 -18"><span class='ocrx_word' id='word_1_462' title='bbox 437 4507 787 4563; x_wconf 88' lang='lat' dir='ltr'><strong>Phoenicem</strong></span> <span class='ocrx_word' id='word_1_463' title='bbox 805 4509 932 4577; x_wconf 89' lang='lat' dir='ltr'><strong>jam</strong></span> <span class='ocrx_word' id='word_1_464' title='bbox 962 4513 1087 4561; x_wconf 91' lang='lat' dir='ltr'><strong>tum</strong></span> <span class='ocrx_word' id='word_1_465' title='bbox 1110 4509 1183 4561; x_wconf 88' lang='lat' dir='ltr'><strong>ad</strong></span> <span class='ocrx_word' id='word_1_466' title='bbox 1207 4507 1622 4575; x_wconf 88' lang='lat' dir='ltr'><strong>Palaestinam,</strong></span> <span class='ocrx_word' id='word_1_467' title='bbox 1653 4517 1828 4580; x_wconf 91' lang='lat' dir='ltr'><strong>prout</strong></span> <span class='ocrx_word' id='word_1_468' title='bbox 1853 4511 2000 4567; x_wconf 91' lang='lat' dir='ltr'><strong>haec</strong></span> <span class='ocrx_word' id='word_1_469' title='bbox 2018 4514 2093 4567; x_wconf 91' lang='lat' dir='ltr'><strong>ls-</strong></span> 
     </span>
    </p>
   </div>
   <div class='ocr_carea' id='block_1_65' title="bbox 432 4596 2091 4668">
    <p class='ocr_par' dir='ltr' id='par_1_65' title="bbox 432 4596 2091 4668">
     <span class='ocr_line' id='line_1_65' title="bbox 432 4596 2091 4668; baseline 0.003 -17"><span class='ocrx_word' id='word_1_470' title='bbox 432 4596 761 4652; x_wconf 89' lang='lat' dir='ltr'><strong>raeliticam</strong></span> <span class='ocrx_word' id='word_1_471' title='bbox 790 4597 1099 4665; x_wconf 88' lang='lat' dir='ltr'><strong>regionem</strong></span> <span class='ocrx_word' id='word_1_472' title='bbox 1128 4596 1395 4660; x_wconf 85' lang='lat' dir='ltr'><strong>denotat,</strong></span> <span class='ocrx_word' id='word_1_473' title='bbox 1430 4598 1807 4668; x_wconf 89' lang='lat' dir='ltr'><strong>pertinuisse.</strong></span> <span class='ocrx_word' id='word_1_474' title='bbox 1844 4602 2005 4657; x_wconf 88' lang='lat' dir='ltr'><strong>Certe</strong></span> <span class='ocrx_word' id='word_1_475' title='bbox 2031 4602 2091 4656; x_wconf 92' lang='lat' dir='ltr'><strong>in</strong></span> 
     </span>
    </p>
   </div>
   <div class='ocr_carea' id='block_1_66' title="bbox 433 4686 2087 4759">
    <p class='ocr_par' dir='ltr' id='par_1_66' title="bbox 433 4686 2087 4759">
     <span class='ocr_line' id='line_1_66' title="bbox 433 4686 2087 4759; baseline 0.002 -18"><span class='ocrx_word' id='word_1_476' title='bbox 433 4686 693 4741; x_wconf 89' lang='lat' dir='ltr'><strong>historiis</strong></span> <span class='ocrx_word' id='word_1_477' title='bbox 714 4701 1024 4740; x_wconf 86' lang='lat' dir='ltr'><strong>sacrarum</strong></span> <span class='ocrx_word' id='word_1_478' title='bbox 1056 4686 1498 4755; x_wconf 81' lang='lat' dir='ltr'><strong>expeditionem</strong></span> <span class='ocrx_word' id='word_1_479' title='bbox 1520 4689 1762 4759; x_wconf 88' lang='lat' dir='ltr'><strong>Tyrum,</strong></span> <span class='ocrx_word' id='word_1_480' title='bbox 1785 4690 2087 4759; x_wconf 88' lang='lat' dir='ltr'><strong>Sidonem,</strong></span> 
     </span>
    </p>
   </div>
   <div class='ocr_carea' id='block_1_67' title="bbox 432 4773 2092 4845">
    <p class='ocr_par' dir='ltr' id='par_1_67' title="bbox 432 4773 2092 4845">
     <span class='ocr_line' id='line_1_67' title="bbox 432 4773 2092 4845; baseline 0.004 -17"><span class='ocrx_word' id='word_1_481' title='bbox 432 4780 488 4828; x_wconf 91' lang='lat' dir='ltr'><strong>et</strong></span> <span class='ocrx_word' id='word_1_482' title='bbox 519 4774 899 4829; x_wconf 90' lang='lat' dir='ltr'><strong>Phoeniciam</strong></span> <span class='ocrx_word' id='word_1_483' title='bbox 930 4773 1267 4828; x_wconf 88' lang='lat' dir='ltr'><strong>universam</strong></span> <span class='ocrx_word' id='word_1_484' title='bbox 1287 4774 1651 4830; x_wconf 83' lang='lat' dir='ltr'><strong>Palaestinae</strong></span> <span class='ocrx_word' id='word_1_485' title='bbox 1670 4783 1896 4845; x_wconf 87' lang='lat' dir='ltr'><strong>partem</strong></span> <span class='ocrx_word' id='word_1_486' title='bbox 1928 4780 2092 4835; x_wconf 88' lang='lat' dir='ltr'><strong>vide-</strong></span> 
     </span>
    </p>
   </div>
   <div class='ocr_carea' id='block_1_68' title="bbox 438 4861 2089 4934">
    <p class='ocr_par' dir='ltr' id='par_1_68' title="bbox 438 4861 2089 4934">
     <span class='ocr_line' id='line_1_68' title="bbox 438 4861 2089 4934; baseline 0.005 -17"><span class='ocrx_word' id='word_1_487' title='bbox 438 4879 573 4917; x_wconf 89' lang='lat' dir='ltr'><strong>mus</strong></span> <span class='ocrx_word' id='word_1_488' title='bbox 607 4861 899 4916; x_wconf 87' lang='lat' dir='ltr'><strong>habitam.</strong></span> <span class='ocrx_word' id='word_1_489' title='bbox 930 4862 1304 4933; x_wconf 86' lang='lat' dir='ltr'><strong>Antiquiores</strong></span> <span class='ocrx_word' id='word_1_490' title='bbox 1340 4878 1476 4917; x_wconf 89' lang='lat' dir='ltr'><strong>vero</strong></span> <span class='ocrx_word' id='word_1_491' title='bbox 1526 4863 1701 4934; x_wconf 87' lang='lat' dir='ltr'><strong>longe</strong></span> <span class='ocrx_word' id='word_1_492' title='bbox 1733 4866 1908 4921; x_wconf 91' lang='lat' dir='ltr'><strong>latius</strong></span> <span class='ocrx_word' id='word_1_493' title='bbox 1943 4869 2089 4924; x_wconf 86' lang='lat' dir='ltr'><strong>ﬁnes</strong></span> 
     </span>
    </p>
   </div>
   <div class='ocr_carea' id='block_1_69' title="bbox 436 4950 2079 5027">
    <p class='ocr_par' dir='ltr' id='par_1_69' title="bbox 436 4950 2079 5027">
     <span class='ocr_line' id='line_1_69' title="bbox 436 4950 2079 5027; baseline 0.005 -22"><span class='ocrx_word' id='word_1_494' title='bbox 436 4950 807 5006; x_wconf 87' lang='lat' dir='ltr'><strong>Palaestinae</strong></span> <span class='ocrx_word' id='word_1_495' title='bbox 821 4957 1230 5021; x_wconf 83' lang='lat' dir='ltr'><strong>porrexerunt,</strong></span> <span class='ocrx_word' id='word_1_496' title='bbox 1243 4952 1553 5007; x_wconf 85' lang='lat' dir='ltr'><strong>utOvidius</strong></span> <span class='ocrx_word' id='word_1_497' title='bbox 1566 4955 1668 5025; x_wconf 91' lang='lat' dir='ltr'><strong>qui</strong></span> <span class='ocrx_word' id='word_1_498' title='bbox 1684 4956 1874 5025; x_wconf 89' lang='lat' dir='ltr'><strong>ripam</strong></span> <span class='ocrx_word' id='word_1_499' title='bbox 1896 4959 2079 5027; x_wconf 86' lang='lat' dir='ltr'><strong>Tigris</strong></span> 
     </span>
    </p>
   </div>
   <div class='ocr_carea' id='block_1_70' title="bbox 437 5038 2084 5109">
    <p class='ocr_par' dir='ltr' id='par_1_70' title="bbox 437 5038 2084 5109">
     <span class='ocr_line' id='line_1_70' title="bbox 437 5038 2084 5109; baseline 0.005 -14"><span class='ocrx_word' id='word_1_500' title='bbox 437 5040 633 5095; x_wconf 91' lang='lat' dir='ltr'><strong>amnis</strong></span> <span class='ocrx_word' id='word_1_501' title='bbox 686 5042 1021 5109; x_wconf 88' lang='lat' dir='ltr'><strong>marginem</strong></span> <span class='ocrx_word' id='word_1_502' title='bbox 1094 5038 1465 5095; x_wconf 81' lang='lat' dir='ltr'><strong>Palaestinae</strong></span> <span class='ocrx_word' id='word_1_503' title='bbox 1524 5050 1700 5107; x_wconf 82' lang='lat' dir='ltr'><strong>vocat</strong></span> <span class='ocrx_word' id='word_1_504' title='bbox 1762 5044 1858 5101; x_wconf 89' lang='lat' dir='ltr'><strong>illo</strong></span> <span class='ocrx_word' id='word_1_505' title='bbox 1912 5063 2084 5103; x_wconf 90' lang='lat' dir='ltr'><strong>versu</strong></span> 
     </span>
    </p>
   </div>
   <div class='ocr_carea' id='block_1_71' title="bbox 438 5130 664 5184">
    <p class='ocr_par' dir='ltr' id='par_1_71' title="bbox 438 5130 664 5184">
     <span class='ocr_line' id='line_1_71' title="bbox 438 5130 664 5184; baseline -0.004 0"><span class='ocrx_word' id='word_1_506' title='bbox 438 5130 664 5184; x_wconf 80' lang='lat' dir='ltr'><strong>FastJl.</strong></span> 
     </span>
    </p>
   </div>
   <div class='ocr_carea' id='block_1_72' title="bbox 613 5235 1903 5311">
    <p class='ocr_par' dir='ltr' id='par_1_72' title="bbox 613 5235 1903 5311">
     <span class='ocr_line' id='line_1_72' title="bbox 613 5235 1903 5311; baseline 0.007 -22"><span class='ocrx_word' id='word_1_507' title='bbox 613 5235 802 5306; x_wconf 86' lang='lat' dir='ltr'><strong>Inque</strong></span> <span class='ocrx_word' id='word_1_508' title='bbox 827 5235 1207 5292; x_wconf 85' lang='lat' dir='ltr'><strong>Palaestinae</strong></span> <span class='ocrx_word' id='word_1_509' title='bbox 1231 5236 1503 5308; x_wconf 85' lang='lat' dir='ltr'><strong>margine</strong></span> <span class='ocrx_word' id='word_1_510' title='bbox 1525 5238 1672 5295; x_wconf 84' lang='lat' dir='ltr'><strong>sedit</strong></span> <span class='ocrx_word' id='word_1_511' title='bbox 1694 5256 1903 5311; x_wconf 88' lang='lat' dir='ltr'><strong>aquae,</strong></span> 
     </span>
    </p>
   </div>
   <div class='ocr_carea' id='block_1_73' title="bbox 436 5355 2083 5432">
    <p class='ocr_par' dir='ltr' id='par_1_73' title="bbox 436 5355 2083 5432">
     <span class='ocr_line' id='line_1_73' title="bbox 436 5355 2083 5432; baseline 0.005 -21"><span class='ocrx_word' id='word_1_512' title='bbox 436 5355 839 5427; x_wconf 89' lang='lat' dir='ltr'><strong>adstipulante</strong></span> <span class='ocrx_word' id='word_1_513' title='bbox 892 5356 1094 5421; x_wconf 90' lang='lat' dir='ltr'><strong>Plinio,</strong></span> <span class='ocrx_word' id='word_1_514' title='bbox 1153 5358 1257 5429; x_wconf 90' lang='lat' dir='ltr'><strong>qui</strong></span> <span class='ocrx_word' id='word_1_515' title='bbox 1288 5357 1390 5413; x_wconf 91' lang='lat' dir='ltr'><strong>lib.</strong></span> <span class='ocrx_word' id='word_1_516' title='bbox 1453 5360 1517 5412; x_wconf 86' lang='lat' dir='ltr'><strong>Vi</strong></span> <span class='ocrx_word' id='word_1_517' title='bbox 1571 5377 1703 5432; x_wconf 90' lang='lat' dir='ltr'><strong>cap.</strong></span> <span class='ocrx_word' id='word_1_518' title='bbox 1739 5364 1806 5417; x_wconf 78' lang='lat'><strong>28</strong></span> <span class='ocrx_word' id='word_1_519' title='bbox 1838 5364 2083 5420; x_wconf 90' lang='lat' dir='ltr'><strong>Sittace-</strong></span> 
     </span>
    </p>
   </div>
   <div class='ocr_carea' id='block_1_74' title="bbox 436 5445 2083 5516">
    <p class='ocr_par' dir='ltr' id='par_1_74' title="bbox 436 5445 2083 5516">
     <span class='ocr_line' id='line_1_74' title="bbox 436 5445 2083 5516; baseline 0.007 -16"><span class='ocrx_word' id='word_1_520' title='bbox 436 5460 575 5501; x_wconf 90' lang='lat' dir='ltr'><strong>nem</strong></span> <span class='ocrx_word' id='word_1_521' title='bbox 599 5447 899 5516; x_wconf 91' lang='lat' dir='ltr'><strong>regionem</strong></span> <span class='ocrx_word' id='word_1_522' title='bbox 928 5445 1080 5515; x_wconf 85' lang='lat' dir='ltr'><strong>Tigri</strong></span> <span class='ocrx_word' id='word_1_523' title='bbox 1103 5448 1446 5503; x_wconf 87' lang='lat' dir='ltr'><strong>continuam</strong></span> <span class='ocrx_word' id='word_1_524' title='bbox 1478 5450 1845 5508; x_wconf 89' lang='lat' dir='ltr'><strong>Palaestinae</strong></span> <span class='ocrx_word' id='word_1_525' title='bbox 1877 5470 2083 5511; x_wconf 86' lang='lat' dir='ltr'><strong>accen-</strong></span> 
     </span>
    </p>
   </div>
   <div class='ocr_carea' id='block_1_75' title="bbox 436 5536 2082 5614">
    <p class='ocr_par' dir='ltr' id='par_1_75' title="bbox 436 5536 2082 5614">
     <span class='ocr_line' id='line_1_75' title="bbox 436 5536 2082 5614; baseline 0.006 -26"><span class='ocrx_word' id='word_1_526' title='bbox 436 5539 522 5589; x_wconf 87' lang='lat' dir='ltr'><strong>set</strong></span> <span class='ocrx_word' id='word_1_527' title='bbox 552 5551 564 5601; x_wconf 93' lang='lat'><strong>;</strong></span> <span class='ocrx_word' id='word_1_528' title='bbox 598 5541 659 5589; x_wconf 91' lang='lat' dir='ltr'><strong>ut</strong></span> <span class='ocrx_word' id='word_1_529' title='bbox 679 5536 949 5590; x_wconf 90' lang='lat' dir='ltr'><strong>omittam</strong></span> <span class='ocrx_word' id='word_1_530' title='bbox 969 5536 1133 5606; x_wconf 88' lang='lat' dir='ltr'><strong>quod</strong></span> <span class='ocrx_word' id='word_1_531' title='bbox 1162 5541 1408 5592; x_wconf 87' lang='lat' dir='ltr'><strong>testatur</strong></span> <span class='ocrx_word' id='word_1_532' title='bbox 1428 5538 1800 5606; x_wconf 87' lang='lat' dir='ltr'><strong>Plutarchus,</strong></span> <span class='ocrx_word' id='word_1_533' title='bbox 1822 5544 2082 5614; x_wconf 88' lang='lat' dir='ltr'><strong>Strymo-</strong></span> 
     </span>
    </p>
   </div>
   <div class='ocr_carea' id='block_1_76' title="bbox 438 5624 2076 5688">
    <p class='ocr_par' dir='ltr' id='par_1_76' title="bbox 438 5624 2076 5688">
     <span class='ocr_line' id='line_1_76' title="bbox 438 5624 2076 5688; baseline 0.003 -8"><span class='ocrx_word' id='word_1_534' title='bbox 438 5638 578 5680; x_wconf 91' lang='lat' dir='ltr'><strong>nem</strong></span> <span class='ocrx_word' id='word_1_535' title='bbox 593 5624 969 5682; x_wconf 81' lang='lat' dir='ltr'><strong>Macedoniae</strong></span> <span class='ocrx_word' id='word_1_536' title='bbox 980 5624 1227 5682; x_wconf 90' lang='lat' dir='ltr'><strong>ﬂuvium</strong></span> <span class='ocrx_word' id='word_1_537' title='bbox 1240 5625 1643 5687; x_wconf 89' lang='lat' dir='ltr'><strong>Palaestinum</strong></span> <span class='ocrx_word' id='word_1_538' title='bbox 1658 5628 1800 5686; x_wconf 92' lang='lat' dir='ltr'><strong>olim</strong></span> <span class='ocrx_word' id='word_1_539' title='bbox 1823 5631 2076 5688; x_wconf 91' lang='lat' dir='ltr'><strong>dictum:</strong></span> 
     </span>
    </p>
   </div>
   <div class='ocr_carea' id='block_1_77' title="bbox 2216 1812 3862 1883">
    <p class='ocr_par' dir='ltr' id='par_1_77' title="bbox 2216 1812 3862 1883">
     <span class='ocr_line' id='line_1_77' title="bbox 2216 1812 3862 1883; baseline 0.002 -20"><span class='ocrx_word' id='word_1_540' title='bbox 2216 1817 2539 1875; x_wconf 85' lang='lat' dir='ltr'><strong>ver-satum,</strong></span> <span class='ocrx_word' id='word_1_541' title='bbox 2572 1812 2742 1875; x_wconf 89' lang='lat' dir='ltr'><strong>alias,</strong></span> <span class='ocrx_word' id='word_1_542' title='bbox 2775 1814 3101 1883; x_wconf 91' lang='lat' dir='ltr'><strong>quemdam</strong></span> <span class='ocrx_word' id='word_1_543' title='bbox 3136 1829 3197 1868; x_wconf 93' lang='lat' dir='ltr'><strong>se</strong></span> <span class='ocrx_word' id='word_1_544' title='bbox 3228 1813 3447 1869; x_wconf 88' lang='lat' dir='ltr'><strong>vidisse</strong></span> <span class='ocrx_word' id='word_1_545' title='bbox 3503 1814 3862 1877; x_wconf 88' lang='lat' dir='ltr'><strong>Caesareae;</strong></span> 
     </span>
    </p>
   </div>
   <div class='ocr_carea' id='block_1_78' title="bbox 2214 1899 3860 1975">
    <p class='ocr_par' dir='ltr' id='par_1_78' title="bbox 2214 1899 3860 1975">
     <span class='ocr_line' id='line_1_78' title="bbox 2214 1899 3860 1975; baseline 0.001 -23"><span class='ocrx_word' id='word_1_546' title='bbox 2214 1899 2504 1956; x_wconf 88' lang='lat' dir='ltr'><strong>locahaec</strong></span> <span class='ocrx_word' id='word_1_547' title='bbox 2521 1901 2725 1956; x_wconf 89' lang='lat' dir='ltr'><strong>omnia</strong></span> <span class='ocrx_word' id='word_1_548' title='bbox 2739 1902 3367 1975; x_wconf 85' lang='lat' dir='ltr'><strong>Palestinae.Denique</strong></span> <span class='ocrx_word' id='word_1_549' title='bbox 3410 1902 3581 1959; x_wconf 91' lang='lat' dir='ltr'><strong>initio</strong></span> <span class='ocrx_word' id='word_1_550' title='bbox 3606 1901 3860 1972; x_wconf 91' lang='lat' dir='ltr'><strong>Alloquii</strong></span> 
     </span>
    </p>
   </div>
   <div class='ocr_carea' id='block_1_79' title="bbox 2213 1988 3865 2061">
    <p class='ocr_par' dir='ltr' id='par_1_79' title="bbox 2213 1988 3865 2061">
     <span class='ocr_line' id='line_1_79' title="bbox 2213 1988 3865 2061; baseline 0.001 -18"><span class='ocrx_word' id='word_1_551' title='bbox 2213 1990 2326 2043; x_wconf 88' lang='lat' dir='ltr'><strong>Xlll</strong></span> <span class='ocrx_word' id='word_1_552' title='bbox 2356 1988 2589 2044; x_wconf 87' lang='lat' dir='ltr'><strong>lauram</strong></span> <span class='ocrx_word' id='word_1_553' title='bbox 2625 1989 2862 2044; x_wconf 87' lang='lat' dir='ltr'><strong>abbatis</strong></span> <span class='ocrx_word' id='word_1_554' title='bbox 2917 1992 3207 2046; x_wconf 88' lang='lat' dir='ltr'><strong>Gerasimi</strong></span> <span class='ocrx_word' id='word_1_555' title='bbox 3250 1996 3545 2046; x_wconf 86' lang='lat' dir='ltr'><strong>memorat</strong></span> <span class='ocrx_word' id='word_1_556' title='bbox 3575 1998 3865 2061; x_wconf 90' lang='lat' dir='ltr'><strong>tanquam</strong></span> 
     </span>
    </p>
   </div>
   <div class='ocr_carea' id='block_1_80' title="bbox 2214 2079 3869 2149">
    <p class='ocr_par' dir='ltr' id='par_1_80' title="bbox 2214 2079 3869 2149">
     <span class='ocr_line' id='line_1_80' title="bbox 2214 2079 3869 2149; baseline 0.001 -19"><span class='ocrx_word' id='word_1_557' title='bbox 2214 2079 2470 2133; x_wconf 91' lang='lat' dir='ltr'><strong>vicinam</strong></span> <span class='ocrx_word' id='word_1_558' title='bbox 2491 2079 2621 2133; x_wconf 91' lang='lat' dir='ltr'><strong>loco</strong></span> <span class='ocrx_word' id='word_1_559' title='bbox 2644 2081 2699 2132; x_wconf 86' lang='lat' dir='ltr'><strong>in</strong></span> <span class='ocrx_word' id='word_1_560' title='bbox 2719 2095 2841 2149; x_wconf 91' lang='lat' dir='ltr'><strong>quo</strong></span> <span class='ocrx_word' id='word_1_561' title='bbox 2860 2084 3000 2133; x_wconf 84' lang='lat' dir='ltr'><strong>tunc</strong></span> <span class='ocrx_word' id='word_1_562' title='bbox 3022 2081 3285 2136; x_wconf 89' lang='lat' dir='ltr'><strong>Zosimas</strong></span> <span class='ocrx_word' id='word_1_563' title='bbox 3326 2080 3581 2149; x_wconf 89' lang='lat' dir='ltr'><strong>degebat</strong></span> <span class='ocrx_word' id='word_1_564' title='bbox 3607 2096 3621 2145; x_wconf 91' lang='lat'><strong>;</strong></span> <span class='ocrx_word' id='word_1_565' title='bbox 3653 2093 3869 2134; x_wconf 92' lang='lat' dir='ltr'><strong>coeno-</strong></span> 
     </span>
    </p>
   </div>
   <div class='ocr_carea' id='block_1_81' title="bbox 2216 2166 3869 2241">
    <p class='ocr_par' dir='ltr' id='par_1_81' title="bbox 2216 2166 3869 2241">
     <span class='ocr_line' id='line_1_81' title="bbox 2216 2166 3869 2241; baseline 0.001 -21"><span class='ocrx_word' id='word_1_566' title='bbox 2216 2166 2313 2220; x_wconf 89' lang='lat' dir='ltr'><strong>bio</strong></span> <span class='ocrx_word' id='word_1_567' title='bbox 2342 2182 2558 2237; x_wconf 90' lang='lat' dir='ltr'><strong>nempe</strong></span> <span class='ocrx_word' id='word_1_568' title='bbox 2574 2183 2758 2237; x_wconf 90' lang='lat' dir='ltr'><strong>prope</strong></span> <span class='ocrx_word' id='word_1_569' title='bbox 2774 2169 3255 2241; x_wconf 87' lang='lat' dir='ltr'><strong>Jordanem,quo</strong></span> <span class='ocrx_word' id='word_1_570' title='bbox 3278 2186 3345 2223; x_wconf 84' lang='lat' dir='ltr'><strong>ex</strong></span> <span class='ocrx_word' id='word_1_571' title='bbox 3374 2169 3546 2241; x_wconf 87' lang='lat' dir='ltr'><strong>Tyrio</strong></span> <span class='ocrx_word' id='word_1_572' title='bbox 3577 2168 3869 2239; x_wconf 86' lang='lat' dir='ltr'><strong>migrave-</strong></span> 
     </span>
    </p>
   </div>
   <div class='ocr_carea' id='block_1_82' title="bbox 2212 2256 3867 2328">
    <p class='ocr_par' dir='ltr' id='par_1_82' title="bbox 2212 2256 3867 2328">
     <span class='ocr_line' id='line_1_82' title="bbox 2212 2256 3867 2328; baseline 0 -19"><span class='ocrx_word' id='word_1_573' title='bbox 2212 2256 3221 2328; x_wconf 79' lang='lat' dir='ltr'><strong>rat:fuisseautemlauramquoque</strong></span> <span class='ocrx_word' id='word_1_574' title='bbox 3236 2258 3352 2313; x_wconf 89' lang='lat' dir='ltr'><strong>sive</strong></span> <span class='ocrx_word' id='word_1_575' title='bbox 3372 2264 3643 2313; x_wconf 83' lang='lat' dir='ltr'><strong>monaste</strong></span> <span class='ocrx_word' id='word_1_576' title='bbox 3676 2259 3685 2327; x_wconf 90' lang='grc' dir='ltr'><strong>Ι</strong></span> <span class='ocrx_word' id='word_1_577' title='bbox 3718 2257 3867 2311; x_wconf 88' lang='lat' dir='ltr'><strong>rium</strong></span> 
     </span>
    </p>
   </div>
   <div class='ocr_carea' id='block_1_83' title="bbox 2214 2345 3867 2417">
    <p class='ocr_par' dir='ltr' id='par_1_83' title="bbox 2214 2345 3867 2417">
     <span class='ocr_line' id='line_1_83' title="bbox 2214 2345 3867 2417; baseline 0.001 -19"><span class='ocrx_word' id='word_1_578' title='bbox 2214 2345 2497 2398; x_wconf 87' lang='lat' dir='ltr'><strong>Gerasimi</strong></span> <span class='ocrx_word' id='word_1_579' title='bbox 2558 2345 2964 2417; x_wconf 83' lang='lat' dir='ltr'><strong>prOpinquum</strong></span> <span class='ocrx_word' id='word_1_580' title='bbox 3023 2346 3288 2412; x_wconf 87' lang='lat' dir='ltr'><strong>Jordani,</strong></span> <span class='ocrx_word' id='word_1_581' title='bbox 3341 2347 3499 2401; x_wconf 86' lang='lat' dir='ltr'><strong>clare</strong></span> <span class='ocrx_word' id='word_1_582' title='bbox 3540 2346 3712 2401; x_wconf 88' lang='lat' dir='ltr'><strong>docet</strong></span> <span class='ocrx_word' id='word_1_583' title='bbox 3753 2348 3867 2400; x_wconf 82' lang='grc' dir='ltr'><strong>Μο-</strong></span> 
     </span>
    </p>
   </div>
   <div class='ocr_carea' id='block_1_84' title="bbox 2215 2432 3866 2504">
    <p class='ocr_par' dir='ltr' id='par_1_84' title="bbox 2215 2432 3866 2504">
     <span class='ocr_line' id='line_1_84' title="bbox 2215 2432 3866 2504; baseline 0.003 -19"><span class='ocrx_word' id='word_1_584' title='bbox 2215 2432 2392 2487; x_wconf 89' lang='lat' dir='ltr'><strong>schus</strong></span> <span class='ocrx_word' id='word_1_585' title='bbox 2414 2449 2543 2504; x_wconf 91' lang='lat' dir='ltr'><strong>cap.</strong></span> <span class='ocrx_word' id='word_1_586' title='bbox 2565 2434 2691 2487; x_wconf 90' lang='lat' dir='ltr'><strong>CVII</strong></span> <span class='ocrx_word' id='word_1_587' title='bbox 2714 2436 2861 2489; x_wconf 84' lang='lat' dir='ltr'><strong>Prati</strong></span> <span class='ocrx_word' id='word_1_588' title='bbox 2885 2436 2967 2489; x_wconf 92' lang='lat' dir='ltr'><strong>sic</strong></span> <span class='ocrx_word' id='word_1_589' title='bbox 2985 2437 3258 2491; x_wconf 89' lang='lat' dir='ltr'><strong>scribens</strong></span> <span class='ocrx_word' id='word_1_590' title='bbox 3294 2452 3306 2490; x_wconf 94' lang='lat'>:</span> <span class='ocrx_word' id='word_1_591' title='bbox 3345 2451 3461 2491; x_wconf 84' lang='lat' dir='ltr'><strong>uno</strong></span> <span class='ocrx_word' id='word_1_592' title='bbox 3482 2436 3612 2504; x_wconf 82' lang='lat' dir='ltr'><strong>fere</strong></span> <span class='ocrx_word' id='word_1_593' title='bbox 3636 2435 3866 2490; x_wconf 82' lang='lat' dir='ltr'><strong>millia-</strong></span> 
     </span>
    </p>
   </div>
   <div class='ocr_carea' id='block_1_85' title="bbox 2214 2522 3869 2596">
    <p class='ocr_par' dir='ltr' id='par_1_85' title="bbox 2214 2522 3869 2596">
     <span class='ocr_line' id='line_1_85' title="bbox 2214 2522 3869 2596; baseline 0.002 -20"><span class='ocrx_word' id='word_1_594' title='bbox 2214 2522 2302 2577; x_wconf 91' lang='lat' dir='ltr'><strong>rio</strong></span> <span class='ocrx_word' id='word_1_595' title='bbox 2333 2522 2513 2576; x_wconf 88' lang='lat' dir='ltr'><strong>distat</strong></span> <span class='ocrx_word' id='word_1_596' title='bbox 2540 2537 2577 2577; x_wconf 92' lang='lat' dir='ltr'><strong>a</strong></span> <span class='ocrx_word' id='word_1_597' title='bbox 2595 2523 2863 2578; x_wconf 87' lang='lat' dir='ltr'><strong>Jordane</strong></span> <span class='ocrx_word' id='word_1_598' title='bbox 2883 2526 3305 2581; x_wconf 88' lang='lat' dir='ltr'><strong>monasterium</strong></span> <span class='ocrx_word' id='word_1_599' title='bbox 3335 2525 3495 2596; x_wconf 90' lang='lat' dir='ltr'><strong>quod</strong></span> <span class='ocrx_word' id='word_1_600' title='bbox 3514 2524 3743 2580; x_wconf 85' lang='lat' dir='ltr'><strong>abbatis</strong></span> <span class='ocrx_word' id='word_1_601' title='bbox 3764 2524 3869 2579; x_wconf 87' lang='lat' dir='ltr'><strong>Ge-</strong></span> 
     </span>
    </p>
   </div>
   <div class='ocr_carea' id='block_1_86' title="bbox 2213 2611 3863 2680">
    <p class='ocr_par' dir='ltr' id='par_1_86' title="bbox 2213 2611 3863 2680">
     <span class='ocr_line' id='line_1_86' title="bbox 2213 2611 3863 2680; baseline 0 -14"><span class='ocrx_word' id='word_1_602' title='bbox 2213 2611 2672 2666; x_wconf 86' lang='lat' dir='ltr'><strong>rasimidicitur.</strong></span> <span class='ocrx_word' id='word_1_603' title='bbox 2701 2614 2783 2666; x_wconf 79' lang='lat' dir='ltr'><strong>Ex</strong></span> <span class='ocrx_word' id='word_1_604' title='bbox 2813 2613 2905 2667; x_wconf 90' lang='lat' dir='ltr'><strong>his</strong></span> <span class='ocrx_word' id='word_1_605' title='bbox 2937 2613 3265 2680; x_wconf 82' lang='lat' dir='ltr'><strong>coniicitur,</strong></span> <span class='ocrx_word' id='word_1_606' title='bbox 3300 2619 3421 2668; x_wconf 90' lang='lat' dir='ltr'><strong>tam</strong></span> <span class='ocrx_word' id='word_1_607' title='bbox 3447 2614 3745 2668; x_wconf 83' lang='lat' dir='ltr'><strong>Zosimam</strong></span> <span class='ocrx_word' id='word_1_608' title='bbox 3769 2612 3863 2668; x_wconf 91' lang='lat' dir='ltr'><strong>Al-</strong></span> 
     </span>
    </p>
   </div>
   <div class='ocr_carea' id='block_1_87' title="bbox 2210 2699 3861 2774">
    <p class='ocr_par' dir='ltr' id='par_1_87' title="bbox 2210 2699 3861 2774">
     <span class='ocr_line' id='line_1_87' title="bbox 2210 2699 3861 2774; baseline 0.002 -20"><span class='ocrx_word' id='word_1_609' title='bbox 2210 2699 2550 2772; x_wconf 89' lang='lat' dir='ltr'><strong>loquiorum</strong></span> <span class='ocrx_word' id='word_1_610' title='bbox 2604 2706 2930 2767; x_wconf 89' lang='lat' dir='ltr'><strong>auctorem,</strong></span> <span class='ocrx_word' id='word_1_611' title='bbox 2984 2719 3171 2774; x_wconf 90' lang='lat' dir='ltr'><strong>quam</strong></span> <span class='ocrx_word' id='word_1_612' title='bbox 3227 2708 3591 2774; x_wconf 90' lang='lat' dir='ltr'><strong>repertorem</strong></span> <span class='ocrx_word' id='word_1_613' title='bbox 3647 2703 3861 2758; x_wconf 86' lang='lat' dir='ltr'><strong>Mariae</strong></span> 
     </span>
    </p>
   </div>
   <div class='ocr_carea' id='block_1_88' title="bbox 2211 2790 3325 2860">
    <p class='ocr_par' dir='ltr' id='par_1_88' title="bbox 2211 2790 3325 2860">
     <span class='ocr_line' id='line_1_88' title="bbox 2211 2790 3325 2860; baseline 0.002 -16"><span class='ocrx_word' id='word_1_614' title='bbox 2211 2791 2609 2860; x_wconf 82' lang='lat' dir='ltr'><strong>Aegyptiacae</strong></span> <span class='ocrx_word' id='word_1_615' title='bbox 2638 2791 2695 2844; x_wconf 91' lang='lat' dir='ltr'><strong>in</strong></span> <span class='ocrx_word' id='word_1_616' title='bbox 2725 2790 3051 2847; x_wconf 90' lang='lat' dir='ltr'><strong>Palaestina</strong></span> <span class='ocrx_word' id='word_1_617' title='bbox 3082 2792 3325 2848; x_wconf 85' lang='lat' dir='ltr'><strong>vixisse.</strong></span> 
     </span>
    </p>
   </div>
   <div class='ocr_carea' id='block_1_89' title="bbox 2280 2878 3854 2952">
    <p class='ocr_par' dir='ltr' id='par_1_89' title="bbox 2280 2878 3854 2952">
     <span class='ocr_line' id='line_1_89' title="bbox 2280 2878 3854 2952; baseline 0.001 -19"><span class='ocrx_word' id='word_1_618' title='bbox 2280 2878 2391 2933; x_wconf 85' lang='lat' dir='ltr'><strong>XII.</strong></span> <span class='ocrx_word' id='word_1_619' title='bbox 2426 2879 2729 2934; x_wconf 80' lang='lat' dir='ltr'><strong>Secundus</strong></span> <span class='ocrx_word' id='word_1_620' title='bbox 2755 2885 2841 2935; x_wconf 87' lang='lat' dir='ltr'><strong>est</strong></span> <span class='ocrx_word' id='word_1_621' title='bbox 2868 2881 3174 2935; x_wconf 85' lang='lat' dir='ltr'><strong>character</strong></span> <span class='ocrx_word' id='word_1_622' title='bbox 3205 2880 3524 2937; x_wconf 89' lang='lat' dir='ltr'><strong>identitatis</strong></span> <span class='ocrx_word' id='word_1_623' title='bbox 3553 2881 3854 2952; x_wconf 87' lang='lat' dir='ltr'><strong>utriusque</strong></span> 
     </span>
    </p>
   </div>
   <div class='ocr_carea' id='block_1_90' title="bbox 2210 2968 3859 3038">
    <p class='ocr_par' dir='ltr' id='par_1_90' title="bbox 2210 2968 3859 3038">
     <span class='ocr_line' id='line_1_90' title="bbox 2210 2968 3859 3038; baseline 0.002 -16"><span class='ocrx_word' id='word_1_624' title='bbox 2210 2968 2496 3033; x_wconf 89' lang='lat' dir='ltr'><strong>Zosimae,</strong></span> <span class='ocrx_word' id='word_1_625' title='bbox 2521 2969 2731 3038; x_wconf 90' lang='lat' dir='ltr'><strong>genius</strong></span> <span class='ocrx_word' id='word_1_626' title='bbox 2749 2969 3069 3025; x_wconf 89' lang='lat' dir='ltr'><strong>amborum</strong></span> <span class='ocrx_word' id='word_1_627' title='bbox 3096 2987 3249 3025; x_wconf 89' lang='lat' dir='ltr'><strong>unus</strong></span> <span class='ocrx_word' id='word_1_628' title='bbox 3272 2987 3343 3026; x_wconf 88' lang='lat' dir='ltr'><strong>ac</strong></span> <span class='ocrx_word' id='word_1_629' title='bbox 3372 2987 3590 3026; x_wconf 91' lang='lat' dir='ltr'><strong>mores.</strong></span> <span class='ocrx_word' id='word_1_630' title='bbox 3627 2970 3859 3026; x_wconf 81' lang='lat' dir='ltr'><strong>Relator</strong></span> 
     </span>
    </p>
   </div>
   <div class='ocr_carea' id='block_1_91' title="bbox 2209 3058 3864 3131">
    <p class='ocr_par' dir='ltr' id='par_1_91' title="bbox 2209 3058 3864 3131">
     <span class='ocr_line' id='line_1_91' title="bbox 2209 3058 3864 3131; baseline 0.001 -20"><span class='ocrx_word' id='word_1_631' title='bbox 2209 3062 2487 3111; x_wconf 78' lang='lat' dir='ltr'><strong>Actorum</strong></span> <span class='ocrx_word' id='word_1_632' title='bbox 2514 3058 2928 3129; x_wconf 87' lang='lat' dir='ltr'><strong>Mariae,quod</strong></span> <span class='ocrx_word' id='word_1_633' title='bbox 2962 3074 2995 3114; x_wconf 93' lang='lat' dir='ltr'><strong>e</strong></span> <span class='ocrx_word' id='word_1_634' title='bbox 3021 3059 3243 3131; x_wconf 88' lang='lat' dir='ltr'><strong>scripto</strong></span> <span class='ocrx_word' id='word_1_635' title='bbox 3274 3059 3563 3131; x_wconf 89' lang='lat' dir='ltr'><strong>anonymi</strong></span> <span class='ocrx_word' id='word_1_636' title='bbox 3581 3059 3864 3115; x_wconf 78' lang='lat' dir='ltr'><strong>monachi</strong></span> 
     </span>
    </p>
   </div>
   <div class='ocr_carea' id='block_1_92' title="bbox 2211 3146 3864 3218">
    <p class='ocr_par' dir='ltr' id='par_1_92' title="bbox 2211 3146 3864 3218">
     <span class='ocr_line' id='line_1_92' title="bbox 2211 3146 3864 3218; baseline 0.002 -17"><span class='ocrx_word' id='word_1_637' title='bbox 2211 3152 2388 3217; x_wconf 90' lang='lat' dir='ltr'><strong>patet,</strong></span> <span class='ocrx_word' id='word_1_638' title='bbox 2446 3146 2656 3201; x_wconf 85' lang='lat' dir='ltr'><strong>doctus</strong></span> <span class='ocrx_word' id='word_1_639' title='bbox 2685 3147 2931 3218; x_wconf 90' lang='lat' dir='ltr'><strong>quidem</strong></span> <span class='ocrx_word' id='word_1_640' title='bbox 2963 3153 3021 3202; x_wconf 87' lang='lat' dir='ltr'><strong>et</strong></span> <span class='ocrx_word' id='word_1_641' title='bbox 3078 3148 3336 3204; x_wconf 90' lang='lat' dir='ltr'><strong>disertus</strong></span> <span class='ocrx_word' id='word_1_642' title='bbox 3369 3148 3453 3203; x_wconf 89' lang='lat' dir='ltr'><strong>vir</strong></span> <span class='ocrx_word' id='word_1_643' title='bbox 3484 3147 3615 3212; x_wconf 84' lang='lat' dir='ltr'><strong>fuit,</strong></span> <span class='ocrx_word' id='word_1_644' title='bbox 3647 3148 3864 3204; x_wconf 88' lang='lat' dir='ltr'><strong>docere</strong></span> 
     </span>
    </p>
   </div>
   <div class='ocr_carea' id='block_1_93' title="bbox 2208 3235 3863 3305">
    <p class='ocr_par' dir='ltr' id='par_1_93' title="bbox 2208 3235 3863 3305">
     <span class='ocr_line' id='line_1_93' title="bbox 2208 3235 3863 3305; baseline 0.002 -16"><span class='ocrx_word' id='word_1_645' title='bbox 2208 3240 2409 3290; x_wconf 88' lang='lat' dir='ltr'><strong>tamen</strong></span> <span class='ocrx_word' id='word_1_646' title='bbox 2443 3235 2578 3289; x_wconf 88' lang='lat' dir='ltr'><strong>viva</strong></span> <span class='ocrx_word' id='word_1_647' title='bbox 2602 3241 2944 3305; x_wconf 88' lang='lat' dir='ltr'><strong>praesentes</strong></span> <span class='ocrx_word' id='word_1_648' title='bbox 2973 3251 3115 3291; x_wconf 92' lang='lat' dir='ltr'><strong>voce</strong></span> <span class='ocrx_word' id='word_1_649' title='bbox 3138 3242 3453 3292; x_wconf 90' lang='lat' dir='ltr'><strong>contentus</strong></span> <span class='ocrx_word' id='word_1_650' title='bbox 3476 3254 3511 3292; x_wconf 90' lang='lat' dir='ltr'><strong>a</strong></span> <span class='ocrx_word' id='word_1_651' title='bbox 3542 3236 3863 3292; x_wconf 86' lang='lat' dir='ltr'><strong>scribendo</strong></span> 
     </span>
    </p>
   </div>
   <div class='ocr_carea' id='block_1_94' title="bbox 2207 3324 3857 3397">
    <p class='ocr_par' dir='ltr' id='par_1_94' title="bbox 2207 3324 3857 3397">
     <span class='ocr_line' id='line_1_94' title="bbox 2207 3324 3857 3397; baseline 0.001 -19"><span class='ocrx_word' id='word_1_652' title='bbox 2207 3324 2508 3379; x_wconf 82' lang='lat' dir='ltr'><strong>abstinuit.</strong></span> <span class='ocrx_word' id='word_1_653' title='bbox 2545 3324 2873 3379; x_wconf 82' lang='lat' dir='ltr'><strong>Audiamus</strong></span> <span class='ocrx_word' id='word_1_654' title='bbox 2922 3324 3037 3380; x_wconf 92' lang='lat' dir='ltr'><strong>hoc</strong></span> <span class='ocrx_word' id='word_1_655' title='bbox 3094 3331 3407 3382; x_wconf 90' lang='lat' dir='ltr'><strong>testantem</strong></span> <span class='ocrx_word' id='word_1_656' title='bbox 3442 3342 3857 3397; x_wconf 85' lang='lat' dir='ltr'><strong>anonymum;</strong></span> 
     </span>
    </p>
   </div>
   <div class='ocr_carea' id='block_1_95' title="bbox 2212 3412 3856 3482">
    <p class='ocr_par' dir='ltr' id='par_1_95' title="bbox 2212 3412 3856 3482">
     <span class='ocr_line' id='line_1_95' title="bbox 2212 3412 3856 3482; baseline 0.002 -17"><span class='ocrx_word' id='word_1_657' title='bbox 2212 3412 2293 3466; x_wconf 89' lang='lat' dir='ltr'><strong>sic</strong></span> <span class='ocrx_word' id='word_1_658' title='bbox 2321 3428 2487 3469; x_wconf 93' lang='lat' dir='ltr'><strong>num.</strong></span> <span class='ocrx_word' id='word_1_659' title='bbox 2522 3416 2553 3465; x_wconf 85' lang='lat'><strong>&#39;2</strong></span> <span class='ocrx_word' id='word_1_660' title='bbox 2586 3413 2789 3467; x_wconf 89' lang='lat' dir='ltr'><strong>scribit</strong></span> <span class='ocrx_word' id='word_1_661' title='bbox 2818 3431 2830 3469; x_wconf 93' lang='lat'>:</span> <span class='ocrx_word' id='word_1_662' title='bbox 2872 3414 2987 3469; x_wconf 87' lang='lat' dir='ltr'><strong>Iste</strong></span> <span class='ocrx_word' id='word_1_663' title='bbox 3014 3414 3281 3469; x_wconf 89' lang='lat' dir='ltr'><strong>Zosimas</strong></span> <span class='ocrx_word' id='word_1_664' title='bbox 3319 3414 3687 3472; x_wconf 71' lang='lat' dir='ltr'><strong>orthodoxus</strong></span> <span class='ocrx_word' id='word_1_665' title='bbox 3712 3414 3856 3482; x_wconf 82' lang='lat' dir='ltr'><strong>fuit,</strong></span> 
     </span>
    </p>
   </div>
   <div class='ocr_carea' id='block_1_96' title="bbox 2204 3500 3858 3575">
    <p class='ocr_par' dir='ltr' id='par_1_96' title="bbox 2204 3500 3858 3575">
     <span class='ocr_line' id='line_1_96' title="bbox 2204 3500 3858 3575; baseline 0.003 -21"><span class='ocrx_word' id='word_1_666' title='bbox 2204 3504 2305 3571; x_wconf 85' lang='lat' dir='ltr'><strong>qui</strong></span> <span class='ocrx_word' id='word_1_667' title='bbox 2330 3500 2392 3555; x_wconf 89' lang='lat' dir='ltr'><strong>in</strong></span> <span class='ocrx_word' id='word_1_668' title='bbox 2426 3504 3049 3557; x_wconf 89' lang='lat' dir='ltr'><strong>unomonasteriorum</strong></span> <span class='ocrx_word' id='word_1_669' title='bbox 3072 3503 3312 3573; x_wconf 88' lang='lat' dir='ltr'><strong>[nempe</strong></span> <span class='ocrx_word' id='word_1_670' title='bbox 3342 3505 3538 3574; x_wconf 86' lang='lat' dir='ltr'><strong>Tyrio,</strong></span> <span class='ocrx_word' id='word_1_671' title='bbox 3572 3520 3642 3559; x_wconf 86' lang='lat' dir='ltr'><strong>ex</strong></span> <span class='ocrx_word' id='word_1_672' title='bbox 3674 3518 3858 3575; x_wconf 83' lang='lat' dir='ltr'><strong>supra</strong></span> 
     </span>
    </p>
   </div>
   <div class='ocr_carea' id='block_1_97' title="bbox 2204 3589 3857 3659">
    <p class='ocr_par' dir='ltr' id='par_1_97' title="bbox 2204 3589 3857 3659">
     <span class='ocr_line' id='line_1_97' title="bbox 2204 3589 3857 3659; baseline 0.004 -18"><span class='ocrx_word' id='word_1_673' title='bbox 2204 3589 2394 3659; x_wconf 88' lang='lat' dir='ltr'><strong>dictis]</strong></span> <span class='ocrx_word' id='word_1_674' title='bbox 2428 3589 2501 3644; x_wconf 94' lang='lat' dir='ltr'><strong>ab</strong></span> <span class='ocrx_word' id='word_1_675' title='bbox 2532 3589 2700 3643; x_wconf 90' lang='lat' dir='ltr'><strong>initio</strong></span> <span class='ocrx_word' id='word_1_676' title='bbox 2716 3598 3124 3653; x_wconf 86' lang='lat' dir='ltr'><strong>conversatus,</strong></span> <span class='ocrx_word' id='word_1_677' title='bbox 3156 3606 3265 3659; x_wconf 86' lang='lat' dir='ltr'><strong>per</strong></span> <span class='ocrx_word' id='word_1_678' title='bbox 3286 3606 3455 3647; x_wconf 89' lang='lat' dir='ltr'><strong>omne</strong></span> <span class='ocrx_word' id='word_1_679' title='bbox 3481 3592 3857 3648; x_wconf 76' lang='lat' dir='ltr'><strong>exercitatio-</strong></span> 
     </span>
    </p>
   </div>
   <div class='ocr_carea' id='block_1_98' title="bbox 2204 3676 3854 3748">
    <p class='ocr_par' dir='ltr' id='par_1_98' title="bbox 2204 3676 3854 3748">
     <span class='ocr_line' id='line_1_98' title="bbox 2204 3676 3854 3748; baseline 0.004 -18"><span class='ocrx_word' id='word_1_680' title='bbox 2204 3678 2297 3732; x_wconf 88' lang='lat' dir='ltr'><strong>nis</strong></span> <span class='ocrx_word' id='word_1_681' title='bbox 2313 3676 2545 3748; x_wconf 88' lang='lat' dir='ltr'><strong>[graece</strong></span> <span class='ocrx_word' id='word_1_682' title='bbox 2563 3678 2795 3748; x_wconf 82' lang='lat' dir='ltr'><strong>ascesis]</strong></span> <span class='ocrx_word' id='word_1_683' title='bbox 2820 3694 3005 3747; x_wconf 88' lang='lat' dir='ltr'><strong>genus</strong></span> <span class='ocrx_word' id='word_1_684' title='bbox 3028 3680 3318 3748; x_wconf 86' lang='lat' dir='ltr'><strong>probatus</strong></span> <span class='ocrx_word' id='word_1_685' title='bbox 3332 3685 3434 3745; x_wconf 90' lang='lat' dir='ltr'><strong>est,</strong></span> <span class='ocrx_word' id='word_1_686' title='bbox 3452 3685 3504 3737; x_wconf 93' lang='lat' dir='ltr'><strong>et</strong></span> <span class='ocrx_word' id='word_1_687' title='bbox 3530 3681 3611 3736; x_wconf 88' lang='lat' dir='ltr'><strong>ad</strong></span> <span class='ocrx_word' id='word_1_688' title='bbox 3624 3696 3854 3736; x_wconf 90' lang='lat' dir='ltr'><strong>omnem</strong></span> 
     </span>
    </p>
   </div>
   <div class='ocr_carea' id='block_1_99' title="bbox 2206 3765 3858 3840">
    <p class='ocr_par' dir='ltr' id='par_1_99' title="bbox 2206 3765 3858 3840">
     <span class='ocr_line' id='line_1_99' title="bbox 2206 3765 3858 3840; baseline 0.002 -20"><span class='ocrx_word' id='word_1_689' title='bbox 2206 3765 2477 3822; x_wconf 87' lang='lat' dir='ltr'><strong>virtutem</strong></span> <span class='ocrx_word' id='word_1_690' title='bbox 2492 3768 3225 3836; x_wconf 83' lang='lat' dir='ltr'><strong>congruenterinstitutus,</strong></span> <span class='ocrx_word' id='word_1_691' title='bbox 3252 3777 3435 3825; x_wconf 85' lang='lat' dir='ltr'><strong>totum</strong></span> <span class='ocrx_word' id='word_1_692' title='bbox 3450 3770 3685 3840; x_wconf 79' lang='lat' dir='ltr'><strong>quidem</strong></span> <span class='ocrx_word' id='word_1_693' title='bbox 3700 3770 3858 3825; x_wconf 86' lang='lat' dir='ltr'><strong>ordi-</strong></span> 
     </span>
    </p>
   </div>
   <div class='ocr_carea' id='block_1_100' title="bbox 2203 3854 3853 3923">
    <p class='ocr_par' dir='ltr' id='par_1_100' title="bbox 2203 3854 3853 3923">
     <span class='ocr_line' id='line_1_100' title="bbox 2203 3854 3853 3923; baseline 0.002 -13"><span class='ocrx_word' id='word_1_694' title='bbox 2203 3871 2335 3911; x_wconf 89' lang='lat' dir='ltr'><strong>nem</strong></span> <span class='ocrx_word' id='word_1_695' title='bbox 2348 3855 2406 3909; x_wconf 91' lang='lat' dir='ltr'><strong>in</strong></span> <span class='ocrx_word' id='word_1_696' title='bbox 2421 3854 2701 3911; x_wconf 84' lang='lat' dir='ltr'><strong>eiusmodi</strong></span> <span class='ocrx_word' id='word_1_697' title='bbox 2710 3857 3016 3923; x_wconf 87' lang='lat' dir='ltr'><strong>palaestra</strong></span> <span class='ocrx_word' id='word_1_698' title='bbox 3028 3857 3255 3913; x_wconf 88' lang='lat' dir='ltr'><strong>solitum</strong></span> <span class='ocrx_word' id='word_1_699' title='bbox 3271 3858 3504 3915; x_wconf 87' lang='lat' dir='ltr'><strong>servari</strong></span> <span class='ocrx_word' id='word_1_700' title='bbox 3516 3858 3853 3923; x_wconf 80' lang='lat' dir='ltr'><strong>custodiuit,</strong></span> 
     </span>
    </p>
   </div>
   <div class='ocr_carea' id='block_1_101' title="bbox 2202 3946 3859 4018">
    <p class='ocr_par' dir='ltr' id='par_1_101' title="bbox 2202 3946 3859 4018">
     <span class='ocr_line' id='line_1_101' title="bbox 2202 3946 3859 4018; baseline 0.002 -19"><span class='ocrx_word' id='word_1_701' title='bbox 2202 3946 2396 4000; x_wconf 90' lang='lat' dir='ltr'><strong>multa</strong></span> <span class='ocrx_word' id='word_1_702' title='bbox 2411 3960 2545 3999; x_wconf 85' lang='lat' dir='ltr'><strong>vero</strong></span> <span class='ocrx_word' id='word_1_703' title='bbox 2558 3952 2610 3999; x_wconf 91' lang='lat' dir='ltr'><strong>et</strong></span> <span class='ocrx_word' id='word_1_704' title='bbox 2624 3952 2833 4013; x_wconf 84' lang='lat' dir='ltr'><strong>sponte</strong></span> <span class='ocrx_word' id='word_1_705' title='bbox 2853 3946 3090 4011; x_wconf 88' lang='lat' dir='ltr'><strong>adiecit,</strong></span> <span class='ocrx_word' id='word_1_706' title='bbox 3128 3948 3328 4004; x_wconf 88' lang='lat' dir='ltr'><strong>volens</strong></span> <span class='ocrx_word' id='word_1_707' title='bbox 3360 3963 3599 4003; x_wconf 87' lang='lat' dir='ltr'><strong>carnem</strong></span> <span class='ocrx_word' id='word_1_708' title='bbox 3616 3946 3859 4018; x_wconf 83' lang='lat' dir='ltr'><strong>spiritui</strong></span> 
     </span>
    </p>
   </div>
   <div class='ocr_carea' id='block_1_102' title="bbox 2202 4033 3856 4105">
    <p class='ocr_par' dir='ltr' id='par_1_102' title="bbox 2202 4033 3856 4105">
     <span class='ocr_line' id='line_1_102' title="bbox 2202 4033 3856 4105; baseline 0.001 -15"><span class='ocrx_word' id='word_1_709' title='bbox 2202 4033 2530 4102; x_wconf 86' lang='lat' dir='ltr'><strong>subiicere;</strong></span> <span class='ocrx_word' id='word_1_710' title='bbox 2560 4034 2718 4105; x_wconf 86' lang='lat' dir='ltr'><strong>quod</strong></span> <span class='ocrx_word' id='word_1_711' title='bbox 2736 4034 2822 4091; x_wconf 90' lang='lat' dir='ltr'><strong>ita</strong></span> <span class='ocrx_word' id='word_1_712' title='bbox 2849 4034 2901 4089; x_wconf 90' lang='lat' dir='ltr'><strong>ei</strong></span> <span class='ocrx_word' id='word_1_713' title='bbox 2920 4037 3213 4100; x_wconf 82' lang='lat' dir='ltr'><strong>successit.</strong></span> <span class='ocrx_word' id='word_1_714' title='bbox 3239 4044 3302 4091; x_wconf 90' lang='lat' dir='ltr'><strong>ut</strong></span> <span class='ocrx_word' id='word_1_715' title='bbox 3328 4043 3576 4105; x_wconf 87' lang='lat' dir='ltr'><strong>propter</strong></span> <span class='ocrx_word' id='word_1_716' title='bbox 3604 4038 3856 4093; x_wconf 89' lang='lat' dir='ltr'><strong>multam</strong></span> 
     </span>
    </p>
   </div>
   <div class='ocr_carea' id='block_1_103' title="bbox 2206 4121 3857 4193">
    <p class='ocr_par' dir='ltr' id='par_1_103' title="bbox 2206 4121 3857 4193">
     <span class='ocr_line' id='line_1_103' title="bbox 2206 4121 3857 4193; baseline 0.001 -16"><span class='ocrx_word' id='word_1_717' title='bbox 2206 4138 2407 4180; x_wconf 86' lang='lat' dir='ltr'><strong>rerum</strong></span> <span class='ocrx_word' id='word_1_718' title='bbox 2420 4121 2825 4193; x_wconf 81' lang='lat' dir='ltr'><strong>spiritualium</strong></span> <span class='ocrx_word' id='word_1_719' title='bbox 2846 4124 3273 4191; x_wconf 62' lang='lat' dir='ltr'><strong>experientiam</strong></span> <span class='ocrx_word' id='word_1_720' title='bbox 3300 4126 3534 4192; x_wconf 90' lang='lat' dir='ltr'><strong>saepius</strong></span> <span class='ocrx_word' id='word_1_721' title='bbox 3560 4140 3635 4181; x_wconf 77' lang='lat' dir='ltr'><strong>ea:</strong></span> <span class='ocrx_word' id='word_1_722' title='bbox 3649 4124 3857 4182; x_wconf 83' lang='lat' dir='ltr'><strong>vicinis</strong></span> 
     </span>
    </p>
   </div>
   <div class='ocr_carea' id='block_1_104' title="bbox 2203 4211 3861 4280">
    <p class='ocr_par' dir='ltr' id='par_1_104' title="bbox 2203 4211 3861 4280">
     <span class='ocr_line' id='line_1_104' title="bbox 2203 4211 3861 4280; baseline 0.001 -12"><span class='ocrx_word' id='word_1_723' title='bbox 2203 4219 2306 4268; x_wconf 89' lang='lat' dir='ltr'><strong>aut</strong></span> <span class='ocrx_word' id='word_1_724' title='bbox 2321 4211 2496 4267; x_wconf 90' lang='lat' dir='ltr'><strong>etiam</strong></span> <span class='ocrx_word' id='word_1_725' title='bbox 2524 4212 2935 4267; x_wconf 85' lang='lat' dir='ltr'><strong>remotioribus</strong></span> <span class='ocrx_word' id='word_1_726' title='bbox 2952 4213 3324 4269; x_wconf 88' lang='lat' dir='ltr'><strong>monasteriis</strong></span> <span class='ocrx_word' id='word_1_727' title='bbox 3345 4214 3425 4269; x_wconf 87' lang='lat' dir='ltr'><strong>ad</strong></span> <span class='ocrx_word' id='word_1_728' title='bbox 3445 4230 3575 4270; x_wconf 90' lang='lat' dir='ltr'><strong>eum</strong></span> <span class='ocrx_word' id='word_1_729' title='bbox 3607 4218 3861 4280; x_wconf 83' lang='lat' dir='ltr'><strong>con/lue-</strong></span> 
     </span>
    </p>
   </div>
   <div class='ocr_carea' id='block_1_105' title="bbox 2206 4300 3860 4373">
    <p class='ocr_par' dir='ltr' id='par_1_105' title="bbox 2206 4300 3860 4373">
     <span class='ocr_line' id='line_1_105' title="bbox 2206 4300 3860 4373; baseline 0.001 -17"><span class='ocrx_word' id='word_1_730' title='bbox 2206 4308 2337 4356; x_wconf 88' lang='lat' dir='ltr'><strong>rent</strong></span> <span class='ocrx_word' id='word_1_731' title='bbox 2360 4302 2595 4371; x_wconf 82' lang='lat' dir='ltr'><strong>plures,</strong></span> <span class='ocrx_word' id='word_1_732' title='bbox 2612 4300 2797 4369; x_wconf 86' lang='lat' dir='ltr'><strong>ipsius</strong></span> <span class='ocrx_word' id='word_1_733' title='bbox 2819 4302 3095 4358; x_wconf 85' lang='lat' dir='ltr'><strong>doctrina</strong></span> <span class='ocrx_word' id='word_1_734' title='bbox 3123 4303 3203 4358; x_wconf 90' lang='lat' dir='ltr'><strong>ad</strong></span> <span class='ocrx_word' id='word_1_735' title='bbox 3219 4303 3642 4373; x_wconf 84' lang='lat' dir='ltr'><strong>perfectionem</strong></span> <span class='ocrx_word' id='word_1_736' title='bbox 3671 4304 3860 4373; x_wconf 84' lang='lat' dir='ltr'><strong>infor-</strong></span> 
     </span>
    </p>
   </div>
   <div class='ocr_carea' id='block_1_106' title="bbox 2202 4389 3848 4448">
    <p class='ocr_par' dir='ltr' id='par_1_106' title="bbox 2202 4389 3848 4448">
     <span class='ocr_line' id='line_1_106' title="bbox 2202 4389 3848 4448; baseline 0.001 -3"><span class='ocrx_word' id='word_1_737' title='bbox 2202 4390 2430 4445; x_wconf 83' lang='lat' dir='ltr'><strong>mandi.</strong></span> <span class='ocrx_word' id='word_1_738' title='bbox 2468 4394 2548 4444; x_wconf 88' lang='lat' dir='ltr'><strong>lta</strong></span> <span class='ocrx_word' id='word_1_739' title='bbox 2581 4389 2689 4443; x_wconf 89' lang='lat' dir='ltr'><strong>ille.</strong></span> <span class='ocrx_word' id='word_1_740' title='bbox 2724 4395 2810 4444; x_wconf 85' lang='lat' dir='ltr'><strong>An</strong></span> <span class='ocrx_word' id='word_1_741' title='bbox 2845 4406 2964 4445; x_wconf 88' lang='lat' dir='ltr'><strong>non</strong></span> <span class='ocrx_word' id='word_1_742' title='bbox 2996 4392 3143 4446; x_wconf 84' lang='lat' dir='ltr'><strong>haec</strong></span> <span class='ocrx_word' id='word_1_743' title='bbox 3169 4397 3225 4447; x_wconf 91' lang='lat' dir='ltr'><strong>et</strong></span> <span class='ocrx_word' id='word_1_744' title='bbox 3262 4393 3643 4448; x_wconf 89' lang='lat' dir='ltr'><strong>occasionem</strong></span> <span class='ocrx_word' id='word_1_745' title='bbox 3679 4398 3735 4448; x_wconf 86' lang='lat' dir='ltr'><strong>et</strong></span> <span class='ocrx_word' id='word_1_746' title='bbox 3759 4408 3848 4447; x_wconf 91' lang='lat' dir='ltr'><strong>ar-</strong></span> 
     </span>
    </p>
   </div>
   <div class='ocr_carea' id='block_1_107' title="bbox 2203 4478 3854 4551">
    <p class='ocr_par' dir='ltr' id='par_1_107' title="bbox 2203 4478 3854 4551">
     <span class='ocr_line' id='line_1_107' title="bbox 2203 4478 3854 4551; baseline 0.002 -23"><span class='ocrx_word' id='word_1_747' title='bbox 2203 4484 2555 4546; x_wconf 79' lang='lat' dir='ltr'><strong>gumentum</strong></span> <span class='ocrx_word' id='word_1_748' title='bbox 2569 4478 2780 4532; x_wconf 89' lang='lat' dir='ltr'><strong>horum</strong></span> <span class='ocrx_word' id='word_1_749' title='bbox 2806 4478 3215 4551; x_wconf 86' lang='lat' dir='ltr'><strong>Alloquiorum</strong></span> <span class='ocrx_word' id='word_1_750' title='bbox 3234 4479 3854 4537; x_wconf 79' lang='lat' dir='ltr'><strong>manifesteindicant‘l</strong></span> 
     </span>
    </p>
   </div>
   <div class='ocr_carea' id='block_1_108' title="bbox 2204 4566 3858 4626">
    <p class='ocr_par' dir='ltr' id='par_1_108' title="bbox 2204 4566 3858 4626">
     <span class='ocr_line' id='line_1_108' title="bbox 2204 4566 3858 4626; baseline -0.001 -3"><span class='ocrx_word' id='word_1_751' title='bbox 2204 4566 2415 4623; x_wconf 83' lang='lat' dir='ltr'><strong>Subdit</strong></span> <span class='ocrx_word' id='word_1_752' title='bbox 2448 4582 2587 4621; x_wconf 82' lang='lat' dir='ltr'><strong>mox</strong></span> <span class='ocrx_word' id='word_1_753' title='bbox 2614 4566 2774 4621; x_wconf 91' lang='lat' dir='ltr'><strong>idem</strong></span> <span class='ocrx_word' id='word_1_754' title='bbox 2801 4580 2812 4618; x_wconf 90' lang='lat'><strong>:</strong></span> <span class='ocrx_word' id='word_1_755' title='bbox 2851 4567 2997 4623; x_wconf 87' lang='lat' dir='ltr'><strong>Cum</strong></span> <span class='ocrx_word' id='word_1_756' title='bbox 3029 4575 3224 4625; x_wconf 90' lang='lat' dir='ltr'><strong>autem</strong></span> <span class='ocrx_word' id='word_1_757' title='bbox 3254 4576 3487 4625; x_wconf 87' lang='lat' dir='ltr'><strong>tantam</strong></span> <span class='ocrx_word' id='word_1_758' title='bbox 3513 4569 3858 4626; x_wconf 88' lang='lat' dir='ltr'><strong>animarum</strong></span> 
     </span>
    </p>
   </div>
   <div class='ocr_carea' id='block_1_109' title="bbox 2202 4656 3857 4727">
    <p class='ocr_par' dir='ltr' id='par_1_109' title="bbox 2202 4656 3857 4727">
     <span class='ocr_line' id='line_1_109' title="bbox 2202 4656 3857 4727; baseline 0.002 -18"><span class='ocrx_word' id='word_1_759' title='bbox 2202 4656 2664 4711; x_wconf 89' lang='lat' dir='ltr'><strong>tractandarum</strong></span> <span class='ocrx_word' id='word_1_760' title='bbox 2681 4657 2959 4727; x_wconf 84' lang='lat' dir='ltr'><strong>peritiam</strong></span> <span class='ocrx_word' id='word_1_761' title='bbox 2978 4662 3279 4713; x_wconf 87' lang='lat' dir='ltr'><strong>assecutus</strong></span> <span class='ocrx_word' id='word_1_762' title='bbox 3305 4665 3446 4715; x_wconf 85' lang='lat' dir='ltr'><strong>esset</strong></span> <span class='ocrx_word' id='word_1_763' title='bbox 3472 4674 3672 4723; x_wconf 76' lang='lat' dir='ltr'><strong>senex,</strong></span> <span class='ocrx_word' id='word_1_764' title='bbox 3706 4673 3857 4713; x_wconf 90' lang='lat' dir='ltr'><strong>nun-</strong></span> 
     </span>
    </p>
   </div>
   <div class='ocr_carea' id='block_1_110' title="bbox 2202 4744 3859 4817">
    <p class='ocr_par' dir='ltr' id='par_1_110' title="bbox 2202 4744 3859 4817">
     <span class='ocr_line' id='line_1_110' title="bbox 2202 4744 3859 4817; baseline 0.002 -19"><span class='ocrx_word' id='word_1_765' title='bbox 2202 4760 2380 4816; x_wconf 90' lang='lat' dir='ltr'><strong>quam</strong></span> <span class='ocrx_word' id='word_1_766' title='bbox 2396 4744 2694 4799; x_wconf 86' lang='lat' dir='ltr'><strong>remissius</strong></span> <span class='ocrx_word' id='word_1_767' title='bbox 2712 4745 2827 4815; x_wconf 86' lang='lat' dir='ltr'><strong>egit</strong></span> <span class='ocrx_word' id='word_1_768' title='bbox 2843 4745 2905 4800; x_wconf 91' lang='lat' dir='ltr'><strong>in</strong></span> <span class='ocrx_word' id='word_1_769' title='bbox 2926 4746 3306 4803; x_wconf 83' lang='lat' dir='ltr'><strong>meditatione</strong></span> <span class='ocrx_word' id='word_1_770' title='bbox 3323 4747 3691 4817; x_wconf 84' lang='lat' dir='ltr'><strong>eloquiorum</strong></span> <span class='ocrx_word' id='word_1_771' title='bbox 3706 4746 3859 4801; x_wconf 89' lang='lat' dir='ltr'><strong>divi-</strong></span> 
     </span>
    </p>
   </div>
   <div class='ocr_carea' id='block_1_111' title="bbox 2198 4833 3852 4899">
    <p class='ocr_par' dir='ltr' id='par_1_111' title="bbox 2198 4833 3852 4899">
     <span class='ocr_line' id='line_1_111' title="bbox 2198 4833 3852 4899; baseline -0.001 -11"><span class='ocrx_word' id='word_1_772' title='bbox 2198 4849 2433 4897; x_wconf 89' lang='lat' dir='ltr'><strong>norum,</strong></span> <span class='ocrx_word' id='word_1_773' title='bbox 2450 4833 2551 4889; x_wconf 88' lang='lat' dir='ltr'><strong>sed</strong></span> <span class='ocrx_word' id='word_1_774' title='bbox 2559 4833 2868 4889; x_wconf 87' lang='lat' dir='ltr'><strong>insistebat</strong></span> <span class='ocrx_word' id='word_1_775' title='bbox 2887 4834 3119 4899; x_wconf 86' lang='lat' dir='ltr'><strong>iisdem,</strong></span> <span class='ocrx_word' id='word_1_776' title='bbox 3136 4849 3239 4891; x_wconf 91' lang='lat' dir='ltr'><strong>seu</strong></span> <span class='ocrx_word' id='word_1_777' title='bbox 3255 4835 3626 4891; x_wconf 76' lang='lat' dir='ltr'><strong>decumbere!</strong></span> <span class='ocrx_word' id='word_1_778' title='bbox 3641 4842 3852 4897; x_wconf 87' lang='lat' dir='ltr'><strong>strato,</strong></span> 
     </span>
    </p>
   </div>
   <div class='ocr_carea' id='block_1_112' title="bbox 2196 4923 3847 4993">
    <p class='ocr_par' dir='ltr' id='par_1_112' title="bbox 2196 4923 3847 4993">
     <span class='ocr_line' id='line_1_112' title="bbox 2196 4923 3847 4993; baseline 0.001 -18"><span class='ocrx_word' id='word_1_779' title='bbox 2196 4936 2296 4976; x_wconf 89' lang='lat' dir='ltr'><strong>seu</strong></span> <span class='ocrx_word' id='word_1_780' title='bbox 2308 4923 2767 4992; x_wconf 86' lang='lat' dir='ltr'><strong>assurgeret,vel</strong></span> <span class='ocrx_word' id='word_1_781' title='bbox 2779 4924 3081 4993; x_wconf 83' lang='lat' dir='ltr'><strong>quidpiam</strong></span> <span class='ocrx_word' id='word_1_782' title='bbox 3096 4925 3351 4979; x_wconf 85' lang='lat' dir='ltr'><strong>manibus</strong></span> <span class='ocrx_word' id='word_1_783' title='bbox 3372 4930 3724 4991; x_wconf 88' lang='lat' dir='ltr'><strong>operaretur</strong></span> <span class='ocrx_word' id='word_1_784' title='bbox 3737 4929 3847 4979; x_wconf 87' lang='lat' dir='ltr'><strong>cet.</strong></span> 
     </span>
    </p>
   </div>
   <div class='ocr_carea' id='block_1_113' title="bbox 2195 5011 3854 5084">
    <p class='ocr_par' dir='ltr' id='par_1_113' title="bbox 2195 5011 3854 5084">
     <span class='ocr_line' id='line_1_113' title="bbox 2195 5011 3854 5084; baseline 0 -18"><span class='ocrx_word' id='word_1_785' title='bbox 2195 5014 2503 5082; x_wconf 87' lang='lat' dir='ltr'><strong>Nusquam</strong></span> <span class='ocrx_word' id='word_1_786' title='bbox 2536 5011 2631 5066; x_wconf 90' lang='lat' dir='ltr'><strong>hic</strong></span> <span class='ocrx_word' id='word_1_787' title='bbox 2654 5012 2993 5079; x_wconf 86' lang='lat' dir='ltr'><strong>scriptionis</strong></span> <span class='ocrx_word' id='word_1_788' title='bbox 3021 5013 3240 5068; x_wconf 90' lang='lat' dir='ltr'><strong>mentio</strong></span> <span class='ocrx_word' id='word_1_789' title='bbox 3266 5029 3424 5084; x_wconf 84' lang='lat' dir='ltr'><strong>;qua</strong></span> <span class='ocrx_word' id='word_1_790' title='bbox 3445 5019 3604 5070; x_wconf 90' lang='lat' dir='ltr'><strong>certo</strong></span> <span class='ocrx_word' id='word_1_791' title='bbox 3629 5018 3688 5069; x_wconf 89' lang='lat' dir='ltr'><strong>et</strong></span> <span class='ocrx_word' id='word_1_792' title='bbox 3717 5014 3854 5067; x_wconf 82' lang='lat' dir='ltr'><strong>irre-</strong></span> 
     </span>
    </p>
   </div>
   <div class='ocr_carea' id='block_1_114' title="bbox 2197 5099 3856 5171">
    <p class='ocr_par' dir='ltr' id='par_1_114' title="bbox 2197 5099 3856 5171">
     <span class='ocr_line' id='line_1_114' title="bbox 2197 5099 3856 5171; baseline 0.001 -17"><span class='ocrx_word' id='word_1_793' title='bbox 2197 5099 2445 5155; x_wconf 88' lang='lat' dir='ltr'><strong>vocabili</strong></span> <span class='ocrx_word' id='word_1_794' title='bbox 2470 5099 2699 5170; x_wconf 88' lang='lat' dir='ltr'><strong>judicio</strong></span> <span class='ocrx_word' id='word_1_795' title='bbox 2738 5100 3101 5156; x_wconf 89' lang='lat' dir='ltr'><strong>abstinuisse</strong></span> <span class='ocrx_word' id='word_1_796' title='bbox 3153 5102 3448 5157; x_wconf 89' lang='lat' dir='ltr'><strong>Zosimam</strong></span> <span class='ocrx_word' id='word_1_797' title='bbox 3481 5102 3629 5157; x_wconf 89' lang='lat' dir='ltr'><strong>nihil</strong></span> <span class='ocrx_word' id='word_1_798' title='bbox 3664 5101 3856 5171; x_wconf 89' lang='lat' dir='ltr'><strong>magis</strong></span> 
     </span>
    </p>
   </div>
   <div class='ocr_carea' id='block_1_115' title="bbox 2193 5188 3856 5262">
    <p class='ocr_par' dir='ltr' id='par_1_115' title="bbox 2193 5188 3856 5262">
     <span class='ocr_line' id='line_1_115' title="bbox 2193 5188 3856 5262; baseline 0.002 -19"><span class='ocrx_word' id='word_1_799' title='bbox 2193 5188 2476 5255; x_wconf 90' lang='lat' dir='ltr'><strong>declarat,</strong></span> <span class='ocrx_word' id='word_1_800' title='bbox 2504 5205 2692 5259; x_wconf 90' lang='lat' dir='ltr'><strong>quam</strong></span> <span class='ocrx_word' id='word_1_801' title='bbox 2719 5188 2887 5260; x_wconf 89' lang='lat' dir='ltr'><strong>quod</strong></span> <span class='ocrx_word' id='word_1_802' title='bbox 2932 5193 3073 5244; x_wconf 85' lang='lat' dir='ltr'><strong>Acta</strong></span> <span class='ocrx_word' id='word_1_803' title='bbox 3106 5195 3226 5245; x_wconf 89' lang='lat' dir='ltr'><strong>tam</strong></span> <span class='ocrx_word' id='word_1_804' title='bbox 3289 5190 3441 5247; x_wconf 89' lang='lat' dir='ltr'><strong>mira</strong></span> <span class='ocrx_word' id='word_1_805' title='bbox 3472 5191 3685 5247; x_wconf 83' lang='lat' dir='ltr'><strong>Mariae</strong></span> <span class='ocrx_word' id='word_1_806' title='bbox 3719 5206 3856 5262; x_wconf 90' lang='lat' dir='ltr'><strong>poe-</strong></span> 
     </span>
    </p>
   </div>
   <div class='ocr_carea' id='block_1_116' title="bbox 2196 5277 3857 5351">
    <p class='ocr_par' dir='ltr' id='par_1_116' title="bbox 2196 5277 3857 5351">
     <span class='ocr_line' id='line_1_116' title="bbox 2196 5277 3857 5351; baseline 0.001 -20"><span class='ocrx_word' id='word_1_807' title='bbox 2196 5277 2453 5341; x_wconf 88' lang='lat' dir='ltr'><strong>nitentis,</strong></span> <span class='ocrx_word' id='word_1_808' title='bbox 2504 5293 2763 5349; x_wconf 88' lang='lat' dir='ltr'><strong>quorum</strong></span> <span class='ocrx_word' id='word_1_809' title='bbox 2820 5294 2976 5332; x_wconf 88' lang='lat' dir='ltr'><strong>unus</strong></span> <span class='ocrx_word' id='word_1_810' title='bbox 3033 5286 3187 5333; x_wconf 90' lang='lat' dir='ltr'><strong>esset</strong></span> <span class='ocrx_word' id='word_1_811' title='bbox 3216 5278 3341 5351; x_wconf 91' lang='lat' dir='ltr'><strong>ipse</strong></span> <span class='ocrx_word' id='word_1_812' title='bbox 3380 5280 3680 5348; x_wconf 89' lang='lat' dir='ltr'><strong>conscius,</strong></span> <span class='ocrx_word' id='word_1_813' title='bbox 3714 5280 3857 5335; x_wconf 87' lang='lat' dir='ltr'><strong>scri-</strong></span> 
     </span>
    </p>
   </div>
   <div class='ocr_carea' id='block_1_117' title="bbox 2197 5365 3851 5435">
    <p class='ocr_par' dir='ltr' id='par_1_117' title="bbox 2197 5365 3851 5435">
     <span class='ocr_line' id='line_1_117' title="bbox 2197 5365 3851 5435; baseline 0 -15"><span class='ocrx_word' id='word_1_814' title='bbox 2197 5367 2309 5435; x_wconf 90' lang='lat' dir='ltr'><strong>ptis</strong></span> <span class='ocrx_word' id='word_1_815' title='bbox 2332 5365 2493 5420; x_wconf 90' lang='lat' dir='ltr'><strong>haud</strong></span> <span class='ocrx_word' id='word_1_816' title='bbox 2522 5365 2909 5430; x_wconf 88' lang='lat' dir='ltr'><strong>commiserit,</strong></span> <span class='ocrx_word' id='word_1_817' title='bbox 2941 5382 3180 5422; x_wconf 91' lang='lat' dir='ltr'><strong>narrare</strong></span> <span class='ocrx_word' id='word_1_818' title='bbox 3201 5366 3385 5422; x_wconf 90' lang='lat' dir='ltr'><strong>verbo</strong></span> <span class='ocrx_word' id='word_1_819' title='bbox 3428 5370 3574 5424; x_wconf 89' lang='lat' dir='ltr'><strong>satis</strong></span> <span class='ocrx_word' id='word_1_820' title='bbox 3604 5367 3851 5424; x_wconf 87' lang='lat' dir='ltr'><strong>habens.</strong></span> 
     </span>
    </p>
   </div>
   <div class='ocr_carea' id='block_1_118' title="bbox 2195 5454 3847 5513">
    <p class='ocr_par' dir='ltr' id='par_1_118' title="bbox 2195 5454 3847 5513">
     <span class='ocr_line' id='line_1_118' title="bbox 2195 5454 3847 5513; baseline 0.002 -4"><span class='ocrx_word' id='word_1_821' title='bbox 2195 5454 2284 5509; x_wconf 91' lang='lat' dir='ltr'><strong>Sic</strong></span> <span class='ocrx_word' id='word_1_822' title='bbox 2319 5455 2475 5510; x_wconf 93' lang='lat' dir='ltr'><strong>enim</strong></span> <span class='ocrx_word' id='word_1_823' title='bbox 2508 5454 2762 5509; x_wconf 88' lang='lat' dir='ltr'><strong>habetur</strong></span> <span class='ocrx_word' id='word_1_824' title='bbox 2820 5471 2984 5510; x_wconf 89' lang='lat' dir='ltr'><strong>num.</strong></span> <span class='ocrx_word' id='word_1_825' title='bbox 3033 5456 3099 5511; x_wconf 71' lang='grc'><strong>40</strong></span> <span class='ocrx_word' id='word_1_826' title='bbox 3127 5456 3400 5513; x_wconf 87' lang='lat' dir='ltr'><strong>eiusdem</strong></span> <span class='ocrx_word' id='word_1_827' title='bbox 3449 5457 3847 5512; x_wconf 88' lang='lat' dir='ltr'><strong>narrationis:</strong></span> 
     </span>
    </p>
   </div>
   <div class='ocr_carea' id='block_1_119' title="bbox 2194 5544 3845 5618">
    <p class='ocr_par' dir='ltr' id='par_1_119' title="bbox 2194 5544 3845 5618">
     <span class='ocr_line' id='line_1_119' title="bbox 2194 5544 3845 5618; baseline 0.001 -20"><span class='ocrx_word' id='word_1_828' title='bbox 2194 5544 2454 5599; x_wconf 87' lang='lat' dir='ltr'><strong>Zosimas</strong></span> <span class='ocrx_word' id='word_1_829' title='bbox 2481 5545 2825 5600; x_wconf 84' lang='lat' dir='ltr'><strong>reversusin</strong></span> <span class='ocrx_word' id='word_1_830' title='bbox 2852 5546 3192 5602; x_wconf 83' lang='lat' dir='ltr'><strong>coenobium</strong></span> <span class='ocrx_word' id='word_1_831' title='bbox 3231 5544 3291 5618; x_wconf 92' lang='lat' dir='ltr'><strong>[a</strong></span> <span class='ocrx_word' id='word_1_832' title='bbox 3305 5553 3513 5601; x_wconf 86' lang='lat' dir='ltr'><strong>curato</strong></span> <span class='ocrx_word' id='word_1_833' title='bbox 3547 5548 3601 5601; x_wconf 92' lang='lat' dir='ltr'><strong>S.</strong></span> <span class='ocrx_word' id='word_1_834' title='bbox 3632 5545 3845 5601; x_wconf 87' lang='lat' dir='ltr'><strong>Mariae</strong></span> 
     </span>
    </p>
   </div>
   <div class='ocr_carea' id='block_1_120' title="bbox 2195 5632 3841 5706">
    <p class='ocr_par' dir='ltr' id='par_1_120' title="bbox 2195 5632 3841 5706">
     <span class='ocr_line' id='line_1_120' title="bbox 2195 5632 3841 5706; baseline 0.001 -18"><span class='ocrx_word' id='word_1_835' title='bbox 2195 5633 2597 5706; x_wconf 87' lang='lat' dir='ltr'><strong>Aegyptiacae</strong></span> <span class='ocrx_word' id='word_1_836' title='bbox 2610 5632 2835 5706; x_wconf 87' lang='lat' dir='ltr'><strong>funere]</strong></span> <span class='ocrx_word' id='word_1_837' title='bbox 2851 5634 3126 5691; x_wconf 87' lang='lat' dir='ltr'><strong>narravit</strong></span> <span class='ocrx_word' id='word_1_838' title='bbox 3141 5635 3340 5691; x_wconf 86' lang='lat' dir='ltr'><strong>omnia</strong></span> <span class='ocrx_word' id='word_1_839' title='bbox 3353 5634 3841 5698; x_wconf 69' lang='lat' dir='ltr'><strong>monachismihil</strong></span> 
     </span>
    </p>
   </div>
  </div>
