4092 6252
302 308 409 368 34b

1349 306 1446 362 AD
1485 304 1861 363 OPUSCULA
1894 306 1950 362 S.
1984 304 2277 365 MACARII
2309 306 2668 364 AEGYPTlI.

3604 316 3713 371 346

288 450 493 492 eorum
506 449 661 507 quae
675 434 1033 490 audieratac
1052 433 1283 490 viderat
1299 435 1570 489 reticens.
1594 432 1777 488 Paulo
1795 438 1947 505 post:
1986 437 2033 490 A
2066 433 2222 489 malo
2253 439 2340 489 est
2368 435 2690 492 abscedere
2722 434 3095 506 compulsus.
3131 436 3295 492 Unde
3320 438 3389 494 ob
3416 455 3541 496 eam
3571 456 3709 497 cau-

295 526 844 582 Perseveraverunt
865 530 1063 579 autem
1090 522 1371 579 monachi
1391 524 1537 579 haec
1557 524 1687 590 ipsa
1707 537 1815 590 per
1833 528 1954 578 tra-

286 614 573 670 ditionem
625 614 986 668 discentes...
1043 612 1144 668 sed
1191 627 1311 666 non
1341 611 1552 667 audivi
1595 624 1950 682 quemquam

287 706 517 772 scripto
548 702 834 773 signasse.
864 701 1027 755 Adeo
1054 716 1090 756 a
1120 700 1439 755 scribendo
1459 700 1637 755 alieni
1668 704 1835 755 erant
1866 698 1951 754 illi

289 798 521 847 veteres
553 797 788 846 ascetae
829 790 1040 854 sancti,
1092 790 1201 845 sibi
1252 790 1523 844 videlicet
1564 806 1634 845 ex
1682 789 1949 844 instituto

290 882 425 936 nnis
460 887 769 943 vacantes,
798 879 1070 950 exemplo
1102 880 1337 933 Antonii
1367 879 1582 946 Magni,
1615 878 1716 949 qui
1748 877 1950 947 cogni-

288 976 413 1025 tam
451 986 487 1025 a
519 986 581 1024 se
615 970 741 1024 solo
766 967 1101 1024 mirabilem
1137 968 1319 1023 vitam
1343 967 1501 1022 Pauli
1535 968 1708 1038 primi
1732 966 1949 1021 eremi-

288 1065 405 1121 tae,
435 1058 641 1113 multis
684 1057 819 1112 licet
848 1056 1022 1112 annis
1065 1057 1115 1110 ei
1162 1062 1479 1127 superstes,
1524 1071 1633 1111 nec
1686 1054 1944 1126 scripsit,

289 1162 401 1202 nec
428 1146 695 1209 dictavit,
735 1160 882 1200 voce
916 1150 1147 1199 tantum
1180 1159 1422 1198 narrare
1461 1149 1795 1207 contentus,
1828 1159 1944 1215 po-

290 1236 554 1291 steritate
587 1234 646 1289 id
673 1235 1039 1303 ignoratura,
1064 1233 1180 1288 nisi
1214 1233 1607 1304 Hieronymus
1638 1232 1803 1287 Pauli
1829 1248 1947 1287 me-

290 1325 550 1378 moriam
579 1340 609 1378 e
632 1322 942 1389 discipulis
965 1323 1198 1377 Antonii
1216 1328 1587 1391 compertam
1608 1321 1786 1376 literis
1809 1337 1947 1376 con-

293 1413 614 1482 signasset.
634 1414 717 1467 Ad
743 1428 923 1484 quem
948 1411 1192 1465 modum
1212 1411 1495 1475 Zosimas,
1518 1426 1673 1481 quae
1690 1411 1947 1465 admira-

285 1502 433 1557 bilia
463 1502 538 1557 de
561 1501 739 1558 Maria
754 1500 1093 1572 poenitente
1122 1499 1395 1554 sensibus
1427 1515 1710 1572 praesens
1732 1500 1947 1555 hause-

286 1596 400 1655 rat,
443 1592 575 1656 etsi,
612 1607 749 1645 cum
778 1589 1181 1643 centenariam
1213 1590 1470 1660 attigerit
1492 1594 1768 1653 aetatem,
1800 1594 1861 1643 ut
1885 1590 1945 1644 in

288 1680 438 1735 Vitis
468 1680 709 1734 Patrum
756 1678 859 1733 lib.
894 1678 913 1731 l
962 1692 1101 1749 pag.
1154 1680 1255 1732 299
1300 1678 1518 1732 diserte
1550 1678 1819 1741 traditur,
1847 1677 1946 1733 tri-

283 1770 456 1839 ginta
487 1769 623 1823 totis
652 1767 974 1823 minimum
998 1765 1172 1821 annis
1203 1766 1822 1837 MariaeAegyptiacae
1850 1784 1943 1821 su-
1978 1802 2019 1857 Β

281 1856 629 1931 pervixerit,
664 1863 865 1912 tamen
918 1871 1025 1910 nec
1071 1856 1219 1927 ipse,
1272 1870 1383 1910 nec
1435 1857 1561 1909 eius
1608 1870 1790 1911 suasu
1841 1862 1945 1912 aut

282 1953 500 2019 sponte
537 1962 649 2001 sua
674 1946 998 2017 quisquam
1032 1944 1372 1999 auditorum
1413 1944 1566 1999 illius
1607 1960 1677 1999 ea
1716 1946 1942 2000 curavit

281 2037 343 2090 in
386 2035 657 2091 chartam
692 2036 941 2100 mittere,
969 2034 1160 2088 donec
1192 2049 1325 2088 sero
1353 2033 1570 2088 exstitit
1602 2049 1942 2105 anonymus

282 2124 647 2189 monachus,
671 2124 773 2195 qui
801 2126 916 2178 Deo
940 2128 1211 2177 movente
1228 2122 1401 2176 talem
1419 2138 1665 2193 operam
1688 2123 1941 2193 posteris

279 2220 659 2287 praestaret:
695 2229 874 2283 quem
909 2211 1189 2284 equidem
1222 2211 1442 2282 ipsum,
1477 2216 1581 2266 aut
1617 2212 1823 2267 divino
1870 2214 1943 2267 si-

278 2303 406 2358 mili
442 2308 676 2358 motum
716 2301 984 2373 impulsu
1013 2301 1197 2356 alium
1229 2316 1260 2354 e
1291 2299 1623 2355 coenobitis
1670 2300 1757 2356 vel
1787 2303 1940 2373 Tyrii

280 2391 520 2462 prioris,
564 2390 665 2445 ubi
695 2391 958 2445 Zosimas
990 2389 1086 2443 diu
1115 2389 1274 2453 vixit,
1318 2387 1407 2442 vel
1436 2388 1672 2443 alterius
1696 2390 1939 2445 Jordani

277 2480 629 2552 propinqui,
678 2495 800 2551 quo
845 2481 964 2533 iam
1015 2493 1198 2532 senex
1249 2477 1541 2548 migravit,
1595 2479 1941 2533 monasterii

277 2570 636 2640 quempiam
670 2567 1025 2623 crediderim
1056 2566 1206 2621 haec
1233 2565 1425 2630 nobis,
1450 2582 1604 2637 quae
1626 2576 1730 2621 aut
1750 2566 1875 2638 ipse
1906 2585 1941 2623 a

278 2658 520 2713 Zosima
546 2657 840 2721 audierat,
864 2661 966 2710 aut
986 2671 1017 2709 e
1044 2654 1436 2709 referentibus
1457 2662 1765 2724 cognorat,
1789 2656 1938 2713 Allo-

282 2746 431 2818 quia
463 2761 760 2811 servasse,
793 2744 865 2800 iis
896 2746 1112 2815 scripto
1138 2742 1626 2814 complectendis.

390 2889 404 2958 |
462 2887 719 2943 Tertium
742 2884 1232 2942 exstatindicium
1255 2888 1568 2955 atempore
1590 2885 1855 2951 ductum,
1879 2886 1939 2941 ni

297 2975 490 3040 fallor,
519 2974 839 3030 vehemens
866 2975 943 3030 ad
967 2974 1370 3042 suadendum,
1402 2976 1458 3028 Β.
1491 2974 1812 3038 Zosimam,
1842 2992 1941 3030 cu-

295 3064 393 3117 ius
418 3062 563 3118 haec
586 3063 853 3135 Alloquia
882 3078 1105 3118 nomen
1134 3062 1491 3133 praeferunt,
1522 3063 1780 3117 eundem
1808 3080 1939 3119 esse

288 3151 516 3223 ipsum,
548 3153 649 3225 qui
674 3154 729 3209 S.
759 3154 1002 3209 Mariam
1036 3152 1462 3223 Acgyptiacam
1494 3151 1775 3223 sepelivit.
1807 3154 1937 3208 Non
1974 3158 2015 3215 C

284 3240 509 3296 multos
538 3258 646 3309 per
676 3258 747 3297 ea
780 3251 1049 3312 tempora
1074 3240 1237 3297 fama
1264 3240 1523 3295 celebres
1565 3241 1744 3295 fuisse
1772 3242 1936 3297 Zosi-

277 3347 417 3386 mas
441 3330 668 3385 indicat
693 3346 1032 3401 anonymus
1063 3330 1256 3385 editor
1276 3332 1556 3384 Actorum
1578 3331 1808 3396 Mariae,
1833 3334 1936 3401 qui

275 3435 464 3474 suum
505 3434 642 3474 cum
687 3424 895 3474 nostro
925 3420 1342 3489 cognominem
1375 3425 1449 3484 et,
1503 3426 1563 3473 ut
1612 3420 1933 3492 credimus,

276 3525 473 3564 unum
518 3508 899 3579 eundemque
937 3524 972 3564 a
1019 3508 1249 3563 cunctis
1280 3508 1639 3580 synonymis
1685 3525 1747 3563 se
1795 3511 1936 3566 satis

274 3597 623 3653 distinxisse
654 3596 923 3661 credidit,
961 3597 1061 3652 ubi
1104 3614 1242 3652 eum
1274 3597 1353 3652 ab
1385 3614 1504 3652 uno
1528 3597 1931 3665 discrevisset,

276 3688 405 3742 solo
440 3686 709 3742 videlicet
743 3696 880 3741 tunc
921 3693 1064 3741 noto
1120 3685 1235 3740 alio
1274 3684 1530 3740 Zosima.
1569 3689 1646 3740 En
1696 3686 1755 3741 id
1804 3689 1932 3743 eius

275 3780 557 3832 testantia
591 3776 772 3832 verba
804 3792 814 3831 :
848 3776 1032 3831 Nemo
1058 3782 1254 3831 autem
1286 3776 1682 3845 appellationi
1710 3778 1823 3832 soli
1845 3778 1933 3832 in-

271 3866 526 3921 haerens
547 3880 872 3921 sermonem
888 3864 1042 3919 mihi
1057 3866 1348 3921 existimet
1367 3880 1491 3921 esse
1509 3865 1581 3920 de
1597 3880 1660 3921 eo
1676 3866 1927 3933 Zosima,

268 3953 376 4025 qui
415 3954 579 4009 circa
636 3954 971 4009 doctrinam
1023 3955 1226 4021 lapsus
1269 3953 1463 4009 minus
1510 3960 1666 4009 recte
1706 3958 1925 4025 sapuit.

267 4043 447 4097 Atius
477 4043 630 4099 enim
661 4042 777 4107 hic,
821 4049 875 4097 et
910 4042 1015 4097 ille
1039 4043 1217 4107 alius,
1249 4044 1612 4112 multumque
1641 4043 1928 4112 differunt

266 4134 425 4187 inter
445 4147 515 4193 se,
544 4132 814 4203 quamvis
826 4132 1341 4187 nomenclaturam
1360 4132 1531 4187 ambo
1554 4133 1790 4188 eandem
1807 4149 1928 4187 sor-

268 4220 382 4275 titi.
432 4220 523 4276 Sic
557 4220 675 4276 ille.
726 4221 787 4274 ln
836 4221 1006 4274 cuius
1055 4220 1245 4273 verbis
1286 4221 1333 4274 si
1386 4221 1737 4291 quaerimus
1788 4223 1923 4293 quis

270 4309 349 4363 sit
389 4307 484 4363 ille
523 4307 676 4363 alius
706 4309 993 4378 Zosimas,
1037 4308 1140 4379 qui
1167 4311 1328 4365 circa
1358 4310 1694 4365 doctrinam
1726 4310 1925 4379 lapsus

266 4397 469 4452 minus
500 4407 659 4452 recte
685 4397 905 4465 sapuit,
950 4397 1189 4452 docebit
1221 4398 1277 4450 id
1312 4413 1420 4453 nos
1452 4397 1819 4453 Marcellinus
1863 4401 1923 4453 in

268 4484 374 4540 lib.
412 4486 490 4539 De
513 4484 832 4539 schismate
862 4485 1106 4539 Ursicini
1133 4491 1189 4539 et
1215 4485 1479 4548 Damasi,
1500 4501 1681 4557 quem
1705 4486 1737 4540 li

270 4588 410 4627 cum
460 4589 530 4628 ex
580 4574 797 4628 recenti
831 4574 1125 4628 memoria
1169 4574 1489 4645 scripserit,
1538 4573 1922 4644 intelligimus

273 4660 402 4714 eius
429 4668 729 4718 auctorem
745 4662 858 4718 sub
876 4662 1465 4733 Damaso,autpaulo
1494 4667 1647 4734 post,
1672 4662 1785 4718 hoc
1807 4668 1919 4729 est,

275 4744 504 4800 circiter
555 4763 782 4803 annum
834 4747 1043 4803 Christi
1096 4750 1197 4803 390
1244 4747 1539 4803 ﬂoruisse.
1588 4748 1671 4801 Ibi
1720 4756 1919 4803 autem

273 4834 872 4892 meminitcuiusdam
890 4838 1103 4891 Zosimi
1122 4837 1241 4891 sive
1257 4837 1521 4891 Zosimae
1536 4852 1705 4909 quem
1720 4838 1920 4893 Ariani

264 4922 392 4977 suis
434 4923 677 4980 tinctum
706 4926 1009 4980 erroribus
1051 4925 1110 4979 in
1149 4924 1565 4996 episcopatum
1616 4925 1777 4980 urbis
1815 4941 1922 4997 per

258 5010 492 5067 Italiam
531 5011 728 5068 clarae
767 5013 1063 5084 Neapolis,
1097 5012 1282 5068 eiecto
1315 5014 1453 5069 inde
1498 5013 1835 5069 orthodoxo
1865 5020 1921 5069 et

258 5105 472 5157 sancto
523 5102 811 5173 episcopo
853 5101 1130 5167 Maximo,
1172 5100 1559 5157 intruserunt.
1611 5102 1778 5156 Hunc
1810 5118 1920 5158 sua

256 5205 459 5261 poena
474 5188 769 5245 celebrem
794 5188 1248 5261 fecit.Aggresso
1262 5191 1421 5246 enim
1434 5189 1772 5261 episcopale
1785 5189 1918 5245 ofﬁ-

257 5280 420 5334 cium
447 5278 508 5333 in
535 5278 788 5335 ecclesia
812 5278 1200 5351 Neapolitana
1223 5278 1410 5344 obire,
1439 5280 1842 5335 intumescens
1865 5280 1915 5334 ei

256 5365 468 5437 lingua
494 5372 746 5422 extraos
779 5367 1175 5432 excessit,nec
1188 5367 1300 5422 nisi
1319 5366 1556 5423 Zosima
1582 5374 1748 5424 extra
1778 5373 1917 5423 tem-

254 5456 421 5527 plam
449 5471 698 5526 egresso
714 5455 930 5512 retrahi
954 5456 1166 5527 potuit.
1197 5458 1322 5522 Quo
1343 5456 1523 5520 facto,
1548 5457 1915 5511 cumiterum

256 5561 327 5602 ac
359 5546 533 5601 tertio
574 5544 846 5601 Zosimas
877 5550 1160 5601 tentasset
1198 5545 1501 5615 ingressus
1549 5545 1763 5602 aedem
1814 5561 1908 5601 sa-

254 5650 421 5715 cram
452 5632 787 5707 episcopali
817 5632 985 5705 fungi
1017 5649 1285 5700 munere,
1324 5635 1493 5691 toties
1516 5632 1643 5706 pari
1675 5638 1916 5690 coactus

2060 537 2183 578 sam
2216 523 2452 579 tandem
2471 524 2639 579 cessit
2656 524 3017 592 episcopatu,
3047 529 3109 579 ut
3123 528 3447 594 pristinum
3466 529 3575 584 sibi
3596 531 3709 587 lin-

2058 611 2483 680 guaeofﬁcium
2501 612 2855 667 redderetur
2870 628 2889 665 :
2908 614 3091 668 verba
3109 621 3247 669 sunt
3265 618 3708 690 Marcellini,qui

2062 713 2201 752 mox
2214 699 2381 753 addit
2399 715 2412 752 :
2429 714 2547 754 non
2562 714 2653 753 res
2673 703 2952 769 antiquas
2975 700 3351 769 referimus...
3372 718 3512 759 nam
3525 711 3578 761 et
3603 706 3704 761 ho-

2058 786 2153 841 die
2166 786 2434 843 Zosimas
2450 787 2513 841 in
2535 802 2782 857 corpore
2801 792 2905 857 est,
2922 804 3089 843 usum
3116 790 3359 859 linguae
3383 808 3503 848 non
3537 796 3707 850 amit-

2060 877 2198 939 tens,
2210 883 2523 946 postquam
2544 876 2755 932 maluit
2774 892 2904 932 eum
2919 878 3230 934 amissione
3241 882 3612 950 episcopatus
3626 884 3709 939 vi-

2060 978 2208 1019 vere.
2227 964 2418 1018 Videri
2435 970 2620 1035 potest
2642 965 2737 1019 hic
2751 966 3007 1022 Zosimas
3027 973 3138 1021 tam
3152 968 3410 1024 evidenti
3428 970 3706 1027 miraculo

2056 1053 2394 1123 resipuisse,
2424 1069 2578 1123 quae
2609 1069 2792 1109 causa
2824 1055 3077 1110 tortasse
3108 1055 3280 1111 fuerit
3300 1072 3610 1130 anonymo
3631 1060 3707 1116 de

2055 1142 2182 1195 eius
2220 1156 2417 1196 errore
2448 1148 2508 1196 ut
2539 1144 2853 1213 praeterito
2893 1144 3200 1215 loquendi.
3227 1146 3530 1218 Quidquid
3560 1149 3619 1204 in
3645 1165 3708 1205 re

2055 1231 2146 1294 sit,
2178 1246 2249 1285 ex
2276 1230 2367 1284 his
2404 1230 2720 1296 habemus,
2751 1238 2807 1286 et
2839 1234 2899 1287 S.
2936 1234 3232 1288 Zosimam
3255 1242 3309 1290 et
3334 1235 3518 1291 alium
3549 1238 3706 1292 eius-

2055 1318 2193 1372 dem
2216 1318 2477 1373 nominis
2494 1335 2613 1373 non
2633 1326 2908 1375 sanctum
2930 1321 3143 1375 eodem
3168 1318 3453 1394 tempore,
3471 1325 3583 1381 hoc
3596 1332 3704 1391 est,

2056 1406 2167 1461 sub
2198 1407 2379 1461 ﬁnem
2406 1409 2601 1478 quarti
2632 1409 2852 1463 saeculi
2883 1410 3123 1465 vixisse.
3162 1414 3279 1466 Hoc
3312 1413 3558 1484 quidem
3586 1414 3704 1470 hie-

2056 1496 2426 1551 romonacho
2460 1499 2515 1551 B.
2548 1496 2751 1552 abbati
2772 1499 3038 1553 Zosimae
3061 1502 3361 1571 competit.
3387 1505 3534 1558 Nam
3564 1519 3701 1559 cum

2058 1584 2260 1639 Daniel
2292 1585 2734 1656 Papebrochius
2763 1594 2965 1642 noster
2990 1591 3155 1643 Tom.
3192 1589 3210 1643 Ι
3248 1589 3425 1661 April.
3460 1607 3598 1662 pag.
3638 1594 3705 1649 68

2054 1680 2262 1741 argute
2289 1674 2657 1731 demonstret
2694 1691 2766 1731 ex
2804 1677 3146 1732 charactere
3178 1679 3463 1746 Paschae,
3494 1681 3551 1737 S.
3588 1685 3707 1738 Ma—

2053 1761 2203 1817 riam
2237 1764 2665 1835 Aegyptiacam
2712 1764 2928 1819 obiisse
2966 1766 3061 1820 die
3105 1768 3125 1821 Ι
3162 1768 3345 1839 April.
3379 1785 3706 1840 parasceve

2055 1850 2316 1905 Paschae
2347 1868 2507 1907 anno
2551 1853 2759 1908 Christi
2798 1854 2924 1919 432,
2958 1860 3282 1928 postquam
3310 1858 3499 1928 pridie
3538 1876 3574 1915 a
3598 1862 3706 1916 Ζο-

2053 1940 2208 1995 sima
2237 1940 2463 1995 circiter
2490 1943 2952 2012 septuagenario
2986 1959 3224 1999 sacrum
3257 1945 3464 2002 Christi
3491 1964 3705 2019 corpo-

2052 2028 2132 2083 ris
2159 2036 2213 2083 et
2252 2029 2558 2098 sanguinis
2591 2031 2871 2085 viaticum
2904 2033 3290 2103 percepisset,
3317 2037 3703 2093 manifestum

2053 2124 2160 2178 est.
2186 2133 2322 2171 eum
2355 2117 2555 2172 multis
2586 2119 2761 2173 annis
2789 2126 2924 2175 ante
2947 2121 3497 2191 quingentesimum
3526 2140 3702 2182 aerae

2054 2205 2261 2260 Christi
2289 2222 2408 2261 non
2437 2207 2628 2261 solum
2664 2207 2910 2272 vixisse,
2948 2210 3053 2264 sed
3081 2211 3261 2265 vitam
3287 2214 3464 2268 etiam
3493 2216 3702 2271 asceti-

2053 2310 2186 2349 cam
2237 2297 2613 2351 sanctissime
2650 2297 2910 2352 coluisse
2949 2297 3007 2353 in
3054 2300 3234 2369 priori
3274 2303 3438 2373 apud
3484 2306 3699 2375 Tyrum

2051 2385 2434 2449 monasterio,
2466 2401 2534 2439 ex
2567 2400 2709 2456 quo,
2742 2391 3067 2458 antequam
3090 2389 3147 2442 in
3175 2388 3336 2444 aliud
3359 2391 3592 2447 Iordani
3623 2393 3702 2447 ci-

2053 2473 2263 2527 timum
2317 2474 2617 2541 migraret,
2663 2474 2845 2528 vitam
2897 2475 3239 2544 religiosam
3293 2494 3356 2532 se
3400 2480 3459 2534 in
3505 2481 3699 2551 primo

2050 2562 2385 2616 exercuisse
2416 2578 2521 2631 per
2573 2578 2767 2618 annos
2812 2569 2923 2617 tres
2971 2568 3026 2619 et
3067 2566 3512 2639 quinquaginta
3542 2570 3694 2641 ipse,

2051 2656 2114 2704 ut
2161 2650 2325 2721 prius
2359 2651 2640 2715 vidimus,
2680 2656 2944 2707 testatur.
2975 2654 3301 2711 Conﬁrmat
3333 2657 3488 2713 hanc
3527 2658 3696 2715 chro-

2049 2738 2352 2807 nologiam
2384 2743 2543 2794 totus
2588 2740 3003 2812 Alloquiorum
3050 2742 3321 2799 Zosimae
3360 2753 3694 2802 contextus.

2050 2830 2195 2882 Nam
2251 2828 2329 2882 ibi
2378 2835 2434 2883 et
2482 2830 2792 2899 Evagrius,
2845 2846 2965 2885 non
3027 2830 3121 2887 ille
3184 2833 3534 2905 Origenista,
3591 2837 3697 2891 sed

2048 2915 2204 2972 alius
2233 2916 2533 2987 antiquior
2561 2917 2972 2973 sanctissimus
3001 2922 3231 2977 Macarii
3254 2922 3607 2994 discipulus,
3641 2929 3699 2979 et

2050 3006 2423 3068 Pachomius,
2447 3005 2665 3077 aliique
2688 3008 2846 3077 paris
2877 3009 3246 3080 antiquitatis
3272 3016 3562 3083 tanquam
3593 3014 3697 3069 ho-

2053 3094 2245 3149 mines
2272 3094 2524 3149 recentis
2545 3096 2871 3151 memoriae
2894 3099 3279 3153 nominantur
3306 3116 3319 3165 ;
3353 3100 3527 3157 sedet
3553 3117 3693 3158 cum

2049 3183 2165 3239 alia
2190 3181 2521 3239 referantur
2547 3198 2618 3238 ex
2644 3182 2793 3238 Vitis
2820 3191 2872 3240 et
2902 3186 3056 3239 Actis
3087 3189 3346 3251 Patrum,
3378 3189 3524 3243 nihil
3554 3206 3697 3245 om-

2048 3273 2192 3327 nino
2224 3271 2494 3343 proditur
2528 3288 2649 3328 non
2688 3288 2848 3328 anno
2880 3275 3089 3330 Christi
3130 3278 3688 3349 sesquiquingente-

2048 3360 2201 3416 simo
2244 3361 2525 3417 anterius.
2576 3362 2649 3417 Ex
2700 3361 2792 3417 his
2850 3364 3078 3434 corrige
3143 3381 3300 3437 quae
3345 3367 3692 3424 Rosweidus

2047 3455 2266 3516 noster,
2292 3450 2478 3522 decep
2533 3452 2543 3522 |
2602 3456 2692 3506 tus
2721 3459 3002 3524 corrupto
3029 3456 3379 3527 apographo
3411 3462 3692 3514 Actorum

2046 3539 2445 3611 Aegyptiacae
2486 3542 2695 3597 Mariae
2736 3540 2850 3597 sub
2889 3542 3040 3598 falso
3086 3545 3328 3600 nomine
3373 3546 3690 3618 Sophronii

2045 3627 2306 3697 vulgato,
2339 3632 2649 3685 annotavit
2678 3631 2753 3685 ad
2802 3632 2955 3687 Vitas
2989 3635 3221 3689 Patrum
3255 3651 3395 3706 pag.
3451 3638 3556 3691 299
3593 3636 3689 3692 his

2045 3719 2239 3772 verbis
2269 3735 2282 3772 :
2317 3718 2549 3775 Claruit
2578 3720 2781 3775 Maria
2806 3721 3175 3791 Aegyptiaca
3200 3725 3560 3793 temporibus
3587 3728 3688 3782 Ju-

2042 3808 2184 3861 stini
2211 3809 2457 3863 senioris
2496 3808 2658 3864 circa
2702 3824 2929 3865 annum
2976 3812 3214 3866 Domini
3262 3816 3384 3869 520.
3421 3816 3500 3870 Ea
3530 3816 3690 3870 enim

2043 3896 2551 3951 metachronismo
2580 3896 2855 3952 laborare
2886 3898 3098 3968 integri
3143 3900 3259 3955 tere
3304 3903 3521 3958 saeculi
3553 3920 3686 3959 eru-

2040 3985 2158 4039 dite
2171 3984 2532 4039 demonstrat
2546 4000 2728 4055 supra
2743 3987 3026 4041 taudatus
3040 3988 3120 4041 Pa
3129 3989 3689 4062 pebrochius,quem

2040 4073 2173 4127 vide
2224 4073 2390 4127 Tom.
2424 4073 2443 4125 l
2486 4073 2700 4143 Aprilis
2748 4089 2782 4127 a
2833 4089 2973 4144 pag.
3012 4076 3078 4129 67
3112 4076 3189 4131 ad
3226 4082 3316 4134 70.
3352 4078 3480 4133 lure
3512 4079 3690 4148 igitur

2038 4167 2240 4216 nostro
2267 4160 2378 4216 hoc
2408 4160 2797 4231 Opusculum,
2834 4165 2891 4216 Β.
2924 4164 3193 4219 Zosimae
3220 4165 3493 4237 Alloquia
3522 4183 3689 4223 com-

2037 4249 2320 4319 plectens,
2354 4250 2667 4320 superiori,
2715 4252 2878 4321 quod
2924 4253 2979 4308 S.
3031 4253 3515 4323 Amphilochium
3568 4257 3689 4313 Ico-

2037 4340 2305 4393 niensem
2344 4338 2698 4409 episcopum
2749 4339 2929 4395 habet
2962 4347 3289 4407 auctorem,
3330 4344 3456 4398 sine
3487 4346 3686 4401 medio

2034 4428 2479 4495 coniungimus,
2496 4426 2767 4482 ordinem
2792 4432 3134 4499 temporum
3159 4434 3345 4486 secuti
3395 4450 3516 4504 quo
3534 4436 3686 4491 vitae

1746 4486 1921 4584 9mm
1957 4517 1999 4571 D
2033 4516 2385 4587 digeruntur
2401 4515 2721 4571 amborum
2744 4486 3685 4589 itacomparatae,utcoinmunes

2034 4621 2223 4660 annos
2272 4603 2499 4675 aliquot
2550 4604 2886 4671 habuerint,
2936 4607 3334 4679 Amphilochii
3382 4617 3682 4668 senectute

2032 4698 2420 4749 concurrente
2454 4708 2591 4748 cum
2623 4695 2888 4750 Zosimae
2920 4695 3346 4755 adolescentia.

2102 4834 2226 4890 Non
2277 4834 2386 4889 erit
2427 4834 2535 4889 abs
2576 4850 2658 4899 re,
2699 4835 2794 4891 hic
2833 4836 2910 4892 ad
2951 4843 3282 4894 extremum
3329 4840 3679 4908 admonere,

2032 4924 2318 4980 Ioannem
2360 4923 2686 4989 Moschum,
2720 4924 2854 4981 libri
2902 4926 3150 4981 celebris
3173 4929 3304 4999 jam
3349 4930 3490 4986 olim
3538 4938 3594 4987 et
3645 4947 3681 4988 a

2030 5019 2195 5067 sexta
2227 5010 2488 5080 generali
2531 5011 2772 5082 Synodo
2802 5011 3048 5079 laudati,
3083 5018 3177 5069 cui
3223 5016 3471 5074 Pratum
3506 5019 3679 5088 spiri-

2030 5099 2189 5156 tuale
2220 5099 2419 5155 titulus
2456 5104 2564 5165 est,
2598 5105 2927 5167 auctorem,
2954 5102 3104 5158 haec
3137 5104 3266 5159 sine
3294 5106 3482 5162 dubio
3508 5109 3679 5164 Zosi-

2030 5205 2163 5245 mae
2188 5188 2461 5260 Alloquia
2492 5188 2727 5244 vidisse.
2760 5192 2906 5246 Nam
2938 5207 3071 5262 cap.
3110 5193 3261 5248 CCXI
3299 5210 3369 5249 ex
3401 5196 3472 5250 iis
3511 5196 3677 5252 deci-

2029 5294 2196 5332 mum
2243 5276 2544 5344 describit,
2578 5277 2771 5332 verbis
2816 5278 2953 5335 inde
2986 5280 3103 5335 fere
3138 5282 3381 5339 totidem
3414 5282 3675 5341 referens

2025 5366 2333 5421 historiam
2360 5365 2662 5430 monachi,
2693 5368 2797 5437 qui
2823 5368 3070 5440 expilari
3096 5370 3307 5427 cellam
3330 5388 3504 5427 suam
3532 5388 3569 5428 a
3596 5374 3679 5429 vi-

2027 5456 2161 5511 cino
2185 5456 2482 5511 monacho
2503 5471 2641 5510 cum
2674 5456 2828 5511 clare
2850 5458 3113 5523 vidisset,
3137 5460 3570 5531 patientissime
3593 5466 3679 5518 to-

2026 5544 2244 5608 lerans,
2281 5544 2459 5599 etiam
2506 5551 2828 5615 postquam
2874 5547 3102 5603 audivit
3150 5548 3674 5619 improbissimum

2027 5633 2195 5689 illum
2244 5632 2432 5689 iurem
2486 5633 2565 5689 ob
2612 5632 2673 5688 id
2733 5633 2961 5690 facinus
2991 5634 3254 5701 delatum
3289 5637 3367 5701 ad
3413 5636 3671 5702 iudicem
