4092 6252
468 302 569 358 34⁸7

1635 287 1842 346 PETRI
1884 288 2161 348 POSSINI
2202 291 2588 349 PBOLEGOM
2599 292 2734 351 ENA

3770 294 3870 351 348

466 429 738 486 clausum
770 438 1003 481 carcere
1036 419 1240 483 teneri,
1274 417 1530 491 primum
1570 419 1914 485 corrogatos
1948 414 2114 470 cibos
2144 418 2193 470 Α
2219 414 2320 469 XV
2342 416 2604 471 conﬁcit.
2631 416 2802 482 Quod
2832 433 2952 474 non
2980 431 3267 491 ponerem
3298 418 3419 475 hoc
3447 418 3583 475 loco
3614 423 3750 475 ante
3768 418 3877 474 tria

469 518 545 575 ad
570 534 705 572 eum
725 515 783 571 in
821 510 1158 569 custodiam
1189 507 1417 571 detulit,
1449 505 1664 561 deinde
1685 521 1720 560 a
1749 504 1941 559 iudice
1971 503 2114 560 Iibe-

467 608 757 663 rationem
792 603 916 657 eius
944 598 1299 671 impetravit.
1336 596 1399 650 Id
1430 594 1623 649 solum
1656 593 1973 648 discrimen
2005 597 2109 657 est,

465 694 647 767 quod,
668 709 803 748 cum
832 691 1092 746 Zosimas
1108 687 1285 749 dicat,
1308 700 1512 739 senem
1539 696 1892 750 corrogasse
1916 697 2027 737 ova
2059 686 2113 735 et

467 784 732 847 cathara,
756 796 911 853 quae
938 778 1014 834 ad
1035 776 1226 832 furem
1258 774 1519 828 vinctum
1546 770 1819 835 deterret,
1843 770 2114 827 Moschus

468 889 576 943 pro
607 872 676 925 iis
704 869 889 941 ponit,
918 867 1122 936 aliqua
1154 863 1475 926 esculenta,
1514 862 1709 915 vitans
1741 860 1886 915 forte
1918 874 2116 913 neces-

470 962 703 1017 sitatem
734 956 1070 1029 exponendi
1103 952 1244 1023 quid
1280 959 1475 1005 essent
1498 949 1763 1005 cathara.
1792 947 1985 1015 Quam
2021 962 2114 1001 vo-

466 1065 595 1105 cem
620 1062 812 1118 neque
838 1046 897 1100 in
929 1042 1063 1099 ullis
1090 1040 1397 1111 glossariis
1430 1037 1798 1093 declaratam
1830 1036 2041 1108 reperi,
2063 1040 2119 1090 et

466 1154 601 1193 cum
619 1136 692 1192 de
707 1152 777 1191 ea
792 1134 1051 1189 Graecos
1070 1132 1129 1186 in
1144 1129 1306 1185 Italia
1322 1127 1652 1183 monachos
1668 1128 2115 1194 interrogarem,

470 1226 723 1282 fatentes
755 1222 956 1278 audivi
974 1220 1201 1275 nescire
1222 1234 1281 1271 se
1297 1232 1542 1288 prorsus
1571 1214 1715 1286 quid
1736 1229 1808 1268 ea
1834 1213 2115 1283 signaret,

472 1313 628 1370 unde
656 1315 852 1384 ipsum
882 1307 1242 1363 vocabulum
1269 1304 1465 1360 latinis
1486 1318 1835 1375 expressum
1856 1301 2034 1356 literis
2059 1302 2117 1355 in

469 1419 605 1459 mea
648 1398 1128 1470 interpretatione
1161 1411 1291 1449 sum
1327 1400 1570 1447 coactus
1612 1391 1963 1462 relinquere.
1998 1393 2117 1446 Mo-

470 1492 648 1546 schus
695 1490 849 1544 idem
890 1503 1023 1557 cap.
1059 1483 1238 1539 CCXII
1271 1481 1543 1537 exscribit
1588 1496 1659 1536 ex
1700 1480 1969 1552 Alloquio
2002 1480 2116 1534 XIII

468 1580 591 1635 duo
630 1576 907 1647 exempla
938 1590 1150 1630 senum
1190 1578 1534 1627 sanctorum
1583 1569 1733 1625 ultro
1781 1568 2115 1625 latronibus

468 1667 844 1725 oﬁerentium
876 1680 983 1719 sua
1023 1662 1244 1725 omnia,
1292 1677 1362 1716 ea
1406 1660 1531 1715 sola
1559 1658 1910 1726 differentia,
1953 1658 2116 1730 quod

2226 506 2561 575 sequentia,
2586 506 2636 561 si
2662 507 2993 575 crederem,
3016 508 3144 563 eius
3161 514 3496 572 auctorem,
3516 507 3679 579 quod
3701 506 3879 579 aliqui

2224 599 2563 662 autumant,
2613 610 2741 651 esse
2774 595 2964 660 illum,
3013 597 3188 652 cuius
3222 598 3500 653 meminit
3530 596 3884 667 Spondanus

2223 684 2389 737 Tom.
2421 684 2441 737 Ι
2473 682 2705 739 Contin.
2740 685 2817 742 ad
2858 702 3051 743 annos
3082 687 3240 753 1350,
3277 686 3442 753 1354,
3475 686 3617 741 1355
3646 692 3701 741 et
3729 686 3878 740 I362.

2227 770 2323 824 llis
2349 787 2421 827 ne
2444 774 2759 840 assentiar,
2781 774 2896 831 tria
2920 776 3261 832 retrahunt:
3292 777 3335 831 Ι.
3367 775 3536 848 quod
3569 775 3736 831 titulo
3758 790 3883 831 san-

2227 859 2442 915 ctitatis
2480 861 2617 918 huic
2657 864 2717 918 in
2750 870 2956 920 nostro
2988 865 3192 921 codice
3225 864 3452 920 tributo
3492 879 3708 936 parum
3748 879 3882 919 con-

2228 955 2443 1019 gruant
2477 950 2739 1007 hominis
2778 969 2990 1018 mores,
3023 954 3126 1025 qui
3158 969 3220 1009 se
3258 954 3713 1009 schismaticum
3747 954 3882 1008 actis

2229 1039 2525 1110 etscriptis
2545 1056 2744 1096 acrem
2763 1042 3121 1113 praebuerit,
3142 1043 3367 1115 quique
3390 1041 3882 1112 Constantinopo-

2226 1125 2481 1182 litanum
2506 1129 3001 1202 patriarchatum,
3018 1132 3237 1187 scelere
3253 1133 3687 1203 partum,justa
3699 1145 3884 1201 poena

2228 1216 2573 1286 perdiderit;
2592 1220 2804 1291 ll.quia
2820 1220 2959 1277 nihil
2978 1220 3211 1276 videtur
3227 1236 3588 1289 causae,cur
3600 1234 3721 1274 non
3735 1234 3881 1274 com-

2229 1311 2463 1373 pareret
2487 1307 2544 1361 in
2569 1307 2733 1362 titulo
2751 1310 3134 1382 episcopatus
3156 1308 3567 1366 Heracleensis
3582 1308 3884 1379 etpatriar-

2230 1392 2438 1447 chatus
2473 1397 3183 1469 Constantinopolitanus,
3218 1401 3445 1471 quibus
3485 1398 3727 1453 duabus
3757 1412 3880 1451 suc-

2229 1482 2457 1537 cessive
2490 1484 2805 1555 insignitus
2828 1488 3025 1542 infulis
3043 1488 3137 1542 ille
3161 1488 3505 1544 Philotheus
3523 1486 3740 1542 dicitur
3762 1502 3775 1553 ;
3795 1485 3877 1539 III.

2227 1572 2517 1641 quoniam
2550 1575 2803 1645 scriptor
2824 1576 3043 1631 saeculi
3076 1578 3191 1633 XIV
3216 1593 3338 1634 non
3368 1582 3574 1649 potest
3603 1574 3761 1631 credi
3787 1589 3879 1629 au-

2229 1664 2354 1713 ctor
2405 1662 2605 1732 operis
2644 1664 2704 1718 in
2753 1666 2958 1721 codice
3007 1666 3307 1738 descripti,
3350 1666 3531 1723 cuius
3582 1679 3794 1720 manus
3831 1666 3883 1717 et

464 1772 675 1815 vocem
698 1755 987 1813 εραιίάίοη
1012 1754 1425 1822 interpretatur
1442 1750 1811 1819 marsupium
1829 1748 2113 1817 pendens,
2152 1765 2193 1820 Β
2228 1747 2432 1805 charta
2463 1758 2716 1809 aetatem
2737 1754 3078 1825 praeferunt
3098 1771 3428 1822 annorum,
3456 1760 3521 1811 ut
3538 1769 3728 1825 supra
3743 1752 3875 1817 dixi,

465 1853 884 1918 praeterquam
936 1842 1135 1897 minus
1186 1840 1387 1910 perite,
1416 1855 1551 1893 cum
1609 1842 1776 1892 vetus
1828 1836 2115 1893 Theocriti

467 1935 811 1990 scholiastes
826 1932 901 1987 ad
917 1929 1186 2000 Idyllium
1214 1932 1251 1983 Χ
1277 1926 1636 1982 vocabulum
1662 1928 1839 1982 scalis
1861 1926 2114 1996 explicet

463 2026 922 2080 instrumentum
938 2019 1364 2089 agriculturae,
1385 2016 1541 2071 unde
1556 2016 1857 2070 sarculum
1878 2032 2014 2070 sum
2028 2016 2114 2069 in-

467 2108 958 2183 terpretatus,sed
993 2109 1166 2162 etiam
1200 2105 2007 2175 improbabiliternumerans
2031 2105 2113 2158 in-

466 2206 552 2258 ter
581 2200 825 2256 mobilia
845 2196 1027 2252 cellae
1060 2195 1424 2249 monasticae
1453 2194 1820 2261 marsipium,
1849 2209 2113 2262 praeser-

468 2292 572 2346 tim
603 2289 764 2359 quod
794 2286 963 2341 addit
992 2284 1275 2353 pendens,
1308 2283 1468 2353 quod
1512 2284 1708 2338 statim
1740 2284 1998 2339 latrones
2030 2283 2115 2336 vi-

467 2378 714 2441 dissent,
733 2391 839 2430 nec
852 2389 1006 2444 opus
1022 2372 1367 2428 habuissent
1387 2371 1675 2427 abeuntes
1697 2388 1730 2427 a
1745 2378 1953 2427 sancto
1970 2387 2113 2428 sene

468 2466 802 2530 admoneri,
840 2469 901 2517 ut
936 2462 1099 2531 quod
1142 2476 1258 2515 non
1292 2461 1663 2515 advertentes
1694 2460 2115 2532 relinquebant

471 2556 760 2612 tollerent.
786 2553 882 2606 Est
911 2555 1217 2621 praeterea
1240 2553 1419 2619 caput
1448 2548 1655 2603 CCXVI
1688 2549 1836 2603 Prati
1858 2565 1930 2605 ex
1961 2550 2112 2605 Allo-

466 2644 609 2715 quio
631 2641 898 2697 Zosimae
913 2644 1078 2692 sexto
1092 2638 1482 2706 descriptum.
1501 2639 1689 2706 Caput
1702 2653 1842 2692 vero
1861 2639 2113 2693 CCXVIII

469 2748 540 2787 ex
576 2729 916 2785 undecimo.
964 2726 1226 2797 Denique
1271 2730 1453 2796 caput
1484 2728 1686 2781 CCXIX
1721 2743 1792 2781 ex
1842 2728 2117 2783 tertiode-

469 2820 646 2876 cimo.
680 2817 795 2872 Sed
824 2816 898 2871 de
927 2815 1019 2870 his
1058 2816 1178 2869 iam
1211 2815 1370 2869 satis.

543 2943 676 2999 XIII.
694 2941 961 2997 Zosimae
976 2939 1142 2993 Isaac
1160 2940 1371 3009 Syrum
1400 2938 1683 3008 Opusculi
1702 2939 1787 2994 XII
1810 2946 2115 2996 auctorem

470 3033 741 3106 proxime
758 3030 1059 3085 admotum
1075 3028 1793 3100 subiungimus,quoniam
1810 3030 1970 3084 hunc
1984 3030 2116 3085 Pos-

2225 1840 2714 1910 quingentorum,
2747 1844 3096 1914 praesertim
3128 1861 3261 1900 cum
3305 1846 3390 1900 ibi
3424 1852 3564 1915 post
3590 1842 3733 1898 illud
3771 1841 3878 1896 alia

2225 1936 2528 1999 ponantur
2545 1933 2752 1988 aetatis
2776 1932 3087 1989 manifeste
3110 1934 3383 1990 senioris.
3408 1932 3726 2005 Scripserit
3744 1946 3875 2002 ergo

2223 2014 2385 2073 hunc
2435 2036 2779 2077 sermonem
2811 2022 2997 2077 multo
3028 2022 3331 2094 antiquior
3373 2022 3637 2094 quidam
3669 2027 3725 2076 et
3751 2035 3876 2076 san.

2224 2108 2369 2163 ctior
2394 2124 2425 2163 e
2456 2109 2727 2180 plurimis
2758 2113 2919 2167 omni
2948 2128 3094 2168 aevo
3125 2112 3427 2182 insignitis
3460 2110 3748 2167 Philothei
3780 2125 3875 2166 vo-

2224 2196 2440 2253 cabulo
2476 2200 2787 2255 monachis
2800 2241 2813 2255 .

2299 2307 2373 2360 De
2413 2306 2722 2363 Theodoro
2754 2308 3207 2381 archiepiscopo
3247 2309 3561 2365 Edesseno
3603 2307 3871 2381 Opusculi

2228 2394 2597 2450 XVIauctore
2620 2412 2741 2451 non
2764 2403 3000 2452 constat
3016 2397 3361 2468 quisfuerit,
3383 2400 3549 2454 unde
3566 2397 3872 2460 oriundus,

2226 2484 2325 2537 ubi
2359 2485 2559 2549 vitam,
2591 2486 2753 2557 quod
2786 2491 3058 2557 apparet,
3089 2488 3493 2543 monasticam
3526 2490 3665 2543 ante
3695 2484 3877 2541 archi-

2226 2574 2643 2647 episcopatum
2663 2578 3005 2641 exercuerit,
3022 2577 3270 2648 quando
3292 2583 3349 2633 et
3368 2594 3505 2649 qua
3517 2578 3827 2633 occasione
3842 2590 3871 2630 a

2225 2665 2519 2719 coenobio
2534 2664 2609 2719 ad
2626 2664 2989 2720 Edessenam
3007 2666 3353 2722 cathedram
3372 2666 3559 2723 fuerit
3573 2672 3870 2739 promotus

2225 2755 2391 2809 Tom.
2432 2752 2565 2808 XXII
2606 2753 3007 2810 Bibliothecae
3048 2759 3285 2811 Patrum
3315 2756 3605 2813 editionis
3637 2755 3872 2811 novissi—

2229 2859 2359 2897 mae
2395 2843 2806 2913 Lugdunensis
2836 2846 3276 2917 quinquaginta
3315 2862 3385 2901 ex
3417 2848 3553 2903 eius
3585 2845 3865 2918 capitulis,

2226 2932 2341 2987 hoc
2366 2936 2451 2987 est
2492 2948 2610 2986 non
2646 2938 2830 2987 totum
2864 2933 3177 2989 dimidium
3208 2935 3339 2990 libri
3359 2936 3493 2992 eius
3519 2936 3721 3010 [quem
3741 2936 3866 2990 inte-

2228 3036 2402 3091 grum
2421 3020 2691 3093 damus],
2707 3022 2885 3094 idque
2909 3040 3068 3079 mere
3089 3024 3267 3080 latine
3287 3024 3670 3093 exhibentur,
3691 3025 3869 3096 deque

470 3122 737 3187 sevinus,
770 3136 841 3175 ex
863 3117 1172 3174 Gennadio
1195 3116 1472 3185 referens,
1500 3120 2113 3189 ponitimperatorum
2153 3130 2193 3186 (ι
2228 3126 2297 3165 θο
2359 3110 2417 3165 in
2468 3111 2726 3181 generali
2777 3111 2969 3167 indice
3036 3114 3201 3168 Tom.
3258 3114 3280 3167 Ι
3334 3114 3556 3172 dicitur
3610 3113 3868 3171 ﬂoruisse

467 3211 733 3268 Martiani
767 3225 836 3263 ac
862 3208 1073 3262 Leonis
1115 3212 1453 3277 temporum
1481 3207 1815 3279 aequalem.
1843 3210 2031 3273 Quem
2062 3213 2117 3263 et

458 3300 561 3363 ait,
596 3303 832 3369 praeter
880 3295 1069 3351 multa
1116 3301 1322 3350 contra
1351 3295 1699 3361 haereticos,
1734 3297 1911 3352 etiam
1947 3313 2117 3352 asce-

456 3389 574 3443 tica
598 3386 927 3456 scripsisse.
954 3387 1146 3455 Supra
1179 3386 1396 3453 Opusc.
1419 3385 1485 3438 IX
1514 3400 1646 3455 pag.
1680 3387 1783 3441 247
1810 3387 1872 3441 fit
1892 3388 2111 3442 mentio

458 3476 778 3531 cuiusdam
808 3474 995 3539 Isaac,
1021 3474 1122 3544 qui
1161 3472 1331 3525 fuerit
1362 3472 1690 3543 discipulus
1730 3476 1916 3545 Magni
1946 3479 2114 3529 Arse-

457 3565 562 3619 nii.
610 3564 773 3617 Idem
829 3562 877 3615 is
928 3576 1071 3616 sane
1113 3576 1251 3615 cum
1304 3561 1417 3615 hoc
1464 3569 1669 3617 nostro
1724 3579 1859 3618 esse
1902 3565 2108 3634 potuit.

456 3653 715 3707 Dubium
755 3649 1001 3720 quidem
1049 3649 1193 3703 mihi
1243 3664 1364 3703 non
1407 3655 1512 3713 est,
1547 3652 1715 3721 quin,
1755 3668 1910 3723 quae
1960 3651 2115 3707 infra

457 3744 675 3812 Opusc.
708 3739 843 3794 XVII
879 3737 1191 3806 Nicephori
1221 3738 1503 3793 monachi
1536 3756 1607 3793 ex
1640 3743 1800 3795 Isaac
1841 3742 1988 3813 Syro
2012 3741 2112 3795 de-

460 3830 821 3891 scribuntur,
882 3827 1150 3882 eiusdem
1212 3826 1386 3880 huius
1441 3829 1625 3883 nostri
1683 3830 1817 3884 sint.
1877 3831 2110 3885 Memini

457 3918 604 3975 alias
632 3918 691 3971 in
736 3915 1095 3970 Bibliotheca
1141 3916 1425 3971 Vaticana
1456 3918 1673 3972 vidisse
1714 3934 1808 3973 me
1838 3919 2028 3974 multa
2057 3925 2114 3976 et

456 4006 765 4079 praeclara
787 4005 954 4059 Isaac
1009 4006 1016 4073 |
1071 4005 1195 4073 Syri
1226 4020 1429 4075 opera,
1451 4022 1607 4077 quae
1627 4007 1881 4062 multum
1912 4009 2112 4080 profu-

458 4103 610 4161 tura,
656 4096 702 4149 si
747 4092 1072 4166 prodirent,
1110 4092 1441 4162 interpretis
1473 4101 1529 4150 et
1579 4098 1819 4151 editoris
1864 4114 2111 4168 operam

460 4185 808 4256 implorant.
840 4182 1216 4237 Theodorum
1248 4183 1542 4239 Studitam
1577 4184 1746 4241 Isaac
1780 4187 1926 4257 Syro
1966 4203 2112 4241 con-

458 4275 644 4338 tinuo,
680 4272 845 4343 quod
878 4271 1046 4325 illum
1076 4271 1226 4325 inter
1258 4271 1572 4343 plerosque
1600 4275 1977 4345 sequentium
2004 4292 2110 4331 au-

456 4368 646 4417 ctores
676 4360 1118 4429 Opusculorum
1159 4365 1352 4414 certae
1382 4366 1437 4416 et
1484 4367 1657 4417 notae
1694 4364 1903 4418 aetatis
1937 4363 2110 4419 video

458 4466 611 4505 esse.
639 4448 795 4503 Vixit
842 4452 1056 4503 octavo
1092 4447 1350 4503 saeculo.
1386 4449 1585 4515 Multa,
1614 4467 1768 4522 quae
1808 4452 1881 4506 de
1920 4468 1991 4507 eo
2021 4453 2108 4506 di-

460 4538 653 4595 cenda
701 4542 858 4599 sunt,
911 4536 1211 4591 cumulate
1260 4544 1537 4607 congeret
1587 4541 1674 4593 vir
1729 4540 2111 4597 doctissimus

2228 3199 2394 3255 illum
2426 3200 2516 3253 XII
2546 3199 2805 3255 saeculo.
2840 3203 2993 3257 Sane
3022 3202 3209 3257 serius
3242 3218 3361 3258 non
3385 3206 3585 3275 potuit
3623 3200 3868 3260 Theodo-

2226 3305 2326 3344 rus
2352 3294 2570 3352 noster,
2601 3305 2783 3361 quam
2808 3289 2977 3345 istius
3008 3291 3227 3347 saeculi
3253 3292 3419 3347 initio
3448 3296 3671 3350 vivere.
3696 3292 3871 3347 Testa-

2228 3384 2320 3433 tur
2350 3379 2511 3434 enim
2544 3380 2839 3449 Eugenius
2876 3380 2947 3435 III
2979 3397 3255 3436 summus
3287 3382 3556 3439 Pontifex
3585 3383 3763 3439 literis
3803 3377 3872 3435 ad

2226 3467 2597 3523 Ludovicum
2626 3485 2827 3540 regem
2843 3471 3204 3525 Francorum
3224 3471 3485 3543 scriptis,
3520 3470 3876 3545 quasrecitat

2224 3558 2511 3612 Baronius
2545 3557 2710 3613 Tom.
2750 3558 2836 3614 XII
2875 3576 3038 3613 nun).
3080 3561 3229 3615 XXXI
3261 3562 3401 3615 anni
3444 3563 3614 3631 1145,
3648 3565 3871 3632 captam

2225 3662 2260 3701 a
2285 3648 2595 3701 Saracenis
2624 3664 2694 3702 eo
2729 3663 2887 3703 anno
2916 3648 3220 3710 Edessam,
3249 3650 3445 3705 occiso
3473 3652 3561 3707 ab
3602 3650 3671 3705 iis
3703 3645 3871 3705 archi-

2224 3735 2511 3807 episcopo
2526 3736 2915 3808 pluribusque
2929 3735 3076 3790 aliis.
3099 3739 3177 3793 Ex
3199 3754 3320 3810 quo
3346 3745 3618 3810 tempore
3642 3748 3870 3794 vacasse

2224 3823 2387 3879 illam
2421 3824 2625 3879 sedem
2661 3833 2927 3896 apparet,
2957 3827 3161 3895 quoad
3202 3834 3404 3899 erepta
3436 3827 3754 3885 Saracenis
3778 3840 3869 3897 per

2224 3915 2481 3969 Francos
2516 3913 2739 3969 Edessa
2770 3918 2874 3979 est,
2908 3916 3007 3986 qui
3032 3915 3335 3988 deinceps,
3359 3919 3659 3989 quamdiu
3692 3917 3868 3971 Hiero-

2224 4002 2468 4073 solymis
2503 4010 2849 4071 regnarunt,
2875 4003 3361 4075 archiepiscopos
3386 4004 3438 4060 ei
3459 4006 3685 4063 latinos
3706 4002 3867 4059 dede-

2222 4098 2381 4145 runt.
2416 4091 2529 4146 Nec
2559 4092 2789 4146 videtur
2813 4092 3147 4158 verisimile,
3173 4094 3695 4168 archiepiscopum
3716 4110 3750 4149 a
3779 4093 3867 4147 Sa-

2222 4182 2454 4233 racenis
2475 4179 2847 4235 interfectum
2870 4180 3031 4235 hunc
3054 4181 3251 4252 ipsum
3275 4181 3455 4238 fuisse
3477 4184 3849 4241 Theodorum

2225 4268 2439 4339 Martyr
2482 4268 2642 4323 enim
2676 4269 2880 4324 fuisset
2922 4269 3134 4336 dictus,
3168 4272 3271 4343 qui
3305 4272 3363 4326 in
3404 4273 3727 4330 Turrianeo
3772 4283 3862 4324 co-

2222 4356 2352 4411 dice
2392 4358 2687 4412 duntaxat
2736 4357 2984 4413 Sanctus
3034 4366 3209 4427 pater
3256 4367 3455 4417 noster
3500 4360 3854 4419 inscribitur.

2223 4444 2450 4501 Obiisse
2475 4460 2616 4515 ergo
2649 4446 2813 4500 illum
2839 4448 3093 4503 naturali
3118 4455 3305 4504 morte
3330 4454 3465 4504 ante
3484 4466 3712 4506 annum
3736 4442 3863 4501 1145

2222 4533 2502 4588 credibile
2520 4538 2630 4599 est,
2655 4534 2776 4590 imo
2801 4534 2949 4590 forte
2977 4536 3289 4608 aliquanto
3320 4537 3688 4595 submotiore
3719 4550 3797 4591 re-
3826 4532 3836 4601 Ι

457 4628 731 4685 omnium
756 4628 881 4681 eius
906 4641 1155 4696 operum
1182 4625 1418 4696 plenam
1449 4634 1504 4682 et
1521 4628 1883 4686 luculentam
1906 4631 2113 4686 editio-
2145 4610 2189 4665 D
2224 4626 2310 4677 tro
2328 4628 2540 4683 aetate,
2568 4630 2847 4695 ut,quem
2865 4627 3141 4681 Saraceni
3158 4626 3417 4681 Edessae
3431 4632 3861 4699 expugnatores

459 4733 601 4772 nem
633 4716 956 4772 adornans.

530 4839 780 4895 Abbatis
799 4839 985 4894 Isaiae
997 4846 1282 4909 quartum
1297 4840 1599 4897 decimum
1615 4848 1699 4897 est
1718 4845 2109 4916 Opusculum.

462 4931 628 4986 Hunc
655 4926 752 4982 alii
788 4928 1022 4981 Esaiam
1055 4928 1380 4999 appellant,
1424 4946 1534 4997 ego
1571 4932 1863 4988 Ecclesiae
1894 4934 2110 4990 latinae

462 5033 639 5073 usum
655 5022 954 5087 receptum
972 5015 1030 5070 in
1047 5017 1233 5071 Isaiae
1249 5019 1578 5075 vocaebulo
1600 5020 1901 5079 efferendo
1926 5025 2107 5097 tenui,

464 5121 713 5162 securus
747 5104 1078 5174 scripturae
1108 5105 1471 5161 Graecorum
1500 5108 1557 5162 in
1583 5114 1765 5165 verbo
1792 5114 2111 5170 Hebraicae

464 5193 730 5265 originis.
759 5192 1146 5249 Bellarminus
1164 5194 1220 5249 in
1252 5193 1401 5249 libro
1422 5198 1496 5250 De
1519 5199 1906 5269 scriptoribus
1933 5204 2113 5258 eccle-

463 5283 716 5339 siasticis
738 5282 815 5337 do
830 5297 899 5336 eo
922 5282 1022 5346 ait,
1048 5298 1129 5346 se,
1162 5298 1285 5351 quo
1310 5288 1573 5354 tempore
1606 5287 1827 5355 vixerit,
1852 5291 2111 5347 invenire

460 5372 822 5444 nequivisse.
860 5370 999 5425 Vide
1030 5372 1209 5427 etiam
1246 5372 1320 5426 de
1351 5374 1449 5427 illo
1480 5376 1888 5436 Possevinum.
1922 5380 2112 5435 Huius

461 5477 705 5535 quoque
727 5460 1054 5516 honoriﬁce
1080 5460 1518 5519 meminitinfra
1530 5466 1893 5537 Nicephorus
1909 5486 2113 5526 mona-

460 5554 609 5607 chus
637 5553 853 5622 Opusc.
891 5550 1046 5605 XVII.

537 5668 745 5727 Sermo
762 5665 1117 5725 S.Philothei
1129 5666 1203 5724 de
1217 5668 1511 5726 mandatis
1526 5670 1734 5729 Christi
1748 5674 2114 5745 Opusculum

2222 4712 2589 4778 occiderunt,
2636 4730 2945 4769 successor
2983 4714 3136 4770 illius
3167 4731 3288 4771 non
3332 4716 3734 4779 immediatus,
3762 4708 3859 4767 sed

2221 4802 2543 4867 secundus,
2577 4803 2802 4868 tertius,
2843 4810 3167 4875 quartusve
3205 4804 3398 4861 fuerit.

2295 4928 2457 4983 Paris
2492 4944 2629 4983 cum
2660 4928 2969 4983 Theodoro
3001 4929 3298 4984 Edesseno
3339 4930 3547 4987 aetatis
3582 4925 3858 4998 Nicepho-

2220 5032 2353 5071 rum
2394 5017 2759 5073 mouachum
2794 5018 3028 5087 opinari
3067 5018 3199 5073 licet
3230 5020 3511 5090 Opusculi
3546 5020 3703 5084 XVII,
3731 5010 3855 5071 libri

2220 5106 2395 5161 valde
2425 5106 2603 5171 utilis,
2638 5112 2967 5172 auctorem,
2992 5124 3127 5163 cum
3154 5108 3386 5164 certiori
3416 5124 3614 5166 rerum
3633 5117 3687 5164 et
3712 5108 3856 5161 acto-

2220 5211 2354 5251 rum
2390 5196 2517 5250 eius
2560 5196 2900 5251 testimonio
2938 5211 3280 5253 careamus.

2294 5324 2411 5375 Hoc
2460 5320 2608 5375 forte
2665 5321 2966 5394 antiquior
3011 5322 3183 5378 fuerit
3237 5329 3443 5380 auctor
3472 5326 3633 5381 XVIII
3681 5312 3854 5377 ultimi

2224 5410 2529 5482 Opusculi,
2556 5426 2821 5482 anonyin
2834 5428 2900 5466 us
2925 5414 3259 5468 monachus
3275 5414 3546 5470 coenobii
3570 5408 3761 5485 graeci
3776 5418 3857 5460 or-

2224 5500 2378 5554 dinis
2403 5502 2457 5554 S.
2486 5499 2685 5555 Basilii
2712 5502 2767 5555 in
2797 5516 2941 5570 agro
2971 5503 3325 5573 Tusculano,
3353 5506 3457 5560 aS.
3483 5504 3610 5560 Nilo
3632 5498 3856 5577 juniore

2224 5589 2383 5644 circa
2409 5587 2591 5644 ﬁnem
2627 5589 2847 5645 saeculi
2886 5591 2933 5645 X
2967 5590 3219 5659 fundati,
3251 5593 3418 5648 cuius
3472 5588 3855 5665 ampliﬁcalor

2225 5678 2481 5748 insignis
2528 5679 2745 5735 exstitit
2779 5694 2934 5735 unus
2981 5695 3011 5735 e
3051 5681 3161 5736 Nili
3206 5681 3534 5753 discipulis,
3575 5676 3855 5739 eiusdem-
