4084 6256
208 316 300 375 353
1099 312 1194 369 AD
1238 308 1628 371 EDITIONEM
1674 310 1851 373 HOM.
1890 312 1947 373 S.
1990 312 2295 377 MACARII
2341 314 2698 382 AEGYPTII.
3496 332 3599 391 354

208 440 396 500 Caroli
406 439 1463 507 Guilielmi,cancellario,consiliario
1477 441 1680 495 intimo
1693 446 1745 497 et
1760 441 1922 497 sacri
1933 444 2270 500 consistorii
2278 447 3296 520 praesidi,eminentissimo,patrono
3306 455 3589 527 singular

204 529 973 597 Macarium,sanctissimum
993 530 1253 593 Patrem,
1274 535 1455 600 atque
1469 531 1726 600 seipsum
1742 530 2246 603 obsequiosissimo
2263 536 2433 591 cultu
2449 543 2503 592 et
2519 537 2716 594 studio
2735 538 2911 608 oﬂ'ert
2927 539 3317 613 Jo.Georgius
3330 545 3583 603 Pritius.

1670 704 1777 779 γέν
1803 704 2063 763 illustris
2098 706 2123 762 Ι

269 880 450 944 Quum
496 876 594 933 Dei
642 875 863 949 Optimi
908 873 1146 931 Maximi
1185 871 1473 943 singulari
1511 876 1682 934 nutu,
1716 877 1772 928 et
1794 874 2170 929 Serenissimi
2192 875 2395 933 Caroli
2418 878 2725 936 Guilielmi
2749 882 2975 939 summi
3014 883 3309 957 Principis
3342 886 3515 945 iussu
3539 895 3597 946 et

205 965 490 1039 auspiciis,
542 967 679 1022 Tuis
728 970 933 1021 tamen
957 963 1141 1020 etiam
1169 960 1459 1026 consiliis,
1489 961 1703 1032 Lipsia,
1736 977 1768 1017 e
1801 962 2155 1020 charissima
2183 965 2456 1021 omnium
2479 968 2692 1038 patria,
2742 969 2821 1025 ad
2866 971 3255 1031 Servestanos
3312 981 3598 1033 evocatus

204 1056 411 1114 abitum
438 1054 780 1120 meditarer,
808 1050 1240 1109 adducendum
1266 1049 1507 1106 insimul
1530 1049 1867 1106 existimavi
1908 1051 2191 1108 comitem
2223 1054 2629 1111 venerandum
2660 1058 2981 1115 Macarium
3012 1060 3180 1117 illum
3209 1064 3599 1136 Aegyptium,

203 1146 335 1201 inter
361 1145 563 1201 Patres
594 1142 889 1200 Ecclesiae
915 1141 1283 1197 Christianae
1306 1138 1545 1211 pietatis
1567 1139 1867 1196 solidioris
1892 1139 2070 1197 laude
2094 1146 2151 1197 et
2177 1141 2316 1198 viva
2339 1157 2541 1199 rerum
2567 1142 2929 1216 spiritalium
2951 1148 3199 1206 scientia
3215 1149 3601 1224 incompara-

204 1233 386 1290 bilem.
417 1232 608 1301 Quem
634 1231 797 1288 enim
827 1230 1130 1294 dabimus,
1166 1228 1289 1301 qui,
1324 1227 1437 1283 nisi
1476 1227 1821 1284 divinorum
1870 1229 2291 1300 mysteriorum
2320 1245 2357 1286 a
2386 1231 2638 1302 Spiritus
2679 1235 2868 1290 sancti
2901 1236 3094 1304 gratia
3128 1237 3303 1295 fuerit
3332 1241 3598 1311 peculia-

200 1322 319 1379 riter
342 1321 646 1394 particeps
683 1319 895 1385 factus,
924 1318 999 1375 de
1036 1316 1533 1374 excellentissima
1564 1316 1803 1373 animae
1834 1319 2219 1388 praestantia,
2246 1317 2321 1374 de
2341 1319 2517 1391 lapsu
2540 1320 2805 1377 hominis
2842 1324 3195 1393 miserrimo,
3223 1327 3298 1382 de
3329 1333 3598 1388 extrema

200 1412 494 1467 hominum
520 1411 588 1466 in
618 1409 876 1482 peccatis
898 1406 1221 1464 iacentium
1262 1405 1572 1477 pravitate,
1605 1405 1679 1461 de
1706 1405 1937 1461 insidiis
1984 1406 2251 1462 hostium
2284 1405 2671 1464 infernalium
2697 1415 2752 1465 et
2785 1411 3195 1469 molitionibus
3235 1417 3296 1470 in
3333 1422 3596 1475 mentem

201 1500 513 1556 humanam
538 1496 1090 1571 periculosissimis,
1122 1496 1196 1551 de
1226 1495 1585 1551 suavissimo
1606 1494 1793 1549 divini
1818 1495 2069 1566 Spiritus
2101 1495 2307 1561 ductu,
2342 1497 2415 1551 de
2446 1498 2643 1567 gratia
2670 1499 2794 1563 Dei,
2853 1501 2865 1568 Ι
2923 1502 3271 1574 gratiaeque
3310 1521 3347 1560 a
3377 1512 3596 1565 natura

201 1587 581 1659 distinctione,
612 1588 1011 1659 universaque
1037 1584 1245 1640 salutis
1276 1588 1520 1639 nostrae
1540 1584 1898 1639 oeconomia
1919 1583 2173 1639 solidius
2193 1585 2511 1656 scripserit,
2540 1603 2725 1659 quam
2753 1593 3067 1646 veteranus
3089 1590 3183 1647 ille
3209 1593 3360 1649 inter
3386 1594 3593 1652 Christi

202 1678 497 1735 Salvatoris
529 1676 839 1733 ministros
868 1673 1152 1732 Macarius
1180 1671 1208 1726 ?
1237 1674 1492 1728 Tantum
1523 1670 1718 1727 virum
1746 1672 1909 1743 quod
1934 1673 1996 1727 in
2027 1672 2361 1744 hospitium
2391 1673 2712 1740 deducam,
2742 1677 2856 1731 nisi
2882 1677 2959 1733 ad
2990 1681 3086 1745 Te,
3120 1680 3205 1735 vir
3230 1681 3596 1738 excellentis-

204 1764 381 1822 sime?
406 1765 637 1838 quippe
654 1766 757 1837 qui
782 1778 892 1836 pro
918 1762 1204 1818 inusitata
1233 1776 1431 1816 rerum
1463 1759 1823 1825 divinarum,
1852 1776 1975 1832 qua
1988 1762 2199 1833 polles,
2225 1761 2429 1833 peritia
2450 1778 2515 1818 es
2532 1778 2687 1819 unus
2705 1765 2977 1821 omnium
3004 1769 3264 1825 maxime
3297 1774 3375 1825 ad
3401 1772 3596 1827 existi-

198 1856 473 1913 mandum
505 1856 784 1918 idoneus,
814 1852 1127 1925 quodnam
1149 1850 1224 1904 sit
1251 1855 1368 1905 tam
1400 1848 1633 1903 eximiis
1664 1848 1987 1904 animabus
2018 1849 2400 1906 statuendum
2428 1851 2706 1922 pretium.
2726 1854 2897 1918 Quod
2921 1856 3022 1926 qui
3053 1859 3306 1924 noverit,
3331 1875 3515 1931 quam
3543 1866 3601 1917 et

196 1944 399 2017 cupide
415 1944 735 2016 calideque
756 1941 900 1998 olim
916 1940 1135 1997 nostris
1157 1938 1345 1994 sacris
1370 1936 1605 1993 dederis
1632 1953 1880 2008 cperam
1896 1954 2082 2010 quam
2104 1938 2340 2009 amplas
2359 1939 2652 1996 interioris
2680 1942 3007 2014 sapientiae
3024 1944 3264 2002 divinae
3287 1948 3600 2018 possideas

198 2033 512 2100 facultates,
528 2035 790 2105 quamet
817 2046 1054 2086 morum
1075 2032 1340 2099 praestes
1366 2026 1653 2096 singulari
1676 2026 2027 2096 integritate,
2045 2034 2397 2099 quantoque
2410 2044 2615 2084 amore
2643 2029 2703 2085 in
2735 2031 3017 2101 pietatem
3038 2034 3332 2091 sinceram
3344 2037 3599 2109 eiusque

192 2123 432 2179 cultores
468 2122 699 2185 feraris,
732 2119 897 2174 iuxta
928 2133 1164 2173 mecum
1194 2120 1480 2185 agnoscet
1507 2114 1760 2169 libenter
1788 2121 1845 2170 et
1873 2116 2261 2187 praedicabit.
2295 2116 2426 2172 Mihi
2460 2132 2596 2172 vero
2619 2122 2676 2173 et
2705 2118 2816 2174 ista
2847 2120 3000 2175 ratio
3037 2120 3148 2177 fuit
3176 2122 3236 2177 in
3262 2123 3598 2182 clientelam

192 2214 364 2268 Tuam
397 2209 673 2268 tradendi
692 2209 955 2263 divinum
979 2205 1296 2262 Macarium
1315 2210 1605 2269 nostrum,
1634 2205 1846 2258 nostris
1872 2204 2398 2277 qualibuscunque
2423 2205 2642 2274 vigiliis
2667 2223 2826 2263 nunc
2846 2209 3026 2279 paulo
3045 2210 3286 2282 politius
3303 2213 3599 2284 prodeun-

190 2306 300 2355 tem
333 2300 391 2356 in
420 2298 756 2371 publicum,
794 2302 853 2351 ut
873 2311 971 2352 me
995 2310 1239 2366 quoque
1271 2294 1383 2349 hac
1415 2292 1641 2347 ratione
1663 2294 1934 2348 sisterem
1966 2292 2115 2357 Tibi,
2150 2293 2236 2348 vir
2262 2294 2528 2359 illustris,
2560 2294 2640 2350 ad
2666 2303 2954 2367 perpetua
2974 2300 3233 2371 servitia,
3259 2316 3329 2357 ac
3351 2302 3603 2375 aliquod

194 2396 371 2446 exstet
401 2388 555 2459 grati
583 2386 767 2442 animi
799 2399 943 2454 erga
969 2387 1042 2439 Te
1060 2386 1492 2438 documentum
1524 2397 1536 2435 :
1573 2382 1665 2436 cui
1686 2381 1981 2452 imprimis
2008 2382 2197 2437 refero
2227 2384 2748 2454 acceptum,quod
2763 2385 2925 2456 apud
2954 2388 3343 2445 Servestanos
3367 2397 3603 2447 vestros

192 2484 245 2533 et
266 2478 324 2533 in
352 2477 603 2534 ecclesia
622 2481 675 2532 et
709 2474 768 2530 in
788 2472 1073 2530 cathedra
1094 2470 1339 2542 publica
1369 2485 1440 2525 ea
1472 2476 1557 2525 tra
1608 2471 1617 2539 |
1672 2470 1851 2525 dendi
1875 2485 2164 2525 concessa
2187 2470 2331 2525 mihi
2362 2472 2436 2525 sit
2456 2471 2728 2538 facultas,
2749 2489 2905 2545 quae
2936 2476 3161 2547 populo
3188 2478 3521 2534 Christiano
3548 2486 3604 2535 et

193 2566 489 2622 studiosae
506 2564 799 2620 iuventuti
829 2560 1062 2633 possint
1087 2575 1216 2615 esse
1236 2558 1313 2614 ad
1346 2559 1526 2614 vitam
1551 2558 1944 2614 Christianam
1960 2564 2116 2613 recte
2146 2559 2602 2628 ingrediendum
2631 2567 2808 2633 atque
2833 2564 3177 2635 colendam,
3202 2581 3273 2622 ac
3290 2566 3367 2622 ad
3394 2584 3601 2623 veram

195 2655 582 2712 eruditionem
622 2648 1099 2723 comparandam
1131 2649 1470 2703 necessaria
1499 2651 1558 2701 et
1598 2645 1797 2715 utilia;
1855 2662 1978 2717 quo
2007 2646 2155 2702 vitae
2185 2662 2297 2716 ego
2337 2662 2552 2716 genere
2586 2649 2847 2706 maxime
2877 2652 3148 2708 omnium
3180 2654 3298 2709 iam
3322 2670 3358 2709 a
3397 2655 3601 2711 multis

196 2744 368 2799 annis
405 2743 789 2798 vehementer
811 2738 1089 2794 delector.
1121 2736 1346 2810 Recipe
1377 2735 1576 2804 igitur,
1606 2736 1693 2789 vir
1722 2734 1982 2800 illustris,
2014 2734 2314 2806 hospitem
2344 2736 2503 2791 hunc
2542 2752 2766 2793 novum
2817 2754 2888 2794 ea
2938 2739 3150 2804 fronte,
3180 2758 3304 2811 qua
3344 2742 3421 2798 ad
3462 2759 3605 2799 sua-

201 2832 504 2887 vissimam
550 2829 1010 2892 humanitatem,
1039 2826 1240 2881 dotem
1272 2824 1394 2879 Tibi
1436 2840 1470 2879 a
1517 2828 1730 2879 natura
1770 2823 2034 2879 faventer
2085 2824 2467 2895 impertitam,
2522 2831 2579 2881 et
2608 2825 3055 2895 elegantissima
3085 2830 3320 2887 vivendi
3375 2834 3604 2889 ratione

202 2919 520 2990 plurimum
538 2925 798 2984 auctam,
822 2913 1215 2985 compositus,
1244 2927 1367 2967 non
1385 2912 1593 2967 doctos
1619 2916 1873 2977 tantum,
1894 2913 1997 2968 sed
2022 2913 2370 2984 praesertim
2390 2913 2625 2985 pietatis
2639 2914 2889 2971 cultores
2912 2917 2990 2972 ad
3011 2925 3399 2990 conspectum
3413 2923 3605 2977 Tuum

202 3004 617 3075 benignissime
646 3004 932 3062 admittis.
967 3003 1181 3073 Recipe
1206 3006 1263 3057 et
1290 3016 1388 3057 me
1419 3002 1475 3056 in
1517 3001 1805 3068 favorem,
1847 3001 1950 3072 qui
1980 3000 2201 3057 enixim
2233 3001 2293 3056 in
2320 3002 2376 3057 id
2423 3003 2714 3069 connitar,
2748 3007 2810 3058 ut
2844 3005 3066 3076 quibus
3099 3008 3449 3064 muneribus
3479 3012 3602 3065 Tuo

212 3093 495 3149 beneﬁcio
530 3095 856 3167 praeﬁcior,
880 3089 1236 3148 satisfaciam
1270 3104 1526 3161 semper,
1566 3094 1623 3144 et
1661 3089 1735 3144 de
1766 3094 1958 3145 cetero
1987 3090 2452 3163 quibuscunque
2481 3091 2709 3162 possim
2742 3091 2951 3148 ofﬁciis
2983 3093 3060 3149 ad
3087 3094 3183 3164 Te,
3223 3096 3307 3151 vir
3337 3097 3606 3156 eminen-

206 3181 452 3249 tissime,
484 3183 815 3239 ornandum
852 3182 967 3236 sim
1008 3179 1454 3252 paratissimus.
1494 3177 1657 3234 Vale.
1688 3178 1916 3249 Lipsiae
1946 3179 2005 3233 in
2032 3178 2199 3234 abitu
2230 3184 2363 3234 meo
2394 3180 2513 3235 Cal.
2545 3180 2789 3237 Octobr.
2833 3184 2898 3235 Α.
2926 3183 2994 3238 Ο.
3021 3182 3091 3237 R.
3119 3184 3206 3239 clo
3235 3183 3325 3241 loc
3354 3186 3594 3243 XCVIII.

294 3300 305 3367 Ι
358 3299 584 3355 Lectori
606 3298 901 3356 Benevolo
919 3296 1175 3353 salutem
1185 3295 1326 3351 dicit
1350 3295 1433 3350 lo.
1454 3292 1739 3364 Georgius
1758 3294 1999 3359 Pritius,
2016 3293 2121 3349 SS.
2155 3295 2502 3365 Theologiae
2516 3296 2877 3352 Licentiatus
2899 3303 2952 3354 et
2964 3299 3275 3368 professor
3293 3300 3606 3357 Publicus.

262 3388 639 3457 Evulgamus
667 3387 783 3452 hic,
811 3385 966 3457 quod
994 3386 1147 3441 Deus
1162 3385 1436 3454 faustum
1455 3398 1574 3439 esse
1605 3383 1823 3448 iubeat,
1856 3382 1919 3438 in
1948 3384 2242 3440 Ecclesiae
2266 3398 2554 3455 veraeque
2578 3385 2816 3455 pietatis
2842 3388 3246 3445 studiosorum
3288 3389 3605 3447 utilitatem

195 3475 477 3541 Macarii,
488 3477 738 3532 Patrum
752 3473 1162 3545 antiquissimi,
1175 3472 1484 3535 Homilias,
1498 3472 1670 3528 rebus
1687 3473 1937 3541 optimae
1943 3471 2145 3542 frugis
2159 3472 2226 3526 di
2230 3472 2642 3544 vinissimaque
2654 3476 2937 3544 mysteria
2952 3491 3119 3548 comp
3128 3478 3276 3533 lexis
3290 3479 3610 3548 refertissi-

196 3567 565 3637 mas.Dequa
578 3578 734 3620 nova
748 3563 999 3620 editione
1013 3569 1075 3618 ut
1100 3563 1306 3618 lectori
1322 3563 1511 3631 paulo
1527 3561 1872 3617 accuratius
1886 3565 2132 3627 constet,
2165 3568 2341 3617 erunt
2380 3562 2755 3634 aliqua,licet
2771 3563 3144 3631 brevissimis,
3150 3568 3607 3636 praemittenda,

197 3661 510 3727 antequam
526 3652 608 3710 ad
621 3652 924 3710 lectionem
939 3651 1081 3707 libri
1095 3650 1387 3707 utilissimi
1398 3648 2836 3721 admittatur.Editionem,utapparet,Franco/‘ur
2848 3658 3254 3726 tanam,quam
3269 3656 3608 3712 Zacharias

196 3743 552 3801 Palthenius
575 3757 736 3799 anno
773 3740 1000 3799 saeculi
1026 3740 1350 3807 superioris
1367 3738 1745 3810 nonagesimo
1767 3745 1983 3810 quarto
2001 3740 2425 3807 adornaverat,
2458 3739 2838 3810 repetivimus
2863 3742 3097 3812 quidem
3130 3764 3152 3812 ,-
3198 3744 3302 3801 sed
3337 3751 3403 3800 ut
3427 3747 3611 3815 paulo

200 3835 446 3890 comtior
476 3837 671 3888 tamen
682 3831 957 3902 prodiret
984 3829 1346 3886 elaboravim
1356 3844 1442 3883 us.
1456 3828 1609 3885 Nam
1624 3842 1902 3899 graecum
1919 3831 2145 3885 textum
2165 3835 2449 3884 accurato
2462 3829 2659 3885 studio
2689 3831 3022 3898 revisimus,
3039 3832 3291 3888 sublatis
3319 3833 3459 3891 hinc
3475 3835 3615 3891 inde

199 3922 444 3991 mendis,
476 3936 630 3992 quae
656 3921 718 3975 in
737 3920 997 3990 priorem
1027 3917 1341 3974 editionem
1369 3918 1759 3986 irrepserant.
1784 3916 1896 3973 Ubi
1919 3916 2154 3986 quidem
2187 3919 2250 3972 in
2272 3933 2341 3973 vo
2393 3918 2404 3986 |
2465 3917 2537 3971 tis
2563 3917 2729 3973 nobis
2745 3918 2978 3987 fuisset,
3007 3923 3068 3974 ut
3096 3920 3177 3975 ad
3208 3936 3421 3977 manus
3447 3922 3613 3978 nobis

199 4011 380 4069 codex
403 4010 723 4067 exstitisset
742 4024 927 4065 manu
956 4014 1266 4073 exoratus,
1288 4022 1469 4078 quum
1501 4004 1726 4061 alicubi
1744 4004 1888 4060 satis
1909 4010 2053 4061 esset
2081 4005 2488 4075 manifestum,
2521 4007 2824 4062 lectionem
2849 4007 2992 4063 libri
3016 4010 3220 4064 excusi
3237 4009 3301 4064 in
3342 4010 3480 4067 vitio
3503 4027 3607 4067 cu-

204 4100 575 4157 bare.Multis
600 4098 665 4153 id
678 4097 819 4154 locis
840 4102 1030 4166 posset
1041 4095 1399 4161 ostendi,sed
1419 4110 1603 4150 unum
1625 4095 1834 4150 saltem
1862 4094 2200 4163 speciminis
2214 4095 2341 4149 loco
2362 4094 2605 4164 adferre
2624 4095 2908 4165 sufﬁciat.
2928 4097 3191 4154 Homilia
3217 4098 3272 4154 X
3286 4114 3351 4169 p.
3376 4100 3472 4153 221
3496 4099 3615 4155 edi-

202 4188 372 4246 tionis
402 4187 938 4256 Francofurtanae
958 4186 1129 4241 nullo
1152 4199 1325 4240 sensu
1356 4183 1576 4254 legitur
1599 4182 1815 4235 ἕκπεινεῖ

2002 4178 2141 4252 διψᾷ
2160 4182 2489 4255 ὑπάρχουσι,
2507 4184 2568 4238 in
2598 4199 2851 4255 quorum
2882 4185 3193 4241 verborum
3225 4188 3417 4243 locum
3451 4202 3611 4256 repo-

203 4278 425 4334 suimus
456 4275 507 4329 ἓν
537 4276 685 4348 πείνῃ
714 4293 806 4327 και
838 4271 970 4347 δίψῃ
1005 4274 1336 4348 ὑπάρχουσι.
1373 4271 1650 4339 Quamvis
1680 4287 1787 4328 nec

2004 4288 2013 4325 ς
2053 4276 2449 4341 congruenter
2480 4272 2597 4341 legi
2624 4273 2808 4341 possit
2836 4276 3060 4327 ἒχπεινοι
3088 4280 3177 4327 καὶ
3206 4272 3438 4347 ἔκδιψοι,
3466 4292 3617 4348 quae

206 4367 381 4424 verba
386 4366 579 4437 paulo
590 4371 719 4433 post
730 4364 925 4432 inipso
937 4378 1164 4436 quoque
1176 4367 1451 4419 contextu
1463 4366 1803 4418 occurrunt.
1819 4359 1928 4417 Ubi
1938 4374 2076 4429 ergo
2089 4365 2143 4416 et
2155 4360 2523 4430 manifestum
2530 4361 2861 4430 fuit,verba
2873 4364 3134 4420 auctoris
3170 4379 3290 4421 esse
3305 4371 3613 4435 corrupta,

209 4456 592 4525 etmanifesta
615 4468 845 4526 quoque
857 4451 1285 4509 emendationis
1315 4450 1473 4506 ratio
1496 4450 1717 4519 patuit,
1747 4449 2104 4505 tentavimus
2119 4455 2418 4505 auctorem
2430 4448 2545 4503 sibi
2557 4451 2879 4507 restituere.
2911 4453 3229 4523 Aliquibus
3247 4469 3381 4510 vero
3397 4454 3460 4510 in
3477 4455 3620 4510 locis

214 4542 489 4602 Cotelerii
503 4543 819 4613 diligentia
832 4540 997 4597 nobis
1008 4540 1375 4605 inserviit,ex
1384 4537 1798 4606 manuscriptis
1812 4536 2106 4593 codicibus
2118 4537 2180 4591 in
2200 4536 2497 4593 Ecclesiae
2510 4537 2768 4595 Graecae
2778 4540 2914 4595 Mon
2924 4543 3190 4607 umentis,
3201 4558 3353 4614 quae
3366 4543 3621 4599 Parisiis

217 4631 393 4689 lucem
408 4630 1096 4701 adspexerunt,subinde
1108 4630 1413 4685 variantes
1429 4628 1701 4684 lectiones
1714 4626 2231 4698 adnotantis,quas
2248 4628 2341 4682 vel
2351 4626 2412 4681 in
2429 4630 2650 4682 textum
2667 4629 2991 4696 recepimus
3008 4632 3102 4686 vel
3112 4631 3192 4687 ad
3205 4633 3361 4687 latus
3375 4633 3624 4689 adnota-

221 4720 419 4776 vimus.
449 4720 667 4777 Latina
691 4720 881 4776 versio
898 4720 1230 4775 miserrime
1260 4717 1499 4772 omnino
1527 4732 1588 4773 se
1619 4716 1894 4779 habebat.
1922 4715 2069 4771 adeo
2097 4716 2354 4787 quidem,
2390 4721 2454 4771 ut
2486 4715 2688 4771 multis
2717 4716 2779 4771 in
2806 4718 2949 4773 locis
2978 4719 3159 4787 foeda
3207 4721 3553 4791 scribligine
3571 4726 3623 4777 et

223 4806 598 4866 barbarismis
617 4810 908 4873 horreret,
942 4822 1047 4864 nec
1076 4806 1413 4874 saepissime
1439 4821 1639 4861 verum
1660 4804 1918 4861 Macarii
1935 4819 2167 4860 sensum
2186 4804 2566 4873 exprimeret.
2596 4805 2872 4861 Dedimus
2885 4806 3075 4877 igitur
3105 4824 3368 4876 operam,
3412 4816 3537 4866 tum
3561 4816 3625 4866 ut

212 4897 398 4966 paulo
425 4899 613 4969 magis
634 4897 885 4953 Latinus
911 4895 985 4951 sit
1012 4896 1330 4963 interpres,
1353 4898 1479 4950 tum
1501 4900 1565 4948 ut
1583 4893 1842 4961 ﬁdelius,
1871 4908 2024 4964 quae
2040 4892 2287 4948 senserit
2304 4893 2428 4963 ipse
2455 4899 2683 4959 auctor,
2709 4909 2813 4949 suo
2838 4909 3105 4952 sermone
3121 4896 3630 4967 exhibeat.0uan-

213 5002 389 5058 quam
449 4990 461 5057 Ι
514 5002 621 5043 nec
639 4987 725 5043 sic
746 4984 980 5057 quidem
995 4983 1287 5053 possimus
1309 4983 1620 5054 spondere,
1640 4981 2107 5050 nihilsuperesse
2120 4981 2183 5035 in
2208 4981 2473 5037 versione
2485 4982 2767 5052 amplius,
2796 4983 2955 5053 quod
2973 4984 3281 5040 emendari
3305 4994 3625 5053 mereatur,

212 5090 387 5147 quum
410 5076 493 5133 sit
513 5075 940 5147 difﬁcilimum,
973 5088 1126 5145 quae
1147 5076 1394 5142 peccata
1415 5078 1557 5127 sunt
1581 5072 1656 5127 ab
1679 5071 1836 5139 aliis,
1868 5070 1954 5127 ita
1975 5070 2150 5139 plene
2169 5070 2503 5136 sustollere,
2536 5075 2597 5126 ut
2650 5073 2860 5127 nullus
2884 5072 3147 5140 amplius
3176 5088 3397 5131 naevus
3443 5092 3631 5147 appa-

212 5171 359 5221 reat.
392 5168 484 5221 Ac
515 5163 664 5219 mihi
692 5162 929 5235 quidem
956 5160 1208 5230 facilius
1242 5161 1414 5231 longe
1435 5160 1749 5216 videbatur
1773 5160 1925 5229 fore,
1952 5173 2167 5215 novam
2198 5161 2560 5216 concinnare
2582 5160 2921 5231 versionem,
2952 5176 3131 5233 quam
3180 5167 3426 5220 veterem
3456 5165 3629 5221 illam

216 5256 291 5310 tot
325 5254 469 5310 locis
496 5252 916 5322 incongruam,
940 5255 995 5307 et
1026 5249 1181 5306 male
1206 5249 1470 5305 auctoris
1486 5248 1671 5305 menti
1682 5248 2131 5315 respondentem
2157 5247 2477 5317 corrigere.
2510 5248 2758 5305 Textum
2782 5249 2843 5304 in
2870 5250 3151 5307 sectiones
3183 5252 3631 5324 dispescuimus,

212 5340 601 5415 interpretem
613 5340 1022 5412 germanicum
1050 5353 1117 5394 ea
1140 5338 1205 5394 in
1220 5352 1284 5394 re
1313 5340 1515 5407 secuti,
1538 5345 1599 5393 ut
1617 5336 1906 5401 videlicet,
1922 5337 2026 5408 qui
2034 5336 2444 5405 germanicum
2456 5336 2662 5393 idiona
2678 5353 2810 5393 cum
2823 5352 3042 5407 graeca
3069 5340 3332 5397 auctoris
3363 5342 3636 5399 oratione

217 5434 496 5502 conferre
513 5430 779 5499 cupiant,
810 5428 970 5501 quod
992 5433 1314 5500 quaerunt,
1338 5426 1612 5497 faciliori
1636 5426 1867 5496 negotio
1889 5425 2155 5481 invenire
2165 5425 2412 5492 possint,
2432 5441 2540 5482 nec
2552 5426 2891 5497 ceteroquin
2925 5427 3131 5499 aliqua
3154 5430 3393 5486 oriatur
3421 5431 3637 5487 exinde

217 5522 513 5591 confusio.
524 5518 803 5586 Quamvis
816 5533 935 5573 non
948 5532 1151 5588 negem
1160 5517 1307 5579 us,si
1327 5519 1534 5571 nostra
1549 5515 1821 5571 libertate
1832 5514 1923 5569 uti
1934 5515 2029 5569 hic
2055 5513 2222 5569 nobis
2236 5514 2443 5569 datum
2469 5514 2892 5582 fuisset,aliam
2906 5532 3015 5572 nos
3045 5518 3211 5573 haud
3224 5519 3639 5590 infrequenter

212 5607 625 5680 distinguendi
655 5606 949 5662 rationem
962 5605 1157 5675 fuisse
1177 5610 1498 5660 secuturos.
1528 5604 1902 5673 Argumenta
1929 5602 2202 5657 Homiliis
2221 5602 2364 5670 ipsis
2378 5603 2708 5673 praemissa
2733 5603 3084 5661 retinuimus
3104 5607 3637 5678 quidem,quamvis

216 5714 334 5756 non
362 5697 559 5771 ipsius
585 5695 704 5751 sint
732 5693 1009 5760 Macarii,
1036 5692 1140 5750 sed
1150 5693 1399 5751 alterius
1428 5692 1736 5749 cuiusdam
1756 5689 2251 5760 auctoris,inepte
2274 5692 2507 5762 saepius
2531 5690 2791 5763 Macarii
2804 5699 3056 5751 mentem
3071 5692 3136 5749 in
3160 5708 3394 5753 summa
3419 5710 3637 5765 propo-

517 5830 767 5885 PA-rnOL.
805 5826 911 5886 Gn.
950 5826 1199 5885 XXXIV.
3294 5826 3359 5881 12
