2042 3128
79 150 125 179 351
517 149 565 179 AD
583 149 780 180 EDITIONEM
795 150 921 180 OPUSC.
941 150 972 181 S.
995 151 1146 181 MACARII
1167 152 1349 182 AEGYPTII.
1722 155 1776 185 358

77 211 170 250 ξμᾞ-
239 211 415 250 ξηιίιιᾳιὶο
427 212 593 250 allegorica
607 213 797 248 quorundam
810 214 864 241 sub
878 214 941 249 lege
959 213 1049 250 [bene]
1062 214 1224 249 factorum.
1722 218 1775 247 530

76 247 170 275 XLVIII
234 247 280 275 De
292 248 428 282 perfecta
439 248 499 281 ﬁde
515 248 547 276 in
563 247 666 276 Deum.
905 247 914 249 7
959 247 969 250 ’
1040 247 1049 250 “
1062 247 1066 249 ’
1721 254 1775 282 547

73 283 144 312 XLIII
232 283 303 312 Non
318 284 389 311 satis
409 287 450 311 est
464 284 553 312 huius
568 285 682 313 saeculi
694 284 817 313 delicias
831 285 1062 321 reliquissemisi
1071 286 1137 322 quis
1149 287 1275 315 alterius
1288 287 1401 316 saeculi
1412 287 1622 317 beatitudinem
1636 296 1702 318 con-

282 322 437 354 sequatur.

72 354 90 382 L
229 354 312 383 Deus
331 356 383 388 est,
400 354 451 391 qui
460 362 516 390 per
530 359 647 384 sanctos
659 363 726 384 suos
741 358 768 384 et
783 359 878 384 creati

1623 334 1626 338 ν
1723 325 1774 353 554

969 357 1013 384 dit
1027 357 1188 387 miracula.
1723 361 1771 389 t56t

98 416 262 449 [Sequuntur
276 417 408 442 Homilies
417 417 499 445 1-566,
518 417 580 442 dein
596 417 676 443 Index
688 425 776 443 rerum
1023 469 1028 475 Ι
1031 420 1063 482 1in
1079 419 1110 444 Β.
1125 419 1237 445 Macarii
1250 419 1374 446 Homiliis
1390 423 1569 447 oontontarum
1583 422 1744 454 alphabetico

72 536 1768 551 ____.__—_._____________——___

598 634 843 679 EIUSDEM
900 636 1213 681 PRAEFATIO

407 737 462 768 AD
484 737 694 769 EDITIONEM
716 738 1001 770 OPUSCULORUM
1022 739 1054 770 S.
1077 739 1237 770 MACARII
1258 739 1439 771 AEGYPTII

827 813 986 833 INSGRIPTAI
1007 813 1014 833 2

66 866 165 904 Sancti
170 865 277 894 Patris
285 865 409 904 Macarii
418 867 438 893 Α
445 866 558 904 egyptii
567 866 876 904 Opusculanonnulla
883 870 909 895 et
916 867 940 894 A
945 867 1190 904 poplilhegmata.
1199 867 1212 895 1
1216 875 1245 904 οἶ
1250 867 1392 903 Georgius
1398 868 1510 897 Pritius
1521 869 1646 904 collegit,
1653 870 1770 903 recidit,

99 902 224 940 latinam
241 902 403 940 versionem
417 902 545 940 studiose
557 902 734 940 emendabit,
751 903 955 940 iudicibusque
970 902 1092 940 adiectis
1105 903 1209 940 edidit.
1228 903 1302 940 cum
1311 902 1481 940 frivilegio
1493 905 1525 933 S.
1537 902 1646 940 Regiaé
1659 902 1771 940 Maiest.

100 937 200 966 Polon.
222 941 251 966 et
264 938 359 966 Elect.
373 937 445 966 δατ.
460 938 588 973 Lipsiae,
603 938 633 966 in
648 938 819 973 bibliopotio
836 937 1122 967 Gros'siano.Literis
1134 938 1286 974 Chistoph.
1303 937 1474 968 Fleischeri.
1491 937 1644 969 Anno'cb
1656 937 1709 970 Iac
1721 942 1769 970 IG.

102 1058 171 1086 Viro
179 1057 343 1094 magniﬁco
355 1057 492 1094 Adriano
505 1058 626 1093 Sleyero
638 1057 708 1090 Icto,
725 1058 896 1086 scabinatus
908 1057 1076 1086 electoralis
1087 1058 1235 1086 adsessori
1246 1061 1273 1087 et
1286 1058 1413 1087 civitatis
1422 1060 1579 1094 Lipsiensis
1592 1061 1707 1089 consuli
1718 1062 1773 1090 hoc

66 1096 194 1129 tempore
207 1093 324 1128 regenti
335 1093 512 1128 gravissimo
526 1101 590 1121 viro
603 1094 640 1122 de
656 1095 759 1129 patria
775 1094 1012 1129 splendidissime
1021 1093 1136 1126 merito,
1151 1094 1234 1122 Haec
1253 1094 1382 1122 Macarii
1396 1093 1586 1125 monumenta
1596 1104 1615 1125 a
1628 1104 1658 1125 se
1672 1098 1770 1125 reviso

65 1132 89 1157 et
104 1130 266 1158 emendata
278 1136 366 1157 sacra
381 1136 441 1157 esse
453 1129 534 1158 iubet
548 1129 627 1158 tanti
636 1129 762 1157 nominis
775 1133 934 1164 perpetuus
952 1130 1052 1158 cultor
1067 1129 1110 1158 Io.
1127 1129 1270 1165 Georgius
1285 1130 1408 1158 Pritius.

796 1253 847 1281 Vir
862 1253 1023 1288 magniﬁce
1040 1253 1052 1281 Ι

97 1336 175 1364 Cum
187 1342 283 1371 nuper
297 1334 465 1363 admodum
480 1334 598 1363 Macarii
612 1333 754 1362 Homilies
769 1333 868 1361 studio
892 1333 1096 1370 qualicunque
1111 1335 1214 1362 nostro
1226 1333 1348 1370 politius
1361 1334 1480 1370 prodire
1494 1334 1769 1369 faceremus,ﬁdem

66 1379 179 1414 pariter
196 1379 470 1414 obstringebamus,
485 1378 557 1411 fore,
566 1381 597 1406 ut
611 1378 694 1406 brevi
709 1386 830 1414 quoque
843 1381 986 1414 tempore,
1000 1386 1078 1414 quae
1090 1378 1205 1414 reliqua
1215 1381 1315 1406 essent
1325 1379 1449 1411 Macarii,
1458 1379 1522 1416 pari
1534 1381 1648 1408 ratione
1659 1381 1772 1409 anobis

64 1423 224 1452 emendata
238 1426 501 1460 consequerentur.
523 1422 618 1457 Quam
632 1422 796 1450 dissolvere
813 1430 902 1455 nunc,
924 1423 1007 1458 quod
1024 1422 1094 1450 boui
1110 1426 1153 1450 est
1164 1422 1319 1456 debitoris,
1334 1431 1404 1451 cum
1420 1424 1501 1460 apud
1517 1425 1652 1452 animum
1663 1426 1767 1453 consti-

70 1467 225 1501 tuerimus,
239 1468 281 1495 Tu
292 1467 451 1503 imprimis,
468 1467 512 1495 vir
526 1466 714 1503 amplissima
730 1466 850 1494 illuslris
861 1467 1047 1500 auctoritate,
1062 1466 1248 1494 obveniebas
1263 1467 1375 1500 animo,
1389 1468 1436 1495 cui
1452 1468 1596 1504 quicquid
1613 1468 1642 1496 id
1655 1471 1699 1498 est
1711 1472 1771 1498 tra-

74 1510 191 1538 deretur
205 1512 234 1539 in
251 1512 427 1540 clientelam.
440 1511 597 1540 Summam
605 1511 756 1547 Opuscula
766 1511 839 1539 haec
856 1514 884 1538 et
898 1510 978 1539 dicta
992 1511 1108 1539 Macarii
1124 1511 1239 1547 spirant
1249 1511 1360 1547 ubique
1373 1511 1523 1547 pietatem,
1533 1520 1611 1548 quae
1622 1514 1772 1542 coelestia-

74 1554 151 1582 sima
167 1556 253 1583 virtus
279 1558 428 1593 tantopere
453 1556 515 1584 Tibi
534 1556 616 1584 cordi
632 1559 678 1584 est
700 1559 729 1583 et
753 1563 852 1589 curae,
869 1558 901 1583 ut
915 1555 1152 1591 haudquaquam
1168 1555 1230 1583 Tibi
1255 1556 1326 1583 satis
1350 1555 1437 1584 fuerit
1463 1556 1575 1591 ingenti
1596 1558 1772 1592 prudentiae

71 1599 165 1627 civilis
179 1600 280 1628 ﬂorere
294 1601 394 1634 laude,
411 1603 439 1629 et
451 1600 675 1637 copiosissimas
689 1600 853 1636 sapientiae
873 1600 971 1627 omnis
991 1599 1144 1636 possidere
1157 1607 1241 1635 opes,
1263 1600 1320 1627 nisi
1338 1602 1366 1628 et
1387 1600 1514 1628 eandem
1529 1601 1772 1638 exquisitissimis

68 1643 142 1678 istis,
158 1644 269 1680 quibus
283 1644 433 1678 abundas,
447 1645 535 1673 bonis
553 1645 742 1680 adiungeres,
758 1652 836 1681 quae
851 1644 933 1671 bona
945 1643 1006 1672 iam
1018 1652 1083 1672 esse
1096 1644 1248 1677 desinunt,
1264 1644 1289 1672 si
1301 1645 1450 1678 comitem,
1469 1645 1514 1673 vel
1530 1645 1638 1673 ducem
1651 1647 1771 1680 rectius,

68 1696 127 1717 non
143 1688 278 1717 habeant
293 1689 443 1724 pietatem.
455 1689 583 1722 Memini,
599 1697 653 1717 nec
668 1689 732 1717 sine
759 1690 764 1724 |
795 1688 946 1724 voluptate
963 1688 1085 1716 memini
1097 1689 1323 1725 prudentissimi
1337 1688 1416 1718 illius
1427 1689 1584 1724 sermonis,
1594 1698 1686 1726 quem
1698 1691 1772 1720 hau-

66 1732 121 1761 rire
136 1732 314 1768 aliquando,
330 1740 397 1761 cum
411 1733 499 1761 ofﬁcii
515 1741 607 1762 causa
619 1734 657 1761 Te
676 1734 844 1761 reverenter
859 1732 1031 1766 salutarem,
1052 1742 1088 1761 ex
1099 1742 1149 1762 ore
1162 1734 1223 1761 Tuo
1238 1734 1460 1770 sapientissimo
1473 1734 1546 1762 mihi
1558 1734 1680 1763 feliciter
1703 1743 1775 1764 con-

66 1777 137 1813 tigit,
152 1785 225 1806 cum
237 1776 274 1805 de
284 1777 400 1813 pietatis
412 1778 511 1806 studio
523 1780 600 1806 recte
614 1780 642 1806 et
657 1786 717 1806 non
731 1778 889 1806 ambitiose
902 1777 1067 1806 excolendo
1085 1786 1158 1807 sane
1174 1786 1268 1815 quam
1281 1778 1501 1814 elegantissime
1515 1779 1686 1813 dissereres,
1699 1783 1730 1808 ut
1743 1783 1772 1808 et

65 1821 133 1850 ﬁdei
149 1822 311 1858 puritatem
324 1830 392 1850 cum
408 1830 480 1851 cura
495 1822 733 1854 custodiendam.
748 1824 776 1850 et
792 1825 869 1858 vitae
878 1825 978 1851 tamen
992 1823 1112 1851 insimul
1126 1824 1314 1852 sanctitatem
1327 1823 1482 1855 fervidius,
1492 1831 1584 1859 quam
1603 1824 1691 1859 vulgo
1706 1823 1769 1851 ﬁeri

64 1867 190 1900 adsolet,
207 1866 362 1895 colendam
378 1874 455 1900 esse,
467 1867 639 1904 tempestive
654 1867 820 1896 admodum
835 1867 1024 1903 graviterque
1040 1876 1189 1897 moneres.
1202 1869 1305 1896 Fateor
1322 1869 1402 1896 enim
1414 1875 1496 1901 vero,
1508 1868 1554 1896 his
1562 1868 1647 1895 dictis
1659 1867 1727 1895 Tuis
1742 1868 1773 1896 in

64 1912 157 1940 animi
175 1911 329 1947 proposito
347 1911 383 1939 de
395 1911 506 1939 virtutis
520 1912 619 1940 studio
635 1911 855 1948 amplectendo,
870 1914 898 1939 et
912 1914 992 1940 recto
1012 1911 1049 1940 de
1064 1912 1267 1940 incidentibus
1282 1911 1492 1940 controversiis
1503 1919 1603 1944 sensu,
1620 1920 1666 1939 me
1690 1919 1773 1947 prue-

63 1955 142 1984 clare
158 1955 253 1983 fuisse
268 1955 484 1984 conﬁrmatum.
500 1956 629 1984 Mirabar
650 1964 719 1985 vero
734 1956 865 1989 insimul,
880 1956 988 1989 virum,
1003 1957 1130 1991 negotiis
1153 1957 1292 1986 civilibus
1313 1957 1491 1988 districtum,
1520 1958 1549 1984 et
1573 1957 1603 1984 in
1618 1956 1773 1992 republica

64 2000 200 2037 quotidie
217 2003 393 2034 versantem,
409 2000 447 2028 de
462 2001 551 2028 rebus
563 2001 674 2037 pariter
689 2001 797 2028 divinis
813 2003 873 2028 tam
889 2003 1035 2036 prompte,
1051 2003 1113 2028 tam
1128 2001 1284 2037 exquisite,
1300 2003 1423 2036 tamque
1443 2000 1536 2028 solide
1556 2008 1646 2036 posse
1661 2008 1774 2029 sermo-

64 2045 169 2074 cinari.
195 2044 251 2073 Sed
267 2052 303 2073 ea
318 2052 498 2080 magnorum
511 2045 652 2078 virorum,
669 2053 747 2081 quos
763 2053 835 2073 cura
849 2044 995 2073 felicitatis
1016 2053 1087 2074 suae
1104 2048 1192 2075 tenet.
1208 2046 1281 2073 ratio
1297 2049 1351 2079 est,
1371 2048 1401 2073 ut
1419 2045 1497 2073 levia
1514 2046 1618 2073 omnia
1637 2053 1703 2073 esse
1718 2046 1776 2073 exi-

63 2090 196 2121 stiment,
210 2089 337 2117 summis
349 2088 462 2125 fulgere
471 2090 648 2124 honoribus,
661 2089 878 2125 circumﬂuere,
895 2097 973 2126 quae
984 2090 1014 2117 in
1024 2089 1112 2117 bonis
1122 2092 1201 2122 sunt,
1217 2089 1369 2120 omnibus.
1384 2088 1513 2117 scientiis
1522 2089 1700 2117 instructum
1713 2097 1775 2117 esse

69 2133 335 2167 excellentissimis,
351 2133 407 2161 nisi
424 2136 451 2161 et
469 2134 585 2162 colendi
598 2134 734 2162 Numinis
750 2134 874 2162 modum
892 2134 1047 2163 sollicitius
1062 2134 1252 2169 investigent,
1264 2133 1537 2169 investigatumque
1551 2133 1632 2161 haud
1655 2134 1774 2169 segnius

69 2179 229 2207 retineant.
241 2177 326 2206 Haud
334 2186 405 2214 ergo
415 2179 565 2214 ingratum
577 2179 705 2207 arbitror
719 2179 782 2207 Tibi
798 2179 923 2207 forehoc
932 2178 1157 2212 munusculum,
1166 2178 1333 2207 Macariana
1342 2176 1504 2213 Opuscula,
1530 2178 1535 2212 Ι
1558 2185 1638 2210 cum,
1651 2177 1776 2205 sicuius-

71 2230 165 2259 quam
176 2222 251 2251 alius
265 2223 376 2258 ingenii
391 2227 597 2257 monumenta,
612 2232 662 2252 res
674 2223 880 2252 divinissimas
891 2224 1050 2260 bonaeque
1059 2223 1163 2259 frugis,
1177 2223 1206 2251 in
1216 2225 1369 2251 aeternam
1378 2229 1499 2257 quoque
1505 2222 1597 2250 vitam
1607 2222 1774 2254 duraturae,

70 2266 269 2295 fertilissimus
281 2267 463 2296 contineant.
471 2268 645 2296 Cuiusmodi
656 2268 860 2297 voluminibus
870 2269 952 2297 haud
963 2268 1037 2296 mihi
1049 2268 1187 2303 ignotum
1200 2270 1253 2301 est,
1261 2269 1412 2303 quantum
1426 2274 1506 2294 nunc
1517 2266 1679 2299 delecteris,
1688 2265 1774 2293 decli-

72 2311 146 2339 viori
162 2312 336 2347 praesertim
357 2314 454 2340 aetate
467 2312 506 2340 ad
522 2312 627 2340 beatae
646 2312 716 2339 hinc
732 2312 957 2347 demigrationis
974 2312 1197 2340 meditationem
1213 2313 1251 2340 Te
1266 2311 1420 2343 invitante,
1438 2313 1470 2338 ut
1485 2310 1723 2346 quandocunque
1737 2310 1776 2337 Te

77 2361 200 2383 evocare
217 2355 405 2391 placueritad
423 2355 518 2384 felicia
531 2356 581 2384 illa
596 2363 691 2391 regna
706 2363 762 2384 sua
776 2358 845 2389 Deo,
861 2357 898 2384 Te
913 2357 1089 2384 inventurus
1105 2356 1144 2383 sit
1166 2356 1309 2384 omnibus
1322 2354 1484 2382 momentis
1506 2354 1544 2383 ad
1570 2354 1699 2382 ultimum
1720 2352 1777 2380 iter

73 2399 301 2434 ingrediendum
318 2400 555 2436 paratissimum.
575 2401 634 2435 Ego
649 2406 720 2427 vero
733 2407 766 2427 ex
781 2400 883 2428 animo
898 2403 980 2436 opto,
998 2402 1029 2427 ut
1044 2400 1300 2434 benignissimum
1314 2399 1433 2426 Numen
1449 2399 1494 2431 Te,
1522 2399 1565 2426 vir
1580 2396 1777 2431 nobilissime,

73 2443 153 2472 inter
165 2445 224 2472 tota
232 2445 364 2480 egregia,
380 2444 492 2480 quibus
507 2444 606 2480 Lipsia
619 2450 688 2470 mea
696 2442 735 2469 ad
749 2443 893 2471 invidiam
909 2443 1198 2475 efﬂorescit,decora
1205 2444 1257 2471 diu
1269 2443 1372 2471 adhuc
1387 2444 1415 2469 et
1426 2450 1544 2478 corpore
1558 2444 1585 2469 et
1594 2441 1694 2469 animo
1703 2442 1781 2470 vali-

74 2487 148 2517 dum
163 2492 317 2517 conservet
331 2496 338 2516 :
357 2487 400 2516 ita
412 2488 492 2516 enim
507 2490 535 2515 et
548 2487 664 2523 patriae
672 2493 766 2517 meae.
776 2487 820 2515 vel
836 2488 951 2515 absenti
966 2487 1149 2518 carissimae,
1162 2487 1453 2522 prospicieturporro
1466 2485 1778 2521 utilitatibus,Tuaque

74 2533 179 2562 merita
190 2533 286 2568 magis
300 2532 460 2567 magisque
472 2532 611 2567 impense
631 2529 831 2562 augebantur.
850 2531 889 2558 De
903 2531 1005 2559 favore
1019 2530 1090 2561 Tuo,
1108 2529 1193 2557 toties
1209 2538 1226 2557 a
1240 2531 1278 2558 Te
1291 2533 1320 2557 et
1335 2531 1461 2557 universa
1481 2528 1665 2556 nobilissima
1684 2533 1779 2564 gente

72 2577 134 2605 Tua
144 2577 218 2605 mihi
231 2577 449 2607 demonstrato,
456 2574 516 2602 iam
523 2581 585 2601 non
592 2571 723 2606 amplius
731 2572 867 2602 dubitare
877 2582 924 2602 me
930 2574 1042 2609 patitur
1051 2572 1145 2600 animi
1154 2573 1204 2601 Tui
1215 2572 1667 2605 constantissimabevenolentia,
1679 2581 1780 2609 quam

74 2624 151 2650 certe
164 2624 193 2649 et
205 2620 355 2655 religiosis
372 2618 512 2654 precibus
526 2621 733 2650 compensare,
747 2618 785 2647 et,
797 2617 820 2644 si
834 2625 896 2651 qua
912 2624 1049 2651 possum,
1062 2615 1235 2645 inserviendi
1252 2616 1475 2654 promptitudine
1491 2616 1600 2644 nutrire
1615 2617 1775 2644 studiosis-

73 2666 149 2694 sime
162 2672 282 2701 semper
296 2662 445 2692 connitar.
459 2660 544 2688 Vale.
566 2658 683 2701 hmo
697 2657 745 2686 die
764 2660 799 2686 VI
821 2661 931 2688 Iduum
946 2659 1041 2687 Martii
1055 2660 1140 2689 Auno
1152 2661 1184 2689 Β.
1201 2662 1233 2691 Ο.
1254 2662 1296 2691 clo
1312 2662 1354 2688 Inc
1369 2660 1410 2688 lC.
1442 2660 1449 2694 Ι

506 2788 521 2800 ξ⁴
634 2711 647 2807 Ι

301 2922 306 2931 ι

896 2936 900 2952 l

293 2955 298 2958 ι
740 2970 752 2972 _
896 2954 902 2976 Ιι

223 2980 259 2995 -κ-
736 2978 756 2988 JL
768 2979 788 2993 ,
798 2985 805 2990 ,
900 2978 910 2996 ἰ

157 3014 165 3022 ,
222 3002 232 3006 -
869 2997 872 3024 l
900 2996 908 3016 τ

128 3036 131 3038 .
176 3030 191 3050 γ.
654 3030 664 3040 ι-
780 3026 789 3044 ις
810 3037 815 3045 ,
833 3026 839 3031 υ
872 3024 876 3052 1|
912 3038 918 3048 ._

51 3072 55 3073 ,
128 3060 136 3061 ί
650 3056 664 3072 I.
788 3051 792 3060 ¹
804 3051 851 3073 ,‘.-‘
912 3056 920 3070 J

47 3075 72 3083 -.
99 3082 102 3083 ν
670 3080 692 3098 1__
796 3073 806 3104 ἰι
874 3079 876 3096 ι
912 3078 924 3104 Ι]
