4084 6256
493 286 596 344 359

1636 277 1738 338 J0.
1769 279 2063 339 GEORGII
2103 275 2323 338 PRITII
2364 272 2761 337 PRAEFATIO

1587 615 1739 704 ΙΟ.
1826 611 2299 702 GEORGII
2409 611 2769 699 PRITII

1118 799 1220 859 SS.
1269 798 1753 859 THEOLOGIAE
1799 795 2231 856 LICENTIATI
2273 797 2368 855 ET
2428 793 2950 855 PROFESSORIS
2997 793 3300 855 PUBLICI

1430 983 1547 1044 AD
1589 981 2095 1047 MACARIANA
2146 980 2415 1042 OPEBA
2463 978 2945 1041 PRAEFATIO.

554 1331 595 1387 1.
617 1334 760 1388 Cum
780 1331 963 1387 Patris
991 1328 1356 1386 sanctissimi
1385 1327 1844 1399 nominisquein
1871 1325 2130 1382 Ecclesia
2160 1328 2206 1381 A
2239 1326 2382 1381 tonii
2420 1325 2715 1396 discipulo
2767 1342 3007 1383 sacrum
3053 1341 3181 1382 esse
3216 1329 3272 1382 et
3293 1330 3570 1383 sanctum
3610 1328 3885 1381 testatur.

479 1422 748 1484 maximi,
773 1419 975 1489 magni
1003 1419 1156 1473 illius
1179 1418 1432 1481 Macarii,
1459 1420 1847 1471 monumenta
1868 1431 2023 1486 quae
2044 1430 2128 1469 re-

477 1511 650 1583 periri
665 1516 983 1581 potuerunt
998 1508 1222 1570 omnia,
1242 1507 1649 1560 divinissimae
1668 1505 1992 1575 sapientiae
2012 1504 2128 1575 ple-

477 1600 741 1662 nissima,
786 1603 847 1652 ut
880 1598 1126 1653 collecta
1165 1613 1200 1651 a
1240 1595 1416 1650 nobis
1456 1600 1512 1650 et
1551 1595 1750 1649 studio
1792 1610 1911 1648 non
1953 1592 2128 1665 plane

475 1689 639 1744 nullo
680 1688 870 1742 revisa
909 1691 1065 1750 sunt,
1121 1684 1416 1756 prodeant
1457 1699 1612 1738 nunc
1653 1683 1711 1737 in
1753 1681 2060 1753 publicum
2109 1698 2123 1734 :

471 1776 707 1832 lectoris
730 1777 1014 1830 interesse
1037 1779 1346 1845 putamus,
1379 1779 1442 1826 ut
1468 1787 1587 1827 non
1614 1775 1844 1826 tantum
1871 1786 2028 1842 quae
2050 1769 2129 1824 ad

468 1865 668 1936 ipsum
701 1863 1036 1928 Macarium,
1071 1861 1176 1917 sed
1206 1866 1263 1917 et
1290 1876 1446 1933 quae
1485 1859 1563 1915 ad
1590 1859 1742 1915 illius
1775 1861 1967 1931 Opera
1993 1859 2130 1913 insi-

471 1969 770 2024 gnemque
785 1953 968 2015 illam,
993 1968 1150 2024 quae
1166 1949 1722 2006 admirabilisinillo
1753 1948 2130 2011 est,docendi

467 2045 784 2106 rationem,
823 2047 877 2095 et
919 2047 1184 2095 nostrain
1227 2039 1506 2109 denique,
1550 2054 1735 2109 quam
1764 2039 1912 2092 Patri
1955 2053 2128 2092 vene-

465 2131 659 2187 rando
695 2138 755 2186 ut
780 2130 909 2184 orbi
941 2129 1168 2184 literato
1211 2129 1438 2198 integer
1473 2126 1798 2190 sisteretur,
1832 2125 2128 2197 praestiti-

470 2237 604 2274 mus
653 2235 924 2289 operam,
974 2218 1266 2289 pertinere
1319 2216 1615 2279 videntur,
1671 2216 1732 2270 in
1790 2215 1903 2271 hoc
1957 2215 2127 2269 veluti

470 2307 762 2363 vestibulo
795 2307 1186 2361 exhibeantur
1214 2322 1226 2369 ;
1261 2305 1319 2360 id
1351 2304 1517 2375 quod
1550 2319 1740 2375 nuper
1769 2304 2122 2367 admodum,

468 2412 605 2451 cum
637 2395 916 2449 Homilias
944 2393 1297 2464 praecedere
1326 2400 1554 2464 partem
1578 2394 1735 2448 hanc
1763 2392 2008 2448 alteram
2037 2393 2129 2446 in-

471 2484 774 2547 beremus,
809 2483 1030 2537 fuimus
1064 2481 1326 2554 polliciti.

539 2576 604 2626 ll.
639 2576 794 2626 Duos
818 2578 1020 2626 autem
1046 2572 1157 2626 hoc
1185 2571 1448 2639 insignes
1476 2570 1774 2641 imprimis
1800 2571 2040 2626 nomine
2062 2570 2123 2626 in

2238 1415 2596 1486 Quanquam
2620 1415 2949 1470 Galesinius
2971 1421 3026 1470 et
3055 1416 3340 1470 Baronius
3369 1415 3495 1469 suis
3523 1415 3581 1470 in
3614 1417 3894 1485 Martyro-

2236 1503 2408 1572 logiis
2441 1504 2622 1575 priori
2657 1504 2736 1559 illi
2769 1503 3153 1560 Alexandrini
3185 1503 3545 1560 vocabulum
3577 1503 3890 1568 adiiciunt,

2241 1597 2300 1647 ut
2316 1593 2453 1648 inde
2471 1594 2859 1664 posteriorem
2873 1593 3232 1664 Aegyptium
3249 1609 3381 1649 esse
3399 1593 3677 1649 hariolari
3695 1592 3892 1660 liceat.

2237 1681 2509 1737 Vicissim
2523 1687 2726 1737 tamen
2741 1681 3061 1747 Palladius,
3077 1699 3216 1737 cum
3234 1683 3308 1738 de
3327 1681 3578 1738 Macario
3595 1682 3892 1753 Aegyptio

2238 1770 2376 1840 agit,
2410 1770 2562 1826 adeo
2590 1786 2710 1825 non
2733 1776 3047 1836 memorat,
3080 1772 3340 1826 eundem
3363 1771 3600 1826 Antonii
3622 1769 3894 1841 discipu-

2237 1859 2364 1914 lum
2404 1859 2606 1924 fuisse,
2653 1865 2712 1913 ut
2754 1861 2811 1914 id
2854 1863 3048 1931 potius
3087 1861 3161 1916 de
3209 1859 3457 1916 Macario
3485 1859 3893 1914 Alexandrino

2238 1950 2453 2003 referat
2491 1949 2587 2019 (4).
2636 1951 2744 2004 Res
2783 1964 2925 2017 ergo
2959 1949 3107 2005 haec
3148 1966 3278 2004 esse
3310 1950 3541 2004 videtur
3569 1949 3628 2003 in
3663 1950 3671 2017 Ι
3706 1955 3895 2013 certa,

2238 2036 2351 2090 nisi
2383 2037 2597 2109 aliquis
2628 2054 2764 2092 cum
2787 2038 2954 2092 Petro
2987 2039 3235 2093 Possino
3267 2037 3340 2093 de
3372 2045 3620 2109 utroque
3650 2052 3897 2107 persua-

2239 2125 2362 2180 deri
2392 2126 2500 2180 sibi
2523 2127 2699 2190 sinat,
2724 2143 2844 2182 non
2857 2129 3018 2196 falso
3041 2128 3267 2183 eosdem
3295 2126 3544 2182 Antonii
3568 2126 3896 2192 discipulos

2239 2215 2459 2282 vocari,
2493 2217 2710 2286 quippe
2749 2217 2853 2287 qui
2895 2217 3151 2272 viderint
3198 2217 3375 2271 illum
3408 2215 3895 2285 audiverintque,

2237 2304 2505 2375 quamvis
2525 2307 2813 2361 seniorem
2829 2308 3083 2367 iuvenes,
3107 2321 3178 2361 ac
3196 2320 3324 2361 sero
3348 2305 3582 2360 tandem
3610 2310 3661 2359 et
3681 2303 3895 2368 obiter,

2237 2408 2368 2448 cum
2400 2395 2480 2449 ad
2507 2393 2699 2461 ipsum
2729 2395 2810 2450 ad
2837 2394 3061 2449 brevem
3087 2394 3518 2449 venerationem
3540 2396 3731 2448 essent
3757 2407 3897 2461 pro-

2229 2483 2396 2551 fecti,
2424 2498 2563 2538 mox
2583 2483 2795 2538 iterum
2827 2484 2907 2538 ad
2932 2483 3319 2538 habitationes
3351 2499 3512 2546 suas,
3544 2497 3695 2552 quae
3716 2497 3755 2536 a
3774 2490 3900 2536 sta-

2233 2573 2388 2627 tione
2408 2572 2652 2627 Antonii
2663 2573 2988 2642 plurimum
3004 2572 3376 2642 dissitaefuei
3387 2572 3796 2634 int,reversuri
3811 2569 3890 2641 (5)

465 2662 711 2717 historia
743 2677 833 2715 res
882 2676 1288 2730 personasque
1329 2659 1762 2714 ecclesiasticas
1793 2666 2122 2731 exponente
2161 2669 2203 2723 Β
2235 2663 2349 2716 Nec
2385 2669 2538 2716 certe
2583 2661 2854 2715 videmus
2893 2661 3039 2731 quid
3080 2661 3294 2725 obstet,
3339 2677 3463 2725 cur,
3493 2676 3632 2715 cum
3671 2659 3892 2714 eodem.

465 2765 774 2805 occurrere
805 2748 1032 2813 videas,
1058 2765 1317 2820 quorum
1355 2765 1538 2802 unum
1572 2749 1890 2804 Macarium
1918 2750 2123 2804 dicunt

460 2838 842 2910 Aegyptium,
862 2838 1113 2892 alterum
1131 2853 1268 2892 vero
1288 2836 1756 2892 Alexandrinum
1775 2853 1788 2901 ;
1807 2837 1911 2892 sed
1927 2838 2118 2902 ambo,

461 2933 523 2983 ut
558 2929 737 2983 habet
766 2926 1161 2996 Menologium
1187 2925 1526 2997 antiquum,
1550 2926 1973 2983 exercitatione
2002 2943 2117 2982 mo-

456 3020 710 3081 nastica,
754 3017 894 3080 vita,
941 3015 1221 3080 moribus,
1255 3015 1602 3070 admirabili
1633 3022 1641 3084 |
1675 3016 2033 3072 abstinentia
2064 3023 2117 3073 et

457 3105 770 3162 miraculis
785 3105 958 3172 fuere
971 3104 1238 3158 illustres
1268 3103 1364 3172 (l).
1393 3105 1505 3158 Nec
1526 3104 1723 3158 minus
1744 3111 1800 3159 et
1823 3106 2110 3175 Socrates,

454 3195 892 3250 ecclesiasticae
916 3193 1195 3247 historiae
1220 3192 1511 3257 conditor,
1533 3191 1727 3258 refert,
1754 3193 1939 3248 fuisse
1966 3195 2113 3249 duos

450 3283 604 3338 inter
626 3283 946 3339 monachos
969 3283 1165 3337 eodem
1189 3285 1445 3349 tempore
1463 3281 1640 3344 viros,
1670 3283 1784 3337 Deo
1806 3282 2106 3347 amabiles,

455 3380 775 3442 utrumque
803 3372 1061 3426 Macarii
1083 3371 1337 3434 nomine,
1359 3386 1542 3424 unum
1564 3385 1638 3425 ea:
1656 3372 1926 3439 Aegypto
1944 3388 2110 3438 supe-

453 3459 630 3526 riore,
686 3461 939 3515 alterum
997 3458 1503 3519 Alexandrinum.
1557 3463 1866 3529 utrumque
1902 3461 2104 3515 multis

452 3549 625 3604 rebus
654 3548 965 3618 insignem,
994 3555 1043 3600 et
1071 3547 1364 3613 imprimis
1391 3553 1639 3616 propter
1659 3548 2100 3613 abstinentiam,

452 3638 976 3700 conversationem,
1011 3650 1220 3699 mores,
1254 3635 1688 3706 miracutaque,
1720 3651 1872 3706 quae
1900 3652 2102 3692 eorum

450 3727 725 3782 manibus
749 3726 826 3797 ('2)
858 3723 1368 3793 perpetrabantur
1395 3724 1495 3795 (3).

522 3819 607 3870 ΙΙΙ.
648 3818 841 3872 Unum
869 3829 940 3868 ex
972 3813 1184 3867 iisdem
1218 3816 1415 3883 magni
1450 3813 1602 3867 illius
1629 3815 1885 3878 Antonii,
1920 3815 2103 3869 disci-

447 3905 646 3976 plinae
672 3904 1039 3960 monasticae
1053 3902 1314 3957 auctoris
1337 3902 1625 3972 primarii,
1648 3903 1824 3958 fuisse
1845 3903 2104 3976 discipu-

2235 2753 2498 2820 tempore
2524 2765 2661 2804 cum
2694 2751 2949 2805 Antonio
2977 2750 3230 2804 vixerint
3256 2750 3509 2814 Macarii,
3540 2765 3678 2803 cum
3703 2748 3883 2802 vitam

2231 2837 2289 2892 in
2322 2838 2637 2892 solitudine
2671 2839 3064 2893 sanctissimis
3096 2838 3582 2893 meditationibus
3615 2837 3875 2891 deditam

2229 2928 2552 2983 consectati
2583 2927 2795 2982 fuerint
2827 2927 2924 2998 (6),
2959 2928 3126 2982 cuius
3167 2927 3417 2982 instituti
3448 2927 3729 2998 princeps
3759 2930 3877 2980 erat

2228 3018 2546 3082 Antonius,
2568 3017 2726 3071 credi
2743 3032 2861 3071 non
2878 3017 3086 3087 possit,
3107 3016 3184 3071 ad
3210 3016 3473 3071 eundem
3495 3031 3558 3070 se
3586 3015 3877 3085 recepisse

2226 3107 2383 3161 viros
2411 3106 2553 3161 istos
2574 3105 2924 3176 disciplinae
2939 3106 3232 3175 rigidioris
3250 3104 3741 3168 studiosissimos,
3769 3109 3878 3158 uta

2224 3196 2347 3250 viro
2387 3195 2713 3251 sanctitatis
2755 3194 3035 3265 opinione
3074 3193 3236 3249 claro
3267 3194 3326 3248 in
3360 3210 3451 3258 eo,
3484 3193 3649 3265 quod
3678 3208 3870 3248 susce-

2222 3290 2450 3355 perant,
2487 3283 2640 3338 vitae
2675 3284 2982 3354 proposito
3009 3282 3526 3338 conﬁrmarentur.

2291 3376 2378 3425 IV.
2419 3373 2527 3429 Sed
2553 3377 2811 3443 praestat
2841 3371 3106 3440 singulos
3140 3372 3350 3427 intueri
3381 3371 3740 3426 distinctius.
3764 3373 3872 3426 Ma-

2215 3462 2410 3516 carius
2437 3462 2633 3530 igitur,
2661 3477 2841 3532 quem
2862 3461 3219 3533 Aegyptium
3241 3466 3297 3516 et
3321 3461 3615 3515 seniorem
3643 3460 3870 3523 dicunt,

2214 3565 2244 3604 e
2276 3551 2515 3618 regione
2553 3550 2852 3605 Thebaide
2884 3567 3055 3605 suam
3091 3550 3267 3605 traxit
3293 3550 3582 3617 originem
3618 3549 3719 3618 (7).
3750 3548 3872 3603 Flo-

2214 3643 2374 3694 rente
2413 3639 2531 3694 iam
2563 3644 2752 3694 aetate
2798 3644 2850 3694 et
2882 3655 3018 3693 cum
3050 3638 3249 3694 adhuc
3285 3644 3440 3693 esset
3472 3638 3722 3706 iuvenis,
3754 3637 3868 3691 vir-

2217 3728 2351 3782 tutis
2370 3728 2635 3782 studium
2663 3727 3160 3799 amplectebatur,
3187 3733 3430 3798 tamque
3461 3734 3698 3782 austero
3719 3727 3870 3781 vitae

2212 3817 2412 3884 generi
2442 3817 2627 3873 dabat
2657 3832 2928 3886 operam,
2965 3822 3022 3870 ut
3047 3812 3465 3890 παιδαριογέρων
3496 3832 3532 3870 a
3558 3815 3868 3870 monachis

2211 3905 2672 3976 appellitaretur.
2717 3907 2860 3960 Cum
2905 3907 2987 3960 XL
3012 3905 3132 3960 iam
3163 3921 3357 3960 annos
3401 3911 3576 3959 natus
3607 3909 3778 3968 esset,
3809 3904 3867 3959 in

443 3994 590 4060 lum,
632 3995 1014 4065 antiquorum
1060 3991 1392 4046 testimonia
1434 3991 1782 4061 perhibent:
1827 3994 1931 4047 sed
1977 4001 2102 4050 uter
2137 4018 2176 4072 ρ
2213 3995 2624 4065 presbyterum
2649 4001 3034 4049 consecratus
3057 3999 3162 4049 est.
3192 3996 3272 4048 LX
3297 4009 3431 4048 vero
3455 4009 3647 4048 annos
3677 3993 3869 4062 exegit

446 4083 683 4138 illorum
708 4084 755 4136 is
779 4081 970 4148 fuerit,
993 4080 1393 4150 Aegyptiusne
1412 4096 1486 4134 an
1511 4081 1964 4147 Alexandrinus,
1985 4099 2094 4153 res,

447 4178 510 4227 ut
538 4174 787 4234 videtur,
820 4171 982 4242 apud
1006 4175 1279 4223 auctores
1304 4169 1575 4223 nondum
1599 4169 1868 4224 confecta
1894 4177 2012 4238 est;
2040 4172 2098 4226 id

443 4262 607 4332 quod
639 4267 694 4315 et
728 4261 786 4314 in
823 4275 1004 4314 causa
1051 4257 1241 4320 fuerit,
1289 4265 1347 4310 ut
1387 4257 1459 4310 de
1502 4258 1681 4313 natali
1710 4258 1828 4323 die,
1863 4260 2097 4331 utrique

441 4350 713 4404 distincte
749 4345 1148 4417 adsignando,
1199 4353 1426 4398 certum
1465 4346 1688 4416 aliquid
1724 4349 2095 4416 pronuntiari

438 4442 718 4509 nequeat.
753 4439 898 4491 Nam
933 4432 1347 4503 Martyrologia
1377 4434 1626 4505 antiqua
1665 4435 1817 4488 duos
1847 4435 2092 4504 quidem

438 4526 603 4581 fastis
652 4526 778 4579 suis
822 4525 1200 4577 inseruerunt
1247 4522 1550 4584 Macarios,
1597 4538 1856 4593 quorum
1905 4539 2091 4578 unum

439 4616 597 4669 beati
634 4613 867 4668 Antonii
912 4610 1092 4664 fuisse
1126 4608 1488 4678 discipulum
1528 4625 1670 4665 sane
1706 4617 2043 4666 memorant
2074 4629 2087 4678 ;

437 4704 541 4757 sed
569 4704 818 4772 quinam
848 4699 939 4753 ille
967 4714 1038 4752 ex
1065 4696 1303 4750 duobus
1330 4715 1364 4752 a
1395 4699 1565 4752 nobis
1590 4700 1935 4753 memoratis
1968 4701 2090 4755 fue-

437 4792 528 4855 rit,
574 4806 694 4845 non
734 4788 983 4859 perinde
1017 4787 1371 4855 adiungunt.
1420 4788 1511 4842 Sic
1551 4788 1707 4841 enim
1751 4789 2090 4858 Martyrolo-

435 4881 601 4950 gium
646 4882 977 4933 Romanum
1014 4890 1133 4929 non
1177 4880 1405 4929 tantum
1438 4883 1624 4937 vetus,
1669 4876 1773 4929 sed
1805 4883 1858 4930 et
1888 4877 2086 4932 Bellini

433 4969 592 5024 diem
612 4971 655 5022 ll
679 4964 933 5021 Ianuarii
958 4964 1131 5019 beato
1155 4963 1403 5017 Macario
1433 4964 1778 5034 simpliciter
1806 4964 1883 5019 ita
1907 4966 2084 5032 dicto,

430 5058 591 5113 diem
616 5072 754 5112 vero
783 5056 870 5111 XV
899 5053 1169 5109 eiusdem
1196 5055 1420 5107 mensis
1450 5054 1701 5108 Macario
1733 5052 1938 5109 abbati
1965 5061 2085 5110 An-

2211 4083 2270 4137 in
2301 4082 2620 4138 solitudine
2657 4101 2670 4150 ;
2703 4083 3069 4155 demumque
3108 4099 3244 4138 cum
3274 4084 3359 4138 XC
3387 4098 3579 4138 annos
3614 4081 3867 4137 vivendo

2209 4171 2326 4225 fere
2349 4172 2726 4242 explevisset,
2757 4173 3024 4226 animam
3053 4187 3250 4236 suam,
3283 4171 3587 4242 corporeis
3609 4171 3865 4225 vinculis

2205 4258 2476 4319 liberam,
2514 4262 2630 4314 Deo
2652 4259 2909 4314 reddidit
2930 4259 3090 4314 circa
3116 4275 3344 4314 annum
3374 4261 3635 4314 CCCXCI.
3671 4258 3865 4314 Multis

2207 4347 2505 4401 miraculis
2537 4348 2835 4416 insignem
2868 4347 3049 4402 fuisse
3091 4347 3353 4417 produnt
3383 4362 3617 4412 omnes,
3651 4348 3754 4419 qui
3786 4348 3862 4402 de

2205 4449 2275 4491 eo
2307 4435 2531 4491 faciunt
2559 4437 2933 4498 memoriam,
2962 4438 3356 4507 Hieronymus
3390 4437 3707 4507 imprimis,
3737 4436 3861 4491 Pal-

2202 4524 2398 4579 ladius
2429 4540 2499 4579 ac
2534 4526 2896 4580 Sozomenus
2923 4525 3022 4596 (8).

2275 4615 2333 4667 V.
2379 4614 2533 4669 Solet
2582 4619 2887 4684 praeterea
2936 4613 3413 4684 frequentissime
3466 4615 3698 4669 nomini
3729 4616 3858 4669 eius

2201 4703 2407 4772 Magni
2427 4717 2759 4771 cognomen
2783 4702 2944 4766 addi,
2976 4703 3153 4757 credo
3177 4718 3297 4758 non
3324 4703 3649 4760 imitatione
3683 4704 3696 4775 Ι
3730 4709 3857 4758 tan-

2201 4795 2324 4846 tum
2343 4793 2547 4861 magni
2561 4791 2714 4845 illius
2730 4791 2982 4856 Antonii,
3004 4807 3186 4863 quem
3205 4793 3331 4847 sine
3345 4791 3549 4848 addito
3564 4793 3856 4863 Magnum

2199 4895 2414 4935 vocare
2456 4880 2750 4947 solebant,
2808 4885 2888 4947 ut,
2921 4897 3058 4936 cum
3107 4882 3392 4936 Macarius
3445 4881 3557 4952 ipsi
3589 4882 3647 4936 in
3686 4883 3857 4936 omni

2200 4966 2376 5023 laude
2403 4975 2557 5024 esset
2595 4967 2951 5034 simillimus,
2985 4970 3196 5024 eodem
3233 4986 3474 5041 quoque
3503 4985 3641 5025 cum
3688 4977 3856 5026 tanto

2199 5064 2364 5128 patre
2413 5057 2577 5113 titulo
2627 5057 3014 5126 insigniretur
3055 5075 3068 5124 ;
3124 5059 3230 5114 sed
3276 5059 3573 5131 imprimis
3624 5058 3686 5114 id
3725 5059 3856 5114 ﬁeri

2014 5200 2266 5256 NOTAE.

502 5307 581 5378 (l)
614 5306 712 5362 Die
742 5321 839 5362 χιχ
865 5307 994 5362 Jan.

500 5376 577 5449 ('2)
612 5379 705 5434 Sic
737 5377 982 5444 Pritius;
1014 5376 1129 5446 leg.
1157 5391 1312 5447 quae
1331 5391 1443 5445 per
1469 5389 1669 5430 eorum
1701 5388 1934 5430 manus.
1971 5377 2089 5429 Em-

427 5466 576 5590 “23)
608 5523 832 5577 Socrat.
863 5519 1010 5574 Hist.
1045 5519 1277 5574 Eccles.
1309 5517 1410 5573 tib.
1444 5517 1689 5587 IVcap.
1720 5520 1814 5573 23.

499 5593 577 5661 (4)
604 5592 826 5648 Pallad.
861 5608 992 5661 cap.
1022 5595 1116 5646 20.

495 5660 574 5739 (5)
598 5666 800 5721 Petrus
826 5660 1107 5722 Possinus
1129 5661 1464 5733 Prolegom.
1488 5660 1550 5716 in
1589 5660 1878 5717 Thesaur.
1912 5661 2029 5714 Asc
2049 5662 2129 5716 et.

2270 5304 2351 5375 (6)
2371 5304 2517 5378 Vide
2538 5306 2689 5362 infra
2719 5322 2778 5378 p.
2812 5307 2940 5363 156.
2974 5311 3102 5364 243.

2269 5379 2348 5447 (7)
2377 5377 2831 5451 Τὴθοάονθῐιὶῤ.
2875 5381 2949 5451 1V
3008 5395 3132 5451 cap.
3177 5381 3239 5434 2t
3276 5396 3290 5444 ;
3327 5381 3554 5437 Sozom.
3592 5381 3698 5437 lib.
3753 5378 3856 5436 III

2197 5462 2334 5517 cap.
2377 5449 2443 5521 ib
2473 5467 2485 5513 ;
2511 5451 2740 5521 Socrat.
2781 5450 2884 5507 lib.
2919 5450 3014 5505 IV
3042 5449 3175 5521 cap.
3226 5455 3319 5506 23.

2264 5521 2343 5589 (8)
2368 5520 2455 5574 De
2493 5520 2630 5575 Vitis
2662 5522 2912 5578 Patrum
2935 5537 3077 5591 cap.
3106 5520 3195 5588 28;
3214 5522 3440 5579 Pallad.
3462 5522 3850 5579 Histor.Lau-

2191 5593 2340 5646 siac.
2381 5606 2518 5661 cap.
2565 5596 2645 5658 l9;
2689 5595 2920 5650 Sozom.
2953 5595 3060 5651 tib.
3093 5596 3188 5649 Ill
3217 5609 3353 5664 cap.
3399 5598 3486 5654 13.
