4084 6256
239 294 342 351 361

1157 298 1255 354 AD
1297 295 1687 353 EDITIONEM
1731 295 1993 352 OPUSC.
2035 298 2102 354 S.
2148 298 2448 354 MACARlI
2490 300 2848 356 AEGYPTII.

3601 304 3704 362 362

237 424 404 490 patet
426 420 513 476 ob
539 421 829 492 ingentia
847 423 1241 480 virimeritaet
1267 422 1344 478 ob
1377 421 1744 490 singularem
1762 421 1936 494 plane
1973 424 2018 476 A
2051 427 2161 479 ista
2204 440 2446 497 quoque
2479 426 2537 480 in
2572 428 2865 483 sententia
2892 443 2952 483 se
2984 428 3363 500 acquiescere
3395 429 3702 499 scriberet,

233 509 564 566 doctrinae
600 519 798 586 atque
856 513 1310 576 sanctimoniae,
1346 511 1568 582 quibus
1621 511 1939 566 virtutibus

233 600 462 654 mirum
500 601 568 657 in
618 603 884 658 modum
915 601 1152 666 effulsit,
1194 600 1651 672 praestantiam.

227 675 236 680 ’
303 688 407 744 Vl.
464 690 760 760 Eremus,
795 692 854 746 in
894 707 1017 763 qua
1047 691 1384 745 divinarum
1427 705 1625 743 rerum
1659 689 1855 743 studio
1884 695 1940 745 et

229 775 616 833 coelestibus
632 781 1107 852 cogitationibus
1123 778 1590 844 vacabat,Scetis
1606 783 1937 850 erat,quam

231 871 444 920 tamen
481 867 772 923 diversis
807 867 1156 924 nominibus
1183 873 1234 924 et
1268 866 1576 929 Sceticam,
1612 866 1932 937 Scetinam,

232 955 620 1022 Scetiacam,
692 959 1014 1029 Scyticam,
1075 957 1412 1029 Scytiacam
1466 962 1522 1011 et
1591 957 1935 1026 Sytioticam

228 1046 603 1115 nuncupari
630 1046 970 1102 identidem
993 1047 1217 1101 videas.
1246 1046 1497 1116 Aegypti
1524 1060 1663 1100 vero
1679 1044 1934 1100 solitudo

229 1131 378 1188 haec
397 1133 853 1199 fuit,contluxu
871 1136 1127 1191 virorum
1143 1135 1441 1191 sanctitati
1456 1134 1810 1189 studentium
1827 1134 1934 1189 fre-

228 1223 881 1293 quentissima.Testis
895 1225 1054 1280 enim
1070 1224 1456 1280 Cassiodorus
1470 1224 1545 1294 (1)
1561 1223 1734 1288 est,in
1747 1238 1932 1279 eremo

228 1310 345 1366 hac
369 1311 564 1381 Sycti
593 1313 1032 1370 monachorum
1047 1313 1486 1383 probatissimos
1505 1318 1706 1380 patres
1735 1319 1788 1367 et
1815 1328 1933 1367 om-

224 1401 398 1456 nium
435 1406 813 1458 sanctorum
844 1407 1130 1459 moratam
1163 1417 1282 1458 esse
1317 1402 1764 1470 perfectionem.
1800 1402 1931 1466 Qua

223 1491 572 1545 occasione
600 1505 752 1546 vero
767 1491 1015 1546 istumin
1038 1490 1235 1546 locum
1261 1506 1324 1545 se
1348 1490 1655 1560 receperit,
1687 1505 1930 1544 narran-

217 1582 350 1632 tem
382 1578 616 1648 ipsum
645 1579 879 1642 audire,
908 1580 1012 1650 qui
1043 1578 1220 1645 volet,
1250 1577 1463 1648 poterit
1489 1578 1809 1633 Macarium
1829 1580 1926 1647 (2).

300 1664 432 1720 VII.
471 1667 605 1722 Sed
652 1667 729 1721 de
774 1668 1024 1722 Macario
1053 1666 1454 1722 Alexandrino
1493 1666 1716 1738 aliquid
1747 1666 1924 1722 etiam

2050 517 2399 583 praesertim
2433 533 2569 570 cum
2621 516 2920 572 Oudinum
2954 533 3196 589 quoque
3229 519 3469 574 Passino
3514 521 3703 575 succi-

2051 617 2190 657 nere
2207 604 2728 660 animadvertisset
2747 606 3086 674 (t).lnterim
3104 623 3162 661 re
3183 607 3394 662 melius
3411 624 3698 679 expensa,

2049 691 2168 746 alia
2196 709 2353 747 nunc
2375 698 2571 749 mente
2605 694 2909 764 praeditus
2941 699 3030 750 est
3061 697 3145 750 vir
3174 696 3610 761 eruditissimis,
3638 703 3702 753 ut

2049 787 2281 850 praeter
2310 782 2667 854 Aegyptium
2717 790 2772 838 et
2803 783 3273 840 Alexandrinum
3307 784 3547 840 tertium
3588 787 3697 840 Ma-

2048 870 2167 923 cari
2212 872 2220 938 |
2264 870 2639 942 umaliquem
2658 871 3454 944 admitterehaudquaquam
3475 873 3700 929 velit.Et

2047 962 2200 1011 certe
2258 959 2420 1030 quod
2475 959 2855 1014 observatum
2897 965 2954 1015 et
3007 961 3185 1015 Cavio
3233 967 3340 1024 est,
3393 977 3514 1016 non
3547 961 3696 1016 alios

2047 1047 2350 1112 Macarios,
2385 1048 2485 1119 qui
2511 1048 2750 1102 Antonii
2778 1048 3048 1118 discipuli
3073 1049 3310 1114 fuerint,
3341 1050 3553 1104 sistunt
3586 1065 3694 1104 no-

2043 1133 2137 1189 bis
2165 1137 2453 1200 Socrates,
2487 1135 2874 1202 Sozomenus,
2907 1137 3334 1206 Theodoretus,
3376 1144 3431 1192 et
3461 1138 3560 1210 qui
3601 1137 3693 1192 his

2043 1223 2187 1294 ipsis
2214 1225 2271 1279 in
2308 1224 2452 1280 locis
2484 1232 2538 1280 et
2568 1224 2682 1280 hoc
2720 1230 2984 1297 tempore
3025 1227 3165 1281 vixit
3197 1226 3516 1286 Palladius.
3552 1242 3691 1282 cum

2042 1315 2240 1368 tamen
2265 1312 2570 1383 diligenter
2599 1313 2674 1368 de
2713 1313 2802 1368 his
2831 1315 3010 1369 rebus
3045 1315 3258 1370 fuerint
3284 1315 3690 1370 commentali.

2041 1403 2155 1456 Nec
2187 1418 2321 1456 vero
2376 1413 2485 1468 est,
2519 1418 2643 1467 cur,
2678 1418 2832 1474 quae
2873 1403 3161 1458 Possinus
3193 1403 3434 1475 allegat,
3465 1405 3691 1459 moveri

2041 1505 2102 1543 se
2135 1489 2350 1545 iisdem
2375 1491 2591 1562 aliquis
2627 1491 2902 1562 patiatur.
2934 1491 3080 1546 Nam
3109 1492 3270 1564 quod
3303 1491 3685 1546 Athanasium

2041 1595 2214 1633 suam
2247 1579 2301 1633 in
2330 1596 2452 1634 rem
2487 1580 2643 1644 citat,
2679 1579 2900 1635 fallitur
2929 1581 2987 1635 in
3020 1597 3089 1635 eo
3121 1582 3247 1652 ipse
3273 1586 3330 1635 et
3359 1579 3523 1644 fallii,
3552 1597 3690 1635 cum

2039 1667 2112 1721 de
2135 1667 2390 1722 Macario
2411 1667 2570 1740 apud
2592 1668 2985 1723 Athanasium
3007 1669 3181 1740 plane
3209 1669 3348 1723 nihil
3370 1673 3574 1724 exstet.
3599 1668 3689 1723 Sic

223 1751 584 1809 dicendum
623 1761 736 1810 est.
779 1756 943 1810 Hunc
968 1757 1261 1812 iuniorem
1291 1755 1595 1826 appellant
1636 1760 1691 1810 et
1722 1757 1926 1825 potiti-
1969 1771 2007 1824 Β
2038 1757 2502 1828 etllieronymus
2520 1757 3052 1826 meminitquidem
3071 1758 3377 1812 Macariiet
3398 1757 3689 1812 Amathae

226 1857 367 1898 cum
415 1862 438 1898 :
493 1842 817 1900 iuniorem
877 1844 1142 1915 quidem,
1186 1845 1476 1916 quoniam
1538 1844 1790 1900 Macario
1848 1845 1926 1900 illi

225 1932 557 2002 Aegyptio
582 1939 890 2003 superstes
922 1933 1156 1998 exstitit,
1185 1938 1458 1988 mortuus
1489 1933 1756 1998 demum,
1788 1949 1925 1987 cum

224 2019 270 2071 C
329 2035 551 2075 annos
614 2021 878 2086 vixisset,
932 2037 1094 2077 anno
1151 2022 1412 2078 CCCCIV.
1453 2021 1734 2076 Potiticus
1784 2037 1924 2076 vero

224 2106 440 2162 dictus
501 2115 623 2175 est,
680 2110 846 2181 quod
880 2125 1000 2165 non
1031 2110 1092 2165 in
1143 2110 1461 2165 solitudine
1487 2110 1779 2166 duntaxat
1831 2111 1924 2165 Ni-

229 2195 474 2264 triensi,
499 2198 570 2252 in
598 2215 789 2269 quam
817 2198 1356 2265 secesserat,vitam
1389 2199 1782 2254 monasticam
1801 2215 1926 2255 am-

226 2285 460 2356 plexus
512 2293 880 2353 versaretur,
919 2287 1025 2342 sed
1056 2287 1222 2360 quod
1255 2287 1432 2342 etiam
1465 2288 1522 2342 in
1559 2288 1769 2342 urbem
1818 2287 1922 2343 ali-

226 2374 504 2445 quando
542 2375 788 2445 veniret,
838 2377 940 2447 qui
984 2383 1041 2431 et
1086 2391 1372 2444 magnam
1410 2376 1564 2431 vitae
1593 2382 1819 2446 partem
1859 2377 1920 2431 in

226 2461 371 2517 luce
401 2470 465 2518 et
494 2465 690 2519 oculis
712 2465 1024 2520 hominum
1061 2466 1462 2533 transegisset.
1506 2467 1676 2520 Anno
1706 2468 1918 2521 aetatis

229 2552 322 2606 XL
344 2551 739 2623 baptismum
763 2554 1098 2624 suscepisse
1115 2554 1350 2620 dicitur,
1370 2553 1681 2626 presbyter
1701 2555 1918 2610 deinde

231 2638 443 2695 factus
471 2649 535 2697 et
561 2642 1031 2698 archimandrita
1059 2643 1384 2699 Nitriensis.
1439 2643 1446 2714 |
1505 2644 1650 2698 Cum
1684 2659 1822 2699 vero
1857 2645 1914 2699 in

235 2743 312 2782 eo
341 2744 495 2784 cum
519 2730 775 2785 Macario
807 2732 1099 2802 Aegyptio
1127 2732 1493 2796 conveniret,
1516 2731 1677 2802 quod
1710 2733 1918 2787 solitu-

236 2815 457 2872 dinem
503 2827 752 2883 amaret,
805 2827 860 2874 et
907 2820 1190 2875 severiori
1244 2821 1594 2892 disciplinae
1634 2837 1704 2876 ac
1763 2823 1914 2877 vitae

243 2906 568 2962 sanctioris
601 2909 799 2963 studio
826 2915 982 2963 esset
1019 2909 1469 2964 addictissimus
1502 2932 1513 2962 :
1542 2915 1666 2964 tum
1695 2912 1912 2966 veroin

255 3005 330 3045 ea
387 3000 554 3062 parte
583 2996 659 3050 ab
707 2997 919 3052 eodem
953 2997 1282 3068 plurimum
1313 2997 1714 3066 discrepabat,
1747 2999 1910 3072 quod

2038 1846 2216 1899 veluti
2251 1844 2680 1916 discipulorum
2712 1845 2974 1910 Antonii,
3021 1846 3124 1917 qui
3156 1853 3211 1901 et
3236 1847 3560 1900 Amatham
3607 1845 3688 1899 ait

2037 1932 2386 2001 magistrum
2422 1949 2595 1987 suum
2626 1933 3169 1999 tumulointulisse;
3201 1934 3305 1988 sed
3332 1933 3405 1988 de
3435 1934 3686 1988 Macario

2036 2021 2182 2076 nihil
2222 2029 2528 2093 praeterea
2584 2021 2775 2077 docet.
2817 2025 2882 2076 Et
2930 2039 3118 2094 quare
3158 2039 3228 2076 ex
3277 2023 3513 2077 duobus
3555 2022 3683 2076 istis

2036 2111 2324 2176 Macariis,
2348 2127 2501 2181 quos
2533 2111 2822 2165 exstitisse
2853 2111 3124 2166 omnium
3143 2111 3519 2166 confessione
3548 2126 3686 2165 con-

2034 2205 2167 2266 stat,
2213 2216 2369 2253 unus
2397 2199 2633 2254 Antonii
2667 2216 2865 2254 comes
2904 2216 3036 2255 esse
3070 2216 3188 2254 non
3229 2200 3501 2270 potuerit,
3538 2215 3684 2253 non-

2033 2287 2178 2343 dum
2222 2304 2545 2360 possumus
2603 2289 2962 2360 perspicere.
3026 2289 3341 2343 Incoluerit
3393 2288 3682 2344 Macarius

2031 2379 2358 2448 Aegyptius
2409 2393 2514 2448 per
2563 2377 2646 2430 LX
2683 2393 2876 2431 annos
2918 2377 3298 2432 solitudinem
3349 2378 3676 2434 Sceticam:

2032 2467 2481 2537 putabimusne,
2509 2483 2612 2537 per
2643 2466 2939 2535 integrum
2967 2466 3027 2520 id
3061 2472 3295 2537 tempus
3331 2481 3447 2520 uno
3483 2465 3680 2536 ipsum

2028 2553 2160 2610 loco
2179 2555 2444 2609 adﬁxum
2470 2555 2754 2609 aliorsum
2784 2553 3111 2626 aliquando
3143 2570 3263 2608 non
3287 2553 3680 2624 migravisse?

2027 2645 2202 2714 Atqui
2222 2659 2358 2698 vero
2385 2650 2756 2714 compertum
2783 2649 2888 2708 est,
2914 2643 3240 2698 solitariam
3265 2643 3448 2696 vitam
3472 2657 3680 2696 aman-

2029 2737 2113 2787 tes
2145 2749 2285 2786 suas
2334 2748 2506 2804 saepe
2536 2732 2708 2787 sedes
2742 2732 3227 2787 commutavisse.
3271 2731 3420 2796 Quid
3478 2729 3678 2784 obstat

2027 2836 2188 2890 ergo,
2244 2821 2404 2893 quod
2445 2837 2552 2876 nec
2593 2821 2721 2892 ipse
2765 2821 3050 2875 Possinus
3099 2824 3298 2890 negat,
3346 2818 3675 2891 quominus

2027 2911 2316 2965 Macarius
2353 2909 2606 2964 subinde
2639 2925 2699 2964 se
2741 2909 2816 2964 ad
2849 2910 3172 2964 Antonium
3217 2908 3552 2972 contulerit,
3603 2922 3674 2962 ex

2023 3013 2123 3053 ore
2151 2998 2341 3070 ipsius
2368 2997 2763 3053 saluberrima
2788 3003 3102 3068 praecepta
3120 2995 3675 3066 hausturus?quem

251 3077 438 3135 hilari
484 3081 669 3140 fronte
713 3086 1037 3141 invisentes
1086 3087 1162 3141 ad
1195 3087 1392 3157 ipsum
1425 3089 1738 3158 exciperet,
1767 3088 1911 3159 lepi-
1951 3111 1991 3166 ρ
2022 3091 2098 3153 et,
2133 3104 2268 3142 cum
2329 3087 2480 3141 mori
2521 3103 2656 3141 eum
2691 3087 3030 3156 contigisset
3063 3101 3155 3150 eo,
3215 3101 3332 3157 quo
3387 3099 3674 3154 praesens

248 3166 476 3239 disque
502 3172 822 3230 oblectaret
855 3175 1256 3241 sermonibus,
1286 3176 1546 3230 iuniores
1576 3177 1909 3232 urbanitate

241 3259 524 3327 quadam
556 3262 634 3317 ad
668 3264 818 3318 vitae
851 3265 1216 3320 monasticae
1246 3265 1472 3320 cultum
1513 3265 1813 3331 alliciens;
1848 3266 1905 3321 id

244 3346 428 3414 quod
461 3347 519 3402 in
549 3351 838 3420 Aegyptio
877 3368 1048 3407 secus
1101 3369 1164 3408 se
1213 3353 1494 3409 habebat.
1530 3354 1644 3408 Nec
1678 3355 1908 3409 minora

249 3447 425 3499 vero,
480 3452 665 3508 quam
705 3439 773 3491 de
812 3443 1114 3511 Aegyptio,
1148 3443 1222 3496 de
1270 3443 1396 3496 eius
1447 3442 1778 3510 virtutibus,
1825 3445 1908 3498 vi-

242 3522 440 3578 vendi
478 3540 695 3594 genere
727 3526 1126 3596 frugalissimo
1183 3530 1605 3602 miraculisque
1638 3531 1903 3586 referun-

241 3615 364 3676 tur,
392 3629 551 3684 quae
591 3615 692 3685 qui
721 3614 910 3687 legere
937 3619 1237 3690 descripta
1266 3622 1484 3689 cupiat,
1519 3620 1756 3675 evolvat
1781 3621 1903 3676 Pal-

241 3696 479 3756 ladium
514 3703 614 3774 (3).

315 3788 456 3843 Vlll.
500 3793 756 3848 Tertium
793 3809 932 3849 vero
973 3794 1232 3866 aliquem
1267 3798 1590 3852 Macarium
1634 3797 1904 3867 producit

240 3873 455 3932 Petrus
478 3879 776 3945 Possinus,
810 3883 888 3937 ab
923 3890 1172 3955 utroque
1197 3884 1296 3938 illo
1324 3887 1572 3941 Macario
1599 3886 1900 3941 diversum

241 3969 299 4018 et
323 3967 631 4022 ambobus
651 3971 965 4041 seniorem,
1003 3973 1235 4026 Antonii
1269 3973 1632 4043 discipulum
1657 3977 1904 4029 etcomi-

241 4057 381 4118 tem,
424 4059 717 4112 Amathae
784 4060 1033 4125 socium,
1085 4078 1266 4132 quem
1327 4079 1545 4132 magno
1596 4064 1902 4120 molimine

246 4143 459 4211 probat
490 4146 751 4215 Operum
787 4150 1259 4205 Macarianorum
1295 4167 1422 4205 esse
1461 4160 1788 4216 auctorem,
1832 4170 1902 4208 eo

243 4233 321 4284 ad
363 4233 523 4288 hanc
549 4249 669 4289 rem
705 4238 1087 4306 probandum
1121 4247 1286 4295 utens
1314 4247 1687 4312 argumento,
1737 4242 1903 4313 quod

228 4319 612 4386 _Athanasius
653 4323 707 4378 in
740 4324 869 4380 Vita
897 4328 1134 4383 Antonii
1167 4335 1222 4383 et
1252 4330 1644 4401 Hieronymus
1684 4331 1741 4385 in
1774 4331 1903 4386 Vita

249 4407 410 4502 l’auli
437 4411 763 4502 Antonium
796 4424 1129 4470 memorent
1155 4417 1308 4472 duos
1341 4434 1546 4473 secum
1581 4419 1900 4490 discipulos
1938 4448 1979 4502 Β

242 4494 492 4553 intimos
515 4500 1238 4573 comitesqueindividuos
1263 4505 1566 4572 habuisse,
1582 4508 1899 4563 Macarium

248 4590 303 4638 et
338 4587 659 4644 Amatham
695 4607 709 4643 :
745 4606 866 4646 non
894 4595 1221 4650 concedere
1249 4611 1386 4650 vero
1413 4597 1693 4666 temporis
1725 4597 1897 4652 ratio.

253 4674 537 4736 nem,hoc
557 4683 618 4733 ut
635 4679 694 4732 in
720 4681 1039 4736 Macarium
1062 4682 1518 4755 velAegyptium
1543 4684 1631 4739 vel
1652 4685 1899 4740 Alexan-

253 4759 490 4818 drinum
519 4769 859 4824 conveniat.
911 4771 1324 4843 Fatemurque,
1378 4775 1519 4829 tanti
1575 4775 1686 4829 hoc
1727 4788 1901 4843 argu-

253 4856 518 4907 mentum
553 4858 842 4913 momenti
871 4859 1066 4914 visum
1099 4861 1284 4917 fuisse
1315 4863 1440 4916 viro
1476 4863 1896 4934 antiquitatum

245 4939 784 5000 ecclesiasticarum
834 4948 1202 5018 peritissimo
1240 4949 1554 5007 Guilielmo
1594 4951 1790 5017 Cavio,
1838 4957 1900 5006 ut

2020 3179 2246 3240 aderat,
2283 3182 2548 3246 tempore
2593 3190 2710 3229 una
2741 3191 2877 3229 cum
2929 3174 3184 3229 Amatha
3225 3174 3534 3244 sepultura
3564 3172 3672 3226 ho-

2018 3264 2339 3320 nestaverit
2366 3264 2392 3318 ‘t
2422 3267 2534 3319 Nec
2557 3279 2696 3318 vero
2722 3263 3088 3318 Sozomenus
3116 3262 3434 3316 Macarium
3466 3262 3524 3314 in
3551 3277 3673 3315 una

2020 3355 2191 3422 Sceti,
2242 3353 2347 3408 sed
2401 3356 2456 3407 in
2508 3352 2824 3407 solitudine
2876 3352 2958 3407 LX
2990 3367 3185 3406 annos
3217 3350 3481 3418 exegisse
3512 3366 3672 3404 com-

2017 3448 2331 3498 memorat.
2361 3440 2571 3507 Qualia
2600 3447 2656 3495 et
2681 3440 2754 3494 de
2783 3440 3030 3495 Macario
3053 3439 3454 3494 Alexandrino
3504 3438 3670 3492 facile

2017 3540 2257 3604 possent
2281 3531 2545 3603 probari,
2577 3532 2624 3584 si
2646 3529 3057 3585 vellemushoc
3075 3545 3268 3598 agere.
3306 3530 3454 3583 Suas
3487 3530 3495 3596 |
3529 3543 3670 3596 ergo

2014 3638 2108 3678 res
2131 3622 2423 3676 Macarius
2454 3620 2561 3675 sibi
2582 3619 2800 3674 habeat
2822 3634 2857 3672 a
2890 3617 3140 3673 Possino
3165 3623 3395 3688 praeter
3421 3617 3670 3670 necessi-

2017 3709 2611 3779 tatemhistoriaeque
2635 3706 2812 3761 ﬁdem
2835 3706 3371 3778 productus;nobis
3387 3721 3523 3758 vero
3547 3703 3668 3758 suf-

2014 3799 2460 3855 ﬁciantMacarii
2496 3799 2638 3859 duo,
2657 3796 3032 3867 subquornm
3053 3796 3224 3848 unius
3241 3794 3481 3848 nomine
3497 3794 3665 3860 haec,

2013 3905 2169 3960 quae
2189 3905 2346 3942 nunc
2362 3888 2554 3941 lucem
2571 3883 3432 3955 adspiciont,circumferuntur
3451 3884 3664 3954 Opera.

2086 3977 2184 4030 IX.
2215 3975 2328 4030 Sed
2363 3991 2520 4028 nunc
2552 3972 3060 4027 considerandum
3094 3972 3199 4024 erit
3229 3972 3523 4034 exactius,
3553 3969 3663 4023 utri

2012 4065 2247 4120 illorum
2281 4063 2470 4117 foetus
2527 4061 2620 4115 isti
2653 4061 2770 4114 sint
2801 4059 3179 4116 adscribendi
3215 4058 3242 4111 ἦ)
3277 4061 3338 4112 Et
3381 4057 3663 4111 Homilias

2013 4153 2258 4224 quidem
2284 4151 2572 4222 Aegyptio
2603 4149 2932 4218 adscriptas
2965 4163 3201 4218 semper
3232 4146 3410 4200 fuisse
3440 4161 3508 4199 ex
3564 4146 3661 4198 in-

2014 4241 2351 4311 scriptione,
2385 4254 2570 4311 quam
2596 4253 2777 4292 manu
2803 4236 3027 4290 exarati
3061 4236 3277 4305 pariter
3299 4239 3354 4288 et
3383 4234 3536 4304 typis
3565 4250 3662 4286 ex-

2013 4331 2137 4386 cusi
2171 4329 2403 4384 codices
2434 4343 2575 4398 prae
2634 4342 2694 4380 se
2729 4327 2940 4389 ferunt,
2987 4323 3368 4378 manifestum
3409 4328 3513 4375 est.
3548 4322 3659 4376 Sed

2012 4436 2120 4474 nec
2153 4420 2265 4473 hoc
2296 4417 2488 4489 placet
2520 4415 2783 4477 Possino,
2807 4413 2907 4484 pui
2937 4412 3181 4466 easdem
3226 4412 3477 4464 Macario
3509 4427 3543 4464 a
3599 4425 3659 4463 se

2012 4513 2242 4579 praeter
2266 4522 2389 4561 rem
2414 4505 2670 4558 conﬁcto
2698 4502 2994 4557 vindicare
3023 4501 3240 4569 satagit
3267 4499 3366 4570 (5).
3396 4499 3483 4553 Ad
3513 4499 3661 4553 Gen-

2011 4596 2171 4651 nadii
2203 4593 2572 4650 Massiliensis
2595 4591 3006 4647 auctoritatem
3030 4593 3334 4661 provocat,
3359 4588 3461 4658 qui
3478 4602 3659 4642 unam

2013 4691 2237 4740 tantum
2256 4681 2591 4738 Macarium
2604 4681 2726 4736 aiat
2741 4679 2815 4734 ad
2829 4679 3090 4734 iuniOres
3104 4677 3497 4748 professionis
3512 4691 3655 4732 suae

2009 4773 2312 4842 scripsisse
2343 4771 2652 4842 epistolam
2686 4772 2787 4834 (6).
2830 4768 2942 4823 Sed
2999 4767 3271 4823 nondum
3314 4765 3658 4837 persuaderi

2012 4877 2353 4932 possumus,
2400 4859 2644 4914 Possino
2698 4863 2761 4912 ut
2803 4856 3287 4927 adstipulemur;
3342 4870 3448 4909 nec
3479 4853 3660 4909 verba

2011 4949 2319 5015 Gennadii,
2353 4947 2516 5020 quod
2545 4947 2665 5002 vult
2699 4946 3001 5007 Possinus,
3030 4945 3170 5000 satis
3191 4945 3490 5008 evincunt,
3521 4959 3658 4999 cum

1827 5153 2076 5208 NOTAE.

308 5299 391 5370 (1)
406 5299 1154 5368 Leg.Cassianum.Pritius
1172 5307 1590 5364 Cassiodorum
1604 5324 1740 5363 cum
1763 5308 1904 5366 Cas-

236 5372 412 5426 siano
451 5372 785 5427 confundit.
826 5378 975 5431 EDIT.

310 5443 662 5519 (2)_S_ocrat._
711 5445 861 5500 Hist.
913 5448 1012 5503 tib.
1071 5450 1154 5503 IV
1204 5465 1337 5519 cap.
1396 5450 1456 5505 18
1499 5466 1511 5515 ;
1567 5449 1898 5506 Cassiodor.

239 5511 349 5589 [sic
384 5513 765 5589 Pritius,_l_e_g.
797 5519 1108 5589 Cassian.]
1141 5511 1340 5576 Collat.
1375 5521 1416 5573 l.
1445 5511 1582 5589 cap.
1614 5523 1638 5574 1
1681 5537 1692 5585 ;
1721 5521 1902 5575 Theo-

236 5587 445 5662 doret.
479 5585 581 5662 tio,
623 5586 869 5662 l_V__cvp.
911 5592 974 5644 21
1022 5607 1036 5655 ;
1079 5585 1317 5646 Sozom.
1351 5592 1446 5646 tib.
1482 5585 1576 5648 ΙῙΙ
1605 5607 1736 5662 cap.
1782 5592 1846 5646 14
1882 5609 1895 5658 ;

239 5656 473 5713 Socrat.
508 5657 615 5713 lib.
651 5657 744 5712 IV
768 5674 902 5730 cap.
935 5661 1021 5716 23.

2085 5308 2164 5377 (3)
2207 5305 2426 5360 Pallad.
2463 5304 2614 5377 Hist.
2646 5304 2918 5377 Lausiac.
2953 5318 3090 5377 cap.
3121 5304 3208 5358 20.
3245 5305 3444 5359 Petrus
3470 5303 3658 5359 Possi-

2014 5375 2125 5432 nu's
2159 5380 2218 5431 in
2251 5377 2485 5444 Proteg.
2519 5376 2598 5430 ad
2637 5376 2920 5431 Thesaur.
2950 5375 3143 5430 Asc-et.

2084 5450 2164 5518 (4)
2193 5450 2343 5502 Cave
2379 5447 2528 5518 Hist.
2567 5447 2675 5518 Lit.
2707 5447 2773 5501 P.
2809 5447 2843 5502 Ι
2880 5463 2940 5514 p.
2972 5446 3095 5500 212.
3130 5446 3198 5501 P.
3240 5445 3300 5499 II
3337 5461 3393 5513 p.
3424 5447 3509 5496 76.

2109 5517 2164 5587 5)
2196 5519 2475 5574 Possinus
2506 5517 2542 5572 l.
2585 5517 2626 5570 Ι.

2109 5524 2164 5587 5)
2196 5520 2475 5574 Possinus
2506 5520 2542 5572 l.
2585 5520 2626 5570 Ι.

2084 5520 2162 5662 i6)
2203 5588 2468 5646 Gennad.
2506 5589 2577 5643 De
2609 5587 2749 5644 viris
2782 5588 3016 5642 ittustr.
3057 5602 3104 5642 c.
3140 5586 3226 5639 10.
