4084 6256
455 279 557 336 363

1584 280 1685 336 J0.
1731 281 2023 337 GEORGII
2057 279 2280 335 PRITIl
2319 280 2724 337 PRAEFATIO

3761 277 3874 333 364

457 421 595 460 eum
627 405 687 460 in
721 419 965 460 sensum
996 405 1227 476 possint
1250 405 1454 476 accipi,
1487 407 1650 478 quod
1675 412 1907 462 tantum
1938 406 2012 462 de
2039 405 2103 460 li-
2133 407 2178 459 A
2217 406 2556 478 spirituales
2603 407 2740 465 illae
2780 422 2990 476 graece
3045 405 3288 462 seorsim
3321 404 3671 477 prodierunt
3701 401 3873 457 Pari-

455 494 596 549 teris
620 511 653 549 a
694 493 932 549 Macarii
967 495 1317 565 conscriptis
1349 501 1549 563 agant.
1585 496 1737 560 Quid
1778 497 1823 548 si
1864 500 1920 550 et
1958 496 2104 550 scri-

459 582 643 653 pserit
668 582 871 654 aliqua
902 583 1212 649 Macarius,
1242 599 1276 637 a
1301 583 1631 649 Gennadio,
1661 590 1721 639 ut
1749 583 1936 638 multa
1963 583 2100 647 alia,

461 671 648 726 oculis
664 687 784 726 non
807 677 1094 740 usurpata
1116 669 1324 728 ?Unde
1345 687 1464 726 non
1487 687 1640 743 opus
1657 673 1901 741 eurit,ut
1920 672 2108 744 multa

460 759 1194 824 comminiscamur,veluti
1209 760 1344 815 facit
1359 761 1785 832 Possinus,qua
1799 763 2108 817 occasione

461 864 658 919 quove
687 847 879 902 ofﬁcio
907 848 1188 904 Homilias
1219 849 1360 904 istas
1391 849 1680 905 Macarius
1711 852 1996 906 Amathae
2020 866 2111 906 so-

462 939 590 993 cius
645 952 854 1007 graece
913 954 948 994 a
987 954 1048 993 se
1100 938 1365 994 redditas
1418 955 1490 994 ex
1545 941 1782 996 Antonii
1837 940 2107 1010 magistri

463 1026 697 1092 dictatis
737 1026 1072 1098 protulerit.

537 1125 594 1179 Χ.
629 1123 781 1190 Quid
819 1140 960 1180 vero
999 1125 1072 1179 de
1105 1125 1420 1195 Opusculis
1451 1126 1574 1181 istis
1606 1125 1902 1191 dicemus,
1952 1142 2109 1199 quae

461 1227 625 1268 nunc
655 1217 789 1284 post
819 1213 1137 1268 Possinum
1160 1214 1218 1269 in
1242 1213 1560 1270 Germania
1590 1217 1850 1286 primum
1879 1233 1914 1271 a
1941 1216 2110 1271 nobis

463 1302 841 1372 evulgantur,
874 1307 930 1357 et
959 1304 1052 1357 cui
1083 1304 1234 1374 patri
1261 1303 1480 1358 liberos
1533 1305 1674 1359 istos
1706 1305 2053 1360 adseremus
2082 1305 2110 1359 ?

463 1392 744 1448 Possinus
789 1407 928 1446 vero
969 1391 1062 1446 hic
1102 1392 1313 1446 iterum
1369 1409 1541 1447 suum
1591 1393 1765 1449 nobis
1825 1394 2111 1466 supponit

464 1481 809 1538 Macarium.
841 1485 1236 1552 quemtamen
1256 1481 1312 1536 in
1338 1481 1567 1537 mundo
1589 1499 1708 1537 non
1736 1482 1944 1549 fuisse,
1965 1484 2108 1552 iam,

469 1574 530 1625 ut
547 1570 925 1633 arbitramur,
943 1571 1433 1625 monstravimus.
1459 1571 1888 1627 Celeberrimus
1903 1573 2111 1628 Cavius

466 1659 544 1731 (l)
600 1658 914 1714 tribuenda
947 1657 1190 1730 quidem
1223 1659 1612 1715 Macariorum
1647 1676 1724 1715 no
1779 1663 1789 1726 l
1853 1665 2105 1716 strorum

2219 495 2322 550 siis
2344 512 2504 551 anno
2536 498 2856 567 superioris
2883 495 3099 552 saeculi
3133 496 3247 550 LIX
3274 493 3731 563 elegantissimis
3777 499 3877 563 ty-

2224 585 2315 656 pis
2333 601 2589 640 excusse
2623 586 2973 656 :separatim
2997 600 3133 640 vero
3165 589 3220 638 et
3249 583 3431 638 latina
3452 583 3643 637 versio
3667 581 3872 636 lucem

2218 674 2514 745 adspexit,
2547 678 2818 730 aloanne
2843 675 3000 738 Pico,
3031 673 3140 728 nisi
3168 672 3449 734 fallimur,
3485 671 3870 727 concinnata.

2217 764 2522 818 Successit
2551 764 2938 834 postmodum
2970 761 3288 818 Zachariae
3310 759 3596 816 Palthenii
3615 759 3877 828 diligen-

2221 853 2318 918 tia,
2351 852 2452 923 qui
2485 868 2645 907 anno
2697 854 2848 908 XCIV
2903 851 3171 907 eiusdem
3226 850 3447 904 saeculi
3497 854 3554 904 et
3581 862 3876 919 graecum

2219 955 2577 1006 sermonem,
2598 947 2653 996 et
2680 942 2926 997 latinam
2960 939 3318 1006 versionem,
3342 955 3378 994 a
3407 954 3469 993 se
3491 953 3613 993 non
3634 935 3874 1007 exiguis

2219 1029 2528 1085 laboribus
2541 1030 3285 1098 exornatam,coniunctim
3302 1027 3504 1092 edidit,
3524 1027 3704 1098 typis,
3726 1041 3879 1098 qua-

2219 1117 2302 1173 les
2335 1124 2390 1174 et
2421 1119 2603 1174 nostri
2655 1123 2813 1184 sunt,
2861 1118 3045 1190 paulo
3091 1117 3532 1173 minutioribus.
3566 1114 3876 1186 Opuscula

2217 1223 2360 1263 vero
2382 1208 2608 1280 reliqua
2638 1208 2866 1263 diutius
2887 1207 3235 1262 obscuritati
3264 1221 3406 1261 suae
3425 1205 3709 1260 immersa
3727 1203 3877 1260 deli-

2220 1303 2476 1363 tueruut,
2511 1298 2850 1368 usquedum
2886 1297 3035 1352 felici
3062 1297 3212 1350 Petri
3236 1295 3483 1359 Possini,
3508 1294 3876 1349 etSocietate

2218 1389 2350 1441 Jesu
2392 1387 2518 1450 viri,
2538 1402 2722 1457 opera
2745 1387 2803 1440 in
2844 1387 3156 1450 Thesauro,
3177 1400 3357 1453 quem
3379 1384 3870 1447 vocat,Ascetico,

2221 1476 2390 1530 cuius
2410 1481 2636 1544 partem
2657 1475 2875 1530 faciunt
2891 1474 3254 1544 primariam,
3277 1473 3335 1527 in
3351 1472 3544 1528 lucem
3563 1471 3876 1543 publicam

2221 1569 2360 1618 sunt
2384 1564 2674 1635 exposita.
2702 1565 2865 1619 Unde
2897 1568 3126 1618 tantum
3161 1563 3287 1633 ipse
3334 1561 3610 1616 habuerit
3639 1560 3878 1615 thesau-

2221 1669 2375 1717 rum,
2419 1669 2539 1708 non
2567 1653 2845 1723 equidem
2877 1651 3226 1706 dissimulat.
3274 1649 3657 1706 Franciscum
3708 1647 3877 1704 enim

466 1747 728 1804 alterutri
753 1747 1051 1818 Opuscula
1072 1748 1218 1803 haec
1244 1749 1673 1804 nonimmerito
1700 1765 1828 1805 esse
1850 1751 2107 1817 iudicat;

2226 1742 2596 1808 Turrianum,
2627 1741 2922 1796 notissimi
2945 1741 3204 1796 nominis
3229 1740 3531 1806 lesuitam,
3551 1754 3689 1793 cum
3713 1753 3878 1792 anno

467 1837 572 1891 sed
603 1836 661 1890 in
701 1851 836 1891 eam
870 1840 1070 1892 tamen
1123 1837 1312 1907 magis
1354 1838 1687 1909 propendet
1718 1840 2107 1905 sententiam,

464 1924 630 1996 quod
661 1924 1064 1980 Alexandrino
1097 1925 1176 1980 illi
1199 1927 1312 1981 sint
1342 1925 1746 1996 adsignanda.

532 2022 622 2078 Xl.
655 2021 834 2077 Nobis
857 2027 1057 2078 autem
1091 2022 1148 2076 id
1180 2028 1315 2078 ante
1344 2025 1550 2079 omnia
1582 2024 1814 2080 videtur
1834 2040 1967 2080 esse
1994 2041 2114 2081 cer-

463 2109 782 2176 tissimum,
824 2111 988 2182 quod
1023 2126 1175 2165 unus
1216 2117 1422 2167 auctor
1447 2111 1639 2179 fuerit,
1681 2113 1784 2185 qui
1815 2113 2116 2169 divinissi-

465 2215 598 2254 mas
631 2199 805 2255 nobis
837 2200 1000 2254 dedit
1032 2199 1333 2265 Homilias,
1369 2217 1508 2256 cum
1540 2201 1660 2267 illo,
1694 2203 1786 2256 cui
1819 2202 2114 2258 debemus

464 2287 687 2344 isthaec
727 2288 1047 2358 Opuscula.
1091 2287 1152 2342 ld
1199 2289 1358 2343 enim
1406 2294 1462 2344 et
1511 2305 1603 2345 res
1633 2291 1801 2361 ipsae
1834 2291 2112 2362 probant,

465 2392 623 2450 quae
641 2377 700 2432 in
716 2381 770 2432 et
799 2376 1062 2432 Homiliis
1085 2381 1140 2431 et
1167 2377 1481 2449 Opusculis
1502 2385 1840 2446 occurrunt,
1872 2397 2114 2438 summa

465 2466 603 2522 ﬁdei
644 2470 884 2522 nostrae
925 2465 1229 2536 mysteria,
1279 2471 1333 2522 et
1378 2467 1705 2539 praecipua
1746 2469 2113 2526 Christianae

467 2554 768 2625 religionis
799 2555 1014 2624 capita,
1058 2555 1317 2609 maxime
1357 2571 1513 2626 quae
1544 2557 1620 2612 ad
1658 2574 1832 2612 usum
1871 2559 2116 2616 transfe-

467 2642 653 2697 renda
684 2647 841 2708 sunt,
865 2642 1211 2697 exhibentes
1241 2659 1252 2708 ;
1283 2649 1339 2698 et
1366 2644 1543 2699 verba
1562 2661 1804 2717 quoque
1833 2648 2114 2719 modique

463 2729 935 2802 loquendi,circa
957 2746 1110 2802 quos
1132 2746 1370 2786 summa
1395 2731 1616 2804 ubique
1638 2733 1962 2790 similitudo
1983 2743 2070 2791 est
2099 2757 2111 2804 ;

466 2824 522 2875 et
539 2835 647 2891 par
663 2819 946 2874 orationis
959 2819 1152 2875 forma
1165 2820 1327 2874 elocu
1340 2821 1634 2894 tionisque
1657 2823 1936 2892 dignitas.
1963 2825 2114 2881 Addi

465 2907 644 2962 etiam
669 2912 880 2978 potest,
908 2923 1062 2980 quae
1094 2908 1421 2963 desiderari
1451 2909 1510 2962 in
1561 2909 1815 2966 Macario
1848 2919 2110 2983 possent,

464 3001 519 3052 et
566 2996 670 3068 qui
703 2998 762 3052 in
793 2997 1238 3067 elegantissimo
1269 2998 1382 3053 hoc
1413 3014 1663 3070 corpore
1712 3001 1881 3055 nacvi
1914 3002 2113 3057 obser-

464 3090 699 3151 vantur,
752 3101 852 3141 eos
895 3086 1208 3158 utrobique
1263 3103 1392 3141 sese
1449 3087 1622 3142 nobis
1675 3089 1906 3146 offerre.
1970 3093 2112 3147 Cum
2148 3107 2187 3162 (ς

464 3174 641 3244 igitur
661 3174 841 3246 paulo
864 3181 1000 3232 ante
1018 3176 1272 3231 Macario
1303 3178 1593 3248 Aegyptio
1615 3179 1896 3235 Homilias
1925 3197 2115 3236 asser-

465 3268 590 3319 tum
623 3264 922 3328 iverimus,
956 3270 1112 3335 patet
1142 3265 1313 3329 ratio,
1348 3281 1533 3337 quare
1575 3268 1874 3339 Opuscula
1918 3271 1968 3324 ei
2003 3271 2116 3327 sint

466 3353 1127 3423 quoqueadiudicanda
1154 3369 1166 3422 ;
1197 3356 1547 3424 praesertim
1571 3371 1706 3410 cum
1731 3357 1965 3412 codices
1991 3377 2114 3416 ma-

465 3441 753 3511 nuscripti
777 3441 834 3495 in
866 3442 1222 3496 bibliotheca
1245 3442 1665 3509 Vidobonensi,
1700 3446 1830 3516 ipso
1862 3447 2116 3506 docente

469 3529 668 3594 Cavio,
704 3529 778 3599 (2)
810 3529 1065 3584 Macario
1101 3537 1304 3584 nostro
1333 3531 1478 3585 haec
1510 3533 1800 3589 etsimilia
1828 3538 2116 3605 opuscula

468 3617 819 3673 attribuant.
860 3619 920 3671 In
954 3618 1082 3688 ipso
1122 3619 1326 3682 etiam,
1367 3635 1489 3691 quo
1542 3637 1686 3674 usus
1719 3623 1999 3678 Possinus
2027 3631 2117 3681 est

467 3705 670 3762 codice
688 3711 915 3761 exserte
938 3707 1172 3762 Macarii
1193 3708 1417 3762 nomini
1443 3709 1651 3778 Magni
1671 3712 2012 3782 appellatio,
2038 3713 2117 3770 fa-

466 3799 621 3850 tente
673 3795 918 3862 editore,
975 3801 1064 3851 est
1116 3796 1419 3862 adiuncta,
1471 3813 1654 3868 quam
1696 3815 1815 3854 non
1868 3801 2116 3858 Alexan-

448 3881 660 3950 drino,
714 3883 817 3938 sed
849 3885 1140 3956 Aegyptio
1181 3886 1433 3941 Macario
1463 3886 1603 3941 addi
1632 3887 2114 3960 frequentissime

468 3971 844 4027 notissimum
877 3980 986 4029 est.
1044 3975 1194 4028 Nam
1227 3974 1390 4046 quod
1433 3975 1707 4031 Possinus
1752 3982 2113 4049 persuadere

465 4061 642 4116 nobis
674 4068 945 4127 conatur,
1001 4078 1398 4134 personarum
1445 4063 1542 4119 hic
1574 4065 1884 4138 contigisse
1912 4068 2114 4124 confu-

467 4149 718 4218 sionem,
774 4151 1048 4207 videlicet
1094 4168 1236 4207 suae
1294 4153 1534 4209 inservit
1583 4170 1822 4223 causae,
1871 4162 1932 4211 ut
1988 4159 2113 4214 iure

466 4237 688 4310 aliquo,
716 4254 872 4310 quae
905 4242 1154 4296 Macario
1176 4243 1466 4313 Aegyptio
1489 4242 1802 4307 debentur,
1826 4261 1981 4300 novo
2002 4263 2110 4301 suo

464 4332 520 4381 et
574 4328 832 4399 antiquis
887 4329 1191 4399 incognito
1223 4331 1474 4386 Macario
1506 4331 1846 4387 adscribere
1893 4340 2110 4404 posset.

2223 1832 2313 1886 clo
2336 1831 2391 1886 Io
2418 1831 2574 1887 LXVI
2603 1831 2945 1886 societatem
2987 1829 3149 1885 illam
3192 1832 3414 1884 Romae
3442 1827 3876 1898 ingrederetur,

2225 1921 2375 1975 inter
2405 1919 2710 1974 volumina
2753 1918 2922 1974 refert
2955 1935 3176 1990 graeca
3203 1917 3484 1988 plurima,
3527 1931 3684 1988 quae
3717 1916 3878 1970 anti-

2224 2025 2379 2081 quae
2412 2025 2628 2064 manus
2671 2024 2816 2080 prae
2867 2024 2927 2063 se
2971 2007 3163 2063 ferant
3193 2006 3464 2077 vestigia,
3497 2019 3775 2077 quaeque
3816 2005 3881 2060 in

2225 2099 2408 2155 domo
2440 2100 2686 2171 antiqua
2707 2097 2979 2170 professa
2999 2100 3270 2153 Romana
3298 2094 3663 2168 deposuerit,
3685 2109 3880 2148 unum

2225 2203 2467 2260 quoque
2530 2193 2841 2243 auctorum
2888 2186 3072 2243 ferme
3122 2187 3360 2258 triginta
3405 2185 3479 2240 de
3526 2199 3588 2238 re
3618 2183 3882 2238 ascetica

2226 2277 3020 2341 continenslucubrationes,
3043 2275 3216 2331 annis
3231 2273 3450 2329 abhinc
3475 2272 3610 2344 plus
3633 2271 3809 2342 quin—
3842 2271 3852 2340 |

2227 2366 2416 2436 gentis
2433 2383 2467 2421 a
2489 2382 2669 2422 manu
2695 2365 3096 2421 transmarina
3119 2373 3449 2431 exaratum,
3475 2360 3882 2418 bibliothecae

2228 2456 2462 2510 Patrum
2495 2455 2792 2510 societatis
2811 2453 3082 2509 intulisse
3107 2469 3123 2519 ;
3147 2453 3356 2508 etinde
3374 2451 3710 2515 Possinum,
3737 2465 3883 2504 cum

2226 2547 2448 2599 Romae
2469 2544 2730 2614 degeret,
2751 2547 2985 2614 praeter
3015 2542 3152 2608 alia,
3169 2542 3392 2598 isthaec
3413 2539 3751 2596 Macariana
3775 2537 3886 2593 de-

2226 2633 2559 2704 scripsisse.

2300 2732 2432 2786 Xlll.
2468 2735 2614 2786 Cum
2648 2745 2788 2785 vero
2817 2729 3101 2784 Homiliae
3133 2729 3264 2784 illae
3297 2726 3722 2783 Palthenianae
3773 2741 3885 2780 no-

2228 2821 2361 2876 stris
2379 2820 2434 2874 in
2453 2819 2814 2890 bibliopoliis
2832 2835 2947 2873 non
2966 2817 3227 2888 amplius
3241 2823 3561 2884 exstarent,
3579 2815 3880 2887 Opuscula

2226 2914 2425 2964 autem
2461 2908 2688 2979 reliqua
2719 2924 2754 2962 a
2779 2908 3022 2962 Possino
3044 2908 3200 2962 edita
3231 2906 3529 2961 rarissime
3565 2904 3732 2976 apud
3773 2920 3876 2959 nos

2227 2998 2732 3068 conspicerentur,
2749 2998 2940 3050 visum
2957 3002 3181 3060 est,ere
3211 2995 3332 3050 fore
3364 2993 3729 3065 reipublicae
3758 2992 3880 3048 lite-

2228 3088 2436 3157 rariae,
2474 3085 2895 3157 imprimisque
2934 3084 3253 3139 iuventutis
3286 3084 3610 3150 studiosae,
3645 3086 3881 3153 praeter

2230 3162 2468 3245 linguae
2495 3191 2742 3244 graecae
2773 3174 3015 3228 delicias
3049 3173 3247 3244 pietati
3279 3187 3522 3244 quoque
3552 3171 3875 3243 operantis,

2229 3266 2285 3320 in
2319 3282 2536 3336 corpus
2581 3279 2766 3318 unum
2807 3277 3087 3318 revocare
3127 3262 3332 3317 omnia
3371 3276 3528 3333 quae
3557 3260 3875 3316 Macarium

2229 3359 2566 3423 agnoscunt
2593 3358 2917 3416 auctorem,
2935 3351 3250 3405 Macarium
3275 3351 3542 3420 inquam,
3560 3364 3740 3421 quem
3761 3349 3876 3402 exi-

2229 3446 2545 3498 stimamus
2594 3457 2725 3497 esse
2764 3441 3138 3511 Aegyptium.
3182 3442 3327 3494 Nam
3368 3453 3527 3510 quae
3567 3439 3625 3493 in
3665 3437 3875 3492 biblio-

2228 3531 2400 3586 theca
2435 3530 2676 3584 Paulina
2699 3530 2986 3601 Lipsiensi
3029 3529 3438 3598 mauuscripta
3484 3532 3694 3591 exstat,
3730 3533 3786 3581 et
3843 3541 3874 3580 a

2228 3620 2536 3676 Guilielmo
2566 3620 2738 3674 Cavio
2769 3634 2839 3673 ac
2870 3617 3087 3673 lacobo
3117 3617 3299 3672 Tollio
3322 3618 3379 3671 in
3414 3616 3666 3670 latinum
3699 3614 3873 3670 simul

2230 3725 2517 3763 conversa
2544 3709 2777 3779 prodita
2799 3712 2889 3762 est
2924 3709 3005 3762 De
3035 3706 3271 3762 animae
3290 3707 3581 3761 iustorum
3608 3709 3873 3773 peccato-

2227 3813 2476 3868 rumque
2503 3799 2666 3854 exitu
2682 3797 2878 3853 Oratio
2899 3795 3139 3868 (3),etin
3170 3795 3337 3851 titulo
3350 3794 3750 3850 Alexandrino
3765 3796 3872 3849 Ma-

2227 3887 2385 3942 cario
2415 3886 2794 3949 adscribitur,
2813 3889 2867 3940 ct
2888 3884 3074 3939 aniles
3093 3883 3444 3956 ineptasque
3467 3882 3702 3938 fabulas
3719 3897 3872 3937 com-

2226 3976 2516 4048 plectitur,
2548 3981 2609 4029 ut
2637 3973 2976 4028 recentioris
3001 3972 3315 4027 cuiusdam
3361 3971 3622 4041 graeculi
3682 3971 3872 4026 videa-

2227 4071 2318 4119 tur
2338 4079 2469 4118 esse
2499 4068 2931 4131 commentum,
2959 4077 3068 4116 nec
3099 4061 3348 4132 proinde
3380 4061 3475 4115 hic
3496 4060 3695 4115 locum
3722 4061 3871 4115 inve-

2225 4155 2350 4209 nire
2382 4154 2657 4224 potuerit.

2297 4253 2424 4306 XIV.
2457 4252 2614 4315 Quae
2645 4263 2781 4304 vero
2809 4249 2962 4303 circa
2993 4247 3280 4303 Homilias
3307 4263 3342 4302 a
3368 4247 3541 4302 nobis
3571 4246 3690 4301 sint
3711 4259 3869 4316 prae-

2227 4340 2477 4406 stita,de
2508 4340 2655 4394 iisin
2688 4337 3054 4407 praefatione
3099 4337 3175 4392 ad
3210 4335 3451 4392 easdem
3484 4341 3683 4391 actum
3745 4334 3866 4392 fuit.

466 4416 824 4487 Quanquam
861 4417 1096 4473 interim
1126 4418 1407 4490 refragari
1447 4419 1729 4488 nolimus,
1772 4421 1975 4486 fuisse.
2009 4423 2113 4496 qui
2142 4455 2187 4509 ο
2227 4433 2390 4485 Nunc
2420 4444 2557 4483 vero
2587 4428 2733 4500 quid
2774 4427 2928 4481 circa
2960 4425 3279 4497 Opuscula,
3311 4441 3467 4497 quae
3520 4428 3863 4496 sequuntur,

465 4519 536 4559 ex
567 4520 668 4560 ore
699 4505 758 4560 di
817 4506 827 4578 |
887 4509 1071 4562 centis
1103 4507 1297 4562 saltim
1331 4509 1563 4564 Macarii
1596 4509 1743 4566 haec
1774 4514 2064 4582 exceperit
2096 4532 2108 4569 :

465 4593 625 4649 unde
653 4600 707 4650 et
725 4611 858 4651 esse
873 4602 1180 4666 putamus,
1202 4613 1306 4652 cur
1321 4602 1437 4652 tam
1467 4597 1872 4670 frequenterin
1889 4599 2112 4657 Graeco

467 4698 579 4736 vox
599 4685 689 4754 ἔφη
715 4691 1008 4748 occurrat,
1041 4686 1098 4740 in
1125 4688 1390 4742 versione
1409 4692 1472 4740 ut
1499 4686 1825 4758 plurimum
1839 4690 2066 4744 omissa
2094 4710 2105 4748 :

466 4775 528 4825 ut
553 4770 704 4827 adeo
739 4773 1012 4827 omnium
1043 4774 1312 4845 quidem,
1341 4791 1497 4846 quae
1539 4777 1868 4841 traduntur,
1905 4783 2112 4834 auctor

463 4857 636 4914 fuerit
665 4861 973 4926 Macarius,
998 4877 1352 4935 quanquam
1397 4864 1522 4935 ipse
1573 4864 1671 4920 illa
1703 4881 1820 4921 non
1855 4866 2111 4937 scripse-

466 4947 556 5002 rit.

537 5046 651 5102 ΧΗ.
692 5046 1021 5104 Pcrtineant
1055 5065 1195 5120 ergo
1227 5048 1417 5105 foetus
1442 5051 1535 5105 isti
1564 5066 1668 5123 per
1691 5066 1798 5108 nos
1821 5053 1896 5108 ad
1929 5056 2112 5110 Maca-

462 5135 616 5190 rium
647 5136 1024 5207 Aegyptium.
1077 5140 1239 5193 Nunc
1288 5154 1410 5210 qua
1461 5141 1686 5196 ratione
1717 5156 1789 5196 ex
1833 5143 2110 5209 tenebris,

459 5223 686 5295 quibus
737 5225 1113 5298 circumsepti
1156 5243 1260 5299 per
1312 5228 1539 5299 aliquot
1572 5229 1811 5286 saecula
1857 5230 2109 5298 fuerant,

458 5313 825 5380 emerserint,
859 5315 1120 5384 agedum
1153 5316 1490 5373 videamus.
1529 5319 1813 5375 Homiliae
1845 5321 2106 5391 primum

2226 4518 2489 4590 quidque
2524 4519 2680 4572 circa
2719 4514 3240 4586 ApOphthegmata
3265 4515 3585 4583 egerimus,
3617 4513 3865 4569 breviter

2220 4607 2610 4662 indicandum
2642 4610 2746 4660 est.
2784 4605 2848 4659 In
2883 4603 3195 4675 Opusculis
3223 4609 3422 4658 autem
3457 4603 3571 4657 illis
3604 4603 3693 4656 Vll
3737 4603 3864 4657 Pos-

2222 4696 2332 4750 sini
2374 4696 2714 4760 editionem,
2745 4710 2880 4748 cum
2937 4692 3358 4762 manuscriptis
3389 4691 3860 4755 destitueremur,

2221 4786 2402 4840 secuti
2457 4801 2686 4850 sumus,
2737 4783 2984 4838 sublatis
3029 4789 3246 4845 tamen,
3286 4796 3443 4852 quae
3495 4782 3554 4835 in
3615 4780 3862 4835 editione

2218 4869 3864 4944 Possinianaapparebantfrequentissime,sphalmatibus

2221 4961 2686 5034 typographicis.
2707 4963 2901 5029 Longe
2918 4959 3085 5030 plura
3103 4959 3601 5014 circaversionem
3621 4957 3856 5013 latinam

2222 5053 2457 5121 agenda
2488 5050 2847 5104 invenimus.
2881 5049 3158 5103 Possinus
3185 5050 3342 5102 enim
3369 5063 3560 5118 genus
3591 5047 3863 5119 interpre-

2227 5139 2386 5196 tandi
2417 5139 2658 5194 liberius
2681 5142 2937 5202 secutus,
2958 5137 3200 5192 mirifice
3215 5153 3334 5192 non
3370 5140 3379 5207 |
3413 5153 3546 5192 raro
3562 5143 3858 5206 evagatur,

2227 5235 2285 5285 ut
2315 5227 2804 5284 commentatoris
2837 5227 3055 5296 potius,
3090 5242 3273 5298 quam
3309 5225 3642 5298 interpretis
3676 5232 3861 5296 partes

2226 5317 2563 5389 suscepisse
2595 5316 2779 5371 videri
2820 5316 3043 5388 possit;
3077 5331 3233 5386 quae
3267 5315 3513 5372 instituti
3554 5315 3706 5371 ratio
3740 5315 3863 5370 licet

2021 5471 2270 5526 NOTAE.

531 5592 611 5738 (ιζ
643 5595 791 5647 Cave
823 5592 985 5649 Hist.
1023 5592 1131 5648 Lit.
1171 5593 1235 5648 P.
1267 5591 1331 5648 II
1350 5609 1413 5666 ρ.
1456 5598 1549 5651 76.

536 5666 590 5736 (ε
641 5665 730 5723 ld.
769 5666 923 5723 Hist.
963 5663 1076 5721 Lii.
1115 5664 1182 5721 P.
1214 5663 1278 5722 II
1306 5680 1378 5737 ρ.
1419 5666 1512 5724 75.

536 5663 611 5737 (ε)
641 5665 730 5723 Id.
769 5666 923 5723 Hist.
963 5663 1076 5721 Lii.
1115 5664 1182 5721 P.
1214 5663 1278 5722 II
1306 5663 1378 5737 p‘.
1419 5666 1512 5724 75.

2223 5666 2269 5720 Η
2297 5593 2371 5720 (ῗ)
2400 5593 2672 5720 [digna
2707 5593 2820 5648 Lit.
2842 5595 2908 5648 P.
2939 5593 3061 5660 I.p.
3095 5591 3450 5648 708.1‘ollius
3477 5591 3700 5662 Insign.
3728 5593 3858 5648 Itin.

2275 5679 2308 5722 a
2344 5702 2356 5716 .
2389 5680 2448 5722 υ.
2586 5706 2598 5720 .
3237 5714 3244 5716 .

2344 5702 2356 5716 .
2387 5680 2448 5736 p.
2480 5680 2598 5720 ων.
3237 5714 3244 5716 _
