4084 6256
223 309 323 364 365

1106 308 1201 363 AD
1230 309 1620 368 EDITlONEM
1661 309 1918 366 OPUSC.
1961 308 2023 362 S.
2067 307 2366 364 MACAHII
2404 309 2761 366 AEGYPTII.

3543 301 3648 355 366

221 449 351 490 cum
379 432 588 505 aliqua
618 432 857 489 lectoris
894 433 1139 490 utilitate
1169 435 1489 491 coniuncta
1520 435 1615 501 sit,
1649 436 1774 490 eius
1803 439 1882 492 ta-
1913 435 1959 486 A
1995 433 2082 488 vel
2116 433 2270 488 vitae
2301 434 2541 490 delicias
2573 441 2626 492 et
2657 452 2791 492 com
2821 437 2834 505 l
2869 435 3054 492 moda
3095 432 3309 504 cupide
3339 432 3652 485 consecta-

220 538 370 586 men,
398 522 505 594 qui
540 538 888 579 sermonem
921 523 1173 578 alicuius
1205 525 1263 578 in
1292 524 1454 579 aliud
1487 526 1713 580 idioma
1744 540 1880 580 con-

215 618 429 668 vertere
463 612 746 677 instituit,
779 611 993 668 limites
1020 613 1341 682 egreditur,
1372 630 1511 670 cum
1542 614 1666 668 sine
1691 613 1879 669 dubio

217 702 324 756 hoc
350 700 422 755 sit
447 701 761 772 optimum
784 700 1210 772 interpretandi
1244 717 1451 771 genus,
1486 719 1624 758 cum
1657 703 1881 774 simpli-

216 790 443 845 cissime
473 790 679 844 verbis
707 790 963 845 auctoris
991 790 1350 860 inhaeretur,
1382 797 1578 847 mente
1601 792 1728 846 eius
1752 792 1878 845 sine

215 878 551 933 ambitiosis
583 879 728 933 hinc
761 877 899 934 inde
927 879 1381 935 excursionibus
1414 885 1874 952 repraesentata.

215 966 489 1022 Possinus
518 982 672 1024 vero.
700 973 756 1023 et
781 968 1036 1023 excurrit
1071 969 1451 1033 creberrime,
1484 975 1542 1024 et
1569 975 1878 1040 praeterea

213 1070 389 1125 genus
420 1055 726 1127 loquendi
758 1057 1026 1127 sequitur
1055 1056 1398 1122 fastuosius,
1432 1073 1502 1112 ac
1536 1058 1714 1113 altius
1747 1074 1878 1112 ver-

212 1143 297 1199 bis
321 1144 624 1213 adsurgit,
661 1160 848 1216 quam
881 1145 1264 1216 interpretem
1293 1145 1504 1201 decere
1538 1147 1872 1202 videbatur.

216 1235 323 1288 Nos
347 1234 554 1305 itaque
590 1233 906 1305 superﬂua
932 1235 1320 1297 resecuimus,
1355 1240 1410 1290 et
1437 1251 1594 1306 quae
1627 1250 1876 1306 pompo-

213 1321 327 1375 sius
367 1321 684 1387 dicuntur,
723 1328 1072 1394 tumoreque
1113 1322 1316 1392 aliquo
1357 1323 1562 1378 inﬂata
1601 1330 1756 1388 sunt,
1798 1323 1876 1379 ad

210 1410 572 1466 modestiam
601 1411 966 1481 redegimus,
999 1411 1056 1464 id
1087 1411 1308 1483 ubique
1341 1412 1550 1466 sedulo
1583 1419 1874 1468 navantes

212 1514 451 1570 operam
464 1544 476 1565 ,
499 1500 813 1555 utMacarii
833 1500 1093 1571 cogitata
1110 1500 1302 1554 verbis
1325 1501 1381 1554 in
1398 1501 1582 1556 latino
1599 1517 1875 1555 sermone

212 1588 565 1658 perspicuis,
613 1587 809 1658 planis
841 1593 896 1640 et
935 1594 1146 1658 sponte
1188 1587 1509 1643 ﬂuentibus
1550 1588 1872 1643 lectoribus

205 1675 631 1732 exhibeantur.
657 1677 788 1740 Qua
811 1676 868 1730 in
897 1691 957 1730 re
983 1676 1228 1747 quidem
1259 1676 1421 1731 haud
1453 1677 1704 1746 exiguae
1734 1677 1872 1732 tole-

1993 529 2118 577 tur:
2153 523 2347 578 eidem
2375 541 2492 579 non
2514 530 2773 596 possunt
2796 542 2910 579 non
2937 525 3026 579 vel
3061 525 3292 591 ingrata
3313 534 3444 574 esse
3474 517 3638 588 peni-

1991 615 2084 665 tus
2116 617 2172 666 et.
2204 612 2456 674 fastidio.
2487 615 2573 668 vel
2597 614 2772 684 plane
2803 631 2921 670 non
2947 609 3356 678 intelligibilia,
3380 621 3537 678 quae
3565 605 3644 660 ab

1992 701 2327 768 animabus,
2347 709 2498 758 totas
2513 720 2573 758 se
2590 703 3042 758 sublimioribus
3056 696 3519 770 cogitationibus
3535 693 3634 749 de—

1988 789 2285 853 dentibus,
2302 792 2619 847 etadivino
2646 793 2866 863 Spiritu
2890 791 3190 862 copiosius
3210 785 3540 847 illustratis,
3560 782 3635 836 de

1989 878 2195 934 salutis
2214 879 2516 936 humanae
2539 881 2777 950 negotio
2799 881 3060 951 Denique
3086 880 3143 934 in
3169 878 3404 932 animas
3431 886 3640 943 opera—

1989 967 2147 1022 tione
2179 969 2481 1039 praeclare
2509 970 2900 1024 disseruntur.
2928 969 3038 1024 Sed
3064 967 3165 1039 qui
3197 963 3462 1034 impulsu
3494 958 3644 1014 divi-

1987 1057 2135 1110 niori
2167 1058 2454 1112 excitatus
2486 1058 2596 1113 sibi
2629 1060 2751 1114 iam
2783 1059 3085 1114 attendere
3119 1054 3342 1123 incipit,
3383 1057 3438 1106 et
3476 1049 3537 1104 id
3567 1063 3642 1105 ea

1985 1161 2123 1200 cum
2154 1162 2318 1213 cura,
2351 1163 2534 1218 quam
2567 1148 2787 1218 negotii
2818 1148 3081 1217 exposcit
3115 1141 3452 1198 sublimitas
3487 1157 3500 1205 ;
3533 1136 3640 1208 qui

1984 1249 2171 1304 quam
2212 1234 2355 1290 nihil
2399 1235 2474 1289 ad
2518 1251 2718 1290 veram
2761 1235 3022 1291 hominis
3054 1236 3548 1298 constantemque
3581 1229 3636 1280 et

1985 1329 2290 1378 aeternam
2314 1324 2622 1379 conferant
2651 1323 2991 1379 felicitatem
3022 1320 3252 1386 omnia,
3283 1332 3440 1388 quae
3473 1315 3639 1383 lapsa

1983 1413 2042 1466 in
2059 1419 2366 1483 peccatum
2385 1414 2731 1484 perditaque
2755 1418 2874 1468 tam
2899 1411 3101 1481 magni
3117 1408 3393 1463 aestimat
3425 1409 3651 1458 natura-

1983 1501 2255 1557 humana
2275 1503 2541 1564 edoctus,
2563 1503 2683 1556 iam
2705 1501 2780 1556 ad
2803 1502 3010 1564 Deum,
3035 1494 3417 1553 beatitudinis
3439 1490 3636 1546 omnis

1986 1590 2385 1657 fontem,etad
2414 1591 2509 1645 Dei
2527 1591 2866 1662 propiorem
2889 1588 3371 1644 coniunctionem
3395 1580 3636 1636 sollicite

1984 1679 2270 1746 adspirat,
2311 1685 2367 1733 et
2397 1680 2470 1733 de
2501 1678 2826 1734 obtinenda
2857 1678 3096 1732 animae
3128 1689 3270 1728 suae
3313 1671 3501 1726 salute
3533 1667 3636 1722 de-

203 1764 424 1819 randae
456 1764 649 1818 nobis
671 1764 908 1819 fuerunt
941 1764 1268 1828 molestiae,
1302 1781 1439 1820 cum
1467 1765 1642 1834 longe
1676 1767 1872 1819 minus
1908 1782 1948 1834 B
1983 1773 2180 1822 center
2219 1770 2434 1836 satagit
2474 1785 2484 1821 :
2531 1768 2621 1822 ille
2662 1768 2907 1822 demum
2949 1767 3009 1820 in
3052 1764 3300 1820 Macario
3351 1758 3634 1820 offendet,

206 1853 275 1908 sit
313 1852 587 1919 difﬁcile,
647 1868 760 1908 sua
809 1853 1006 1923 potius
1058 1854 1340 1924 proferre,
1385 1853 1689 1925 indolique
1731 1870 1872 1908 suae

202 1941 690 2005 accommodata.
727 1958 913 2013 quam
941 1943 1002 1996 in
1050 1941 1304 1998 aliorum
1339 1942 1647 1997 laboribus
1676 1959 1874 1998 emen-

203 2031 418 2086 dandis
452 2035 831 2102 occupatnm
861 2046 1016 2087 esse.
1050 2035 1248 2103 Neque
1284 2039 1482 2087 tamen
1514 2037 1756 2087 censeat
1799 2032 1871 2087 le-

204 2125 325 2174 ctor
355 2120 566 2185 velim,
593 2119 740 2174 nihil
768 2120 826 2174 in
860 2120 1128 2175 versione
1153 2125 1375 2176 restare
1402 2122 1685 2192 amplius,
1707 2121 1872 2193 quod

200 2207 501 2266 luxuriem
523 2209 754 2264 Possini
781 2211 996 2278 sapiat,
1024 2216 1128 2264 aut
1152 2209 1300 2265 alias
1323 2211 1380 2264 in
1409 2210 1620 2264 melius
1648 2210 1874 2266 restitui

203 2311 321 2352 non
355 2298 704 2370 potuisset;
747 2298 890 2352 satis
929 2297 1104 2352 nobis
1147 2298 1269 2363 fuit,
1317 2304 1548 2354 tantum
1601 2299 1712 2354 hac
1749 2300 1874 2354 vice

205 2393 534 2458 praestare,
559 2393 856 2458 quantum
883 2387 1313 2458 praestitimus,
1336 2387 1568 2459 reliqua
1585 2389 1873 2444 lectorum

205 2474 426 2532 iudicio
451 2475 886 2547 permittentes.
903 2476 1433 2547 Apophthegmata
1458 2493 1594 2532 vero
1611 2477 1734 2531 viro
1747 2493 1874 2532 eru-

207 2565 510 2620 ditissimo
535 2567 615 2620 lo.
642 2566 938 2635 Baptistae
961 2566 1266 2632 Cotelerio,
1296 2565 1873 2636 linguaegraecaein

209 2653 527 2710 academia
556 2653 818 2709 Parisina
846 2652 1166 2708 Professori
1192 2655 1352 2723 regio
1374 2654 1686 2721 debemus,
1719 2670 1874 2726 quae

212 2740 361 2810 ipse,
385 2757 526 2797 cum
545 2743 605 2798 in
629 2743 989 2798 bibliotheca
1012 2743 1184 2812 Regia
1217 2745 1624 2814 manuscripta
1649 2743 1875 2799 inveni-

216 2836 324 2897 ret,
346 2830 535 2886 Tomo
559 2832 577 2886 Ι
611 2833 1126 2886 Monumentorum
1155 2831 1442 2887 Ecclesiae
1460 2834 1734 2901 Graecae,
1763 2835 1874 2888 Lu-

220 2920 393 2974 tetiae
414 2920 777 2976 Parisiorum
794 2936 956 2976 anno
989 2926 1000 2990 |
1035 2921 1404 2976 MDCLXXVII
1427 2923 1871 2993 prodeuntium,

229 3006 446 3062 inserta
472 3009 665 3064 edidit.
693 3009 969 3065 Eiusdem
1001 3025 1243 3081 quoque
1273 3012 1606 3066 versionem
1632 3013 1874 3066 retinui-

233 3109 382 3164 mus,
418 3112 552 3153 cum
580 3099 704 3170 ipse
735 3105 1052 3154 auctorum
1082 3099 1278 3154 verbis
1324 3100 1555 3155 insistat
1585 3102 1870 3171 pressius,

225 3187 282 3237 et
310 3198 499 3252 genus
526 3187 822 3243 scribendi
853 3193 1141 3259 sequatur
1172 3188 1444 3260 simplex,
1480 3188 1797 3260 liquidum,
1821 3195 1876 3244 et

218 3271 298 3326 ab
329 3275 745 3332 omnitumore
775 3281 1109 3348 ornatuque
1150 3279 1324 3332 anxie
1356 3280 1696 3350 conquisito
1736 3279 1874 3334 alie-

218 3375 390 3417 num.
419 3363 664 3418 Adiecta
697 3364 952 3435 denique
980 3382 1016 3420 a
1038 3367 1210 3421 nobis
1245 3373 1383 3421 sunt
1407 3367 1738 3437 fragmenta
1764 3371 1876 3424 Ma-

219 3449 472 3504 cariana
499 3452 699 3506 adhuc
729 3452 861 3516 alia,
889 3469 1040 3525 quae
1070 3461 1346 3511 auctores
1376 3456 1510 3510 hinc
1543 3456 1680 3510 inde
1709 3458 1874 3515 evol-

221 3537 504 3595 ventibus
533 3556 596 3596 se
627 3539 801 3595 nobis
830 3541 1188 3598 obtulerunt.

291 3715 405 3772 XV.
420 3721 586 3774 Nunc
601 3719 678 3774 ad
692 3722 890 3790 ipsum
905 3721 1155 3792 propius
1170 3721 1522 3779 intuendum
1552 3725 1871 3779 Macarium

221 3807 602 3863 accedamus.
632 3807 915 3864 Constare
947 3816 1146 3865 autem
1171 3811 1258 3865 vel
1287 3827 1360 3866 ex
1391 3813 1588 3882 prima
1611 3815 1868 3883 Operum

220 3895 343 3950 eius
369 3897 744 3968 inspectione
769 3900 982 3969 poterit
1004 3901 1306 3963 omnibus,
1337 3902 1529 3955 virum
1553 3900 1733 3956 fuisse
1761 3905 1872 3956 Ma-

219 3986 444 4042 carium
479 3993 540 4040 ut
565 3986 895 4041 sanctitatis
925 3988 1456 4051 studiosissimum,
1488 3991 1566 4044 ita
1608 3991 1664 4044 in
1692 3991 1873 4046 rebus

223 4071 438 4128 divinis
469 4082 525 4129 et
555 4074 981 4144 spiritualibus,
1016 4077 1063 4130 si
1099 4077 1284 4132 ullum
1316 4078 1522 4141 alium,
1568 4078 1742 4147 longe
1773 4095 1872 4133 ex-

225 4162 648 4230 pertissimum,
665 4163 1104 4219 etadmirandis
1119 4167 1345 4235 gratiae
1370 4167 1609 4221 divinae
1633 4167 1874 4221 dotibus

225 4252 523 4308 cumulate
563 4258 920 4308 exornatum
963 4270 977 4319 ;
1020 4254 1230 4324 quales
1269 4257 1368 4326 qui
1413 4262 1573 4321 sunt,
1615 4256 1693 4309 illi
1739 4273 1875 4312 vero

229 4341 485 4397 maxime
507 4343 780 4397 omnium
802 4344 1058 4398 existunt
1080 4344 1298 4408 idonei,
1326 4345 1450 4416 qui,
1477 4361 1600 4416 qua
1630 4346 1759 4400 luce
1784 4347 1876 4399 di-

1983 1857 2143 1912 unde
2173 1856 2690 1913 abundantissime
2732 1857 2856 1927 ipse
2887 1855 3042 1910 sitim
3078 1867 3251 1907 suam
3285 1849 3632 1916 restinguat.

2061 2037 2190 2092 XVI.
2232 2037 2384 2101 Quid
2413 2035 2570 2090 enim
2613 2036 2669 2089 in
2702 2033 2916 2089 iisdem
2956 2029 3216 2086 occurrit
3245 2026 3410 2083 aliud
3451 2039 3638 2096 quam

1984 2126 2306 2182 sanissima
2326 2125 2427 2180 illa
2459 2123 2972 2193 saluberrimaque
3000 2122 3058 2175 in
3085 2133 3330 2174 omnem
3363 2113 3637 2170 Christia-

1983 2215 2163 2271 nismi
2185 2222 2412 2286 partem
2435 2214 2719 2282 dogmata
2740 2213 2768 2268 ’ἲ
2795 2212 2991 2278 Lapsu
3013 2209 3350 2263 humanum
3371 2219 3557 2273 genus
3581 2203 3640 2256 in

1984 2311 2298 2376 peccatum
2333 2303 2663 2357 miserrime
2701 2316 2826 2356 esse
2867 2303 3213 2368 corruptum
3245 2299 3302 2349 et
3337 2292 3640 2348 deforma-

1985 2399 2134 2457 tum,
2169 2399 2228 2446 ut
2245 2407 2489 2448 aversae
2511 2392 2628 2444 iam
2653 2405 2687 2444 a
2712 2390 2825 2443 Deo
2850 2393 3073 2442 mentes
3097 2384 3413 2440 hominum
3438 2381 3515 2436 ab
3538 2380 3643 2434 ad-

1983 2481 2250 2538 versaria
2274 2480 2515 2548 maligni
2540 2478 2778 2550 spiritus
2799 2474 3164 2547 potestatein
3187 2470 3385 2525 omnis
3403 2467 3641 2540 generis

1986 2571 2238 2640 grandia
2279 2575 2524 2640 peccata
2571 2567 2966 2637 abripiantnr.
3020 2562 3163 2616 Inde
3202 2560 3412 2615 divina
3451 2558 3644 2626 gratia

1985 2676 2116 2716 esse
2143 2677 2316 2730 opus,
2347 2664 2406 2712 ut
2430 2665 2550 2712 tam
2580 2655 2731 2710 male
2759 2671 2822 2709 se
2851 2653 3080 2708 habens
3113 2666 3181 2705 ex
3210 2654 3455 2720 peccato
3489 2659 3644 2699 mor-

1986 2751 2194 2805 talium
2219 2764 2406 2817 genus
2419 2745 2817 2801 convalescat.
2846 2745 3003 2796 Hanc
3027 2755 3166 2794 vero
3193 2751 3505 2808 nunquam
3524 2747 3645 2788 non

1985 2839 2044 2894 in
2077 2840 2341 2893 animam
2376 2835 2634 2890 hominis
2667 2837 2936 2903 potenter
2967 2828 3220 2900 operari,
3267 2832 3328 2880 ut
3361 2827 3490 2895 ipsa
3523 2837 3646 2876 ere-

1986 2934 2087 2999 pta
2113 2925 2457 2982 adversario
2481 2939 2591 2976 suo
2623 2923 2680 2975 in
2705 2921 3032 2975 libertatem
3052 2918 3365 2971 adseratur
3394 2930 3406 2978 ;
3436 2912 3645 2999 despe-

1985 2997 2244 3071 randum
2267 3031 2394 3069 esse
2420 3011 2644 3067 homini
2666 3011 2738 3064 de
2763 3009 2884 3062 suis
2914 3006 3154 3068 viribus,
3184 3003 3291 3057 nisi
3321 3001 3434 3071 ipsi
3462 3017 3495 3055 a
3520 2997 3646 3069 Spi-

1917 3124 1955 3177 C
1985 3107 2098 3160 ritu
2128 3103 2366 3158 coelesti
2394 3102 2646 3170 gratiose
2677 3091 3093 3152 subveniatur.
3139 3092 3437 3147 Christum
3467 3104 3500 3143 a
3527 3090 3646 3142 Deo

1987 3193 2332 3248 hominibus
2371 3190 2734 3244 destinatum
2777 3201 2838 3240 re
2871 3187 2880 3252 Ι
2914 3184 3291 3253 demptorem
3332 3182 3386 3233 et
3426 3192 3641 3231 omnes

1984 3283 2261 3338 homines
2286 3279 2534 3351 profuso
2563 3276 2854 3345 sanguine
2879 3273 3172 3342 expiasse,
3199 3274 3254 3323 et
3278 3269 3334 3322 in
3367 3266 3642 3322 omnium

1987 3372 2239 3426 salutem
2285 3368 2597 3423 hominum
2629 3365 2872 3419 solerter
2915 3360 3279 3415 incumbere.
3314 3355 3484 3423 Quod
3519 3359 3642 3407 tam

1984 3460 2342 3531 frequenter,
2375 3464 2616 3526 tamque
2648 3451 2908 3507 dilucide
2945 3448 3203 3503 inculcat
3236 3445 3552 3506 Macarius,
3587 3447 3646 3494 ut

1986 3552 2063 3604 lo.
2093 3548 2435 3602 Gerhardus
2452 3543 2715 3607 Vossius,
2739 3542 2827 3595 vir
2845 3542 2900 3594 in
2925 3536 3256 3592 evolvenda
3284 3532 3641 3604 antiquitate

1983 3636 2495 3706 diligentissimus,
2521 3633 2578 3686 in
2605 3629 2950 3685 doctissimo
2973 3625 3258 3679 Historiae
3295 3621 3645 3689 Pelagianae

1981 3722 2409 3798 opere,cumid
2435 3722 2685 3791 probare
2700 3718 2892 3780 debet,
2915 3713 3234 3769 Macarium
3256 3711 3314 3764 in
3341 3707 3648 3764 doctrinae

1983 3819 2105 3871 tam
2129 3814 2404 3868 salutaris
2431 3816 2640 3866 testem
2662 3808 3016 3863 creberrime
3041 3802 3270 3857 excitet.
3297 3800 3490 3864 Quam
3514 3811 3648 3867 por-

1983 3921 2049 3959 ro
2089 3905 2257 3956 docet
2295 3901 2550 3968 egregie,
2584 3896 2828 3969 quantis
2861 3893 3088 3949 insidiis
3129 3897 3374 3944 satanas
3411 3886 3647 3940 animas

1984 3992 2298 4047 hominum
2317 3987 2764 4045 circumveniat,
2782 3996 3088 4052 quamque
3103 3980 3443 4032 constanter
3461 3973 3648 4027 homi-

1985 4096 2131 4134 num
2164 4077 2418 4132 salutem
2451 4081 2707 4129 evertere
2747 4071 3004 4126 studeat.
3049 4069 3282 4131 Quanta
3314 4059 3647 4116 certamina

1986 4166 2211 4224 homini
2267 4166 2518 4219 salutem
2574 4161 2960 4232 acquisituro,
3013 4171 3199 4227 quam
3247 4149 3643 4210 vehementia,

1985 4272 2293 4330 quamque
2318 4252 2584 4307 difﬁcilia
2608 4267 2709 4320 per
2731 4263 2910 4304 omne
2943 4248 3098 4299 vitae
3123 4247 3359 4312 tempus
3378 4239 3493 4330 sint
3521 4251 3648 4289 sus-

1987 4327 2281 4400 s—tinenda.
2312 4344 2545 4407 Quanta
2571 4355 2709 4394 cum
2735 4335 3050 4391 devotione
3078 4339 3133 4386 et
3168 4345 3351 4402 quam
3373 4327 3648 4383 ardenter

227 4427 357 4485 vina
402 4430 800 4496 illustrantur,
844 4431 992 4486 alios
1032 4413 1417 4503 perfundant.
1461 4413 1514 4490 Si
1555 4435 1692 4504 quis
1733 4450 1875 4503 ergo
1913 4471 1958 4524 Β
1987 4450 2220 4505 semper
2239 4431 2534 4504 precesad
2560 4431 2744 4483 Deum
2766 4426 2879 4480 sint
2903 4419 3486 4524 fundentlae..(j)'ua‘m
3514 4413 3648 4524 diu:

229 4524 332 4583 est,
360 4520 489 4591 qui,
514 4519 724 4576 nucleo
741 4520 989 4592 insuper
1009 4521 1235 4585 habito,
1268 4527 1514 4578 externo
1534 4524 1748 4578 cortice
1778 4523 1877 4578 de-

230 4603 492 4676 lectatur,
545 4609 648 4680 qui
704 4610 1025 4665 verborum
1078 4611 1337 4665 ﬂosculis
1387 4611 1644 4677 ducitur,
1696 4613 1876 4668 rebus

234 4697 604 4767 contemptis,
635 4698 739 4770 qui
762 4706 955 4754 mente
986 4706 1174 4754 terrae
1199 4699 1380 4755 afﬁxa
1406 4700 1680 4756 coelestia
1697 4703 1754 4756 in
1779 4702 1881 4757 mi-

237 4783 406 4839 nimis
430 4785 625 4852 habet,
658 4787 752 4841 cui
778 4803 1070 4844 nauseam
1088 4796 1264 4851 creat,
1290 4789 1584 4861 quidquid
1607 4789 1680 4843 de
1703 4806 1882 4844 carne

231 4875 382 4929 cruci
423 4875 761 4944 deligenda,
803 4882 860 4931 et
897 4877 973 4932 de
1006 4886 1294 4948 perpetua
1337 4879 1550 4933 mentis
1590 4879 1666 4933 ad
1697 4881 1878 4934 Deum

231 4962 557 5020 elevatione
605 4964 841 5030 dicitur,
892 4970 951 5020 et
987 4967 1092 5037 qui
1143 4967 1422 5039 denique,
1474 4969 1767 5039 quidquid
1806 4969 1883 5022 ad

229 5063 430 5108 veram
454 5052 832 5126 solidamque
855 5070 993 5109 cum
1019 5055 1334 5111 devotione
1358 5057 1636 5127 pietatem
1659 5058 1882 5120 attinet,

232 5139 284 5196 in
313 5141 599 5198 extremis
629 5149 832 5201 curat:
859 5159 995 5198 eum
1029 5153 1256 5200 certum
1278 5161 1406 5200 esse
1438 5145 1634 5215 iubeo,
1664 5162 1884 5217 nequa-

233 5244 412 5300 quam
447 5247 534 5295 se,
558 5231 724 5301 quod
755 5231 957 5286 iuvare
989 5233 1116 5286 eius
1146 5235 1333 5303 possit
1363 5235 1656 5299 animum,
1685 5234 1779 5289 hic
1806 5251 1889 5288 re-

236 5332 543 5388 perturum
575 5335 727 5373 esse.
762 5319 910 5375 Nam
943 5320 1041 5391 qui
1073 5321 1185 5375 hac
1219 5328 1412 5376 mente
1445 5339 1562 5376 non
1595 5329 1682 5377 est
1714 5338 1889 5393 prae-

236 5408 411 5476 ditus,
449 5414 514 5463 ut
545 5408 900 5479 posthabitis
933 5408 1112 5464 rebus
1145 5410 1257 5464 sub
1288 5411 1640 5480 adspeetum
1673 5412 1890 5466 caden-

239 5496 412 5563 tibus,
450 5498 704 5552 immoto
745 5497 928 5552 animi
971 5499 1279 5569 proposito
1309 5500 1616 5554 desideriis
1658 5503 1801 5565 suis,
1837 5505 1891 5554 et

239 5588 519 5644 omnibus
559 5586 801 5642 animae
829 5587 1057 5642 viribus
1096 5587 1156 5642 in
1198 5588 1535 5658 spiritualia
1564 5589 1889 5660 divinaque

242 5675 460 5734 feratur
494 5691 508 5741 ;
541 5680 600 5731 et
626 5679 835 5731 contra
866 5675 952 5730 vel
975 5675 1198 5745 gloriae
1221 5677 1429 5732 saltem
1458 5693 1604 5732 suae
1626 5677 1888 5745 inservit,

1988 4503 2194 4594 genter
2215 4503 2292 4576 ad
2319 4536 2412 4574 res
2435 4519 2671 4573 divinas
2693 4530 2905 4570 omnes
2934 4511 3119 4568 animi
3148 4507 3502 4578 cupiditates
3529 4503 3650 4555 sint

1988 4610 2346 4680 alligandae.
2368 4608 2433 4662 Et
2457 4607 2734 4676 denique,
2765 4609 2826 4658 ut
2853 4600 3104 4657 breviter
3136 4595 3498 4666 complectar
3518 4605 3651 4644 om-

1991 4702 2110 4765 nia,
2139 4698 2284 4771 quid
2308 4703 2522 4752 natura
2537 4696 2610 4750 sit
2637 4699 2692 4749 et
2718 4692 2928 4762 gratia,
2950 4688 3170 4761 quibus
3188 4683 3375 4752 signis
3400 4685 3648 4778 utraque

1993 4789 2413 4857 dignoscatur:
2449 4801 2570 4855 quo
2596 4787 2750 4838 certe
2773 4782 2830 4834 in
2860 4780 3049 4850 capite
3082 4788 3383 4829 summam
3417 4783 3652 4840 sapien-

1993 4878 2110 4933 tiae
2140 4877 2465 4932 consistere
2499 4873 2662 4943 apud
2693 4870 3057 4925 Christianos
3100 4863 3373 4919 omnium
3406 4865 3491 4912 est
3522 4872 3651 4912 cer-

1997 4967 2312 5021 tissimum.
2351 4965 2414 5017 Et
2446 4961 2706 5032 profecto
2738 4959 2832 5013 vix
2865 4956 3059 5011 videre
3087 4969 3150 5008 ex
3187 4950 3481 5006 veteribus
3514 4961 3652 5001 con-

1999 5055 2122 5122 tigit
2165 5053 2374 5111 ullum.
2419 5051 2573 5104 unde
2615 5055 2734 5104 tam
2776 5046 3104 5102 luculenter
3149 5043 3388 5095 divinae
3428 5037 3651 5107 gratiae

1998 5145 2374 5213 Operationes
2400 5146 2452 5194 et
2485 5139 2746 5193 indolem
2771 5136 2932 5190 licuit
2964 5132 3297 5188 addiscere.

2071 5321 2228 5376 XVII.
2260 5320 2323 5373 ln
2341 5315 2737 5389 pulcherrimo
2766 5328 2906 5368 vero
2927 5311 3041 5366 hoc
3058 5323 3301 5378 corpore
3325 5305 3372 5359 si
3401 5301 3652 5374 quidam

2001 5408 2527 5478 deprehendantur
2555 5405 2727 5458 naevi
2761 5419 2773 5456 :
2808 5399 2955 5472 quid
2986 5400 3205 5454 mirum
3235 5400 3340 5458 est,
3375 5393 3422 5447 si
3453 5397 3505 5444 et
3537 5392 3652 5478 Ma:

2003 5475 2198 5553 carius
2239 5497 2412 5550 fuerit
2463 5496 2646 5549 homo
2695 5491 2933 5546 errandi
2985 5484 3244 5543 facilitati
3287 5478 3590 5551 expositus
3629 5475 3656 5528 ?

2003 5590 2115 5642 Nec
2136 5601 2207 5640 ex
2229 5585 2393 5639 omni
2414 5582 2764 5652 antiquitate
2796 5579 2917 5634 sisti
2950 5577 3133 5646 possit
3164 5573 3341 5636 ullus,
3367 5567 3468 5640 qui
3501 5565 3652 5621 labis

2000 5674 2198 5731 omnis
2221 5685 2276 5729 et
2306 5674 2520 5729 erroris
2546 5670 2945 5740 fueritexpers
2972 5665 2983 5718 !
3012 5663 3284 5720 Statuerit
3305 5671 3447 5725 ergo
3472 5657 3654 5710 Maca-
