4084 6256
421 307 521 363 347
1588 287 1797 347 PETRI
1840 288 2077 346 POSSIIV

2193 288 2688 347 ’BOLEGOMENA
3726 285 3836 341 348

419 434 691 491 clausum
724 441 959 486 carcere
989 422 1194 486 teneri,
1228 419 1484 493 primum
1523 418 1869 485 corrogatos
1903 413 2069 469 cibos
2099 416 2147 469 A
2174 412 2276 467 XV
2297 413 2558 468 conﬁcit.
2585 412 2755 478 Quod
2786 428 2905 469 non
2934 426 3222 485 ponerem
3252 412 3369 469 hoc
3397 412 3530 468 loco
3562 415 3701 467 ante
3721 408 3839 465 tria

423 524 500 581 ad
524 538 659 577 eum
679 519 739 576 in
776 513 1113 573 custodiam
1143 508 1372 573 detulit,
1403 506 1618 563 deinde
1640 521 1675 561 a
1704 504 1897 559 iudice
1926 502 2069 558 libe-

421 613 712 668 rationem
747 608 871 662 eius
899 600 1254 673 impetravit.
1290 598 1355 652 Id
1385 596 1578 651 solum
1610 593 1929 648 discrimen
1960 596 2064 655 est,

420 699 603 772 quod,
623 713 759 752 cum
787 694 1047 750 Zosimas
1064 690 1241 751 dicat,
1263 700 1467 741 senem
1494 697 1848 751 corrogasse
1871 696 1983 772 ova
2015 684 2069 734 et

422 769 687 852 cathara,
712 799 867 857 quae
894 781 970 837 ad
991 779 1182 835 furem
1214 777 1474 830 vinctum
1501 772 1775 836 deterret,
1798 769 2070 827 Moschus

424 893 532 948 pro
563 876 632 930 iis
660 873 845 945 ponit,
873 870 1079 940 aliqua
1110 865 1431 928 esculenta,
1470 863 1666 917 vitans
1697 860 1843 915 forte
1873 873 2072 913 neces-

426 967 659 1022 sitatem
691 959 1027 1033 exponendi
1059 954 1201 1025 quid
1236 961 1432 1008 essent
1455 950 1720 1006 cathara.
1749 948 1942 1015 Quam
1977 961 2071 1001 vo.

423 1070 552 1110 cem
577 1065 769 1123 neque
794 1050 854 1104 in
884 1045 1019 1102 ullis
1047 1042 1355 1114 glossariis
1387 1039 1757 1095 declaratam
1787 1036 1998 1107 reperi,
2019 1040 2075 1089 et

424 1159 558 1199 cum
575 1141 650 1197 de
664 1156 735 1195 ea
749 1138 1009 1192 Graecos
1028 1134 1085 1188 in
1100 1131 1263 1187 Italia
1278 1128 1609 1185 monachos
1625 1128 2046 1193 interrogarem
2058 1164 2072 1188 ,

427 1231 681 1287 fatentes
713 1223 1159 1282 audivinescire
1180 1236 1240 1273 se
1254 1233 1500 1290 prorsus
1528 1215 1673 1287 quid
1693 1230 1766 1269 ea
1792 1213 2072 1282 signaret,

429 1318 586 1375 unde
613 1319 810 1388 ipsum
841 1310 1200 1367 vocabulum
1227 1306 1423 1362 latinis
1444 1318 1793 1376 expressum
1815 1301 1993 1356 literis
2016 1302 2075 1354 in

426 1423 563 1464 mea
604 1401 1086 1474 interpretatione
1119 1414 1250 1451 sum
1285 1401 1528 1450 coactus
1570 1392 1922 1463 relinquere.
1956 1392 2075 1446 Mo-

428 1497 607 1551 schus
653 1494 809 1548 idem
850 1506 982 1560 cap.
1018 1486 1197 1542 CCXII
1230 1483 1501 1539 exscribit
1547 1498 1618 1537 ex
1658 1480 1929 1552 Alloquio
1961 1478 2076 1533 XIII

426 1586 550 1641 duo
590 1580 867 1651 exempla
897 1593 1109 1633 senum
1149 1579 1494 1630 sanctorum
1542 1570 1692 1626 ultro
1740 1568 2075 1625 latronibus

427 1672 803 1730 oﬂerentium
835 1683 944 1723 sua
982 1664 1204 1728 omnia,
1252 1679 1322 1718 ea
1366 1661 1490 1717 sola
1518 1659 1870 1727 differentia,
1912 1656 2075 1729 quod

2182 503 2516 573 sequentia,
2540 502 2591 557 si
2616 502 2947 569 crederem,
2970 502 3099 558 eius
3116 508 3444 566 auctorem,
3464 500 3627 573 quod
3650 498 3841 570 aliqui

2180 596 2518 659 autumant,
2568 607 2696 647 esse
2728 591 2919 656 illum,
2969 593 3144 647 cuius
3179 591 3449 647 meminit
3476 588 3846 660 Spondanus

2179 682 2344 735 Tom.
2376 681 2397 734 Ι
2429 679 2661 736 Contin.
2695 680 2771 737 ad
2813 696 3006 738 annos
3037 682 3197 747 1350,
3234 681 3392 746 1354,
3423 679 3563 734 1355
3593 684 3649 734 et
3677 678 3837 732 1362.

2183 768 2279 822 His
2306 785 2377 824 ne
2400 770 2714 836 assentiar,
2736 770 2852 827 tria
2876 770 3218 826 retrahunt:
3248 772 3289 825 Ι.
3319 769 3483 841 quod
3515 768 3684 823 titulo
3707 781 3843 822 san-

2183 857 2398 913 ctitatis
2436 858 2573 914 huic
2613 861 2673 914 in
2706 866 2912 915 nostro
2944 860 3148 916 codice
3180 858 3400 914 tributo
3439 873 3655 929 parum
3696 870 3840 911 con-

2184 952 2399 1017 gruant
2434 947 2695 1004 hominis
2733 964 2947 1014 mores,
2979 949 3082 1020 qui
3114 963 3177 1004 se
3215 948 3658 1003 schismaticum
3694 945 3841 1000 actis

2186 1036 2482 1108 etscriptis
2502 1052 2700 1092 acrem
2720 1038 3078 1109 praebuerit,
3098 1037 3320 1109 quique
3342 1034 3841 1105 Constantinopo-

2183 1123 2438 1180 litanum
2462 1125 2958 1197 patriarchatum,
2975 1127 3194 1182 scelere
3210 1127 3843 1197 partumjustapoena

2185 1214 2530 1284 perdiderit;
2549 1216 2762 1287 II.quia
2776 1216 2916 1272 nihil
2935 1216 3169 1271 videtur
3184 1229 3533 1283 causae,cur
3545 1227 3666 1268 non
3681 1227 3838 1267 com-

2186 1308 2421 1371 pareret
2445 1304 2501 1358 in
2527 1304 2691 1359 titulo
2709 1306 3092 1377 episcopatus
3114 1302 3513 1360 Heracleensis
3527 1308 3581 1356 et
3594 1301 3843 1373 patriar-

2189 1390 2396 1445 chatus
2431 1394 3141 1465 Constantinopolitanus,
3176 1395 3396 1465 quibus
3434 1391 3674 1447 duabus
3704 1404 3839 1444 suc-

2188 1480 2415 1535 cessive
2448 1481 2763 1552 insignitus
2787 1483 2983 1537 infulis
3002 1483 3095 1537 ille
3118 1482 3453 1538 Philotheus
3470 1479 3687 1536 dicitur
3709 1496 3722 1547 ;
3743 1478 3835 1532 Ill.

2186 1569 2476 1639 quoniam
2508 1571 2761 1643 scriptor
2782 1571 3003 1627 saeculi
3035 1572 3149 1627 XIV
3174 1587 3297 1628 non
3324 1575 3520 1643 potest
3548 1567 3708 1624 credi
3736 1582 3838 1623 au-

2188 1662 2313 1711 ctor
2364 1659 2563 1730 operis
2603 1661 2662 1715 in
2712 1661 2917 1716 codice
2966 1660 3266 1732 descripti,
3307 1659 3479 1717 cuius
3528 1672 3743 1713 manus
3782 1658 3841 1710 et

422 1777 635 1820 vocem
658 1758 948 1817 scah'dian
972 1756 1385 1824 interpretatur
1401 1750 1771 1819 marsupium
1789 1747 2073 1818 pendens,
2111 1764 2153 1819 υ
2188 1744 2392 1803 charta
2422 1755 2675 1805 aetatem
2696 1750 3037 1822 praeferunt
3059 1765 3381 1815 annorum,
3408 1753 3469 1804 ut
3485 1762 3675 1819 supra
3690 1745 3833 1810 dixi,

425 1859 845 1923 praeterquam
896 1845 1095 1900 minus
1146 1842 1347 1913 perite,
1377 1856 1511 1895 cum
1569 1842 1737 1892 vetus
1788 1834 2075 1893 Theocriti

427 1939 772 1995 scholiastes
787 1935 863 1990 ad
878 1932 1147 2003 Idyllium
1175 1934 1213 1986 X
1238 1928 1597 1984 vocabulum
1622 1927 1800 1982 scalis
1821 1925 2075 1996 explicet

424 2030 882 2085 instrumentum
899 2022 1326 2092 agriculturae,
1346 2018 1502 2072 unde
1516 2016 1818 2071 sarculum
1840 2031 1975 2070 sum
1988 2015 2075 2069 in-

428 2112 919 2187 terpretatus,sed
954 2112 1127 2164 etiam
1162 2106 1969 2177 improbabiliternumerans
1992 2104 2074 2158 iu-

427 2211 514 2263 ter
544 2204 787 2260 mobilia
807 2200 989 2256 cellae
1022 2197 1386 2252 monasticae
1414 2194 1781 2263 marsipium,
1810 2208 2075 2262 praeser-

430 2296 534 2351 tim
565 2293 728 2364 quod
756 2289 925 2345 addit
953 2286 1236 2356 pendens,
1270 2284 1431 2355 quod
1475 2284 1671 2338 statim
1702 2283 1961 2338 latrones
1992 2282 2077 2335 vi-

430 2383 677 2445 dissent,
696 2395 802 2434 nec
815 2392 969 2448 opus
984 2375 1329 2430 habuissent
1350 2372 1638 2427 abeuntes
1659 2388 1693 2427 a
1707 2378 1915 2427 sancto
1932 2386 2075 2427 sene

431 2470 765 2533 admoneri,
802 2473 863 2521 ut
898 2464 1061 2534 quod
1105 2479 1221 2518 non
1255 2462 1626 2517 advertentes
1657 2460 2078 2532 relinquebant

432 2560 723 2616 tollerent.
749 2557 846 2609 Est
874 2558 1180 2624 praeterea
1202 2555 1383 2621 caput
1411 2548 1617 2605 CCXVI
1652 2550 1798 2603 Prati
1821 2564 1894 2604 ex
1924 2549 2075 2604 Allo-

430 2649 573 2719 quio
595 2645 861 2701 Zosimae
876 2646 1041 2695 sexto
1055 2640 1354 2709 descriptu
1367 2655 1421 2692 m
1433 2677 1445 2689 .
1464 2640 1652 2706 Caput
1666 2653 1805 2691 vero
1824 2638 2077 2693 CCXVIII

432 2752 504 2792 ex
540 2733 880 2790 undecimo.
928 2730 1190 2799 Denique
1234 2733 1417 2798 caput
1448 2728 1650 2782 CCXIX
1685 2742 1757 2781 ex
1806 2726 2080 2782 tertiode-

434 2824 611 2881 cimo.
645 2821 760 2876 Sed
789 2820 862 2874 de
891 2818 983 2873 his
1022 2818 1143 2872 iam
1175 2817 1334 2871 satis.

508 2947 641 3003 XIII.
660 2945 925 3000 Zosimae
940 2942 1107 2996 Isaac
1125 2942 1335 3010 Syrum
1364 2938 1647 3009 Opusculi
1666 2939 1752 2994 XII
1775 2944 2080 2994 auctorem

434 3037 706 3110 proxime
723 3034 1025 3089 admotum
1040 3028 1757 3100 subiungimus,quoniam
1774 3028 1935 3083 hunc
1948 3029 2080 3084 Pos-

2185 1838 2673 1908 quingentorum,
2707 1840 3057 1910 praesertim
3088 1855 3221 1894 cum
3265 1839 3346 1894 ibi
3377 1845 3511 1908 post
3536 1835 3679 1891 illud
3719 1834 3837 1890 alia

2186 1933 2488 1996 ponantur
2505 1929 2712 1984 aetatis
2736 1928 3047 1984 manifeste
3070 1928 3340 1984 senioris.
3362 1925 3673 1998 Scripserit
3692 1939 3834 1996 ergo

2184 2013 2345 2071 hunc
2396 2033 2740 2073 sermonem
2772 2018 2957 2073 multo
2989 2016 3292 2088 antiquior
3331 2015 3585 2087 quidam
3615 2020 3673 2070 et
3700 2029 3838 2070 san.

2185 2106 2330 2160 ctior
2355 2122 2386 2160 e
2416 2106 2687 2177 plurimis
2718 2108 2881 2162 omni
2908 2123 3054 2163 aevo
3085 2107 3381 2176 insignitis
3413 2104 3697 2160 Philothei
3729 2120 3837 2160 vo-

2185 2194 2401 2250 cabulo
2437 2196 2748 2251 monachis
2762 2238 2774 2250 .

2262 2305 2335 2357 De
2374 2303 2684 2359 Theodoro
2716 2303 3168 2375 archiepiscopo
3208 2302 3512 2358 Edessena
3553 2302 3834 2374 Opusculi

2190 2392 2304 2445 XVI
2320 2398 2559 2447 auctore
2582 2408 2703 2448 non
2726 2398 2961 2448 constat
2978 2391 3321 2463 quisfuerit,
3342 2392 3499 2447 unde
3516 2391 3831 2455 oriundus,

2188 2481 2289 2535 ubi
2321 2482 2521 2546 vitam,
2553 2482 2715 2553 quod
2748 2486 3020 2553 apparet,
3051 2481 3443 2537 monasticam
3475 2484 3610 2536 ante
3640 2479 3838 2535 archi-

2188 2572 2606 2644 episcopatum
2626 2573 2968 2636 exercuerit,
2984 2571 3233 2643 quando
3254 2576 3312 2627 et
3331 2587 3454 2642 qua
3466 2572 3783 2627 occasione
3800 2586 3834 2626 a

2189 2662 2482 2716 coenobio
2497 2661 2572 2715 ad
2588 2660 2952 2716 Edessenam
2969 2660 3317 2716 cathedram
3334 2659 3509 2715 fuerit
3522 2667 3834 2732 promotus

2188 2752 2355 2806 Tom.
2396 2749 2528 2805 XXII
2570 2749 2970 2805 Bibliothecae
3012 2754 3247 2805 Patrum
3279 2749 3556 2805 editionis
3586 2749 3840 2805 novissi-

2193 2856 2323 2895 mae
2359 2840 2770 2909 Lugdunensis
2800 2840 3239 2912 quinquaginta
3278 2856 3347 2895 ex
3380 2840 3505 2894 eius
3537 2840 3833 2911 capitulis,

2190 2930 2305 2984 hoc
2330 2934 2415 2984 est
2456 2944 2574 2983 non
2609 2934 2795 2983 totum
2828 2928 3141 2984 dimidium
3171 2928 3304 2984 libri
3322 2928 3448 2984 eius
3473 2928 3836 3003 [queminte-

2193 3034 2366 3088 grum
2385 3016 2656 3090 damus],
2671 3018 2850 3089 idque
2874 3034 3032 3073 mere
3053 3017 3231 3074 latine
3251 3018 3624 3086 exhibentur,
3643 3018 3839 3091 deque

435 3106 703 3190 sevinus,
735 3138 806 3177 ex
828 3119 1137 3177 Gennadio
1160 3118 1437 3186 referens,
1465 3120 2078 3188 ponitimperatorum
2118 3127 2158 3183 ρ
2193 3123 2262 3162 eo
2324 3107 2382 3162 in
2432 3107 2692 3178 generali
2741 3106 2935 3161 indice
3001 3108 3165 3162 Tom.
3222 3107 3245 3161 Ι
3299 3108 3511 3163 dicitur
3563 3107 3841 3163 ﬂoruisse

432 3215 699 3274 Martiani
733 3228 801 3267 ac
828 3210 1039 3265 Leonis
1078 3214 1418 3279 temporum
1446 3207 1781 3279 aequalem.
1808 3208 1995 3272 Quem
2027 3212 2083 3261 et

424 3305 526 3367 ait,
562 3306 797 3374 praeter
847 3298 1035 3353 multa
1081 3303 1287 3351 contra
1316 3297 1664 3361 haereticos,
1699 3297 1877 3351 etiam
1913 3312 2082 3351 asce-

422 3394 541 3449 tica
564 3389 893 3461 scripsisse.
919 3390 1112 3457 Supra
1144 3388 1362 3455 Opusc.
1384 3386 1451 3439 IX
1480 3400 1611 3456 pag.
1645 3386 1748 3440 247
1775 3386 1838 3439 ﬁt
1858 3386 2078 3440 mentio

424 3479 745 3536 cuiusdam
774 3477 961 3543 Isaac,
987 3476 1089 3546 qui
1127 3473 1297 3528 fuerit
1328 3473 1656 3544 discipulus
1695 3474 1883 3543 Magni
1913 3477 2081 3527 Arse-

423 3570 529 3625 nii.
577 3568 740 3622 Idem
795 3566 844 3619 is
895 3579 1038 3619 sane
1080 3578 1217 3617 cum
1270 3562 1383 3617 hoc
1431 3569 1635 3617 nostro
1691 3578 1827 3617 esse
1868 3563 2075 3632 potuit.

422 3658 682 3712 Dubium
722 3653 969 3724 quidem
1016 3651 1160 3706 mihi
1210 3666 1331 3705 non
1374 3655 1479 3713 est,
1514 3651 1682 3721 quin,
1722 3667 1877 3722 quae
1926 3650 2082 3705 intra

424 3749 643 3817 Opusc.
675 3743 810 3799 XVII
846 3740 1159 3809 Nicephori
1188 3738 1470 3793 monachi
1503 3756 1574 3794 ex
1606 3743 1767 3795 Isaac
1808 3742 1956 3811 Syro
1980 3739 2080 3793 de-

427 3835 789 3896 scribuntur,
850 3830 1118 3885 eiusdem
1180 3828 1353 3882 huius
1408 3829 1594 3884 nostri
1651 3830 1785 3883 sint.
1845 3828 2077 3883 Memini

425 3923 572 3980 alias
600 3922 658 3975 in
704 3918 1063 3974 Bibliotheca
1109 3918 1393 3972 Vaticana
1424 3918 1640 3973 vidisse
1682 3933 1776 3972 me
1806 3917 1996 3973 multa
2025 3923 2082 3973 et

424 4010 733 4084 praeclara
756 4010 922 4063 Isaac
977 4009 985 4076 Ι
1039 4007 1163 4076 Syri
1194 4021 1398 4077 opera,
1420 4022 1576 4077 quae
1594 4007 1850 4062 multum
1880 4007 2080 4079 profu-

427 4108 579 4166 tura,
625 4100 670 4153 si
715 4096 1040 4170 prodirent,
1078 4094 1411 4164 interpretis
1442 4103 1497 4151 et
1547 4097 1787 4151 editoris
1832 4112 2078 4167 Operam

429 4189 777 4261 implorant.
809 4184 1186 4241 Theodorum
1218 4185 1511 4240 Studitam
1546 4185 1715 4240 Isaac
1748 4188 1895 4257 Syro
1934 4201 2081 4240 con-

427 4280 614 4343 tinuo,
650 4276 814 4348 quod
848 4274 1015 4329 illum
1046 4275 1195 4328 inter
1226 4273 1542 4344 plerosque
1569 4274 1946 4345 sequentium
1974 4290 2079 4329 au-

425 4374 616 4423 ctores
646 4363 1088 4435 Opusculorum
1129 4366 1322 4416 certae
1352 4366 1407 4417 et
1454 4367 1626 4417 notae
1664 4363 1872 4417 aetatis
1908 4361 2079 4417 video

428 4471 580 4510 esse.
608 4454 764 4508 Vixit
812 4457 1026 4507 octavo
1062 4449 1320 4505 saeculo.
1357 4450 1555 4514 Multa,
1585 4466 1739 4522 quae
1778 4450 1851 4504 de
1890 4465 1961 4505 eo
1990 4451 2077 4504 di-

430 4544 622 4600 cenda
670 4546 828 4604 sunt,
881 4539 1181 4595 cumulate
1230 4544 1508 4607 congeret
1558 4540 1644 4592 vir
1699 4538 2081 4594 doctissimus

2192 3196 2359 3252 illum
2392 3196 2480 3250 XII
2511 3195 2770 3251 saeculo.
2806 3198 2958 3251 Sane
2987 3197 3174 3251 serius
3207 3211 3326 3251 non
3350 3197 3540 3268 potuit
3578 3196 3842 3252 Theodo-

2192 3303 2293 3341 rus
2317 3292 2535 3349 noster,
2566 3302 2749 3358 quam
2773 3285 2942 3339 istius
2973 3285 3192 3340 saeculi
3218 3285 3384 3340 initio
3409 3287 3626 3342 vivere.
3651 3285 3845 3342 Testa-

2193 3380 2286 3431 tur
2317 3377 2478 3431 enim
2509 3376 2805 3446 Eugenius
2842 3376 2913 3430 lIl
2945 3391 3221 3430 summus
3253 3375 3511 3430 Pontifex
3540 3375 3720 3431 literis
3765 3375 3845 3431 ad

2193 3465 2563 3521 Ludovicum
2592 3481 2793 3536 regem
2810 3467 3170 3520 Francorum
3190 3464 3449 3536 scriptis,
3474 3465 3848 3535 quasrecitat

2190 3555 2478 3609 Baronius
2512 3553 2676 3609 Tom.
2716 3554 2802 3609 XII
2841 3570 3005 3607 num.
3046 3554 3196 3609 XXXI
3228 3555 3367 3609 anni
3409 3554 3567 3623 1145,
3602 3560 3843 3626 captam

2192 3659 2228 3698 a
2252 3643 2562 3697 Saracenis
2592 3658 2661 3697 eo
2696 3658 2853 3697 anno
2882 3642 3186 3705 Edessam.
3216 3644 3412 3698 occiso
3440 3642 3516 3698 ab
3559 3642 3627 3697 iis
3660 3642 3844 3698 archi-

2192 3731 2479 3802 episcopo
2494 3731 2882 3802 pluribusque
2896 3730 3043 3785 aliis.
3066 3733 3145 3786 Ex
3166 3748 3287 3803 quo
3313 3737 3576 3803 tempore
3598 3747 3845 3787 vacasse

2192 3819 2354 3875 illam
2388 3819 2593 3873 sedem
2629 3827 2895 3890 apparet,
2924 3821 3128 3890 quoad
3169 3828 3371 3892 erepta
3404 3820 3716 3877 Saracenis
3741 3838 3844 3892 per

2192 3912 2448 3965 Francos
2484 3908 2707 3963 Edessa
2738 3911 2842 3973 est,
2876 3911 2976 3979 qui
2999 3909 3303 3981 deinceps,
3327 3909 3620 3982 quamdiu
3653 3911 3845 3965 Hiero-

2192 3998 2437 4069 solymis
2471 4004 2817 4066 regnarunt,
2843 3997 3330 4069 archiepiscopos
3354 3998 3407 4053 ei
3427 3998 3647 4054 latinos
3669 3999 3844 4054 dede-

2191 4094 2349 4141 runt.
2384 4087 2498 4142 Nec
2526 4086 2758 4141 videtur
2782 4086 3116 4152 verisimile,
3142 4087 3659 4158 archiepiscopum
3680 4104 3717 4143 a
3748 4090 3847 4144 Sa-

2190 4178 2423 4230 racenis
2444 4174 2816 4230 interfectum
2839 4174 3001 4229 hunc
3025 4174 3220 4245 ipsum
3246 4174 3424 4230 fuisse
3446 4176 3826 4232 Theodorum

2194 4264 2407 4335 Martyr
2450 4265 2611 4319 enim
2644 4264 2850 4319 fuisset
2892 4264 3103 4329 dictus,
3137 4265 3241 4336 qui
3274 4265 3333 4319 in
3373 4266 3695 4320 Turrianeo
3742 4281 3843 4321 co-

2191 4353 2321 4407 dice
2361 4354 2656 4408 duntaxat
2705 4352 2953 4409 Sanctus
3004 4359 3179 4421 pater
3226 4359 3425 4410 noster
3469 4353 3834 4409 inscribitur.

2193 4441 2420 4497 Obiisse
2444 4456 2586 4510 ergo
2618 4441 2783 4495 illum
2809 4442 3063 4497 naturali
3088 4448 3275 4497 morte
3300 4446 3435 4497 ante
3454 4458 3680 4497 annum
3705 4442 3844 4496 1145

2192 4529 2471 4584 credibile
2490 4535 2600 4595 est,
2624 4530 2746 4585 imo
2772 4528 2919 4584 forte
2948 4530 3260 4601 aliquanto
3290 4530 3656 4586 submotiore
3689 4546 3773 4586 re-
3804 4532 3814 4599 Ι

427 4633 701 4691 omnium
726 4633 851 4685 eius
876 4644 1126 4699 operum
1152 4606 1389 4698 plenam
1420 4634 1475 4682 et
1492 4627 1853 4683 luculentam
1876 4627 2083 4683 editio-
2114 4606 2160 4661 D
2195 4622 2280 4674 tro
2298 4623 2510 4679 aetate,
2538 4626 2818 4690 ut,quem
2835 4620 3111 4675 Saraceni
3130 4619 3388 4674 Edessae
3402 4627 3845 4691 expugnatores

429 4738 571 4779 nem
604 4721 927 4777 adornans.

502 4844 751 4901 Abbatis
770 4843 955 4897 Isaiae
968 4848 1254 4912 quartum
1268 4841 1571 4897 decimum
1587 4848 1671 4896 est
1690 4843 2080 4914 Opusculum.

431 4937 599 4991 Hunc
626 4930 723 4987 alii
758 4931 993 4985 Esaiam
1027 4929 1351 5001 appellant,
1395 4946 1506 4999 ego
1544 4931 1835 4987 Ecclesiae
1866 4932 2081 4988 latinae

433 5038 609 5079 usum
626 5026 927 5091 receptum
943 5018 1002 5073 in
1019 5020 1205 5074 Isaiae
1220 5019 1550 5075 vocaebulo
1573 5020 1873 5077 efferendo
1898 5023 2079 5094 tenui,

436 5126 685 5168 securus
719 5107 1050 5179 scripturae
1080 5106 1443 5162 Graecorum
1472 5110 1529 5163 in
1555 5114 1737 5165 verbo
1763 5112 2082 5168 Hebraicae

437 5198 702 5270 originis.
731 5196 1194 5252 Bellarminusin
1224 5195 1373 5250 libro
1394 5199 1470 5251 De
1492 5200 1878 5269 scriptoribus
1906 5202 2085 5256 eccle-

436 5288 688 5344 siasticis
710 5286 788 5341 do
802 5300 872 5340 eo
895 5285 995 5350 ait,
1021 5301 1102 5349 se,
1135 5300 1257 5353 quo
1282 5290 1547 5355 tempore
1578 5288 1799 5354 vixerit,
1825 5290 2083 5345 invenire

433 5377 795 5449 nequivisse.
834 5373 972 5429 Vide
1003 5374 1182 5429 etiam
1220 5374 1293 5428 de
1323 5375 1422 5429 illo
1453 5376 1861 5435 Possevinum.
1896 5379 2084 5434 Huius

435 5482 678 5540 quoque
701 5463 1028 5521 honoriﬁce
1054 5462 1866 5537 meminitinfraNicephorus
1882 5484 2086 5524 mona-

434 5558 583 5612 chus
610 5557 827 5627 Opusc.
864 5552 1020 5607 XVII.

511 5673 719 5733 Sermo
736 5668 1091 5728 S.Pbilothei
1104 5668 1177 5726 de
1191 5669 1486 5728 mandatis
1500 5670 1707 5729 Christi
1722 5673 2089 5744 Opusculum

2192 4708 2559 4775 occiderunt,
2607 4724 2915 4764 successor
2954 4708 3107 4763 illius
3138 4724 3259 4764 non
3302 4708 3709 4774 immediatus,
3739 4709 3846 4765 sed

2192 4798 2513 4863 secundus,
2547 4798 2772 4862 tertius,
2814 4804 3138 4869 quartusve
3176 4797 3369 4853 fuerit.

2266 4924 2429 4980 Paris
2463 4940 2600 4978 cum
2631 4922 2940 4978 Theodoro
2973 4923 3269 4978 Edesseno
3310 4922 3519 4979 aetatis
3554 4922 3848 4993 Nicepho-

2191 5028 2326 5069 rum
2365 5012 2729 5069 mouachum
2765 5011 3000 5082 opinari
3038 5012 3171 5067 licet
3202 5011 3483 5082 Opusculi
3518 5011 3679 5077 XVII,
3710 5012 3846 5069 libri

2191 5103 2367 5159 valde
2397 5101 2575 5167 utilis,
2611 5107 2939 5166 auctorem,
2965 5117 3099 5156 cum
3126 5101 3358 5157 certiori
3388 5116 3587 5157 rerum
3607 5111 3663 5157 et
3692 5108 3849 5158 acto-

2191 5207 2327 5248 rum
2362 5191 2490 5246 eius
2533 5190 2873 5246 testimonio
2912 5206 3253 5246 careamus.

2266 5320 2383 5372 Hoc
2432 5316 2581 5372 forte
2637 5316 2939 5389 antiquior
2983 5317 3156 5371 fuerit
3209 5322 3415 5373 auctor
3444 5318 3609 5373 XVIII
3658 5317 3847 5373 ultimi

2196 5406 2502 5478 Opusculi,
2529 5421 2794 5478 anonym
2807 5424 2873 5460 us
2899 5408 3231 5462 monachus
3248 5407 3519 5462 coenobii
3544 5407 3741 5477 graeci
3758 5422 3847 5462 or-

2197 5497 2351 5551 dinis
2376 5498 2430 5551 S.
2459 5494 2658 5551 Basilii
2684 5498 2741 5550 in
2770 5512 2914 5565 agro
2944 5496 3298 5565 Tusculano,
3326 5499 3430 5553 aS.
3456 5496 3584 5552 Nilo
3606 5497 3845 5568 juniore

2197 5586 2357 5640 circa
2382 5583 2564 5640 ﬁnem
2600 5584 2819 5641 saeculi
2859 5586 2908 5640 X
2941 5585 3192 5651 fundati,
3224 5586 3392 5641 cuius
3446 5586 3845 5657 ampliﬁcator

2199 5674 2455 5744 insignis
2501 5675 2719 5731 exstitit
2752 5689 2907 5731 unus
2954 5689 2985 5729 e
3024 5674 3134 5730 Nili
3180 5674 3508 5746 discipulis,
3550 5675 3846 5731 eiusdem-
