4084 6256
203 309 295 367 353
1102 304 1197 361 AD
1240 302 1630 364 EDITIONEM
1675 304 1853 366 HOM.
1891 306 1949 365 S.
1991 308 2297 369 MACARII
2342 312 2699 375 AEGYPTII.
3497 326 3601 384 35‘

201 432 393 492 Caroli
403 432 1465 499 Guilielmi,cancellario,consiliario
1479 434 1681 488 intimo
1694 440 1747 490 et
1761 434 1923 490 sacri
1933 436 2272 493 consistorii
2280 440 3297 513 praesidi,eminentissimo,patrono
3308 448 3592 521 singular

197 521 975 589 Macarium,sanctissimum
995 522 1255 585 Patrem,
1276 528 1456 593 atque
1470 523 1727 592 seipsum
1744 523 2247 595 obsequiosissimo
2264 529 2434 583 cultu
2451 536 2504 584 et
2521 530 2717 587 studio
2736 531 2911 601 o/fert
2928 532 3319 606 Jo.Georgius
3331 538 3584 596 Pritius.

1672 696 1779 773 yir
1804 696 2063 756 illustris
2099 698 2125 755 Ι

263 872 449 937 Quum
495 869 596 925 Dei
644 867 864 942 Optimi
909 866 1147 922 Maximi
1187 863 1475 935 singulari
1512 868 1683 927 nutu.
1717 870 1773 921 et
1796 866 2171 922 Serenissimi
2194 867 2397 925 Caroli
2419 870 2726 929 Guilielmi
2750 875 2977 931 summi
3016 876 3311 951 Principis
3343 879 3516 938 iussu
3541 888 3598 939 et

199 958 491 1031 auspiciis,
543 959 682 1014 Tuis
730 962 935 1013 tamen
958 955 1143 1012 etiam
1171 952 1460 1018 consiliis,
1490 953 1704 1025 Lipsia,
1737 969 1769 1010 e
1802 955 2155 1012 charissima
2184 958 2457 1014 omnium
2480 960 2694 1031 patria,
2743 961 2822 1017 ad
2868 964 3257 1023 Servestanos
3313 974 3600 1026 evocatus

198 1048 409 1106 abitum
436 1047 781 1111 meditarer,
809 1042 1242 1102 adducendum
1268 1042 1508 1098 insimul
1532 1042 1868 1099 existimavi
1910 1044 2192 1101 comitem
2224 1047 2631 1104 venerandum
2661 1051 2983 1108 Macarium
3012 1053 3181 1111 illum
3211 1057 3600 1129 Aegyptium.

196 1139 331 1194 inter
359 1137 564 1193 Patres
595 1134 890 1192 Ecclesiae
916 1133 1284 1190 Christianae
1307 1130 1546 1203 pietatis
1568 1131 1868 1188 solidioris
1894 1132 2071 1189 laude
2095 1138 2153 1189 et
2178 1134 2317 1191 viva
2340 1150 2543 1191 rerum
2569 1136 2930 1208 spiritalium
2952 1140 3200 1198 scientia
3216 1143 3603 1217 incompara-

199 1225 384 1282 bilem.
416 1224 610 1292 Quem
635 1223 799 1280 enim
828 1223 1131 1286 dabimus,
1167 1221 1290 1293 qui,
1325 1219 1437 1275 nisi
1477 1219 1823 1276 divinorum
1871 1221 2293 1293 mysteriorum
2321 1238 2358 1279 a
2387 1224 2639 1295 Spiritus
2680 1227 2868 1283 sancti
2902 1228 3095 1297 gratia
3129 1230 3304 1288 fuerit
3334 1234 3599 1304 peculia-

194 1315 316 1371 riter
339 1314 647 1386 particeps
685 1310 895 1378 t‘actus,
924 1311 1000 1367 de
1036 1308 1534 1366 excellentissima
1565 1308 1804 1366 animae
1834 1311 2220 1380 praestantia,
2247 1310 2321 1367 de
2342 1311 2518 1383 lapsu
2542 1313 2806 1369 hominis
2843 1317 3196 1385 miserrimo,
3224 1320 3299 1375 de
3330 1326 3600 1381 extrema

195 1404 495 1460 hominum
521 1403 589 1459 in
620 1402 877 1474 peccatis
900 1398 1222 1457 iacentium
1264 1398 1574 1469 pravitate,
1605 1397 1680 1453 de
1707 1397 1939 1453 insidiis
1985 1398 2251 1455 hostium
2285 1398 2672 1457 interuallum
2698 1408 2753 1458 et
2786 1404 3196 1462 molitionibus
3236 1410 3297 1463 in
3335 1416 3597 1468 mentem

195 1492 515 1548 humanam
542 1488 1091 1563 periculosissimis,
1123 1488 1197 1543 de
1227 1488 1586 1543 suavissimo
1607 1486 1794 1541 divini
1819 1487 2070 1558 Spiritus
2102 1488 2309 1553 ductu,
2343 1489 2417 1543 de
2448 1491 2643 1559 gratia
2672 1492 2795 1555 Dei,
2854 1494 2866 1561 Ι
2924 1495 3273 1567 gratiaeque
3312 1514 3348 1553 a
3378 1505 3598 1557 natura

195 1580 582 1651 distinctione,
614 1580 1012 1651 universaque
1037 1576 1246 1633 salutis
1277 1582 1520 1631 nostrae
1541 1576 1899 1631 oeconomia
1919 1575 2174 1632 solidius
2194 1578 2512 1648 scripserit,
2542 1595 2727 1651 quam
2755 1587 3068 1639 veteranus
3091 1584 3184 1640 ille
3210 1586 3362 1643 inter
3387 1587 3594 1645 Christi

196 1670 499 1728 Salvatoris
532 1668 838 1725 ministros
869 1665 1152 1723 Macarius
1180 1664 1209 1719 ?
1238 1666 1493 1720 Tantum
1524 1662 1718 1719 virum
1747 1664 1910 1735 quod
1934 1666 1997 1720 in
2028 1665 2362 1737 hospitium
2392 1666 2713 1732 deducam,
2743 1670 2856 1724 nisi
2883 1670 2960 1726 ad
2991 1674 3087 1738 Te,
3121 1673 3206 1727 vir
3231 1674 3597 1731 excellentis-

198 1757 378 1814 sime?
404 1757 638 1830 quippe
655 1757 757 1829 qui
783 1771 893 1827 pro
920 1754 1205 1810 inusitata
1234 1768 1433 1809 rerum
1463 1752 1824 1817 divinarum,
1853 1768 1976 1825 qua
1989 1754 2200 1825 polles,
2226 1754 2430 1825 peritia
2451 1771 2515 1811 es
2533 1771 2688 1811 unus
2707 1758 2978 1814 omnium
3005 1762 3265 1817 maxime
3298 1768 3376 1819 ad
3402 1765 3598 1820 existi-

192 1848 472 1905 mandum
506 1848 785 1910 idoneus,
814 1844 1127 1916 quodnam
1150 1842 1225 1896 sit
1253 1847 1369 1897 tam
1401 1840 1634 1895 eximiis
1665 1840 1987 1896 animabus
2019 1842 2401 1898 statuendum
2429 1844 2707 1915 pretium.
2726 1846 2897 1911 Quod
2922 1849 3022 1919 qui
3054 1852 3307 1917 noverit,
3332 1868 3517 1924 quam
3544 1860 3601 1910 et

189 1937 397 2009 cupide
413 1936 736 2008 calideque
757 1933 901 1990 olim
917 1932 1135 1988 nostris
1158 1930 1345 1987 sacris
1370 1929 1606 1985 dederis
1632 1945 1880 2000 operam
1897 1946 2083 2003 quam
2105 1931 2341 2002 amplas
2359 1931 2653 1989 interioris
2681 1935 3009 2006 sapientiae
3025 1937 3265 1995 divinae
3288 1941 3601 2011 possideas

191 2025 514 2090 facultates,
530 2039 721 2097 quam
733 2027 791 2079 et
818 2038 1055 2078 morum
1076 2024 1341 2090 praestes
1366 2018 1654 2088 singulari
1676 2018 2027 2088 integritate,
2046 2026 2398 2091 quantoque
2411 2036 2616 2077 amore
2644 2022 2703 2078 in
2735 2024 3018 2094 pietatem
3039 2026 3332 2084 sinceram
3345 2029 3601 2102 eiusque

186 2116 431 2171 cultores
468 2114 700 2177 feraris,
733 2111 897 2166 iuxta
929 2124 1165 2165 mecum
1195 2113 1481 2176 agnoscet
1508 2106 1760 2162 libenter
1789 2113 1845 2161 et
1874 2109 2262 2179 praedicabit.
2296 2109 2427 2165 Mihi
2460 2125 2598 2165 vero
2620 2115 2677 2166 et
2706 2111 2818 2167 ista
2848 2113 3000 2168 ratio
3038 2113 3148 2170 fuit
3176 2116 3236 2170 in
3262 2116 3599 2174 clientelam

185 2206 360 2260 Tuam
395 2201 675 2259 tradendi
693 2201 956 2256 divinum
979 2197 1297 2254 Macarium
1316 2203 1606 2261 nostrum,
1634 2197 1846 2250 nostris
1873 2197 2399 2269 qualibuscunque
2424 2198 2643 2266 vigiliis
2668 2216 2827 2255 nunc
2847 2202 3027 2272 paulo
3046 2203 3287 2275 politius
3304 2206 3600 2276 prodeun-

183 2298 295 2347 tem
328 2292 388 2347 in
418 2290 757 2363 publicum,
794 2294 971 2344 utme
995 2302 1240 2358 quoque
1271 2285 1384 2341 hac
1415 2285 1641 2340 ratione
1664 2286 1935 2341 sisterem
1967 2285 2116 2350 Tibi,
2151 2286 2237 2340 vir
2264 2287 2529 2352 illustris,
2561 2287 2640 2343 ad
2668 2295 2955 2359 perpetua
2975 2293 3234 2364 servitia,
3259 2310 3330 2349 ac
3352 2295 3603 2367 aliquod

186 2388 368 2437 exstet
398 2380 556 2452 grati
583 2378 769 2434 animi
799 2392 943 2446 erga
970 2379 1043 2431 Te.
1060 2378 1492 2429 documentum
1524 2390 1537 2427 :
1574 2374 1666 2428 cui
1687 2373 1982 2445 imprimis
2008 2374 2197 2429 refero
2228 2377 2748 2447 acceptum,quod
2763 2378 2926 2449 apud
2955 2380 3344 2438 Servestanos
3368 2390 3604 2440 vestros

184 2476 237 2525 et
260 2470 319 2525 in
348 2469 603 2525 ecclesia
622 2473 675 2524 et
710 2466 768 2522 in
788 2465 1074 2522 cathedra
1096 2462 1339 2534 publica
1369 2477 1440 2517 ea
1472 2467 1557 2517 tra
1608 2463 1617 2531 |
1673 2462 1851 2517 dendi
1875 2478 2165 2518 concessa
2188 2463 2331 2517 mihi
2363 2464 2437 2518 sit
2458 2464 2729 2531 facultas,
2750 2481 2905 2538 quae
2937 2468 3162 2540 populo
3189 2471 3523 2527 Christiano
3548 2479 3605 2528 et

185 2558 489 2614 studiosae
508 2556 799 2612 iuventuti
829 2552 1063 2625 possint
1088 2566 1216 2607 esse
1237 2550 1314 2607 ad
1347 2552 1526 2606 vitam
1552 2549 1945 2606 Christianam
1961 2557 2117 2606 recte
2147 2551 2603 2620 ingrediendam
2631 2560 2808 2626 atque
2833 2556 3177 2628 colendam,
3203 2574 3273 2615 ac
3291 2560 3367 2615 ad
3395 2576 3602 2616 veram

188 2646 583 2704 eruditionem
623 2641 1100 2715 comparandam
1131 2640 1471 2695 necessaria
1499 2643 1559 2693 et
1598 2638 1798 2707 utilia;
1855 2654 1979 2710 quo
2007 2638 2156 2695 vitae
2185 2654 2298 2709 ego
2338 2655 2553 2709 genere
2586 2642 2848 2699 maxime
2877 2645 3149 2701 omnium
3181 2647 3299 2702 iam
3323 2663 3359 2702 a
3398 2648 3601 2705 multis

189 2736 364 2791 annis
404 2735 789 2790 vehementer
812 2730 1090 2786 delector.
1135 2728 1347 2798 Recipe
1378 2727 1576 2797 igitur,
1606 2728 1693 2782 vir
1723 2726 1983 2792 illustris,
2014 2727 2314 2799 hospitem
2344 2728 2504 2783 hunc
2543 2745 2767 2785 novum
2817 2746 2888 2786 ea
2939 2732 3151 2797 fronte,
3182 2750 3305 2803 qua
3344 2735 3421 2791 ad
3463 2752 3605 2791 sua-

194 2824 504 2879 vissimam
550 2821 1010 2883 humanitatem,
1040 2818 1240 2873 dotem
1272 2816 1394 2871 Tibi
1436 2832 1470 2871 a
1517 2821 1730 2871 natura
1771 2816 2035 2872 faventer
2086 2817 2467 2888 impertitam,
2523 2822 2579 2873 et
2608 2818 3055 2888 elegantissima
3086 2823 3321 2879 vivendi
3375 2827 3605 2881 ratione

196 2911 521 2982 plurimum
539 2916 799 2976 auctam,
823 2906 1215 2978 compositus,
1245 2919 1366 2959 non
1385 2904 1593 2959 doctos
1620 2909 1873 2969 tantum,
1895 2906 1998 2960 sed
2023 2905 2370 2976 praesertim
2390 2906 2625 2978 pietatis
2639 2907 2890 2963 cultores
2912 2909 2990 2965 ad
3012 2918 3399 2983 conspectum
3414 2916 3605 2970 Tuum

196 2997 618 3067 benignissime
648 2996 932 3054 admittis.
967 2994 1182 3064 Recipe
1207 2998 1263 3048 et
1292 3008 1388 3049 me
1419 2994 1475 3047 in
1518 2993 1806 3061 favorem,
1847 2993 1950 3065 qui
1980 2992 2202 3048 enixim
2233 2994 2293 3049 in
2321 2994 2377 3049 id
2423 2995 2715 3061 connitar,
2748 3000 2810 3050 ut
2844 2997 3066 3068 quibus
3099 3000 3450 3057 muneribus
3480 3006 3602 3058 Tuo

206 3086 496 3142 beneﬁcio
531 3087 856 3158 praeﬁcior,
880 3082 1238 3140 satisfaciam
1270 3096 1526 3153 semper,
1566 3087 1622 3137 et
1661 3081 1735 3137 de
1766 3087 1959 3137 cetero
1987 3082 2453 3155 quibuscunque
2482 3084 2710 3155 possim
2742 3084 2951 3140 ofﬁciis
2984 3085 3061 3141 ad
3088 3086 3184 3157 Te,
3223 3089 3308 3144 vir
3338 3090 3607 3149 eminen-

200 3174 451 3241 tissime,
484 3174 815 3231 ornandum
852 3174 969 3228 sim
1008 3171 1454 3245 paratissimus.
1494 3169 1657 3226 Vale.
1688 3171 1917 3241 Lipsiae
1946 3171 2005 3225 in
2033 3170 2200 3227 abitu
2231 3186 2363 3226 meo
2394 3172 2513 3227 Cal.
2545 3173 2790 3231 Octobr.
2834 3177 2899 3228 A.
2927 3176 2994 3231 Ο.
3021 3175 3091 3230 R.
3119 3176 3207 3232 clo
3235 3176 3326 3234 loc
3354 3179 3595 3237 XCVIII.

289 3293 301 3360 Ι
354 3292 585 3347 Lectori
606 3291 901 3348 Benevola
919 3305 982 3344 sa
992 3289 1175 3345 lutem
1185 3287 1327 3343 dicit
1350 3287 1432 3343 Io.
1454 3285 1739 3356 Georgius
1758 3286 1999 3351 Pritius,
2016 3285 2121 3342 SS.
2155 3287 2503 3357 Theologiae
2517 3288 2878 3345 Licentiatus
2899 3296 2953 3347 et
2964 3292 3275 3361 professor
3293 3293 3607 3350 Publicus.

258 3380 639 3449 Evulgamus
668 3379 783 3443 hic,
810 3377 966 3449 quod
992 3378 1148 3433 Deus
1163 3377 1436 3446 faustum
1455 3390 1575 3432 esse
1605 3375 1824 3440 iubeat,
1856 3375 1919 3430 in
1948 3376 2242 3432 Ecclesiae
2267 3391 2554 3447 veraeque
2578 3378 2816 3447 pietatis
2842 3380 3247 3438 studiosorum
3288 3382 3605 3440 utilitatem

189 3467 475 3533 Macarii,
488 3468 738 3523 Patrum
752 3465 1163 3537 antiquissimi,
1175 3464 1484 3527 Homilias,
1499 3464 1670 3520 rebus
1687 3465 1937 3534 optimae
1942 3464 2145 3534 frugis
2159 3464 2226 3519 di
2231 3464 2643 3537 vinissimaque
2654 3469 2938 3536 mysteria
2952 3483 3119 3540 comp
3128 3471 3276 3527 lexis
3290 3472 3611 3541 refertissi-

190 3559 566 3629 mas.Dequa
578 3570 734 3612 nova
748 3555 998 3612 editione
1013 3561 1075 3610 ut
1101 3555 1306 3610 lectori
1323 3555 1511 3623 paulo
1527 3553 1872 3609 accuratius
1886 3558 2107 3610 constet
2118 3597 2132 3619 ,
2165 3560 2340 3610 erunt
2380 3555 2755 3626 aliqua,licet
2771 3556 3607 3629 brevissimis,praemittenda,

190 3655 512 3720 antequam
527 3644 608 3702 ad
621 3644 924 3701 lectionem
940 3643 1081 3699 libri
1096 3641 1387 3699 utilissimi
1398 3642 1577 3698 admit
1585 3641 2207 3705 tatur.Editionem,ut
2218 3643 2835 3713 apparet,Franco/‘u1
2848 3650 3254 3719 tanam,quam
3269 3649 3608 3705 Zacharias

189 3736 552 3794 Palthenius
576 3749 736 3791 anno
773 3733 999 3790 saeculi
1026 3732 1349 3799 superioris
1367 3730 1746 3801 nonagesimo
1767 3737 1983 3802 quarto
2001 3732 2425 3800 adornaverat,
2458 3732 2838 3802 repetivimus
2863 3734 3097 3804 quidem
3130 3757 3153 3805 ;
3198 3738 3302 3794 sed
3337 3744 3403 3793 ut
3427 3740 3611 3807 paulo

192 3828 444 3883 comtior
475 3828 672 3880 tamen
683 3823 957 3893 prodiret
984 3821 1442 3877 elaboravimus.
1457 3820 1609 3877 Nam
1623 3834 1902 3890 graecum
1919 3823 2145 3877 textum
2165 3826 2449 3876 accurato
2462 3822 2659 3877 studio
2689 3824 3023 3891 revisimus,
3039 3824 3292 3881 sublatis
3319 3825 3458 3883 hinc
3476 3828 3615 3884 inde

193 3914 442 3982 mendis,
475 3928 630 3984 quae
656 3912 719 3967 in
738 3912 997 3982 priorem
1027 3910 1340 3966 editionem
1369 3909 1759 3978 irrepserant.
1784 3908 1895 3964 Ubi
1919 3908 2153 3979 quidem
2187 3912 2250 3965 in
2272 3925 2341 3966 vo
2393 3910 2404 3979 |
2465 3909 2536 3964 tis
2563 3910 2729 3965 nobis
2745 3910 2978 3980 fuisset,
3006 3916 3068 3966 ut
3096 3913 3176 3968 ad
3208 3928 3421 3970 manus
3447 3916 3613 3971 nobis

192 4004 377 4061 codex
400 4002 722 4060 exstitisset
742 4016 927 4056 manu
956 4006 1265 4064 exaratus,
1288 4014 1469 4069 quum
1501 3997 1726 4054 alicubi
1744 3997 1888 4052 satis
1909 4003 2053 4054 esset
2081 3998 2488 4067 manifestum,
2521 3999 2824 4055 lectionem
2849 4000 2992 4055 libri
3015 4004 3220 4058 excusi
3238 4002 3301 4057 in
3342 4003 3480 4059 vitio
3503 4020 3607 4060 cu-

197 4091 576 4149 bare.Multis
600 4090 664 4145 id
678 4088 819 4146 locis
840 4094 1030 4157 posset
1041 4087 1398 4152 ostendi,sed
1419 4102 1602 4142 unum
1625 4087 1834 4142 saltem
1862 4086 2200 4156 speciminis
2214 4087 2340 4141 loco
2362 4086 2605 4156 adferre
2625 4087 2909 4157 sufﬁciat.
2928 4090 3191 4147 Homilia
3216 4092 3272 4147 Χ
3286 4107 3351 4162 p.
3376 4093 3473 4146 221
3497 4092 3614 4148 edi-

196 4181 368 4238 tionis
399 4178 939 4248 Franco/‘urtanae
957 4178 1129 4232 nullo
1152 4191 1325 4232 sensu
1356 4175 1575 4246 legitur
1599 4174 1809 4227 ὶκπεινεῑ

2002 4170 2141 4245 διψᾷ
2160 4175 2568 4247 ὑπάρχουσι,ἱη
2597 4192 2851 4247 quorum
2882 4178 3192 4234 verborum
3225 4181 3417 4235 locum
3451 4196 3611 4249 repo-

197 4270 423 4327 suimus
454 4267 505 4321 ἓν
538 4267 685 4341 πείνῃ
714 4285 806 4318 και
838 4262 970 4339 δίψῃ
1005 4266 1335 4339 ὑπάρχουσι.
1373 4263 1650 4331 Quamvis
1680 4278 1787 4320 nec

2005 4281 2013 4317 ς
2053 4268 2449 4333 congruenter
2479 4265 2596 4335 legi
2624 4267 2807 4334 possit
2836 4269 3059 4320 ἓκπιινοι
3088 4273 3177 4320 καὶ
3206 4265 3438 4339 ἔκδιψοι,
3466 4285 3618 4341 quae

202 4360 377 4416 verba
383 4358 578 4430 paulo
590 4362 719 4425 post
730 4356 789 4411 in
798 4355 925 4424 ipso
936 4369 1163 4427 quoque
1176 4359 1451 4411 contextu
1462 4359 1803 4409 occurrunt.
1819 4352 1927 4409 Ubi
1938 4366 2076 4423 ergo
2088 4357 2143 4409 et
2155 4352 2523 4422 manifestum
2530 4353 2860 4422 fuit,verba
2873 4358 3134 4413 auctoris
3170 4372 3290 4414 esse
3305 4364 3614 4428 corrupta,

202 4448 591 4516 etmanifesta
614 4460 845 4517 quoque
857 4443 1284 4500 emendationis
1316 4442 1472 4497 ratio
1496 4442 1716 4511 patuit,
1747 4442 2104 4497 tentavimus
2118 4448 2417 4497 auctorem
2430 4441 2545 4496 sibi
2557 4444 2879 4499 restituere.
2912 4446 3229 4515 Aliquibus
3247 4462 3380 4503 vero
3397 4447 3460 4503 in
3477 4448 3621 4504 locis

208 4535 486 4594 Cotelerii
500 4534 818 4605 diligentia
833 4532 995 4588 nobis
1007 4531 1374 4596 inserviit,ex
1384 4529 1797 4598 manuscriptis
1812 4528 2105 4584 codicibus
2118 4529 2179 4583 in
2200 4528 2497 4586 Ecclesiae
2510 4530 2767 4587 Graecae
2778 4532 3190 4601 Monumentis,
3201 4551 3353 4606 quae
3366 4537 3621 4593 Parisiis

211 4624 389 4682 lucem
405 4622 1096 4692 adspexerunt,subinde
1109 4622 1412 4677 variantes
1429 4619 1700 4676 lectiones
1714 4619 2230 4690 adnotantis,quas
2248 4620 2340 4674 vel
2351 4619 2412 4674 in
2429 4623 2649 4675 textum
2666 4622 2991 4688 recepimus
3008 4625 3102 4679 vel
3111 4624 3192 4680 ad
3206 4625 3289 4680 lat
3296 4641 3361 4680 us
3374 4626 3624 4682 adnota-

215 4713 414 4769 vimus.
445 4712 667 4770 Latina
690 4712 880 4768 versio
898 4712 1230 4767 miserrime
1260 4709 1498 4764 omnino
1527 4723 1587 4764 se
1619 4708 1894 4771 habebat,
1922 4707 2069 4763 adeo
2096 4708 2353 4779 quidem,
2390 4714 2454 4763 ut
2486 4708 2688 4763 multis
2717 4709 2778 4764 in
2806 4711 2948 4765 locis
2978 4712 3158 4780 foeda
3206 4714 3553 4784 scribligine
3571 4720 3623 4771 et

217 4799 597 4859 barbarismis
616 4802 908 4865 horreret,
941 4814 1047 4855 nec
1076 4798 1413 4866 saepissime
1439 4813 1639 4853 verum
1660 4796 1917 4852 Macarii
1934 4811 2167 4852 sensum
2186 4797 2566 4865 exprimeret.
2596 4798 2872 4853 Dedimus
2885 4799 3075 4870 igitur
3106 4816 3367 4869 operam,
3412 4809 3535 4859 tum
3561 4810 3625 4859 ut

206 4890 393 4959 paulo
422 4892 612 4961 magis
634 4889 884 4945 Latinus
910 4887 985 4943 sit
1011 4889 1330 4955 interpres,
1352 4890 1478 4941 tum
1500 4892 1565 4939 ut
1582 4885 1842 4953 ﬁdelius,
1870 4899 2024 4957 quae
2039 4885 2286 4940 senserit
2304 4885 2428 4955 ipse
2455 4891 2682 4951 auctor,
2709 4903 2813 4942 suo
2837 4903 3105 4945 sermone
3121 4890 3630 4960 exhibeat.0uan-

209 4995 386 5051 quam
445 4983 456 5050 |
511 4994 621 5035 nec
639 4978 724 5034 sic
744 4977 979 5049 quidem
995 4975 1287 5045 possimus
1309 4974 1619 5046 spondere,
1640 4974 2106 5042 nihilsuperesse
2119 4972 2182 5028 in
2208 4974 2472 5029 versione
2484 4975 2767 5044 amplius,
2796 4977 2955 5046 quod
2972 4978 3281 5033 emendari
3304 4987 3625 5046 mereatur,

207 5084 383 5139 quum
407 5069 487 5125 sit
510 5067 940 5138 difﬁcilimum,
972 5080 1125 5136 quae
1146 5068 1393 5133 peccata
1415 5070 1556 5119 sunt
1581 5064 1656 5119 ab
1678 5062 1835 5130 aliis,
1867 5062 1953 5119 ita
1974 5063 2149 5131 plene
2168 5063 2502 5129 sustollere,
2534 5067 2596 5118 ut
2650 5065 2859 5119 nullus
2884 5065 3147 5133 amplius
3176 5082 3397 5124 naevus
3443 5085 3630 5140 appa-

208 5164 356 5214 reat.
388 5160 479 5214 Ac
514 5154 664 5211 mihi
692 5154 929 5226 quidem
955 5152 1207 5222 facilius
1242 5152 1413 5222 longe
1434 5152 1749 5209 videbatur
1772 5152 1925 5221 fore,
1951 5165 2166 5207 novam
2197 5153 2559 5208 concinnare
2582 5152 2921 5223 versionem,
2952 5169 3130 5225 quam
3180 5160 3425 5213 veterem
3456 5158 3629 5215 illam

212 5249 288 5303 tot
321 5246 465 5303 locis
491 5245 916 5314 incongruam,
939 5247 995 5298 et
1025 5241 1180 5298 male
1205 5240 1469 5298 auctoris
1486 5240 1670 5297 menti
1681 5239 2130 5306 respondentem
2157 5239 2476 5310 corrigere.
2509 5241 2757 5297 Textum
2781 5241 2843 5297 in
2869 5244 3151 5300 sectiones
3182 5245 3630 5317 dispescuimus,

207 5332 600 5407 interpretem
612 5331 1021 5404 germanicum
1048 5345 1117 5387 ea
1140 5329 1204 5385 in
1218 5344 1284 5386 re
1312 5332 1515 5399 secuti,
1537 5337 1599 5385 ut
1617 5329 1905 5393 videlicet,
1921 5329 2025 5400 qui
2033 5328 2661 5397 germanicumidiona
2677 5346 2809 5386 cum
2822 5345 3041 5400 graeca
3068 5334 3331 5390 auctoris
3362 5335 3635 5392 oratione

213 5427 494 5495 conferre
512 5422 778 5491 cupiant,
809 5420 969 5492 quod
992 5424 1313 5492 quaerunt,
1337 5419 1611 5489 faciliori
1636 5418 1867 5487 negotio
1888 5416 2154 5473 invenire
2165 5417 2410 5484 possint,
2432 5434 2539 5474 nec
2551 5418 2890 5490 ceteroquin
2924 5420 3130 5492 aliqua
3153 5422 3392 5479 oriatur
3420 5425 3636 5481 exinde

213 5510 935 5583 confusio.0uamvisnon
948 5509 1305 5579 negemus,si
1327 5511 1533 5563 nostra
1549 5505 2027 5563 libertateutihic
2055 5506 2222 5561 nobis
2236 5506 2442 5561 datum
2468 5506 2891 5574 fuisset,aliam
2905 5524 3014 5564 nos
3044 5510 3210 5566 haud
3224 5512 3638 5583 infrequenter

209 5599 624 5671 distinguendi
654 5598 948 5654 rationem
962 5596 1156 5666 fuisse
1176 5602 1497 5652 secuturos.
1527 5596 1901 5665 Argumenta
1930 5593 2201 5649 Homiliis
2221 5594 2363 5662 ipsis
2378 5596 2707 5665 praemissa
2732 5596 3083 5653 retinuimus
3103 5600 3636 5670 quidem,quamvis

213 5706 332 5748 non
360 5689 558 5762 ipsius
584 5687 703 5742 sint
732 5685 1008 5751 Macarii,
1035 5684 1139 5741 sed
1149 5685 1398 5743 alterius
1427 5684 1736 5740 cuiusdam
1755 5681 2037 5749 auctoris,
2052 5681 2250 5753 inepte
2273 5685 2506 5755 saepius
2531 5684 2790 5748 Macarii
2804 5691 3055 5743 mentem
3071 5684 3135 5741 in
3159 5701 3393 5745 summa
3417 5703 3637 5758 propo-

518 5821 765 5877 PA'mOL.
805 5818 910 5877 Gn.
950 5818 1198 5877 XXXIV.
3294 5818 3357 5873 12
