4084 6256
505 290 609 351 355
1628 275 1728 335 J0.
1772 274 2070 336 GEORGII
2108 272 2331 335 PRITII
2375 275 2779 335 PRAEFATIO
3801 279 3904 338 ass

503 414 717 476 nentis,
744 415 1164 479 auctoremque
1190 406 1406 474 ipsum,
1436 418 1559 459 non
1591 417 1735 459 raro
1764 417 1802 459 a
1829 417 1889 460 se
1944 417 2020 460 ne
2041 403 2411 459 intellectum
2442 402 2698 475 quidem,
2731 403 3144 473 intempestiva
3167 407 3435 461 notantis
3463 419 3737 463 censura.
3768 406 3903 463 Non

506 499 1085 573 difﬁtemurinleﬁm
1096 538 1109 562 ,
1138 493 1537 551 Homiliarum
1552 507 1844 547 summam
1858 494 2219 548 succinctius
2233 493 2420 547 multo
2439 493 2901 564 accuratiusque
2912 493 3132 562 referri
3135 496 3421 563 potuisse.
3436 495 3631 551 Index
3654 495 3905 566 denique

505 592 709 647 multis
740 591 804 643 in
832 588 967 642 locis
999 585 1233 641 auctior
1260 581 1527 637 redditus
1558 588 1612 636 et
1642 579 1979 636 ordinatior
2005 580 2200 650 factus
2230 586 2333 636 est.
2374 581 2445 637 Ut
2477 596 2638 636 nunc
2667 580 2900 651 quidem
2934 594 3179 650 sperare
3235 583 3245 653 |
3307 582 3500 647 liceat,
3548 582 3907 639 sanctissimi

512 679 710 735 Patris
728 678 957 733 labores
970 673 1191 741 insigni
1220 686 1352 726 cum
1378 670 1588 738 fructu
1602 669 2049 725 astudiosorum
2064 685 2202 724 man
2212 669 2342 724 ibus
2357 672 2470 735 teri
2478 684 2663 737 posse.
2687 668 2847 735 Quae
2868 685 3001 726 vero
3028 671 3109 726 ad
3135 671 3317 738 ipsius
3334 670 3593 726 Macarii
3614 674 3901 742 patriam,

508 783 713 839 genus,
748 766 902 821 vitae
922 763 1238 824 rationem,
1269 758 1573 814 scribendi
1599 758 1861 823 modum,
1880 773 2304 828 summamque,
2328 764 2557 827 quanta
2580 757 2836 827 cogitari
2850 764 3057 826 potest,
3087 774 3289 814 rerum
3309 759 3655 816 divinarum
3684 760 3902 816 intelli-

507 855 789 927 gentiam,
821 851 1061 922 aliaque
1090 849 1281 904 multa
1301 847 1622 916 pertinent,
1653 846 1726 901 de
1754 846 1826 901 iis
1851 845 2151 915 prolixius
2200 851 2325 901 tum
2354 861 2554 901 sumus
2581 846 2982 909 dissertaturi,
3013 862 3195 918 quum
3237 848 3495 903 Macarii
3520 848 3844 917 Opuscula,
3869 864 3905 905 a

506 946 688 1001 Petro
718 942 981 1004 Possino,
1013 954 1044 995 e
1072 940 1347 994 societate
1366 938 1507 992 Jesu
1539 936 1687 1001 viro,
1715 940 1854 992 ante
1874 950 2066 993 annos
2096 936 2326 1007 aliquot
2360 935 2600 992 Tolosae
2628 950 2658 991 e
2687 936 3113 1006 manuscriptis
3137 936 3404 1007 primum
3430 937 3596 993 nobis
3618 938 3901 1009 exhibita,

507 1032 801 1089 Homilias
831 1030 937 1085 has
962 1029 1239 1099 consequi
1254 1024 1614 1095 jubebimus.
1643 1024 1890 1080 Interim
1924 1026 2120 1081 valeat
2178 1025 2381 1088 lector,
2439 1030 2493 1079 et
2522 1039 2675 1096 quae
2698 1025 3078 1093 promisimus
3107 1026 3373 1092 iamiam,
3404 1027 3749 1096 propediem
3802 1044 3907 1084 nos

506 1122 881 1179 exsoluturos
901 1132 1025 1174 esse
1044 1116 1365 1172 certissime
1377 1112 1489 1168 sibi
1501 1113 1883 1182 persuadeat.
1916 1113 2319 1183 Properabam
2335 1112 2571 1183 Lipsiae
2588 1112 2929 1170 ineuntibus
2947 1114 3235 1170 nundinis
3249 1115 3736 1172 auctumnalibus
3756 1119 3903 1174 anni

508 1214 829 1281 reparatae
857 1205 1073 1263 salutis
1104 1204 1202 1260 cIa
1228 1202 1326 1259 Iac
1352 1200 1630 1258 XCVIII.

1387 1390 1398 1456 1
1456 1387 1850 1444 Homiliarum
1882 1388 1952 1442 B.
1985 1388 2247 1445 Macarii
2274 1389 2646 1459 singularum
2678 1388 3069 1459 Argumenta.

512 1496 531 1550 Ι
802 1488 1226 1560 Interpretatio
1255 1486 1582 1561 allegorica
1613 1485 1850 1541 visionis
1879 1487 2044 1554 apud
2075 1487 2437 1561 Ezechielem
2470 1487 2835 1561 descriptae.7
2876 1559 2887 1561 _
3034 1560 3043 1561 7
3104 1559 3111 1561 7
3416 1559 3424 1561 7
3592 1490 3731 1561 Pag.
3882 1496 3904 1546 I

512 1569 557 1622 ll
791 1566 876 1618 De
901 1557 1083 1632 regno
1124 1558 1520 1632 tenebrarum,
1555 1557 1663 1612 hoc
1690 1561 1775 1612 est
1792 1565 2058 1632 peccato,
2092 1567 2143 1613 et
2176 1558 2469 1632 hominem
2500 1558 2698 1632 solius
2726 1559 2835 1614 Dei
2867 1559 3145 1629 beneﬁcio
3175 1558 3426 1616 liberari
3450 1561 3527 1617 ab
3566 1577 3651 1617 eo.
3681 1557 3705 1561 ’
3844 1566 3909 1617 22

511 1638 585 1693 III
811 1636 887 1689 De
914 1628 1112 1703 quieta
1140 1633 1407 1697 fratrum
1436 1629 1596 1703 inter
1620 1643 1678 1683 se
1702 1628 2163 1703 conversatione,
2182 1633 2249 1703 et
2276 1631 2504 1696 proelio
2520 1630 2811 1685 interiori.
3010 1628 3014 1629 ⁷
3843 1636 3911 1688 29

511 1712 579 1763 IV
810 1700 937 1773 Qua
963 1703 1196 1758 ratione
1229 1700 1696 1773 promovendtim
1729 1702 1943 1773 invita
1965 1700 2313 1773 Christiana
2589 1771 2598 1773 7
3847 1709 3908 1761 37

511 1782 561 1831 V
805 1770 1101 1845 Quantum
1130 1770 1418 1845 discrepet
1450 1771 1574 1827 vita
1607 1770 2073 1828 Christianorum
2106 1787 2142 1828 a
2174 1772 2543 1845 reliquorum
2577 1771 2881 1829 hominum
2914 1774 3058 1831 vita.
3844 1777 3910 1831 72

510 1852 579 1906 VI
813 1842 893 1904 De
918 1846 1091 1901 ηιαάο
1121 1842 1427 1912 precandi.
2298 1842 2317 1845 ἡ
3847 1851 3911 1902 90

509 1923 606 1978 VII
808 1919 890 1974 De
914 1916 1224 1973 clementia
1250 1913 1477 1970 Christi
1491 1928 1635 1983 erga
1654 1912 1916 1969 homines
1935 1916 2231 1983 ;continet
2252 1913 2426 1971 etiam
2450 1913 2855 1985 responsiones
2871 1914 2953 1970 ad
2963 1915 3253 1987 quasdam
3278 1914 3774 1987 interrogationes

862 1990 1023 2057 forte
1052 1987 1371 2057 curiosas.7
1624 2055 1671 2057 77
1738 2055 1746 2057 _
1817 2056 1823 2057 7
1920 2055 1928 2057 7
1998 2056 2006 2057 7
3848 1991 3913 2044 99

510 2065 636 2119 VIII
807 2055 889 2117 De
919 2060 1007 2115 his
1035 2073 1187 2130 quae
1215 2056 1570 2130 contingunt
1604 2055 1956 2130 Christianis
1987 2056 2143 2111 inter
2172 2057 2487 2130 orandum.
2960 2129 2966 2130 7
3151 2129 3156 2130 7
3369 2129 3374 2130 7
3822 2064 3912 2117 I06

509 2136 576 2191 1X
808 2126 1335 2208 Promissiones7ac7
1349 2126 1702 2208 prophetias
1733 2126 1967 2208 divinas
1988 2142 2102 2208 pe7r7
2128 2129 2323 2208 varios
2353 2143 2650 2208 successus
2676 2136 2728 2185 et
2757 2129 3103 2187 tentationes
3136 2129 3395 2199 impleri,
3427 2137 3480 2187 et
3512 2131 3628 2186 soli
3650 2131 3773 2187 Deo

900 2200 1281 2259 adhaerendo
1315 2197 1559 2253 liberari
1585 2213 1690 2252 nos
1723 2198 1796 2252 ab
1827 2198 2312 2265 infestationibus
2345 2201 2719 2255 daemonum.
3216 2197 3234 2199 “
3815 2204 3911 2259 113

511 2279 567 2333 Χ
826 2274 1178 2355 Humilitate
1220 2274 1271 2325 et
1296 2269 1640 2396 dalacritate
1690 2269 1939 2325 retineri
1976 2272 2030 2325 et
2081 2273 2295 2341 augeri
2332 2270 2493 2327 dona
2533 2272 2767 2341 gratiae
2813 2271 3071 2336 divinae,
3124 2272 3402 2340 superbia
3451 2278 3643 2329 autem
3709 2280 3765 2330 et

889 2359 1134 2396 ignavia
1187 2357 1294 2396 per
1340 2359 1378 2395 ι.

889 2345 1134 2415 ignavia
1186 2345 1395 2415 perdi.7
1461 2410 1526 2415 __
1663 2410 1673 2415 _
1885 2410 1897 2415 7
1970 2410 1985 2415 7
2110 2411 2119 2415 _
2176 2411 2186 2415 7
2351 2412 2361 2415 7
2432 2412 2444 2415 7
2595 2413 2604 2415 7
2816 2414 2823 2415 7
3819 2346 3918 2399 I26

508 2422 582 2476 XI
831 2410 1115 2473 Virtutem
1144 2413 1336 2469 sancti
1360 2410 1622 2483 Spiritus
1650 2410 1714 2483 in
1754 2410 1929 2465 corde
1959 2410 2213 2467 hominis
2241 2428 2301 2469 se
2339 2412 2557 2469 habere
2581 2413 2777 2469 instar
2802 2414 2979 2483 ignis.
3821 2415 3918 2470 I32

511 2492 613 2546 XII
833 2491 916 2543 De
942 2490 1102 2542 statu
1133 2484 1311 2541 Adae
1336 2488 1467 2554 post
1498 2481 1813 2554 imaginem
1853 2484 1958 2538 Dei
1982 2484 2301 2549 perditam.
2338 2487 2347 2554 Ι
2829 2481 2842 2483 ⁷
3824 2492 3915 2542 451

511 2563 632 2617 XIII
818 2559 992 2626 Quem
1024 2559 1284 2628 fructum
1318 2570 1352 2609 a
1374 2553 1730 2628 Christiano
1756 2554 1909 2608 Deus
1939 2554 2159 2624 exigat.
2318 2553 2345 2628 7’
2421 2627 2425 2628 7
2495 2626 2504 2628 _
2535 2626 2546 2628 _
2593 2626 2605 2628 7
3824 2558 3915 2612 I71

510 2634 636 2688 XIV
822 2629 933 2697 Qui
961 2626 1032 2683 se
1049 2628 1326 2682 dedicant
1363 2627 1496 2687 Deo,
1524 2639 1643 2679 non
1674 2626 1801 2679 sine
1827 2640 1927 2692 spe
1955 2626 2453 2697 remunerationis
2483 2626 2547 2680 id
2568 2626 2798 2695 facere.
3822 2633 3918 2684 I73

510 2705 607 2758 XV
824 2696 1011 2768 Quam
1056 2704 1260 2753 sancte
1303 2704 1354 2751 et
1383 2700 1544 2768 caste
1556 2711 1617 2750 se
1661 2710 1867 2765 gerere
1887 2696 2093 2751 debeat
2116 2696 2317 2752 anima
2382 2697 2702 2752 Christiani
2728 2710 2874 2767 erga
2902 2697 3204 2754 Christum
3231 2712 3513 2767 sponsum
3537 2713 3732 2755 suum.
3817 2702 3912 2755 IBI

512 2776 639 2830 XVI
812 2767 1169 2841 Spirituales
1195 2768 1450 2824 homines
1489 2767 1771 2823 obnoxios
1796 2782 1916 2823 esse
1953 2768 2379 2823 tentationibus
2407 2776 2461 2824 et
2492 2768 2915 2837 afﬂictionibus
2937 2784 3197 2840 quarum
3213 2769 3379 2840 origo
3396 2776 3479 2826 est
3501 2770 3765 2839 primum

875 2850 1201 2911 peccatum.
1590 2909 1596 2911 7
1819 2908 1828 2911 7
1880 2909 1887 2911 _
2012 2910 2019 2911 7
2206 2910 2209 2911 7
3816 2845 3920 2897 240

514 2918 652 2973 XVII
812 2908 896 2970 De
924 2912 1391 2969 Christianorum
1430 2909 1707 2965 unctione
1736 2908 2046 2978 spirituali
2068 2918 2122 2964 et
2150 2910 2369 2979 gloria.
3813 2916 3916 2968 257

508 2989 687 3045 XVIII
808 2988 890 3042 De
915 2986 1194 3041 thesauro
1228 2980 1722 3049 Christianorum,
1754 2983 1856 3051 qui
1879 2988 1962 3037 est
1994 2981 2265 3037 Christus
2290 2988 2345 3038 et
2374 2981 2634 3051 Spiritus
2663 2988 2926 3047 sanctus,
2957 2982 3142 3038 variis
3166 2983 3353 3039 modis
3376 2997 3654 3040 exercens
3683 3000 3778 3041 eos

869 3057 949 3112 ad
971 3053 1394 3126 perfectionem
1434 3052 1883 3126 assequendam.
2074 3125 2081 3126 7
2112 3124 2123 3126 _
2361 3124 2370 3126 7
3815 3057 3922 3110 274

504 3132 624 3187 XIX
807 3124 1189 3186 Christianus
1217 3126 1502 3192 proﬁcere
1527 3125 1727 3179 volens
1759 3124 1840 3179 ad
1868 3138 2033 3179 omne
2061 3124 2124 3178 id
2158 3126 2319 3195 quod
2350 3124 2571 3181 bonum
2597 3133 2705 3192 est,
2737 3140 2798 3182 se
2828 3126 2888 3180 vi
2917 3126 3269 3193 compellere
3308 3126 3496 3183 debet.
3813 3127 3918 3181 287

510 3205 611 3259 XX
812 3200 979 3255 Solus
1008 3199 1283 3254 Christus
1312 3195 1545 3250 sanavit
1578 3195 1860 3258 animam,
1897 3209 2075 3265 quam
2107 3203 2456 3252 ornamento
2486 3197 2725 3265 gratiae
2755 3212 2899 3252 suae
2927 3197 3169 3254 vestivit.
3816 3199 3921 3253 298

506 3275 628 3330 XXI
811 3270 1049 3326 Homini
1076 3269 1414 3324 Christiano
1444 3267 1673 3336 duplex
1701 3266 1989 3321 incumbit
2023 3266 2261 3331 bellum,
2298 3273 2609 3323 externum
2640 3274 2696 3323 et
2726 3267 3050 3323 internum.
3818 3269 3919 3325 307

508 3346 661 3401 XXII
805 3343 887 3397 De
910 3340 1141 3409 duplici
1169 3346 1331 3394 statu
1366 3337 1793 3393 decedentium.
2262 3408 2265 3409 7
3818 3344 3921 3397 313

512 3416 685 3471 XXIII
815 3415 897 3469 Hi
922 3408 1034 3467 soli
1059 3411 1330 3465 diadema
1363 3409 1591 3478 regium
1630 3414 1861 3478 gestare
1888 3414 2129 3475 possunt
2165 3408 2269 3479 qui
2292 3412 2431 3464 sunt
2457 3425 2487 3465 e
2513 3409 2732 3465 semine
2752 3409 2939 3479 regio.
3817 3415 3924 3468 314

508 3487 674 3541 XXIV
815 3482 1295 3539 Christianorum
1329 3489 1516 3534 status
1542 3488 1919 3534 mercaturae
1947 3487 1997 3533 et
2026 3481 2479 3547 fermentationi
2506 3480 2711 3536 similis
2742 3485 2844 3536 est.
3818 3483 3923 3539 318

509 3558 646 3613 XXV
817 3556 935 3610 Per
960 3552 1415 3608 inobedientiam
1442 3549 1665 3624 redacti
1694 3564 1896 3624 sumus
1930 3548 2007 3624 in7
2027 3550 2392 3624 servitutem,
2427 3566 2462 3606 a
2496 3566 2614 3622 qua
2652 3566 2761 3621 per
2788 3553 3143 3622 mysterium
3176 3552 3370 3607 crucis
3402 3549 3733 3608 liberamur
3757 3574 3781 3624 ,-

866 3627 1000 3681 item
1028 3624 1101 3679 de
1132 3623 1517 3678 lacrimarum
1550 3627 1603 3677 et
1632 3621 1786 3689 ignis
1816 3620 2008 3674 divini
2036 3621 2331 3688 efﬁcacia.
2506 3620 2521 3622 “
2654 3620 2663 3621 ί
2862 3620 2870 3622 '
3757 3620 3766 3624 τ
3817 3625 3927 3680 325

510 3700 685 3755 XXVI
822 3693 1561 3835 De7d7ignitate71acultate,
1583 3698 1637 3747 et
1666 3691 2104 3760 operationibus
2122 3693 2383 3761 animae,-
2413 3700 2467 3749 et
2489 3708 2608 3765 qua
2637 3693 2870 3749 ratione
2901 3699 3212 3750 tentetura
3243 3692 3504 3757 diabolo,
3536 3701 3588 3749 et
3619 3694 3777 3751 abeo

922 3784 940 3821 i
983 3782 1078 3821 ere
1106 3782 1195 3820 ur.

897 3769 1195 3822 liberetur.
1234 3766 1242 3822 |
3816 3766 3925 3821 338

511 3841 706 3898 XXVII
815 3841 1176 3908 Dignitatem
1203 3833 1267 3908 et
1286 3841 1503 3908 statum
1525 3833 1770 3908 hominis
1795 3833 2131 3908 Christiani
2148 3834 2549 3906 prosequitur,
2572 3835 2810 3906 eiusque
2828 3834 3076 3891 liberum
3101 3835 3442 3901 arbitrium,
3462 3836 3777 3904 permixtis

905 3905 1140 3965 interim
1181 3906 1423 3961 utilibus
1453 3905 1910 3977 quaestionibus.
2258 3976 2261 3977 7
2339 3905 2347 3906 “
2711 3905 2718 3906 “
3816 3909 3923 3963 367

508 3984 724 4039 XXVIII
820 3981 1111 4038 Describit
1139 3995 1211 4034 ac
1238 3976 1512 4046 deplorat
1543 3977 1939 4032 calamitatem
1968 3978 2223 4041 animae,
2241 3976 2304 4032 in
2328 3993 2447 4048 qua
2477 3984 2723 4045 propter
2743 3984 3054 4042 peccatum
3070 3993 3188 4031 non
3222 3978 3451 4033 habitat
3476 3977 3771 4034 Christus.
3818 3982 3922 4036 394

513 4056 680 4112 XXIX
825 4052 1062 4120 Duplici
1105 4050 1336 4106 ratione
1358 4048 1621 4119 gratiam
1653 4064 1822 4104 suam
1859 4049 2119 4117 largitur
2161 4049 2323 4112 Deus,
2354 4049 2522 4103 cuius
2551 4050 2821 4118 fructum
2859 4050 3099 4104 tandem
3121 4049 3277 4120 iusto
3307 4049 3523 4105 iudicio
3548 4053 3784 4119 repetit.
3817 4054 3915 4106 401

511 4128 667 4182 XXX
816 4119 928 4181 Exi
947 4123 1178 4191 Spiritu
1205 4125 1411 4177 sancto
1438 4120 1669 4191 renasci
1701 4120 1867 4191 debet
1896 4121 2098 4174 anima
2130 4120 2236 4191 Dei
2262 4136 2512 4189 regnum
2543 4120 2908 4188 ingressura,
2943 4126 2993 4175 et
3024 4120 3128 4190 qui
3157 4119 3266 4191 hoc
3291 4121 3421 4187 ﬁat.
3816 4126 3916 4178 411

512 4198 681 4255 XXXI
825 4190 1049 4252 Fidelis
1066 4194 1265 4249 animo
1283 4190 1505 4246 mutari
1523 4191 1710 4256 debet,
1732 4197 1783 4247 et
1809 4190 1869 4245 in
1888 4192 2069 4245 Deum
2089 4190 2371 4260 colligere
2386 4191 2769 4260 cogitationes
2792 4206 3007 4258 omnes,
3040 4207 3075 4247 a
3100 4190 3311 4262 quibus
3334 4205 3467 4248 vere
3486 4191 3773 4261 dependet

901 4266 1237 4337 obsequium
1270 4263 1558 4337 divinum.
1705 4332 1718 4337 7
1780 4333 1792 4337 7
1941 4333 1950 4337 7
2112 4332 2122 4337 7
2195 4331 2205 4337 7
2977 4334 2987 4337 7
3077 4332 3087 4337 7
3814 4265 3921 4319 422

510 4341 718 4395 XXXII
829 4331 1551 4395 Gloria-Christianorum
1581 4332 1751 4387 modo
1772 4333 1913 4387 latet
1927 4333 1989 4385 in
2018 4331 2475 4405 animiseorum,
2501 4332 3115 4405 quaeresurrectionis
3142 4338 3403 4403 tempore
3425 4339 3701 4405 emerget,
3718 4338 3775 4391 et

904 4406 1235 4464 illustrabit
1263 4419 1517 4474 corpora
1552 4418 1662 4471 pro
1691 4417 1797 4458 suo
1824 4417 2089 4473 quaeque
2117 4404 2310 4460 modo.
2520 4404 2523 4405 ⁷
3590 4404 3596 4405 “
3809 4408 3915 4462 430

510 4483 723 4539 XXXIII
821 4483 1006 4548 Quam
1035 4483 1259 4533 attente
1288 4476 1723 4548 diligenterque
1743 4475 2112 4548 precandum
2144 4474 2238 4530 sit.
3808 4477 3914 4534 443

511 4554 735 4610 XXXIV
820 4544 902 4607 De
928 4550 1125 4621 gloria
1154 4544 1630 4621 Christianorimi
1656 4545 1775 4600 illis
1796 4561 1914 4599 non
1943 4544 2170 4615 ignota.
3810 4551 3909 4604 447

508 4626 716 4697 XXXV
828 4618 1187 4697 De'sabbato
1213 4618 1453 4687 antiquo
1484 4624 1742 4697 et7novo.7
1828 4686 1839 4697 7
3806 4622 3913 4697 §§2

513 4696 719 4751 XXXVI
830 4694 1076 4748 Diversa
1107 4695 1188 4745 est
1217 4689 1652 4758 resurgentium
1678 4688 1899 4756 gloria.
3802 4693 3908 4747 455

510 4766 757 4823 xxxvn
814 4766 895 4821 De
920 4762 1211 4834 paradiso
1240 4766 1294 4815 et
1324 4759 1798 4834 legespirituali-
2045 4828 2080 4834 __
2251 4831 2259 4834 _
2334 4829 2393 4834 Α,
2458 4832 2466 4834 7
2534 4830 2543 4834 _
2640 4830 2650 4834 ,
2907 4830 2917 4834 _
3126 4829 3136 4834 ,
3805 4763 3910 4817 457

509 4836 779 4894 XXXVIII
819 4828 1051 4891 Exacto
1081 4848 1227 4898 opus
1248 4840 1331 4887 est
1360 4828 1581 4903 iudicio
1608 4832 1669 4885 in
1701 4828 2107 4903 discernendis
2136 4831 2287 4885 veris
2320 4829 2698 4903 Christianis,
2734 4836 2788 4887 et
2813 4830 3057 4903 quinam
3082 4829 3206 4886 sint
3232 4830 3350 4888 illi.
3804 4834 3910 4889 470

513 4908 709 4965 XXXIX
820 4908 906 4961 Ad
934 4906 1079 4977 quid
1103 4903 1417 4977 Scriptura
1449 4901 1655 4977 divina
1684 4901 1860 4977 nobis
1878 4900 2212 4977 donataest
2237 4916 2274 4956 a
2310 4902 2443 4957 Deo.
2822 4900 2839 4903 ⁷
3807 4906 3909 4977 475

512 4982 596 5036 XL
836 4971 1128 5032 Virtutum
1160 4971 1318 5029 inter
1346 4988 1405 5027 se
1434 4972 1759 5040 colligatio,
1791 4971 1991 5025 itidem
2020 4971 2318 5027 vitiorum.
3802 4975 3909 5028 1,77

508 5051 617 5110 XLI
816 5050 1004 5115 Quam
1042 5046 1352 5114 profunda
1388 5044 1508 5098 sint
1537 5042 1773 5098 animae
1799 5044 2154 5110 penetralia,
2185 5058 2337 5113 quae
2369 5045 2377 5113 |
2410 5044 2705 5113 paulatim
2736 5044 3105 5099 incrementa
3133 5043 3372 5115 gratiae
3391 5050 3500 5100 aut
3526 5044 3810 5102 vitiorum

897 5118 1135 5186 accipit.
2153 5185 2156 5186 7
2265 5185 2274 5186 7
2430 5185 2437 5186 7
3048 5185 3053 5186 7
3107 5185 3111 5186 7
3802 5119 3909 5173 485

510 5195 643 5251 XLII
808 5193 942 5248 Non
968 5186 1361 5260 externa,7sed
1385 5188 1623 5242 interna
1638 5191 1982 5254 promovent
2008 5190 2111 5241 aut
2140 5185 2385 5241 laedunt
2416 5185 2709 5242 hominem
2751 5187 2936 5242 veluti
2963 5185 3209 5256 spiritus
3238 5186 3474 5257 gratiae
3502 5194 3610 5244 aut
3630 5188 3767 5260 Spi-

898 5264 1046 5317 ritus
1076 5258 1391 5317 neauiliae.
3676 5258 3693 5260 ἡ
3805 5260 3910 5315 488

506 5338 663 5393 XLIII
796 5336 883 5391 De
898 5275 1751 5402 2233;732:3333?Christiani.
1786 5326 1953 5382 cuius
1980 5330 2099 5402 tota
2140 5327 2221 5381 vis
2251 5327 2534 5394 dependet
2566 5344 2603 5402 ᾳ
2633 5329 2829 5402 corde,
2861 5335 2925 5402 ut
2957 5328 3250 5402 hicvarie
3273 5328 3651 5402 describitur.

506 5409 665 5465 XLIV
802 5397 1097 5472 Quantam
1119 5403 1181 5457 in
1207 5400 1439 5456 homine
1459 5397 1804 5456 Christiano
1828 5400 2217 5455 mutationem
2240 5414 2310 5455 ac
2326 5399 2762 5455 renovationem
2777 5400 2974 5469 faciat
3004 5399 3295 5466 Christus,
3319 5400 3425 5472 qui
3458 5400 3693 5458 morbos

894 5476 1132 5532 animae
1160 5472 1417 5529 sanavit.
3807 5473 3909 5530 502

501 5551 633 5609 XLV
800 5549 1001 5604 Nullis
1027 5545 1257 5602 artibus
1286 5548 1391 5599 aut
1411 5541 1682 5607 operibus
1696 5540 1871 5596 huius
1892 5539 2126 5615 mundi,
2158 5540 2261 5615 sed
2280 5541 2403 5615 solo
2433 5540 2654 5615 Christi
2672 5542 2943 5615 adventu
2971 5547 3251 5599 sanatum
3280 5557 3400 5600 esse
3426 5542 3721 5601 hominem
3740 5558 3766 5615 ,‘

891 5620 1058 5698 cuius
1087 5630 1367 5698 magnam
1399 5630 1530 5670 cum
1554 5615 1681 5698 7Deo
1712 5612 2111 5698 cygnationem
2141 5612 2324 5679 refert
2350 5613 2499 5698 haec
2520 5613 2783 5698 7ho7mil7ia7.
2870 5684 2908 5698 77
2957 5684 2967 5693 7
3035 5690 3047 5698 7
3081 5684 3163 5698 7777
3264 5684 3280 5698 7
3350 5684 3363 5697 7
3628 5685 3667 5698 77
3740 5612 3750 5615 ⁷
3798 5615 3905 5698 ς)έὲ

499 5691 657 5755 XLVI
802 5693 888 5749 De
910 5682 1247 5765 diﬁcrentia
1264 5689 1420 5743 inter
1440 5685 1681 5743 verbum
1711 5682 1819 5740 Dei
1834 5685 1887 5739 et
1912 5682 2152 5740 verbum
2172 5683 2403 5748 mundi,
2427 5689 2483 5741 et
2508 5685 2666 5741 inter
2682 5685 2839 5753 ﬁlios
2856 5684 2967 5740 Dei
2992 5690 3048 5741 et
3064 5684 3227 5756 filios
3254 5684 3432 5743 huius
3450 5685 3684 5744 mundi.
3796 5687 3904 5744 523
