4084 6256
213 353 301 409 357
1074 346 1169 404 AD
1207 346 1599 405 EDITIONEM
1629 345 1880 405 OPUSC.
1923 346 1982 405 S.
2029 347 2332 405 MACARII
2373 347 2738 406 AEGYPTII.
3487 353 3593 411 358

210 474 348 531 XLVI
359 475 376 528 l
525 471 870 540 Explicatio
897 473 1226 542 allegorica
1255 473 1634 543 quorundam
1660 473 1767 528 sub
1797 473 1921 542 lege
1958 471 2138 542 [bene]
2164 473 2488 542 factorum.
3486 478 3592 533 530

209 545 391 601 XLVIII
515 545 602 599 De
627 544 896 612 perfecta
919 544 1039 611 ﬁde
1072 545 1136 598 in
1169 546 1373 599 Deum.
3485 549 3592 604 547

205 618 340 673 XLIX
512 616 646 672 Non
678 617 819 670 satis
860 622 939 670 est
970 616 1146 671 huius
1178 617 1404 672 saeculi
1429 614 1673 671 delicias
1703 614 2165 685 reliquisse,nisi
2184 616 2314 687 quis
2341 616 2591 672 alterius
2618 615 2843 672 saeculi
2866 615 3286 674 beatitudinem
3315 633 3447 674 con-

204 760 238 814 L
506 693 944 829 oeiiqgs‘ifuqrii
962 773 1074 827 per
1103 765 1336 814 sanctos
1361 772 1492 812 suos
1523 761 1576 812 et
1608 763 1918 813 creaturas
1949 757 2066 813 edit
2096 758 2417 814 miracula.

255 883 568 947 [Sequuntur
594 883 857 932 Homiliae
878 883 1040 938 1-566,
1079 882 1202 931 dein
1235 882 1393 931 Index
1417 895 1593 931 rerum
1613 895 1670 930 ac
1700 881 2072 993 cientenéiarqm
2106 882 2168 1007 ]in
2201 881 2261 930 Β.
2292 881 2516 932 Macarii
2544 881 2791 932 Homiliis
2825 887 3180 933 contentarum
3212 884 3533 947 alphabetico

1646 959 1707 993 or
1746 959 1830 993 me
1899 958 1999 1007 igcs
2025 958 2098 993 us.

1646 958 1830 993 orame
1864 958 2098 1007 aigcstus.

1242 1314 1728 1404 EIUSDEM
1844 1315 2470 1404 PRAEFATIO

860 1522 968 1583 AD
1015 1523 1433 1584 EDITIONEM
1477 1522 2045 1583 OPUSCULORUM
2089 1523 2152 1583 S.
2200 1521 2518 1582 MACARII
2561 1520 2922 1584 AEGYPTII

1698 1669 2016 1708 lNSCRlPTAM
2059 1671 2072 1708 ἒ

193 1782 382 1838 Sancti
395 1781 600 1838 Patris
618 1779 862 1837 Macarii
882 1783 921 1833 Α
937 1779 1163 1849 egyptii
1180 1780 1483 1847 Opuscula
1495 1781 1796 1834 nonnulla
1811 1786 1862 1834 et
1879 1780 1925 1833 A
1935 1778 2426 1850 pophthegmata.
2445 1778 2469 1832 ι
2478 1793 2532 1850 o.
2546 1777 2830 1848 Georgius
2844 1778 3067 1834 Pritius
3090 1779 3339 1850 collegit,
3355 1781 3590 1847 revidit,

255 1854 494 1909 latinam
529 1853 851 1908 versionem
880 1852 1136 1906 studiose
1161 1851 1514 1914 emendavit,
1549 1851 1956 1922 iudicibusque
1986 1850 2229 1922 adiectis
2258 1849 2464 1922 edidit.
2502 1849 2649 1905 Cum
2671 1850 3009 1922 frivilegio
3034 1851 3098 1907 S.
3121 1849 3340 1921 Regiae
3367 1853 3590 1921 Maiest.

259 1925 448 1981 Polon.
492 1932 550 1982 et
577 1925 764 1981 Elect.
793 1924 938 1980 Sam.
967 1923 1222 1992 Lipsiae,
1254 1923 1312 1979 in
1343 1922 1683 1991 bibliopolio
1717 1920 2060 1979 G-i'ossiano.
2081 1921 2290 1977 Literis
2313 1920 2618 1990 Chistoph.
2653 1921 2995 1978 Fleischeri.
3030 1920 3219 1980 Anno
3242 1924 3336 1980 cIa
3361 1920 3460 1981 Iac
3493 1924 3525 1979 Ι
3529 1925 3587 1980 C.

263 2166 392 2221 Viro
410 2164 734 2233 magniﬁco
760 2163 1031 2218 Adriano
1058 2163 1299 2232 Stegero
1324 2162 1463 2225 Icto,
1499 2161 1839 2217 scabinatus
1863 2160 2199 2217 electoralis
2220 2160 2518 2215 adsessori
2539 2166 2592 2216 et
2619 2161 2873 2217 civitatis
2892 2162 3206 2230 Lipsiensis
3233 2165 3464 2219 consuli
3487 2165 3596 2221 hoc

191 2243 437 2307 tempore
461 2232 696 2305 regenti
719 2235 1071 2307 gravissimo
1101 2249 1228 2290 viro
1255 2234 1327 2307 de
1360 2235 1564 2307 patria
1597 2232 2070 2307 splendidissime
2090 2233 2516 2307 meritoLHaec
2555 2233 2811 2307 Macarii
2840 2239 3220 2291 monumenta
3243 2251 3279 2293 a
3305 2251 3366 2292 se
3395 2238 3590 2292 revisa

189 2315 236 2363 et
266 2303 580 2364 einendata
606 2303 780 2363 sacra
811 2321 930 2362 esse
957 2305 1116 2362 iubet
1146 2305 1302 2361 tanti
1321 2305 1570 2360 nominis
1598 2313 1914 2373 perpetuus
1953 2305 2150 2360 cultor
2182 2303 2267 2359 Ιο.
2301 2304 2588 2374 Georgius
2619 2304 2864 2360 Pritius.

1642 2552 1743 2607 Vir
1773 2551 2092 2622 magniﬁce
2129 2553 2150 2607 Ι

250 2722 399 2776 Cum
423 2734 617 2790 nuper
646 2716 981 2774 admodum
1011 2715 1246 2771 Macarii
1274 2713 1557 2770 Homilias
1589 2712 1784 2767 studio
1834 2712 2240 2784 qualicunque
2272 2715 2477 2768 nostro
2501 2712 2744 2783 politius
2771 2713 3010 2784 prodire
3039 2713 3590 2782 faceremus,ﬁdem

190 2807 408 2878 pariter
442 2807 991 2876 obstringebamus,
1022 2805 1165 2869 fore,
1183 2809 1244 2859 ut
1272 2803 1436 2858 brevi
1469 2818 1710 2873 quoque
1736 2807 2022 2873 tempore,
2050 2817 2206 2874 quae
2229 2801 2458 2873 reliqua
2481 2808 2678 2858 essent
2699 2803 3094 2876 Macarii,pari
3120 2806 3347 2861 ratione
3369 2807 3596 2861 anobis

187 2897 500 2953 emendata
526 2900 1053 2967 consequerentur.
1097 2891 1287 2960 Quam
1316 2890 1642 2946 dissolvere
1677 2906 1854 2955 nunc,
1897 2891 2062 2961 quod
2096 2890 2236 2945 boni
2269 2897 2355 2945 est
2378 2891 2687 2956 debitoris,
2719 2908 2857 2946 cum
2891 2893 3052 2964 apud
3085 2897 3355 2949 animum
3378 2896 3586 2951 consti-

198 2985 500 3050 tuerimus,
530 2986 612 3039 Tu
636 2983 954 3055 imprimis,
989 2981 1077 3036 vir
1106 2979 1478 3051 amplissima
1511 2978 1750 3034 illustris
1772 2980 2144 3044 auctoritate,
2175 2979 2545 3034 obveniebas
2577 2980 2801 3046 animo,
2828 2982 2922 3035 cui
2955 2981 3243 3054 quicquid
3276 2983 3335 3038 id
3363 2989 3450 3040 est
3475 2989 3593 3041 tra-

205 3069 434 3126 deretur
464 3073 519 3126 in
553 3071 906 3128 clientelam.
934 3068 1563 3140 SummamOpuscula
1585 3068 1729 3123 haec
1763 3074 1818 3122 et
1847 3067 2008 3123 dicta
2035 3069 2265 3125 Macarii
2299 3068 2528 3140 spirant
2549 3069 2770 3140 ubique
2798 3070 3097 3139 pietatem,
3118 3087 3274 3141 quae
3297 3073 3595 3128 coelestis-

203 3159 353 3214 sima
385 3161 558 3216 virtus
610 3166 910 3232 tantopere
959 3160 1083 3214 Tibi
1121 3159 1285 3214 cordi
1316 3164 1407 3214 est
1453 3164 1509 3212 et
1557 3173 1755 3223 curae,
1791 3163 1852 3211 ut
1883 3157 2354 3228 haudquaquam
2388 3157 2510 3212 Tibi
2562 3157 2702 3212 satis
2751 3157 2926 3213 fuerit
2977 3159 3202 3226 ingenti
3243 3161 3595 3230 prudentiae

197 3249 381 3304 civilis
409 3249 612 3305 ﬂorere
641 3250 842 3315 laude,
876 3254 930 3304 et
956 3247 1402 3320 copiosissimas
1432 3245 1758 3318 sapientiae
1798 3246 1993 3300 omnis
2034 3246 2339 3318 possidere
2367 3261 2533 3317 opes,
2577 3245 2690 3300 nisi
2727 3252 2784 3302 et
2825 3246 3080 3302 eandem
3109 3248 3596 3320 exquisitissimis

192 3337 336 3406 istis,
368 3338 591 3409 quibus
621 3338 920 3401 abundas,
951 3338 1123 3392 bonis
1161 3337 1536 3404 adiungeres,
1569 3350 1724 3407 quae
1755 3334 1916 3389 bona
1942 3334 2065 3389 iam
2088 3350 2219 3390 esse
2245 3335 2546 3400 desinunt,
2581 3334 2629 3389 si
2655 3337 2951 3400 comitem,
2991 3335 3079 3391 vel
3112 3336 3328 3392 ducem
3356 3340 3593 3406 rectius,

191 3443 306 3483 non
339 3427 609 3482 habeant
639 3426 941 3495 pietatem.
966 3425 1220 3490 Memini,
1253 3440 1360 3479 nec
1391 3425 1517 3478 sine
1572 3425 1581 3494 |
1644 3422 1945 3494 voluptate
1979 3423 2221 3478 memini
2247 3422 2697 3494 prudentissimi
2727 3423 2884 3480 illius
2907 3425 3221 3493 sermonis,
3242 3443 3424 3498 quem
3449 3428 3597 3485 hau-

187 3515 296 3572 rire
326 3513 681 3586 aliquando,
715 3529 849 3568 cum
877 3512 1053 3568 ofﬁcii
1086 3529 1268 3569 causa
1294 3514 1367 3568 Te
1407 3515 1742 3566 reverenter
1773 3511 2114 3577 salutarem,
2157 3529 2228 3567 ex
2251 3528 2351 3568 ore
2377 3515 2498 3567 Tuo
2530 3513 2973 3584 sapientissimo
3001 3514 3144 3569 mihi
3171 3513 3413 3572 feliciter
3460 3533 3604 3574 con-

187 3605 327 3676 tigit,
357 3620 502 3660 cum
527 3602 602 3658 de
624 3602 855 3674 pietatis
881 3602 1078 3658 studio
1103 3607 1256 3657 recte
1283 3606 1338 3656 et
1368 3617 1490 3656 non
1517 3601 1831 3656 ambitiose
1859 3600 2187 3656 excolendo
2225 3618 2370 3658 sane
2403 3618 2590 3673 quam
2616 3602 3054 3672 elegantissime
3085 3604 3424 3672 dissereres,
3451 3612 3513 3663 ut
3540 3615 3597 3663 et

185 3693 318 3750 ﬁdei
352 3694 674 3765 puritatem
704 3707 839 3746 cum
873 3707 1016 3747 cura
1047 3689 1521 3753 custodiendam.
1551 3694 1607 3744 et
1639 3695 1792 3760 vitae
1812 3695 2010 3745 tamen
2039 3690 2279 3746 insimul
2307 3693 2683 3747 sanctitatem
2709 3691 3222 3764 fervidius,quam
3259 3696 3435 3766 vulgo
3467 3695 3592 3751 ﬁeri

185 3783 431 3849 adsolet,
466 3781 780 3837 colendam
813 3795 966 3845 esse,
993 3780 1334 3852 tempestive
1365 3778 1697 3836 admodum
1726 3778 2103 3850 graviterque
2136 3795 2432 3836 moneres.
2460 3783 2664 3836 Fateor
2697 3781 2857 3835 enim
2883 3795 3045 3846 vero,
3070 3781 3161 3836 his
3178 3782 3348 3837 dictis
3372 3783 3508 3839 Tuis
3538 3786 3599 3841 in

185 3873 366 3930 animi
401 3870 713 3943 proposito
749 3871 822 3925 de
848 3869 1069 3924 virtutis
1098 3868 1294 3923 studio
1327 3867 1765 3939 amplectendo,
1795 3873 1852 3922 et
1880 3871 2040 3922 recto
2079 3867 2153 3922 de
2184 3867 2588 3923 incidentibus
2620 3868 3039 3923 controversiis
3061 3885 3259 3934 sensu,
3294 3887 3384 3925 me
3434 3888 3600 3944 prae-

184 3961 336 4018 clare
367 3960 560 4016 fuisse
592 3957 1025 4014 confirmatum.
1057 3957 1314 4012 Mirabar
1358 3973 1494 4012 vero
1526 3955 1786 4022 insimul,
1817 3956 2032 4020 virum,
2062 3957 2316 4024 negotiis
2361 3958 2638 4014 civilibus
2681 3957 3035 4021 districtum,
3096 3963 3152 4014 et
3202 3959 3259 4014 in
3291 3962 3599 4032 republica

185 4050 451 4123 quotidie
487 4053 843 4113 versantem,
876 4047 951 4101 de
983 4047 1160 4101 rebus
1185 4047 1405 4118 pariter
1437 4045 1651 4100 divinis
1683 4050 1802 4100 tam
1835 4050 2125 4116 prompte,
2159 4052 2281 4099 tam
2313 4046 2622 4116 exquisite,
2656 4051 2901 4117 tamque
2940 4047 3127 4102 solide
3167 4063 3346 4118 posse
3376 4065 3602 4105 sermo-

186 4140 388 4196 cinari.
442 4137 555 4194 Sed
591 4152 662 4192 ea
694 4151 1053 4205 magnorum
1081 4135 1362 4199 virorum,
1397 4151 1552 4206 quos
1585 4149 1728 4189 cura
1755 4133 2048 4188 felicitatis
2090 4149 2230 4190 suae
2263 4139 2438 4193 tenet.
2471 4135 2617 4190 ratio
2649 4143 2757 4202 est,
2797 4142 2857 4190 ut
2895 4135 3049 4190 levia
3083 4138 3289 4193 omnia
3328 4154 3458 4194 esse
3490 4139 3608 4194 exi-

183 4230 444 4291 stiment,
474 4226 730 4281 summis
757 4223 983 4296 fulgere
1000 4224 1354 4291 honoribus,
1381 4221 1813 4291 circumﬂuere,
1848 4238 2004 4294 quae
2027 4222 2083 4276 in
2106 4222 2281 4276 bonis
2301 4228 2458 4287 sunt,
2490 4223 2793 4285 omnibus,
2825 4222 3452 4280 scientiisinstructum
3479 4241 3608 4282 esse

193 4313 728 4379 excellentissimis,
761 4313 873 4367 nisi
907 4317 960 4367 et
999 4312 1229 4368 colendi
1257 4312 1525 4368 Numinis
1559 4311 1806 4366 modum
1842 4311 2151 4367 sollicitius
2183 4311 2560 4381 investigent,
2584 4312 3127 4383 investigatumque
3158 4313 3318 4368 haud
3364 4317 3606 4386 segnius

191 4407 514 4463 retineant.
540 4402 710 4458 Haud
728 4418 868 4472 ergo
890 4403 1190 4471 ingratum
1214 4401 1470 4457 arbitror
1499 4400 1624 4456 Tibi
1656 4400 1776 4454 fore
1791 4400 1904 4455 hoc
1924 4399 2721 4465 munusculum,Macariana
2740 4399 3062 4471 Opuscula,
3115 4402 3124 4470 |
3171 4417 3329 4467 cum,
3357 4403 3612 4458 sicuius-

197 4511 378 4567 quam
405 4492 559 4549 alius
591 4491 810 4560 ingenii
843 4497 1254 4556 monumenta,
1286 4506 1384 4545 res
1409 4489 1818 4544 divinissimas
1840 4490 2157 4560 bonaeque
2177 4489 2383 4559 frugis,
2412 4489 2470 4543 in
2490 4494 2794 4545 aeternam
2811 4505 3051 4561 quoque
3065 4490 3247 4546 vitam
3269 4491 3613 4558 duraturae,

196 4583 399 4639 fertilis
412 4581 597 4637 simas
624 4580 986 4636 contineant.
1003 4579 1350 4635 Cuiusmodi
1373 4578 1780 4634 voluminibus
1799 4578 1964 4634 haud
1987 4579 2131 4634 mihi
2158 4579 2430 4648 ignotum
2457 4584 2562 4644 est,
2579 4584 2878 4648 quantum
2907 4595 3066 4634 nunc
3088 4578 3416 4645 delecteris,
3436 4580 3611 4636 decli-

201 4672 343 4727 viori
375 4671 732 4744 praesertim
774 4675 967 4724 aetate
995 4668 1073 4724 ad
1105 4668 1313 4724 beatae
1355 4667 1490 4722 hinc
1523 4667 1974 4736 demigrationis
2007 4667 2452 4723 meditationem
2485 4668 2559 4722 Te
2589 4668 2894 4733 invitante,
2931 4674 2993 4723 ut
3024 4667 3512 4741 quandocunque
3541 4672 3616 4725 Te

210 4773 458 4815 evocare
493 4756 870 4829 placueritad
907 4756 1096 4812 felicia
1123 4756 1222 4811 illa
1253 4771 1440 4826 regna
1471 4771 1583 4811 sua
1613 4759 1748 4822 Deo,
1782 4758 1855 4810 Te
1886 4756 2234 4810 inventurus
2268 4756 2344 4810 sit
2390 4755 2672 4811 omnibus
2699 4757 3022 4811 momentis
3068 4757 3144 4812 ad
3198 4756 3466 4812 ultimum
3512 4758 3619 4813 iter

201 4846 662 4916 ingrediendum
697 4845 1170 4918 paratissimum.
1211 4847 1328 4915 Ego
1358 4861 1496 4900 vero
1525 4861 1590 4899 ex
1622 4845 1824 4900 animo
1855 4850 2017 4916 opto,
2054 4850 2114 4899 ut
2145 4845 2654 4915 benignissimum
2683 4846 2916 4900 Numen
2949 4848 3044 4910 Te,
3101 4847 3191 4900 vir
3224 4846 3618 4914 nobilissime,

201 4936 359 4993 inter
386 4939 508 4990 tota
527 4936 787 5006 egregia,
820 4935 1044 5006 quibus
1075 4934 1271 5005 Lipsia
1299 4949 1433 4989 mea
1449 4933 1527 4989 ad
1557 4933 1843 4988 invidiam
1877 4932 2450 4998 effloreseit,decora
2465 4933 2569 4988 diu
2593 4934 2792 4989 adhuc
2824 4940 2878 4989 et
2902 4949 3152 5004 corpore
3184 4937 3462 4991 etanimo
3482 4937 3623 4992 vali-

201 5024 348 5082 dum
381 5029 695 5080 conservet
724 5039 736 5078 :
775 5022 859 5078 ita
883 5023 1043 5078 enim
1076 5027 1130 5078 et
1155 5023 1384 5093 patriae
1400 5038 1587 5082 meae.
1607 5022 1698 5076 vel
1730 5023 1959 5077 absenti
1988 5023 2350 5087 carissimae,
2378 5022 2771 5093 prospicietur
2785 5039 2961 5094 porro
2991 5023 3619 5096 utilitatibus,Tuaque

203 5117 412 5172 merita
437 5113 634 5184 magis
663 5112 979 5184 magisque
1007 5113 1279 5183 impense
1320 5112 1720 5179 augebuntur.
1757 5111 1834 5164 De
1863 5111 2063 5168 favore
2090 5111 2232 5176 Tuo,
2268 5110 2438 5166 toties
2471 5127 2504 5164 a
2534 5113 2606 5166 Te
2633 5118 2688 5166 et
2719 5113 2986 5166 universa
3031 5111 3409 5168 nobilissima
3448 5119 3621 5182 gente

198 5204 322 5260 Tua
342 5202 494 5258 mihi
520 5201 955 5265 demonstrato,
971 5199 1090 5255 iam
1105 5215 1226 5255 non
1241 5199 1500 5269 amplius
1515 5199 1788 5255 dubitare
1811 5216 1902 5255 me
1914 5201 2133 5272 patitur
2152 5200 2339 5254 animi
2360 5200 2460 5253 Tui
2483 5201 3413 5266 constantissimabevenolentia,
3437 5218 3624 5274 quam

202 5297 355 5348 certe
382 5296 440 5348 et
466 5288 770 5358 religiosis
799 5288 1082 5360 precibus
1108 5302 1520 5358 compensare,
1548 5291 1624 5351 et,
1648 5288 1693 5342 si
1723 5303 1846 5359 qua
1877 5303 2144 5358 possum,
2170 5287 2525 5342 inserviendi
2557 5288 3028 5359 promptitudine
3064 5289 3285 5345 nutrire
3313 5289 3621 5346 studiosis-

201 5382 351 5438 sime
377 5393 625 5453 semper
653 5377 946 5434 connitar.
975 5375 1143 5434 Vale.
1188 5376 1417 5448 Lipsiae
1447 5375 1542 5432 die
1581 5376 1651 5431 VI
1695 5378 1911 5433 Iduum
1942 5377 2127 5433 Martii
2157 5378 2329 5434 Anno
2355 5377 2422 5432 R.
2455 5376 2525 5436 Ο.
2567 5378 2654 5435 clo
2687 5377 2774 5432 loc
2808 5377 2895 5434 lC.
2967 5379 2976 5448 |
