4084 6256
502 336 606 400 359

1645 334 1748 395 J0.
1779 336 2073 396 GEORGII
2112 326 2334 395 PRITII
2374 328 2772 394 PRAEFATIO

1597 671 1749 761 ΙΟ.
1835 667 2310 759 GEORGII
2419 667 2780 756 PRlTII

1128 855 1231 917 SS.
1278 854 1763 916 THEOLOGIAE
1809 851 2241 913 LICENTIATI
2283 853 2378 912 ET
2438 849 2961 912 PROFESSORIS
3006 848 3311 911 PUBLICI

1441 1040 1557 1101 AD
1599 1038 2105 1104 MACARIANA
2156 1036 2426 1099 OPERA
2474 1034 2956 1097 PRAEFATIO.

564 1387 606 1445 Ι.
626 1390 771 1445 Cum
790 1387 974 1444 Patris
1001 1385 1368 1443 sanctissimi
1395 1383 1854 1456 nominisquein
1881 1381 2141 1439 Ecclesia
2170 1384 2217 1437 Α
2248 1381 2393 1437 tonii
2430 1380 2726 1453 discipulo
2777 1398 3017 1439 sacrum
3063 1397 3192 1438 esse
3225 1386 3282 1438 et
3302 1386 3580 1439 sanctum
3620 1383 3906 1437 testatur.

489 1478 759 1541 maximi,
783 1476 986 1546 magni
1013 1475 1167 1531 illius
1188 1474 1443 1538 Macarii,
1470 1476 1859 1528 monumenta
1878 1487 2033 1543 quae
2054 1486 2139 1526 re-

486 1568 661 1640 periri
674 1572 994 1638 potuerunt
1008 1565 1232 1628 omnia,
1252 1562 1659 1617 divinissimae
1679 1561 2002 1632 sapientiae
2022 1560 2139 1631 ple-

487 1657 751 1719 nissima,
795 1660 857 1710 ut
890 1653 1137 1710 collecta
1174 1669 1210 1708 a
1251 1651 1426 1707 nobis
1466 1657 1523 1707 et
1561 1652 1761 1706 studio
1802 1666 1922 1706 non
1962 1648 2138 1722 plane

484 1745 649 1800 nullo
689 1744 880 1799 revisa
919 1747 1075 1807 sunt,
1131 1740 1427 1813 prodeant
1466 1755 1624 1795 nunc
1662 1740 1723 1794 in
1763 1738 2071 1810 publicum
2119 1754 2133 1791 :

480 1833 717 1889 lectoris
740 1833 1025 1887 interesse
1047 1836 1357 1901 putamus,
1388 1836 1453 1883 ut
1477 1843 1599 1884 non
1624 1832 1855 1883 tantum
1880 1842 2038 1899 quae
2059 1825 2140 1881 ad

477 1921 678 1993 ipsum
710 1920 1047 1985 Macarium,
1082 1918 1187 1974 sed
1216 1923 1273 1973 et
1301 1932 1457 1990 quae
1495 1916 1574 1972 ad
1600 1916 1752 1972 illius
1784 1918 1977 1988 Opera
2003 1915 2141 1970 insi-

480 2009 978 2081 gnemqueillam,
1003 2024 1162 2081 quae
1176 2006 1732 2064 admirabilisinillo
1762 2012 1869 2068 est,
1884 2004 2141 2060 docendi

476 2101 794 2164 rationem,
833 2104 887 2152 et
928 2103 1195 2152 nostram
1238 2096 1517 2166 denique,
1560 2110 1745 2166 quam
1775 2094 1923 2149 Patri
1966 2108 2140 2148 vene-

476 2188 671 2243 rando
706 2195 766 2242 ut
790 2186 919 2242 orbi
952 2185 1179 2241 literato
1223 2184 1449 2255 integer
1483 2182 1809 2247 sisteretur,
1843 2181 2139 2253 praestiti-

480 2294 615 2331 mus
664 2291 935 2346 operam,
984 2274 1278 2346 pertinere
1330 2273 1626 2336 videntur,
1681 2272 1743 2327 in
1800 2271 1915 2327 hoc
1966 2270 2139 2326 veluti

479 2363 773 2420 vestibulo
805 2363 1198 2418 exhibeantur
1224 2377 1237 2427 ;
1272 2361 1330 2416 id
1362 2360 1528 2431 quod
1560 2375 1752 2432 nuper
1780 2360 2133 2424 admodum,

478 2468 616 2508 cum
647 2450 927 2506 Homilias
955 2450 1309 2521 praecedere
1336 2455 1565 2520 partem
1589 2448 1746 2504 hanc
1772 2448 2019 2504 alteram
2048 2449 2140 2502 in-

480 2540 784 2604 beremus,
820 2539 1041 2593 fuimus
1075 2537 1337 2610 polliciti.

549 2632 615 2683 ll.
649 2632 805 2683 Duos
828 2634 1032 2682 autem
1056 2628 1169 2682 hoc
1195 2627 1460 2695 insignes
1486 2625 1784 2697 imprimis
1811 2626 2051 2682 nomine
2072 2626 2135 2682 in

2248 1471 2607 1542 Quanquam
2630 1471 2960 1527 Galesinius
2981 1477 3037 1527 et
3065 1472 3350 1527 Baronius
3378 1470 3505 1526 suis
3532 1471 3592 1526 in
3624 1472 3916 1541 Martyro-

2246 1559 2419 1629 logiis
2450 1560 2633 1632 priori
2668 1560 2748 1615 illi
2780 1559 3164 1616 Alexandrini
3194 1558 3555 1617 vocabulum
3587 1558 3912 1624 adiiciunt,

2250 1654 2311 1703 ut
2326 1649 2465 1704 inde
2482 1649 2870 1720 posteriorem
2883 1649 3243 1720 Aegyptium
3260 1664 3391 1705 esse
3409 1648 3687 1705 hariolari
3705 1647 3912 1715 liceat,

2248 1737 2519 1793 Vicissim
2534 1743 2736 1793 tamen
2751 1737 3072 1803 Palladius,
3087 1754 3226 1794 cum
3244 1739 3318 1794 de
3337 1737 3589 1795 Macario
3605 1737 3913 1809 Aegyptio

2248 1826 2387 1896 agit,
2420 1826 2573 1882 adeo
2600 1842 2720 1881 non
2743 1831 3058 1891 memorat,
3089 1828 3351 1883 eundem
3371 1826 3612 1882 Antonii
3632 1825 3915 1897 discipu-

2247 1915 2374 1970 lum
2414 1914 2617 1981 fuisse,
2664 1921 2723 1970 ut
2763 1916 2823 1970 id
2864 1918 3059 1987 potius
3097 1916 3171 1972 de
3218 1916 3468 1972 Macario
3494 1913 3913 1970 Alexandrino

2248 2007 2463 2059 referat
2500 2005 2597 2075 (4).
2647 2007 2754 2061 Res
2794 2020 2935 2074 ergo
2969 2005 3117 2061 haec
3158 2022 3288 2061 esse
3320 2005 3552 2060 videtur
3578 2004 3639 2060 in
3672 2006 3682 2073 Ι
3716 2009 3915 2069 certa,

2249 2092 2361 2147 nisi
2393 2093 2608 2165 aliquis
2637 2110 2775 2148 cum
2797 2093 2965 2148 Petro
2997 2094 3246 2149 Possino
3276 2093 3350 2149 de
3381 2100 3631 2165 utroque
3661 2106 3917 2163 persua-

2249 2181 2374 2236 deri
2403 2182 2510 2236 sibi
2533 2182 2709 2247 sinat,
2734 2199 2855 2239 non
2867 2184 3029 2252 falso
3052 2184 3278 2239 eosdem
3305 2182 3555 2239 Antonii
3578 2181 3917 2248 discipulos

2250 2272 2469 2337 vocari,
2502 2274 2721 2343 quippe
2760 2273 2863 2344 qui
2905 2272 3161 2328 viderint
3208 2273 3385 2328 illum
3417 2270 3915 2341 audiverintque,

2247 2360 2515 2431 quamvis
2536 2364 2823 2418 seniorem
2839 2364 3094 2423 iuvenes,
3117 2376 3189 2417 ac
3206 2376 3335 2417 sero
3358 2360 3593 2416 tandem
3620 2366 3671 2415 et
3691 2358 3915 2423 obiter,

2247 2465 2378 2504 cum
2410 2451 2490 2506 ad
2517 2450 2710 2518 ipsum
2738 2450 2820 2506 ad
2846 2450 3073 2505 brevem
3098 2449 3529 2505 venerationem
3550 2452 3742 2504 essent
3767 2462 3917 2516 pro-

2240 2538 2406 2608 fecti,
2434 2554 2574 2595 mox
2592 2539 2806 2595 iterum
2837 2540 2918 2594 ad
2942 2538 3330 2594 habitationes
3360 2554 3522 2600 suas,
3554 2552 3706 2608 quae
3727 2552 3766 2592 a
3785 2545 3920 2591 sta-

2244 2628 2399 2683 tione
2418 2628 2663 2683 Antonii
2672 2628 2999 2699 plurimum
3014 2628 3387 2697 dissitaefuer
3397 2627 3809 2692 int,reversuri
3824 2624 3915 2696 (5)

476 2718 723 2773 historia
753 2732 845 2771 res
892 2732 1299 2787 personasque
1340 2714 1774 2770 ecclesiasticas
1804 2721 2133 2787 exponente
2172 2724 2214 2779 Β
2246 2718 2360 2771 Nec
2395 2724 2549 2772 certe
2594 2717 2865 2772 videmus
2903 2716 3049 2787 quid
3090 2717 3304 2781 obstet,
3348 2732 3474 2781 cur,
3503 2731 3643 2770 cum
3682 2714 3913 2769 eodem

476 2821 785 2861 occurrere
816 2804 1044 2869 videas,
1069 2820 1330 2876 quorum
1366 2820 1550 2858 unum
1584 2805 1901 2860 Macarium
1929 2805 2134 2860 dicunt

472 2895 853 2967 Aegyptium,
873 2894 1124 2949 alterum
1142 2908 1280 2949 vero
1298 2892 1767 2948 Alexandrinum
1786 2909 1799 2958 ;
1818 2892 1922 2948 sed
1937 2893 2130 2958 ambo,

472 2988 535 3039 ut
569 2984 749 3039 habet
777 2982 1172 3052 Menologium
1198 2981 1537 3053 antiquum,
1561 2982 1985 3039 exercitatione
2012 2999 2129 3038 mo-

467 3075 721 3138 nastica,
764 3072 905 3136 vita,
952 3070 1232 3137 moribus,
1265 3070 1613 3126 admirabili
1643 3078 1652 3140 |
1685 3071 2045 3128 abstinentia
2074 3078 2128 3129 et

468 3160 781 3218 miraculis
796 3161 969 3228 fuere
982 3159 1250 3215 illustres
1278 3159 1375 3228 (l).
1403 3161 1516 3214 Nec
1537 3160 1734 3214 minus
1755 3166 1811 3215 et
1834 3162 2122 3232 Socrates,

465 3250 904 3306 ecclesiasticae
926 3248 1207 3303 historiae
1231 3248 1522 3313 conditor,
1543 3248 1738 3314 refert,
1764 3248 1950 3304 fuisse
1977 3250 2124 3306 duos

461 3339 616 3394 inter
637 3338 957 3395 monachos
980 3337 1176 3393 eodem
1199 3341 1456 3406 tempore
1474 3337 1651 3401 viros,
1680 3339 1796 3393 Deo
1816 3338 2117 3405 amabiles,

466 3434 786 3498 utrumque
814 3427 1072 3482 Macarii
1093 3427 1348 3490 nomine,
1370 3442 1553 3481 unum
1574 3441 1649 3482 ea:
1667 3428 1937 3496 Aegypto
1954 3444 2121 3495 supe-

464 3514 642 3582 riore,
697 3515 950 3571 alterum
1009 3513 1515 3577 Alexandrinum.
1568 3520 1877 3586 utrumque
1913 3517 2115 3572 multis

464 3604 637 3660 rebus
665 3603 977 3673 insignem,
1005 3610 1055 3657 et
1082 3602 1376 3670 imprimis
1402 3609 1651 3673 propter
1669 3604 2111 3670 abstinentiam,

463 3694 988 3756 conversationem,
1021 3706 1231 3756 mores,
1265 3690 1699 3763 miracutaque,
1730 3707 1883 3763 quae
1911 3708 2113 3749 eorum

462 3781 737 3837 manibus
760 3782 838 3853 ('2)
869 3780 1379 3850 perpetrabantur
1406 3780 1506 3852 (3).

534 3874 619 3926 ΙΙΙ.
660 3873 854 3927 Unum
880 3884 951 3924 ex
984 3869 1195 3924 iisdem
1229 3871 1426 3939 magni
1461 3868 1614 3924 illius
1641 3871 1897 3934 Antonii,
1930 3871 2114 3926 disci-

458 3960 658 4032 plinae
683 3959 1051 4015 monasticae
1065 3958 1325 4013 auctoris
1348 3958 1636 4029 primarii,
1658 3959 1836 4015 fuisse
1856 3959 2115 4033 discipu-

2244 2808 2509 2876 tempore
2534 2821 2671 2860 cum
2703 2806 2961 2861 Antonio
2988 2805 3240 2860 vixerint
3266 2805 3519 2869 Macarii,
3549 2820 3689 2859 cum
3713 2802 3901 2858 vitam

2242 2892 2300 2948 in
2333 2893 2648 2949 solitudine
2682 2894 3074 2949 sanctissimis
3104 2893 3593 2949 meditationibus
3625 2892 3896 2946 deditam

2240 2983 2563 3039 consectati
2594 2983 2807 3039 fuerint
2838 2982 2935 3055 (6),
2969 2983 3137 3038 cuius
3178 2982 3426 3038 instituti
3459 2982 3741 3054 princeps
3769 2984 3895 3035 erat

2238 3074 2557 3139 Antonius,
2579 3072 2736 3127 credi
2752 3087 2871 3127 non
2889 3072 3097 3144 possit,
3117 3071 3195 3127 ad
3220 3071 3483 3126 eundem
3505 3086 3569 3126 se
3595 3070 3895 3141 recepisse

2237 3163 2394 3218 viros
2421 3161 2563 3217 istos
2584 3161 2935 3233 disciplinae
2949 3161 3242 3231 rigidioris
3260 3159 3752 3223 studiosissimos,
3779 3163 3896 3214 uta

2235 3252 2359 3307 viro
2398 3250 2724 3307 sanctitatis
2764 3249 3046 3321 opinione
3084 3249 3247 3305 claro
3277 3249 3338 3303 in
3370 3264 3462 3314 eo,
3494 3248 3660 3321 quod
3688 3263 3885 3303 susce-

2232 3346 2461 3412 perant,
2498 3339 2651 3395 vitae
2684 3340 2992 3411 proposito
3019 3337 3536 3394 conﬁrmarentur.

2302 3432 2389 3482 IV.
2429 3429 2537 3485 Sed
2564 3433 2822 3499 praestat
2851 3427 3117 3496 singulos
3149 3427 3361 3482 intueri
3392 3426 3751 3482 distinctius.
3774 3427 3887 3481 Ma-

2226 3518 2421 3573 carius
2447 3518 2644 3587 igitur,
2671 3532 2852 3588 quem
2873 3516 3230 3588 Aegyptium
3251 3521 3308 3571 et
3332 3516 3626 3571 seniorem
3652 3515 3884 3579 dicunt,

2224 3622 2255 3661 e
2286 3607 2526 3675 regione
2563 3605 2863 3662 Thebaide
2894 3621 3067 3661 suam
3101 3604 3278 3661 traxit
3304 3605 3594 3673 originem
3627 3603 3731 3673 (7).
3760 3603 3884 3659 Flo-

2224 3701 2385 3751 rente
2422 3697 2542 3752 iam
2572 3700 2763 3751 aetate
2808 3700 2862 3750 et
2892 3710 3029 3749 cum
3060 3693 3260 3749 adhuc
3295 3699 3452 3749 esset
3483 3693 3733 3761 iuvenis,
3765 3692 3881 3747 vir-

2226 3784 2362 3839 tutis
2380 3785 2644 3840 studium
2674 3783 3170 3856 amplectebatur,
3198 3788 3441 3854 tamque
3471 3788 3709 3838 austero
3729 3782 3882 3837 vitae

2222 3875 2422 3943 generi
2452 3873 2638 3930 dabat
2667 3887 2939 3942 operam,
2975 3877 3033 3927 ut
3057 3867 3477 3945 παιδαριογέρων
3507 3887 3543 3926 a
3568 3870 3879 3926 monachis

2221 3962 2684 4033 appellitaretur.
2727 3962 2872 4016 Cum
2914 3963 2997 4016 XL
3023 3961 3143 4016 iam
3173 3976 3368 4016 annos
3411 3966 3587 4015 natus
3617 3964 3789 4024 esset,
3820 3960 3879 4015 in

454 4049 603 4115 lum,
644 4050 1026 4121 antiquorum
1071 4048 1403 4102 testimonia
1444 4047 1793 4118 perhibent:
1838 4050 1943 4104 sed
1987 4056 2113 4107 uter
2147 4074 2187 4129 ρ
2223 4051 2636 4122 presbyterum
2659 4056 3045 4105 consecratus
3068 4054 3173 4105 est.
3202 4052 3283 4105 LX
3307 4064 3442 4104 vero
3465 4064 3659 4104 annos
3688 4048 3880 4118 exegit

458 4137 695 4194 illorum
719 4139 767 4192 is
790 4137 982 4203 fuerit,
1004 4136 1404 4206 Aegyptiusne
1422 4152 1497 4190 an
1522 4136 1975 4204 Alexandrinus,
1995 4155 2105 4210 res,

459 4232 522 4282 ut
550 4228 800 4290 videtur,
831 4226 994 4297 apud
1017 4230 1291 4279 auctores
1316 4224 1586 4279 nondum
1610 4226 1879 4281 confecta
1904 4233 2023 4294 est;
2049 4228 2109 4283 id

455 4316 619 4387 quod
651 4322 707 4371 et
740 4317 798 4369 in
835 4330 1017 4370 causa
1062 4312 1253 4377 fuerit,
1300 4320 1359 4367 ut
1397 4312 1471 4367 de
1513 4314 1693 4368 natali
1720 4314 1839 4382 die,
1873 4316 2109 4387 utrique

454 4405 726 4459 distincte
761 4400 1159 4473 adsignando,
1210 4408 1438 4455 certum
1475 4402 1700 4473 aliquid
1735 4404 2106 4473 pronuntiari

450 4496 731 4564 nequeat.
765 4494 911 4547 Nam
944 4488 1358 4560 Martyrologia
1387 4490 1637 4561 antiqua
1675 4490 1828 4544 duos
1857 4490 2104 4561 quidem

450 4580 616 4637 fastis
664 4581 790 4634 suis
834 4580 1213 4634 inseruerunt
1258 4579 1561 4640 Macarios,
1608 4593 1867 4649 quorum
1915 4595 2102 4635 unum

452 4670 609 4725 beati
645 4669 879 4724 Antonii
924 4667 1103 4721 fuisse
1136 4664 1500 4735 discipulum
1539 4681 1681 4721 sane
1716 4674 2054 4723 memorant
2084 4685 2099 4734 ;

450 4759 554 4813 sed
581 4760 830 4829 quinam
860 4755 952 4810 ille
978 4770 1051 4809 ex
1077 4752 1315 4807 duobus
1342 4770 1376 4809 a
1406 4755 1577 4808 nobis
1601 4756 1946 4810 memoratis
1980 4756 2102 4812 fue-

448 4848 541 4911 rit,
586 4862 706 4901 non
747 4844 995 4915 perinde
1029 4842 1383 4911 adiungunt.
1430 4844 1522 4898 Sic
1562 4844 1718 4897 enim
1762 4845 2102 4914 Martyrolo-

448 4936 614 5005 gium
658 4938 989 4989 Romanum
1026 4946 1146 4985 non
1188 4936 1417 4985 tantum
1448 4939 1636 4994 vetus,
1680 4931 1785 4986 sed
1816 4939 1869 4987 et
1899 4933 2098 4989 Bellini

444 5024 605 5079 diem
624 5026 667 5078 ll
690 5020 946 5078 Ianuarii
970 5019 1143 5074 beato
1166 5019 1416 5073 Macario
1444 5020 1790 5090 simpliciter
1817 5020 1894 5075 ita
1917 5021 2095 5089 dicto,

442 5113 604 5169 diem
628 5127 767 5168 vero
796 5112 883 5166 XV
912 5107 1181 5165 eiusdem
1207 5110 1432 5163 mensis
1460 5109 1712 5164 Macario
1744 5107 1949 5166 abbati
1976 5116 2097 5167 An-

2222 4139 2281 4194 in
2312 4138 2631 4194 solitudine
2666 4156 2681 4206 ;
2713 4139 3080 4211 demumque
3118 4154 3256 4194 cum
3285 4140 3370 4194 XC
3398 4153 3591 4194 annos
3625 4136 3876 4193 vivendo

2220 4227 2337 4282 fere
2360 4228 2738 4298 explevisset,
2767 4228 3035 4282 animam
3063 4242 3261 4292 suam,
3293 4227 3599 4298 corporeis
3621 4226 3874 4281 vinculis

2216 4314 2487 4376 liberam,
2525 4318 2641 4370 Deo
2662 4315 2920 4370 reddidit
2940 4314 3101 4370 circa
3126 4330 3355 4370 annum
3385 4316 3645 4371 CCCXCI.
3682 4313 3875 4371 Multis

2217 4403 2516 4458 miraculis
2548 4403 2847 4473 insignem
2879 4402 3060 4458 fuisse
3100 4403 3364 4474 produnt
3394 4417 3629 4467 omnes,
3662 4404 3766 4475 qui
3796 4403 3871 4458 de

2214 4505 2287 4548 eo
2317 4491 2542 4547 faciunt
2569 4492 2945 4555 memoriam,
2973 4493 3368 4563 Hieronymus
3401 4491 3719 4563 imprimis,
3748 4491 3869 4547 Pal-

2212 4579 2409 4636 ladius
2440 4596 2511 4636 ac
2544 4582 2907 4637 Sozomenus
2933 4580 3034 4652 (8).

2285 4671 2344 4725 V.
2389 4670 2545 4726 Solet
2592 4674 2897 4741 praeterea
2947 4669 3425 4741 frequentissime
3476 4670 3710 4726 nomini
3741 4672 3865 4726 eius

2211 4758 2418 4828 Magni
2438 4772 2770 4827 cognomen
2794 4757 2955 4822 addi,
2987 4758 3165 4813 credo
3187 4774 3307 4814 non
3335 4759 3661 4817 imitatione
3693 4759 3707 4831 |
3739 4764 3864 4815 tan-

2211 4851 2335 4903 tum
2354 4848 2558 4917 magni
2571 4847 2726 4901 illius
2741 4847 2993 4913 Antonii,
3014 4862 3197 4920 quem
3215 4848 3342 4903 sine
3356 4847 3561 4904 addito
3575 4848 3862 4919 Magnum

2210 4951 2425 4991 vocare
2467 4935 2761 5003 solebant,
2818 4941 2900 5003 ut,
2931 4952 3070 4991 cum
3118 4938 3404 4992 Macarius
3455 4937 3568 5008 ipsi
3599 4937 3659 4992 in
3696 4938 3862 4992 omni

2210 5022 2387 5080 laude
2413 5031 2568 5080 esset
2606 5023 2963 5090 simillimus,
2996 5026 3209 5081 eodem
3243 5042 3486 5098 quoque
3514 5041 3653 5081 cum
3699 5033 3862 5082 tanto

2210 5120 2375 5184 patre
2424 5112 2589 5169 titulo
2637 5112 3026 5183 insigniretur
3066 5131 3081 5181 ;
3134 5115 3241 5170 sed
3287 5114 3585 5187 imprimis
3634 5114 3697 5170 id
3736 5114 3861 5171 fieri

2025 5256 2277 5312 NOTAE.

514 5363 593 5434 (i)
626 5361 724 5434 Die
754 5362 1005 5434 xurJan.

512 5431 589 5505 (2)
623 5433 718 5490 Sic
749 5433 994 5499 Pritius;
1026 5431 1141 5502 leg.
1168 5446 1323 5503 quae
1341 5446 1455 5501 per
1480 5444 1681 5487 eorum
1712 5444 1946 5487 manus.
1982 5433 2101 5486 EDI-

439 5521 588 5647 TOR3.)
620 5578 844 5633 Socrat.
874 5574 1023 5630 Hist.
1057 5575 1289 5631 Eccles.
1320 5572 1422 5629 lib.
1456 5572 1549 5628 IV
1568 5588 1701 5643 cap.
1730 5576 1825 5629 23.

510 5579 589 5717 ξω
615 5646 838 5703 Pallad.
872 5661 1004 5716 cap.
1033 5650 1128 5702 20.
1512 5715 1520 5717 _
1610 5716 1619 5717 ί
1663 5716 1671 5717 ί

534 5646 589 5716 4)
615 5646 838 5703 Pallad.
872 5661 1004 5716 cap.
1033 5650 1128 5702 20.

507 5715 587 5794 (5)
609 5722 813 5776 Petrus
836 5715 1119 5778 Possinus
1139 5717 1476 5791 Prolegom.
1499 5715 1562 5772 in
1599 5716 1891 5773 Thesaur.
1922 5716 2041 5770 Asc
2059 5718 2141 5773 et.

2281 5360 2363 5434 (6)
2382 5360 2528 5434 Yide
2550 5362 2701 5418 infra
2730 5378 2790 5434 p.
2823 5362 2952 5419 156.
2985 5367 3113 5420 243.

2281 5368 2363 5503 (6)
2386 5368 2528 5416 Vide
2550 5368 2701 5418 infra
2730 5378 2790 5434 p.
2823 5368 2952 5419 156.
2985 5368 3113 5420 243.

2280 5435 2333 5503 (7
2388 5433 2843 5507 ’Πιθοάοι-θῐιίῤ.
2887 5436 2961 5507 Ν
3019 5451 3144 5507 cap.
3188 5436 3250 5489 21
3286 5452 3302 5500 ;
3338 5436 3565 5492 Sozom.
3602 5436 3710 5493 lib.
3762 5434 3859 5491 ΙΙΙ

2208 5518 2346 5573 cap.
2388 5504 2454 5577 μ
2484 5507 2752 5577 {Socrat.
2792 5506 2896 5563 lib.
2930 5506 3026 5561 IV
3053 5504 3187 5577 cap.
3236 5510 3330 5562 23.

2275 5577 2355 5645 (8)
2379 5576 2467 5630 De
2504 5576 2642 5631 Vitis
2672 5578 2924 5634 Patrum
2946 5593 3089 5647 cap.
3117 5576 3207 5644 28;
3225 5577 3451 5634 Pallad.
3472 5577 3851 5634 Histor.Lau-

2203 5648 2352 5702 siac.
2392 5662 2529 5717 cap.
2576 5652 2657 5713 £9;
2700 5650 2932 5709 Sozom.
2964 5650 3071 5707 lib.
3104 5651 3199 5705 Ill
3227 5664 3364 5719 cap.
3409 5652 3498 5709 13.
