4084 6256
215 300 323 358 361
1132 304 1230 359 AD
1271 300 1662 358 EDITIONEM
1705 301 1967 357 OPUSC.
2009 303 2076 359 S.
2122 303 2423 360 MACARlI
2465 305 2821 360 AEGYPTII.
3575 309 3678 366 362

213 430 389 497 patet
411 426 501 483 ob
527 429 803 499 ingentia
821 428 1216 484 virimeritaet
1241 427 1318 483 ob
1352 427 1718 495 singularem
1736 427 1911 498 plane
1947 429 1992 481 A
2025 432 2135 484 ista
2178 445 2420 502 quoque
2453 431 2511 485 in
2546 432 2839 488 sententia
2866 447 2926 488 se
2958 433 3337 504 acquiescere
3369 433 3676 504 scriberet,

210 515 553 573 doctrinae
592 526 772 591 atque
830 518 1285 581 sanctimoniae,
1320 516 1542 587 quibus
1595 516 1913 571 virtutibus
2025 521 2374 588 praesertim
2407 537 2544 574 cum
2595 520 2894 576 Oudinum
2928 538 3170 593 quoque
3203 523 3443 578 Possino
3488 525 3677 580 succi-

210 606 449 661 mirum
488 607 558 663 in
609 608 858 663 modum
889 606 1126 671 effulsit,
1168 605 1626 677 praestantiam.
2025 622 2164 662 nere
2182 609 2703 664 animadvertisset
2721 610 3060 679 (t).lnterim
3078 627 3137 665 re
3158 612 3369 666 melius
3385 628 3672 683 expensa,

284 695 392 751 Vl.
451 697 734 765 Eremus,
769 697 828 752 in
869 712 992 768 qua
1021 695 1358 750 divinarum
1401 709 1598 748 rerum
1634 693 1829 748 studio
1859 700 1914 750 et
2024 696 2142 751 alia
2170 713 2327 752 nunc
2349 702 2546 753 mente
2579 699 2884 768 praeditus
2915 704 3004 754 est
3035 701 3119 754 vir
3148 701 3584 765 eruditissimis,
3613 707 3676 757 ut

208 782 1082 858 coelestibuscogitationibus
1097 783 1564 848 vacabat,Scetis
1580 788 1912 854 erat,quam
2023 792 2256 856 praeter
2283 787 2641 859 Aegyptium
2692 795 2747 842 et
2777 787 3248 844 Alexandrinum
3281 789 3522 844 tertium
3562 791 3671 845 Ma-

211 876 430 927 tamen
469 873 746 929 diversis
781 873 1130 928 nominibus
1157 878 1209 928 et
1242 871 1551 935 Sceticam,
1587 871 1907 942 Scetinam,
2023 875 2141 928 cari
2185 877 2194 942 Ι
2239 892 2338 929 um
2355 875 2614 947 aliquem
2632 876 2943 932 admittere
2960 877 3428 948 haudquaquam
3449 877 3674 933 velit.Et

211 961 608 1028 Scetiacam,
668 964 988 1035 Scyticam,
1049 963 1386 1034 Scytiacam
1440 966 1496 1016 et
1565 961 1909 1032 Sytioticam
2022 966 2174 1016 certe
2233 964 2394 1034 quod
2450 964 2830 1018 observatum
2872 970 2928 1020 et
2981 965 3159 1020 Cavio
3208 971 3314 1028 est,
3367 981 3488 1020 non
3521 965 3670 1020 alios

207 1052 592 1121 nuncupari
615 1052 944 1108 identidem
969 1052 1191 1107 videas.
1221 1051 1472 1122 Aegypti
1498 1065 1638 1105 vero
1653 1050 1909 1106 solitudo
2021 1051 2324 1116 Macarios,
2358 1052 2460 1124 qui
2487 1052 2725 1107 Antonii
2752 1051 3022 1123 discipuli
3048 1053 3285 1118 fuerint,
3315 1054 3527 1108 sistunt
3560 1068 3668 1108 no-

207 1138 362 1194 haec
382 1139 827 1205 fuit,conﬁuxu
846 1142 1101 1196 virorum
1117 1139 1416 1196 sanctitati
1431 1139 1785 1194 studentium
1801 1139 1908 1194 fre-

207 1229 856 1299 quentissima.Testis
869 1231 1029 1285 enim
1044 1229 1431 1286 Cassiodorus
1444 1229 1520 1299 (1)
1535 1229 1709 1294 est,in
1723 1243 1906 1284 eremo

208 1316 329 1373 hac
354 1317 554 1387 Sycti
581 1318 1007 1375 monachorum
1021 1318 1461 1388 probatissimos
1481 1323 1681 1385 patres
1711 1324 1762 1372 et
1790 1333 1907 1372 om-

203 1407 384 1462 nium
422 1412 788 1464 sanctorum
818 1412 1104 1464 moratam
1138 1422 1257 1463 esse
1292 1408 1739 1476 perfectionem.
1775 1407 1906 1472 Qua

202 1497 560 1552 occasione
587 1511 727 1551 vero
742 1496 990 1551 istumin
1013 1496 1210 1552 locum
1236 1511 1299 1551 se
1323 1495 1629 1565 receperit,
1662 1510 1906 1550 narran-

195 1587 334 1639 tem
366 1584 598 1654 ipsum
623 1583 854 1648 audire,
882 1585 986 1656 qui
1018 1584 1194 1651 volet,
1225 1582 1438 1653 poterit
1463 1583 1783 1639 Macarium
1804 1585 1901 1652 (2).

281 1671 419 1726 VII.
459 1673 588 1728 Sed
629 1672 703 1727 de
748 1673 999 1728 Macario
1029 1672 1428 1728 Alexandrino
1468 1671 1691 1743 aliquid
1722 1671 1899 1726 etiam
2014 1672 2087 1726 de
2109 1672 2364 1726 Macario
2386 1672 2546 1744 apud
2568 1672 2960 1728 Athanasium
2981 1673 3155 1744 plane
3184 1673 3323 1727 nihil
3344 1677 3550 1727 exstet.
3574 1672 3664 1727 Sic

203 1758 569 1815 dicendum
602 1766 710 1816 est.
754 1762 919 1816 Hunc
944 1762 1236 1816 iuniorem
1266 1760 1570 1831 appellant
1611 1765 1666 1815 et
1697 1762 1901 1830 potiti-
1943 1776 1982 1829 Β
2013 1767 2066 1815 et
2084 1761 2476 1832 Hieronymus
2495 1761 2763 1815 meminit
2785 1763 3028 1831 quidem
3047 1762 3352 1817 Macariiet
3373 1761 3664 1815 Amathae

2017 1137 2111 1193 bis
2140 1142 2428 1204 Socrates,
2462 1140 2849 1206 Sozomenus,
2881 1141 3308 1210 Theodoretus,
3350 1147 3405 1196 et
3435 1143 3535 1214 qui
3574 1141 3667 1196 his

2017 1228 2162 1300 ipsis
2188 1230 2246 1284 in
2282 1229 2426 1284 locis
2459 1235 2513 1284 et
2543 1229 2656 1284 hoc
2695 1234 2958 1301 tempore
2998 1231 3140 1285 vixit
3171 1230 3490 1291 Palladius,
3527 1246 3665 1285 cum

2017 1319 2215 1372 tamen
2239 1317 2544 1388 diligenter
2573 1318 2649 1373 de
2688 1318 2777 1372 his
2807 1318 2986 1373 rebus
3019 1319 3233 1374 fuerint
3259 1318 3665 1374 commentati.

2016 1407 2130 1461 Nec
2161 1422 2296 1460 vero
2351 1417 2460 1472 est,
2494 1423 2618 1472 cur,
2653 1422 2808 1478 quae
2848 1407 3136 1462 Possinus
3167 1408 3408 1479 allegat,
3440 1409 3667 1463 moveri

2015 1510 2077 1548 se
2109 1493 2325 1550 iisdem
2349 1495 2566 1567 aliquis
2603 1495 2877 1566 patiatur.
2908 1495 3054 1550 Nam
3083 1496 3244 1568 quod
3277 1495 3660 1551 Athanasium

2016 1599 2188 1638 suam
2221 1584 2276 1637 in
2304 1601 2428 1638 rem
2462 1585 2618 1648 citat,
2654 1584 2874 1639 fallitur
2904 1585 2963 1640 in
2994 1601 3064 1640 eo
3096 1587 3222 1655 ipse
3249 1590 3305 1639 et
3332 1583 3498 1647 fallii,
3527 1600 3664 1638 cum

207 1863 352 1904 cum
401 1868 424 1904 :
481 1849 792 1905 iuniorem
852 1850 1117 1921 quidem,
1161 1851 1451 1921 quoniam
1513 1849 1765 1904 Macario
1823 1849 1902 1904 illi

204 1937 542 2008 Aegyptio
564 1944 865 2009 superstes
896 1939 1132 2004 exstitit,
1160 1944 1433 1992 mortuus
1463 1937 1731 2002 demum,
1763 1954 1900 1992 cum

204 2025 251 2077 C
312 2041 535 2081 annos
592 2026 854 2091 vixisset,
907 2042 1068 2082 anno
1127 2027 1388 2083 CCCCIV.
1429 2026 1709 2082 Potiticus
1759 2041 1900 2081 vero

204 2112 426 2168 dictus
487 2119 600 2180 est,
655 2115 822 2186 quod
855 2131 974 2171 non
1006 2116 1067 2170 in
1117 2115 1435 2170 solitudine
1461 2115 1754 2170 duntaxat
1806 2116 1899 2170 Ni-

208 2202 460 2269 triensi,
484 2203 549 2258 in
577 2220 764 2274 quam
792 2204 1332 2271 secesserat,vitam
1364 2204 1758 2259 monasticam
1776 2220 1901 2259 am-

204 2291 446 2362 plexus
496 2299 856 2358 versaretur,
895 2292 1001 2347 sed
1031 2293 1197 2365 quod
1230 2293 1408 2347 etiam
1441 2293 1497 2346 in
1534 2293 1744 2347 urbem
1793 2292 1898 2348 ali-

206 2380 488 2451 quando
523 2381 764 2450 veniret,
813 2382 915 2452 qui
959 2388 1016 2436 et
1061 2397 1348 2449 magnam
1385 2381 1539 2436 vitae
1569 2387 1794 2451 partem
1835 2381 1895 2436 in

205 2468 355 2524 luce
384 2475 450 2524 et
477 2470 666 2526 oculis
687 2470 999 2525 hominum
1037 2471 1436 2539 transegisset.
1481 2472 1651 2525 Anno
1681 2473 1894 2526 aetatis

209 2559 303 2613 XL
326 2558 715 2628 baptismum
739 2559 1074 2628 suscepisse
1090 2559 1326 2624 dicitur,
1345 2559 1656 2632 presbyter
1676 2559 1893 2615 deinde

211 2645 426 2701 factus
454 2653 511 2703 et
537 2647 1006 2703 archimandrita
1035 2648 1359 2704 Nitriensis.
1413 2648 1422 2719 Ι
1480 2649 1626 2703 Cum
1659 2664 1797 2704 vero
1831 2649 1890 2704 in

214 2749 293 2789 eo
323 2751 474 2790 cum
494 2735 750 2790 Macario
782 2737 1074 2807 Aegyptio
1103 2736 1468 2802 conveniret,
1491 2737 1652 2808 quod
1685 2737 1893 2792 solitu-

215 2822 438 2878 dinem
479 2831 728 2889 amaret,
781 2831 836 2878 et
883 2825 1166 2880 severiori
1219 2825 1570 2896 disciplinae
1609 2842 1679 2881 ac
1738 2827 1890 2882 vitae

223 2912 545 2967 sanctioris
577 2913 774 2968 studio
802 2919 958 2968 esset
995 2913 1444 2969 addictissimus
1477 2937 1488 2968 :
1517 2920 1642 2969 tum
1670 2917 1888 2970 veroin

235 3011 312 3051 ea
369 3005 532 3068 parte
561 3001 636 3056 ab
683 3002 895 3057 eodem
929 3003 1258 3073 plurimum
1288 3003 1689 3071 discrepabat,
1723 3004 1886 3076 quod

2013 1851 2190 1904 veluti
2227 1849 2656 1920 discipulorum
2687 1849 2949 1915 Antonii,
2996 1851 3099 1921 qui
3131 1857 3186 1905 et
3212 1851 3535 1904 Amatham
3582 1849 3663 1902 ait

2013 1937 2362 2006 magistrum
2398 1954 2570 1991 suum
2600 1937 3144 2003 tumulointulisse;
3177 1939 3280 1992 sed
3307 1937 3380 1992 de
3410 1938 3661 1992 Macario

2011 2026 2157 2080 nihil
2198 2033 2504 2098 praeterea
2559 2026 2751 2081 docet.
2793 2029 2858 2081 Et
2906 2043 3093 2098 quare
3133 2043 3204 2081 ex
3252 2027 3489 2081 duobus
3530 2026 3658 2080 istis

2011 2115 2299 2180 Macariis,
2323 2131 2477 2185 quos
2507 2115 2797 2169 exstitisse
2829 2116 3100 2170 omnium
3118 2115 3494 2170 confessione
3523 2130 3661 2168 con-

2010 2210 2142 2270 stat,
2188 2220 2344 2258 unus
2372 2204 2609 2258 Antonii
2643 2220 2841 2259 comes
2880 2220 3012 2259 esse
3045 2221 3164 2258 non
3205 2204 3476 2275 potuerit,
3513 2218 3659 2257 non-

2008 2292 2154 2348 dum
2197 2309 2521 2365 possumus
2577 2293 2938 2364 perspicere.
3000 2294 3316 2347 Incoluerit
3368 2292 3657 2348 Macarius

2007 2383 2333 2453 Aegyptius
2384 2398 2489 2452 per
2537 2382 2622 2435 LX
2658 2397 2851 2436 annos
2894 2381 3272 2436 solitudinem
3324 2382 3651 2437 Sceticam:

2007 2471 2456 2542 putabimusne,
2484 2487 2588 2541 per
2618 2471 2914 2539 integrum
2942 2470 3002 2524 id
3037 2476 3271 2541 tempus
3306 2485 3423 2523 uno
3459 2469 3655 2540 ipsum

2004 2558 2135 2614 loco
2155 2560 2420 2614 adﬁxum
2445 2559 2730 2614 aliorsum
2759 2557 3086 2630 aliquando
3118 2574 3238 2613 non
3262 2557 3610 2627 migravisse
3627 2556 3656 2608 ‘P

2003 2650 2177 2719 Atqui
2197 2664 2333 2702 vero
2359 2654 2731 2718 compertum
2758 2652 2863 2713 est,
2889 2647 3215 2702 solitariam
3241 2647 3424 2701 vitam
3447 2661 3655 2700 aman-

2005 2743 2088 2792 tes
2121 2753 2260 2791 suas
2309 2753 2482 2808 saepe
2511 2736 2683 2791 sedes
2718 2737 3202 2791 commutavisse.
3246 2735 3396 2800 Quid
3453 2733 3653 2788 obstat

2003 2841 2164 2895 ergo,
2219 2825 2380 2898 quod
2421 2841 2528 2880 nec
2568 2826 2696 2897 ipse
2738 2825 3025 2879 Possinus
3073 2828 3274 2894 negat,
3321 2822 3650 2895 quominus

2002 2916 2292 2970 Macarius
2329 2914 2582 2968 subinde
2615 2930 2675 2968 se
2716 2913 2791 2968 ad
2824 2914 3147 2968 Antonium
3192 2911 3528 2977 contulerit,
3578 2926 3650 2965 ex

1998 3017 2099 3058 ore
2126 3003 2317 3075 ipsius
2343 3002 2739 3058 saluberrima
2763 3006 3077 3072 praecepta
3096 3000 3650 3070 bausturus?quem

228 3083 418 3141 hilari
459 3086 645 3144 fronte
687 3092 1013 3146 invisentes
1062 3092 1137 3146 ad
1169 3092 1368 3162 ipsum
1400 3094 1713 3163 exciperet,
1742 3093 1886 3164 lepi-
1927 3115 1966 3170 ρ
1997 3096 2074 3158 et,
2109 3109 2244 3147 cum
2305 3091 2457 3146 mori
2496 3107 2632 3146 eum
2667 3091 3005 3160 contigisset
3039 3105 3130 3154 eo,
3191 3104 3308 3160 quo
3362 3103 3650 3157 praesens

225 3172 450 3245 disque
478 3177 799 3235 oblectaret
831 3181 1232 3246 sermonibus,
1261 3181 1522 3235 iuniores
1551 3181 1884 3238 urbanitate

217 3265 499 3333 quadam
531 3268 609 3322 ad
643 3269 793 3323 vitae
827 3269 1192 3326 monasticae
1222 3269 1447 3325 cultum
1489 3270 1789 3336 alliciens;
1824 3271 1880 3326 id

217 3352 404 3421 quod
434 3353 494 3407 in
525 3356 814 3426 Aegyptio
853 3373 1024 3412 secus
1077 3374 1140 3413 se
1188 3358 1470 3414 habebat.
1505 3359 1620 3413 Nec
1654 3360 1884 3414 minora

218 3455 397 3506 vero,
452 3458 639 3514 quam
678 3444 748 3496 de
787 3448 1090 3517 Aegyptio,
1123 3447 1198 3501 de
1246 3447 1372 3502 eius
1422 3447 1754 3516 virtutibus,
1801 3450 1884 3502 vi-

214 3529 408 3585 vendi
450 3545 669 3600 genere
702 3531 1102 3602 frugalissiin
1159 3535 1581 3607 miraculisque
1614 3537 1879 3590 referun-

215 3621 339 3684 tur,
366 3635 526 3691 quae
566 3621 667 3690 qui
696 3620 885 3692 legere
913 3623 1212 3694 descripta
1242 3626 1460 3693 cupiat,
1495 3624 1732 3680 evolvat
1757 3626 1878 3681 Pal-

214 3704 455 3762 ladium
489 3708 590 3780 (3).

290 3795 432 3848 Vlll.
475 3798 733 3852 Tertium
769 3814 908 3854 vero
948 3799 1208 3871 aliquem
1242 3803 1566 3857 Macarium
1610 3803 1880 3872 producit

215 3881 431 3938 Petrus
453 3884 752 3950 Possinus,
786 3888 864 3942 ab
899 3895 1148 3960 utroque
1172 3889 1272 3943 illo
1300 3892 1548 3946 Macario
1576 3891 1876 3946 diversum

215 3976 274 4026 et
298 3972 606 4028 ambobus
625 3976 941 4046 seniorem,
979 3977 1211 4031 Antonii
1245 3977 1607 4048 discipulum
1633 3982 1880 4034 etcomi-

215 4065 358 4124 tem,
401 4064 692 4118 Amathae
760 4065 1009 4130 socium,
1061 4083 1242 4137 quem
1302 4084 1522 4136 magno
1571 4069 1878 4125 molimine

219 4149 435 4218 probat
465 4151 728 4220 Operum
761 4155 1235 4210 Macariauorum
1271 4172 1399 4210 esse
1437 4165 1764 4219 auctorem,
1808 4175 1878 4214 eo

218 4240 297 4290 ait
340 4238 498 4294 hanc
524 4255 645 4294 rem
681 4242 1063 4311 probandum
1096 4252 1262 4300 utens
1290 4252 1663 4317 argumento,
1713 4247 1877 4318 quod

201 4325 588 4392 .Athanasius
628 4328 683 4383 in
715 4329 846 4385 Vita
873 4333 1110 4388 Antonii
1143 4339 1198 4388 et
1228 4335 1621 4406 Hieronymus
1660 4337 1716 4390 in
1750 4336 1879 4390 Vita

223 4414 386 4470 Pauli
412 4416 739 4471 Antonium
773 4430 1104 4476 memorent
1131 4423 1283 4477 duos
1317 4439 1522 4478 secum
1556 4424 1876 4494 discipulos
1913 4415 1976 4506 θ’

218 4500 468 4558 intimos
491 4505 1214 4578 comitesqueindividuos
1239 4511 1543 4577 habuisse,
1559 4513 1876 4568 Macarium

224 4597 280 4645 et
317 4592 634 4649 Amatham
671 4612 685 4649 ε
721 4612 843 4652 non
870 4600 1198 4655 concedere
1225 4617 1361 4655 vero
1388 4602 1670 4672 temporis
1702 4602 1873 4656 ratio-

229 4680 514 4742 nem,hoc
534 4687 593 4739 ut
610 4685 671 4738 in
697 4687 1016 4741 Macarium
1038 4687 1494 4760 velAegyptium
1519 4689 1607 4745 vel
1629 4689 1876 4745 Alexan-

228 4765 467 4824 drinum
495 4774 836 4829 conveniat.
887 4776 1300 4848 Fatemurque,
1354 4780 1496 4834 tanti
1551 4781 1663 4835 hoc
1703 4793 1877 4848 argu-

229 4861 496 4913 mentum
530 4864 818 4918 momenti
847 4865 1043 4919 visum
1074 4866 1260 4921 fuisse
1291 4868 1416 4921 viro
1452 4869 1872 4939 antiquitatum

219 4944 761 5006 ecclesiasticarum
811 4953 1178 5023 peritissimo
1216 4955 1530 5012 Guilielmo
1571 4956 1767 5022 Cavio,
1815 4962 1876 5012 ut

1996 3184 2222 3245 aderat,
2259 3187 2524 3251 tempore
2568 3195 2686 3234 una
2716 3195 2853 3233 cum
2904 3178 3159 3232 Amatha
3200 3177 3510 3247 sepultura
3539 3176 3648 3230 ho-

1994 3269 2315 3325 nestaverit
2341 3268 2368 3323 ‘P
2398 3272 2509 3324 Nec
2532 3284 2672 3322 vero
2698 3268 3064 3321 Sozomenus
3092 3266 3410 3321 Macarium
3442 3266 3499 3318 in
3526 3280 3649 3319 una

1996 3359 2168 3427 Sceti,
2218 3358 2323 3414 sed
2376 3360 2433 3412 in
2484 3356 2800 3411 solitudine
2852 3356 2934 3412 LX
2965 3371 3160 3410 annos
3193 3353 3457 3423 exegisse
3488 3370 3648 3408 com-

1994 3452 2307 3504 memorat.
2337 3445 2546 3512 Qualia
2576 3451 2631 3499 et
2656 3445 2729 3499 de
2758 3444 3005 3500 Macario
3029 3443 3430 3498 Alexandrino
3479 3441 3646 3497 facile

1993 3545 2233 3609 possent
2258 3536 2520 3608 probari,
2553 3536 2600 3588 si
2620 3534 3032 3589 vellemushoc
3051 3549 3244 3603 agere.
3282 3534 3430 3587 Suas
3462 3534 3472 3599 |
3505 3548 3646 3601 ergo

1990 3643 2083 3683 res
2106 3627 2399 3681 Macarius
2429 3624 2537 3679 sibi
2557 3623 2775 3678 habeat
2798 3639 2833 3676 a
2865 3622 3116 3677 Possino
3141 3627 3371 3692 praeter
3396 3621 3646 3675 necessi-

1994 3722 2171 3770 tatem
2189 3714 2586 3784 historiaeque
2610 3711 2787 3766 ﬁdem
2811 3709 3347 3781 productusmobis
3363 3725 3499 3762 vero
3523 3707 3645 3762 suf-

1990 3803 2434 3860 ﬁciantMacarii
2471 3803 2614 3864 duo,
2632 3800 3007 3872 subquorum
3029 3800 3199 3853 unius
3217 3799 3457 3852 nomine
3473 3799 3641 3865 haec,

1989 3910 2145 3966 quae
2165 3909 2322 3946 nunc
2338 3893 2531 3945 lucem
2546 3887 3408 3960 adspiciont,circumferuntur
3427 3888 3640 3958 Opera.

2062 3982 2160 4034 ιχ.
2191 3980 2304 4034 Sed
2339 3995 2496 4032 nunc
2528 3977 3036 4032 considerandum
3070 3977 3175 4029 erit
3205 3977 3499 4038 exactius,
3529 3973 3639 4027 utri

1988 4070 2223 4125 illorum
2256 4068 2446 4123 foetus
2503 4066 2595 4120 isti
2629 4066 2746 4119 sint
2777 4064 3154 4121 adscribeudi
3190 4062 3217 4116 Ὗ
3252 4066 3314 4116 Et
3357 4061 3639 4116 Homilias

1989 4157 2234 4230 quidem
2259 4156 2548 4226 Aegyptio
2579 4154 2908 4222 adscriptas
2941 4168 3176 4223 semper
3207 4151 3385 4205 fuisse
3415 4165 3485 4204 ex
3539 4150 3637 4203 in-

1990 4246 2327 4315 scriptione,
2361 4259 2546 4315 quam
2571 4258 2754 4296 manu
2779 4241 3002 4295 exarati
3037 4241 3253 4310 pariter
3274 4243 3330 4292 et
3359 4238 3513 4308 typis
3541 4253 3639 4290 ex-

1989 4336 2113 4390 cusi
2146 4334 2379 4389 codices
2409 4349 2551 4402 prae
2610 4347 2670 4384 se
2705 4332 2916 4394 ferunt,
2963 4328 3344 4383 manifestum
3385 4332 3489 4380 est.
3523 4326 3636 4380 Sed

1989 4440 2096 4479 nec
2128 4426 2241 4478 hoc
2273 4422 2464 4493 placet
2495 4420 2759 4481 Possino,
2783 4417 2883 4489 pui
2913 4417 3158 4472 easdem
3202 4416 3452 4469 Macario
3485 4431 3519 4468 a
3575 4430 3635 4467 se

1988 4518 2219 4584 praeter
2241 4527 2365 4565 rem
2391 4509 2646 4563 conﬁcto
2674 4507 2970 4562 vindicare
2999 4506 3216 4574 satagit
3243 4504 3342 4574 (5).
3372 4503 3459 4557 Ad
3489 4503 3637 4557 Gen-

1987 4601 2147 4656 nadii
2179 4598 2548 4655 Massiliensis
2571 4596 2982 4652 auctoritatem
3005 4597 3310 4666 provocat,
3335 4593 3437 4663 qui
3454 4606 3636 4646 unam

1989 4696 2213 4744 tantum
2231 4686 2568 4743 Macarium
2581 4685 2702 4741 aiat
2717 4684 2791 4738 ad
2805 4684 3066 4739 iuniOres
3080 4682 3472 4753 professionis
3488 4695 3631 4736 suae

1986 4778 2288 4847 scripsisse
2319 4776 2629 4847 epistolam
2662 4777 2763 4839 (6).
2807 4772 2917 4828 Sed
2975 4772 3246 4827 nondum
3290 4769 3633 4842 persuaderi

1989 4882 2330 4937 possumus,
2375 4865 2620 4919 Possino
2674 4867 2737 4917 ut
2779 4861 3263 4932 adstipulemur;
3317 4874 3424 4914 nec
3455 4857 3636 4913 verba

1987 4954 2295 5020 Gennadii,
2329 4953 2491 5024 quod
2521 4952 2641 5006 vult
2675 4951 2977 5012 Possinus,
3006 4949 3146 5004 satis
3167 4949 3466 5013 evincunt,
3497 4963 3634 5003 cum

1803 5158 2052 5214 NOTAE.

284 5304 368 5376 (1)
383 5305 1131 5374 Leg.Cassianum.Pritius
1148 5312 1566 5369 Cassiodorum
1580 5329 1716 5367 cum
1740 5312 1880 5371 Cas-

210 5377 388 5432 siano
427 5378 762 5433 confundit.
803 5382 952 5435 Enn.

287 5449 638 5524 (2)_S_ocrat._
689 5451 837 5505 Hist.
889 5453 988 5507 tib.
1047 5454 1131 5508 IV
1181 5469 1314 5524 cap.
1373 5455 1432 5510 18
1475 5471 1488 5520 ;
1544 5455 1875 5510 Cassiodor.

214 5517 326 5596 [sic
361 5519 741 5596 Pritius,_le_g.
773 5524 1085 5596 Cassian.]
1118 5517 1318 5581 Collat.
1352 5527 1392 5578 l.
1421 5517 1558 5593 cap.
1591 5527 1614 5579 1
1657 5542 1669 5590 ;
1698 5526 1879 5579 Theo-

210 5593 406 5666 doret.
454 5591 556 5666 lio.
597 5592 846 5666 l_V_‘cvp.
888 5597 951 5649 21
998 5611 1012 5661 ;
1056 5591 1293 5652 Sozom.
1327 5597 1423 5652 tib.
1459 5591 1554 5652 ΙΪΙ
1581 5611 1713 5666 cap.
1758 5597 1822 5650 14
1859 5615 1871 5661 ;

214 5661 448 5719 Socrat.
482 5663 591 5718 tib.
629 5662 721 5716 IV
744 5661 878 5736 cap.
911 5667 997 5722 23.

2061 5312 2140 5382 (3)
2183 5309 2403 5382 Pallad.
2438 5309 2591 5382 Hist.
2622 5309 2895 5382 Lausiac.
2929 5323 3066 5382 cap.
3097 5309 3184 5363 20.
3222 5309 3420 5363 Petrus
3446 5307 3635 5363 Possi-

1990 5379 2101 5436 nu's
2125 5379 2195 5436 in
2227 5381 2461 5448 Proteg.
2496 5380 2575 5435 ad
2613 5381 2897 5436 Thesaur.
2927 5379 3120 5435 Ascet.

2060 5454 2140 5522 (4)
2169 5454 2319 5507 Cave
2355 5452 2504 5506 Hist.
2543 5451 2651 5507 Lit.
2683 5452 2750 5505 Ρ.
2785 5451 2820 5507 Ι
2856 5467 2916 5519 p.
2948 5451 3071 5504 212.
3106 5451 3174 5506 P.
3216 5450 3276 5504 II
3312 5465 3370 5518 p.
3399 5451 3485 5502 76.

2085 5529 2140 5591 5)
2172 5523 2452 5578 Possinus
2482 5522 2518 5577 l.
2561 5522 2603 5575 l.

2085 5529 2140 5591 5)
2172 5524 2452 5578 Possinus
2482 5524 2518 5577 Ι.
2561 5524 2603 5575 l.

2060 5524 2138 5666 E6)
2179 5592 2444 5650 Geunad.
2482 5594 2553 5648 De
2585 5592 2725 5648 viris
2758 5593 2992 5647 ittustr.
3033 5607 3081 5646 c.
3116 5590 3202 5644 10.
