4084 6256
463 278 566 336 363

1591 281 1693 337 J0.
1740 281 2032 338 GEORGII
2065 281 2288 338 .PBITII
2326 283 2733 340 PRAEFATIO

3766 282 3870 338 364

465 421 603 461 eum
635 406 696 460 in
729 419 974 461 sensum
1005 405 1235 477 possint
1258 406 1463 477 accipi,
1495 409 1659 479 quod
1683 413 1916 464 tantum
1947 408 2021 464 de
2048 407 2111 462 li-
2141 409 2187 462 A
2225 409 2564 480 spirituales
2611 410 2748 468 illae
2788 425 2998 480 graece
3053 409 3296 465 seorsim
3329 407 3680 480 prodierunt
3711 406 3872 461 Pari-

463 494 604 548 teris
628 511 661 550 a
703 494 940 549 Macarii
975 495 1325 566 conscriptis
1357 502 1557 564 agant.
1593 497 1743 561 Quid
1786 498 1831 550 si
1872 503 1928 552 et
1967 498 2113 551 scri-

467 582 651 653 pserit
676 582 879 654 aliqua
910 583 1220 650 Macarius,
1250 600 1283 638 a
1309 585 1639 650 Gennadio,
1669 591 1729 641 ut
1757 585 1945 640 multa
1971 585 2108 649 alia,

469 671 656 726 oculis
672 687 792 726 non
816 678 1102 741 usurpata
1123 670 1151 724 ?
1167 673 1332 729 Unde
1353 689 1472 728 non
1495 689 1648 744 opus
1665 675 1909 743 eurit,ut
1928 674 2116 745 multa

468 760 1201 824 comminiscamur,veluti
1216 761 1352 816 facit
1368 763 1792 834 Possinus,qua
1807 765 2116 819 occasione

468 863 666 918 quove
695 847 887 902 ofﬁcio
915 849 1196 905 Homilias
1227 851 1368 905 istas
1399 851 1688 906 Macarius
1718 853 2004 908 Amathae
2027 868 2119 908 so-

470 938 598 993 cius
653 952 861 1007 graece
920 954 955 994 a
995 954 1055 994 se
1107 939 1372 995 redditas
1426 956 1498 996 ex
1553 942 1790 997 Antonii
1844 942 2115 1012 magistri

471 1026 704 1092 dictatis
744 1027 1079 1098 protulerit.

545 1124 602 1178 X.
637 1124 788 1190 Quid
826 1140 967 1180 vero
1006 1125 1079 1180 de
1113 1125 1427 1196 Opusculis
1459 1127 1582 1182 istis
1613 1127 1910 1193 dicemus,
1960 1145 2117 1200 quae

469 1227 632 1268 nunc
662 1217 796 1284 post
825 1213 1144 1269 Possinum
1167 1215 1226 1269 in
1249 1213 1568 1270 Germania
1597 1218 1858 1288 primum
1887 1234 1921 1273 a
1948 1218 2117 1273 nobis

471 1302 849 1372 evulgantur,
881 1308 936 1358 et
965 1304 1058 1357 cui
1090 1304 1242 1374 patri
1269 1304 1487 1359 liberos
1540 1307 1681 1361 istos
1713 1307 2060 1362 adseremus
2089 1308 2117 1361 ‘?

471 1393 752 1447 Possinus
795 1407 936 1447 vero
975 1391 1070 1446 hic
1109 1392 1320 1447 iterum
1377 1411 1549 1448 suum
1597 1395 1772 1450 nobis
1832 1396 2118 1468 supponit

471 1481 817 1539 Macarium.
847 1496 1028 1552 quem
1047 1486 1243 1537 tamen
1263 1483 1320 1537 in
1346 1482 1574 1538 mundo
1596 1500 1714 1538 non
1744 1483 1950 1552 fuisse,
1971 1486 2115 1554 iam,

476 1573 537 1624 ut
555 1569 933 1633 arbitramur,
950 1572 1440 1626 monstravimus.
1466 1572 1895 1628 Celeberrimus
1911 1575 2118 1629 Cavius

473 1659 550 1730 (l)
607 1658 921 1713 tribuenda
954 1658 1197 1730 quidem
1231 1660 1619 1715 Macariorum
1655 1677 1732 1717 no
1786 1665 1796 1728 1
1859 1668 2112 1718 strorum

2227 498 2330 552 siis
2352 515 2512 553 anno
2544 501 2864 570 superioris
2891 498 3107 554 saeculi
3140 499 3255 553 LIX
3283 497 3738 567 elegantissimis
3782 503 3877 568 ty-

2233 587 2323 658 pis
2341 603 2597 643 excusae
2631 589 2980 659 :separatim
3004 604 3141 643 vero
3173 592 3229 642 et
3257 587 3439 642 latina
3461 587 3651 641 versio
3676 585 3876 640 lucem

2226 676 2521 747 adspexit,
2555 681 2826 732 aloanne
2851 679 3008 742 Pico,
3039 676 3148 731 nisi
3177 675 3457 738 fallimur,
3493 676 3874 730 concinnata.

2225 766 2529 820 Successit
2559 767 2945 837 postmodum
2978 764 3296 821 Zachariae
3318 763 3603 820 Palthenii
3623 762 3882 832 diligen-

2230 855 2325 920 tia,
2359 855 2460 926 qui
2493 871 2652 910 anno
2705 857 2856 911 XCIV
2911 854 3178 910 eiusdem
3233 854 3454 908 saeculi
3505 858 3562 908 et
3589 867 3882 923 graecum

2227 958 2584 1009 sermonem,
2606 950 2660 999 et
2688 945 2933 1000 latinam
2967 943 3326 1010 versionem,
3349 957 3386 998 a
3415 957 3477 997 se
3499 957 3620 997 non
3642 939 3882 1012 exiguis

2228 1031 2535 1088 laboribus
2549 1034 3293 1101 exornatam,coniunctim
3310 1031 3512 1096 edidit,
3531 1031 3712 1102 typis,
3733 1045 3888 1102 qua-

2226 1120 2310 1175 les
2343 1126 2397 1176 et
2428 1123 2611 1176 nostri
2663 1127 2820 1187 sunt,
2869 1121 3052 1193 paulo
3098 1120 3539 1176 minutioribus.
3573 1118 3886 1190 Opuscula

2225 1225 2368 1266 vero
2389 1211 2616 1283 reliqua
2645 1211 2873 1266 diutius
2894 1210 3242 1266 obscuritati
3271 1225 3414 1265 suae
3433 1209 3716 1264 immersa
3735 1207 3887 1264 deli-

2228 1305 2484 1365 tueruut,
2519 1301 2857 1371 usquedum
2893 1300 3042 1354 felici
3070 1300 3218 1354 Petri
3243 1299 3490 1363 Possini,
3515 1299 3885 1354 etSocietate

2225 1391 2358 1443 Iesu
2399 1389 2525 1452 viri,
2545 1405 2730 1460 opera
2752 1389 2810 1443 in
2851 1389 3164 1454 Thesauro,
3184 1404 3366 1457 quem
3386 1389 3882 1451 vocat,Ascetico,

2227 1478 2397 1532 cuius
2417 1483 2642 1547 partem
2665 1478 2882 1533 faciunt
2898 1477 3261 1548 primariam,
3283 1477 3342 1531 in
3358 1477 3551 1531 lucem
3570 1475 3887 1547 publicam

2229 1571 2367 1620 sunt
2391 1567 2680 1637 exposita.
2709 1568 2872 1622 Unde
2903 1571 3133 1621 tantum
3168 1566 3294 1637 ipse
3341 1565 3616 1620 habuerit
3647 1564 3890 1619 thesau-

2228 1671 2382 1719 rum,
2426 1671 2547 1710 non
2575 1655 2852 1726 equidem
2883 1654 3232 1710 dissimulat.
3281 1653 3664 1710 Franciscum
3715 1651 3889 1708 enim

472 1747 734 1803 alterutri
759 1747 1058 1818 Opuscula
1078 1748 1225 1804 haec
1250 1750 1680 1806 nonimmerito
1707 1767 1834 1807 esse
1857 1752 2114 1819 iudicat;
2151 1755 2196 1811 B
2229 1744 2603 1810 Tlll‘l‘ianllm.
2634 1745 2928 1799 HOliSSimi
2951 1745 3211 1799 Dominis
3236 1744 3538 1809 Ῐθδιιίιεὶω,
3558 1757 3695 1797 cum
3719 1757 3890 1796 ειηΠο

473 1837 579 1891 sed
610 1836 668 1890 in
708 1851 842 1891 eam
877 1841 1076 1891 tamen
1129 1838 1319 1908 magis
1360 1839 1693 1910 propendet
1725 1841 2114 1906 sententiam,

470 1923 637 1995 quod
668 1923 1071 1980 Alexandrino
1103 1925 1183 1981 illi
1205 1928 1318 1982 sint
1348 1927 1752 1998 adsignanda.

539 2021 628 2078 XI.
662 2021 840 2076 Nobis
863 2026 1063 2077 autem
1096 2023 1154 2076 id
1186 2029 1321 2078 ante
1349 2026 1556 2080 omnia
1587 2025 1820 2082 videtur
1840 2042 1973 2082 esse
1999 2043 2120 2083 cer-

469 2110 789 2176 tissimum,
830 2111 994 2182 quod
1028 2126 1182 2166 unus
1222 2117 1427 2167 auctor
1454 2112 1645 2180 fuerit,
1687 2115 1790 2186 qui
1821 2115 2122 2170 divinissi-

471 2214 604 2254 mas
637 2198 811 2255 nobis
843 2200 1006 2255 dedit
1038 2200 1339 2266 Homilias,
1376 2217 1514 2257 cum
1545 2202 1666 2268 illo,
1699 2203 1792 2258 cui
1825 2203 2120 2260 debemus

469 2287 693 2344 isthaec
732 2288 1053 2357 Opuscula.
1097 2288 1158 2343 Id
1206 2289 1363 2344 enim
1412 2295 1468 2345 et
1516 2305 1608 2346 res
1639 2292 1807 2362 ipsae
1840 2293 2117 2364 probant,

471 2391 629 2449 quae
647 2376 775 2432 inet
805 2376 1068 2432 Homiliis
1090 2382 1146 2432 et
1172 2378 1487 2449 Opusculis
1508 2386 1846 2448 occurrunt,
1879 2398 2121 2440 summa

471 2465 609 2521 ﬁdei
650 2470 890 2521 nostrae
931 2466 1235 2536 mysteria.
1285 2471 1339 2521 et
1383 2468 1711 2540 praecipua
1752 2471 2119 2529 Christianae

472 2553 774 2624 religionis
805 2555 1020 2624 capita,
1063 2555 1324 2610 maxime
1364 2572 1519 2626 quae
1550 2557 1626 2612 ad
1663 2575 1838 2613 usum
1877 2562 2121 2617 transfe-

472 2641 658 2696 renda
690 2647 847 2708 sunt,
872 2642 1216 2698 exhibentes
1247 2659 1258 2708 ;
1288 2649 1345 2698 et
1372 2645 1549 2700 verba
1568 2661 1809 2717 quoque
1839 2650 2120 2721 modique

469 2728 942 2800 loquendi,circa
963 2746 1114 2802 quos
1138 2747 1376 2785 summa
1401 2731 1622 2804 ubique
1644 2734 1968 2791 similitudo
1988 2745 2075 2793 est
2105 2757 2116 2805 ;

472 2823 528 2874 et
545 2833 652 2890 par
669 2819 951 2874 orationis
965 2819 1158 2875 forma
1171 2820 1639 2894 elocutionisque
1663 2823 1942 2893 dignitas.
1967 2827 2119 2882 Addi

471 2905 650 2961 etiam
673 2911 886 2978 potest,
913 2923 1068 2979 quae
1099 2907 1426 2963 desiderari
1456 2909 1515 2963 in
1567 2910 1821 2967 Macario
1855 2920 2116 2984 possent,

470 3000 525 3050 et
572 2995 674 3067 qui
709 2997 768 3051 in
799 2996 1244 3066 elegantissimo
1273 2998 1387 3052 hoc
1419 3014 1668 3070 corpore
1718 3001 1887 3056 nacvi
1919 3003 2119 3058 obser-

469 3089 704 3150 vantur,
757 3101 857 3140 eos
901 3085 1213 3158 utrobique
1268 3102 1397 3142 sese
1453 3087 1627 3143 nobis
1680 3090 1911 3146 offerre.
1976 3094 2117 3148 Cum
2153 3108 2192 3164 ρ

470 3173 646 3243 igitur
667 3173 846 3245 paulo
869 3180 1005 3231 ante
1023 3175 1277 3231 Macario
1307 3179 1598 3249 Aegyptio
1620 3179 1902 3236 Homilias
1930 3199 2120 3238 asser-

469 3267 594 3318 tum
627 3263 927 3327 iverimus,
961 3270 1117 3334 patet
1147 3266 1318 3329 ratio,
1353 3282 1537 3337 quare
1579 3269 1880 3339 Opuscula
1924 3272 1973 3326 ei
2007 3273 2122 3329 sint

471 3353 1131 3422 quoqueadiudicanda
1158 3369 1170 3422 ;
1202 3357 1552 3424 praesertim
1575 3372 1710 3411 cum
1736 3359 1971 3414 codices
1996 3379 2119 3418 ma-

471 3440 758 3510 nuscripti
782 3440 840 3494 in
871 3441 1226 3496 bibliotheca
1249 3443 1670 3510 Vidobouensi,
1705 3447 1835 3517 ipso
1867 3448 2121 3507 docente

474 3528 673 3592 Cavio,
709 3528 783 3598 (2)
815 3529 1069 3584 Macario
1105 3537 1309 3585 nostro
1337 3531 1482 3586 haec
1515 3537 1570 3587 et
1591 3534 1804 3590 similia
1833 3540 2121 3606 opuscula

473 3616 824 3671 attribuant.
866 3617 925 3670 In
959 3617 1087 3687 ipso
1127 3619 1330 3683 etiam,
1371 3635 1493 3691 quo
1547 3637 1691 3676 usus
1724 3624 2004 3679 Possinus
2032 3633 2122 3682 est

472 3703 675 3759 codice
693 3710 920 3760 exserte
943 3707 1176 3762 Macarii
1197 3708 1422 3763 nomini
1448 3710 1655 3779 Magni
1676 3713 2017 3782 appellatio,
2043 3715 2122 3772 fa-

472 3797 626 3848 tente
678 3793 923 3861 editore,
980 3801 1068 3850 est
1120 3796 1423 3863 adiuncta,
1475 3813 1659 3869 quam
1701 3817 1819 3855 non
1873 3803 2121 3860 Alexan-

455 3879 665 3947 drino,
719 3883 822 3936 sed
854 3885 1144 3955 Aegyptio
1185 3886 1437 3941 Macario
1467 3887 1607 3942 addi
1636 3887 2118 3961 frequentissime

473 3969 849 4026 notissimum
881 3979 990 4028 est.
1048 3974 1198 4028 Nam
1231 3974 1394 4045 quod
1437 3976 1711 4032 Possinus
1756 3983 2118 4050 persuadere

470 4059 647 4114 nobis
679 4067 949 4126 conatur,
1005 4077 1402 4134 personarum
1448 4063 1545 4119 hic
1578 4066 1887 4139 contigisse
1916 4070 2118 4126 confu-

471 4147 722 4216 sionem,
778 4149 1052 4206 videlicet
1098 4168 1240 4207 suae
1298 4152 1538 4210 inservit
1586 4171 1826 4224 causae,
1874 4164 1935 4212 ut
1992 4161 2116 4216 iure

470 4235 692 4308 aliquo,
720 4253 876 4308 quae
909 4241 1158 4295 Macario
1180 4242 1469 4312 Aegyptio
1493 4243 1805 4308 debentur,
1830 4262 1984 4301 novo
2006 4264 2114 4303 suo

468 4329 525 4378 et
579 4326 837 4397 antiquis
891 4327 1195 4398 incognito
1226 4331 1478 4386 Macario
1509 4332 1849 4389 adscribere
1896 4342 2114 4406 posset.

2229 1834 2319 1888 clo
2342 1833 2398 1888 Io
2424 1833 2580 1888 LXVI
2610 1834 2952 1889 societatem
2993 1833 3156 1888 illam
3198 1836 3420 1888 Romae
3449 1831 3889 1902 ingrederetur,

2231 1923 2382 1978 inter
2411 1922 2716 1977 volumina
2759 1922 2929 1977 refert
2961 1937 3182 1993 graeca
3210 1920 3490 1991 plurima,
3533 1936 3690 1992 quae
3723 1920 3891 1974 anti-

2230 2027 2386 2083 quae
2418 2027 2634 2066 manus
2677 2027 2822 2082 prae
2873 2027 2934 2066 se
2978 2010 3170 2066 ferant
3199 2010 3470 2081 vestigia,
3504 2024 3780 2080 quaeque
3824 2009 3894 2064 in

2232 2102 2414 2157 domo
2446 2103 2692 2173 antiqua
2715 2100 2985 2172 professa
3006 2103 3276 2156 Romana
3304 2097 3670 2171 deposuerit,
3691 2113 3893 2152 unum

2231 2206 2474 2262 quoque
2536 2195 2846 2246 auctorum
2894 2189 3078 2246 ferme
3128 2190 3365 2261 triginta
3411 2188 3485 2244 de
3532 2203 3594 2242 re
3624 2187 3896 2242 ascetica

2232 2280 3025 2344 continenslucubrationes,
3049 2278 3222 2334 annis
3237 2277 3456 2334 abhinc
3481 2277 3616 2348 plus
3639 2275 3816 2346 quin-
3852 2275 3863 2344 |

2233 2369 2422 2439 gentis
2439 2386 2473 2423 a
2495 2385 2675 2425 manu
2701 2369 3102 2424 transmarina
3124 2375 3455 2435 exaratum,
3481 2364 3894 2421 bibliothecae

2234 2458 2468 2512 Patrum
2501 2459 2798 2513 societatis
2817 2456 3088 2512 intulisse
3113 2473 3128 2521 ;
3153 2456 3362 2512 etinde
3379 2455 3716 2519 Possinum,
3742 2469 3890 2508 cum

2231 2549 2454 2602 Romae
2475 2546 2736 2616 degeret,
2757 2550 2991 2617 praeter
3021 2546 3158 2611 alia,
3175 2545 3398 2601 isthaec
3417 2543 3756 2600 Macariana
3780 2541 3889 2597 de-

2232 2635 2565 2706 scripsisse.

2305 2733 2438 2788 XIII.
2474 2737 2620 2787 Cum
2653 2747 2794 2787 vero
2822 2732 3107 2788 Homiliae
3139 2732 3269 2788 illae
3302 2730 3727 2786 Palthenianae
3778 2745 3885 2784 no-

2233 2822 2366 2877 stris
2385 2822 2439 2875 in
2458 2821 2819 2892 bibliopoliis
2837 2838 2953 2877 non
2971 2821 3232 2892 amplius
3246 2826 3566 2888 exstarent,
3583 2819 3882 2890 Opuscula

2232 2915 2431 2966 autem
2465 2910 2693 2982 reliqua
2725 2927 2759 2964 a
2785 2911 3027 2965 Possino
3049 2911 3205 2965 edita
3237 2910 3534 2964 rarissime
3569 2908 3736 2979 apud
3777 2923 3883 2962 nos

2233 3000 3186 3070 conspicerentur,visumest,ere
3215 2997 3337 3053 fore
3368 2997 3734 3068 reipublicae
3763 2996 3883 3051 lite-

2233 3090 2441 3159 rariae,
2479 3088 2901 3160 imprimisque
2939 3087 3257 3142 iuventutis
3290 3087 3613 3153 studiosae,
3649 3089 3883 3157 praeter

2235 3165 2473 3247 linguae
2501 3193 2748 3247 graecae
2778 3178 3020 3231 delicias
3053 3176 3252 3247 pietati
3284 3190 3526 3247 quoque
3557 3175 3877 3246 operantis,

2235 3268 2290 3322 in
2323 3284 2541 3338 corpus
2585 3282 2770 3321 unum
2812 3281 3092 3320 revocare
3131 3266 3337 3320 omnia
3375 3279 3532 3336 quae
3560 3263 3878 3319 Macarium

2234 3361 2571 3425 agnoscunt
2598 3361 2922 3418 auctorem,
2941 3353 3255 3408 Macarium
3280 3354 3545 3423 inquam,
3564 3368 3744 3424 quem
3765 3353 3880 3406 exi-

2234 3447 2550 3500 stimamus
2599 3460 2729 3499 esse
2769 3444 3143 3514 Aegyptium.
3186 3445 3332 3497 Nam
3373 3457 3530 3513 quae
3572 3442 3630 3496 in
3670 3440 3879 3496 biblio-

2232 3533 2405 3588 theca
2440 3533 2681 3588 Paulina
2704 3533 2992 3603 Lipsiensi
3033 3532 3442 3601 mauuscripta
3488 3535 3698 3594 exstat,
3733 3536 3789 3584 et
3847 3545 3879 3584 a

2233 3623 2540 3678 Guilielmo
2571 3622 2742 3677 Gavio
2775 3637 2844 3676 ac
2875 3620 3091 3675 Iacobo
3121 3620 3303 3675 Tollio
3326 3621 3383 3674 in
3419 3619 3670 3674 latinum
3703 3618 3878 3673 simul

2235 3727 2522 3766 conversa
2548 3711 2782 3781 prodita
2803 3715 2894 3764 est
2928 3711 3009 3765 De
3039 3709 3275 3765 animae
3295 3710 3585 3764 iustorum
3612 3712 3879 3776 peccato-

2231 3817 2480 3871 rumque
2507 3801 2671 3856 exitu
2687 3799 2883 3855 Oratio
2904 3798 3003 3872 (3),
3019 3803 3074 3854 et
3086 3798 3143 3852 in
3174 3798 3341 3853 titulo
3355 3797 3754 3853 Alexandrino
3769 3799 3878 3852 Ma-

2231 3890 2389 3944 cario
2419 3889 2799 3952 adscribitur,
2817 3893 2871 3943 ct
2893 3887 3078 3942 aniles
3098 3886 3448 3958 ineptasque
3471 3885 3706 3942 fabulas
3723 3901 3880 3940 com-

2230 3978 2520 4050 plectitur,
2552 3984 2614 4031 ut
2642 3976 2980 4031 recentioris
3005 3975 3319 4030 cuiusdam
3365 3974 3625 4044 graeculi
3686 3974 3880 4029 videa-

2231 4073 2322 4122 tur
2342 4082 2473 4120 esse
2503 4070 2935 4135 commentum,
2963 4079 3072 4119 nec
3103 4063 3352 4135 proinde
3383 4065 3478 4118 hic
3499 4063 3698 4119 locum
3725 4064 3879 4118 inve-

2228 4157 2354 4211 nire
2387 4156 2661 4226 potuerit.

2300 4254 2428 4308 XIV.
2460 4255 2618 4317 Quae
2649 4267 2785 4306 vero
2813 4251 2966 4305 circa
2997 4249 3283 4306 Homilias
3311 4265 3346 4306 a
3372 4249 3544 4305 nobis
3574 4249 3693 4305 sint
3713 4263 3879 4320 prae-

2230 4342 2482 4408 stita,de
2512 4341 2659 4396 iisin
2692 4340 3059 4410 praefatione
3102 4339 3178 4395 ad
3213 4338 3453 4394 easdem
3486 4344 3686 4394 actum
3749 4337 3876 4395 fuit.

471 4413 831 4511 Quanqufni
866 4415 1100 4511 interi-III
1130 4417 1410 4490 PCfl‘asaI‘i
1451 4420 1732 4488 DOIimUS,
1775 4423 1978 4489 misse,
2012 4425 2116 4497 (Ini
2145 4457 2190 4511 D
2230 4435 2394 4487 Nunc
2424 4446 2560 4484 vero
2591 4431 2737 4501 quid
2778 4429 2932 4484 circa
2964 4428 3282 4500 Opuscula,
3314 4443 3469 4499 quae
3523 4431 3874 4499 sequuntur,

470 4516 541 4556 ex
572 4517 673 4558 ore
703 4502 762 4557 di
822 4504 831 4575 |
891 4507 1074 4561 centis
1106 4507 1300 4562 saltim
1335 4510 1567 4564 Macarii
1600 4511 1746 4567 haec
1777 4516 2067 4584 exceperit
2099 4534 2110 4571 :

471 4590 630 4646 Inde
657 4597 712 4647 et
729 4607 862 4649 esse
878 4601 1183 4666 putamus,
1205 4613 1309 4652 cur
1325 4603 1441 4653 tam
1471 4597 1875 4671 frequenterin
1893 4600 2115 4660 Graeco

471 4695 584 4734 vox
603 4683 693 4752 ἔφη
719 4691 1011 4748 occurrat,
1045 4686 1101 4740 in
1129 4688 1393 4743 versione
1413 4692 1476 4741 ut
1503 4687 1828 4759 plurimum
1843 4692 2069 4747 omissa
2097 4712 2108 4751 :

471 4772 532 4822 ut
557 4767 708 4824 adeo
743 4772 1015 4826 omnium
1047 4773 1315 4845 quidem,
1345 4791 1500 4846 quae
1543 4777 1871 4842 traduntur,
1908 4786 2115 4837 auctor

467 4854 640 4912 fuerit
669 4859 976 4925 Macarius,
1002 4876 1355 4934 quanquam
1401 4864 1526 4935 ipse
1576 4865 1675 4920 illa
1706 4881 1822 4921 non
1859 4868 2114 4940 scripse-

471 4945 560 5000 rit.

541 5044 655 5100 XII.
695 5045 1024 5103 Pcrtineant
1058 5063 1198 5119 ergo
1231 5047 1422 5105 foetus
1446 5050 1538 5106 isti
1568 5067 1672 5123 per
1694 5067 1801 5108 nos
1824 5055 1899 5109 ad
1933 5057 2115 5112 Maca-

465 5132 619 5187 rium
650 5135 1028 5205 Aegyptium.
1080 5139 1243 5193 Nunc
1291 5154 1412 5210 qua
1464 5142 1689 5196 ratione
1721 5157 1792 5197 ex
1837 5144 2113 5211 tenebris,

463 5222 689 5293 quibus
740 5224 1117 5298 circumsepti
1159 5243 1264 5299 per
1316 5228 1542 5300 aliquot
1575 5230 1814 5287 saecula
1860 5231 2112 5299 fuerant,

461 5311 828 5379 emerserint,
862 5315 1124 5383 agedum
1157 5316 1494 5373 videamus.
1532 5320 1816 5376 Homiliae
1848 5321 2109 5391 primum

2229 4519 2493 4592 quidque
2527 4522 2684 4574 circa
2721 4517 3243 4589 Apophthegmata
3268 4517 3588 4586 egerimus,
3620 4515 3876 4572 breviter

2223 4609 2613 4665 indicandum
2646 4613 2750 4662 est.
2788 4607 2850 4661 In
2886 4605 3199 4677 Opusculis
3227 4611 3425 4660 autem
3459 4605 3574 4660 illis
3607 4605 3696 4659 VII
3740 4605 3876 4659 Pos-

2225 4699 2335 4753 sini
2378 4698 2718 4761 editionem,
2748 4712 2884 4751 cum
2939 4695 3361 4764 manuscriptis
3392 4694 3872 4758 destitueremur,

2223 4788 2405 4843 secuti
2459 4803 2688 4853 sumus,
2740 4785 2986 4840 sublatis
3032 4791 3249 4847 tamen,
3289 4799 3445 4855 quae
3498 4784 3557 4838 in
3618 4783 3872 4838 editione

2221 4871 3875 4946 Possinianaapparebantfrequentissime,sphalmatibus

2224 4964 2690 5037 typographicis.
2710 4965 2904 5032 Longe
2921 4961 3088 5032 plura
3107 4961 3262 5016 circa
3275 4961 3604 5016 versionem
3623 4961 3867 5016 latinam

2225 5056 2459 5124 agenda
2491 5053 2849 5107 invenimus.
2884 5051 3160 5106 Possinus
3188 5051 3343 5104 enim
3371 5065 3562 5120 genus
3594 5050 3874 5122 interpre-

2229 5142 2388 5199 tandi
2419 5142 2661 5197 liberius
2684 5145 2940 5204 secutus,
2961 5139 3202 5194 miriﬁce
3219 5155 3335 5194 non
3372 5143 3381 5208 |
3414 5155 3548 5194 raro
3564 5145 3868 5210 evagatur,

2229 5239 2287 5288 ut
2318 5229 2806 5287 commentatoris
2839 5229 3058 5299 potius,
3093 5244 3275 5300 quam
3311 5229 3645 5300 interpretis
3679 5235 3871 5299 partes

2229 5320 2565 5391 suscepisse
2597 5319 2780 5373 videri
2823 5318 3046 5390 possit;
3079 5333 3234 5388 quae
3269 5318 3515 5374 instituti
3556 5318 3708 5374 ratio
3743 5317 3873 5373 licet

2023 5473 2272 5528 NOTAE.

643 5592 997 5667 _CaveAHfst._
1025 5593 1156 5667 Lit._
1173 5591 1416 5667 P._IIp.
1459 5599 1552 5652 76.

539 5664 614 5736 (ε)
643 5665 732 5722 Id.
771 5665 926 5723 Hist.
964 5664 1078 5722 Lit.
1117 5665 1184 5722 P.
1217 5664 1280 5724 II
1308 5664 1381 5738 ρ’.
1422 5667 1514 5726 75.

2226 5595 2373 5722 uagi)
2403 5595 2674 5722 Idlgﬂgist.
2710 5595 2822 5650 Lit.
2843 5596 2910 5650 P.
2942 5595 3063 5662 I.p.
3096 5594 3452 5650 708.Tollius
3479 5594 3703 5665 Insign.
3731 5596 3866 5651 Itin.

2347 5704 2359 5718 .
2390 5682 2451 5722 υ.
2587 5708 2600 5722 .
3239 5716 3244 5718 _

2277 5681 2359 5724 αι.
2389 5682 2451 5737 p.
2483 5681 2600 5722 1W.
3239 5716 3244 5718 .
