4084 6256
197 311 296 366 365

1076 309 1171 364 AD
1199 309 1590 368 EDITlONEM
1631 309 1888 367 OPUSC.
1931 308 1993 362 S.
2036 307 2335 364 MACAHII
2374 310 2730 366 AEGYPTII.

3513 301 3618 355 366

195 451 325 491 cum
353 433 560 506 aliqua
589 433 827 490 lectoris
863 433 1108 490 utilitate
1139 435 1458 492 coniuncta
1490 436 1585 501 sit,
1619 436 1744 490 eius
1773 440 1852 492 ta-
1883 436 1929 486 A
1966 432 2051 488 vel
2087 433 2240 488 vitae
2271 434 2511 490 delicias
2542 442 2596 492 et
2627 452 2760 492 com
2791 437 2804 504 Ι
2839 434 3023 491 moda
3063 431 3279 504 cupide
3309 432 3622 485 consecta.

196 540 344 587 men,
371 523 477 596 qui
512 539 858 579 sermonem
891 524 1143 579 alicuius
1175 525 1233 580 in
1262 524 1424 580 aliud
1457 527 1682 580 idioma
1714 540 1850 580 con-

191 619 402 670 vertere
436 613 716 678 instituit,
748 612 964 668 limites
990 614 1310 682 egreditur,
1341 631 1481 670 cum
1511 615 1636 669 sine
1661 613 1849 669 dubio

191 703 298 757 hoc
324 701 396 756 sit
421 702 731 773 optimum
754 701 1179 773 interpretandi
1213 717 1420 772 genus,
1456 720 1594 758 cum
1627 703 1850 773 simpli-

192 791 416 846 cissime
446 791 650 845 verbis
677 791 934 846 auctoris
961 790 1320 860 inbaeretur,
1352 797 1548 848 mente
1571 792 1698 847 eius
1722 792 1848 846 sine

191 879 522 934 ambitiosis
556 879 698 934 hinc
731 878 869 934 inde
897 879 1351 935 excursionibus
1384 886 1844 952 repraesentata.

191 967 462 1023 Possinus
489 983 644 1024 vero.
670 974 725 1024 et
751 968 1006 1024 excurrit
1041 969 1421 1033 creberrime,
1454 975 1511 1025 et
1539 976 1848 1040 praeterea

189 1071 363 1126 genus
394 1055 695 1128 loquendi
728 1057 996 1127 sequitur
1026 1056 1368 1122 fastuosius,
1402 1074 1472 1112 ac
1505 1058 1684 1113 altius
1717 1074 1848 1112 ver-

188 1144 272 1200 bis
297 1144 593 1214 adsurgit,
632 1161 818 1216 quam
850 1145 1233 1216 interpretem
1263 1145 1473 1202 decere
1508 1147 1842 1203 videbatur.

193 1236 298 1289 Nos
321 1235 525 1305 itaque
561 1233 876 1305 superﬂua
902 1236 1290 1298 resecuimus,
1325 1241 1380 1290 et
1407 1251 1563 1307 quae
1596 1251 1846 1306 pompo-

189 1323 302 1376 sius
342 1321 654 1387 dicuntur,
693 1329 1043 1394 tumoreque
1083 1323 1286 1393 aliquo
1326 1324 1532 1380 inﬂata
1571 1331 1726 1389 sunt,
1767 1324 1846 1380 ad

187 1410 542 1467 modestiam
572 1412 936 1482 redegimus,
969 1411 1027 1465 id
1057 1411 1278 1483 ubique
1311 1412 1520 1467 sedulo
1552 1420 1844 1468 navantes

188 1515 449 1571 operam,
472 1500 783 1556 utMacarii
804 1501 1064 1571 cogitata
1080 1500 1272 1555 verbis
1295 1502 1350 1555 in
1369 1501 1551 1556 latino
1569 1517 1845 1556 sermone

189 1589 536 1659 perspicuis,
583 1587 779 1660 planis
811 1594 866 1641 et.
905 1595 1116 1659 sponte
1156 1587 1479 1644 ﬂuentibus
1520 1589 1841 1644 lectoribus

182 1675 602 1733 exhibeantur.
628 1677 758 1741 Qua
780 1677 838 1731 in
867 1692 927 1730 re
953 1676 1199 1747 quidem
1229 1677 1391 1732 haud
1423 1678 1674 1746 exiguae
1703 1678 1842 1732 tole-

1963 529 2088 576 tur:
2123 523 2316 578 eidem
2345 541 2462 579 non
2484 530 2742 596 possunt
2766 542 2880 579 non
2908 525 2994 579 vel
3031 525 3261 591 ingrata
3283 534 3414 574 esse
3444 517 3607 587 peni-

1961 615 2054 665 tus
2086 617 2142 666 et
2174 612 2425 674 fastidio.
2457 615 2543 668 vel
2567 614 2742 684 plane
2773 631 2891 669 non
2916 609 3326 679 intelligibilia,
3350 621 3507 678 quae
3535 604 3613 660 ab

1962 701 2297 767 animabus,
2317 709 2468 757 totas
2484 720 2543 758 se
2560 722 2584 756 s
2597 703 3011 758 ublimioribus
3026 696 3488 769 cogitationibus
3505 693 3603 748 de-

1958 789 2254 853 dentibus,
2272 791 2590 846 etadivino
2616 792 2834 863 Spiritu
2860 791 3160 861 copiosius
3180 785 3510 846 illustratis,
3530 781 3604 836 de

1958 879 2165 934 salutis
2184 880 2486 935 humanae
2510 880 2746 950 negotio
2768 880 3030 950 Denique
3056 879 3113 933 in
3139 878 3374 932 animas
3400 886 3610 943 opera-

1959 968 2117 1021 tione
2149 969 2452 1039 praeclare
2479 969 2870 1024 disseruntur.
2898 969 3008 1024 Sed
3034 967 3136 1038 qui
3167 963 3432 1034 impulsu
3464 958 3614 1014 divi-

1957 1057 2105 1111 niori
2137 1058 2424 1113 excitatus
2456 1058 2566 1113 sibi
2599 1060 2720 1114 iam
2753 1059 3056 1114 attendere
3089 1054 3312 1123 incipit,
3353 1056 3409 1106 et
3446 1049 3506 1104 id
3538 1063 3611 1104 ea

1955 1161 2093 1200 cum
2125 1162 2288 1214 cura,
2321 1163 2504 1218 quam
2538 1148 2756 1218 negotii
2788 1147 3052 1217 exposcit
3085 1141 3422 1198 sublimitas
3457 1157 3470 1205 ;
3503 1137 3610 1208 qui

1954 1249 2141 1305 quam
2182 1234 2325 1290 nihil
2369 1236 2444 1289 ad
2488 1251 2689 1290 veram
2732 1235 2992 1290 hominis
3024 1236 3518 1297 constantemque
3550 1229 3606 1280 et

1955 1329 2258 1379 aeternam
2284 1324 2592 1379 conferant
2622 1324 2960 1378 felicitatem
2992 1320 3221 1386 omnia,
3253 1332 3410 1388 quae
3443 1315 3609 1383 lapsa

1953 1414 2012 1467 in
2028 1419 2336 1483 peccatum
2354 1415 2701 1484 perditaque
2725 1418 2844 1468 tam
2869 1410 3071 1481 magni
3087 1408 3363 1463 aestimat
3396 1408 3621 1458 natura-

1953 1502 2224 1557 humana
2245 1503 2511 1564 edoctus,
2532 1502 2653 1557 iam
2676 1501 2750 1556 ad
2773 1502 2980 1563 Deum,
3005 1494 3387 1553 beatitudinis
3410 1490 3606 1546 omnis

1955 1590 2355 1658 lontem,etad
2384 1591 2478 1646 Dei
2497 1592 2836 1662 propiorem
2859 1588 3341 1644 coniunctionem
3364 1580 3606 1636 sollicite

1954 1679 2241 1746 adspirat,
2282 1685 2338 1734 et
2367 1681 2440 1734 de
2470 1679 2797 1734 obtinenda
2827 1678 3066 1732 animae
3097 1689 3240 1728 suae
3283 1671 3471 1726 salute
3503 1667 3606 1721 de-

181 1765 398 1820 randae
429 1765 620 1820 nobis
642 1765 878 1820 fuerunt
911 1764 1237 1828 molestiae,
1271 1782 1409 1820 cum
1437 1765 1611 1833 longe
1647 1767 1842 1819 minus
1879 1782 1918 1834 Β
1953 1775 2150 1823 center
2189 1770 2404 1836 satagit
2444 1785 2455 1822 :
2501 1768 2592 1823 ille
2632 1769 2878 1822 demum
2921 1767 2979 1819 in
3022 1763 3270 1820 Macario
3321 1757 3604 1820 offendet,

183 1854 252 1908 sit
289 1853 558 1919 difﬁcile,
619 1869 730 1908 sua
779 1853 976 1923 potius
1029 1855 1310 1925 proferre,
1355 1854 1660 1926 indolique
1701 1871 1842 1909 suae

179 1943 660 2006 accommodata,
697 1958 884 2013 quam
911 1943 972 1996 in
1020 1943 1274 1998 aliorum
1308 1943 1617 1998 laboribus
1646 1959 1844 1998 emen-

180 2031 392 2087 dandis
424 2035 802 2103 occupatum
831 2047 986 2087 esse.
1021 2036 1218 2104 Neque
1254 2039 1453 2087 tamen
1485 2039 1726 2088 censeat
1769 2033 1842 2087 le-

181 2125 301 2175 ctor
331 2121 536 2186 velim,
563 2119 711 2175 nihil
739 2121 797 2174 in
830 2121 1099 2176 versione
1123 2125 1346 2176 restare
1372 2122 1655 2192 amplius,
1678 2121 1843 2194 quod

178 2207 473 2266 luxuriem
495 2210 723 2265 Possini
751 2211 966 2279 sapiat,
995 2217 1098 2265 aut
1122 2211 1270 2266 alias
1293 2213 1350 2265 in
1380 2210 1590 2265 melius
1619 2211 1844 2266 restitui

181 2312 296 2352 non
330 2299 628 2370 potuisset
660 2314 674 2364 ;
717 2298 861 2353 satis
900 2297 1075 2353 nobis
1116 2299 1239 2364 fuit,
1287 2305 1518 2354 tantum
1571 2299 1682 2355 hac
1720 2300 1844 2354 vice

183 2393 504 2458 praestare,
530 2393 827 2460 quantum
855 2388 1282 2458 praestitimus,
1306 2388 1538 2460 reliqua
1555 2389 1844 2444 lectorum

183 2475 399 2532 iudicio
423 2476 856 2548 permittentes.
874 2476 1403 2548 Apophthegmata
1428 2493 1565 2532 vero
1581 2477 1704 2532 viro
1717 2493 1844 2533 eru-

185 2565 482 2621 ditissimo
505 2567 586 2622 lo.
613 2567 909 2636 Baptistae
931 2567 1237 2632 Cotelerio,
1266 2566 1506 2634 linguae
1519 2567 1844 2637 graecaein

187 2654 498 2711 academia
527 2653 788 2709 Parisina
816 2653 1137 2708 Professori
1162 2656 1322 2723 regio
1345 2655 1656 2721 debemus,
1689 2671 1844 2726 quae

189 2741 335 2810 ipse,
359 2758 497 2798 cum
516 2744 575 2798 in
599 2743 960 2798 bibliotheca
983 2744 1154 2812 Regia
1187 2746 1595 2814 manuscripta
1620 2744 1845 2799 inveni-

193 2837 298 2898 ret,
320 2830 505 2887 Tomo
530 2833 547 2887 Ι
581 2834 1096 2888 Monumentorum
1125 2832 1412 2888 Ecclesiae
1430 2835 1704 2902 Graecae,
1735 2835 1845 2888 Lu-

197 2920 366 2974 tetiae
387 2920 747 2976 Parisiorum
765 2935 926 2976 anno
959 2927 970 2990 |
1005 2921 1375 2977 MDCLXXVII
1397 2923 1842 2993 prodeuntium,

206 3006 418 3062 inserta
443 3009 634 3065 edidit.
663 3009 940 3065 Eiusdem
971 3025 1213 3081 quoque
1244 3013 1576 3066 versionem
1601 3013 1845 3066 retinui-

210 3109 356 3163 mus,
391 3112 522 3154 cum
550 3099 675 3170 ipse
706 3106 1022 3154 auctorum
1053 3099 1249 3154 verbis
1295 3101 1525 3155 insistat
1555 3102 1840 3171 pressius,

201 3187 257 3236 et
283 3197 470 3252 genus
496 3187 793 3243 scribendi
824 3193 1111 3259 sequatur
1143 3188 1415 3260 simplex,
1451 3189 1768 3260 liquidum,
1791 3195 1846 3244 et

193 3271 272 3326 ab
302 3276 716 3332 omnitumore
745 3282 1080 3349 ornatuque
1121 3279 1295 3332 anxie
1327 3280 1667 3350 conquisito
1706 3280 1844 3334 alie-

193 3375 362 3418 num.
391 3364 635 3418 Adiecta
667 3364 923 3436 denique
950 3383 986 3420 a
1008 3367 1180 3421 nobis
1215 3373 1353 3422 sunt
1377 3366 1708 3436 fragmenta
1734 3371 1846 3424 Ma-

195 3449 442 3505 cariana
470 3453 669 3507 adhuc
699 3452 832 3516 alia,
860 3469 1010 3525 quae
1040 3461 1316 3511 auctores
1346 3456 1480 3510 hinc
1513 3456 1651 3511 inde
1679 3458 1844 3515 evol-

197 3538 473 3596 ventibus
503 3556 566 3597 se
596 3540 772 3595 nobis
800 3541 1159 3598 obtulerunt.

266 3715 377 3772 XV.
393 3721 556 3774 Nunc
572 3719 648 3774 ad
663 3721 861 3790 ipsum
875 3721 1126 3792 propius
1141 3722 1492 3779 intuendum
1523 3724 1842 3780 Macarium

197 3807 572 3863 accedamus.
603 3807 886 3864 Constare
917 3816 1117 3865 autem
1141 3811 1229 3865 vel
1259 3827 1331 3866 ex
1362 3813 1558 3882 prima
1581 3815 1838 3884 Opernm

196 3895 316 3950 eius
342 3897 714 3969 inspectione
739 3899 952 3969 poterit
974 3901 1278 3963 omnibus,
1307 3902 1500 3956 virum
1524 3900 1704 3957 fuisse
1731 3905 1843 3957 Ma-

195 3986 416 4042 carium
451 3993 511 4040 ut
536 3987 865 4041 sanctitatis
895 3988 1427 4051 studiosissimum,
1458 3991 1536 4045 ita
1578 3992 1634 4045 in
1662 3991 1843 4046 rebus

199 4071 410 4129 divinis
440 4082 496 4129 et
526 4074 952 4145 spiritualibus,
987 4078 1035 4130 si
1069 4077 1255 4132 ullum
1287 4078 1492 4142 alium,
1538 4078 1713 4147 longe
1743 4095 1843 4134 ex-

201 4163 618 4230 pertissimum,
635 4164 776 4219 etad
788 4165 1075 4219 mirandis
1090 4167 1316 4235 gratiae
1341 4168 1580 4221 divinae
1603 4168 1845 4222 dotibus

202 4253 494 4308 cumulate
534 4259 890 4309 exornatum
933 4270 948 4320 ;
991 4255 1200 4325 quales
1240 4257 1340 4327 qui
1384 4262 1544 4321 sunt,
1586 4256 1664 4310 illi
1709 4273 1845 4312 vero

205 4342 456 4398 maxime
477 4343 751 4398 omnium
772 4345 1029 4399 existunt
1051 4344 1269 4409 idonei,
1296 4346 1421 4417 qui,
1448 4361 1571 4416 qua
1601 4346 1730 4400 luce
1755 4347 1847 4400 di-

203 4427 330 4485 vina
374 4431 771 4525 illustrantur,
814 4432 962 4487 alios
1003 4433 1387 4504 perfundant.
1431 4435 1486 4490 Si
1526 4435 1662 4504 quis
1703 4451 1846 4503 ergo
1884 4472 1928 4525 D

206 4523 307 4582 est,
334 4520 460 4591 qui,
484 4520 959 4592 nucleoinsuper
980 4522 1206 4586 habito,
1239 4528 1484 4578 externo
1505 4525 1719 4578 cortice
1749 4523 1848 4579 de-

207 4602 462 4676 lectatur,
516 4609 619 4681 qui
675 4609 995 4665 verborum
1048 4611 1308 4666 ﬂosculis
1357 4612 1615 4677 ducitur,
1667 4613 1847 4668 rebus

211 4698 574 4767 contemptis,
607 4699 710 4770 qui
733 4706 926 4754 mente
957 4706 1145 4754 terrae
1169 4699 1350 4754 afﬁxa
1377 4700 1650 4756 coelestia
1668 4703 1724 4756 in
1750 4702 1852 4756 mi-

213 4783 378 4839 nimis
401 4785 596 4852 habet,
630 4787 723 4842 cui
749 4804 1041 4844 nauseam
1059 4796 1235 4851 creat.
1260 4789 1555 4861 quidquid
1577 4789 1651 4843 de
1674 4806 1852 4844 carne

207 4874 354 4929 cruci
395 4875 732 4944 deﬁgenda,
775 4883 831 4931 et
868 4877 944 4931 de
977 4886 1265 4948 perpetua
1308 4880 1521 4933 mentis
1561 4879 1636 4934 ad
1668 4881 1850 4934 Deum

206 4961 528 5020 elevatione
575 4965 812 5030 dicitur,
863 4971 922 5019 et
957 4967 1063 5037 qui
1114 4967 1393 5039 denique,
1445 4969 1738 5039 quidquid
1777 4969 1854 5022 ad

205 5062 401 5108 veram
424 5053 804 5125 solidamque
825 5070 964 5109 cum
991 5055 1306 5110 devotione
1330 5058 1606 5127 pietatem
1629 5058 1853 5121 attinet,

207 5139 258 5196 in
287 5142 570 5199 extremis
601 5149 768 5197 curat
791 5162 804 5201 :
829 5159 966 5198 eum
1000 5152 1227 5200 certum
1249 5162 1377 5200 esse
1408 5146 1605 5215 iubeo,
1634 5162 1855 5217 nequa-

208 5243 382 5299 quam
416 5247 504 5296 se,
529 5231 695 5302 quod
726 5232 928 5286 iuvare
959 5233 1086 5286 eius
1117 5234 1304 5303 possit
1334 5235 1627 5299 animum,
1655 5235 1750 5290 hic
1777 5251 1860 5289 re-

211 5333 513 5388 perturum
545 5335 698 5374 esse.
733 5319 882 5375 Nam
913 5321 1012 5391 qui
1044 5321 1157 5376 hac
1191 5328 1383 5377 mente
1416 5339 1532 5377 non
1566 5329 1652 5378 est
1686 5339 1860 5393 prae-

210 5407 381 5476 ditus,
418 5414 484 5463 ut
516 5408 871 5479 posthabitis
903 5408 1083 5464 rebus
1116 5411 1228 5465 sub
1258 5411 1611 5481 adspeetum
1644 5412 1862 5466 caden-

213 5496 383 5564 tibus,
420 5499 675 5552 immoto
716 5497 900 5552 animi
942 5499 1249 5569 proposito
1281 5500 1587 5554 desideriis
1628 5503 1772 5565 suis,
1807 5506 1862 5554 et

212 5589 489 5644 omnibus
529 5587 772 5643 animae
801 5587 1028 5642 viribus
1066 5588 1127 5642 in
1169 5589 1505 5658 spiritualia
1534 5589 1860 5661 divinaque

215 5675 430 5735 feratur
465 5691 478 5742 ;
511 5681 570 5732 et
596 5679 805 5731 contra
837 5676 924 5731 vel
947 5676 1169 5745 gloriae
1191 5677 1400 5732 saltem
1429 5694 1574 5733 suae
1597 5677 1858 5745 inservit,

1954 1857 2112 1912 unde
2143 1856 2661 1913 abundantissime
2702 1857 2826 1927 ipse
2857 1855 3012 1910 sitim
3048 1867 3222 1907 suam
3255 1850 3602 1915 restinguat.

2030 2037 2161 2092 XVI.
2202 2037 2354 2102 Quid
2384 2036 2541 2090 enim
2583 2037 2640 2090 in
2673 2033 2886 2089 iisdem
2926 2029 3185 2086 occurrit
3215 2026 3380 2083 aliud
3422 2040 3608 2096 quam

1954 2126 2276 2182 sanissima
2297 2125 2398 2180 illa
2429 2123 2942 2192 saluberrimaque
2969 2122 3029 2175 in
3055 2133 3300 2174 omnem
3333 2113 3608 2170 Christia-

1954 2216 2133 2272 nismi
2155 2222 2383 2286 partem
2405 2214 2690 2282 dogmata
2710 2213 2738 2267 7
2765 2212 2961 2279 Lapsu
2983 2209 3321 2264 humanum
3341 2219 3528 2273 genus
3551 2202 3610 2257 in

1955 2312 2268 2375 peccatum
2304 2303 2633 2357 miserrime
2672 2316 2796 2356 esse
2837 2302 3184 2368 corruptum
3216 2299 3272 2349 et
3307 2292 3611 2348 deforma-

1956 2399 2104 2456 tum,
2139 2399 2459 2448 utaversae
2482 2392 2598 2444 iam
2623 2405 2658 2444 a
2682 2390 2796 2443 Deo
2820 2393 3043 2443 mentrs
3068 2384 3384 2440 hominum
3409 2381 3485 2436 ab
3509 2380 3614 2434 ad-

1953 2482 2220 2538 versaria
2244 2480 2486 2548 maligni
2511 2478 2749 2550 spiritus
2769 2480 3056 2547 potestate
3077 2474 3135 2527 in
3157 2470 3355 2526 omnis
3373 2467 3612 2539 generis

1956 2571 2208 2640 grandia
2249 2576 2494 2641 peccata
2542 2567 2936 2636 abripiantur.
2990 2563 3133 2616 Inde
3173 2560 3382 2615 divina
3422 2557 3614 2626 gratia

1955 2676 2086 2716 esse
2113 2677 2286 2730 opus,
2318 2665 2377 2712 ut
2400 2665 2520 2712 tam
2551 2655 2701 2710 male
2730 2671 2792 2709 se
2822 2653 3050 2709 habens
3083 2666 3151 2705 ex
3181 2654 3425 2720 peccato
3460 2659 3615 2699 mor-

1957 2751 2164 2805 talium
2189 2764 2376 2816 genus
2390 2745 2788 2801 convalescat.
2817 2745 2973 2797 Hanc
2997 2755 3136 2794 vero
3163 2750 3476 2808 nunquam
3494 2747 3615 2788 non

1956 2840 2015 2893 in
2047 2840 2312 2893 animam
2346 2835 2604 2890 hominis
2638 2837 2906 2904 potenter
2937 2828 3190 2899 operari,
3237 2832 3298 2880 ut
3331 2827 3460 2895 ipsa
3493 2837 3616 2876 ere-

1956 2934 2057 2999 pta
2084 2924 2427 2982 adversario
2451 2938 2561 2976 suo
2593 2923 2650 2975 in
2675 2921 3002 2975 libertatem
3023 2917 3335 2971 adseratur
3364 2930 3377 2978 ;
3406 2912 3615 2999 despe-

1956 2997 2215 3071 randum
2238 3031 2365 3068 esse
2391 3010 2615 3067 homini
2637 3010 2709 3064 de
2734 3010 2854 3062 suis
2884 3006 3125 3067 viribus,
3155 3003 3261 3057 nisi
3292 3001 3404 3071 ipsi
3433 3017 3465 3055 a
3491 2997 3617 3068 Spi-

1887 3124 1926 3177 C
1957 3108 2068 3160 ritu
2099 3102 2337 3158 coelesti
2364 3102 2617 3170 gratiose
2649 3092 3064 3152 subveniatur.
3111 3091 3407 3147 Christum
3437 3104 3471 3143 a
3497 3091 3616 3141 Deo

1958 3193 2302 3249 hominibus
2341 3190 2705 3244 destinatum
2747 3201 2808 3239 re
2842 3186 2850 3252 |
2886 3184 3261 3253 demptorem
3303 3182 3357 3232 et
3396 3191 3612 3231 omnes

1954 3283 2232 3337 homines
2256 3279 2504 3351 profuso
2533 3276 2824 3344 sanguine
2850 3273 3143 3342 expiasse,
3170 3275 3224 3323 et
3248 3269 3305 3322 in
3338 3265 3612 3322 omnium

1957 3372 2210 3426 salutem
2256 3368 2568 3422 hominum
2600 3365 2843 3418 solerter
2886 3360 3250 3415 incumbere.
3284 3355 3454 3422 Quod
3491 3359 3613 3407 tam

1955 3460 2312 3531 frequenter,
2345 3463 2586 3526 tamque
2619 3451 2878 3507 dilucide
2917 3448 3174 3503 inculcat
3207 3444 3523 3506 Macarius,
3557 3447 3617 3494 ut

1956 3553 2034 3604 lo.
2063 3548 2405 3602 Gerhardus
2423 3543 2685 3607 Vossius,
2710 3542 2798 3594 vir
2816 3542 2872 3593 in
2896 3536 3227 3592 evolvenda
3255 3531 3612 3603 antiquitate

1953 3636 2466 3706 diligentissimus,
2491 3633 2548 3685 in
2576 3629 2921 3684 doctissimo
2945 3625 3228 3678 Historiae
3267 3619 3615 3688 Pelagianae

1952 3722 2380 3798 opere,cumid
2406 3722 2656 3791 probare
2671 3717 2863 3780 debet,
2885 3713 3205 3769 Macarium
3227 3711 3284 3764 in
3312 3707 3619 3763 doctrinae

1953 3819 2076 3871 tam
2099 3814 2374 3868 salutaris
2401 3816 2610 3866 testem
2633 3807 2987 3863 creberrime
3012 3802 3240 3856 excitet.
3268 3800 3461 3864 Quam
3486 3811 3619 3867 por-

1953 3921 2019 3959 ro
2061 3905 2228 3956 docet
2266 3901 2520 3969 egregie,
2555 3895 2798 3969 quantis
2831 3892 3059 3948 insidiis
3099 3896 3345 3943 satanas
3383 3885 3618 3940 animas

1954 3993 2268 4047 hominum
2288 3987 2735 4047 circumveniat,
2753 3996 3059 4052 quamque
3074 3980 3414 4033 constanter
3433 3973 3620 4027 homi-

1956 4097 2102 4135 num
2135 4078 2389 4132 salutem
2422 4081 2678 4130 evertere
2717 4071 2975 4126 studeat.
3020 4069 3254 4132 Quanta
3285 4059 3618 4117 certamina

1956 4167 2181 4224 homini
2237 4166 2489 4219 salutem
2545 4161 2931 4232 acquisituro,
2984 4171 3170 4227 quam
3218 4149 3615 4210 vehementia,

1955 4273 2263 4330 quamque
2288 4252 2554 4308 difﬁcilia
2579 4267 2680 4321 per
2701 4263 2881 4304 omne
2915 4249 3069 4300 vitae
3094 4248 3330 4313 tempus
3349 4238 3464 4330 sint
3491 4251 3619 4289 sus-

1957 4327 2252 4401 s-tinenda.
2282 4345 2516 4408 Quanta
2542 4355 2680 4395 cum
2706 4336 3022 4392 devotione
3049 4340 3104 4387 et
3139 4345 3322 4402 quam
3344 4327 3619 4383 ardenter

1957 4451 2190 4506 semper
2209 4447 2413 4505 preces
2429 4431 2505 4485 ad
2531 4431 2715 4484 Deum
2737 4427 2850 4481 sint
2873 4422 3234 4479 fundendae.
3269 4420 3457 4483 Quam
3485 4413 3618 4506 dili-

1958 4503 2164 4594 genter
2185 4503 2262 4576 ad
2290 4537 2382 4576 res
2405 4519 2642 4573 divinas
2664 4531 2876 4571 omnes
2905 4512 3090 4568 animi
3119 4507 3474 4578 cupiditates
3501 4503 3621 4556 sint

1959 4611 2316 4681 alligandae.
2339 4609 2404 4663 Et
2427 4607 2705 4677 denique,
2736 4609 2798 4659 ut
2824 4601 3075 4658 breviter
3108 4595 3468 4668 complectar
3489 4597 3622 4645 om;

1962 4703 2080 4765 nia,
2109 4699 2255 4771 quid
2279 4704 2492 4753 natura
2507 4697 2581 4750 sit
2608 4700 2662 4749 et
2689 4693 2900 4762 gratia,
2921 4689 3141 4761 quibus
3159 4684 3346 4753 signis
3371 4685 3620 4750 utraque

1963 4789 2384 4858 dignoscatur:
2419 4801 2540 4856 quo
2567 4788 2722 4838 certe
2745 4783 2801 4835 in
2831 4781 3020 4850 capite
3053 4788 3354 4830 summam
3387 4771 3622 4840 sapien-

1963 4879 2080 4933 tiae
2111 4877 2436 4932 consistere
2471 4873 2634 4944 apud
2664 4871 3029 4926 Christianos
3071 4863 3344 4920 omnium
3377 4865 3462 4913 est
3493 4872 3622 4912 cer-

1967 4967 2284 5022 tissimum.
2322 4966 2384 5018 Et
2417 4962 2677 5033 profecto
2708 4960 2803 5014 vix
2837 4957 3030 5012 videre
3057 4970 3121 5008 ex
3157 4950 3452 5006 veteribus
3485 4962 3623 5000 con-

1969 5055 2092 5122 tigit
2135 5055 2345 5113 ullum,
2389 5052 2544 5106 unde
2587 5057 2706 5104 tam
2746 5047 3075 5103 luculenter
3120 5043 3359 5096 divinae
3399 5036 3621 5108 gratiae

1969 5145 2344 5213 Operationes
2371 5146 2423 5195 et
2457 5139 2716 5194 indolem
2742 5137 2902 5191 licuit
2935 5133 3268 5189 addiscere.

2042 5321 2199 5377 XVII.
2230 5320 2294 5374 ln
2312 5316 2708 5390 pulcherrimo
2737 5329 2877 5369 vero
2899 5313 3012 5367 hoc
3029 5323 3272 5379 corpore
3296 5305 3342 5358 si
3372 5302 3622 5374 quidam

1971 5409 2499 5479 deprehendantur
2526 5405 2698 5458 naevi
2732 5419 2744 5457 :
2779 5400 2926 5473 quid
2957 5401 3176 5454 mirum
3206 5401 3311 5457 est,
3347 5393 3393 5446 si
3425 5397 3476 5444 et
3508 5391 3622 5479 Ma:

1973 5474 2169 5553 carius
2210 5496 2384 5551 fuerit
2434 5497 2616 5550 homo
2666 5491 2903 5546 errandi
2955 5484 3215 5543 facilitati
3257 5479 3560 5550 expositus
3599 5474 3626 5527 ?

1972 5590 2086 5643 Nec
2107 5602 2178 5641 ex
2200 5586 2364 5640 omni
2385 5583 2734 5653 antiquitate
2767 5579 2889 5634 sisti
2921 5577 3104 5646 possit
3135 5573 3312 5636 ullus,
3338 5567 3438 5639 qui
3471 5565 3622 5621 labis

1971 5674 2169 5732 omnis
2192 5685 2246 5730 et
2277 5675 2491 5729 erroris
2517 5670 2916 5741 fueritexpers
2943 5665 2954 5718 l
2982 5662 3255 5719 Statuerit
3276 5671 3417 5725 ergo
3443 5657 3624 5710 Maca-
