4084 6256
459 305 567 363 367

1491 301 1827 358 ANDREAE
1867 301 2255 358 GALLANDII
2297 301 2833 359 PHOLEGOMENA

3792 304 3891 360 368

454 425 2118 501 nius,angelisquoqueessecorpusquoddamtenue(l):
2154 427 2199 479 A
2235 426 2461 480 stianae
2501 426 2799 496 religionis
2838 427 3193 484 detrimento
3233 430 3426 485 omitti
3470 427 3710 500 nequit.
3753 428 3894 484 Cum

458 519 872 574 condonemus
887 519 1001 587 ipsi
1015 517 1499 589 qualemcunque
1513 516 1674 569 hunc
1688 531 1971 580 errorem,
1986 531 2122 569 cum

458 608 661 663 Patres
689 607 974 662 Ecclesiae
1006 603 1326 660 venerandi
1353 603 1636 671 nominis,
1683 603 1772 658 vel
1807 605 1816 673 |
1851 603 1933 658 uti
1966 604 2126 658 Basi‘

458 696 594 760 lius,
630 697 904 766 Ephrem.
941 695 1190 766 Cyrillus
1218 693 1675 760 Alexandrinus,
1709 691 2122 760 Tertullianus,

460 785 862 855 Augustinus,
916 783 1190 847 Hilarius,
1243 782 1601 850 Fulgentius,
1631 781 1954 846 Arnobius,
1985 782 2126 836 Cas-

463 874 691 941 sianus,
723 873 942 943 aliique
989 872 1210 942 plures,
1241 869 1568 926 adnotante
1615 870 1799 924 etiam
1847 870 2121 936 Possino,

462 960 721 1017 eundem
760 961 1101 1015 erraverint.
1146 960 1204 1014 Si
1235 974 1391 1030 quae
1433 963 1488 1012 et
1531 973 1710 1029 porro
1751 964 1886 1012 sunt
1927 958 1983 1012 in
2015 957 2121 1011 do-

465 1049 770 1120 gmatibus
791 1049 966 1104 ﬁdem
983 1048 1392 1115 attinentibus,
1415 1047 1475 1101 in
1499 1046 1721 1118 quibus
1750 1048 1950 1101 minus
1968 1051 2124 1102 recte

465 1137 722 1194 sensisse
747 1137 999 1200 videtur,
1033 1153 1106 1191 ea
1126 1136 1186 1191 in
1217 1137 1414 1207 ipsum
1448 1141 1686 1190 utamur
1711 1135 1891 1190 animi
1925 1135 2125 1205 aequi-

466 1231 604 1291 tate,
660 1241 848 1297 quam
897 1225 1141 1296 reliquis
1180 1225 1452 1280 Patribus
1500 1225 1755 1294 graviter
1795 1222 2126 1295 aliquando

465 1313 976 1370 hallucinantibus
1005 1312 1480 1385 haudquaquam
1508 1312 1864 1367 invidemus.
1889 1314 2038 1367 Nam
2064 1310 2126 1366 id

469 1407 527 1459 et
550 1402 808 1459 charitas
819 1401 1160 1458 Christiana
1175 1401 1461 1472 exposcit,
1485 1406 1540 1456 et
1556 1401 1681 1456 sine
1703 1416 1943 1456 summo
1958 1400 2122 1456 Chri-

2233 515 2390 568 enim
2421 514 2480 569 in
2512 515 2820 585 palmariis
2848 517 3276 588 etcapitalibus
3300 518 3442 573 ﬁdei
3478 516 3897 572 sanctissimae

2234 603 2529 674 capitibus
2559 609 2745 658 rectas
2771 604 2986 677 aliquis
3015 605 3174 661 fovet
3199 607 3540 678 opiniones,
3578 606 3630 661 si
3658 611 3901 678 propter

2234 693 2536 763 quaedam
2585 695 2786 748 minus
2827 695 2978 749 bene
3009 695 3168 750 dicta
3199 695 3650 750 condemnetur
3683 695 3900 760 statim,

2235 787 2551 836 censentur
2574 782 2802 853 reliqua
2822 798 3064 854 quoque
3085 786 3212 838 eius
3239 800 3368 839 esse
3393 798 3659 839 erronea
3682 791 3738 839 et
3764 799 3903 839 con-

2233 870 2599 925 demnanda.
2631 872 2757 935 Quo
2789 887 2934 926 casu
2966 887 3144 944 saepe
3169 874 3524 945 contingere
3553 871 3788 939 videas,
3824 876 3902 935 ut,

2233 974 2388 1030 quae
2410 959 2802 1015 admirandae
2819 961 2876 1015 in
2895 961 3244 1031 religionem
3262 961 3683 1018 Christianam
3700 959 3908 1017 utilita-

2233 1048 2308 1102 tis
2337 1063 2485 1113 esse,
2515 1053 2570 1103 et
2601 1064 2724 1103 rem
2756 1050 2990 1120 pietatis
3014 1057 3250 1105 strenue
3281 1050 3578 1106 adiuvare
3610 1053 3907 1121 poterant,

2235 1152 2369 1191 cum
2405 1137 2535 1206 ipsa
2560 1136 2776 1206 pietate
2801 1137 2973 1193 ﬂocci
3001 1138 3146 1195 ﬁant
3177 1144 3234 1194 et
3274 1138 3768 1210 proscribantur.

2305 1225 2478 1279 XVIII.
2534 1227 2731 1281 Restat
2778 1231 2842 1282 ut
2883 1227 3227 1283 testimonia
3269 1227 3485 1300 aliqua
3532 1226 3611 1282 de
3656 1227 3908 1282 Macario

2237 1312 2548 1369 subiiciam
2558 1330 2646 1369 us.

1859 1525 2070 1587 Suidas
2115 1525 2178 1586 in
2227 1524 2512 1590 Macario.

545 1662 673 1715 Duo
705 1658 941 1714 fuerunt
964 1659 1199 1714 Macarii
1226 1658 1494 1714 eiusdem
1525 1659 1788 1715 nominis
1822 1665 2001 1731 atque
2033 1659 2132 1715 de-
2168 1661 2209 1714 Β

475 1748 696 1803 cantati
727 1752 969 1818 propter
999 1747 1278 1803 exercitia
1309 1749 1662 1813 studiorum,
1692 1749 1898 1812 vitam,
1931 1764 2131 1804 mores

470 1839 652 1907 atque
665 1835 1076 1907 disciplinam.
1095 1837 1252 1892 Alter
1269 1838 1518 1907 quidem
1536 1838 1884 1909 Aegyptius,
1899 1839 2001 1908 qui
2033 1838 2138 1894 mi-

469 1923 671 1979 racula
705 1924 942 1988 edebat,
970 1940 1042 1979 ac
1063 1925 1344 1994 religiosa
1366 1926 1716 1981 cautionein
1743 1943 1865 1990 eos,
1901 1928 1911 1996 Ι
1943 1927 2045 1999 qui
2073 1943 2138 1982 se

471 2013 933 2078 conveniebant,
955 2019 1081 2069 erat
1107 2029 1372 2070 severus.
1397 2014 1554 2069 Alter
1573 2015 2009 2071 Alexandrinus
2036 2032 2141 2087 per

477 2101 684 2156 omnia
713 2101 927 2156 similis
957 2103 1254 2174 Aegyptio
1283 2110 1337 2157 et
1363 2102 1667 2158 humanus
1696 2121 1708 2155 :
1738 2103 1891 2159 adeo
1931 2104 2142 2159 huma-

475 2205 591 2245 nus
627 2197 752 2244 erat
782 2205 925 2258 erga
963 2206 1086 2255 eos,
1119 2192 1224 2262 qui
1256 2207 1317 2246 se
1352 2191 1812 2257 conveniebant,
1847 2198 1909 2247 ut
1937 2192 2143 2264 lepida

479 2277 815 2332 urbanitate
848 2277 1068 2333 utendo
1097 2280 1338 2334 iuvenes
1369 2279 1446 2334 ad
1477 2281 1748 2335 exercitia
1765 2288 2139 2350 provocaret.

479 2365 706 2420 Horum
736 2367 1023 2435 Evagrius
1065 2367 1392 2438 discipulus
1424 2367 1636 2434 factus,
1671 2368 1840 2424 factis
1871 2370 2139 2440 philoso-

474 2454 682 2526 phiam
706 2455 988 2524 exercuit,
1017 2457 1118 2528 qui
1141 2458 1308 2528 prius
1336 2457 1531 2512 verbis
1564 2458 1858 2514 duntaxat
1885 2459 2144 2528 philoso-

474 2544 798 2612 phabatur.
825 2545 935 2609 Qui
959 2545 1537 2617 Constantinopolita
1550 2548 1829 2616 Gregorio
1846 2547 2144 2618 Theologo

477 2630 538 2685 in
566 2631 958 2687 diacouorum
986 2632 1253 2687 adscitus
1276 2639 1365 2689 est
1391 2634 1684 2698 ordinem.
1715 2636 1861 2707 quin
1887 2636 2067 2690 etiam
2086 2637 2147 2691 in

479 2720 816 2789 Aegyptum
843 2720 1168 2790 profectus,
1191 2721 1248 2775 in
1270 2722 1610 2792 praedictos
1631 2724 1837 2778 incidit
1858 2724 2040 2788 viros,
2066 2730 2147 2778 at-

478 2822 598 2878 que
616 2807 850 2862 illorum
875 2809 1055 2864 vitam
1082 2810 1419 2866 aemulatus
1443 2819 1549 2867 est.
1573 2812 1662 2867 Ab
1683 2812 1797 2867 hoc
1818 2813 1952 2868 libri
1974 2813 2146 2868 valde

478 2909 691 2964 graves
713 2901 769 2952 et
799 2897 931 2953 serii
958 2899 1276 2969 conscripti
1299 2906 1455 2965 sunt,
1484 2916 1744 2973 quorum
1773 2917 1926 2957 unus
1953 2904 2147 2957 Mona-

2315 1664 2412 1712 Δύο
2480 1663 2702 1731 ἐγένοντο
2775 1661 3042 1735 Μακάριοι
3111 1664 3375 1734 ὁμώνυμοι
3454 1668 3551 1715 καὶ
3609 1662 3916 1734 περιϐόητοι

2247 1748 2319 1802 δι’
2349 1751 2599 1814 ἄσκησιν,
2635 1746 2730 1801 διὰ
2760 1749 2895 1822 βίον,
2932 1748 3026 1803 διὰ
3059 1756 3268 1825 τρόπον,
3323 1749 3421 1804 διὰ
3461 1755 3531 1804 τὰ
3579 1754 3875 1824 μαθήματα
3904 1773 3914 1784 ·

2250 1840 2276 1890 ὀ
2335 1841 2422 1909 μὲν
2475 1839 2764 1909 Αἰγύπτιος
2818 1841 3218 1913 θαυματουργός
3264 1837 3344 1906 ἦν,
3383 1846 3484 1892 καὶ
3525 1843 3666 1911 μετά
3715 1848 3805 1892 τοῦ
3847 1840 3925 1891 εὐ-

2247 1927 2432 1988 λαϐοῡς
2504 1931 2634 2000 πρὸς
2688 1932 2807 1988 τοὺς
2881 1931 3295 1999 ἐντυγχάνοντας
3368 1929 3655 2002 αὐστηρός
3699 1947 3712 1960 ·
3781 1931 3806 1980 ὁ
3872 1925 3925 1980 δὲ

2249 2012 2617 2089 Ἀλεξανδρεὺς
2681 2020 2818 2068 κατὰ
2885 2020 3053 2070 πάντα
3119 2018 3186 2069 ὢν
3254 2018 3643 2092 παραπλήσιος
3699 2026 3770 2088 τῷ
3840 2018 3925 2071 Δί-

2250 2109 2454 2176 γυπτίῳ
2503 2111 2592 2158 καὶ
2653 2105 2826 2179 ἱλαρός
2861 2123 2873 2135 ·
2918 2106 3082 2167 οὕτως
3138 2107 3314 2179 ἱλαρὸς
3369 2105 3437 2165 ἦν
3494 2115 3611 2170 τοῖς
3670 2109 3922 2179 ἐντυγχά-

2251 2214 2422 2260 νουσι,
2480 2200 2568 2247 καὶ
2629 2204 2701 2264 τῲ
2773 2199 3201 2270 χαριεντίζεσθαι
3261 2201 3380 2258 τοὺς
3439 2202 3589 2258 νέους
3645 2194 3742 2268 ἦγε
3801 2199 3920 2269 πρὸς

2255 2285 2289 2335 ἅ
2355 2285 2364 2352 |
2427 2303 2618 2341 σκησιν
2651 2304 2663 2316 ο
2694 2287 2887 2336 τούτων
2920 2285 3169 2356 Εὐάγριος
3214 2291 3492 2357 γενόμενος
3534 2289 3784 2358 μαθητὴς
3834 2289 3921 2342 τὴν

2257 2370 2331 2425 δι’
2391 2375 2550 2445 ἔργων
2604 2373 2908 2445 φιλοσοφίαν
2966 2373 3244 2437 ἐκτήσατο,
3298 2380 3559 2450 πρότερον
3600 2375 3739 2446 λόγῳ
3789 2378 3917 2446 μόνῳ

2256 2461 2530 2533 φιλόσοφος
2588 2467 2690 2512 ὤν·
2735 2463 2788 2525 ὃς
2837 2466 2885 2515 ἓν
2933 2469 3320 2516 Κωνσταντίνου
3366 2465 3522 2518 πόλει
3573 2467 3678 2517 ὑπὸ
3734 2471 3920 2537 Γρηγο-

2254 2556 2368 2622 ρίου
2420 2558 2511 2602 τοῦ
2562 2551 2812 2622 Θεολόγου
2867 2552 2935 2612 εἰς
2963 2557 3056 2610 τὴν
3100 2561 3192 2604 τοῦ
3238 2549 3493 2606 διακόνου
3537 2553 3912 2629 προεχειρίσθη

2256 2639 2436 2702 τάξιν·
2499 2639 2625 2692 ἀλλὰ
2677 2645 2766 2693 καὶ
2819 2639 2870 2703 ἐς
2908 2645 3000 2700 τὴν
3058 2645 3314 2713 Αἴγυπτον
3367 2643 3666 2710 κατελθὼν,
3700 2647 3920 2702 καὶτοῖς

2255 2728 2621 2800 προλεχθεῖσιν
2717 2728 2948 2800 ἐντυχὼν
3022 2728 3270 2803 ἀνδράσι,
3341 2735 3427 2782 τὸν
3526 2732 3736 2784 ἐκείνων
3821 2729 3926 2802 βίον

2256 2817 2490 2878 ἐζήλωσε
2519 2835 2530 2847 ·
2566 2820 2731 2889 τούτῳ
2770 2818 2951 2890 βιϐλία
2989 2821 3119 2891 ἄγαν
3152 2817 3426 2873 σπουδαῖα
3479 2826 3911 2894 συγγέγραπται·

2256 2908 2323 2958 ὧν
2378 2911 2435 2960 τὸ
2514 2911 2605 2979 μὲν
2654 2911 2955 2978 Μοναχός
3008 2909 3037 2966 ἡ
3108 2913 3228 2981 περὶ
3288 2917 3601 2980 πρακτικῆς
3654 2912 3916 2980 ἓπιγέγραο

479 2984 607 3038 chus
637 2984 758 3039 sive
784 2985 857 3040 de
892 2987 1008 3042 vita
1038 2987 1232 3043 activa
1267 2988 1598 3060 inscriptus
1648 2996 1776 3056 est;
1817 2990 1964 3046 alter
2003 2991 2139 3045 Gno-

2256 3016 2422 3049 πται·
2456 3000 2515 3048 τὸ
2564 2993 2622 3049 δὲ
2677 3000 3045 3056 Γνωστικὸς
3077 2997 3106 3055 ἢ
3156 3002 3276 3069 περὶ
3329 3006 3433 3049 τῶν
3493 2998 3912 3060 καταξιωθέντων

485 3075 653 3128 sticus
694 3074 816 3130 sive
863 3074 937 3130 de
977 3075 1046 3130 iis
1085 3077 1184 3146 qui
1249 3077 1606 3147 cognitionis
1647 3095 1894 3134 munere
1940 3080 2146 3135 donati

483 3167 623 3217 sunt
647 3179 660 3227 ;
680 3164 874 3234 capita
903 3179 1042 3219 vero
1064 3165 1192 3219 eius
1223 3165 1358 3220 libri
1389 3168 1982 3239 suntquinquaginta
2006 3186 2018 3234 ;
2040 3175 2146 3224 ter-

477 3249 598 3304 tius
610 3251 654 3304 A
666 3251 1023 3307 ntirrheticus
1037 3254 1114 3308 ad
1132 3270 1336 3309 versus
1352 3260 1642 3311 tentantes
1663 3257 1990 3312 daemones
2013 3263 2146 3313 octo

478 3336 794 3393 distinctus
823 3342 1111 3410 partibus,
1137 3343 1473 3400 secundum
1501 3361 1819 3400 numerum
1843 3353 1976 3401 octo
1990 3347 2146 3415 cogi-

478 3427 790 3481 tationum.
810 3430 953 3484 Item
975 3437 1253 3485 sexcenta
1274 3432 1660 3502 Prognostica
1681 3433 2076 3498 Problemata,
2092 3439 2148 3489 et

475 3513 871 3570 Elementaria
925 3519 1068 3584 duo,
1114 3535 1299 3574 unum
1342 3522 1417 3574 ad
1459 3522 1787 3576 monachos
1828 3525 1885 3578 in
1926 3540 2145 3578 coeno-

481 3601 595 3655 biis
617 3608 719 3656 aut
740 3604 1145 3660 contuberniis
1172 3608 1449 3673 viventes,
1475 3610 1726 3664 alterum
1751 3612 1828 3665 ad
1852 3613 2145 3681 virginum

488 3694 749 3746 coetum.
777 3695 965 3764 Atque
1005 3695 1152 3749 haec
1183 3704 1318 3752 sunt
1350 3699 1475 3751 eius
1526 3700 1708 3753 verba
1740 3716 1752 3754 :
1796 3699 2012 3755 Necesse
2050 3709 2142 3767 est,

488 3785 554 3833 ut
593 3780 711 3832 vias
760 3798 968 3847 eorum,
1030 3785 1124 3853 qui
1165 3795 1600 3855 praecesserunt,
1651 3789 2028 3844 monachorum
2073 3807 2149 3844 se-

487 3866 614 3922 dulo
657 3869 984 3940 indagemus,
1045 3881 1093 3926 et
1147 3874 1217 3926 ad
1272 3891 1454 3930 eorum
1520 3893 1766 3932 normam
1809 3878 2142 3948 dirigamur.

488 3956 662 4012 Multa
688 3957 765 4013 ab
794 3958 862 4012 iis
889 3964 946 4013 et
971 3959 1130 4016 dicta
1157 3967 1213 4016 et
1238 3962 1394 4018 facta
1426 3971 1562 4020 sunt
1587 3971 1761 4035 certe,
1802 3967 1951 4022 inter
1989 3984 2146 4038 quae

485 4051 540 4100 et
571 4045 683 4100 hoc
705 4047 1008 4119 quispiam
1031 4050 1198 4113 dixit,
1226 4052 1530 4107 aridiorem
1561 4061 1609 4108 et
1647 4070 1897 4125 asperam
1929 4057 2147 4111 vivendi

491 4136 758 4190 rationem
788 4153 906 4192 cum
946 4138 1213 4194 charitate
1252 4142 1553 4211 capulatam
1590 4143 1820 4200 celerius
1858 4145 2146 4214 perducere

491 4225 806 4280 monachum
830 4227 902 4281 ad
929 4228 1290 4298 adfectionum
1324 4232 1663 4286 vacuitatem.

634 4329 714 4369 J0.
758 4331 1086 4372 TRITHEMIUS
1129 4335 1195 4372 DE
1237 4335 1620 4376 SCRIPTORIBUS
1660 4337 1978 4376 ECCLESIAE.

557 4400 835 4457 Macarius
864 4404 1160 4460 Monachus
1187 4407 1503 4478 Aegyptius,
1536 4417 1583 4462 et
1606 4409 1745 4465 beati
1775 4411 1962 4465 Patris
1994 4412 2003 4482 Ι
2037 4411 2148 4465 An-

488 4490 627 4544 tonii
657 4492 921 4561 quondam
950 4493 1273 4565 discipulus,
1305 4498 1394 4550 vir
1425 4499 1639 4553 devotus
1677 4507 1724 4553 et
1773 4501 2147 4555 sanctissimae

486 4581 924 4647 conversationis,
987 4583 1055 4638 de
1103 4602 1202 4654 quo
1253 4587 1424 4640 multa
1477 4589 1756 4643 miracula
1807 4598 2138 4655 narrantur,

481 4669 736 4737 quomodo
796 4670 957 4724 etiam
1016 4680 1359 4727 mortuorum
1412 4691 1559 4730 voces
1616 4676 1678 4730 de
1730 4677 1989 4746 sepulcris
2045 4695 2144 4748 pro

487 4755 615 4824 ﬁdei
640 4758 1053 4827 conﬁrmatione
1068 4761 1399 4830 impetravit.
1421 4764 1642 4818 Claruit
1668 4766 1841 4819 multa
1859 4767 2144 4821 sanctitate

482 4843 576 4897 sub
629 4844 980 4901 Constantino
1031 4855 1081 4902 et
1126 4850 1440 4905 Constantio
1471 4852 1827 4922 Principibus
1873 4872 2014 4910 anno
2042 4857 2146 4910 Do-

482 4933 622 4986 mini
651 4937 772 4988 350.
803 4935 972 4990 Cuius
999 4945 1147 5006 gesta
1173 4938 1436 4993 habentur
1467 4940 1526 4993 in
1566 4940 1707 4997 Vitis
1737 4942 1992 4998 Patrum.

491 5035 726 5075 mrsrnn.
770 5038 1068 5085 INIQUITAT.
1138 5041 1383 5081 AUCTORE
1423 5044 1480 5082 ω.
1523 5044 1574 5082 Β.
1616 5045 1666 5084 F.
1708 5045 1759 5083 Β.
1811 5045 1945 5102 pag.
1989 5035 2112 5088 209.

564 5108 629 5163 Β.
679 5110 957 5166 Macarius
1015 5114 1251 5183 scriptor
1307 5116 1762 5186 religiosissimus,
1827 5127 1874 5172 et
1925 5120 1992 5173 de
2043 5139 2144 5191 quo

485 5197 548 5251 Β.
584 5199 812 5253 Arndus
841 5200 978 5254 mihi
1007 5202 1363 5271 conﬁrmavit,
1392 5205 1584 5274 fuisse,
1613 5222 1730 5260 cum
1777 5207 1931 5262 illum
1968 5209 2143 5265 verbo-

491 5292 643 5341 tenus
668 5295 839 5358 posset
871 5288 1008 5344 libro
1032 5291 1255 5361 seposito
1280 5293 1539 5349 recitare.

2255 3091 2533 3157 γνώσεως·
2606 3086 2858 3157 κεφάλαια
2924 3083 2983 3138 δὲ
3059 3085 3221 3138 αὐτοῦ
3292 3093 3626 3146 πεντήκοντα
3671 3105 3682 3116 ·
3761 3089 3817 3137 τὸ
3873 3078 3926 3135 δε

2257 3172 2763 3247 Ἀντιῤῥητικόν,
2812 3177 2943 3246 πρὸς
2998 3177 3118 3233 τοὺς
3167 3176 3516 3248 πειράζοντας
3567 3174 3842 3247 δαίμονας,
3873 3171 3915 3222 ἐν

2257 3262 2388 3315 ὀκτὼ
2422 3260 2734 3336 διῃρημένον
2790 3267 2990 3336 μέρεσι,
3032 3265 3170 3314 κατὰ
3206 3267 3291 3315 τὸν
3350 3262 3581 3336 ἀριθμὸν
3642 3273 3743 3316 τῶν
3797 3262 3918 3313 ὀκτὼ

2638 3357 2728 3403 καὶ
2785 3351 3032 3413 ἑξακόσια
3097 3355 3473 3422 προγνωστικὰ
3530 3352 3913 3427 προϐλήματα·

2256 3447 2344 3492 καὶ
2375 3443 2614 3512 στιχηρὰ
2662 3439 2735 3511 β’,
2765 3441 2816 3492 ἐν
2844 3443 2973 3512 πρὸς
3019 3444 3141 3499 τοὺς
3190 3439 3237 3490 ἐν
3268 3440 3554 3502 κοινοϐίοις
3580 3443 3610 3501 ἦ
3659 3435 3920 3495 συνοδίαις

2255 3351 2517 3424 λογισμῶν
2550 3372 2566 3385 ο

2256 3532 2542 3600 μοναχούς,
2596 3534 2684 3580 καὶ
2736 3528 2783 3580 ἓν
2823 3532 2950 3600 πρὸς
2981 3533 3075 3586 τὴν
3107 3531 3384 3600 παρθενίαν
3415 3546 3428 3559 ⁶
3471 3535 3580 3583 καί
3637 3549 3767 3602 φησι
3804 3527 3920 3577 κατὰ

2255 3617 2388 3680 λέξιν
2423 3635 2433 3646 ·

2259 3703 2638 3758 δευσάντων
2726 3714 3028 3777 μοναχῶν
3105 3705 3313 3776 ὀρθῶς
3407 3703 3777 3780 διερωτᾲν,
3834 3705 3920 3753 καὶ

3331 3795 3540 3848 πολλὰ
3577 3799 3702 3869 ⁴γάρ
3745 3797 3917 3845 ἐστιν

2257 3883 2361 3934 ὑπ’
2419 3883 2630 3935 αὐτῶν
2670 3886 2746 3935 τὰ
2781 3885 3062 3957 ῥηθέντα
3100 3888 3210 3934 καὶ
3271 3886 3665 3954 πραχθέντα
3697 3881 3915 3940 καλῶς»

2256 3975 2312 4023 ἒν
2375 3973 2467 4031 οἷς
2506 3977 2610 4024 καὶ
2665 3977 2857 4023 τοῦτο
2917 3990 3015 4031 τις
3089 3973 3311 4041 ἔφησε,
3372 3977 3490 4030 τὴν
3560 3973 3915 4044 ξηροτέραν

2257 4065 2357 4112 καὶ
2399 4059 2732 4131 ἀνώμαλον
2765 4057 3058 4123 δίαιταν,
3115 4058 3335 4132 ἀγάπῃ
3396 4062 3913 4132 συζευχθεὶσαν,

2496 3617 2698 3678 οὕτως
2738 3616 3094 3686 ἀναγκαῖον
3150 3621 3258 3677 τὰς
3298 3614 3507 3679 ὁδοὺς
3580 3627 3701 3670 τῶν
3753 3631 3924 3689 προο-

2257 3799 2410 3866 πρὸς
2470 3795 2683 3856 αὐτὰς
2724 3796 3228 3866 κατορθοῦσθαι
3261 3809 3274 3825 ’

2260 4152 2489 4202 θᾶττον
2531 4146 2787 4220 διάγειν
2828 4152 2930 4201 τὸν
2969 4153 3258 4220 μοναχὸν
3300 4168 3391 4210 εις
3432 4147 3788 4204 ἀπάθειαν.

2398 4342 2603 4382 PETRUS
2647 4341 2844 4381 POIRET
2884 4343 2949 4380 DE
2989 4341 3313 4382 ERUDITIONE
3354 4340 3777 4383 SUPEHFICIARIA

2918 4430 2974 4484 p.
3012 4431 3090 4468 m.
3127 4419 3252 4469 202.

2327 4502 2572 4559 Macarii
2602 4502 2921 4573 Aegyptiaci
2954 4502 3316 4558 admirabiles
3368 4511 3418 4557 et
3469 4504 3671 4559 divina
3699 4509 3907 4571 promi!

2255 4593 2528 4661 sapientia
2553 4591 2883 4646 abundantes
2915 4592 3212 4647 Homiliae.

2330 4682 2456 4734 XIX.
2503 4680 2655 4736 Nihil
2687 4696 2845 4735 nunc
2876 4687 3056 4736 restat
3086 4680 3367 4750 amplius,
3408 4696 3595 4752 quam
3632 4683 3694 4732 ut
3726 4679 3901 4730 lecto-

2255 4785 2380 4823 rem
2412 4769 2765 4824 benevolum
2788 4785 3089 4837 rogemus,
3122 4784 3298 4836 aegre
3330 4785 3403 4824 ne
3424 4769 3594 4832 ferat,
3624 4767 3670 4821 si
3697 4759 3902 4820 menda

2257 4859 2692 4928 typographica
2718 4857 2863 4912 forte
2890 4857 3104 4911 alicubi
3143 4864 3481 4912 occurrant.
3516 4860 3714 4926 Neque
3751 4849 3895 4906 enim

2255 4946 2469 5001 adesse
2485 4946 3055 5016 licuitspeciminum
3075 4947 3502 5002 emendationi.
3521 4947 3576 5001 Si
3597 4956 3751 5015 quae
3767 4949 3896 4992 vero

2253 5034 2532 5103 relegenti
2575 5036 2893 5089 Macarium
2944 5051 3006 5089 se
3059 5035 3423 5099 obtulerunt,
3480 5051 3550 5088 ea
3587 5033 3647 5086 in
3687 5027 3896 5083 calcem

2253 5122 2386 5177 libri
2414 5122 2834 5178 adnotavimus
2865 5140 2877 5186 ;
2908 5138 3063 5193 quae
3091 5122 3368 5178 tollantur
3389 5123 3546 5188 licet,
3578 5124 3886 5187 antequam

2255 5211 2329 5266 ad
2365 5211 2587 5265 librum
2609 5211 2931 5278 legendum
2954 5211 3057 5267 fiat
3081 5211 3366 5266 accessio.
3396 5215 3578 5266 Deum
3604 5221 3738 5262 vero
3765 5213 3890 5256 ora-

2257 5315 2394 5355 mus
2427 5298 2799 5369 supplicibus
2824 5300 3117 5370 precibus,
3144 5306 3204 5356 ut
3229 5299 3362 5355 libri
3379 5300 3554 5355 huius
3581 5289 3875 5351 lectoribUS

2083 5450 2332 5505 NOTAE.

569 5571 661 5648 (l)_
689 5573 1150 5648 Macar.__1_iomil.
1197 5575 1286 5632 IV
1321 5577 1348 5648 §
1385 5578 1419 5630 9
1461 5594 1519 5647 ρ.
1570 5581 1659 5643 47,
1703 5582 1790 5644 48,
1839 5580 1914 5635 De
1944 5581 2132 5636 elevat.

489 5644 686 5697 mentis
728 5661 843 5714 cap.
911 5645 982 5700 VI
1038 5664 1089 5717 p.
1149 5652 1266 5703 H3.
1301 5644 1569 5707 Petavius
1624 5650 1771 5706 Tom.
1812 5652 1910 5706 ΙΙΙ
1944 5653 2133 5724 Dogm.

2250 5583 2429 5637 Theol.
2480 5583 2572 5638 lib.
2607 5583 2638 5636 Ι
2665 5582 2730 5639 de
2769 5583 2960 5654 Angel.
2995 5600 3112 5656 cap.
3151 5583 3234 5640 ΙΙ.
3278 5584 3549 5640 Dallaeus
3597 5579 3655 5632 de
3682 5589 3777 5629 usu
3805 5570 3898 5624 Pa-

2250 5660 2397 5709 trum
2415 5672 2471 5726 p.
2503 5671 2575 5709 m.
2609 5658 2730 5711 268.
