4084 6256
189 313 286 370 369
1056 309 1146 364 DE
1186 310 1294 366 SS.
1337 309 1680 366 MACARllS
1724 307 2078 365 AEGYPTIO
2121 307 2206 363 ET
2247 307 2784 366 ALEXANDBINO.
3526 312 3631 366 370

183 437 300 493 suis
328 434 580 508 spiritus
612 436 924 507 impertiat
946 433 1224 505 gratiam,
1248 439 1325 496 et,
1353 451 1474 507 quo
1497 451 1640 489 usus
1666 439 1753 489 est
1775 434 1859 488 in-
1892 433 1936 486 A
1971 432 2329 492 felicitatem,
2377 432 2553 487 nullis
2601 437 2941 504 temporum
2989 433 3250 504 periodis
3293 433 3626 490 terminan-

185 523 1127 580 strumentoaddemonstrandas
1142 523 1540 578 exuberantes
1559 540 1698 578 suas
1713 523 1858 578 divi-
1969 521 2112 575 dam
2133 521 2292 576 viam
2309 522 2595 589 dignetur
2618 522 2894 593 dirigere.
2928 524 3288 595 Scripsimus
3309 524 3538 594 Lipsiae
3564 522 3624 576 in

180 613 284 670 tias
309 611 696 684 spirituales,
734 613 1010 677 Macario,
1053 611 1180 667 eius
1208 611 1596 667 divinissimis
1627 613 1860 682 scriptis
1972 612 2116 666 urbe
2140 613 2332 680 patria
2362 612 2455 666 die
2487 613 2551 667 IX
2583 615 2765 668 Martii
2798 617 2967 669 Anno
2999 618 3385 684 recuperatae
3416 612 3623 667 salutis

184 702 397 758 multas
432 700 516 756 ad
549 717 618 758 se
654 701 915 767 allicere,
947 707 1004 758 et
1033 701 1093 755 in
1125 707 1371 766 rectam,
1399 716 1554 769 quae
1588 701 1751 756 ducit
1783 701 1862 756 ad
1971 701 2061 757 clo
2105 702 2195 756 Ioc
2229 703 2306 756 Ic.
2346 704 2353 769 |

918 961 928 1030 |
978 958 1264 1016 SERIES
1284 975 1507 1024 eorum,
1540 975 1694 1032 quae
1723 960 1784 1015 in
1817 959 1925 1016 hoc
1951 960 2100 1015 libro
2131 960 2202 1016 de
2245 961 2510 1017 Macario
2537 961 2937 1018 continentur.

185 1092 204 1144 I
342 1089 434 1145 De
479 1087 792 1146 Custodia
821 1085 1052 1142 Cordis.
3602 1092 3624 1142 ί

189 1162 226 1217 lI
341 1161 432 1215 De
468 1159 865 1226 Per/ectione
889 1157 952 1212 in
978 1156 1236 1226 Spiritu.
3561 1162 3627 1215 33

185 1233 248 1288 III
354 1233 436 1287 De
468 1229 795 1286 Oratione.
3564 1233 3632 1284 5O

183 1306 245 1357 IV
345 1304 431 1358 De
462 1301 796 1357 Patientia
819 1304 873 1356 et
900 1299 1289 1356 Discretione.
3558 1304 3629 1354 ’70

185 1377 224 1428 V
349 1375 441 1430 De
465 1371 840 1428 Elevatione
869 1371 1101 1426 Mentis.
3525 1370 3629 1425 108

185 1446 248 1500 VI
348 1447 437 1500 De
462 1445 818 1500 Charitate.
3530 1443 3630 1496 I36

185 1519 273 1572 VII
352 1518 437 1571 De
461 1515 784 1572 Libertate
806 1513 1040 1568 Mentis.
3524 1512 3623 1566 181

183 1589 296 1643 VIII
346 1586 906 1654 Apophthegmata
935 1583 1182 1638 Macarii
1201 1597 1238 1638 a
1264 1583 1439 1637 Petro
1477 1581 1721 1638 Possino
1752 1583 1928 1639 edita.
3525 1583 3622 1636 231

182 1659 244 1714 IX
345 1657 903 1728 Apophthegmata
941 1655 1260 1728 Macariia
1290 1655 1376 1708 Io.
1427 1654 1700 1721 Baptista
1731 1655 2012 1710 Cotelerio
2044 1654 2227 1710 edita.
3527 1657 3630 1728 2§Ej

179 1733 215 1785 Χ
347 1723 435 1785 De
469 1723 758 1784 Macario
804 1726 1028 1781 Retatin
1059 1741 1134 1782 ex
1162 1726 1550 1793 Hieronymo.
3523 1723 3629 1778 270

177 1803 237 1857 XI
351 1803 440 1857 De
464 1799 756 1856 Macario
779 1799 1006 1854 Relatio
1037 1812 1112 1853 ex
1139 1796 1447 1851 Palladio.
3523 1796 3626 1850 273

176 1872 261 1928 XII
351 1875 444 1928 De
483 1872 770 1928 Macario
800 1871 1108 1938 Excerpta
1135 1883 1210 1924 ex
1242 1867 1635 1922 Cassiodoro'.
3525 1870 3626 1922 279

262 1978 621 2043 [Sequuntur
655 1976 928 2042 Opuscula
956 1989 1078 2039 pag.
1109 1976 1269 2031 1-285,
1301 1977 1416 2024 tum
1437 1991 1461 2021 ‹
1483 1975 1647 2043 [fidem
1680 1989 1930 2043 (erumpet
1957 1976 2229 2043 veroat-um
2259 1992 2281 2020 ι
2310 1979 2370 2043 et_
2392 1993 2416 2022 α
2434 1976 2599 2024 Index
2626 1975 2852 2024 locorum
2881 1975 3176 2038 Scripturae
3207 1990 3338 2038 quae
3367 1976 3423 2023 in
3454 1975 3533 2024 his

1479 2037 1741 2098 Opusculis
1766 2037 1930 2086 obiter
1959 2039 2296 2100 explicantur.
2323 2039 2371 2101 ›]

242 2159 256 2172 '
284 2157 432 2225 Leg.
470 2157 790 2213 Cassiano.
816 2153 1228 2210 Cassiodorum
1262 2168 1400 2208 cum
1435 2153 1716 2209 Cassiano
1747 2153 2058 2208 confundit
2091 2153 2328 2211 Pritius.
2373 2157 2523 2210 Εοιτ.

1095 2453 1796 2573 ANDREAE
1905 2455 2714 2576 GALLANDII

1024 2666 1518 2729 PRESBYTERI
1638 2668 2301 2730 CONGREGATIONIS
2426 2669 2799 2732 ORATORII

1506 2842 2327 2932 PROLEGOMENA

808 3019 868 3064 IN
915 3018 1092 3064 VITAS
1139 3018 1212 3062 ET
1261 3018 1506 3064 SCRIPTA
1546 3020 1630 3065 SS.
1685 3020 2083 3066 MACARIORUM
2133 3021 2406 3066 AEGYPTII
2456 3021 2526 3065 ET
2577 3021 3011 3067 ALEXANDRINI.

647 3139 799 3200 (Bibl.
832 3143 1076 3188 veterum
1109 3139 1324 3188 Patrum
1356 3142 1809 3205 antiquorumque
1840 3143 2159 3204 scriptorum
2191 3142 2676 3192 ecclesiasticorum
2712 3142 2765 3190 T.
2796 3142 2904 3190 VII.
2938 3156 2990 3204 p.
3023 3143 3226 3204 III-V1.)

1321 3363 1488 3436 [Pag.
1521 3363 1616 3437 III]
1645 3365 1730 3420 De
1762 3364 1824 3420 S.
1862 3364 2132 3422 Macario
2163 3365 2480 3436 Aegyptio.

278 3481 321 3536 Ι.
355 3482 664 3540 Macarius
681 3484 875 3542 senior
899 3500 1110 3555 genere
1131 3490 1478 3560 Aegyptius,
1497 3494 1554 3543 et
1574 3489 1783 3559 Magni
1795 3496 2264 3559 cognomentum
2291 3490 2545 3561 adeptus
2562 3490 2659 3562 (1),
2682 3489 2928 3545 ﬂorente
2943 3489 3140 3546 adhuc
3154 3494 3344 3547 aetate
3367 3505 3612 3547 monas-

203 3570 388 3627 ticum
408 3571 741 3628 institutum
760 3575 1072 3644 amplexus
1090 3577 1381 3641 εει.ουοά
1395 3578 1638 3648 quidem
1654 3583 1918 3650 tempore
1937 3578 2252 3634 virtutibus
2272 3585 2450 3651 atque
2468 3587 2710 3635 austero
2729 3579 2967 3635 vivendi
2982 3595 3198 3648 genere
3217 3579 3368 3635 adeo
3382 3580 3609 3648 enituit,

195 3664 258 3714 ut
282 3657 730 3736 παιδαριογέρωυ,
761 3663 821 3718 id
841 3668 929 3719 est
949 3679 1300 3733 puersenex,
1326 3682 1361 3722 a
1391 3667 1701 3722 monachis
1730 3673 2043 3723 vocaretur
2066 3668 2166 3740 (2),
2198 3669 2488 3740 quoniam
2517 3668 2692 3723 citius
2722 3684 2909 3740 quam
2935 3683 3040 3738 pro
3066 3673 3254 3724 aetate
3289 3668 3348 3723 in
3377 3684 3615 3724 monas-

192 3749 343 3804 ticae
356 3749 711 3821 disciplinae
726 3752 938 3807 studiis
956 3753 1304 3824 profecerat.
1316 3759 1601 3825 Deinceps
1621 3772 1758 3811 vero
1775 3757 1832 3810 in
1851 3758 2125 3812 intimam
2139 3757 2522 3813 solitudinem
2539 3756 3066 3822 secedens,inSceti
3083 3757 3281 3812 sedem
3296 3759 3496 3827 posuit
3511 3758 3614 3828 (3).

188 3836 295 3892 Ubi
343 3840 599 3909 egregiis
634 3841 945 3911 religiosae
1003 3844 1157 3899 vitae
1206 3845 1634 3900 certaminibus
1682 3845 1959 3916 inclytus,
1996 3846 2387 3918 pluribusque
2439 3848 2664 3915 gratiae
2695 3845 2871 3900 donis
2910 3845 3196 3900 divinitus
3253 3845 3616 3911 cumulatus,

190 3940 378 3983 annos
410 3936 587 3986 natus
627 3930 1034 4002 quadraginta
1059 3932 1136 3988 ad
1163 3933 1564 3989 sacerdotium
1597 3941 1836 3990 evectus
1863 3940 1974 3989 est.
2005 3936 2218 4003 Magno
2246 3935 2574 3989 Athanasio
2603 3934 2894 4005 aequalis,
2930 3936 3140 4002 Magno
3170 3949 3415 4005 quoque
3443 3935 3622 3990 Anto-

189 4014 289 4070 nio
328 4016 640 4074 familiaris
669 4019 776 4089 (4),
826 4035 898 4076 ex
945 4021 1057 4076 hac
1107 4022 1228 4077 vita
1268 4023 1544 4091 migravit
1597 4025 2068 4093 nonagenarius,
2121 4027 2447 4094 postquam
2501 4022 2664 4092 ipsos
2706 4037 2898 4077 annos
2943 4021 3255 4090 sexaginta
3294 4021 3622 4078 solitariam

193 4102 370 4162 vitam
399 4108 636 4176 egisset.
681 4107 942 4164 Palladio
985 4115 1146 4175 teste,
1175 4111 1278 4182 qui
1307 4118 1360 4165 et
1391 4113 1694 4180 praeclara
1717 4113 1846 4168 eius
1881 4111 2147 4167 facinora
2175 4111 2448 4182 pluribus
2476 4110 2745 4166 edisserit
2779 4111 2876 4181 (5).
2908 4132 2935 4160 «
2974 4110 3127 4175 Quid
3154 4125 3265 4179 ego
3297 4125 3558 4176 narrem,
3591 4132 3620 4160 ››

191 4191 378 4266 inquit
412 4197 809 4267 Hieronymus
834 4200 932 4268 (6),
985 4218 1013 4250 «
1056 4199 1370 4258 Macarius.
1413 4201 1717 4267 Arsenios,
1768 4201 2127 4272 Serapionas
2158 4204 2216 4254 et
2260 4199 2489 4271 reliqua
2538 4198 2961 4254 columnarum
3001 4198 3211 4254 Christi
3243 4199 3491 4255 nomina
3527 4198 3608 4251 ‘2»

203 4279 336 4338 Eius
375 4287 668 4340 memoria
696 4287 755 4340 in
779 4287 1073 4343 Ecclesiae
1102 4288 1342 4344 Latinae
1373 4288 1540 4345 fastis
1567 4289 1665 4345 die
1696 4291 1785 4344 XV
1815 4288 2078 4345 Januarii
2109 4287 2412 4344 recolitur.

271 4369 331 4426 lI.
365 4375 493 4429 Non
513 4373 707 4428 solum
741 4380 939 4430 autem
973 4377 1123 4431 vitae
1152 4377 1466 4432 sanctioris
1494 4377 1778 4434 institutis
1803 4378 2056 4433 eximius
2083 4376 2609 4431 exstititMacarius
2639 4375 2983 4446 Aegyptius,
3015 4375 3119 4429 sed
3139 4374 3318 4429 etiam
3350 4374 3622 4432 doctrina

201 4466 507 4526 praestans
528 4478 956 4536 sacrarumque
971 4464 1274 4521 literarum
1289 4466 1540 4522 scientia
1556 4468 1827 4537 apprime
1854 4466 2122 4521 excultus
2156 4465 2333 4521 fuisse
2352 4465 2730 4535 comperitur.
2750 4463 2870 4520 Sub
2893 4464 3019 4518 eius
3037 4463 3279 4519 nomine
3301 4463 3614 4520 circumfe-

200 4553 401 4606 runtur
432 4551 720 4607 Homiliae
750 4553 1966 4626 quinquagintadeintegritatequaedecet
1983 4555 2373 4620 Christianos,
2393 4551 2717 4624 spiritualis
2731 4553 2889 4608 succi
2905 4552 3134 4623 plenae.
3164 4555 3277 4607 Has
3301 4552 3528 4623 primus
3543 4568 3613 4609 ex

199 4636 391 4694 codice
431 4639 824 4698 Bibliothecae
854 4643 1066 4712 Regiae
1093 4659 1305 4713 graece
1333 4644 1634 4717 latineque
1665 4645 1848 4700 edidit
1888 4643 2400 4700 ParisiisJoannes
2433 4643 2628 4711 Picus,
2651 4641 2713 4696 in
2737 4646 2948 4697 senatu
2980 4640 3290 4697 I’arisiensi
3319 4640 3603 4697 classium

197 4719 699 4795 inquisitoriarum
729 4746 972 4802 praeses
1001 4749 1014 4798 ;
1047 4732 1381 4805 eademque
1405 4732 1580 4788 editio
1605 4749 1744 4789 cum
1773 4732 2033 4802 Gregorii
2055 4733 2481 4802 Thaumaturgi
2509 4737 2565 4787 et
2589 4729 3606 4801 BasiliiSeleuciensisoperibusihi-

198 4808 330 4870 dem
363 4815 572 4873 iterum
597 4819 815 4889 prodiit
846 4835 1008 4876 anno
1046 4823 1197 4877 1621.
1228 4827 1412 4879 Antea
1441 4838 1598 4888 vero,
1628 4838 1789 4879 anno
1819 4822 2060 4877 scilicet.
2083 4823 2235 4887 1594,
2253 4838 2323 4878 ex
2347 4822 2620 4877 versione
2637 4819 2954 4876 Zachariae
2987 4819 3270 4875 Palthenii
3302 4819 3604 4876 Friedber-

192 4904 390 4967 gensis
422 4906 786 4962 Francofurti
824 4907 1061 4965 fuerant
1089 4929 1180 4975 ea,
1222 4912 1361 4967 dem
1395 4912 1694 4968 Homeliae
1743 4911 2008 4967 secundo
2058 4911 2389 4981 evulgatae.
2428 4914 2618 4982 Atque
2658 4909 2816 4964 hanc
2842 4909 3230 4979 posteriorem
3264 4908 3610 4977 editionem,

193 5001 402 5058 graeco
417 4997 574 5051 textu
589 5010 661 5050 ex
678 5012 822 5051 mss.
845 4998 1334 5072 codicibus,quos
1350 5001 1409 5056 in
1423 5002 1546 5056 suis
1565 5001 1868 5057 Ecclesiae
1883 5000 2146 5057 Graecae
2165 5000 2564 5055 Monumentis
2582 4999 2856 5054 excitavit
2877 4997 3194 5054 Cotelerius
3209 4998 3617 5069 ,potissimum

192 5082 500 5151 recensito,
528 5099 598 5139 ac
632 5086 908 5142 versione
935 5087 1328 5146 Paltheniana
1354 5089 1612 5145 subinde
1642 5090 1950 5158 castigata,
1984 5104 2189 5143 rursus
2215 5088 2381 5161 prelo
2411 5087 2715 5143 commisit
2744 5086 2974 5159 Lipsiae
3003 5102 3163 5142 anno
3190 5088 3325 5142 1698
3350 5088 3611 5144 Joannes

1789 5215 2040 5270 NOTAE.

257 5322 332 5400 (1)
379 5322 802 5400 Pallad._Hist.
860 5328 1030 5383 Laus.
1089 5343 1223 5400 cap.
1274 5331 1343 5382 2O
1393 5344 1454 5400 p.
1511 5331 1649 5394 9'24;
1697 5330 1851 5400 Apo-
1960 5328 2270 5400 Tillemont
2323 5327 2632 5384 Mémoires
2681 5327 2822 5382 eccl.
2855 5327 2916 5380 T.
2971 5325 3085 5381 VIII
3129 5341 3188 5397 p.
3242 5327 3343 5381 806
3399 5329 3524 5382 Not.
3561 5329 3627 5381 IV

190 5391 582 5514 ghthegmata
612 5395 850 5453 Patrum
878 5413 978 5468 ap.
1007 5391 1252 5454 Coteler.
1278 5391 1425 5454 Eccl.
1459 5391 1662 5456 Graec.
1697 5391 1845 5456 Mon.
1962 5416 2062 5454 sur
2094 5398 2154 5453 S.
2181 5401 2450 5454 Macaire.

232 5505 243 5518 .
278 5469 292 5519 Ι
339 5480 400 5519 D.
437 5467 562 5519 037.
2032 5471 2109 5519 (5)
2152 5470 2377 5519 Pallad.
2408 5469 2445 5519 Ι.

232 5469 400 5540 ..Ι-λρτ
437 5469 562 5519 537.
645 5536 706 5540 Ψ
937 5538 947 5540 _
1011 5539 1017 5540 γ

2032 5471 2109 5540 (5)
2152 5470 2377 5524 Pallad.
2407 5469 2445 5523 l.
2478 5471 2516 5524 Ι.
2553 5485 2684 5540 cap.
2727 5471 2804 5522 l9.

253 5535 611 5612 (ἓγξοᾳριη.
641 5536 784 5612 _Hi_st.
821 5538 1108 5612 Eccl.ilib.
1141 5541 1202 5594 III
1227 5556 1361 5612 cap.
1397 5542 1474 5596 i4.
2037 5535 2113 5609 (6)
2141 5541 2198 5594 s.
2237 5541 2467 5596 Hieron.
2517 5535 3173 5612 Epicvmauxxvu
3215 5535 3621 5612 ad_Eustoch_.

374 5608 604 5682 Pallad.
639 5607 745 5682 1e].
776 5626 910 5682 cap.
935 5611 1004 5665 19
1037 5630 1095 5682 p.
1135 5613 1258 5667 921.
1303 5607 1321 5612 ’
1961 5613 1989 5682 ς
2026 5607 2108 5677 με
2162 5613 2216 5666 S.
2282 5607 2710 5682 Hieron.70pp.
2772 5611 2865 5682 ed_.
2937 5611 3150 5682 Veron.
3214 5607 3279 5663 T.
3320 5607 3340 5659 Ι
3387 5623 3446 5677 p.
3515 5608 3621 5660 698

256 5613 307 5675 (3
374 5613 604 5663 Pallad.
639 5613 678 5661 I.
707 5613 745 5664 I.
776 5626 910 5682 cap.
935 5613 1004 5665 19
1037 5630 1095 5682 p.
1135 5613 1258 5667 921.
2026 5618 2108 5677 14,
2162 5613 2216 5666 S.
2282 5613 2512 5666 Hieron.
2561 5613 2710 5681 Opp.
2772 5613 2865 5664 ed.
2937 5613 3150 5663 Veron.

256 5613 336 5749 (ὅ
379 5678 629 5736 Coteler.
688 5681 840 5736 Eccl.
874 5682 1082 5739 Graec.
1117 5683 1274 5740 Mon.
1310 5685 1368 5738 T.
1401 5683 1422 5737 Ι
1472 5699 1529 5755 p.
1561 5683 1666 5739 530
1724 5698 1850 5754 sq.;
1961 5613 2176 5754 fMigne
2193 5684 2250 5737 T.
2284 5681 2574 5754 I[Patrol.
2601 5681 2664 5735 T.
2699 5679 2860 5752 XXII]
2915 5695 2973 5750 p.
3005 5679 3152 5748 890].
