4084 6256
506 266 613 359 s71
1398 286 1403 287 ί
1539 307 1872 364 ANDREAE
1911 308 2295 365 GALLANDll
2341 310 2869 366 PROLEGOMENA
3825 306 3921 362 372

505 427 790 498 Georgius
821 426 1030 484 Pritius
1055 430 1275 486 additis
1298 436 1601 501 praeterea
1631 440 1857 504 septem
1879 434 2186 505 opusculis
2218 435 2508 503 asceticis,
2536 451 2571 491 a
2605 437 2771 492 Petro
2800 437 3037 493 Possino
3068 435 3128 491 in
3162 436 3467 493 Thesauro
3499 433 3776 491 Ascetico
3810 435 3924 505 pri-

504 532 671 571 mum
700 518 759 571 in
790 517 984 572 lucem
1012 518 1261 585 eductis,
1294 521 1696 594 subiectisque
1725 522 2184 579 simuleiusdem
2210 524 2655 580 sanctiabbutis
2682 525 3363 597 Apophthegmatiscum
3395 523 3770 579 Possinianis
3798 528 3918 577 tum

446 624 453 629 '
503 606 901 673 Cotelerianis,
935 623 1041 662 nec
1065 624 1182 663 nou
1215 611 1524 680 excerptis,
1560 626 1714 682 quae
1737 612 1811 667 de
1840 618 2040 667 nostro
2070 613 2393 668 Macarioin
2419 614 2566 667 Vitis
2582 616 2820 668 Patrum
2837 619 2893 669 et
2920 615 3084 685 apud
3110 613 3445 670 Palladium
3484 620 3673 683 atque
3700 611 3924 667 Cassia-

506 710 655 750 num
668 695 980 751 habentur.
1000 698 1188 762 Quam
1206 704 1516 769 propterea
1530 700 1851 757 editionem
1866 703 2072 756 ceteris
2086 702 2411 757 auctiorem
2425 704 2978 775 accuratiorcmque
2999 705 3151 775 typis
3165 702 3600 759 excudendam
3614 702 3930 769 consigna-

512 798 728 837 VlmllS.

578 873 665 927 III.
701 875 774 927 De
808 872 1194 929 Homiliarum
1227 892 1404 946 porro
1436 877 1768 945 integritate
1802 882 1861 933 ut
1895 879 2104 949 paucis
2139 895 2412 949 agamus,
2438 896 2644 935 earum
2672 885 2978 936 auctorem
3006 881 3324 937 Macarium
3347 878 3730 950 Aegyptium
3752 891 3934 946 agno-

508 966 809 1016 scuntnon
826 961 1018 1018 solum
1035 963 1578 1034 impressicodices,
1598 982 1798 1021 verum
1813 968 1987 1022 etiam
2010 985 2149 1022 mss.
2166 969 2529 1039 complures,
2560 985 2715 1042 quos
2747 969 2999 1025 laudant
3025 969 3506 1025 Montfauconius
3530 967 3616 1037 (7)
3651 974 3710 1021 et
3737 966 3933 1021 Fabri-

504 1046 631 1103 cius
659 1047 758 1118 (8).
795 1051 991 1120 Neque
1016 1065 1156 1106 vero
1186 1050 1299 1108 hac
1330 1052 1404 1106 de
1436 1068 1497 1107 re
1526 1069 1790 1125 unquam
1827 1055 2071 1110 suborta
2096 1055 2289 1111 fuerat
2315 1057 2625 1123 dubitatio,
2659 1057 2851 1114 donec
2890 1058 3074 1114 alium
3119 1059 3198 1114 ab
3228 1057 3533 1129 Aegyptio
3587 1055 3932 1117 Macarium,

504 1136 793 1192 Amathae
808 1138 1035 1193 socium
1049 1145 1104 1195 et
1124 1140 1314 1212 Magni
1336 1142 1572 1196 Antonii
1594 1142 1977 1212 discipulum,
2002 1146 2336 1213 excogitare
2368 1145 2766 1216 placuitPetro
2781 1147 3049 1213 Possino,
3078 1162 3339 1219 eumque
3368 1146 3505 1200 sive
3537 1142 3931 1200 Homiliarum

508 1225 965 1297 quinquaginta,
994 1228 1115 1283 sive
1146 1234 1373 1301 septem
1408 1231 1847 1302 Opusculorum
1870 1234 2257 1288 asceticorum
2290 1234 2368 1289 ab
2402 1251 2463 1289 se
2491 1234 2787 1290 editorum
2818 1242 3126 1306 parentem
3157 1242 3417 1291 statuere
3453 1235 3558 1306 (9).
3593 1234 3811 1287 Verum
3832 1231 3932 1285 viri

508 1312 666 1368 docti
697 1314 915 1386 placita
944 1332 1067 1372 non
1093 1333 1221 1373 esse
1256 1319 1503 1374 omnino
1534 1320 1926 1386 admittenda,
1970 1321 2239 1392 pluribus
2278 1323 2559 1379 evincunt
2591 1326 2815 1379 Caveus
2854 1325 2963 1395 (10)
3002 1331 3059 1380 et
3095 1324 3304 1380 Pritius
3333 1325 3383 1395 (1
3408 1326 3482 1393 1),
3518 1321 3631 1378 sed
3676 1319 3932 1375 maxime

509 1400 916 1458 Tillemontius
942 1406 1076 1476 (l2).
1108 1408 1297 1478 Atque
1319 1408 1456 1462 hinc
1479 1408 1655 1463 etiam
1683 1410 2022 1480 respuenda
2054 1410 2267 1466 Oudini
2299 1413 2609 1477 sententia,
2644 1414 2745 1485 qui
2776 1413 3075 1467 eiusmodi
3103 1414 3343 1483 scripta,
3371 1414 3452 1466 de
3484 1410 3719 1482 quibus
3747 1407 3932 1479 loqui-

514 1505 671 1557 mur,
699 1493 775 1546 ad
802 1495 1058 1549 Marcum
1080 1494 1343 1555 Ἀσκητὴν
1372 1513 1473 1551 seu
1511 1498 2001 1566 Ezercitalorem,
2032 1500 2263 1554 Macarii
2286 1500 2534 1555 iunioris
2554 1501 2936 1572 discipulum,
2971 1508 3241 1573 spectare
3266 1501 3604 1556 arbitratur
3626 1499 3766 1569 (t3).
3787 1500 3933 1561 Quo~

510 1594 645 1635 rum
676 1581 919 1653 quidem
949 1584 1207 1639 virorum
1242 1585 1335 1640 cll.
1360 1585 1645 1640 iudicium
1678 1602 1797 1641 non
1832 1587 2145 1643 minimum
2170 1589 2526 1645 confirmare
2550 1590 2780 1645 videtur
2812 1593 3084 1653 Ioannes,
3122 1589 3471 1662 patriarcha
3500 1587 3928 1644 Antiochenus.

505 1667 566 1723 in
601 1670 871 1726 Oratione
897 1688 1079 1744 quam
1107 1673 1373 1743 vulgavit
1402 1675 1741 1730 Cotelerius.
1769 1674 1860 1730 Sic
1882 1676 2040 1730 enim
2073 1676 2166 1731 ille
2196 1677 2309 1748 (14)
2344 1694 2356 1732 :
2384 1696 2411 1727 «
2446 1684 2488 1732 A
2520 1677 2734 1733 divinis
2751 1679 3095 1749 sanctisque
3127 1679 3398 1749 patribus
3416 1676 3649 1732 nostris
3684 1673 3939 1728 Athana-

506 1776 535 1807 «
578 1757 687 1822 sio,
719 1759 950 1821 Basilio.
980 1764 1264 1832 Nysseno,
1290 1762 1537 1836 aliisque
1568 1779 1778 1819 eorum
1798 1771 2135 1834 temporum
2160 1765 2298 1821 editi
2326 1772 2466 1821 sunt
2491 1767 2920 1839 asceticiatque
2946 1784 2983 1823 a
3019 1767 3427 1839 Deoinspirati
3460 1764 3751 1836 libri,qui
3776 1777 3935 1817 com-

508 1866 537 1893 ‹‹
580 1848 836 1903 muniter
863 1849 1119 1919 degeudi
1158 1857 1213 1906 et
1266 1852 1502 1908 vivendi
1546 1853 1862 1918 rationem,
1917 1870 2282 1926 omnemque
2334 1856 2605 1911 absolute
2651 1856 3087 1911 monachorum
3145 1857 3329 1911 vitam
3368 1860 3429 1910 et
3494 1853 3933 1909 institutionem

507 1955 536 1984 ‹‹
578 1937 973 2004 praestituunt
995 1955 1008 2003 ;
1033 1940 1135 1993 sed
1168 1947 1224 1995 et
1252 1942 1355 2012 qui
1387 1942 1649 2012 primum
1680 1942 1738 1997 in
1770 1944 2041 2015 Aegypto
2062 1946 2431 2015 compositus
2460 1946 2564 2000 fuit
2589 1946 2894 2001 maximus
2915 1945 3066 2000 liber
3083 1952 3435 2001 sanctorum
3464 1945 3701 1999 Senum
3728 1938 3929 2005 Sectis,

508 2041 536 2073 «
575 2024 889 2079 Thebaidis
919 2030 975 2081 et
1003 2028 1239 2099 Libyae,
1273 2029 1675 2101 complectens
1700 2031 1910 2086 ordine
1940 2031 2319 2103 alphabetico
2351 2049 2525 2089 sacra
2550 2050 2757 2090 eorum
2782 2041 2946 2103 gesta
2960 2034 3204 2090 etdicta.
3226 2034 3376 2099 Quia
3390 2048 3543 2088 vero
3560 2029 3927 2103 pergratiam

502 2131 531 2161 ‹‹
574 2110 778 2166 Christi
810 2114 990 2170 etiam
1015 2115 1178 2170 multi
1213 2118 1270 2170 in
1298 2118 1624 2188 disciplinis
1651 2120 1948 2175 exercitati
1974 2136 2045 2175 ac
2073 2120 2414 2191 philosophi
2446 2123 2690 2186 saeculi,
2714 2129 3037 2192 angustam
3086 2128 3143 2178 et
3196 2128 3426 2178 arctam
3488 2121 3661 2176 viam
3709 2115 3926 2181 sectati,

504 2218 533 2251 (ί
574 2202 854 2257 monachi
871 2205 1181 2276 sanctique
1194 2211 1530 2271 evaserunt,
1546 2209 2020 2279 conscripserunt
2034 2209 2130 2265 illi
2140 2226 2291 2282 quoq
2301 2227 2368 2266 ue
2381 2228 2495 2266 non
2507 2227 2726 2280 paucos
2744 2213 2925 2267 libros
2936 2213 3218 2269 divinitus
3232 2211 3591 2280 inspiratos,
3609 2209 3719 2282 qui
3738 2207 3822 2263 sic
3842 2206 3928 2260 in-

507 2305 536 2338 ‹‹
574 2289 923 2345 scribuntur
952 2309 969 2345 :
999 2294 1278 2349 Lmen.....
1312 2311 1505 2351 suam
1528 2298 1768 2353 Macamr
1801 2318 1828 2347 »
1856 2303 1964 2352 cet.
2003 2300 2079 2353 Ex
2108 2299 2329 2370 quibus
2355 2301 2669 2370 intelligas,
2704 2307 2760 2357 et
2786 2301 2971 2357 Scetis
2998 2301 3381 2356 solitudinem
3426 2300 3571 2355 heic
3611 2294 3922 2360 nominari,

504 2390 690 2447 quam
708 2378 1027 2436 incoluisse
1049 2383 1370 2439 Macarium
1398 2387 1752 2457 Aegyptium
1776 2387 2047 2457 superius
2072 2404 2144 2443 ex
2176 2388 2440 2445 Palladio
2467 2390 2810 2459 didicimus,
2841 2397 2897 2445 et
2919 2389 3177 2446 Macarii
3203 2390 3425 2445 librum
3446 2385 3717 2451 laudari,
3749 2398 3923 2455 quem

505 2464 698 2521 eidem
740 2466 944 2524 abbati
979 2473 1264 2542 Aegyptio
1291 2473 1415 2528 iure
1434 2473 1764 2530 adscribas.
1796 2475 1953 2532 Alter
1973 2475 2154 2543 enim,
2186 2477 2642 2544 Alexandrinus,
2675 2480 2733 2534 in
2773 2478 2979 2536 Celliis
3031 2478 3334 2535 habitasse
3363 2477 3646 2540 traditur.
3676 2479 3741 2530 ut
3792 2486 3923 2527 mox

507 2553 870 2613 videbimus.

576 2644 661 2698 IV.
690 2644 851 2700 Idem
876 2662 1053 2717 porro
1080 2648 1392 2705 ferendum
1417 2650 1647 2707 videtur
1668 2653 1949 2708 iudicium
1980 2653 2054 2708 de
2076 2659 2301 2725 septem
2327 2656 2641 2728 Opusculis
2671 2657 2943 2713 asceticis
2970 2673 3005 2713 a
3030 2658 3274 2713 Possino
3301 2658 3359 2712 in
3391 2655 3628 2726 vulgus
3654 2651 3915 2709 emissis:

504 2746 713 2788 eorum
736 2734 1020 2790 nimirum
1034 2743 1339 2794 auctorem
1365 2756 1550 2795 unum
1565 2742 1943 2812 eundemque
1974 2757 2111 2798 cum
2146 2743 2531 2815 illo(t5)esse,
2558 2762 2592 2801 a
2612 2761 2733 2817 quo
2758 2745 2916 2801 fuere
2933 2745 3214 2801 Homiliae
3256 2746 3669 2815 conscriptae.
3700 2739 3913 2796 Etenim

506 2826 927 2893 praeterquam
950 2826 1115 2895 quod
1142 2843 1235 2881 res
1262 2828 1448 2898 ipsae,
1482 2846 1637 2901 quae
1669 2830 1983 2902 utrobique
2006 2831 2188 2886 ferme
2204 2832 2630 2900 edisseruntur,
2661 2850 2847 2888 unum
2876 2835 3227 2905 scriptorem
3254 2832 3528 2904 produnt
3550 2832 3691 2902 (16),
3727 2834 3783 2884 et
3814 2828 3916 2881 Μᾶ-

506 2910 733 2965 carium
764 2912 1008 2982 quidem
1039 2915 1396 2987 Aegyptium
1430 2924 1831 2989 cognomento
1858 2923 2156 2988 Magnum,
2191 2922 2418 2977 accedit
2446 2923 2503 2976 in
2535 2922 2742 2993 primis
2762 2922 3109 2978 ms.codicis
3129 2923 3277 2977 tides
3297 2936 3421 2993 quo
3445 2938 3598 2976 usus
3615 2924 3703 2974 est
3736 2914 3915 2972 Possi-

504 3000 1230 3071 nus,ntipsemettestatur
1245 3005 1334 3060 his
1349 3006 1571 3063 verbis:
1591 3028 1618 3057 «
1642 3007 1899 3079 Septem,
1917 3007 2044 3080 »[P.
2064 3008 2731 3082 IV]inquit,«Opuscula
2758 3013 2932 3066 unius
2959 3018 3097 3066 sunt
3118 3010 3375 3066 auctoris
3398 3008 3669 3066 Macarii
3692 3004 3908 3075 Magni,

508 3109 535 3138 «
576 3094 754 3159 prout
782 3090 999 3149 diserte
1024 3094 1397 3163 singulorum
1431 3096 1629 3151 titulus
1663 3097 1938 3166 signabat
1965 3099 2022 3153 in
2053 3098 2257 3153 codice
2278 3101 2617 3156 Turrianeo.
2650 3103 2822 3156 Erant
2848 3107 3048 3156 autem
3073 3117 3142 3156 ea
3173 3100 3253 3155 ibi
3285 3115 3405 3153 non
3460 3115 3587 3154 uno
3649 3095 3912 3151 continue

505 3195 535 3227 «
576 3177 760 3232 ductu
791 3195 1077 3251 expansa,
1119 3182 1221 3236 sed
1256 3185 1312 3238 in
1343 3184 1465 3238 duo
1502 3187 1842 3256 separatim,
1882 3186 2083 3241 multis
2118 3188 2502 3259 interpositis,
2535 3188 2733 3243 divisa
2763 3196 3092 3259 systemata
3134 3188 3385 3243 nominis
3420 3188 3715 3244 eiusdem.
3746 3178 3909 3237 Priori

509 3284 537 3315 «
577 3266 873 3337 siquidem
915 3270 1006 3324 hic
1048 3270 1493 3341 praefigebatur
1531 3274 1707 3329 index
1743 3294 1754 3332 :
1791 3276 2045 3331 Macarii
2086 3277 2293 3346 Magni
2329 3278 2401 3335 de
2446 3278 2715 3333 custodia
2748 3278 2943 3333 cordis
2981 3279 3095 3346 (17)
3133 3296 3163 3329 »
3203 3282 3310 3331 cet.
3370 3277 3443 3330 At
3493 3291 3639 3330 vero
3684 3288 3802 3327 non
3840 3273 3917 3324 est

504 3353 634 3408 heic
663 3354 1193 3423 dissimulandum,
1220 3362 1383 3430 quod
1410 3378 1480 3417 ex
1501 3363 1745 3418 Joannis
1777 3366 1987 3419 Mariae
2017 3365 2427 3421 Brasichellani
2467 3369 2892 3436 Expurgatorio
2928 3366 3121 3421 Indice
3168 3366 3227 3420 in
3262 3365 3460 3420 literas
3530 3362 3727 3419 retulit
3783 3355 3915 3414 Lab-

505 3440 653 3495 beus
685 3442 817 3514 (i8).
850 3445 941 3501 Sic
972 3452 1171 3502 autem
1200 3447 1368 3503 locus
1396 3467 1457 3504 se
1484 3451 1665 3507 habet
1695 3470 1707 3503 :
1733 3470 1761 3503 «
1795 3452 1935 3507 Illud
1983 3462 2317 3525 opportune
2362 3455 2777 3516 observamus,
2834 3456 3133 3527 quaedam
3186 3454 3299 3509 illis
3355 3450 3685 3524 [Homiliis]
3735 3450 3911 3504 inesse

504 3547 532 3579 ‹‹
573 3530 850 3596 obscura,
886 3535 1173 3604 ambigua
1200 3543 1257 3591 et
1278 3554 1313 3593 a
1342 3540 1580 3609 proprio
1610 3548 1939 3612 exactoque
1962 3558 2124 3597 more
2154 3542 2439 3615 loquendi
2470 3544 2885 3614 theologorum
2907 3560 3031 3615 qua
3051 3544 3374 3598 damtenus
3397 3543 3626 3606 aliena,
3654 3534 3911 3612 proinde-

507 3636 536 3669 ‹‹
576 3633 694 3689 que
726 3635 861 3674 cum
890 3621 1103 3677 iudicio
1134 3629 1189 3678 et
1219 3624 1643 3697 circumspecte
1674 3629 1947 3697 legenda.
1974 3633 2038 3686 Et
2077 3632 2279 3688 subest
2332 3633 2616 3704 suspicio,
2652 3649 2725 3689 ne
2768 3635 2847 3689 ab
2894 3633 3097 3705 aliquo
3151 3632 3464 3701 Pelagiano
3536 3632 3657 3685 sint
3706 3620 3908 3683 alicubi

501 3727 529 3756 «
573 3707 984 3778 interpolatae.
1020 3731 1048 3760 »
1082 3714 1231 3769 Haec
1262 3714 1362 3768 ibi.
1399 3717 1584 3780 Quem
1632 3718 1691 3771 in
1740 3718 1933 3773 locum
1995 3719 2271 3775 lectorem
2330 3721 2493 3776 haud
2550 3724 2747 3793 pigeat
2798 3722 3110 3777 laudatum
3161 3720 3415 3775 subinde
3474 3714 3904 3777 Tillemontium

504 3795 667 3850 adire
698 3797 829 3868 (19),
864 3798 969 3854 sed
999 3800 1058 3855 in
1100 3801 1305 3873 primis
1334 3803 1655 3874 ipsummet
1682 3807 2118 3876 Opusculorum
2152 3810 2441 3866 editorem
2473 3812 2789 3868 Possinum
2822 3811 2959 3882 (20).

506 3936 509 3939 .
572 3885 633 3938 V.
665 3885 789 3941 Alia
818 3893 1125 3955 praeterea
1156 3892 1446 3947 nonnulla
1476 3893 1549 3947 de
1582 3894 1796 3950 iisdem
1824 3899 2053 3953 Macarii
2087 3899 2350 3955 Homiliis
2388 3900 2710 3956 observare
2744 3906 2951 3956 nostra
2985 3899 3244 3954 interest.
3280 3900 3342 3952 Et
3373 3899 3643 3969 primum
3678 3890 3905 3965 quidem

501 3972 811 4031 homiliam
847 3979 975 4032 XXV
1003 3979 1114 4034 sub
1143 3979 1307 4035 titulo
1352 3985 1430 4038 De
1463 3983 1648 4038 libero
1692 3984 1944 4042 arbitrio
1978 3987 2156 4042 fuisse
2185 3988 2328 4044 olim
2363 3990 2515 4044 inter
2549 3988 2875 4045 Basilianas
2911 3989 3292 4053 recensitam,
3334 3992 3397 4040 ut
3426 3986 3620 4059 probe
3642 3975 3908 4038 intellexit

504 4062 769 4119 eruditus
804 4067 1111 4135 Bengelius
1138 4070 1273 4141 (2t).
1313 4074 1512 4143 Neque
1544 4071 1602 4126 id
1645 4090 1790 4129 sane
1826 4075 2021 4130 olfecit
2055 4077 2468 4142 Combeﬁsius,
2501 4080 2602 4150 qui
2636 4079 2891 4133 eandem
2925 4085 3262 4148 propterea,
3297 4082 3593 4146 tanquam
3628 4078 3907 4140 integrum

500 4150 692 4217 Basilii
723 4155 915 4225 Magni
951 4157 1172 4213 foetum
1204 4159 1573 4228 existimans,
1604 4178 1712 4217 suo
1747 4165 2128 4220 Ecclesiastae
2159 4180 2375 4235 graeco
2403 4168 2650 4223 intexuit
2691 4167 2827 4238 (22).
2866 4168 3076 4220 Verum
3127 4164 3503 4232 Garnierius,
3536 4159 3905 4220 doctissimus

506 4239 937 4299 Basilianorum
1017 4248 1273 4316 Operum
1349 4249 1559 4316 editor,
1640 4252 1922 4322 quamvis
1971 4254 2304 4323 legitimum
2376 4255 2654 4311 laudatae
2719 4255 3001 4310 homiliae
3074 4259 3384 4325 parentem
3454 4256 3738 4323 Magnum
3809 4245 3906 4299 Μᾶ-

500 4332 728 4387 carium
754 4334 912 4389 haud
936 4338 1265 4404 agnoverit,
1308 4353 1438 4394 eam
1470 4345 1668 4395 tamen
1697 4348 1904 4396 sancto
1936 4341 2153 4397 Basilio
2207 4359 2520 4413 perperam
2555 4344 2739 4399 fuisse
2771 4344 3143 4415 adscriptam
3171 4342 3444 4413 pluribus
3477 4359 3515 4398 a
3541 4343 3817 4397 contextu
3842 4346 3905 4386 ac

508 4420 641 4476 stilo
670 4420 866 4477 ductis
889 4424 1220 4481 rationibus
1249 4426 1682 4484 demonstravit
1712 4431 1823 4499 (23)
1854 4446 1867 4496 ;
1892 4446 2079 4502 quam
2104 4432 2357 4503 proinde
2388 4434 2445 4488 in
2465 4432 2865 4505 appendicem
2889 4432 3088 4488 reiecit
3118 4430 3254 4503 (24).
3290 4435 3361 4487 At
3389 4446 3529 4487 vero
3565 4440 3763 4485 acrem
3792 4417 3902 4480 virii

2086 4608 2334 4666 NOTAE.

576 4766 659 4837 (7)
698 4767 897 4822 Montt.
918 4766 1277 4844 Bibliotheca
1301 4768 1795 4844 Bibliothecarum
1825 4771 2156 4826 manuscri-
2268 4772 2483 4827 Pritius
2512 4771 2551 4826 l.
2582 4773 2620 4826 Ι.
2654 4771 2681 4844 §
2715 4771 2801 4828 XI.

507 4841 743 4913 ptor‘um
780 4854 935 4913 nova
982 4839 1161 4913 Paris.
1202 4843 1333 4894 1739
1358 4839 1589 4913 ἰοΙεῙτΙ
1623 4856 1681 4910 p.
1711 4845 1775 4896 67
1804 4844 1891 4913 β.)
2339 4845 2450 4913 (16)
2493 4839 2778 4898 Ροεεὶἠυε
2810 4842 2848 4896 l.
2880 4841 2915 4896 I.
2940 4845 2966 4910 §
2991 4840 3063 4894 VI
3095 4839 3205 4895 sub
3229 4839 3333 4895 ﬁn.

580 4907 1545 4991 (8)_Fabri_cA.nI}itll._B.raec.:l“.‘Vll
1570 4907 1638 4991 pg
1670 4916 1773 4967 492
1802 4911 1920 4985 [ed.
1958 4913 2157 4968 Harles
2339 4907 2453 4991 (η)
2494 4915 2640 4991 Ibid.
2673 4914 2810 4991 §IY.
3040 4983 3051 4991 _
3084 4983 3093 4991 _
3141 4988 3147 4991 _
3224 4982 3239 4991 _
3331 4984 3360 4991 Α
3435 4981 3445 4991 _

510 4965 1000 5055 Hamburg._t80_2
1028 4983 1084 5055 'l‘_.
1119 4981 1229 5034 VIII
1260 4996 1317 5052 p.
1349 4965 1631 5055 3_63_not'.]
1679 4965 1726 4967 ﬂ
1802 4965 1878 4985 Γ
2342 4965 2452 5054 “BS
2493 4965 2700 5041 habt);
2728 4965 2983 5038 —Dissert.
3040 4983 3176 5037 hist.
3205 4982 3280 5038 de
3328 4981 3559 5052 Scriptt.
3587 4974 3727 5034 eccl.
3774 4972 3831 5026 T.
3856 4965 3896 5019 Il

581 5050 679 5125 (9)_
701 5050 926 5125 Possin.
954 5050 1281 5125 Prolegom.
1310 5051 1389 5125 ad
1403 5050 1933 5125 The_saur.Ascet.§
1973 5054 2059 5109 VI.
2270 5072 2329 5125 p.
2358 5050 2446 5110 41ζ

611 5104 690 5196 ib)
734 5104 1995 5196 gat;ustrina;samiae]in;
2021 5104 2149 5181 £236.

2282 5104 2453 5196 "(isi
2491 5127 2801 5182 Tillemont
2855 5125 3160 5182 Mémoires
3214 5123 3355 5180 eccl.
3414 5125 3472 5177 Τ.
3528 5120 3643 5176 VIII
3700 5133 3753 5188 p.
3804 5104 3895 5163 810

613 5194 693 5268 11)
735 5193 939 5268 Britius
973 5196 1153 5249 Praef.
1181 5193 1257 5248 ad
1293 5196 1522 5268 Macar.
1564 5193 1779 5268 Opusc.
1814 5196 1841 5268 δ
1871 5193 1988 5250 VIII
2024 5212 2155 5268 sqq.
2272 5193 2399 5253 Not.
2433 5200 2471 5252 X
2497 5214 2599 5253 sur
2632 5200 2686 5253 S.
2722 5198 2986 5254 Macaire.

610 5258 693 5340 12)
733 5266 1045 5340 Tillemont
1100 5266 1405 5340 Memoires
1460 5258 1702 5322 ecclfT.
1768 5258 1890 5323 VIII
1940 5284 1999 5340 p.
2034 5258 2155 5323 6115.
2341 5268 2455 5340 (20)
2496 5269 2708 5323 Possin
2759 5270 2795 5323 Ι.
2829 5269 2870 5323 Ι.
2903 5268 2961 5340 §§
2994 5267 3058 5321 VI
3088 5266 3200 5321 sub
3218 5266 3321 5321 ﬁn.
3349 5265 3450 5340 VII
3473 5280 3541 5319 ac
3564 5258 3707 5319 VIII.

510 5332 612 5391 8|O
647 5332 773 5409 Not.
806 5338 850 5409 Χ
873 5353 974 5391 sur
1004 5339 1060 5409 S.
1089 5338 1356 5392 Macaire.
1500 5408 1513 5409 γ
1586 5408 1601 5409 7
1944 5332 1960 5340 ’
2344 5332 2452 5408 (21)
2495 5340 2731 5409 Bengel.
2752 5341 2809 5394 in
2830 5332 2959 5395 not:
2984 5340 3059 5395 ad
3084 5340 3319 5407 Gregor.
3349 5335 3599 5392 Thaum.
3624 5332 3890 5402 panegyl‘

579 5409 694 5484 (l3)_
728 5408 920 5463 Oudin
975 5408 1051 5463 de
1110 5410 1338 5479 Scriptt.
1394 5408 1532 5463 eccl.
1583 5408 1765 5482 [Lips.
1825 5410 1978 5484 1722]
2013 5412 2071 5465 Τ.
2143 5410 2161 5463 I
2272 5411 2330 5465 in
2358 5408 2653 5484 Originem
2679 5416 2888 5481 p.235.

504 5481 753 5554 p._4'_18._
1030 5549 1135 5554 __
1242 5478 1392 5554 'h
1509 5478 1604 5554 _'
1678 5478 1742 5554 ’ί
1956 5478 1978 5484 “

2345 5478 2812 5554 (22)’(]οη]ὺὲίὶε.
2840 5481 2988 5554 Eccl.
3017 5482 3218 5554 Graec.
3258 5480 3367 5554 P_,_I
3396 5494 3454 5554 p.
3483 5478 3606 5554 455‘.

578 5527 1347 5621 (14)”.Ιοειη.ΑηίίοοΙι.ειριιὰ
1366 5551 1767 5608 Coteler.Eccl.
1786 5555 1985 5609 Graec.
2008 5556 2158 5610 Mon.
2314 5616 2319 5619 ν
2498 5527 3367 5608 EBiBiéé'ﬁ'raTeiT'AEsfiiaéiiii
3395 5527 3634 5621 ﬁppjv’l‘.
3670 5539 3711 5593 II
3736 5536 3761 5607 §
3786 5527 3891 5587 VI"

509 5621 854 5697 T.Ip_.§6_§
886 5623 945 5676 v.
1100 5696 1107 5697 ί
1286 5693 1295 5697 Α
1559 5694 1570 5697 _
1664 5696 1693 5697 η
1844 5696 1859 5697 ί
2050 5696 2127 5697 η
2276 5621 2795 5697 p.‘xxvi.xxvm.

579 5692 691 5761 (15)
732 5692 1044 5751 Tillemont
1093 5693 1398 5751 Memoires
1455 5694 1594 5750 eccl.
1652 5696 1713 5750 T.
1770 5696 1887 5751 VIII
1942 5712 2001 5767 p.
2034 5696 2162 5751 610.

1392 5711 1398 5747 ι
1455 5694 1594 5750 eccl.
1652 5696 1713 5750 T.
1770 5696 1887 5751 VIII
1942 5712 2001 5767 p.
2034 5696 2162 5751 610.
2278 5692 2289 5697 '
2346 5696 2460 5768 (24)
2501 5696 2586 5751 Id.
2611 5696 2754 5752 ibid.
2787 5711 2848 5768 p.
2881 5699 3005 5751 613.
