4084 6256
253 315 320 375 77
1067 308 1160 367 DE
1199 306 1300 366 SS.
1347 305 1692 364 MACARIIS
1729 301 2079 364 AEGYPTIO
2123 306 2209 361 ET
2251 304 2784 364 ALEXANDRINO.
3536 309 3641 366 378

213 445 376 502 illam
409 444 766 517 ignorarunt
780 443 1018 496 sanctus
1042 435 1392 493 Benedictus
1419 433 1590 505 [Pag.
1628 432 1722 504 Vlj
1743 432 2096 488 Anianeusis
2120 433 2556 502 etSmaragdus
2579 433 2790 499 abbas,
2811 432 2914 504 qui
2941 438 2996 488 et
3023 435 3639 505 superioremlllacarii

213 532 647 597 Alexandrini,
680 537 734 586 et
759 530 1011 586 alteram
1035 526 1256 598 pariter
1289 530 1634 580 sanctorum
1663 525 1913 578 Patrum
1940 521 2265 577 nonsolum
2298 523 2539 593 saepius
2568 523 2914 586 laudarunt,
2948 522 3055 577 sed
3087 522 3274 578 multa
3299 524 3477 580 etiam
3498 525 3639 581 inde

211 625 432 697 capita,
465 622 564 677 ille
595 619 844 692 quidem
880 617 940 672 in
968 613 1360 672 concordiam
1377 612 1765 681 Regularum,
1797 611 1892 667 hic
1920 627 2058 667 vero
2090 610 2150 666 in
2180 611 2556 683 expositione
2589 611 2847 681 Regulae
2867 612 3056 667 sancti
3085 612 3408 681 Benedicti,
3448 619 3639 671 trans-

220 712 430 770 tulisse
456 708 868 784 perhibentur,
914 711 978 761 ut
1009 708 1212 760 monet
1239 701 1575 757 Holstenius
1616 700 1752 771 (68).

1825 824 2079 881 NOTAE.

299 978 412 1049 (68)
451 975 710 1034 Holsten.
743 972 886 1030 Cod.
915 975 1053 1042 Reg.
1081 987 1139 1044 p.
1168 971 1255 1025 25.
1286 969 1380 1027 45.
1421 969 1546 1026 156.

856 1149 1284 1162 ._.__..,...._._...._-
1307 1150 1324 1154 ..
1363 1148 1382 1154 .-
1403 1145 1800 1156 ...νῇ-...ρ

1365 1308 1963 1400 CASIMIBUS
2044 1309 2389 1399 OUDIN
2397 1309 2528 1398 US

1051 1493 1159 1549 DE
1181 1492 1271 1548 SS.
1297 1490 1860 1548 MACARIISAEG
1875 1488 2102 1543 YPTIO
2130 1490 2239 1544 ET
2259 1492 2300 1544 A
2320 1491 2857 1549 LEXANDRINO.

241 1620 731 1692 [CasimiriOudini
762 1618 1191 1669 Commentarius
1226 1617 1290 1665 de
1326 1615 1979 1743 scriptoribuqoﬁc'q‘leiaige
2279 1614 2601 1679 illorumque
2632 1618 2842 1680 scriptis
2866 1618 3110 1669 Francof.
3139 1619 3207 1669 ad
3248 1622 3500 1674 Moenum
3534 1626 3657 1676 1722

307 1962 566 2020 Macarii
595 1967 711 2016 tres
751 1957 1047 2014 monachi.
1085 1958 1197 2010 Hos
1229 1954 1406 2009 simul
1438 1954 1765 2022 iungimus,
1800 1969 1936 2008 cum
1991 1953 2253 2021 disiungi
2285 1953 2377 2008 vix
2411 1954 2662 2025 possint,
2720 1961 2898 2028 atque
2926 1959 3002 2012 ad
3034 1958 3474 2019 distinctionem
3510 1981 3546 2021 a
3594 1983 3656 2022 se

227 2059 452 2110 mutuo
489 2049 685 2119 magis
716 2047 1099 2119 perspicuam
1135 2043 1313 2098 simul
1339 2044 1639 2111 iconiungi
1664 2043 1999 2097 conveniat.
2032 2042 2309 2096 Vixerunt
2352 2043 2412 2097 hi
2446 2048 2559 2098 tres
2609 2044 2820 2100 eodem
2857 2051 3141 2118 tempore,
3176 2057 3356 2121 atque
3390 2055 3659 2125 magistri

221 2142 507 2198 eiusdem
545 2137 777 2192 Antonii
793 2133 1064 2205 discipuli
1091 2133 1308 2204 pariter
1326 2132 1694 2186 exstiterunt.
1727 2134 1802 2185 De
1824 2147 2081 2202 quorum
2099 2131 2304 2200 primis
2319 2132 2559 2186 duobus
2575 2134 3016 2189 hicinserendis
3036 2137 3363 2208 loquuntur
3384 2141 3656 2199 Socrates

226 2229 567 2287 Hist.Eccl.
601 2227 703 2281 lib.
731 2225 948 2294 chap.
987 2223 1075 2285 23,
1100 2224 1464 2277 Sozomenus
1487 2221 1590 2275 lib.
1628 2221 1693 2273 lll
1729 2236 1864 2289 cap.
1909 2221 1992 2284 14,
2021 2220 2420 2274 'l‘heodnretus
2458 2221 2562 2275 lib.
2589 2222 2660 2274 ιν
2685 2239 2794 2294 cap
2813 2228 2899 2280 21.
2931 2225 3232 2282 Palladius
3266 2231 3427 2287 Hist.
3474 2233 3654 2288 Laus.

226 2336 415 2390 capp.
444 2322 512 2373 19
531 2319 693 2371 et20.
735 2314 954 2367 Horum
979 2316 1211 2382 primus
1231 2310 1539 2372 Macarius,
1572 2315 1746 2380 gente
1779 2311 2124 2380 Aegyptius,
2149 2309 2481 2364 monachus
2497 2310 2810 2377 Scetensis,
2839 2315 3029 2381 Magni
3057 2319 3291 2372 Antonii
3325 2319 3659 2390 discipulus

227 2408 452 2466 claruit
482 2406 559 2461 ab
582 2419 744 2459 anno
770 2403 892 2457 350.
913 2402 1017 2465 Qui
1043 2403 1100 2454 in
1121 2402 1422 2453 iuventute
1436 2398 1634 2452 adhuc
1648 2399 2096 2452 constitutusita
2125 2399 2436 2451 virtutibus
2472 2400 2816 2454 monasticis
2842 2407 2896 2454 et
2924 2408 3165 2458 austero
3190 2404 3657 2477 vivendigenere

223 2496 509 2554 excelluit
539 2494 650 2548 sibi
687 2507 922 2562 semper
945 2503 1226 2559 praesens
1258 2493 1312 2542 et
1351 2487 1570 2556 gravis,
1608 2492 1716 2540 uta
1741 2486 2020 2540 fratribus
2048 2482 2298 2556 παιδαρ
2320 2488 2585 2557 ιογέρων
2614 2495 2940 2543 vocaretur.
2962 2491 3164 2546 Annos
3189 2499 3364 2548 natus
3394 2498 3658 2567 quadra-

224 2588 402 2658 ginta
439 2583 518 2639 ad
551 2579 901 2652 presbyterii
926 2577 1184 2647 gradum
1209 2583 1446 2630 evectus
1477 2582 1587 2630 est.
1629 2574 1922 2629 Miraculis
1954 2579 2010 2627 et
2042 2574 2354 2645 prophetia
2381 2575 2577 2630 clarus
2603 2581 2684 2630 tot
2717 2580 2952 2633 sanavit
2983 2596 3212 2649 aegros,
3245 2588 3328 2638 tot
3358 2586 3660 2642 adaemo-

227 2677 414 2732 nibus
444 2673 724 2727 obsessos
749 2669 1029 2723 liberasse
1058 2666 1292 2728 dicitur,
1325 2671 1386 2718 ut
1427 2665 1666 2718 Socrate
1695 2669 1838 2717 teste
1873 2663 2161 2717 miracula
2192 2662 2268 2717 ab
2300 2680 2370 2718 eo
2403 2670 2637 2734 patrata
2677 2666 2932 2737 speciale
2962 2685 3114 2739 opus
3144 2673 3463 2739 exigerent.
3507 2675 3658 2730 Nihil

233 2765 459 2820 mirum
491 2775 652 2825 vero,
680 2765 801 2814 tam
829 2756 1125 2811 celebrem
1170 2756 1318 2808 inter
1351 2754 1681 2808 monachos
1713 2754 1872 2823 [Pag.
1903 2753 2023 2822 475]
2056 2755 2243 2806 virum
2268 2753 2446 2806 fuisse
2475 2754 2650 2808 etiam
2683 2755 2830 2809 inter
2863 2757 3186 2826 Scriptores
3218 2761 3654 2820 ecclesiasticos

237 2866 519 2908 successu
547 2847 837 2919 temporis
878 2845 1256 2899 recensitum.
1297 2843 1430 2896 lllos
1462 2843 1619 2896 enim
1655 2841 1914 2910 insignes
1945 2840 2220 2895 homines
2255 2842 2530 2897 monachi
2562 2847 2904 2914 sequiorum
2934 2851 3275 2918 temporum
3305 2866 3409 2920 pro
3437 2853 3660 2909 viribus

238 2941 394 2996 inter
423 2940 626 2993 doctos
656 2937 834 2992 etiam
853 2932 1181 3004 suppositis
1212 2932 1504 3000 Operibus
1531 2930 1880 2998 allegerunt.
1917 2932 2080 2984 Huuc
2101 2929 2587 2984 Macariuminter
2611 2932 2934 3002 Scriptores
2975 2950 3096 2989 non
3120 2938 3425 2993 omisisset
3465 2943 3662 2998 Hiero-

245 3044 488 3100 nymus,
527 3029 570 3080 si
601 3033 866 3095 tempore
917 3038 1028 3076 suo
1073 3019 1299 3091 aliquid
1350 3020 1461 3074 sub
1493 3020 1728 3074 Macarii
1758 3020 2000 3072 nomine
2047 3018 2386 3072 exstitisset.
2417 3020 2603 3072 Annis
2632 3020 2857 3075 circiter
2875 3029 3114 3078 centum
3149 3031 3287 3095 post
3315 3028 3657 3101 Hieronymi

245 3123 499 3172 aetatem
540 3113 883 3170 Gennadius
915 3109 1292 3167 Massiliensis
1321 3108 1630 3179 presbyter
1663 3107 2036 3161 relulithunc
2060 3109 2377 3162 Macarium
2419 3107 2571 3162 inter
2600 3109 2931 3179 Scriptores
2950 3112 3378 3170 ecclesiasticos
3400 3116 3551 3173 libro
3577 3121 3662 3175 De

239 3204 384 3262 viris
412 3203 746 3259 illustribus
769 3217 900 3270 cap.
930 3198 1125 3264 tO,cui
1158 3199 1396 3251 unicam
1425 3197 1718 3250 duntaxat
1744 3195 2008 3249 attribuit
2033 3195 2374 3265 Epistolam,
2393 3195 2616 3266 quippe
2635 3212 2772 3250 cum
2791 3203 2927 3252 tunc
2952 3203 3236 3270 temporis
3260 3203 3406 3259 haec
3429 3211 3659 3262 tantum

241 3293 356 3348 sub
384 3292 626 3347 Macarii
653 3287 1019 3343 celeberrimi
1061 3285 1306 3340 nomine
1347 3288 1658 3355 prostaret.
1689 3284 2102 3355 Socrates,qui
2128 3283 2363 3337 illorum
2381 3283 2775 3339 Macarioruiu
2814 3287 3052 3342 virtutes
3068 3289 3215 3344 Hist.
3241 3291 3412 3349 Eccl.
3449 3293 3550 3348 lib.
3591 3295 3661 3348 IV

236 3397 376 3451 cap.
405 3384 473 3434 '23
529 3376 848 3444 magniﬁce
874 3374 1112 3432 extollit.
1142 3374 1216 3428 de
1258 3375 1490 3442 scriptis
1527 3372 1674 3437 silet,
1726 3373 2004 3443 quamvis
2036 3372 2258 3427 ibidem
2293 3372 2521 3441 Evagrii
2570 3373 2804 3429 illorum
2853 3374 3129 3447 discipuli
3173 3381 3365 3451 Opera
3409 3383 3662 3452 positive

245 3471 579 3524 recenseat.
599 3464 749 3519 Nihil
771 3478 910 3532 ergo
928 3463 1038 3518 sub
1065 3462 1455 3517 Macariorum
1485 3461 1727 3515 nomine
1757 3469 2021 3531 tempore
2050 3462 2308 3515 Socratis
2331 3461 2602 3517 exstabat
2626 3463 2933 3534 scriptum,
2963 3467 3125 3536 quod
3169 3485 3313 3523 sane
3331 3469 3523 3526 dicere
3538 3476 3661 3528 tam

240 3555 557 3630 praeclara
588 3552 902 3608 occasione
928 3553 1064 3607 data
1081 3567 1199 3606 non
1240 3551 1542 3605 omisisset
1577 3565 1590 3614 ;
1623 3565 1882 3621 quorum
1915 3559 1970 3603 et
2008 3550 2532 3620 Apophthegmata
2559 3549 2673 3605 illic
2707 3551 2897 3618 refert,
2933 3555 3085 3609 sicut
3115 3562 3172 3610 et
3204 3558 3498 3615 Palladius
3530 3561 3569 3615 l.
3604 3563 3652 3619 l.

239 3645 549 3701 Audacior
573 3658 717 3699 sane
740 3641 981 3697 Graecia
1005 3657 1075 3695 ac
1118 3640 1567 3695 monachismus
1591 3641 1899 3702 recentior,
1923 3641 2026 3710 qui
2061 3639 2419 3701 erubuisset,
2453 3640 2501 3692 si
2531 3640 2676 3694 nihil
2699 3641 2811 3695 sub
2827 3644 3215 3699 Macariorum
3246 3650 3487 3704 nomine
3517 3650 3661 3705 scri-

240 3741 412 3807 ptum
443 3731 787 3788 exstitisset.
841 3729 962 3785 Sub
995 3729 1144 3783 falso
1194 3729 1369 3796 igitur
1407 3728 1470 3782 S.
1512 3727 1752 3782 Macarii
1779 3727 2039 3782 Senioris
2070 3735 2120 3782 et
2162 3728 2458 3797 Aegyptii.
2501 3744 2684 3798 quem
2728 3731 2966 3786 unicam
3012 3733 3300 3790 duntaxat
3348 3739 3661 3810 scripsisse

243 3822 566 3896 Epistolam
589 3819 768 3875 voluit
791 3819 830 3874 l.
857 3819 898 3872 Ι.
917 3817 1241 3880 Genadius,
1261 3816 1580 3886 productae
1599 3815 1893 3870 Homiliae
1904 3816 2248 3884 spirituales
2267 3816 2708 3888 quinquaginta
2729 3819 2801 3874 de
2823 3819 3164 3889 integritate
3196 3840 3348 3893 quae
3379 3828 3667 3882 Christia-

239 3928 348 3969 nos
373 3912 556 3967 decet.
588 3911 826 3964 Exstant
852 3922 1065 3976 graece
1096 3912 1152 3960 et
1180 3906 1362 3962 latine
1399 3905 1631 3959 Parisiis
1669 3905 1801 3959 I559
1838 3905 1975 3968 in-8,
2004 3905 2220 3959 deinde
2252 3921 2395 3959 cura
2425 3907 2599 3960 Zach.
2631 3907 2912 3962 Palthenii
2949 3911 3315 3967 Francofurti
3346 3916 3482 3969 1594
3513 3917 3660 3983 in-8,

243 4000 508 4072 denique
535 4014 676 4052 cum
729 3996 1020 4066 Operibus
1051 3994 1315 4063 Gregorii
1348 3993 1774 4061 Thaumaturgi
1810 3993 2008 4048 Parisii
2063 3993 2120 4046 in
2179 3993 2279 4049 fol.
2323 4009 2484 4048 anno
2541 3994 2698 4048 1622.
2748 3997 2906 4059 Quas
2935 4013 3072 4052 cum
3139 4001 3384 4067 Caveus,
3420 4003 3465 4057 si
3507 4012 3666 4060 recte

246 4089 674 4152 sensisset,ceu
700 4083 1109 4156 supposititias
1136 4083 1418 4153 nulloque
1434 4079 2155 4152 antiquitatistestimonio
2187 4082 2363 4135 fultas
2393 4083 2762 4152 proscribere
2801 4084 3125 4152 debuisset,
3141 4089 3214 4142 ab
3228 4090 3436 4161 aliquo
3457 4093 3664 4159 forsan

244 4176 533 4247 sequioris
554 4173 780 4230 saeculi
826 4172 1217 4242 interpolatas
1244 4171 1466 4224 dixisse
1512 4170 1654 4224 satis
1681 4170 1906 4224 habuit.
1969 4169 2108 4224 lllas
2144 4173 2345 4224 Petrus
2384 4171 2662 4226 Possiuus
2691 4188 2722 4226 e
2751 4174 2878 4227 Soc.
2911 4173 2967 4227 J.
3003 4175 3062 4228 in
3097 4177 3540 4247 Prolegomenis
3588 4182 3666 4236 ad

243 4260 967 4321 ThesaurumAsceticum
995 4275 1205 4329 graece
1233 4268 1287 4314 et
1308 4259 1486 4314 latine
1505 4257 1865 4328 impressum
1895 4257 2012 4312 in-li
2044 4273 2204 4313 anno
2235 4258 2364 4313 1684
2385 4258 2627 4315 Tolosae
2649 4261 2812 4332 apud
2844 4262 3220 4319 Guilielmum
3243 4267 3666 4335 Bosch,censet

245 4353 541 4426 pertinere
560 4351 640 4406 ad
659 4349 984 4405 Macarium
1020 4348 1312 4402 iuniorem
1344 4346 1702 4418 Aegyptium
1729 4348 1938 4401 eodem
1977 4353 2239 4418 tempore
2269 4347 2556 4403 illustrem
2588 4365 2774 4421 :quae
2792 4354 3093 4407 contentio
3123 4355 3343 4409 modici
3377 4360 3667 4414 momenti

242 4447 353 4507 est,
382 4457 522 4496 cum
552 4447 796 4510 uterque
823 4446 878 4492 et
906 4439 1105 4492 senior
1129 4443 1183 4490 et
1208 4436 1402 4490 iunior
1422 4441 1688 4506 tempore
1721 4435 1934 4490 eodem
1970 4435 2236 4490 vixerint.
2271 4437 2388 4506 Ego
2416 4437 2494 4491 ob
2529 4445 2792 4493 veterum
2809 4441 2882 4493 de
2909 4439 3000 4494 his
3033 4443 3324 4512 Operibus
3357 4446 3664 4504 silentium

245 4531 488 4601 utrique
516 4531 762 4585 Macario
793 4527 1077 4582 Homilies
1104 4524 1250 4579 istas
1283 4525 1499 4595 opinor
1527 4525 1869 4594 suppositas
1898 4540 1934 4578 a
1961 4524 2270 4579 monachis
2298 4526 2526 4594 graecis
2553 4527 2628 4582 ad
2668 4528 2956 4584 maiorem
2981 4532 3368 4588 Macariorum
3403 4537 3662 4591 nominis

246 4618 501 4674 famam.
532 4618 765 4674 Omisso
781 4622 1047 4670 veterum
1061 4615 1135 4669 de
1150 4614 1236 4668 his
1254 4613 1542 4683 Operibus
1560 4613 1789 4668 silentio
1805 4613 1938 4666 dico
1957 4620 2011 4666 tu
2025 4630 2078 4666 m
2099 4614 2421 4682 Epistolam
2447 4615 2633 4686 illam,
2651 4617 2724 4670 de
2738 4619 3132 4690 qualoquitur
3146 4618 3511 4689 Gennadius,
3539 4629 3666 4680 tum

253 4707 370 4761 has
396 4706 839 4777 Quinquaginta
859 4705 1170 4773 Homilias,
1196 4703 1270 4757 de
1283 4704 1505 4774 quibus
1522 4717 1706 4771 supra
1728 4701 1982 4769 egimus,
2000 4717 2117 4755 non
2140 4718 2314 4772 posse
2336 4719 2464 4758 esse
2489 4704 2722 4760 Macarii
2752 4706 2904 4760 illius
2919 4709 3209 4779 Aegyptii,
3239 4711 3360 4766 sive
3389 4714 3665 4779 senioris,

253 4797 385 4850 sive
415 4793 674 4862 iunioris,
716 4794 815 4865 qui
847 4792 1064 4848 seniori
1089 4793 1468 4863 synchronus
1501 4797 1625 4845 erat
1651 4795 1826 4860 atque
1850 4790 2344 4846 aetateduutaxat
2373 4793 2590 4848 iunior.
2619 4795 2923 4850 Rationem
2957 4799 3247 4868 Optimam
3289 4800 3474 4856 aﬂ‘ero
3497 4803 3662 4859 Pela-

253 4883 624 4954 gianismum
652 4883 1112 4937 subtilissimum
1143 4887 1322 4953 atque
1349 4879 1759 4951 purissimum,
1781 4893 1901 4949 quo
1921 4885 1976 4932 et
1997 4879 2266 4947 Epistola
2296 4889 2348 4935 et
2373 4883 2666 4939 Homiliae
2693 4883 2901 4954 plenae
2929 4893 3087 4952 sunt,
3121 4894 3179 4943 ut
3199 4895 3421 4944 attente
3443 4891 3664 4962 legenti

249 4972 570 5028 constabit.
607 4975 998 5026 Erantautem
1025 4971 1081 5024 hi
1107 4975 1222 5024 tres
1253 4969 1486 5024 Macarii
1519 4968 1961 5023 mortuiomnes
1991 4975 2124 5023 ante
2157 4969 2533 5038 Pelagianam
2566 4978 2758 5027 ortam
2782 4972 3099 5040 haeresim,
3135 4977 3292 5032 unde
3325 4981 3543 5050 scripta
3567 4981 3666 5037 illa

250 5062 333 5118 ad
359 5061 648 5117 Macarios
676 5061 818 5115 istos
842 5060 1133 5130 pertinere
1170 5057 1509 5112 nullatenus
1539 5061 1818 5127 possunt.
1860 5059 1936 5112 De
1981 5057 2260 5128 Epistola,
2284 5074 2440 5130 quae
2484 5061 2716 5130 interiit,
2749 5078 3098 5132 expressum
3131 5072 3220 5121 est
3246 5069 3531 5124 Gennadii
3560 5069 3666 5142 qui

244 5151 471 5220 legerat
511 5149 921 5204 testimonium
953 5163 1024 5202 ex
1049 5147 1201 5201 libro
1233 5145 1315 5202 De
1345 5146 1487 5201 viris
1514 5144 1851 5203 illustribus
1893 5161 2028 5215 cap.
2058 5146 2125 5198 lO
2165 5147 2254 5201 his
2285 5155 2644 5219 conceptum
2672 5152 2866 5205 verbis
2895 5167 2907 5205 :
2943 5171 2973 5203 «
3004 5155 3293 5209 Macarius
3325 5160 3662 5214 monachus

251 5239 349 5296 ille
365 5234 746 5309 Aegyptius,[
763 5236 909 5305 Pag.
935 5235 1058 5305 476]
1078 5234 1329 5303 signiset
1352 5234 1668 5289 virtutibus
1694 5233 1908 5301 clarus,
1929 5250 2112 5289 unam
2145 5240 2376 5292 tantum
2402 5237 2478 5293 ad
2520 5239 2778 5293 iuniores
2819 5241 3208 5310 professionis
3258 5261 3399 5300 suae
3431 5247 3667 5318 scripsit

247 5327 593 5399 Epistolam,
629 5325 690 5380 in
720 5340 841 5397 qua
871 5324 1064 5388 docet,
1100 5323 1265 5378 illum
1294 5321 1542 5393 perfecte
1576 5338 1752 5393 posse
1785 5323 1902 5378 Deo
1934 5323 2171 5388 servire,
2197 5325 2300 5395 qui
2332 5325 2734 5382 conditionem
2767 5330 3084 5385 creationis
3115 5349 3258 5387 suae
3290 5349 3665 5404 cognoscens

252 5416 332 5473 ad
361 5432 578 5471 omnes
625 5413 1014 5484 semetipsum
1057 5410 1433 5466 inclinaverit
1459 5411 1714 5476 labores,
1775 5418 1829 5466 et
1866 5411 2153 5466 luctando
2194 5419 2373 5484 atque
2404 5415 2502 5468 Dei
2535 5418 2856 5471 adversum
2883 5434 3062 5473 omne
3094 5421 3252 5491 quod
3285 5422 3344 5476 in
3405 5423 3517 5476 hac
3553 5425 3669 5480 vita

252 5520 441 5561 suave
473 5511 563 5560 est
595 5501 885 5558 auxilium
914 5501 1314 5572 implorando,
1344 5499 1770 5555 adnaturalem
1802 5515 2026 5570 quoque
2054 5501 2741 5570 perveniempuritatem,
2773 5509 3191 5563 continentiam
3218 5510 3380 5564 velut
3411 5517 3668 5568 naturae

252 5595 512 5650 debitum
545 5607 754 5646 munus
784 5589 1122 5646 obtinuerit.
1158 5608 1186 5636 ι»
1214 5590 1646 5644 Continentiam
1679 5589 1836 5643 enim
1883 5603 2014 5642 esse
2063 5604 2280 5643 munus
2313 5596 2561 5648 naturae
2593 5593 2879 5662 debitum,
2919 5612 3037 5651 non
3089 5599 3334 5664 gratiae,
3394 5599 3670 5656 doctrina

252 5682 584 5758 Pelagiana
611 5696 854 5754 prorsus
880 5684 971 5735 est
1000 5683 1209 5735 contra
1239 5676 1620 5734 Salomonem
1651 5677 1795 5748 Sap.
1827 5676 1965 5743 Vlll,
1991 5678 2025 5730 2
2058 5682 2114 5732 et
2136 5679 2198 5744 X,
2230 5679 2282 5743 2,
2317 5710 2382 5720 —
2406 5682 2757 5753 Apostolum
2780 5683 2913 5739 Gal.
2946 5684 3009 5757 V,
3041 5683 3108 5738 23
3137 5699 3150 5739 :
3182 5685 3441 5744 Fructus
3473 5694 3671 5746 autem
