4084 6256
521 297 627 354 379
1854 281 2245 343 CASIMIHUS
2286 281 2507 340 OUDlN
2515 282 2597 340 US
3823 284 3923 344 380

514 421 774 491 Spiritus
797 424 878 477 est
907 422 1017 475 cet.
1047 418 1212 487 ﬁdes,
1240 414 1542 477 modestia,
1574 410 1959 481 continentia,
1989 410 2250 467 castitas.
2281 409 2452 475 Quod
2478 409 2658 466 etiam
2688 409 2803 464 hae
2833 408 3286 481 Quinquaginta
3311 409 3609 467 Homiliae
3640 408 3719 466 ad
3749 412 3927 468 Maca-

515 510 671 566 rium
704 510 905 574 istum,
940 511 1122 578 atque
1150 505 1298 561 alios
1326 502 1593 558 eiusdem
1620 500 1905 570 temporis
1946 498 2098 553 duos
2129 497 2470 554 nullatenus
2522 504 2806 570 spectent,
2847 498 2940 553 his
2974 498 3215 553 duobus
3248 497 3486 554 afﬁrmo
3528 500 3923 570 argumentis:

588 602 881 656 Primum.
918 596 1357 653 Homiliaeistae
1376 607 1495 646 non
1509 594 1649 645 sunt
1677 590 1908 661 proprie
1936 588 2217 644 homiliae
2234 587 2311 643 ad
2354 588 2643 657 populum
2670 587 2930 654 habitae,
2968 588 3074 643 sed
3098 592 3329 644 tantum
3360 588 3605 658 farrago
3632 588 3928 660 quaedam

518 692 597 749 ab
626 690 823 761 aliquo
841 684 1306 742 archimandrita
1323 681 1569 736 collecta
1586 695 1653 733 ac
1687 678 1962 750 privatim
1980 677 2341 744 composita,
2357 692 2513 749 quae
2549 675 2850 731 interdum
2869 676 3116 748 quidem
3139 676 3422 732 homilias
3440 677 3733 741 continet,
3765 676 3931 731 inter-

516 781 664 836 dum
692 793 828 833 vero
851 775 1235 841 Quaestioues
1262 770 1458 826 varias
1471 766 1987 838 etResponsiones
2010 765 2237 820 nullam
2268 764 2650 819 homiliarum
2677 764 2939 836 speciem
2970 765 3284 831 habentes,
3311 780 3469 837 quas
3483 765 3930 821 consarcinator

515 885 619 942 pro
676 872 876 938 captu,
918 863 1147 934 absque
1192 859 1565 916 connexione
1593 855 1767 910 simul
1795 854 2050 924 collegit.
2087 857 2165 909 Ex
2220 854 2590 925 inspectione
2633 859 2689 908 et
2716 853 2965 908 lectione
2994 853 3230 910 illarum
3263 870 3355 910 res
3403 858 3687 909 constare
3717 857 3927 925 potest,

515 956 681 1031 quod
707 971 827 1011 non
850 952 1132 1008 difﬁtetur
1173 949 1323 1004 Elias
1344 948 1425 1003 du
1449 947 1550 1001 Pin
1576 946 1724 1001 Nov.
1752 944 2039 1000 Biblioth.
2070 942 2319 1011 Scriptt.
2344 943 2573 999 Eccles.
2603 945 2766 998 Tom.
2809 942 2854 998 ll
2880 944 3043 999 Saec.
3079 945 3144 998 IV
3176 957 3317 1015 pag.
3350 942 3502 999 mihi
3532 946 3632 999 70.
3673 944 3821 997 Nam
3858 942 3929 999 ad

518 1048 701 1102 ﬁnem
731 1039 1174 1099 homiliaeVlde
1199 1038 1466 1093 oratione
1480 1033 1842 1089 movetduas
1861 1032 2254 1097 Quaestioues
2277 1032 2351 1088 de
2374 1032 2940 1089 incarnationeJesu
2981 1032 3347 1089 Christicum
3380 1031 3636 1089 totidem
3675 1032 3930 1104 Respon-

510 1135 796 1197 sionibus,
828 1145 985 1205 quae
1036 1128 1113 1183 ad
1164 1130 1587 1195 argumentum
1619 1122 1917 1179 Orationis
1943 1121 2089 1176 nihil
2141 1120 2388 1176 faciunt.
2433 1120 2721 1177 Homiliae
2772 1122 2867 1176 VII
2904 1126 2959 1177 et
2987 1121 3111 1177 VIII
3166 1126 3446 1178 constant
3474 1135 3727 1193 quoque
3758 1121 3929 1177 variis

510 1221 969 1291 Quaestionibus
998 1222 1053 1273 et
1078 1212 1613 1287 Responsionibus.
1649 1210 1817 1265 Unde
1849 1210 2036 1282 liquet
2064 1209 2187 1264 sole
2206 1208 2425 1266 clarius
2454 1224 2575 1264 non
2620 1225 2749 1265 esse
2775 1209 3058 1266 Homilies
3111 1210 3191 1265 ad
3246 1209 3547 1283 populum
3580 1209 3797 1275 dictas,
3831 1210 3928 1265 sed

510 1314 935 1370 collectaneum
951 1306 1390 1373 Quaestionum,
1406 1317 1558 1373 quas
1575 1300 1649 1355 ad
1663 1298 2199 1356 archimandritam
2215 1298 2480 1371 aliquem
2496 1299 2775 1354 monachi
2807 1299 3159 1354 accedentes
3171 1298 3573 1370 proposuisse
3604 1298 3924 1367 ﬁnguntur.

510 1399 880 1457 HomiliaXIl
912 1396 1170 1450 continet
1206 1392 1593 1457 Quaestioues
1636 1394 1692 1442 et
1737 1387 2176 1458 Responsiones
2208 1386 2293 1441 vel
2334 1387 2676 1442 nullatenus
2703 1388 2795 1443 vel
2823 1402 3038 1457 parum
3067 1387 3256 1443 utiles.
3288 1386 3547 1444 Homilia
3582 1388 3677 1443 XV
3705 1385 3925 1443 nullum

513 1490 694 1545 habet
720 1484 977 1559 speciale
994 1499 1138 1553 argu
1151 1488 1435 1543 mentum,
1470 1477 1573 1534 sed
1588 1478 1785 1533 varias
1806 1476 2193 1542 Quaestioues
2206 1476 2273 1531 de
2288 1476 2782 1533 resurrectioneet
2806 1477 3285 1545 concupiscentia
3312 1492 3426 1532 con
3438 1476 3771 1547 tinet,quae
3808 1473 3927 1530 nul-

509 1579 630 1635 lam
663 1579 812 1631 inter
830 1591 891 1630 se
923 1570 1358 1630 connexionem
1384 1569 1628 1623 habent.
1670 1565 1924 1621 Homilia
1953 1566 2110 1621 XXVI
2141 1566 2403 1621 continet
2430 1566 2627 1637 plures
2655 1566 3047 1632 Quaestioues
3081 1570 3139 1621 et
3166 1566 3620 1638 Responsiones
3650 1565 3724 1620 de
3751 1568 3926 1621 tenta-

512 1667 767 1724 tionibus
789 1662 1013 1719 diaboli
1050 1668 1100 1717 et
1126 1658 1359 1730 gratiae
1397 1656 1709 1726 effectibus.
1740 1655 1993 1709 Homilia
2020 1655 2201 1710 XXVII
2234 1654 2556 1725 respondet
2585 1670 2827 1725 quoque
2859 1654 3322 1720 Quaestionibus
3364 1654 3573 1711 multis
3603 1654 3678 1711 de
3713 1654 3927 1725 gratiae

511 1755 830 1827 e/fectibus.
855 1750 1109 1807 Homilia
1137 1748 1350 1803 XXXVII
1374 1746 1625 1800 habetur
1650 1745 2004 1799 verbotenus
2030 1744 2178 1797 inter
2200 1742 2504 1812 Opuscula
2525 1743 2696 1797 Marci
2725 1744 3151 1798 Exercitatoris.
3178 1742 3443 1797 Homilia
3480 1744 3567 1798 XL
3600 1749 3716 1797 tres
3737 1742 3923 1797 adhuc

510 1844 901 1913 Quaestioues
932 1840 1230 1912 proponit,
1264 1851 1416 1907 quas
1456 1833 1967 1906 Responsionibus
1997 1832 2245 1886 totidem
2279 1831 2469 1887 solvit.
2512 1834 2637 1887 Non
2668 1847 2811 1901 ergo
2852 1830 3282 1887 collectaneum
3328 1831 3495 1887 istud
3536 1830 3921 1887 Homiliarum

508 1934 748 2007 proprie
778 1938 889 1996 est,
921 1929 1025 1985 sed
1057 1928 1295 1995 farrago
1328 1924 1633 1980 variorum
1665 1921 2202 1985 indiscriminatim,
2234 1925 2298 1976 ut
2328 1919 2626 1976 collectori
2654 1919 2926 1976 allubuit.

577 2040 871 2097 Secundo.
900 2036 1177 2106 Quisquis
1200 2033 1368 2087 istius
1386 2030 1698 2101 farraginis
1720 2034 1946 2093 auctor,
1968 2028 2016 2082 is
2043 2033 2180 2099 post
2199 2034 2393 2085 ortam
2414 2028 2796 2099 Pelagianam
2819 2029 3117 2086 haeresim
3149 2030 3405 2103 scripsit,
3429 2046 3623 2102 quam
3643 2027 3918 2086 subtiliter

505 2137 561 2187 et
586 2136 758 2184 caute
779 2127 953 2181 docet
980 2124 1227 2195 passim.
1254 2120 1425 2185 Quod
1454 2126 1511 2174 et
1536 2118 1776 2187 agnovit
1800 2118 1973 2172 Ellias
1995 2116 2077 2171 du
2108 2120 2204 2171 Pin
2237 2117 2275 2171 l.
2311 2121 2372 2183 I.,
2406 2117 2555 2173 dum
2577 2119 2767 2191 inquit
2801 2118 3084 2175 Homilies
3111 2120 3274 2185 istas,
3308 2120 3382 2176 de
3409 2120 3641 2193 quibus
3667 2120 3915 2189 agimus,

503 2235 598 2275 ess
621 2237 651 2273 e
674 2216 1013 2273 conformes
1033 2209 1239 2283 quoad
1252 2208 1583 2264 doctrinam
1604 2206 1909 2276 Epistolae
1921 2205 2033 2260 sub
2047 2206 2278 2262 Macarii
2295 2206 2557 2273 nomine,
2578 2223 2767 2279 quam
2787 2208 3051 2280 depingit
3083 2210 3432 2265 Gennadius
3447 2209 3681 2266 inlibro
3701 2209 3916 2265 (Ζευξώ

502 2305 837 2364 illustribus
856 2319 987 2372 cap.
1017 2304 1100 2357 10.
1125 2296 1471 2368 AtEpistola
1498 2297 1616 2351 ista
1641 2295 1960 2363 Pelagiana
1985 2300 2094 2361 est,
2126 2294 2409 2367 idemque
2444 2295 2770 2352 dicendum
2801 2297 2876 2353 de
2900 2296 3170 2353 Homiliis
3199 2298 3349 2357 istis.
3381 2302 3539 2357 Nam
3571 2298 3914 2354 HomiliaXV

503 2396 630 2452 vult
653 2391 1187 2461 concupiscentiam
1210 2403 1341 2442 esse
1370 2384 1849 2457 quandamignis
1884 2382 2049 2455 [Pag.
2076 2384 2202 2454 477]
2221 2385 2278 2439 in
2300 2385 2544 2440 homine
2562 2386 2800 2441 accensi
2829 2387 3361 2457 speciem,omnes,
3389 2392 3459 2443 ut
3488 2387 3810 2444 itadictum
3828 2387 3909 2451 sit,

502 2484 693 2557 ipsius
726 2488 924 2554 partes
947 2479 1395 2539 accendentem,
1426 2474 1519 2529 cui
1552 2473 1825 2528 resistere
1855 2478 2071 2543 potest,
2101 2473 2147 2526 si
2180 2472 2423 2529 assidue
2454 2474 2723 2546 invigilet
2753 2474 2865 2531 sibi
2905 2480 3086 2547 atque
3112 2482 3374 2548 pugnet:
3410 2479 3537 2535 Eos
3568 2484 3788 2542 autem,
3821 2474 3915 2547 qui

502 2572 876 2643 passionibus
888 2568 1343 2631 resistunt,sanc
1354 2570 1477 2620 tum
1492 2563 1786 2630 Spiritum
1804 2568 1980 2633 atque
1995 2561 2218 2618 Christi
2230 2564 2464 2632 gratias
2483 2563 2940 2632 recipere.Quod
2959 2567 3348 2639 Pelagianam
3361 2572 3626 2630 omnino
3642 2576 3747 2637 est,
3769 2581 3908 2640 quas

504 2669 641 2719 ante
666 2662 919 2729 gratiam
934 2656 1141 2713 Christi
1160 2660 1499 2725 perceptam
1515 2651 2033 2721 concupiscentiae
2051 2667 2121 2707 ac
2134 2651 2516 2721 passionibus
2529 2654 2799 2709 accensis
2818 2670 2889 2710 ex
2906 2662 3155 2713 naturae
3179 2660 3404 2717 viribus
3430 2664 3707 2718 resistere
3729 2657 3907 2715 valea-

504 2768 659 2807 mus.
688 2747 937 2803 Honuilia
969 2745 1078 2799 XVI
1103 2744 1294 2814 inquit
1315 2743 1620 2797 hominem
1653 2740 1871 2793 debere
1901 2754 2138 2810 semper
2165 2743 2392 2805 timere,
2422 2757 2492 2795 eo
2524 2742 2688 2812 quod
2713 2760 2953 2815 semper
2980 2749 3412 2805 tentationibus
3451 2751 3758 2823 expositus
3787 2748 3855 2802 sit
3887 2764 3898 2812 ;

500 2842 700 2911 itaque
728 2836 833 2909 qui
851 2836 1102 2905 gratiam
1130 2832 1398 2887 nondum
1434 2830 1671 2899 habent,
1698 2828 1914 2882 debere
1929 2844 2169 2899 semper
2198 2831 2493 2884 etbonum
2522 2847 2696 2901 agere
2716 2834 3013 2891 etmalum
3050 2837 3251 2909 fugere
3282 2855 3353 2894 ex
3376 2842 3652 2897 motibus
3683 2844 3902 2895 natura-

502 2929 661 2985 libus
698 2945 716 2996 ;
745 2926 847 2998 qui
882 2940 1017 2979 vero
1044 2922 1301 2993 gratiam
1322 2920 1679 2989 acceperint,
1714 2932 1833 2972 non
1869 2917 2134 2989 indigere
2169 2918 2430 2974 motibus
2446 2919 2539 2974 his
2566 2922 2939 2979 naturalibus
2962 2932 3142 2997 atque
3179 2928 3591 2985 interioribus.
3624 2926 3900 3001 Supponit

503 3034 666 3090 ergo,
699 3017 1005 3071 hominem
1020 3013 1218 3077 etiam,
1252 3016 1579 3080 antequam
1610 3006 1862 3075 gratiam
1880 3007 2117 3071 habeat,
2139 3023 2313 3079 posse
2330 3013 2387 3062 et
2415 3007 2645 3064 bonum
2667 3010 2930 3068 facerest
2954 3014 3179 3071 malum
3208 3017 3420 3089 fugere
3448 3016 3897 3075 exinstinctibus

499 3105 900 3167 naturalibus;
932 3103 1098 3174 quod
1114 3097 1806 3168 Pelagianumest,quasi
1830 3096 1923 3151 his
1943 3103 2190 3151 naturae
2205 3095 2510 3152 laboribus
2537 3104 2594 3153 et
2617 3100 2932 3157 conatibus
2954 3105 3205 3171 gratiam
3226 3107 3318 3160 Dei
3337 3108 3414 3162 ad
3438 3124 3553 3164 nos
3580 3108 3895 3164 trahamus.

502 3195 753 3253 Homilia
786 3194 1329 3261 XXVltotaquoque
1360 3186 1679 3254 Pelagiana
1710 3190 1816 3249 est,
1846 3190 1909 3240 ut
1934 3190 2152 3240 attente
2184 3185 2399 3253 legenti
2431 3188 2744 3254 constabit,
2778 3194 2960 3263 atque
2989 3208 3060 3247 ex
3085 3192 3176 3259 iis,
3208 3210 3363 3267 quae
3386 3197 3567 3253 affert
3590 3197 3703 3254 1.1.
3742 3196 3896 3252 Ellias

501 3286 582 3342 du
606 3285 734 3349 Pin,
752 3281 1030 3351 cognosci
1063 3277 1306 3335 abunde
1332 3280 1544 3347 potest.
1569 3275 1739 3330 Miror
1761 3279 1984 3339 tamen,
2018 3290 2125 3329 cur
2147 3275 2373 3346 pagina
2388 3275 2531 3331 mihi
2555 3280 2623 3332 72
2652 3279 3002 3352 Aethiopem
3036 3282 3317 3340 dealbare
3346 3301 3458 3341 con
3477 3294 3612 3343 etur
3632 3284 3902 3342 intendat-

499 3389 637 3445 que,
672 3377 974 3427 auctorem
1027 3369 1187 3424 hunc
1216 3365 1363 3421 nihil
1392 3363 1556 3419 aliud
1604 3362 1748 3419 velle
1796 3379 1982 3434 quam
2013 3362 2326 3419 conciliare
2368 3365 2593 3433 gratiae
2625 3370 3043 3426 necessitatem
3077 3388 3215 3428 cum
3257 3372 3425 3430 liberi
3452 3376 3698 3433 arbitrii
3731 3370 3901 3431 nostri

500 3462 945 3533 cooperatione.
975 3456 1148 3511 Aliud
1184 3470 1329 3510 sane
1356 3452 1479 3509 vult
1508 3452 1863 3521 Pelagianus
1914 3452 2007 3507 ille
2039 3469 2053 3517 ;
2088 3453 2321 3509 initium
2351 3471 2567 3526 nempe
2599 3458 2815 3512 salutis
2856 3466 3092 3518 nostrae
3132 3478 3259 3520 esse
3300 3481 3335 3520 a
3376 3468 3569 3523 nobis
3597 3483 3704 3539 per
3736 3477 3899 3537 opera

495 3557 746 3608 naturae
769 3545 1206 3618 incipientibus,
1235 3543 1456 3614 quibus
1484 3542 1801 3599 accedente
1826 3541 2030 3597 divina
2052 3541 2240 3612 gratia
2256 3541 2418 3597 salus
2438 3544 2557 3600 iam
2584 3545 2661 3601 ad
2690 3546 3109 3619 perfectionem
3133 3553 3503 3612 adducatur.
3529 3560 3893 3628 Undequam-

500 3641 588 3695 vis
624 3640 863 3709 saepius
892 3636 1052 3691 dicat
1089 3633 1346 3703 gratiam
1375 3646 1507 3686 esse
1538 3631 1937 3686 necessariam
1981 3629 2071 3684 vel
2111 3629 2187 3685 ad
2215 3630 2498 3688 iustitiam
2521 3635 2871 3706 perfectam,
2899 3638 2993 3694 vel
3035 3640 3215 3697 vitam
3250 3649 3592 3716 aeternam,
3635 3652 3697 3701 ut
3727 3640 3895 3700 Homi-

498 3728 576 3784 lia
606 3727 784 3789 XXIV,
816 3725 906 3780 vel
932 3724 1009 3779 ad
1039 3720 1351 3777 evitandas
1378 3736 1588 3774 omnes
1612 3720 1835 3788 peccati
1862 3718 2234 3783 occasiones,
2264 3718 2351 3773 vel
2382 3720 2460 3775 ad
2489 3724 2772 3779 omnibus
2798 3727 3224 3785 tentationibus
3257 3734 3686 3799 resistendum,
3713 3738 3771 3788 ut
3796 3733 3891 3786 Ho-

500 3816 667 3871 milia
692 3816 844 3881 XXV,
874 3827 1185 3883 nunquam
1211 3817 1412 3864 tamen
1431 3807 1703 3871 asseruit,
1724 3806 1882 3861 illam
1905 3822 2037 3862 esse
2061 3810 2466 3865 necessariam
2493 3813 2566 3866 ad
2591 3829 2771 3869 omne
2797 3821 2851 3869 et
2873 3817 3184 3887 quodlibet
3203 3820 3260 3874 in
3286 3820 3582 3891 singulari
3610 3839 3760 3895 opus
3794 3821 3891 3875 bo-

498 3920 666 3970 num,
699 3903 980 3975 opinatus
1006 3914 1223 3970 nempe
1250 3897 1415 3952 iuxta
1441 3896 1742 3965 Pelagium
1777 3894 2143 3965 Pelagianos,
2178 3896 2413 3953 initium
2441 3900 2649 3956 salutis
2678 3918 2810 3958 esse
2840 3920 2876 3960 a
2918 3906 3092 3962 nobis
3124 3924 3194 3963 ex
3230 3918 3446 3968 natura
3478 3894 3880 3985 operantibus.

568 4010 853 4067 Convenit
882 4009 1141 4063 maxime
1173 4005 1267 4060 hic
1288 4010 1495 4059 auctor
1514 4002 1715 4076 quoad
1745 4002 2079 4059 doctrinam
2106 4020 2245 4060 cum
2271 4005 2466 4061 Marco
2498 4006 2747 4082 ἀσκητῇ
2780 4027 2885 4067 seu
2916 4015 3327 4083 Exercitatore,
3361 4018 3460 4090 qui
3495 4020 3638 4077 olim
3671 4012 3885 4073 Macarii

497 4101 676 4158 huius
698 4097 1031 4169 discipulus
1052 4096 1176 4163 fuit,
1201 4111 1309 4149 nec
1326 4091 1568 4149 difﬁcile
1586 4092 1710 4155 fuit,
1735 4093 2028 4164 utscripta
2044 4092 2324 4165 discipuli
2350 4097 2634 4167 magistro
2654 4101 3036 4169 postmodum
3053 4118 3121 4157 ex
3141 4105 3409 4175 quadam
3427 4108 3682 4164 maioris
3701 4110 3885 4161 aucto-

495 4191 684 4246 ritatis
725 4188 1097 4243 affectatione
1129 4182 1218 4239 vel
1248 4184 1425 4238 etiam
1454 4181 1677 4236 malitia
1706 4182 2184 4238 attribuerentur.
2222 4184 2392 4240 Plura
2418 4185 2493 4239 de
2522 4186 2615 4242 his
2654 4190 2917 4245 Homiliis
2949 4208 3052 4246 seu
3091 4194 3270 4249 etiam
3305 4195 3764 4261 Quaestionibus
3786 4208 3882 4249 nos

496 4284 706 4352 postea
731 4280 790 4333 in
822 4278 1013 4332 Marco
1044 4278 1275 4337 Asceta,
1304 4272 1397 4326 cui
1426 4270 1859 4326 adiudicandas
1890 4272 1968 4327 ob
1999 4272 2306 4328 doctrinae
2337 4280 2391 4328 et
2422 4276 2556 4348 styli
2590 4277 3039 4338 similitudinem
3069 4298 3404 4340 censemus.

570 4380 812 4432 Exstant
830 4379 1029 4429 autem
1057 4373 1170 4427 hae
1194 4372 1250 4426 S.
1275 4368 1507 4423 Macarii
1528 4368 1795 4439 Aegyptii
1822 4369 2107 4424 Homiliae
2133 4371 2282 4427 MSS.
2307 4387 2517 4441 graece
2542 4376 2601 4429 in
2628 4376 2945 4433 Bodleiano
2968 4380 3178 4435 Oxonii
3201 4382 3260 4436 in
3292 4382 3522 4453 Anglic.
3549 4381 3882 4441 Bibliotheca

498 4467 702 4523 codice
734 4466 837 4520 213
889 4465 947 4518 in
977 4463 1133 4547 MSS.
1186 4458 1576 4513 Baroccianis.
1617 4465 1803 4530 Atque
1834 4457 1893 4512 in
1943 4458 2056 4513 hoc
2096 4459 2299 4516 codice
2340 4466 2572 4519 exstant
2612 4464 2909 4523 Homiliae
2942 4468 3089 4538 LVII,
3129 4485 3386 4542 quarum
3431 4488 3591 4545 quae
3642 4473 3701 4529 in
3730 4466 3880 4527 editis

496 4562 801 4628 postrema
828 4558 937 4615 est,
964 4552 1021 4606 in
1048 4551 1159 4605 MS.
1191 4550 1300 4603 isto
1323 4547 1551 4603 auctior
1582 4552 1669 4603 est
1701 4563 1886 4619 quam
1918 4548 1976 4601 in
2011 4548 2335 4618 impressis.
3374 4584 3380 4589 .

568 4653 849 4709 Eiusdem
878 4648 1131 4705 Homilia
1160 4646 1220 4702 LI
1256 4646 1331 4701 ad
1365 4648 1723 4717 Symeonem
1756 4647 2026 4702 Ascetam
2060 4665 2180 4720 pag

1873 4651 2026 4702 etam
2060 4665 2198 4720 pag.
2232 4650 2355 4710 20'2.
2384 4649 2423 4704 b
2457 4668 2469 4704 :
2504 4652 2841 4725 Μακάριος
2896 4661 3038 4717 τοῖς
3093 4654 3486 4727 ἀγαπητοῖς.

571 4751 849 4807 Eiusdem
880 4744 1134 4802 Homilia
1166 4745 1249 4800 LII
1280 4744 1339 4799 in
1370 4744 1557 4800 Natali
1590 4743 1802 4799 Christi
1833 4760 1972 4815 pag.
2000 4748 2105 4801 208
2138 4766 2149 4803 :
2181 4773 2184 4792 ι

2000 4748 2206 4803 208εό
2244 4747 2428 4820 λόγος
2481 4757 2588 4801 τοῦ
2644 4758 2807 4803 Θεοῦ
2861 4754 3045 4825 ἔργον
3098 4763 3198 4815 τῆς
3254 4755 3587 4820 ἀληθείας.

574 4848 829 4905 Homilia
844 4846 951 4900 LIII
970 4843 1511 4912 delongauimitate
1532 4846 1582 4895 et
1601 4842 1978 4897 tolerantiain
1995 4843 2187 4899 afﬂicti

2263 4847 2415 4901 libus
2438 4852 2695 4918 pag.2i.’i
2720 4866 2736 4903 .·
2779 4851 2803 4900 ὁ
2827 4848 3382 4926 βουλόμενοςθεῷ
3430 4856 3876 4931 εὐαρεστῆσαι.

572 4945 739 5020 [Pag.
774 4944 903 5016 478]
934 4942 1189 4998 Ilomilia
1216 4940 1329 4995 LIV
1356 4940 1428 4994 de
1455 4939 1827 5011 beneplacito
1870 4941 1966 4995 Dei
1995 4946 2051 4996 et
2080 4958 2183 5013 per

1870 4941 1966 4995 Dei
1995 4946 2051 4996 et
2080 4945 2472 5013 permissione
2503 4945 2711 5001 divina
2740 4962 2751 5000 :
2789 4950 3004 5002 Πάντα
3040 4952 3116 5002 τὰ
3144 4971 3483 5025 γενομενα,

570 5051 829 5109 Homilia
856 5051 946 5104 LV
988 5054 1196 5104 contra
1225 5048 1469 5102 inanem
1511 5044 1761 5115 gloriam
1793 5051 2099 5119 captantes
2134 5048 2192 5104 in
2226 5051 2617 5107 concionibus
2656 5053 2735 5108 ad
2781 5056 3075 5127 populum
3116 5074 3257 5131 pag.
3298 5064 3401 5116 230
3443 5076 3455 5115 :
3501 5060 3749 5115 ’Iarior
3794 5053 3878 5105 ὅτι

498 5146 671 5204 τινές
700 5141 838 5193 εἰσι
866 5144 1185 5212 νεώτεροι.

571 5248 823 5306 Homilia
853 5247 962 5303 LVI
990 5246 1062 5301 de
1092 5244 1334 5300 nomine
1369 5248 1424 5298 et
1455 5240 1652 5297 ofﬁcio
1681 5244 1959 5298 monachi
1990 5260 2127 5318 pag.
2162 5247 2184 5300 Ξ

1408 5240 1652 5297 tofﬁcio
1681 5244 1959 5298 monachi
1990 5260 2127 5318 pag.
2162 5247 2288 5313 234,
2318 5246 2357 5302 b
2386 5264 2399 5302 :
2428 5254 2505 5302 Τί
2534 5247 2680 5302 ἐστι
2709 5252 3021 5323 μονάζων.

571 5356 827 5413 Homilia
860 5354 989 5410 LVII
1017 5353 1091 5408 de
1121 5351 1295 5407 variis
1325 5350 1573 5422 Spiritus
1608 5352 1795 5405 sancti
1828 5354 2184 5423 operationil

2104 5354 2280 5409 uibus
2314 5370 2451 5425 pag.
2476 5356 2602 5425 238,
2637 5358 2674 5412 b
2708 5373 2719 5411 :
2748 5361 2827 5410 Τὸ
2856 5367 3111 5432 πνεῦμα
3139 5362 3301 5414 ὅπου
3336 5363 3535 5429 θέλει,
3562 5365 3713 5416 πνεῖ.

569 5468 729 5531 Quae
757 5461 1013 5517 eandem
1044 5476 1180 5515 cum
1203 5457 1507 5530 impressis
1534 5457 1910 5526 methodum,
1929 5461 2182 5516 eandem
2213 5461 2549 5519 doctrinam
2574 5464 2895 5521 asceticam
2918 5468 3239 5535 continent,
3269 5475 3451 5543 atque
3476 5472 3533 5528 in
3552 5467 3676 5525 aliis
3699 5455 3875 5518 Homi-

491 5554 717 5613 liarum
744 5548 1040 5607 eiusmodi
1070 5547 1225 5603 MSS.
1261 5545 1704 5620 exemplaribus
1735 5562 1856 5603 non
1884 5547 2285 5619 reperiuntur.

568 5666 853 5730 Adducor
878 5671 1079 5723 autem
1106 5663 1370 5722 maxime
1401 5668 1463 5720 ut
1500 5663 1743 5721 credam
1775 5662 1886 5720 has
1915 5679 2128 5721 omnes
2158 5666 2458 5725 Homilias
2474 5673 2528 5725 et
2561 5666 2898 5735 Questiones
2928 5672 3209 5730 asceticas
3238 5678 3505 5746 spectare
3528 5669 3620 5736 ad
3658 5667 3886 5723 WW1"
