4084 6256
208 272 309 333 381
1071 262 1166 324 DE
1203 265 1301 322 SS.
1336 258 1685 321 MACARIIS
1726 262 2080 320 AEGYPTIO
2126 263 2211 319 ET
2247 262 2766 322 ALEXANDRINO
3528 271 3633 328 382

209 416 484 469 Ascetam
505 425 611 464 seu
642 407 1121 472 Exercitatorem,
1146 405 1251 477 qui
1273 405 1419 461 inter
1442 406 1771 463 monachos
1794 408 2113 463 Nitrienses
2136 406 2464 464 solitariam
2487 408 2667 464 vitam
2688 409 2880 476 duxit,
2905 414 3083 481 atque
3101 412 3332 467 Macarii
3354 413 3634 486 Aegyptii

206 502 458 559 iunioris
487 497 817 570 discipulus
851 496 981 558 fuit,
1011 494 1208 550 clarus
1232 510 1394 549 anno
1413 496 1517 550 400
1543 512 1675 568 sqq.
1710 513 1902 568 usque
1927 497 2006 553 ad
2036 512 2264 552 annum
2298 497 2525 553 circiter
2554 498 2658 554 440
2685 497 2777 553 vel
2808 498 2955 554 ultra
2974 518 2994 570 ;
3027 499 3100 554 de
3119 515 3242 572 quo
3269 500 3632 558 Sozomenus

206 591 309 645 lib.
346 590 415 641 VI
446 604 579 658 cap.
612 591 700 647 29.
734 584 1038 640 Palladius
1071 585 1223 639 Hist.
1258 586 1430 639 Laus.
1464 600 1642 655 capp.
1676 586 1744 640 20
1770 590 1826 641 et
1852 587 1938 652 21,
1974 586 2336 657 Nicephorus
2368 587 2520 642 Hist.
2547 588 2713 644 Eccl.
2741 588 2842 643 lib.
2872 589 2980 643 XIV
3007 604 3141 660 cap.
3169 590 3259 645 54.
3294 591 3443 646 Vixit
3469 592 3630 647 enim

206 684 344 750 post
368 676 756 746 Pelagianam
778 674 1077 729 haeresim
1115 673 1312 728 multis
1354 674 1546 736 annis,
1578 675 1926 744 perveniens
1954 675 2028 730 ad
2059 674 2424 745 decrepitam
2458 692 2645 747 usque
2685 683 2962 741 aetatem,
2997 677 3261 751 obiitque
3291 680 3631 736 centenario

208 768 427 824 maior.
461 768 576 821 Nec
603 764 745 820 mihi
766 764 1029 818 rationes
1061 777 1168 816 seu
1190 762 1565 818 coniecturae
1588 762 1841 819 desunt:
1876 764 1917 818 l.
1943 764 2076 833 Ipsa
2094 763 2368 819 doctrina
2399 765 2734 836 Pelagiana,
2763 781 2951 837 quam
2976 766 3233 822 eandem
3261 784 3399 823 cum
3424 769 3633 825 Marco

207 855 631 913 Exercitatore
658 868 904 925 prorsus
936 851 1126 905 habet.
1163 850 1227 906 II.
1262 849 1513 906 llomilia
1548 852 1766 907 XXXVII
1802 853 1884 908 De
1908 852 2191 922 paradiso
2223 857 2277 908 et
2311 854 2429 924 tege
2465 853 2778 921 spirituali
2807 854 3063 910 habetur
3088 855 3450 913 verbotenus
3480 858 3633 914 inter

212 943 512 1016 Opuscula
554 942 725 998 Marci
758 938 1193 1003 Exercitatoris,
1238 937 1395 993 unde
1438 953 1557 994 non
1589 939 1714 995 leve
1745 939 2031 996 indicium
2071 946 2181 1007 est,
2212 957 2460 997 omnem
2488 942 2642 997 hanc
2677 942 3061 999 Homiliarum
3104 944 3512 1002 collectionem
3552 946 3631 1003 ad

210 1050 351 1089 eum
384 1032 700 1104 pertinere.
727 1029 987 1084 maxime
1018 1043 1157 1082 cum
1189 1028 1474 1082 Macarius
1504 1028 1831 1100 Aegyptius
1864 1028 2055 1085 abbas
2085 1031 2264 1086 etiam
2290 1030 2488 1086 iunior
2518 1031 2595 1087 ad
2628 1037 2901 1103 tempora
2930 1032 3283 1104 pelagianae
3314 1034 3630 1092 haereseos

210 1138 337 1179 non
368 1120 728 1193 pervenerit,
752 1118 856 1173 sed
874 1117 1105 1171 Marcus
1130 1115 1509 1183 Exercitator,
1542 1117 1641 1188 qui
1661 1134 1796 1173 eam
1824 1118 2046 1190 ubique
2077 1135 2331 1189 operum
2353 1122 2588 1191 sparsit.
2622 1121 2708 1175 ΙΙΙ.
2744 1121 2942 1192 Stylus
2962 1121 3347 1178 Homiliarum
3376 1124 3628 1180 istarum

213 1211 492 1283 apprime
512 1210 792 1264 convenit
810 1223 950 1262 cum
971 1205 1125 1277 stylo
1150 1205 1317 1261 Marci
1352 1206 1781 1271 Exercitatoris,
1805 1206 1875 1261 de
1896 1222 2019 1279 quo
2045 1207 2305 1279 loquitur
2334 1208 2576 1264 Photius
2602 1209 2661 1264 in
2688 1209 3052 1266 Bibliotheca
3082 1210 3216 1265 cod.
3246 1211 3371 1267 200.
3396 1213 3484 1268 IV.
3515 1215 3630 1270 Hae

212 1299 505 1356 Homiliae
548 1300 604 1353 S.
637 1296 867 1353 Macarii
906 1294 1176 1366 Aegyptii
1212 1297 1248 1350 L
1298 1299 1548 1364 possunt
1586 1295 1905 1350 convenire
1946 1312 2082 1349 cum
2118 1297 2206 1364 iis,
2249 1313 2404 1368 quae
2436 1300 2627 1353 Marco
2669 1297 3051 1353 Exercitatori
3090 1299 3126 1353 l.
3178 1299 3219 1353 Ι.
3262 1302 3628 1372 Nicephorus

215 1388 490 1445 Callistus
505 1385 738 1452 asserit,
758 1399 832 1441 ea:
850 1383 1036 1440 Marci
1056 1383 1488 1439 Exercitatoris
1501 1383 1771 1454 operibus
1784 1384 1865 1440 ad
1877 1390 2130 1440 aetatem
2147 1401 2311 1441 suam
2322 1388 2655 1453 pervenisse
2672 1386 2717 1441 li
2722 1387 2853 1441 bros
2871 1393 2996 1442 octo
3012 1389 3286 1445 universa
3295 1389 3437 1444 lium
3456 1391 3630 1459 ἀθεσ-

222 1478 457 1533 tionum
478 1490 792 1531 numerum
820 1478 1160 1543 aequantes,
1193 1476 1247 1528 et
1276 1472 1426 1527 alios
1449 1472 1699 1542 triginta
1730 1474 1875 1528 duos
1900 1474 1972 1529 de
1998 1489 2063 1530 re
2084 1475 2358 1530 ascetica.
2388 1475 2637 1530 Possunt
2659 1476 2819 1531 enim
2851 1476 2963 1531 hae
2986 1477 3273 1532 Homilias
3304 1478 3343 1531 L
3375 1478 3488 1532 sub
3520 1494 3631 1534 no-

214 1568 381 1622 mine
414 1567 468 1622 S.
502 1563 733 1619 Macarii
772 1561 1044 1633 Aegyptii
1085 1560 1399 1632 complecti
1432 1561 1733 1631 Opuscula
1762 1561 1861 1617 illa
1892 1563 1996 1627 XL,
2025 1579 2182 1634 quae
2213 1564 2409 1618 Marco
2437 1564 2818 1620 Exercitatori
2849 1582 2884 1620 a
2924 1565 3228 1621 veteribus
3258 1567 3624 1625 tribuuntur.

212 1659 368 1712 Nam
401 1653 640 1726 plurimi
668 1652 931 1707 Marcum
954 1649 1353 1705 consulebant
1377 1651 1834 1721 quaestionibus
1858 1653 2151 1718 asceticis,
2174 1653 2397 1724 quibus
2419 1652 2513 1709 ille
2536 1654 2961 1726 responsiones
2990 1654 3193 1720 dabat,
3224 1661 3283 1711 ut
3305 1662 3536 1712 constat
3565 1672 3638 1713 ex

207 1745 488 1814 Epistola
507 1742 750 1799 Nicolai
777 1739 1105 1801 cuiusdam.
1134 1754 1256 1810 qua
1282 1741 1504 1806 gratias
1533 1742 1724 1795 Marco
1748 1740 1868 1810 agit
1899 1744 1977 1795 ob
2002 1749 2321 1812 praecepta
2350 1745 2475 1796 eius
2504 1742 2785 1798 salutaria
2809 1743 2919 1797 sibi
2955 1749 3325 1815 nuncupata.
3359 1746 3504 1801 Cum
3532 1760 3638 1800 au-

212 1840 337 1890 tem
372 1832 575 1905 plures
606 1847 789 1903 quam
820 1831 905 1885 XL
932 1828 1065 1894 sint,
1100 1827 1211 1883 hoc
1246 1826 1389 1882 nihil
1422 1828 1558 1883 facit
1588 1835 1795 1883 contra
1827 1830 2086 1883 Marcum
2121 1830 2599 1895 Exercitatorem,
2631 1832 2775 1902 quia
2806 1833 3010 1886 omnia
3036 1831 3224 1904 ipsius
3252 1848 3436 1905 opera
3468 1835 3634 1889 Nice-

212 1921 451 1994 phorus
474 1937 597 1976 non
628 1924 940 1975 assecutus
970 1917 1178 1972 fuerat.
1203 1917 1351 1971 Huic
1381 1917 1631 1972 Macario
1661 1918 1953 1989 Aegyptio
1981 1920 2196 1975 seniori
2226 1919 2528 1991 Opuscula
2554 1921 2758 1975 omnia
2786 1922 3053 1976 Macariis
3081 1922 3328 1977 diversis
3354 1922 3637 1980 attributa

211 2010 509 2068 adscribit
528 2009 798 2079 imperite
820 2006 1341 2062 omninoJoannes
1372 2005 1656 2076 Georgius
1681 2006 1905 2072 Pritius,
1933 2007 2035 2079 qui
2063 2024 2134 2063 ea
2150 2008 2395 2063 collecta
2418 2008 2597 2063 simul
2623 2008 2857 2065 edenda
2880 2024 3090 2079 graece
3120 2016 3175 2066 et
3205 2010 3384 2066 latine
3410 2011 3639 2068 curavit

212 2101 451 2172 Lipsiae
495 2115 552 2154 a.
593 2098 724 2154 l698
756 2102 809 2151 et
844 2095 977 2151 l699
1017 2095 1193 2150 tomis
1225 2094 1465 2150 duobus
1495 2094 1636 2161 in-8,
1670 2096 1931 2168 itemque
1961 2114 2016 2151 a.
2071 2100 2197 2151 I709
2230 2114 2365 2152 cum
2402 2098 2861 2167 Prolegomenis.
2908 2100 3169 2170 Denique
3209 2101 3500 2156 Macarius
3541 2100 3637 2156 hic

214 2189 421 2245 senior
442 2188 666 2244 exactis
689 2185 747 2241 iu
772 2184 1088 2241 solitudine
1108 2185 1418 2254 sexaginta
1443 2181 1604 2254 [Pag.
1628 2184 1758 2257 479]
1777 2187 1949 2240 annis
1970 2186 2115 2241 obiit
2138 2187 2604 2256 nonagenarius,
2628 2193 2685 2242 ut
2711 2186 2931 2251 volunt,
2955 2204 3010 2243 a.
3040 2187 3136 2243 39l
3164 2189 3259 2243 die
3279 2190 3323 2244 ΙΙ
3345 2188 3637 2246 Januarii.

288 2330 578 2390 Macarius
592 2328 759 2393 alter,
775 2327 972 2382 iunior
993 2324 1213 2397 passim
1234 2324 1449 2389 dictus,
1469 2325 1861 2381 Alexandriae
1875 2333 2073 2383 ortum
2091 2328 2280 2394 duxit,
2302 2329 2361 2383 in
2379 2328 2850 2401 quaiunioribus
2870 2329 3044 2385 annis
3057 2329 3637 2388 bellariavendendo

213 2425 538 2495 quaestum
558 2418 907 2490 quaerebat,
934 2431 1072 2470 cum
1096 2414 1399 2480 superiore
1421 2415 1673 2470 Macario
1694 2414 1964 2471 eiusdem
1990 2416 2225 2471 Antonii
2249 2416 2598 2487 discipulus.
2624 2420 2767 2472 Nam
2795 2417 2939 2473 urbe
2965 2418 3142 2473 simul
3166 2418 3564 2476 Alexandrina
3583 2424 3640 2476 et

214 2517 346 2569 arte
373 2506 751 2571 renuntiatis,
782 2505 841 2561 in
865 2520 1132 2560 eremum
1154 2505 1503 2559 Nitriensem
1526 2506 1827 2570 secedens,
1852 2505 2033 2560 vitam
2060 2508 2458 2562 monasticam
2485 2506 2799 2577 amplexus
2829 2513 2932 2562 est.
2974 2513 3146 2562 Anno
3171 2508 3638 2579 quadragesimo

213 2598 436 2657 aetatis
466 2595 837 2669 baptismum
878 2593 1154 2662 suscepit,
1196 2591 1413 2646 deinde
1446 2607 1726 2647 successu
1770 2600 2105 2665 temporum
2148 2594 2456 2665 presbyter
2499 2594 2689 2650 factus
2719 2599 2776 2649 et
2804 2594 3272 2651 archimandrita
3312 2596 3640 2652 Nitriensis.

217 2691 547 2746 Arctiorem
582 2687 733 2741 vitae
758 2682 1123 2737 monasticae
1153 2680 1531 2751 disciplinam
1556 2687 1714 2736 tanto
1742 2683 1939 2736 studio
1971 2690 2231 2738 sectatus
2258 2690 2368 2749 est,
2398 2687 2463 2737 ut
2492 2699 2559 2737 ex
2595 2683 2780 2738 nimia
2807 2683 2956 2737 cutis
2988 2685 3259 2739 ariditate
3287 2684 3384 2756 pili
3416 2685 3641 2741 barbae

220 2780 273 2834 ei
315 2793 438 2833 non
470 2774 889 2837 succreverint,
924 2770 1116 2841 inquit
1149 2771 1510 2825 Sozomenus
1541 2769 1685 2825 Hist.
1726 2771 1893 2826 Eccl.
1924 2770 2024 2825 lib.
2058 2772 2127 2826 lll
2163 2787 2297 2841 cap.
2332 2772 2419 2826 14.
2461 2772 2750 2827 Macarius
2782 2787 2922 2826 vero
2966 2772 3422 2840 Alexandrinus,
3452 2774 3644 2845 inquit

228 2869 500 2922 Socrates
534 2863 683 2918 Hist.
716 2861 885 2917 Eccl.
913 2859 1016 2913 lib.
1048 2859 1116 2912 IV
1146 2874 1279 2929 cap.
1312 2859 1400 2922 23,
1436 2874 1574 2913 cum
1606 2875 2039 2931 usquequaque
2071 2860 2278 2914 similis
2307 2866 2465 2914 esset
2490 2861 2801 2931 Aegyptio,
2836 2862 2895 2915 in
2928 2861 3041 2915 hoc
3078 2877 3198 2916 uno
3236 2862 3640 2933 discrepabat,

222 2954 394 3026 quod
421 2952 623 3008 hilaris
662 2954 816 3005 esset
840 2963 980 3018 erga
1010 2962 1111 3002 eos
1142 2948 1242 3019 qui
1287 2946 1364 3001 ad
1393 2946 1593 3018 ipsum
1626 2954 2024 3011 accesserant,
2076 2955 2133 3002 et
2167 2948 2499 3003 urbanitate
2541 2948 2807 3018 quadarn
2836 2948 3100 3002 iuniores
3148 2949 3223 3003 ad
3256 2950 3641 3021 disciplinam

232 3042 623 3096 monasticam
656 3040 933 3096 alliceret.
967 3036 1107 3093 Mira
1137 3038 1209 3089 de
1241 3036 1364 3090 eius
1407 3035 1740 3099 virtutibus,
1778 3037 2160 3104 abstinentia,
2192 3037 2494 3092 miraculis
2540 3038 2786 3106 patratis
2819 3043 2875 3090 et
2904 3037 3305 3092 daemonibus
3339 3054 3437 3108 per
3475 3038 3644 3093 illum

230 3129 501 3202 expulsis
534 3136 729 3185 narrat
775 3126 1066 3183 Palladius
1113 3125 1262 3179 Hist.
1302 3126 1475 3179 Laus.
1525 3141 1655 3196 cap.
1686 3125 1776 3193 20,
1810 3126 1883 3180 de
1916 3126 2137 3197 quibus
2170 3125 2495 3196 plurimum
2542 3125 2808 3196 ambigo,
2854 3126 3135 3196 quamvis
3165 3142 3235 3181 eo
3277 3124 3647 3183 familiariter

226 3225 491 3277 uteretur
516 3219 617 3290 qui
644 3220 931 3272 recenset.
958 3214 1060 3270 llic
1077 3230 1319 3286 quoque
1342 3231 1477 3267 cum
1510 3213 1766 3269 Macario
1798 3215 2086 3286 Aegyptio
2115 3214 2430 3268 virtutibus
2452 3218 2509 3268 et
2533 3213 2838 3267 miraculis
2866 3212 3106 3269 inferior
3141 3230 3259 3269 non
3293 3220 3471 3280 esset,
3495 3216 3646 3270 inter

224 3309 669 3367 ecclesiasticos
698 3320 941 3376 quoque
980 3303 1307 3375 Scriptores
1352 3302 1645 3357 recenseri
1678 3318 1712 3357 a
1743 3304 2054 3359 monachis
2091 3304 2320 3372 graecis
2350 3301 2777 3357 recentioribus
2804 3301 3031 3367 debuit,
3065 3317 3139 3357 ne
3178 3302 3450 3358 doctrina
3480 3304 3645 3359 alteri

227 3401 491 3454 cederet.
525 3394 785 3449 llabetur
812 3407 951 3460 ergo
977 3393 1273 3461 adscripta
1295 3391 1373 3446 illi
1404 3391 1587 3446 latine
1613 3392 1841 3461 Regula
1865 3393 2214 3461 monastica,
2245 3393 2372 3447 XXX
2400 3390 2677 3462 capitulis
2708 3391 3165 3461 comprehensa,
3195 3408 3379 3463 quam
3413 3392 3645 3464 primus

230 3484 430 3542 edidit
478 3485 677 3537 Petrus
706 3482 987 3536 Roverius
1025 3482 1243 3536 lesuita
1274 3480 1334 3534 in
1380 3480 1633 3535 Historia
1675 3482 2022 3536 monasterii
2056 3481 2474 3537 Reomacensis
2505 3495 2644 3551 pag.
2675 3483 2763 3535 24.
2802 3480 3189 3552 Eandemque
3238 3482 3426 3537 edidit
3458 3484 3643 3539 Lucas

228 3574 576 3633 Holstenius
607 3572 665 3626 in
700 3570 911 3627 Codice
932 3571 1299 3641 [tegularum
1326 3568 1504 3624 Paris.
1541 3585 1599 3625 a.
1648 3570 1778 3625 1663
1815 3570 1968 3625 ἱῐι-4ο
2001 3570 2163 3643 apud
2201 3570 2562 3625 Ludovicum
2591 3569 2849 3625 Billaine.
2891 3569 3005 3624 Sed
3032 3586 3169 3625 cum
3204 3572 3458 3639 Regulae
3496 3573 3647 3627 istae

226 3663 393 3720 nullo
428 3660 768 3718 testimonio
798 3666 1060 3715 veterum
1094 3660 1269 3714 nixae
1309 3659 1445 3724 sint,
1477 3658 1765 3727 ﬁgmenta
1796 3662 2192 3714 recentiorum
2220 3660 2657 3713 monachorum
2693 3659 2971 3714 Graeciae
3003 3675 3039 3715 a
3070 3659 3208 3714 viris
3250 3660 3649 3730 prudentibus

180 3801 184 3804 .
226 3756 566 3810 censentur.
602 3749 791 3805 Edidit
812 3754 867 3803 et
895 3750 1118 3803 Caveus
1149 3748 1262 3802 sub
1290 3747 1560 3802 eiusdem
1584 3747 1816 3804 Macarii
1841 3748 2218 3802 Alexandrini
2252 3748 2495 3802 nomine
2529 3749 2873 3802 Sermonem
2901 3763 2973 3802 ex
2999 3748 3109 3803 MS.
3139 3747 3343 3802 codice
3368 3749 3647 3806 Paulinae

229 3840 549 3913 Lipsiensis
579 3838 976 3893 Bibliothecae
1000 3837 1529 3903 absurdissimum,
1564 3852 1773 3903 graece
1800 3842 1857 3891 et
1887 3836 2087 3901 latine,
2121 3837 2182 3890 in
2214 3837 2367 3891 Hist.
2404 3837 2512 3891 Lit.
2547 3837 2793 3902 Scriptt.
2831 3836 2992 3891 Eccl.
3028 3836 3103 3890 ad
3132 3852 3189 3889 a.
3222 3837 3321 3891 373
3351 3852 3489 3907 pag.
3521 3842 3649 3895 208.

227 3929 501 3987 Eundem
525 3942 869 3981 sermonem
893 3926 1069 3979 etiam
1094 3940 1302 3993 graece
1328 3931 1383 3980 et
1403 3925 1581 3979 latine
1609 3928 1819 3980 iterum
1845 3942 1910 3982 ex
1933 3927 2145 3980 eodem
2170 3927 2276 3981 MS.
2305 3926 2507 3980 codice
2524 3924 2709 3978 edidit
2732 3924 2990 3979 Iacobus
3011 3923 3232 3979 Tollius
3255 3941 3309 3979 a.
3340 3928 3478 3982 1696
3502 3929 3647 3982 ίῑι-4ο

226 4018 474 4076 Traiecti
496 4016 570 4070 ad
598 4016 867 4071 Rhenum
892 4013 1054 4085 apud
1080 4015 1455 4068 Franciscum
1480 4014 1755 4069 Halmam
1782 4014 1841 4069 in
1867 4013 2203 4084 Insignibus
2220 4013 2530 4069 Itinerarii
2548 4012 2747 4068 Italici
2770 4027 2905 4083 pag.
2935 4013 3056 4079 192,
3085 4012 3367 4069 collatum
3390 4016 3466 4069 ad
3489 4017 3645 4072 MSS.

232 4107 471 4164 codices
499 4103 894 4160 Bibliothecae
921 4106 1244 4158 Caesareae
1284 4101 1453 4172 fPag.
1489 4102 1616 4175 480]
1652 4103 2127 4159 Vindobonensis
2161 4119 2231 4156 ac
2262 4101 2634 4156 variantibus
2671 4101 3025 4155 lectionibus
3051 4102 3326 4158 ditatum.
3358 4105 3534 4159 Cuius
3574 4121 3647 4160 ex

230 4197 486 4252 lectione
510 4197 569 4248 in
593 4197 874 4265 promptu
898 4198 985 4247 est
1005 4191 1326 4261 intelligere
1345 4191 1780 4262 impudentiam
1806 4198 1986 4263 atque
2010 4192 2414 4259 ignorantiam
2443 4206 2673 4256 eorum,
2698 4190 2801 4261 qui
2826 4190 2969 4245 tales
2989 4191 3232 4247 naenias
3250 4193 3646 4249 recentiorum

235 4293 579 4357 temporum
622 4280 884 4352 antiquis
918 4279 1209 4335 Ecclesiae
1238 4279 1508 4334 Patribus
1546 4280 1892 4335 obtrudunt.
1927 4281 2184 4335 Mortuus
2210 4280 2423 4334 dicitus
2454 4278 2742 4333 Macarius
2776 4277 3211 4333 Alexandrinus
3242 4280 3398 4336 circa
3428 4296 3483 4336 a.
3518 4282 3646 4347 404,

234 4389 432 4431 annos
462 4371 673 4428 aetatis
694 4374 935 4425 centum
964 4369 1213 4435 habens,
1239 4369 1407 4423 cuius
1440 4369 1728 4425 memoria
1751 4370 1809 4424 in
1836 4368 2246 4440 Martyrologio
2280 4370 2549 4423 Romano
2578 4368 2673 4423 die
2695 4368 2793 4421 XV
2828 4367 3050 4423 mensis
3066 4368 3329 4424 Januarii
3357 4370 3572 4441 agitur.

306 4512 535 4570 Tertius
570 4510 887 4576 Macarius,
928 4511 1107 4566 etiam
1137 4509 1193 4565 S.
1238 4508 1476 4564 Antonii
1508 4508 1699 4579 Magni
1739 4508 2088 4579 discipulus,
2130 4508 2451 4563 amborum
2495 4506 2981 4578 praecedentium
3020 4506 3315 4579 aequalis,
3357 4510 3653 4567 Amathae

234 4603 461 4665 socius,
495 4600 574 4657 ab
603 4600 737 4656 aliis
777 4599 1041 4666 duobus,
1074 4598 1259 4654 altero
1298 4598 1607 4669 Aegyptio,
1636 4596 1820 4652 altero
1857 4597 2256 4652 Alexandrino
2282 4597 2618 4652 distinctus.
2665 4599 2741 4652 De
2770 4597 2883 4652 hoc
2910 4597 3163 4653 Macario
3204 4598 3375 4654 tertio
3406 4599 3650 4655 abunde

241 4692 523 4746 Possinus
546 4690 606 4746 in
634 4688 1072 4759 Prolegomenis
1100 4689 1176 4743 ad
1215 4687 1585 4743 Thesaurum
1617 4686 1947 4741 asceticum
1981 4702 2146 4740 num.
2178 4686 2242 4739 V.
2286 4685 2352 4739 Vl
2383 4700 2543 4757 sqq.,
2576 4684 2681 4740 ubi
2708 4691 2862 4740 recte
2895 4691 3011 4741 tres
3044 4686 3347 4751 Macarios,
3375 4688 3429 4744 S.
3463 4688 3647 4744 Patris

235 4776 482 4834 Antonii
502 4776 852 4849 discipulos,
875 4777 1209 4847 distinguit,
1235 4790 1449 4846 nempe
1474 4773 1858 4845 Aegyptium,
1891 4773 1992 4843 qui
2015 4773 2217 4845 Scythi
2242 4773 2446 4827 sedem
2472 4773 2697 4838 habuit,
2724 4774 3215 4841 Alexandrinum,
3240 4777 3342 4848 qui
3368 4777 3429 4832 in
3456 4776 3647 4833 Celliis

230 4882 396 4939 quae
414 4865 473 4921 in
498 4865 674 4938 Libya
689 4871 850 4930 sunt,
866 4864 1011 4920 locis
1029 4864 1207 4935 longe
1222 4864 1464 4919 distanti
1476 4865 1586 4917 bus
1605 4879 1641 4917 a
1656 4861 1974 4927 Thebaide,
1991 4862 2092 4917 ubi
2110 4864 2401 4918 Antonius
2416 4861 2695 4932 degebat.
2717 4863 2922 4934 Itaque
2935 4864 2993 4917 in
3007 4863 3309 4921 Thebaide
3324 4871 3450 4923 erat
3472 4881 3648 4922 mons

226 4955 499 5021 interior,
533 4954 635 5010 ubi
673 4955 843 5012 solus
879 4953 1233 5025 plerumque
1272 4952 1572 5008 residebat
1602 4952 1917 5016 Antonius,
1961 4957 2017 5006 et
2062 4967 2236 5006 mons
2268 4950 2538 5016 exterior,
2574 4952 2632 5006 in
2664 4968 2843 5023 quem
2887 4953 3140 5009 subinde
3171 4956 3542 5022 excurrebat,
3586 4962 3650 5012 ut

226 5044 578 5101 habitantes
624 5043 686 5098 in
724 5058 797 5097 eo
837 5058 981 5098 suos
1015 5042 1342 5097 monachos
1390 5042 1685 5095 inviseret.
1720 5041 1785 5095 In
1830 5055 1899 5095 eo
1931 5039 2028 5094 hic
2077 5042 2285 5095 tertius
2329 5041 2636 5096 Macarius
2684 5041 2994 5107 habitavit,
3040 5042 3153 5098 sub
3183 5045 3353 5099 cuius
3401 5045 3646 5103 nomine

227 5131 539 5203 Opuscula
552 5137 802 5202 septem,
822 5145 1041 5201 nempe
1053 5130 1125 5186 de
1137 5130 1403 5185 custodia
1416 5129 1611 5184 cordis
1636 5144 1771 5200 pag.
1794 5129 1879 5194 19,
1894 5128 1966 5183 de
1977 5129 2335 5199 perfectione
2356 5128 2417 5183 in
2435 5129 2652 5197 spiritu
2668 5144 2806 5199 pag.
2826 5130 2915 5194 47,
2932 5131 3003 5185 de
3022 5131 3291 5187 oratione
3303 5148 3440 5203 pag.
3462 5138 3550 5200 63,
3573 5134 3645 5192 de

221 5222 521 5292 patientia
541 5227 593 5275 et
616 5219 969 5275 discretione
993 5233 1129 5289 pag.
1152 5222 1238 5283 81,
1264 5223 1335 5274 de
1354 5218 1677 5275 elevatione
1696 5218 1906 5273 mentis
1927 5232 2064 5287 pag.
2095 5217 2210 5279 115,
2231 5217 2304 5271 de
2323 5216 2574 5272 caritate
2596 5232 2734 5287 pag.
2759 5219 2855 5272 141
2872 5263 2880 5279 ,
2898 5218 2971 5274 de
2988 5219 3262 5277 libertate
3274 5225 3482 5278 mentis
3504 5238 3645 5295 pag.

229 5311 329 5368 183
361 5309 553 5366 edidit
581 5312 786 5364 Petrus
828 5307 1106 5362 Possinus
1137 5306 1199 5361 in
1234 5307 1534 5363 Thesauro
1567 5306 1834 5362 Ascetico
1866 5321 2075 5375 graece
2119 5311 2174 5360 et
2204 5305 2382 5360 latine
2421 5306 2717 5375 impresso
2746 5305 2994 5361 Tolosae
3030 5308 3174 5363 iuni0
3206 5325 3260 5365 a.
3310 5312 3448 5366 1684
3482 5312 3647 5383 apud

217 5400 605 5457 Guilielmum
636 5396 843 5454 Bosch.
879 5397 1141 5453 Plurima
1173 5395 1286 5450 illic
1313 5396 1373 5451 in
1405 5395 1847 5464 Prolegomenis
1874 5395 1947 5449 de
1974 5395 2086 5449 isto
2119 5395 2375 5449 Macario
2412 5394 2597 5459 tertio,
2626 5409 2807 5465 quem
2840 5396 3202 5467 Aegyptium
3226 5414 3471 5472 quoque
3503 5414 3643 5454 cum

215 5490 417 5562 primo
440 5488 597 5555 facit,
622 5494 676 5543 et
698 5487 795 5542 cui
825 5488 1005 5543 etiam
1033 5484 1324 5541 Homilias
1360 5484 1819 5555 quinquaginta,
1852 5499 2008 5555 quae
2041 5487 2240 5538 tamen
2267 5482 2448 5552 vulgo
2476 5482 2766 5554 Aegyptio
2791 5486 3014 5539 seniori
3046 5487 3473 5552 inscribuntur,
3504 5488 3644 5543 huic

213 5577 441 5635 iuniori
463 5577 714 5648 quidem
736 5579 795 5630 et
815 5575 983 5631 tertio
1002 5573 1283 5631 attribuit.
1310 5573 1529 5628 Claruit
1549 5572 1763 5628 eodem
1786 5578 2052 5641 tempore
2073 5586 2194 5642 quo
2220 5572 2510 5626 Antonius
2535 5571 2750 5636 abbas,
2779 5573 2875 5628 cui
2906 5589 2961 5628 a.
2986 5574 3091 5628 357
3126 5576 3399 5631 morienti
3426 5574 3641 5631 adfuit.

218 5671 460 5725 Incerta
484 5667 664 5738 igitur
682 5663 892 5723 omnia
924 5661 1245 5736 Opuscula,
1270 5677 1426 5735 quae
1449 5661 1634 5718 tribus
1654 5660 1746 5717 his
1766 5658 2031 5719 Macariis
2050 5659 2166 5717 hoc
2182 5660 2421 5717 saeculo
2442 5676 2479 5717 a
2504 5660 2696 5717 doctis
2715 5660 2853 5717 viris
2876 5661 3180 5736 adscripta
3200 5669 3358 5732 sunt,
3384 5678 3644 5738 quorum
