4084 6256
536 267 638 325 383
1873 262 2149 321 GUILIEL

2299 298 2301 311 ι
2338 262 2617 322 CAVEUS
3084 250 3087 252 ’
3821 265 3912 321 284

534 392 736 449 nullus
755 397 1020 449 veterum
1037 391 1405 448 mentionem
1425 389 1579 447 fecit.
1595 392 1673 446 De
1693 389 1787 447 his
1804 389 1992 446 tribus
2009 390 2131 459 agit
2149 389 2418 446 Macariis
2438 390 2645 446 Petrus
2663 388 2945 445 Possinus
2962 388 3024 444 in
3043 386 3469 459 Prolegomenis
3480 386 3555 443 ad
3573 386 3921 444 Thesaurum.

533 482 893 547 Ascelicum,
917 481 1263 538 Guillelmus
1286 483 1514 537 Caveus
1534 480 1595 536 in
1617 481 1774 535 Hist.
1798 479 1911 534 Lit.
1936 480 2082 537 Saec
2103 480 2169 534 IV
2184 479 2263 536 ad
2283 496 2339 537 a.
2364 482 2466 535 373
2486 494 2627 551 pag.
2646 482 2771 545 207,
2795 480 2899 534 208
2915 482 2973 533 et
2993 475 3120 546 212,
3143 478 3289 532 Acta
3313 475 3683 533 Eruditorum
3710 475 3914 547 Lipsiae

534 587 594 629 a.
622 573 757 628 1685
779 585 985 627 mense
1006 569 1322 627 Novembri
1347 584 1489 642 pag.
1510 570 1616 626 488
1646 569 1933 626 latissime
1954 569 2034 625 ad
2052 570 2178 624 491.

1648 955 2331 1047 GUILIELMUS
2405 957 2826 1047 CAVEUS

1238 1163 1347 1228 DE
1387 1166 1498 1229 SS.
1546 1163 1951 1230 MACARIIS
1992 1164 2402 1228 AEGYPTIO
2442 1164 2555 1227 ET
2594 1163 3215 1227 ALEXANDRINO.

778 1341 1065 1408 [Guilielmi
1094 1342 1232 1393 Cave
1251 1343 1581 1407 Scriptorum
1612 1342 2092 1393 ecclesiasticarum
2122 1342 2354 1393 Historia
2382 1343 2640 1394 Literaria
2662 1342 2755 1393 Ed.
2783 1342 2940 1393 Basil.
2968 1342 3085 1391 1741
3118 1340 3209 1391 fol.
3240 1340 3297 1389 T.
3327 1340 3348 1389 I
3375 1354 3427 1404 p.
3454 1337 3700 1403 256-260.]

600 1674 953 1730 MACARIUS
973 1674 1169 1729 senior
1188 1673 1296 1745 (1),
1321 1673 1680 1742 cognomine
1703 1675 1969 1744 Magnus,
1986 1673 2516 1746 genteAegyptius,
2533 1687 2604 1728 ex
2615 1671 2915 1727 Thebaide
2936 1672 3243 1743 provincia
3267 1670 3588 1736 oriundus,
3608 1669 3915 1727 monachus

523 1764 836 1831 Scetensis,
878 1764 1066 1832 Magni
1109 1762 1343 1818 Antonii
1374 1761 1732 1832 discipulus,
1775 1760 1986 1816 claruit
2011 1761 2169 1817 circa
2207 1778 2261 1816 a.
2295 1766 2418 1817 373.
2462 1760 2650 1833 [Socr.
2682 1760 2786 1816 lib.
2830 1762 2896 1814 IV
2926 1776 3059 1832 cap.
3103 1760 3361 1827 23;Soz.
3405 1760 3509 1816 lib.
3538 1760 3609 1815 III
3650 1774 3778 1831 cap.
3821 1760 3908 1823 14;

524 1852 880 1909 Theodoret.
905 1851 1009 1906 lib.
1044 1851 1117 1904 IV
1143 1866 1276 1921 cap.
1305 1849 1420 1922 21.]
1446 1854 1503 1905 In
1528 1852 1834 1919 juventute
1855 1850 2053 1905 adhuc
2079 1851 2434 1905 constitutus
2460 1849 2773 1904 virtutibus
2803 1864 2873 1905 ac
2901 1848 3315 1921 philosophico
3347 1855 3407 1906 et
3435 1855 3670 1906 austero
3702 1847 3915 1904 vivendi

525 1956 739 2011 genere
788 1940 869 1996 ita
908 1941 1134 2001 enituit,
1188 1945 1250 1994 ut
1273 1936 1693 2013 παιδαριογέρων
1732 1955 1768 1993 a
1808 1939 2120 1994 monachis
2165 1944 2494 1994 vocaretur.
2542 1940 2746 1992 Annos
2784 1942 2962 1992 natus
3009 1938 3419 2010 quadraginta
3463 1937 3544 1994 ad
3590 1936 3917 2009 presbyterii

523 2030 781 2099 gradum
808 2034 1050 2085 evectus
1091 2034 1198 2093 est,
1231 2034 1286 2083 et
1313 2029 1532 2083 exactis
1567 2029 1626 2082 in
1670 2028 1986 2083 solitudine
2016 2028 2191 2082 annis
2222 2028 2530 2096 sexaginta
2563 2027 2710 2081 obiit
2746 2028 3193 2097 nonagenarius
3234 2043 3422 2097 anno,
3461 2032 3527 2082 ut
3554 2026 3776 2088 volunt,
3807 2025 3914 2081 391.

522 2118 782 2174 Moribus
811 2124 936 2173 erat
965 2117 1324 2172 reverendus
1356 2117 1574 2188 pariter
1604 2132 1673 2171 ac
1703 2131 1945 2171 severus
1978 2132 2119 2185 erga
2150 2115 2283 2170 illos
2313 2116 2415 2188 qui
2443 2116 2641 2186 ipsum
2673 2114 2939 2170 adibant.
2974 2115 3263 2172 Miraculis
3289 2122 3347 2171 et
3376 2115 3696 2188 prophetia
3732 2114 3909 2170 clarus

516 2212 605 2263 tot
625 2209 857 2263 sanavit
878 2222 1109 2276 aegros,
1141 2213 1222 2261 tot
1250 2206 1528 2261 obsessos
1556 2205 2011 2260 adaemonibus
2037 2205 2329 2274 liberavit,
2359 2209 2577 2259 utteste
2605 2207 2842 2260 Socrate
2870 2205 3159 2261 miracula
3179 2206 3257 2261 ab
3286 2220 3357 2261 eo
3382 2209 3624 2277 patrata
3643 2203 3913 2276 peculiare

516 2312 675 2368 opus
705 2296 1025 2364 exigerent.
1063 2299 1138 2349 De
1172 2294 1240 2348 iis
1270 2294 1397 2348 fuse
1428 2294 1550 2364 agit
1580 2292 1873 2348 Palladius
1905 2294 2046 2348 Hist.
2084 2296 2255 2348 Laus.
2289 2309 2421 2364 cap.
2462 2297 2543 2348 19.

595 2385 833 2456 Scripsit
845 2384 1141 2439 Homitias
1154 2384 1497 2453 spirituates
1509 2400 1541 2438 L
1552 2382 1972 2452 deintegritate
1984 2398 2137 2455 quae
2148 2383 2309 2439 decet
2322 2381 2716 2452 Christianos,
2733 2398 2883 2453 quae
2896 2381 2968 2437 ab
2982 2382 3185 2453 aliquo
3199 2382 3398 2438 forsan
3414 2382 3701 2455 sequioris
3716 2378 3914 2437 saeculi

516 2473 907 2545 interpolatae
937 2479 1276 2543 exstantgr.
1298 2472 1490 2528 Paris.
1517 2472 1673 2537 1559,
1702 2473 1759 2526 8°
1784 2488 1797 2538 ;
1822 2471 2038 2526 deinde
2053 2488 2197 2526 cura
2212 2470 2387 2527 Zach.
2414 2470 2705 2525 Palthenii
2723 2470 3110 2537 France/“art.
3139 2475 3274 2527 1594
3297 2472 3355 2525 in
3382 2473 3482 2538 8°;
3507 2472 3765 2542 denique
3791 2483 3911 2524 cum

515 2562 810 2632 Operibus
836 2562 1092 2630 Gregorii
1113 2561 1539 2629 Thaumaturgi
1560 2561 1754 2615 Paris.
1790 2561 1917 2615 I622
1941 2560 2041 2614 fol.
2073 2559 2207 2630 Ejus
2223 2560 2403 2614 etiam
2427 2566 2567 2614 sunt
2589 2559 2887 2629 Opuscula
2912 2560 2997 2613 VII
3024 2558 3293 2614 videlicet
3316 2559 3390 2615 de
3420 2559 3697 2616 Custodia
3712 2557 3909 2620 cordis,

514 2651 590 2705 de
615 2650 985 2719 Per/'ectione
1016 2649 1079 2703 in
1103 2649 1342 2716 spiritu,
1375 2650 1447 2705 de
1473 2649 1767 2711 Oratione,
1801 2651 1871 2704 de
1911 2649 2233 2711 Patientia,
2267 2656 2318 2704 et
2344 2648 2726 2715 Discretione,
2755 2648 2827 2703 de
2850 2648 3201 2704 Elevatione
3225 2651 3464 2715 mentis,
3506 2649 3579 2705 de
3610 2647 3909 2713 Charitate,

513 2738 588 2794 de
627 2738 916 2794 Libertate
945 2738 1171 2794 mentis.
1220 2741 1371 2793 Haec
1399 2738 1658 2793 eundem
1702 2754 1839 2793 cum
1874 2737 2261 2793 Homiliarum
2290 2744 2527 2792 auclore
2565 2743 2873 2808 parentem
2906 2736 3148 2800 habere,
3184 2736 3345 2792 idem
3378 2736 3575 2809 stylus
3607 2743 3661 2792 et
3698 2732 3908 2791 dicendi

517 2826 848 2895 character,
875 2828 1033 2882 idem
1063 2827 1390 2896 ingenium,
1420 2827 1630 2883 eadem
1657 2827 1945 2893 dogmata
1967 2826 2109 2882 satis
2139 2834 2421 2895 arguunt.
2450 2825 2755 2897 Opuscula
2783 2825 2930 2880 haec
2961 2841 3172 2894 graece
3193 2832 3249 2882 et
3273 2825 3460 2881 latine
3503 2828 3799 2883 Thesauro
3820 2838 3907 2879 suo

516 2916 786 2973 Ascetico
814 2916 1020 2971 Petrus
1050 2916 1335 2970 Possinus
1361 2918 1492 2971 Soc.
1524 2915 1640 2970 Jes.
1668 2914 1852 2970 edidit
1875 2917 2121 2970 Tolosae
2153 2915 2312 2981 1684,
2340 2916 2418 2970 4ο.
2450 2914 2705 2970 Tandem
2732 2914 2937 2969 omnia
2962 2915 3198 2970 Macarii
3228 2930 3438 2985 opera,
3476 2922 3603 2971 tum
3630 2913 3904 2975 Homilias,

510 3010 645 3062 tum
696 3004 996 3077 Opuscula
1038 3006 1299 3061 ascetica
1336 3010 1393 3059 et
1416 3004 1942 3075 ApOphtheginata
1982 3002 2224 3073 collegit
2261 3009 2319 3059 et
2347 3018 2559 3071 graece
2585 3003 2761 3058 simul
2799 3019 2870 3057 ac
2907 3002 3085 3058 latine
3124 3004 3328 3069 edidit,
3371 3008 3605 3061 textum
3652 3016 3906 3075 graecum

507 3094 742 3163 revidit,
777 3094 1113 3150 versionem
1155 3093 1519 3158 emendavit,
1550 3100 1605 3149 et
1644 3098 1892 3162 excepta
1930 3108 2003 3147 ex
2032 3092 2298 3148 Palladio
2324 3096 2382 3147 et
2416 3093 2708 3148 Cassiano
2747 3091 2936 3148 adidit
2962 3093 3053 3147 Jo.
3093 3092 3302 3162 Georg.
3342 3093 3562 3149 Pritius
3604 3090 3898 3163 Lipsiensis

504 3185 664 3253 Lips.
699 3183 857 3248 1698,
886 3187 943 3239 8°
971 3184 1075 3254 (2).
1112 3182 1229 3240 Sed
1262 3190 1494 3253 praeter
1525 3184 1765 3254 scripta,
1797 3197 1955 3253 quae
1980 3182 2032 3236 ei
2062 3182 2236 3252 vulgo
2265 3180 2437 3236 tribui
2471 3180 2681 3244 solent.
2714 3180 3011 3236 habentur
3040 3196 3252 3250 graece
3279 3182 3433 3238 MSS.
3469 3184 3531 3238 in
3565 3181 3900 3238 Bibliotheca

509 3272 958 3328 Vindobonensi
987 3272 1103 3327 sub
1121 3272 1250 3342 ejus
1263 3272 1508 3327 nomine
1519 3270 1816 3342 Opuscula
1834 3270 2020 3333 varia,
2037 3284 2254 3341 nempe
2269 3269 2481 3340 Capita
2495 3269 2749 3326 ascetica
2776 3269 2892 3334 170,
2910 3270 3270 3340 metaphrasi
3288 3269 3587 3328 illustrata
3601 3288 3636 3327 a
3655 3270 3903 3325 Simeone

506 3361 829 3431 Logotheta
848 3378 861 3429 ;
894 3360 1038 3415 Cod.
1073 3360 1248 3415 theol.
1280 3360 1401 3414 104.
1440 3360 1791 3416 Parenaesis
1816 3359 2068 3415 ascetica
2096 3358 2235 3414 Cod.
2270 3359 2374 3415 140
2404 3374 2569 3414 num.
2606 3362 2659 3425 3,
2688 3358 2899 3428 Capita
2924 3358 3179 3416 ascetica
3211 3358 3314 3413 100
3341 3361 3492 3416 Cod.
3528 3362 3630 3416 179
3662 3374 3818 3414 num.
3845 3356 3897 3409 8.

508 3450 596 3505 De
610 3448 894 3505 Custodia
914 3448 1107 3504 cordis
1122 3447 1327 3518 Capita
1339 3449 1408 3502 30
1432 3448 1692 3503 Cod.192
1710 3464 1875 3502 num.
1900 3453 1980 3511 15,
1998 3448 2203 3517 Capita
2224 3448 2321 3502 170
2338 3448 2408 3503 de
2426 3448 2792 3515 Perfectione
2807 3448 3117 3517 spirituali
3135 3448 3277 3504 Cod.
3304 3449 3403 3505 192
3421 3465 3599 3505 num.
3614 3451 3701 3505 16.
3716 3448 3908 3502 Verum

507 3538 658 3594 haec
693 3537 898 3593 omnia
928 3535 1072 3590 nihil
1099 3536 1218 3591 fere
1240 3535 1403 3592 aliud
1424 3538 1733 3592 continent
1762 3552 1948 3608 quam
1982 3537 2070 3591 Vll
2099 3537 2213 3592 itta
2240 3536 2543 3604 Opuscula
2567 3540 2843 3603 ascetica,
2886 3553 3043 3610 quae
3074 3536 3135 3591 in
3159 3536 3471 3593 Thesauro
3504 3554 3614 3595 sua
3638 3537 3812 3594 edidit
3844 3533 3902 3588 P.

508 3626 793 3681 Possinus
832 3624 1026 3693 Paris,
1073 3628 1226 3693 1684,
1266 3640 1541 3697 quaeque
1583 3627 1751 3681 tertio
1782 3625 2025 3680 cuidam
2060 3626 2309 3681 Macario
2349 3625 2664 3681 tribuenda
2703 3641 2832 3681 esse
2877 3626 3217 3694 contendit;
3245 3633 3400 3683 certe
3440 3628 3545 3685 vel
3583 3633 3798 3690 nostro,
3836 3620 3908 3677 vel

502 3715 757 3770 Macario
787 3713 1189 3770 Alexandrino
1220 3713 1605 3776 vindicanda,
1638 3716 1717 3769 uti
1754 3729 1893 3769 mox
1923 3713 2337 3770 ostendemus.

572 3802 924 3859 MACARIUS
959 3803 1162 3872 junior
1202 3802 1297 3873 (3),
1332 3808 1387 3856 et
1432 3802 1703 3864 Πολιτικὸς
1741 3803 1960 3871 dictus,
1993 3803 2177 3858 domo
2221 3803 2680 3869 Alexandrinus,
2716 3803 2817 3859 ubi
2847 3808 3037 3859 aetate
3079 3804 3274 3874 prima
3314 3804 3574 3862 bellaria
3615 3803 3903 3860 vendendo

497 3898 816 3966 quaestum
847 3893 1180 3956 exercebat,
1210 3890 1445 3947 Antonii
1477 3890 1832 3964 discipulus,
1867 3891 2108 3947 alterius
2138 3891 2372 3947 Macarii
2408 3894 2703 3963 σύγχρονος
2735 3894 2909 3964 eique
2935 3900 3257 3963 superstes,
3290 3892 3435 3948 urbe
3485 3895 3668 3949 simul
3699 3907 3767 3948 ac
3794 3892 3900 3945 arte

498 3983 868 4045 renunciata,
897 3982 955 4035 in
979 3996 1249 4035 eremum
1269 3979 1618 4036 Nitriensem
1636 3980 1944 4045 secedens,
1968 3981 2155 4035 vitam
2180 3982 2571 4036 monasticam
2593 3981 2907 4051 amplexus
2926 3985 3033 4036 est.
3062 3982 3309 4051 [Socrat.
3336 3981 3374 4036 l.
3399 3982 3471 4036 IV
3491 4000 3543 4038 c.
3569 3986 3666 4049 23;
3687 3983 3897 4037 Sozom.

501 4070 540 4127 1.
563 4072 629 4126 III
653 4086 702 4126 c.
733 4072 832 4135 14;
855 4069 1205 4125 Theodoret.
1230 4069 1264 4123 l.
1290 4069 1365 4122 IV
1386 4086 1437 4123 c.
1461 4069 1576 4143 21].
1609 4071 1781 4124 Anno
1806 4070 2014 4124 aetatis
2035 4069 2508 4141 quadragesimo
2533 4069 2902 4140 baptismum
2925 4072 3201 4141 suscepit.
3229 4070 3364 4126 dein
3390 4072 3708 4144 presbyter
3728 4069 3897 4124 factus

501 4165 559 4215 et
577 4158 1049 4215 archimandrita
1073 4159 1392 4214 Nitriensis.
1417 4158 1572 4214 Obiit
1602 4159 1979 4214 eentenarius
2002 4156 2159 4212 circa
2180 4172 2234 4212 a.
2266 4156 2391 4212 404.
2418 4158 2739 4213 Arctioreiu
2766 4158 2917 4214 vitae
2944 4160 3309 4215 monasticae
3335 4159 3723 4230 disciplinam
3752 4158 3898 4212 tanto

499 4248 699 4304 studio
729 4247 1005 4313 excoluit,
1044 4251 1106 4301 ut
1134 4262 1206 4301 ex
1238 4248 1421 4302 nimia
1447 4248 1598 4302 cutis
1625 4247 1900 4302 ariditate
1926 4245 2027 4317 pili
2052 4245 2278 4301 barbae
2305 4245 2354 4301 ei
2383 4262 2501 4301 non
2530 4248 2947 4303 succreverint.
2976 4247 3215 4303 Interim
3242 4248 3301 4302 iu
3338 4247 3453 4303 hoc
3493 4265 3611 4305 uno
3638 4248 3714 4303 ab
3739 4244 3903 4301 altero

500 4336 759 4393 Macario
779 4336 1182 4406 discrepabat,
1210 4336 1372 4407 quod
1400 4335 1571 4391 hilari
1597 4334 1785 4391 fronte
1806 4334 1885 4389 ad
1908 4336 2109 4405 ipsum
2137 4333 2524 4389 advenientes
2554 4336 2922 4408 exceperitet
2941 4334 3140 4407 lepido
3165 4352 3442 4392 sermone
3475 4334 3802 4398 oblectarit,
3826 4345 3905 4385 ur-

502 4426 771 4481 banitate
803 4425 1067 4497 quadam
1088 4424 1355 4495 juniores
1373 4426 1446 4478 ad
1471 4423 1853 4495 disciplinam
1883 4424 2273 4478 monasticam
2293 4422 2578 4479 alliciens.
2611 4425 2754 4479 Mira
2774 4424 2848 4479 de
2870 4425 3001 4495 ejus
3033 4426 3373 4493 virtutibus,
3400 4425 3776 4491 abstinentia,
3809 4418 3902 4476 mi-

496 4513 716 4570 raculis
733 4514 979 4585 patratis
997 4520 1051 4567 et
1067 4514 1465 4569 daemonibus
1483 4513 1644 4569 abeo
1667 4513 1884 4581 fugatis
1909 4518 2108 4568 narrat
2128 4511 2444 4579 Palladius,
2470 4514 2575 4585 qui
2596 4529 2666 4569 eo
2690 4514 3057 4569 familiariter
3073 4516 3367 4582 utebatur,
3392 4514 3536 4570 Hist.
3562 4515 3731 4570 Laus.
3756 4527 3804 4566 c.
3823 4509 3900 4561 20.

502 4603 672 4668 Quod
704 4619 840 4658 vero
873 4602 1150 4672 politicus
1184 4603 1512 4668 dicebatur,
1558 4603 1692 4658 inde
1733 4601 1959 4657 factum
1989 4606 2098 4665 est,
2146 4600 2309 4672 quod
2347 4617 2465 4656 non
2502 4603 2682 4657 modo
2715 4603 2776 4658 in
2814 4603 3131 4658 solitudine
3166 4604 3316 4659 inter
3358 4605 3692 4659 monachos
3723 4610 3901 4655 versa-

498 4697 678 4755 retur,
706 4692 810 4747 sed
823 4693 938 4747 etiv
961 4699 1023 4763 τῇ
1041 4691 1203 4755 πόλει,
1232 4691 1271 4746 i.
1289 4707 1340 4746 e.
1358 4691 1421 4747 in
1444 4692 1588 4747 urbe
1604 4690 1958 4746 Alexandria
1980 4696 2175 4756 natus,
2203 4705 2489 4759 magnam
2504 4692 2655 4748 vitae
2671 4699 2899 4763 partem
2917 4693 2972 4746 in
3001 4693 3241 4763 publica
3260 4693 3577 4749 hominum
3593 4693 3721 4747 luce
3735 4694 3903 4743 trans-

501 4781 640 4851 egit.
670 4780 873 4834 Fuisse
896 4780 1135 4834 scholae
1150 4780 1527 4835 catecheseaw
1549 4779 1982 4834 Alexandrinae
1999 4779 2359 4849 praefectum
2377 4784 2627 4836 testatur
2653 4781 2958 4853 Philippus
2987 4780 3231 4838 Sidetes.
3251 4782 3419 4846 Quod
3440 4796 3583 4837 vero
3603 4794 3738 4835 eum
3754 4779 3902 4830 Petro

501 4870 751 4940 martyri
786 4870 842 4923 in
872 4869 985 4923 hoc
1012 4884 1256 4923 munere
1289 4869 1650 4922 successisse
1678 4869 1894 4933 scribit,
1931 4883 2138 4923 vereor
2169 4874 2229 4923 ut
2258 4884 2330 4923 ne
2364 4868 2506 4923 illud
2540 4887 2674 4924 cum
2703 4872 2985 4942 temporis
3016 4871 3241 4926 ratione
3268 4876 3427 4926 stare
3452 4870 3663 4941 possit.
3700 4869 3901 4922 DemUS

502 4956 679 5023 enim,
696 4957 922 5012 Petrum
937 4956 1197 5012 scholam
1213 4972 1332 5011 una
1345 4971 1470 5010 cum
1485 4955 1831 5027 episcopatu
1849 4957 1921 5011 ad
1938 4957 2087 5011 vitae
2104 4973 2294 5028 usque
2308 4956 2475 5013 ﬁnem
2490 4964 2577 5013 ten
2590 4958 2762 5027 uisse,
2780 4959 2939 5030 quod
2956 4963 3147 5014 tamen
3164 4975 3282 5015 non
3298 4964 3553 5021 constat,
3570 4970 3759 5027 neque
3771 4949 3899 5007 satis

499 5045 818 5119 probabile
830 5046 1082 5110 videtur,
1106 5061 1240 5101 cum
1255 5050 1477 5100 certum
1496 5044 1589 5113 sit,
1606 5045 1846 5100 Petrum
1865 5046 2190 5101 maximam
2206 5046 2587 5118 episcOpatus
2611 5048 2703 5102 sui
2724 5053 2953 5119 partem
2972 5048 3083 5104 sub
3101 5048 3513 5119 persecutione
3527 5050 3585 5102 et
3598 5046 3659 5101 in
3680 5050 3898 5099 carcere

2085 5188 2336 5244 NOTAE.

577 5342 770 5415 (1)rCf.
818 5340 1012 5415 oadin
1042 5340 1260 5415 Tor_n._l
1292 5339 1532 5415 μέμ.
1559 5342 1652 5396 Du
1684 5340 1800 5415 Pin
1841 5341 1978 5415 Hist.
2013 5337 2153 5395 eccl.

2342 5340 2418 5411 (2)
2453 5339 2846 5415 Denuo‘Lips.
2884 5341 3036 5397 1714.
3068 5345 3121 5397 8.
3341 5413 3349 5415 Α
3492 5411 3505 5415 _
3757 5403 3772 5415 .
3838 5400 3847 5410 .

500 5403 705 5470 Vol.'ll
742 5430 801 5484 p.
834 5413 903 5468 55
936 5429 1092 5538 θρίξ..
1115 5403 1465 5468 Fabia-Bibl.
1492 5412 1698 5467 Graec.
1730 5412 1829 5466 lib.
1853 5413 1897 5466 V
1922 5428 2057 5481 cap.
2097 5415 2154 5465 l2
2337 5403 2416 5479 ('3)
2450 5412 2532 5467 Cf.
2566 5403 2877 5493 Tilleniont
2908 5415 3212 5495 Mémoires
3237 5413 3375 5468 eccl.
3411 5411 3522 5468 Vol.
3568 5408 3676 5463 Vill
3703 5403 3774 5462 ad
3802 5403 3891 5456 vit.

500 5486 528 5538 ε
566 5490 582 5537 1
626 5486 748 5538 Vol.
779 5485 863 5538 VII
898 5502 956 5538 υ.
991 5489 1023 5538 4
1064 5488 1109 5538 2.
1149 5484 1279 5538 fEd.
1312 5484 1536 5538 Harles.
1571 5483 1690 5538 Vol.
1728 5484 1840 5537 Vlll
1882 5500 1939 5538 n.
1984 5483 2149 5538 257]:
2264 5483 2514 5538 Macen:
2548 5484 2719 5538 Fabr.
2751 5486 2889 5538 Bibl.
2923 5484 3019 5538 Gr.
3053 5485 3154 5538 ilb.
3193 5485 3237 5537 V
3268 5500 3402 5538 can.
3438 5486 3503 5537 12
3528 5482 3557 5538 8
3585 5482 3617 5534 2
3654 5476 3774 5531 Vol.
3810 5470 3891 5525 Vll

500 5486 529 5557 ς
566 5490 582 5537 t
626 5470 756 5540 Vol.”
779 5485 863 5538 VII
898 5470 1109 5555 p.192.
1149 5483 1690 5557 [aa‘HarIeapr
1719 5484 1840 5557 ⁸νιιι
1882 5500 1959 5557 ρ.
1984 5470 2149 5553 2'57];
2264 5470 2514 5557 Macen;
2542 5484 2889 5557 ρῖαρη-Βηφι.
2923 5484 3019 5557 Gr.
3053 5485 3154 5557 m3.
3193 5485 3237 5537 v
3268 5500 3402 5555 cap.
3438 5482 3617 5557 les;
3654 5476 3774 5557 V_ol.
3810 5470 3892 5557 VI}

506 5542 823 5613 'Tiuemonz
854 5542 1171 5613 Memmi-es“
1187 5554 1329 5611 eccl.
1359 5555 1478 5612 Vol.
1509 5555 1631 5609 VIII
1660 5554 1739 5612 ad
1766 5556 1864 5609 vit.
1884 5542 2149 5621 Macarii
2264 5570 2322 5627 ρ.
2367 5542 2511 5627 ιρις
2541 5552 2669 5627 [aa
2714 5555 2934 5612 Harles.
2985 5556 3023 5612 l.
3064 5553 3175 5627 1.];
3216 5542 3363 5612 item
3394 5542 3557 5612 Bibl:
3580 5549 3784 5605 Eccles.
3824 5542 3892 5597 ad

498 5630 690 5704 Long.
720 5627 864 5685 Bibl.
891 5644 1043 5685 sacr.
1071 5643 1130 5707 p.
1165 5630 1289 5697 839.
2261 5625 2613 5683 Gennadic.
2654 5629 2738 5681 10.
