4084 6256
243 303 346 362 385
1091 302 1181 358 DE
1221 301 1323 358 SS.
1367 300 1710 360 MACARIIS
1750 299 2113 362 AEGYPTIO
2155 302 2242 362 ET
2280 304 2817 366 ALEXANDRINO.
3553 314 3661 372 886

235 433 460 500 egisse;
490 429 730 494 ututsit,
751 429 960 484 obiitis
991 429 1282 500 martyrio
1309 433 1634 484 coronatus
1649 443 1810 484 anno
1824 429 1947 483 302.
1965 430 2380 502 Quotempore
2393 433 2716 490 Macarium
2733 436 3340 492 nostrumverefuisse
3358 438 3661 508 juniorem

232 535 303 575 ac
330 534 485 590 pene
501 533 758 589 puerum
781 533 1026 573 necesse
1051 523 1160 572 est.
1192 519 1380 581 Quem
1402 518 1685 572 Historiae
1707 517 2146 574 Ecclesiasticae
2167 521 2505 577 conditores
2519 525 2957 592 MagniAntonii
2973 524 3334 597 discipulum
3357 527 3653 601 [Pag.257]

234 608 484 672 faciunt,
511 612 566 662 et
598 608 923 664 Constantii
953 607 1325 678 temporibus
1355 606 1640 662 claruisse
1672 606 1898 672 volunt,
1930 608 2052 663 imo
2079 625 2365 681 quocum,
2389 617 2642 667 exeunte
2665 613 2778 668 hoc
2809 615 3067 680 saeculo,
3099 630 3205 686 per
3231 615 3557 674 triennium
3592 618 3653 674 in

231 697 554 752 solitudine
585 696 725 752 vixit
754 695 1047 752 Palladius
1069 694 1236 766 [Hist.
1262 696 1529 751 Lausiac.
1565 711 1615 749 c.
1635 698 1705 750 20
1738 711 1794 766 ρ.
1826 699 1982 765 92ἰ].
2009 702 2120 752 Aut
2144 698 2320 768 igitur
2340 700 2578 768 juvenis
2597 701 2930 758 admodum
2955 719 3174 759 munus
3194 703 3309 760 hoc
3343 705 3650 762 scholasti-

229 803 372 842 cum
401 787 550 850 iniit,
577 793 678 842 aut
709 790 843 856 post
863 785 1007 839 Petri
1040 790 1398 854 martyrium
1419 783 1625 840 schola
1643 787 1956 852 vacaverit,
1985 791 2114 851 aut,
2142 787 2308 858 quod
2334 788 2532 859 potius
2557 790 2846 861 suspicari
2868 791 3030 862 licet,
3064 792 3217 848 alius
3249 793 3385 865 quis
3416 794 3658 854 scholae

232 876 526 944 magister
555 875 936 929 intervenerit
969 889 1006 928 a
1036 872 1306 944 Philippo
1337 873 1714 944 praeteritus.
1748 875 1948 930 Nullos
1980 876 2138 930 enim
2174 877 2322 932 alios
2355 894 2390 932 a
2421 879 2567 934 Petri
2601 886 2812 958 morte,
2844 888 3078 952 praeter
3108 883 3432 939 Macarium
3467 885 3652 956 Didy-

229 981 423 1027 mum,
449 979 555 1036 per
581 965 878 1034 integrum
911 977 1102 1034 paene
1131 963 1246 1018 hoc
1279 962 1589 1017 saeculum
1611 962 1792 1032 hujus
1824 963 2064 1020 scholae
2084 973 2502 1036 praeceptores
2528 967 2780 1023 exhibet.
2822 969 2956 1025 Erat
2980 975 3035 1026 et
3063 970 3211 1026 alter
3232 973 3521 1028 Macarius
3550 978 3659 1029 Ae-

232 1053 496 1125 gyptius,
520 1053 732 1109 Senior
760 1051 974 1116 dictus,
1013 1051 1088 1106 de
1113 1067 1236 1122 quo
1258 1066 1367 1106 nos
1390 1050 1552 1106 alibi.
1579 1052 1730 1116 Quin
1761 1054 2090 1118 ettertium,
2112 1055 2349 1109 Antonii
2380 1056 2560 1110 etiam
2584 1056 2947 1127 discipulum
2964 1059 3332 1126 etcomitem,
3362 1061 3654 1118 Amathae

231 1146 489 1198 socium.
515 1141 694 1197 nobis
729 1141 1022 1212 exculpsit
1050 1143 1250 1195 Petrus
1286 1140 1565 1194 Possinus
1593 1140 1838 1212 [Proleg.
1868 1142 1928 1196 in
1960 1142 2130 1200 Thes.
2161 1143 2401 1216 Ascet.],
2435 1145 2528 1198 cui
2555 1145 2736 1200 etiam
2769 1148 2807 1201 L
2839 1145 3118 1204 homitias
3145 1163 3180 1204 a
3211 1149 3356 1204 Pico
3385 1150 3656 1221 primum

232 1232 446 1296 editas,
483 1236 538 1286 et
570 1231 665 1284 V11
695 1229 996 1301 Opuscula
1027 1245 1061 1285 a
1089 1244 1151 1284 se
1180 1229 1239 1282 in
1271 1228 1467 1283 lucem
1497 1230 1738 1297 emissa,
1770 1230 2179 1300 adjudicanda
2209 1237 2430 1289 censet.
2463 1236 2525 1288 Et
2553 1233 2613 1289 in
2637 1234 2752 1289 hac
2775 1235 3021 1306 quidem
3053 1238 3344 1292 sententia
3374 1254 3470 1293 me
3509 1239 3651 1295 olim

230 1320 419 1376 fuisse
468 1320 682 1375 fateor.
719 1321 933 1374 Verum
991 1334 1053 1373 re
1073 1317 1285 1372 melius
1320 1333 1616 1388 perpensa
1641 1333 1816 1387 aegre
1848 1320 2324 1392 ameimpetrare
2351 1337 2599 1392 possum
2616 1323 3577 1398 utcredam,praeterAegyptium
3597 1330 3656 1383 et

231 1408 961 1465 Alexandrinumtertium
983 1408 1162 1462 etiam
1195 1406 1547 1474 ﬁngendum
1562 1422 1696 1461 esse
1723 1408 2064 1475 Macarium,
2085 1410 3024 1482 Antoniidiscipulum,Amathae
3037 1413 3354 1483 collegam,
3388 1417 3650 1486 Operum

226 1499 720 1556 Macarianorum
754 1502 1078 1552 auctorem.
1115 1498 1277 1551 Certe
1307 1512 1428 1550 non
1461 1495 1607 1550 alios
1637 1497 1924 1552 Macarios
1944 1498 2181 1552 Antonii
2210 1498 2541 1569 discipulos
2564 1500 2736 1555 nobis
2754 1501 3036 1557 exhibent
3060 1504 3328 1558 Socrates
3353 1504 3657 1568 ,Sozome—

229 1605 375 1657 nus,
408 1588 834 1652 Theodoretus,
865 1587 1256 1658 Nicephorus,
1283 1586 1462 1656 etqui
1494 1587 1607 1640 hoc
1639 1587 1772 1656 ipso
1805 1591 2088 1657 tempore,
2119 1587 2210 1641 his
2241 1587 2406 1658 ipsis]
2439 1588 2564 1643 ocis
2593 1589 2740 1644 vixit
2769 1589 2965 1662 deque
2992 1590 3064 1645 iis
3094 1591 3322 1662 prolixe
3349 1594 3492 1662 agit,
3526 1593 3655 1664 ipse

227 1677 559 1734 Palladius.
589 1679 658 1732 Ut
686 1678 1008 1732 Macarium
1039 1691 1215 1729 suum
1250 1675 1462 1745 probet
1496 1675 1792 1739 Possinus,
1817 1675 2210 1730 Athanasium
2233 1676 2292 1729 in
2315 1678 2438 1732 vita
2460 1678 2770 1733 Antoniiet
2795 1679 3224 1750 Hieronymum
3245 1683 3305 1735 in
3336 1682 3459 1738 vita
3479 1681 3658 1738 Pauli

227 1773 410 1821 testes
441 1767 600 1822 citat.
631 1765 995 1820 Athanasius
1020 1779 1162 1818 vero
1189 1764 1263 1818 de
1291 1763 1567 1818 Macario
1591 1779 1662 1817 ue
1695 1763 1946 1818 verbum
1972 1764 2217 1835 quidem
2244 1765 2447 1820 habet.
2469 1767 2863 1838 Hieronymus
2892 1768 3124 1823 Macarii
3150 1771 3512 1826 etAmathae
3535 1772 3652 1826 An-

225 1855 380 1911 tonii
409 1854 847 1926 discipulorum
868 1853 1230 1918 meminit,et
1265 1852 1578 1906 Amatham
1605 1853 1849 1923 quidem
1870 1853 2228 1920 magistrum
2244 1870 2421 1908 suum
2440 1854 2959 1925 sepeliissedocet;
2993 1857 3330 1914 deMacario
3362 1858 3511 1914 nihil
3552 1860 3654 1916 ha-

223 1943 349 1999 bet.
374 1945 609 2010 Quaero
642 1944 820 2013 igitur
847 1959 883 1997 a
908 1942 1384 2010 Possino,curex
1411 1942 1629 1996 nostris
1657 1956 1830 2006 unus,
1850 1942 2458 2013 Antoniidiscipulus,
2487 1944 2778 2000 Amathae
2799 1944 3048 2014 collega,
3080 1947 3523 2017 Opusculorum
3543 1963 3652 2017 pa-

223 2038 317 2088 ter
349 2033 577 2088 censeri
604 2047 726 2088 non
754 2031 984 2102 possit?
1010 2034 1137 2086 Non
1168 2029 1513 2100 Aegyptius,
1548 2030 1759 2100 inquit,
1790 2046 1930 2085 cum
1983 2031 2294 2099 sexaginta
2326 2033 2501 2086 annis
2533 2033 2591 2087 in
2625 2033 2903 2103 Scythica
2931 2035 3251 2092 solitudine
3281 2037 3645 2106 transegisse

219 2122 464 2177 dicitur.
499 2121 654 2187 Quid
685 2120 856 2177 vero?
885 2123 971 2174 An
1005 2119 1248 2191 Stylitae
1275 2119 1558 2174 adinstar
1581 2119 1715 2174 totis
1741 2119 2053 2189 sexaginta
2077 2120 2251 2174 anuis
2275 2120 2334 2174 in
2361 2120 2509 2177 cella
2527 2137 2641 2177 sua
2662 2121 2990 2178 immobilis
3013 2124 3311 2195 perstitit?
3333 2125 3485 2190 Quid
3509 2124 3650 2182 soli-

225 2211 393 2266 tariis
425 2211 538 2264 illis
568 2209 923 2266 familiarius
941 2224 1126 2278 quam
1158 2206 1428 2266 ἀσκήσεως
1457 2222 1598 2262 suae
1634 2207 1807 2262 sedes
1838 2207 2096 2264 subinde
2114 2210 2379 2265 mutare?
2399 2212 2468 2265 Ut
2499 2209 2650 2265 adeo
2674 2211 2806 2266 loca
2829 2212 3133 2283 quaedam
3165 2214 3421 2269 Antonio
3451 2215 3651 2271 vicina

219 2299 568 2354 inhabitare
585 2298 752 2356 facile
770 2299 1027 2370 potuerit
1047 2297 1352 2361 Macarius,
1368 2296 1541 2367 eique
1567 2296 1710 2352 data
1731 2297 2069 2362 occasione,
2091 2299 2439 2368 praesertim
2459 2305 2737 2368 vergente
2756 2301 2829 2355 ad
2859 2299 3040 2355 tinem
3067 2302 3211 2367 vita,
3235 2308 3476 2373 praesto
3495 2318 3646 2370 esse,

221 2394 281 2444 et
319 2388 585 2444 defuncti
619 2403 837 2459 corpus
870 2403 990 2442 una
1015 2402 1154 2441 cum
1174 2384 1428 2440 Amatha
1461 2385 1731 2455 sepelire.
1757 2388 1870 2440 Nec
1901 2385 2060 2440 enim
2086 2385 2218 2456 plus
2248 2387 2322 2441 de
2347 2387 2459 2442 hac
2489 2403 2550 2442 re
2584 2393 2832 2444 testatur
2873 2389 3119 2443 Cronius
3143 2389 3456 2462 presbyter
3483 2391 3648 2462 apud

221 2477 561 2534 Palladium
593 2493 727 2548 cap.
753 2479 841 2532 25.
873 2480 1072 2547 Neque
1097 2475 1240 2529 dicit
1271 2477 1656 2538 Sozomeuus,
1687 2475 2005 2530 Macarium
2065 2476 2125 2530 in
2157 2474 2283 2530 sola
2324 2476 2502 2539 Sceti,
2537 2477 2642 2531 sed
2673 2481 2728 2532 et
2771 2480 2824 2528 έυ
2853 2480 2967 2538 ταῖς
2996 2481 3205 2550 ἐρήμοις
3246 2479 3331 2534 LX
3363 2495 3503 2534 suos
3533 2494 3639 2534 an-

217 2582 334 2622 nos
361 2568 653 2637 exegisse.
691 2566 866 2622 Multo
897 2566 1096 2621 minus
1127 2565 1186 2618 id
1217 2563 1622 2618 Alexandrino
1652 2569 1854 2618 nostro
1891 2565 2091 2633 negari
2146 2570 2360 2634 potest,
2394 2581 2576 2636 quem
2602 2565 2876 2622 diversas
2906 2567 3196 2622 habuisse
3223 2567 3404 2622 cellas
3425 2566 3647 2624 diserte

219 2661 475 2712 testatur
504 2655 805 2712 Palladius
831 2671 842 2708 :
871 2652 1392 2724 unamquidemin
1414 2652 1572 2707 Sceti
1602 2653 2111 2723 quaeestinterior
2129 2653 2190 2707 in
2205 2653 2549 2720 solitudine,
2575 2655 2834 2709 unamin
2866 2655 3130 2726 Libyain
3159 2655 3648 2722 Celliis,etunam

221 2746 284 2800 in
307 2751 510 2801 monte
543 2746 775 2810 Nitriae,
814 2748 876 2799 ut
905 2742 1161 2798 Antonio
1189 2743 1400 2797 adesse
1427 2740 1602 2812 eique
1637 2741 1971 2797 ministrare
2006 2741 2174 2798 facile
2205 2743 2415 2813 possit.
2468 2746 2582 2798 Nec
2615 2743 2906 2799 validiora
2939 2749 3078 2800 sunt
3108 2749 3486 2814 argumenta,
3518 2745 3650 2816 qui-

225 2833 343 2889 bus
355 2834 662 2905 praedicta
675 2832 979 2904 Opuscula
992 2831 1207 2886 horum
1222 2830 1415 2884 neutri
1433 2829 1836 2885 adscribeuda
1862 2846 1990 2885 esse
2006 2830 2263 2901 probare
2283 2831 2488 2887 nititur
2506 2832 2812 2887 Possinus.
2842 2835 2970 2888 Non
2987 2833 3300 2904 Aegyptio,
3316 2833 3459 2904 quia
3473 2833 3649 2890 refert

233 2923 577 2978 Gennadius
604 2922 703 2995 [de
736 2922 945 2992 Script.
981 2919 1131 2975 Eccl.
1167 2935 1218 2974 c.
1257 2918 1392 2991 10.],
1428 2918 1624 2989 ipsum
1661 2934 1840 2974 unam
1869 2923 2101 2974 tantum
2129 2919 2203 2974 ad
2217 2920 2484 2989 juniores
2513 2919 2902 2991 professionis
2930 2937 3074 2977 suae
3096 2921 3410 2992 scripsisse
3431 2922 3648 2994 episto-

236 3009 381 3064 lam.
414 3012 564 3075 Quid
590 3013 636 3066 si
664 3027 804 3067 vero
831 3010 1175 3066 Gennadius
1202 3007 1276 3062 de
1308 3006 1449 3062 solis
1479 3008 1714 3062 Macarii
1745 3008 2009 3077 epistolis
2039 3008 2306 3078 loquitur
2325 3008 2353 3062 ?
2385 3008 2540 3073 Quid
2567 3008 2616 3062 si
2645 3008 2762 3064 alia
2792 3009 3095 3080 scripserit
3124 3011 3431 3076 Macarius,
3489 3025 3647 3082 quae

237 3099 898 3168 Gennadiidiligentiam
912 3098 1191 3168 fugerint,
1217 3112 1356 3151 cum
1381 3111 1500 3150 non
1520 3111 1715 3166 pauca
1736 3097 1959 3167 scripta
1981 3097 2289 3166 sint,quae
2311 3096 2529 3153 frustra
2547 3097 2713 3168 apud
2735 3097 3109 3154 Gennadium
3131 3098 3342 3170 quaeri
3361 3096 3647 3169 possunt?

230 3190 360 3243 Non
390 3188 646 3261 denique
675 3187 1078 3245 Alexandrino
1102 3191 1331 3250 nostro,
1357 3185 1501 3256 quia
1529 3185 1748 3239 scilicet
1781 3186 1928 3240 inter
1957 3185 2167 3249 multa,
2202 3201 2358 3257 quae
2388 3185 2463 3241 de
2511 3201 2582 3241 eo
2613 3186 2837 3241 habent
2868 3188 3254 3255 Sozomeuus,
3287 3188 3558 3243 Socrates
3589 3191 3646 3244 et

227 3276 621 3346 Nicephorus,
643 3277 792 3332 nihil
815 3291 1058 3346 prorsus
1085 3274 1364 3337 referant,
1388 3273 1545 3327 unde
1565 3273 1874 3344 scripsisse
1897 3274 2235 3345 quidquam
2253 3289 2415 3340 eum,
2437 3275 2604 3346 quod
2620 3275 2680 3330 in
2708 3275 2905 3331 lucem
2922 3291 2992 3331 ac
3015 3275 3243 3331 famam
3260 3275 3486 3339 exierit,
3511 3289 3648 3346 pos-

226 3364 310 3420 sit
333 3364 604 3433 intelligi.
630 3363 880 3418 meelle
909 3379 1154 3435 prorsus
1199 3366 1256 3417 et
1285 3361 1464 3433 plane
1494 3361 1822 3417 ﬁculneum
1852 3368 2278 3433 argumentum
2305 3363 2316 3417 l
2348 3364 2492 3428 Quis
2523 3364 2682 3418 enim
2715 3364 2925 3429 nescit,
2944 3391 2956 3398 --
2978 3379 3101 3420 non
3148 3363 3209 3419 id
3240 3363 3354 3419 sibi
3387 3363 3646 3420 voluisse

230 3455 546 3508 Socratem
576 3456 633 3508 et
659 3453 1068 3518 Sozomenum,
1095 3452 1169 3506 de
1214 3450 1606 3521 scriptoribus
1663 3450 2081 3506 ecclesiasticis
2146 3467 2218 3507 ex
2273 3452 2543 3522 professo
2575 3468 2752 3522 agere
2774 3453 2800 3507 ?
2833 3454 3000 3510 Viros
3030 3453 3278 3524 quidem
3309 3451 3647 3509 eruditione

226 3541 428 3598 claros
458 3556 811 3597 enumerare
842 3540 1052 3610 solent,
1084 3542 1303 3612 scripta
1333 3553 1467 3595 raro
1498 3544 1602 3594 aut
1630 3555 1947 3611 nunquam
1978 3556 2286 3596 recensere
2312 3557 2326 3606 ;
2359 3540 2512 3596 adeo
2545 3546 2608 3596 ut
2632 3541 2778 3597 nihil
2808 3542 3022 3606 obstet,
3057 3542 3464 3612 nequicquam
3495 3540 3648 3597 reni-

223 3635 384 3686 tente
413 3631 676 3696 Possino,
709 3631 1032 3702 quominus
1058 3630 1367 3701 praedicta
1425 3629 1726 3699 Opuscula
1759 3629 2152 3684 Macariorum
2207 3635 2548 3685 nostrorum
2597 3630 2890 3696 alterutri,
2923 3636 2979 3685 et
3010 3629 3213 3686 forsan
3241 3629 3646 3686 Alexandrino

224 3724 458 3783 nostro,
491 3735 614 3776 non
643 3720 940 3776 immerito
974 3718 1290 3774 tribuenda
1320 3718 1453 3771 sint.
1484 3719 1681 3772 Exstat
1701 3733 1910 3788 graece
1929 3720 2038 3773 MS.
2065 3718 2177 3773 sub
2208 3719 2441 3773 Macarii
2461 3720 2648 3774 nostri
2668 3719 3054 3774 Alexandrini
3080 3719 3324 3774 nomine
3345 3717 3646 3787 fragmen-

225 3815 351 3865 tum
379 3826 449 3865 ex
478 3809 929 3876 Quaestionibus
955 3809 1034 3864 ad
1062 3808 1346 3877 Magn-um
1377 3806 1698 3861 Eusebium
1717 3807 2052 3876 episcopum
2072 3808 2561 3862 Alexandrinum
2585 3807 3157 3863 Bibl.Vindob.Cod.
3175 3807 3380 3863 Theol.
3406 3806 3496 3872 84,
3521 3821 3644 3878 quo

222 3897 515 3969 anonymi
545 3899 870 3968 cujusdam
883 3899 1025 3953 Loci
1035 3895 1621 3952 communesascetici
1636 3895 1708 3950 de
1719 3897 2069 3951 charactere
2084 3897 2208 3952 veri
2226 3895 2670 3952 Christianismi
2683 3913 2756 3952 ex
2776 3897 2954 3952 variis
2971 3898 3068 3952 SS.
3093 3899 3330 3951 Patrum
3347 3895 3636 3966 operibus

226 3988 454 4043 collecti
483 3989 883 4043 continentur.
913 3986 1054 4051 Quis
1082 4001 1223 4040 vero
1257 3983 1432 4039 fuerit
1451 3982 1547 4037 hic
1571 3983 1827 4053 Magnus
1842 3984 2146 4048 Eusebius,
2173 3985 2284 4039 hoc
2297 3985 2809 4055 circitertempore
2825 3985 3150 4055 episcopus
3173 3983 3639 4048 Alexandrinus,

226 4077 304 4133 ad
333 4092 516 4148 quem
538 4077 650 4132 hae
681 4076 1065 4148 quaestiones
1095 4073 1349 4142 scriptae
1385 4077 1545 4135 sunt,
1577 4072 1764 4127 fateor
1796 4089 1889 4127 me
1921 4089 2030 4128 nec
2061 4073 2392 4129 divinando
2416 4073 2660 4144 assequi
2691 4088 2890 4144 posse.

296 4166 558 4222 Habetur
581 4165 764 4221 latine
786 4164 839 4220 ei
869 4164 1163 4234 inscripta
1188 4162 1417 4231 Regula
1443 4163 1776 4217 monastica
1807 4162 1952 4216 XXX
1984 4161 2261 4233 capitulis
2283 4162 2742 4232 comprehensa,
2773 4176 2957 4232 quam
2981 4161 3214 4232 primus
3238 4158 3647 4215 ediditPetrus

219 4255 510 4310 Roverius
540 4255 766 4310 Jesuita
795 4254 855 4308 in
888 4254 1143 4308 Historia
1176 4250 1518 4306 monasterii
1551 4253 1937 4306 Reomaensis
1964 4267 2104 4322 pag.
2159 4255 2249 4306 24.
2289 4253 2502 4305 Verum
2532 4267 2608 4306 an
2641 4265 2847 4306 revera
2876 4249 3115 4305 Macarii
3142 4247 3328 4304 nostri
3357 4249 3454 4313 sit,
3495 4247 3642 4303 mihi

220 4344 501 4399 nondum
526 4347 776 4398 constat.
813 4346 1000 4398 Immo
1028 4341 1204 4414 plane
1236 4340 1464 4395 videtur
1495 4341 1692 4410 potius
1724 4341 2152 4411 compendium
2201 4339 2545 4409 regularum
2600 4355 2672 4394 ex
2699 4338 2933 4394 Macarii
2987 4337 3368 4408 aliorumque
3398 4337 3645 4394 ἀσκητῶν

225 4434 464 4504 scriptis
486 4431 898 4503 compilatum.
921 4431 1121 4486 Exstat
1147 4445 1330 4501 penes
1353 4444 1447 4483 me
1466 4429 1699 4484 Macarii
1718 4429 2127 4494 Alexandrini,
2148 4430 2229 4485 ita
2250 4429 2409 4484 enim
2429 4429 2610 4484 habet
2631 4428 2853 4493 titulus,
2876 4428 3087 4485 Sermo
3103 4427 3174 4482 de
3188 4426 3352 4482 exitu
3367 4431 3649 4498 statuque

222 4522 570 4577 animarum
595 4527 728 4589 post
762 4521 919 4577 hanc
950 4521 1153 4586 vitam,
1183 4533 1254 4573 ex
1286 4516 1686 4572 bibliothecae
1719 4518 1999 4573 Paulinae
2028 4517 2349 4589 Lipsiensis
2381 4516 2499 4572 MS.
2530 4517 2734 4572 codice
2766 4515 3119 4586 descriptus.
3157 4515 3356 4570 Plures
3395 4513 3645 4586 quidem

215 4611 454 4681 ineptas
486 4616 542 4665 et
571 4610 759 4666 aniles
787 4609 1025 4665 fabulas
1057 4609 1336 4669 continet,
1365 4612 1420 4660 et
1448 4608 1788 4661 recentioris
1823 4607 2146 4678 cujusdam
2179 4607 2450 4663 Graeculi
2476 4610 2888 4661 commentum
2911 4603 3054 4659 mihi
3090 4603 3338 4669 videtur,
3367 4602 3645 4673 quiquae

220 4698 338 4753 hac
367 4698 441 4752 de
468 4713 530 4754 re
559 4699 899 4768 somniavit,
926 4698 1002 4753 ad
1019 4696 1240 4766 dialogi
1271 4695 1530 4750 formam
1562 4696 1882 4750 Macarium
1907 4698 2055 4751 inter
2077 4702 2132 4751 et
2160 4697 2405 4765 angelos
2433 4695 2676 4765 redegit.
2725 4694 3024 4759 Quoniam
3056 4709 3196 4749 vero
3228 4688 3506 4752 ἀνέκδοτος
3551 4690 3646 4761 sit,

222 4791 283 4843 et
304 4785 514 4843 saltem
541 4787 804 4845 novitate
829 4803 940 4844 sua
969 4801 1030 4843 se
1054 4785 1256 4842 lectori
1284 4785 1753 4855 commendabit,
1790 4784 2062 4840 versione
2092 4785 2276 4842 latina
2301 4789 2582 4842 ornatum
2611 4784 2709 4840 hic
2742 4782 3084 4854 subjiciam.
3121 4783 3282 4853 [Pag.
3317 4778 3472 4853 258.]

222 5193 347 5240 Τοῦ
378 5182 567 5258 ἁγίου
606 5184 946 5258 Μακοιρίου
1006 5187 1116 5258 ’ςοῦ
1177 5173 1644 5258 ξΑλεξανμδλοέως
1700 5177 1835 5258 λόςμ

2044 5221 2057 5235 .
2093 5179 2353 5236 Macarii
2371 5177 2789 5258 Alexandrini
2809 5190 2998 5234 sermo
3019 5177 3090 5233 de
3115 5178 3282 5258 exitu
3307 5174 3540 5258 animae
3559 5175 3652 5231 iu-

296 5249 448 5330 περῖ
479 5252 707 5319 ἐξόδου
737 5249 958 5327 ψύχῆς
999 5250 1273 5330 δικαίων
1327 5254 1443 5330 οιαὶ
1489 5249 1888 5330 ⁷ὁιμοιρτῖωλῶν

2068 5257 2295 5307 storum
2326 5255 2380 5308 et
2411 5255 2826 5330 peccatorum,
2873 5249 3161 5330 quomodo
3208 5251 3574 5318 separantur
3620 5261 3657 5303 a

298 5322 1064 5405 τᾶπῶςχωρίζοῦὶηιιὲκ
1097 5331 1206 5378 τοῦ
1262 5327 1564 5395 σώματος
1604 5327 1714 5375 καὶ
1763 5331 1888 5384 πῶς

1543 5342 1564 5383 ς
1604 5327 1714 5375 καὶ
1763 5331 1888 5384 πῶς
2070 5338 2336 5392 corpore,
2369 5326 2422 5380 et
2450 5322 2511 5377 in
2541 5337 2656 5393 quo
2683 5327 2846 5377 statu
2875 5326 3141 5377 manent.

307 5421 412 5456 εισι
426 5423 474 5458 ν.

307 5512 440 5562 Ποτὲ
499 5504 844 5561 διοδευόντων
894 5506 1041 5578 ἡμῶν
1089 5505 1138 5555 ἓν
1215 5507 1276 5573 τῇ
1335 5499 1530 5572 ἐρήμῳ,
1589 5496 1727 5552 εἶδον
1795 5497 1891 5553 δύο

2073 5500 2252 5556 Nobis
2281 5499 2590 5572 quondam
2622 5499 2684 5554 in
2738 5513 2940 5554 eremo
2985 5496 3093 5552 iter
3141 5494 3498 5553 facientibus
3529 5490 3656 5548 vidi

230 5596 489 5672 ἀγγέλους
567 5596 1079 5656 συνακολουθοῦντας
1130 5599 1200 5664 τῷ
1261 5589 1413 5663 ἁγίῳ,
1471 5593 1725 5666 Μακαρίῳ
1809 5587 1843 5641 ἒπ

2050 5606 2157 5646 uos
2207 5589 2452 5660 angelos
2507 5590 2562 5646 S.
2616 5588 2937 5644 Macarium
2968 5585 3286 5656 stipantes,
3332 5582 3592 5639 alterum
3622 5595 3659 5636 a

230 5688 285 5742 ἐκ
338 5686 548 5755 δεξιῶν,
600 5693 691 5740 καὶ
737 5687 824 5741 ἕνα
863 5686 915 5750 ἐξ
958 5684 1227 5755 εὐωνύμων
1279 5697 1291 5711 ⁸
1333 5684 1422 5732 καὶ
1462 5679 1509 5731 ἓν
1558 5688 1630 5751 τῷ
1697 5698 1842 5752 συμπ

2052 5683 2237 5747 extra,
2265 5696 2301 5740 a
2329 5680 2566 5738 sinistra
2591 5677 2842 5738 alterum
2863 5693 2880 5748 ;
2917 5687 3178 5746 cumque
3200 5687 3323 5729 una
3345 5668 3661 5743 progrede-

528 5787 780 5844 Puaox.
814 5784 918 5842 GR.
960 5780 1223 5840 XXXIV.
3305 5767 3374 5824 l3
