4084 6256
498 266 605 325 387

1809 255 1904 313 GU
1910 252 2240 313 ILIELMUS
2279 251 2563 310 CAVEUS

3749 256 3858 315 388

494 409 716 460 remur,
746 395 1046 466 repertum
1104 392 1192 446 est
1220 388 1475 445 cadaver
1498 386 1706 458 jacens
1744 386 1801 441 et
1828 383 2137 440 foetidum.

2252 382 2496 454 ρεύεσθαι
2561 382 2723 453 ἡμᾶς,
2807 380 2988 455 εὑρέθη
3059 384 3381 454 θνησημαίον
3464 386 3695 454 κείμενον
3767 388 3865 436 καὶ

497 486 803 540 Foetorem
822 480 1187 555 persentiens
1204 478 1264 535 S.
1296 477 1586 532 Macarius
1612 489 1787 530 nares
1816 472 1927 528 sibi
1956 486 2143 528 manu

496 572 811 633 obstruxit,
839 570 1033 626 donec
1057 566 1450 624 transivisset.
1484 564 1765 620 Similiter
1796 561 2061 617 fecerunt
2088 564 2144 617 et

497 662 717 734 angeli.
749 660 812 715 Id
846 659 1052 714 videns
1083 671 1264 712 senex
1284 655 1425 711 dixit
1450 653 1565 709 illis
1597 672 1609 709 :
1642 654 1729 707 An
1754 656 1810 707 et
1832 668 1937 707 vos
1965 651 2145 706 etiam

499 749 1012 807 mundifoetorem
1036 744 1323 801 suboletis
1344 746 1371 799 ‘I
1403 742 1861 813 Responderunt
1889 740 1967 796 illi
1996 752 2008 792 :
2042 742 2144 795 Ne-

498 854 842 912 quaquam;
877 841 932 892 te
978 851 1117 891 vero
1174 849 1350 890 nares
1396 832 1807 888 occludentem
1855 828 2145 892 videntes,

499 928 747 985 fecimus
769 931 827 981 et
851 940 960 980 nos
992 923 1261 979 similiter
1282 940 1299 993 ;
1328 937 1440 977 nos
1468 920 1630 976 enim
1661 919 1949 975 faetorem
1978 931 2146 972 mun-

497 1018 724 1073 danum
746 1014 992 1070 minime
1010 1012 1323 1074 sentimus,
1353 1010 1548 1066 solum
1576 1012 1777 1065 autem
1807 1007 2147 1063 animarum

496 1104 897 1179 peccatricum
923 1103 1207 1159 foetorem
1231 1098 1664 1155 subolfacimus
1689 1114 1702 1163 ;
1727 1098 1855 1169 pari
1875 1095 2056 1152 modo
2080 1110 2149 1151 ac

497 1202 565 1252 tu
593 1194 902 1252 cadaveris
958 1193 1127 1247 istius
1181 1189 1470 1246 foetorem
1502 1188 1814 1244 aversaris.
1868 1186 2013 1241 Dicit
2036 1184 2149 1240 illis

503 1299 685 1340 senex
713 1302 725 1342 :
756 1282 977 1338 Notum
1008 1278 1153 1334 mihi
1202 1279 1397 1343 facite,
1429 1292 1681 1349 quaeso,
1719 1282 1914 1331 utrum
1944 1274 2003 1329 in
2034 1273 2149 1329 hac

499 1370 723 1430 vitavel
744 1376 878 1443 post
895 1375 1146 1425 mortem
1169 1368 1454 1423 foetidam
1478 1370 1861 1437 peccatorum
1882 1364 2150 1419 animam

501 1461 767 1517 sentiatis
787 1460 815 1517 ‘2
867 1460 932 1514 Et
956 1456 1267 1531 quomodo
1322 1457 1471 1511 inter
1501 1460 1885 1527 peccatorum
1915 1453 2149 1508 animas

498 1550 651 1616 illas,
675 1565 831 1622 quae
852 1549 912 1603 in
946 1547 1264 1603 Dominum
1288 1544 1684 1607 crediderunt,
1712 1542 1789 1597 ab
1812 1542 2009 1613 impiis
2029 1556 2149 1596 non

500 1638 879 1696 credentibus
899 1634 1271 1706 dignoscatis
1291 1633 1319 1688 ?
1348 1632 1413 1688 Id
1439 1632 1586 1688 mihi
1606 1632 1802 1696 dicite,
1831 1632 1877 1685 si
1896 1630 2150 1702 gratiam

2253 472 2371 532 ὄζον
2401 488 2412 501 ·
2442 476 2531 523 καὶ
2570 470 2943 543 αἰσθανόμενος
2981 472 3007 522 ό
3058 471 3204 542 ἅγιος
3256 473 3527 544 Μακάριος
3568 481 3666 534 τῆς
3728 469 3866 526 δυσ-

2255 558 2439 625 ωδίας,
2475 560 2769 613 συνέκλεισε
2817 563 2948 633 μετά
2990 569 3084 621 τῆς
3136 557 3277 623 ἰδίας
3304 564 3487 634 χειρὸς
3525 566 3642 624 τοὺς
3671 562 3865 616 ἑαυτοῦ

2254 658 2544 722 μυκτῆρας.
2587 651 2676 710 ἓως
2706 650 2767 701 οὗ
2797 650 3056 722 παρῆλθεν
3085 669 3098 683 ο
3144 649 3392 708 ἐποίησαν
3436 648 3495 704 δέ
3536 656 3626 705 καὶ
3658 655 3708 705 οἰ
3755 654 3866 724 ἄγ-

2254 740 2393 811 γελοι
2419 740 2583 801 οὕτως
2635 744 2725 791 καὶ
2770 735 2896 791 ἰδὼν
2928 742 2953 792 ό
2981 744 3146 811 γέρων
3173 748 3307 793 εἶπεν
3340 740 3519 802 αὐτοῖς
3545 760 3558 773 ο
3584 746 3672 794 καὶ
3715 742 3867 815 ὑμεῖς

2257 830 2414 889 οὕτως
2445 846 2460 861 ·
2502 831 2842 901 ὀσφραίνεσθε
2867 834 2953 887 τὴν
2987 825 3261 882 δυσωδίαν
3310 837 3400 882 τοῦ
3444 834 3645 902 κόσμου
3678 850 3690 899 ;
3720 833 3769 884 οἱ
3799 827 3867 884 δὲ

2258 915 2397 970 εἶπον
2428 934 2439 948 ·
2474 918 2622 989 ουχὶ,
2674 917 2803 969 ἀλλά
2842 920 2899 970 σε
2946 914 3146 979 ἰδόντες
3204 919 3523 992 ἐποιήσαμεν
3575 924 3667 972 καὶ
3707 921 3868 992 ἡμεῖς

2259 1007 2421 1066 οὕτως
2453 1024 2465 1035 ·
2519 1003 2664 1077 ἡμεῖς
2714 1008 2813 1078 γάρ
2866 1014 2961 1069 τῆς
3021 1003 3300 1070 δυσωδίας
3354 1015 3447 1060 τοῦ
3504 1012 3705 1081 κόσμου
3765 1009 3867 1061 οὐκ

2259 1096 2635 1167 αἰσθανόμεθα,
2706 1094 2833 1146 ἀλλά
2894 1103 2988 1157 τῆς
3041 1095 3312 1168 ὀζομενίας
3368 1105 3467 1149 τῶν
3518 1097 3710 1170 ψυχῶν
3760 1106 3865 1150 τῶν

2261 1184 2575 1260 ἁμαρτωλῶν
2634 1184 2983 1257 ὁσφαινόμεθα
3042 1190 3215 1258 μόνον,
3267 1186 3320 1238 ὃν
3378 1191 3568 1259 τρόπον
3635 1190 3699 1239 σὺ
3766 1192 3866 1246 τὴν

2262 1272 2535 1328 δυσωδίαν
2588 1281 2679 1327 τοῦ
2735 1276 3066 1346 θνησημαίου
3121 1278 3305 1328 τούτου
3355 1275 3795 1349 ἀποστρέφῃ.καὶ
3838 1278 3867 1328 ό

2257 1368 2420 1438 γέρων
2451 1363 2585 1434 λέγει
2615 1363 2793 1425 αὐτοῖς
2822 1380 2834 1392 ⁸
2868 1368 3161 1439 γνωρίσατέ
3200 1384 3313 1437 μοι,
3345 1365 3651 1435 παρακαλῶ,
3685 1373 3867 1419 τοῦτον

2260 1461 2354 1514 τῆς
2381 1448 2660 1513 δυσώδους
2688 1451 2876 1524 ψυχῆς
2904 1460 3001 1503 νῶν
3042 1452 3359 1525 ἁμαρτωλῶν
3392 1456 3439 1505 έν
3470 1462 3528 1527 τῇ
3563 1455 3669 1527 ζωῇ
3702 1458 3865 1527 ταύτῃ

2261 1542 2568 1606 αἰσθάνσθε,
2602 1542 2631 1599 ἦ
2665 1544 2796 1613 μετὰ
2836 1543 3054 1593 θάνατον
3088 1558 3102 1609 ;
3134 1546 3225 1594 xui
3271 1551 3379 1605 πῶς
3432 1546 3524 1604 τάς
3553 1542 3736 1616 ψυχὰς
3764 1551 3870 1595 τῶν

2262 1630 2599 1705 ἁμαρτωλῶν,
2660 1638 2766 1690 πῶς
2825 1627 2884 1683 δε
2944 1639 3012 1702 τῷ
3061 1637 3224 1705 κυρίῳ
3277 1637 3714 1698 πεπιστέυκότων,
3764 1642 3868 1685 τῶν

500 1729 665 1802 apud
707 1741 816 1783 vos
877 1729 1231 1781 consecutus
1292 1722 1524 1780 fuerim.
1560 1721 1843 1776 Dixerunt
1901 1734 1978 1774 an
2010 1717 2140 1788 geli:

2263 1719 2480 1785 ἀσεϐῶν,
2511 1728 2609 1771 τῶν
2650 1724 2721 1791 μὴ
2769 1725 3187 1773 πεπιστευκότων
3224 1717 3463 1793 [δηέρετε
3503 1721 3651 1795 (1)];
3690 1726 3871 1775 εἴπατε

500 1817 801 1881 Ausculta,
833 1815 1011 1871 electe
1041 1814 1137 1869 Dei
1169 1812 1402 1869 Macari.
1432 1810 1732 1867 Peccatrix
1764 1809 1969 1864 anima
2001 1808 2149 1863 dum

498 1909 697 1966 adhuc
717 1908 776 1962 in
808 1919 1055 1976 corpore
1096 1906 1317 1967 manet,
1361 1899 1653 1956 malarum
1688 1898 1995 1954 actionum
2024 1896 2147 1951 foe-

497 2004 685 2057 torem
711 1993 923 2050 emittit
951 1992 1278 2064 quendam,
1336 1996 1469 2061 post
1502 1993 1756 2045 mortem
1785 2002 1928 2043 vero
1958 1985 2147 2056 majo-

497 2104 626 2145 rem
657 2084 865 2141 multo.
892 2081 1166 2137 Actiones
1188 2080 1346 2134 enim
1377 2094 1523 2133 suae
1545 2077 1813 2134 animam
1835 2074 2147 2130 manifeste

496 2170 1139 2249 prementes,tenebras
1155 2168 1234 2223 illi
1249 2170 1604 2237 nigramque
1621 2166 1911 2221 inducunt
1924 2163 2144 2218 dicam.

498 2267 712 2322 Anima
742 2262 903 2318 enim
934 2276 1005 2314 ex
1030 2265 1249 2313 natura
1274 2271 1385 2311 sua
1414 2255 1617 2310 lucida
1638 2259 1695 2309 et
1722 2269 1874 2325 pura
1902 2257 2009 2317 est,
2043 2253 2150 2306 im-

497 2353 767 2411 mortalis
790 2351 1012 2423 quippe
1034 2346 1184 2402 lucis
1207 2347 1513 2417 spiramen
1538 2362 1551 2411 ;
1588 2344 1648 2399 in
1668 2357 1918 2414 corpore
1942 2345 2149 2397 autem

496 2443 715 2517 posita,
750 2441 800 2495 si
833 2438 979 2494 illud
1011 2436 1161 2492 bene
1180 2450 1300 2489 non
1325 2434 1635 2503 gubernet,
1667 2448 1702 2488 a
1733 2436 1979 2503 peccato
2002 2446 2149 2502 quo-

499 2528 832 2589 dammodo
864 2526 1167 2599 polluitur,
1201 2524 1318 2578 ista
1348 2523 1593 2595 quidem
1627 2521 1842 2591 magis,
1880 2520 1980 2575 illa
2010 2535 2147 2575 vero

501 2621 722 2678 minus.
748 2614 1063 2683 Quomodo
1090 2620 1287 2669 autem
1319 2616 1556 2667 animae
1578 2628 1607 2666 e
1641 2610 1997 2681 corporibus
2024 2616 2145 2666 tam

500 2708 765 2765 ﬁdelium
792 2720 977 2777 quam
1008 2701 1340 2757 inﬁdelium
1370 2700 1719 2763 liberantur,
1748 2698 1913 2767 audi,
1945 2705 2003 2755 et
2032 2705 2147 2755 ter-

498 2798 713 2855 restria
762 2810 869 2850 seu
918 2791 1185 2860 vulgaria
1232 2788 1583 2845 coelestibus
1633 2790 1881 2844 omnino
1913 2788 2148 2845 minora

502 2903 630 2944 esse
661 2890 856 2958 putes,
880 2882 1110 2939 Macari.
1136 2877 1662 2947 Quemadmodum
1680 2878 1840 2932 enim
1859 2893 1894 2932 a
1914 2883 2146 2933 terreno

499 2991 638 3047 rege
653 2973 808 3030 missi
824 2988 894 3028 sa
924 2970 1127 3027 tellites
1140 2969 1218 3024 ad
1231 2967 1779 3040 apprehendendum
1792 2966 2039 3037 aliquem
2052 2983 2146 3021 su-

2260 1830 2370 1882 μοι,
2432 1810 2475 1862 εἰ
2530 1809 2674 1881 εὗρον
2717 1812 2880 1882 χάριν
2934 1809 3146 1862 ἐνώπιον
3200 1811 3384 1883 ὑμῶν·
3438 1816 3528 1863 καὶ
3558 1814 3608 1864 οἱ
3654 1812 3870 1884 ἄγγελοι

2260 1895 2400 1951 εἷπον
2434 1916 2446 1928 °
2482 1900 2730 1962 ἄκουσον,
2766 1897 2964 1950 ἐκλεκτε
2994 1907 3085 1950 τοῦ
3131 1906 3263 1951 Θεοῦ
3307 1902 3546 1972 Μακάρει
3578 1918 3591 1930 ⁶
3625 1902 3655 1959 ἡ
3699 1900 3868 1977 ἀμαρ-

2258 1987 2414 2049 τωλός
2455 1987 2609 2059 ψυχὴ
2643 1992 2732 2039 καὶ
2781 1990 2857 2039 ἓτι
2897 1983 3033 2039 οὖσα
3077 1990 3126 2040 ἐν
3158 1995 3226 2058 τῷ
3279 1994 3486 2060 σώματι
3520 1992 3612 2048 τὴν
3641 1998 3741 2041 τῶν
3770 2009 3867 2043 κα-

2258 2086 2360 2129 κῶν
2385 2077 2616 2151 πράξεων
2643 2073 2787 2137 όζωδ
2793 2082 2872 2129 ίαν
2892 2073 3211 2144 ἀποδίδωσι,
3248 2081 3378 2149 μετά
3401 2075 3458 2131 δε
3483 2080 3700 2132 θάνατον
3730 2079 3863 2133 πολὺ

2258 2165 2406 2218 πλέον
2438 2183 2450 2200 ⁸
2491 2175 2590 2218 τῶν
2641 2168 2742 2239 γὰρ
2775 2166 3008 2240 πράξεων
3065 2175 3290 2240 φανερῶς
3348 2166 3677 2240 ἐπικειμένων
3726 2168 3859 2241 αὐτῇ

2261 2263 2510 2308 σκοτοῦσι
2553 2259 2639 2307 καὶ
2691 2255 2933 2327 μελανιαν
2993 2252 3148 2313 δίκην
3204 2255 3334 2329 αὐτῇ
3384 2262 3739 2331 περισὴπουσι
3768 2275 3781 2288 ³
3830 2260 3859 2317 ἠ

2258 2348 2359 2420 γὰρ
2389 2344 2544 2416 ψυχὴ
2572 2346 2691 2397 καθ’
2731 2344 2919 2403 ἑαυτὴν
2957 2349 3173 2416 φωτεινὴ
3224 2350 3311 2397 xui
3355 2348 3561 2419 καθαρά
3600 2350 3761 2417 ἐστιν,
3796 2350 3862 2407 ὡς

2259 2442 2351 2487 τοῦ
2382 2434 2640 2486 ἀθανάτου
2691 2439 2857 2505 φωτός
2909 2433 3233 2507 ἐμφύσημαο
3275 2435 3401 2488 ἀλλά
3453 2435 3502 2487 ἐν
3546 2446 3618 2508 τῷ
3650 2442 3861 2508 σώματι

2256 2530 2521 2597 γινομένη,
2572 2528 2663 2574 καὶ
2719 2528 2791 2595 μὴ
2833 2523 2998 2583 καλῶς
3046 2524 3175 2576 αὐτὸ
3216 2524 3541 2593 κυϐερνῶσα,
3581 2526 3859 2598 μολύνεται

2257 2616 2392 2665 κατά
2438 2617 2591 2687 μέρος
2644 2611 2698 2663 έκ
2729 2619 2824 2673 τῆς
2853 2612 3136 2686 ἁμαρτίας,
3171 2614 3197 2672 ὁ
3233 2616 3322 2685 μὲν
3352 2614 3521 2684 πλέον,
3550 2617 3579 2673 ἠ
3616 2613 3675 2668 δι
3713 2617 3860 2670 ἔλατ-

2257 2721 2342 2754 τον
2372 2718 2384 2730 ⁸
2414 2705 2471 2754 τὸ
2514 2699 2546 2753 δ
2552 2704 2573 2753 ε
2601 2709 2710 2763 πῶς
2737 2702 2791 2753 αὶ
2820 2699 3001 2772 ψυχαὶ
3039 2700 3093 2753 ix
3142 2710 3241 2754 τῶν
3289 2705 3541 2775 σωμάτων
3571 2703 3859 2776 λαμϐάνον-

2257 2811 2343 2844 ται
2372 2800 2569 2844 πιστῶν
2602 2810 2654 2843 τε
2692 2796 2782 2843 καὶ
2813 2790 3069 2855 ἀπίστων,
3098 2792 3345 2858 οἶκουσον,
3388 2798 3478 2845 καὶ
3509 2796 3712 2847 πάντων
3746 2793 3857 2848 ἐπί-

2255 2882 2428 2952 γειαῆ
2482 2883 2631 2933 κοινά
2684 2879 2980 2952 ἐλαχίστων
3013 2880 3089 2952 (Ξ)
3149 2889 3249 2932 τῶν
3306 2882 3622 2957 ἐπουρανίων
3674 2887 3852 2957 νόμιζε

2258 2969 2408 3036 εἶναι,
2440 2972 2678 3045 Μακάριε
2713 2989 2724 3002 ⁸
2758 2972 2931 3044 ὥσπερ
2971 2972 3072 3041 γὰρ
3102 2968 3157 3021 ἐκ
3205 2978 3298 3023 τοῦ
3330 2973 3558 3042 ἐπιγείου
3594 2971 3853 3045 βασιλέως

496 3065 903 3140 pervenientes
933 3060 1025 3116 vel
1077 3058 1326 3114 invitum
1378 3056 1823 3125 constringunt;
1856 3056 1965 3111 iste
2003 3071 2140 3111 vero

2258 3060 2688 3131 ἀποστελλόμενοι
2720 3068 3039 3134 στρατιῶται
3082 3062 3166 3112 ἐπὶ
3213 3068 3285 3131 τῷ
3314 3068 3661 3135 παραστῆσαί
3716 3083 3850 3133 τινα,

497 3158 709 3214 timore
746 3151 961 3215 tremit,
990 3150 1311 3222 ipsamque
1342 3146 1595 3201 militum
1652 3145 1729 3201 ad
1772 3145 1881 3200 iter
1936 3144 1995 3199 vi
2023 3150 2144 3201 tra-

496 3245 767 3302 hentium
781 3238 1187 3313 praesentiam
1209 3235 1599 3291 exhorrescit:
1622 3234 1754 3306 pari
1776 3234 1980 3299 modo,
2003 3249 2143 3289 cum

494 3336 808 3390 mittuntur
835 3327 1033 3397 angeli
1064 3327 1331 3382 animam
1372 3340 1475 3379 seu
1504 3322 1644 3394 justi
1675 3338 1778 3377 seu
1808 3322 2008 3392 injusti
2039 3338 2141 3377 ac-

492 3420 740 3493 cepturi,
767 3418 977 3473 timore
1005 3415 1197 3470 tremit
1221 3413 1676 3483 ista,ipsamque
1702 3410 2054 3465 terribilium
2088 3418 2144 3466 et

492 3506 939 3566 inclementium
959 3502 1310 3573 angelorum
1336 3501 1739 3573 praesentiam
1759 3499 2137 3555 exhorrescit.

490 3602 654 3656 Tunc
676 3595 845 3652 facile
876 3593 1038 3649 enim
1065 3590 1243 3648 sentit
1290 3590 1494 3645 anima
1524 3589 1767 3643 inanem
1792 3604 1941 3657 esse,
1979 3588 2142 3645 debi-

490 3688 608 3744 lem
639 3702 709 3742 ac
738 3683 1003 3740 inutilem
1036 3681 1284 3737 omnino
1310 3679 1670 3739 divitiarum,
1722 3684 2136 3747 cognatorum,

492 3783 672 3848 atque
686 3774 1018 3831 amicorum
1035 3770 1304 3841 copiam;
1331 3767 1695 3822 adstantium
1708 3766 2051 3838 lachrymas
2071 3784 2139 3823 ac

488 3866 738 3923 haenias
802 3863 995 3918 videt:
1067 3861 1199 3931 ipsa
1262 3873 1401 3913 vero
1465 3872 1539 3912 ne
1604 3856 1856 3911 verbum
1926 3857 2137 3912 mutire

486 3960 701 4030 potest,
726 3970 863 4010 cum
880 3965 1195 4022 nunquam
1210 3954 1387 4003 antea
1402 3946 1697 4003 eiusmodi
1721 3947 2137 4002 evocationem

486 4050 730 4119 experta
744 4042 916 4098 fuerit
934 4040 1109 4112 ;quin
1124 4044 1180 4093 et
1194 4037 1485 4093 inﬁnitam
1501 4036 1658 4091 vitae
1675 4035 2133 4106 longitudinem,

484 4134 906 4203 diversamque
932 4130 1086 4184 vitae
1133 4125 1534 4183 instituendae
1577 4125 1867 4181 rationem
1902 4126 2129 4180 metuit.

485 4222 873 4280 Contristatur
921 4219 1102 4274 etiam
1162 4216 1590 4287 praesentium,
1646 4230 1903 4284 quorum
1965 4212 2129 4285 [Pag.

485 4311 613 4384 259]
635 4310 801 4367 estin
832 4310 1145 4381 potestate,
1190 4305 1544 4374 angelorum
1572 4302 1972 4358 Inclementia.
1998 4305 2135 4359 Om-

482 4401 663 4456 nibus
691 4398 835 4471 quin
865 4398 1045 4452 etiam
1078 4393 1460 4465 compatitur,
1493 4391 1726 4463 ipsique
1753 4394 2019 4464 corporis
2048 4393 2131 4448 in-

484 4488 765 4547 fortunio.
782 4486 1037 4557 Hujusce
1053 4483 1492 4554 separationem
1507 4480 1686 4546 dolet,
1702 4481 1780 4536 ab
1798 4497 1867 4535 eo
1883 4482 2127 4553 quippe,

478 4580 573 4636 cui
610 4577 845 4649 jamdiu
877 4572 1207 4635 consuevit,
1253 4570 1577 4641 disjuncta,
1611 4586 1744 4625 cum
1793 4571 2031 4626 unicam
2060 4589 2129 4628 ac

479 4669 673 4725 solam
721 4662 1215 4725 consolationem,
1266 4676 1421 4731 quae
1476 4675 1547 4713 ex
1578 4659 1821 4730 propria
1866 4661 2128 4717 exoritur

476 4754 863 4823 conscientia,
892 4751 1109 4806 habere
1129 4764 1248 4804 non
1269 4747 1480 4819 possit,
1502 4748 1614 4801 nisi
1643 4748 1834 4802 bonas
1858 4749 2125 4806 actiones

473 4845 729 4901 coluisse
757 4841 868 4896 sibi
887 4839 1128 4895 conscia
1149 4836 1338 4893 fuerit.
1357 4836 1517 4891 Talis
1538 4836 1743 4891 anima
1763 4836 1943 4892 etiam
1967 4844 2127 4895 ante-

471 4950 659 5007 quam
696 4930 941 4986 sistatur
966 4926 1176 4999 judici,
1201 4942 1237 4981 a
1259 4924 1625 4981 conscientia
1655 4941 1763 4981 sua
1785 4925 2126 4983 indesinen-

470 5028 557 5080 ter
581 5020 906 5092 judicatur.
941 5017 1085 5072 Dicit
1113 5016 1327 5071 iterum
1376 5013 1567 5069 abbas
1597 5015 1885 5070 Macarius
1916 5034 1930 5069 :
1962 5016 2125 5073 ltane

465 5112 650 5169 vero?
683 5106 918 5165 Domini
941 5105 1076 5172 mei,
1114 5104 1173 5161 id
1204 5102 1348 5161 mihi
1370 5104 1551 5160 etiam
1582 5102 1940 5174 explicatum
1972 5105 2125 5161 detis

468 5216 596 5260 oro.
629 5194 1136 5270 Quandoquidem
1159 5210 1233 5251 ex
1261 5192 1532 5266 patribus
1562 5192 1852 5251 traditum
1882 5200 1987 5261 est,
2015 5200 2122 5253 ter-

2257 3150 2481 3209 ἐλθόντες
2538 3154 2853 3220 συνέχουσιν
2910 3152 3067 3201 αὑτὸν
3130 3154 3221 3202 xui
3264 3154 3338 3222 μὴ
3396 3151 3608 3205 θέλοντα
3656 3168 3670 3183 ⁸
3730 3156 3754 3205 ὁ
3794 3151 3851 3207 δι

2255 3244 2621 3297 καταπτήσσει
2650 3242 2739 3311 μεν
2765 3247 2836 3309 τῷ
2865 3238 3024 3310 φόϐῳ,
3059 3243 3228 3312 τρέφει
3277 3236 3335 3292 δε
3389 3246 3480 3294 καὶ
3532 3246 3622 3301 τὴν
3660 3263 3850 3316 παρου-

2258 3333 2375 3381 σίαν
2407 3338 2506 3380 τῶν
2548 3327 2873 3396 ἀσυμπαθως
2902 3330 3028 3402 πρὸς
3075 3332 3169 3387 τήν
3213 3325 3519 3402 ὁδοιπορίαν
3558 3331 3799 3385 ὐκόντων
3830 3351 3848 3370 ο

2256 3418 2390 3470 οὕτω
2445 3422 2534 3470 xui
2587 3418 2708 3468 ὅταν
2762 3415 3132 3468 ἀποσταλῶσιν
3175 3418 3389 3488 ἄγγελοι
3417 3418 3734 3493 παραλαϐεῖν
3758 3426 3850 3481 τὴν

2253 3505 2459 3577 ψυχὴν,
2494 3508 2593 3558 εἴτε
2620 3502 2832 3558 δικαίου
2863 3509 2962 3559 εἴτε
3002 3505 3332 3578 ἁμαρτωλοῦ,
3374 3515 3737 3568 καταπτήσσει
3780 3520 3850 3582 τῷ

2251 3594 2408 3665 γόϐῳ,
2461 3600 2551 3647 καὶ
2602 3599 2775 3667 τρέμει
2819 3600 2912 3654 τὴν
2960 3600 3252 3668 παρουσίαν
3317 3605 3417 3649 τῶν
3471 3597 3699 3671 φοϐερῶν
3761 3606 3848 3652 καὶ

2254 3683 2525 3755 ἀποτόμων
2558 3682 2783 3755 ἀγγέλων
2813 3700 2825 3712 ·
2859 3686 3060 3755 καθορᾴ
3100 3687 3201 3758 γὰρ
3232 3689 3346 3737 τότε
3392 3687 3421 3745 ἡ
3459 3685 3610 3758 ψυχὴ
3658 3690 3847 3764 ἄπορον

2250 3778 2339 3825 καὶ
2387 3772 2575 3831 ἀσθενῆ
2626 3778 2714 3825 καὶ
2782 3770 3008 3845 ἀνωφελῆ
3053 3776 3298 3827 πάντοθεν
3344 3779 3438 3833 τὴν
3473 3784 3566 3828 τοῦ
3623 3776 3846 3831 πλούτου

2249 3867 2339 3914 καὶ
2372 3870 2633 3933 συγγενῶν
2684 3865 2775 3913 καὶ
2818 3861 2973 3933 φίλων
3023 3868 3334 3935 παρουσίαν,
3388 3866 3450 3917 τά
3508 3862 3717 3939 δάκρυα
3760 3873 3847 3920 και

2248 3954 2364 4011 τοὺς
2397 3953 2612 4025 θρήνους
2641 3959 2738 4002 τῶν
2789 3957 3143 4024 περιεστώτων
3192 3952 3516 4020 αἰσθάνεται,
3559 3959 3649 4007 καὶ
3689 3955 3847 4016 λαλῆ-

2250 4060 2340 4092 σαι
2372 4041 2400 4098 ἢ
2465 4039 2667 4108 ἀφιέναι
2719 4046 2888 4112 φωνήν
2936 4040 2994 4093 οὐ
3057 4037 3297 4106 δύναται,
3356 4040 3625 4115 μηδέποτε
3672 4065 3848 4120 πειρα-

2249 4132 2436 4182 σθεῖσα
2460 4132 2672 4202 τοιαύτη
2707 4130 2909 4196 κλήσει,
2955 4126 3161 4183 δέδοικε
3206 4127 3264 4183 δὲ
3294 4136 3385 4184 καὶ
3433 4136 3494 4184 τὸ
3516 4134 3728 4207 ἄπειρον
3754 4144 3847 4197 τῆς

2244 4214 2375 4269 ὁδου
2404 4224 2493 4271 xui
2520 4223 2613 4278 τὴν
2663 4219 2937 4290 ἐναλλαγὴν
2990 4228 3079 4280 τῆς
3119 4216 3390 4292 διαγωγῆς
3423 4242 3436 4255 ο
3480 4227 3759 4295 συνέχεται
3788 4221 3846 4277 δε

2242 4312 2330 4359 καὶ
2384 4316 2445 4380 τῇ
2501 4318 2597 4360 τῶν
2656 4310 2922 4382 ὁρωμένων
2977 4308 3246 4380 ἀρχόντων
3275 4310 3614 4385 ἀσυμπαθείᾳ
3645 4332 3844 4386 ’προσ-

2240 4398 2445 4469 πάσχει
2492 4395 2552 4449 δὲ
2590 4402 2679 4449 καὶ
2724 4401 2853 4472 πρὸς
2897 4399 3091 4460 πάντας
3118 4400 3215 4469 (3),
3252 4404 3340 4453 καὶ
3379 4408 3442 4473 τῇ
3486 4410 3577 4454 τον
3605 4408 3846 4475 σώματος

2245 4484 2537 4557 συμϐιώσει
2566 4504 2577 4515 ·
2612 4491 2702 4539 καὶ
2732 4489 2907 4560 θρηνεί
2928 4491 3021 4546 τὴν
3065 4489 3253 4540 τούτου
3284 4489 3587 4556 οῖπόζευξιν,
3617 4494 3683 4553 ὡς
3730 4495 3844 4544 τού-

2238 4595 2327 4627 του
2360 4578 2407 4627 ἐν
2440 4578 2689 4647 συνηθείᾳ
2731 4576 3063 4649 χωριζομένη
3100 4594 3113 4607 ⁸
3156 4581 3279 4648 μίαν
3332 4582 3421 4631 xui
3476 4584 3640 4651 μόνην
3682 4601 3843 4655 παρα-

2238 4667 2429 4736 μυθίαν
2468 4669 2539 4735 μὴ
2589 4662 2847 4737 δυναμένη
2881 4668 3020 4737 ἔχειν
3048 4664 3103 4717 ἐκ
3131 4673 3222 4718 τοῦ
3262 4665 3455 4719 οἰκείου
3489 4665 3791 4733 συνειδότος
3823 4688 3836 4702 ·

2238 4754 2281 4805 εἰ
2337 4760 2406 4825 μὴ
2450 4753 2533 4806 ἐὰν
2578 4754 2744 4806 καλῶν
2794 4757 2954 4829 ἔργων
3002 4754 3190 4826 πρᾷξιν
3255 4753 3408 4815 έαυτῆ
3468 4756 3708 4812 σύνοιδεν
3739 4775 3753 4791 '
3810 4761 3839 4819 ἡ

2234 4846 2448 4901 τοιαύτη
2505 4842 2659 4914 ψυχὴ
2707 4847 2796 4895 καὶ
2851 4847 2951 4916 πρὸ
2980 4852 3073 4904 τῆς
3120 4843 3424 4917 ἀποφάσεως
3474 4854 3565 4898 τοῦ
3616 4854 3837 4921 κριστοῦ

2237 4930 2337 4983 ἀπὸ
2366 4939 2457 4984 τοῦ
2490 4930 2790 4994 συνειδότος
2815 4928 3165 4995 ἀδιαλείπτως
3196 4939 3425 5007 κρίνεται
3461 4952 3473 4965 ’
3498 4940 3589 4988 xui
3615 4937 3641 4987 6
3676 4935 3839 4998 ἀϐϐᾶς

2233 5022 2499 5093 Μακάριος
2575 5021 2711 5092 λέγει
2756 5021 2909 5073 πάλιν
2940 5039 2951 5051 ’
2998 5026 3050 5074 τί
3073 5020 3160 5074 οὖν
3188 5040 3201 5091 ;
3229 5025 3403 5095 κύριοί
3463 5043 3585 5096 μου,
3652 5022 3839 5098 δέομαι

2235 5109 2397 5181 ὑμῶν,
2456 5115 2544 5162 καὶ
2578 5118 2727 5162 τοῦτο
2775 5110 3126 5184 έρμηνεύσατε
3165 5126 3179 5139 ’
3216 5109 3397 5172 ἓπειδὴ
3444 5113 3503 5166 έκ
3542 5122 3644 5166 τῶν
3687 5119 3839 5168 πατέ-

2233 5217 2334 5270 ρων
2387 5195 2752 5274 παραδέδοται
2806 5202 2855 5252 ἒν
2910 5208 2971 5261 τῆ
3018 5199 3069 5274 γ’
3098 5200 3269 5276 ἡμέρᾳ
3324 5207 3414 5256 xui
3459 5210 3522 5263 τῆ
3569 5202 3615 5257 θ’
3641 5208 3731 5259 καὶ
3772 5212 3830 5263 τῆ

2050 5349 2300 5408 NOTAE.

542 5518 620 5590 (ι)
651 5513 953 5590 Vox‘haec
984 5512 1212 5590 in_MS._-
1234 5508 1560 5590 aegre_legi
1588 5511 1799 5590 potest.
1835 5510 2000 5590 Forte
2051 5509 2129 5567 le-

469 5578 736 5663 gendum
770 5582 1125 5663 διακρίνεσθε.
1166 5578 1358 5663 [Legi
1406 5578 1675 5663 diutpcire.
1741 5579 1993 5663 EDITQRJ

540 5661 618 5741 (2)
658 5660 830 5718 Forte
895 5654 1223 5731 legendum
1274 5654 1486 5709 πάντω
1502 5654 1529 5718 ς
1564 5657 1768 5727 ίπίγεια
1804 5657 1911 5708 καὶ
1980 5654 2130 5706 κοινὰ

2234 5509 2549 5590 ἐλάττονα
2576 5511 2672 5569 vel
2697 5510 2755 5590 έλ
2772 5516 3131 5590 αχιστότερ
3149 5534 3201 5567 α.

2307 5582 2388 5655 (3)
2420 5586 2569 5655 Lege
2598 5588 2754 5659 πρὸς
2783 5582 3017 5651 πάντα.
