4084 6256
209 364 319 424 389

1053 366 1139 422 DE
1178 364 1282 422 SS.
1325 362 1669 421 MACARIIS
1717 360 2077 421 AEGYPTIO
2113 366 2200 423 ET
2239 368 2773 432 ALEXANDRINO.

3476 383 3586 441 390

208 492 265 567 μ’
297 495 688 569 προσφέρεσθαι
745 500 816 565 τῷ
847 499 962 565 Θεῷ
1016 494 1067 545 έν
1107 500 1169 565 τῇ
1230 491 1480 565 έκκλησίᾳ
1518 492 1807 565 προσφορὰν

1930 491 2011 547 tia
2040 496 2097 549 et
2132 509 2293 553 nona
2330 502 2387 554 et
2415 501 2887 574 quadragesima
2925 502 3021 560 die
3060 504 3432 565 oblationem
3470 525 3580 580 pro

208 584 337 655 {an-ip
389 590 481 635 τοῦ
533 584 953 649 τελευτήσαντος,
1017 588 1070 635 τί
1110 585 1172 634 τὸ
1222 581 1391 654 ὄφελος
1436 584 1489 633 ἐκ
1527 583 1713 633 τούτου
1753 587 1814 652 τῇ

210 674 534 746 μεταστάσει
587 674 665 745 (4)
720 673 876 745 ψυχῇ
928 677 1169 745 γίνεται;
1210 676 1302 723 καὶ
1344 673 1369 722 ό
1420 669 1639 742 ἅγγελος
1678 672 1770 741 ἔφη
1802 685 1815 699 °

208 760 363 816 ούδεν
409 761 603 836 ἀκέρως
669 763 750 834 (5)
802 759 928 815 οὐδὲ
957 760 1223 834 ἀνωφελῶς
1252 760 1300 812 ἐν
1334 767 1395 832 τῇ
1440 759 1693 830 ἐκκλησίᾳ
1731 758 1820 810 αὖ·

205 860 300 906 τοῦ
330 857 700 925 συνεχώρησεν
731 854 757 904 6
794 855 920 913 Θεὸς
948 852 1205 922 γίνεσθαι,
1255 849 1382 902 ἀλλά
1428 852 1492 901 τὰ
1539 848 1822 919 ἐπουράνια

206 944 410 994 καὶτά
450 940 652 1013 ἐπίγεια
683 941 842 993 αὐτοῦ
898 945 1171 1013 μυστήρια
1222 938 1271 991 έν
1322 946 1385 1011 τῇ
1442 938 1693 1008 ἐκκλησίᾳ
1732 936 1822 987 αύ-

208 1038 302 1083 τοῦ
384 1037 755 1104 συνεχώρησεν
832 1032 856 1082 6
916 1033 1045 1093 Θεὸς
1103 1030 1378 1100 γίγνεσθαι
1435 1032 1524 1079 καὶ
1590 1025 1821 1078 ἐκέλευσε

206 1120 470 1175 τελεῖσθαι
504 1140 517 1154 ·
553 1118 600 1172 ἓν
630 1122 733 1193 γὰρ
764 1127 827 1192 τῇ
855 1124 1006 1192 τρίτη
1041 1120 1213 1192 ἡμέρᾳ
1241 1121 1548 1189 γιγνομένης
1588 1134 1818 1189 προσφο.

206 1218 301 1284 ρᾶς
368 1214 421 1263 ἒν
484 1218 547 1283 τῇ
608 1210 884 1283 ἐκκλησίᾳ,
945 1211 1280 1285 παραμυθίαν
1334 1216 1425 1268 τῆς
1484 1206 1721 1277 θλίψεως,
1786 1206 1816 1263 ἡ

210 1299 560 1373 ἀπεχωρίσθη
609 1307 703 1352 τοῦ
760 1306 1018 1371 σώματος,
1073 1295 1292 1370 δέχεται
1337 1300 1365 1355 ἡ
1400 1296 1555 1369 ψυχὴ
1601 1299 1690 1368 μεν
1733 1296 1819 1347 θα-

206 1396 377 1442 νοῦσα
412 1392 558 1462 παρὰ
603 1396 695 1442 τοῦ
740 1393 1054 1461 συνέχοντος
1087 1387 1249 1446 αὐτὴν
1294 1386 1533 1458 ἀγγέλου,
1576 1387 1654 1437 ὅτι
1684 1384 1819 1437 εὐλό-

203 1498 371 1551 γησις
418 1484 510 1531 καὶ
552 1482 829 1553 προσφορά
866 1480 993 1550 ὑπὲρ
1044 1478 1208 1538 αὐτῆς
1251 1476 1299 1527 έν
1338 1484 1400 1548 τῇ
1445 1475 1698 1546 ἐκκλησίᾳ
1726 1481 1817 1526 τοῦ

207 1575 346 1622 Θεοῦ
394 1572 863 1641 προσκεκόμισται,
906 1571 996 1618 καὶ
1052 1566 1251 1626 εὔελπις
1292 1568 1492 1637 γίνεται
1522 1562 1570 1615 ἐν
1609 1565 1777 1632 τούτῳ
1803 1579 1815 1593 ·

204 1659 299 1717 τὰς
328 1658 432 1727 γὰρ
466 1652 563 1709 δύο
611 1658 805 1730 ἡμέρας
858 1661 1219 1728 συγχωρεῖται
1250 1655 1278 1711 ἡ
1338 1652 1493 1724 ψυχὴ
1544 1651 1653 1724 ἅμα
1706 1655 1819 1711 τοῖς

207 1753 460 1799 συνοῦσιν
513 1745 645 1816 αὐτῇ
717 1744 955 1816 ἀγγέλοις
1010 1745 1344 1818 πορεύεσθαι,
1379 1743 1498 1794 ἔνθα
1551 1739 1812 1813 βούλεται,

1933 587 2168 639 mortuo
2198 585 2257 641 in
2284 587 2534 645 ecclesia
2556 590 2673 645 Deo
2695 591 2883 656 reddi,
2903 593 3047 665 quid
3072 594 3335 650 utilitatis
3368 597 3583 654 exinde

1932 670 2171 728 animae
2215 674 2275 729 in
2323 679 2479 732 exitu
2532 679 2829 736 redundat
2871 680 2899 735 ?
2940 681 3092 738 Dixit
3136 683 3386 753 angelus
3432 702 3445 741 :
3493 684 3583 741 Nil

1930 759 2329 833 inopportune
2368 781 2563 839 neque
2604 769 2881 825 inutiliter
2920 771 2978 826 iu
3014 771 3267 828 ecclesia
3306 789 3417 830 sua
3454 773 3583 830 ﬁeri

1930 852 2220 906 concessit
2262 853 2436 919 Deus,
2492 856 2771 914 coelestia
2832 874 2970 915 vero
3010 865 3067 916 et
3114 866 3349 918 terrena
3390 863 3582 934 ipsius

1931 942 2218 1010 mysteria
2241 941 2300 997 in
2331 943 2581 1001 ecclesia
2608 963 2719 1002 sua
2742 947 2869 1003 ﬁeri
2900 951 3195 1006 concessit
3224 953 3379 1007 Deus
3401 956 3460 1008 et
3489 968 3581 1009 ce-

1929 1027 2146 1083 lebrari
2195 1030 2390 1100 jussit.
2443 1035 2631 1089 Tertio
2680 1036 2838 1091 enim
2880 1037 2975 1092 die
3021 1038 3176 1095 facta
3221 1040 3281 1095 in
3326 1040 3581 1098 ecclesia

1929 1117 2229 1175 oblatione
2241 1120 2515 1177 levamen
2532 1123 2777 1191 doloris,
2793 1141 2971 1197 quem
2989 1143 3023 1182 a
3036 1143 3284 1200 corpore
3297 1134 3578 1203 separata

1929 1206 2124 1271 subiit,
2138 1209 2215 1263 ab
2229 1210 2444 1279 angelo
2458 1212 2644 1283 ipsam
2664 1215 3134 1286 apprehendente
3148 1218 3359 1290 accipit
3371 1222 3578 1275 anima

1928 1295 2227 1363 defuncta,
2261 1300 2547 1370 quoniam
2579 1303 2907 1371 gratiarum
2947 1304 3101 1360 actio
3131 1311 3187 1361 et
3216 1306 3438 1363 oblatio
3469 1323 3578 1378 pro

1928 1384 2063 1455 ipsa
2088 1386 2148 1441 in
2170 1388 2421 1444 ecclesia
2447 1390 2543 1444 Dei
2567 1396 2859 1462 apparata
2880 1397 2967 1448 est
2987 1435 3000 1459 ,
3029 1398 3087 1449 et
3111 1393 3327 1450 exinde
3347 1396 3577 1453 bonam

1930 1489 2095 1545 spem
2126 1476 2386 1548 concipit
2416 1479 2638 1534 anima.
2673 1482 2778 1535 Per
2805 1480 2961 1536 duos
2993 1483 3152 1538 enim
3179 1483 3306 1539 dies
3336 1485 3579 1554 permit-

1928 1565 2066 1619 titur
2087 1564 2345 1632 animae,
2370 1567 2448 1623 ab
2470 1568 2697 1640 angelis
2720 1572 2809 1625 sui
2832 1571 3189 1627 satellitibus
3216 1573 3491 1644 stipatae,
3516 1576 3576 1631 in

1927 1656 2102 1718 terra,
2134 1654 2477 1728 ubicunque
2504 1658 2653 1723 velit,
2678 1658 3093 1715 obambulare.
3115 1662 3279 1725 Quae
3305 1664 3574 1733 corporis

1924 1741 2101 1812 igitur
2131 1744 2319 1799 amori
2354 1746 2696 1817 mancipata
2725 1751 2815 1802 est
2840 1746 3067 1815 anima,
3100 1749 3430 1821 aliquando
3471 1752 3576 1809 do-

200 1835 293 1888 έπὶ
332 1842 425 1895 τῆς
474 1843 576 1906 γῆς
605 1853 618 1867 ·
666 1836 696 1892 ἡ
758 1830 844 1886 οὖν
912 1833 1269 1905 φιλοσὼμάτος
1314 1831 1467 1903 ψυχὴ
1525 1830 1807 1903 ἀπέρχεται

1926 1846 2115 1897 mum,
2156 1848 2191 1887 a
2238 1848 2362 1903 qua
2405 1841 2683 1905 separata
2728 1842 2834 1904 est,
2881 1837 3385 1909 circumvagatur,
3426 1855 3576 1896 non-

198 1927 331 1978 πότε
381 1926 471 1996 μεν
520 1928 640 1996 περὶ
686 1926 775 1976 τὸν
824 1920 982 1985 οἶκον,
1026 1922 1148 1974 ἔνθα
1196 1921 1524 1991 ἀπεζεύχθη,
1576 1922 1699 1971 ποτε
1754 1915 1813 1971 δὲ

196 2019 322 2087 περὶ
373 2015 431 2066 τό
462 2032 665 2085 μνημα,
726 2014 854 2066 ὅπου
884 2013 1132 2069 κατετέθη
1176 2014 1235 2063 τό
1288 2019 1458 2082 σῶμα,
1520 2014 1610 2061 καὶ
1648 2009 1812 2069 οὕτως

196 2099 397 2154 ἐκτελεῖ
446 2103 541 2163 τὰς
594 2097 693 2153 δύο
746 2102 939 2174 ἡμέρας
997 2099 1236 2160 ζητοῦσα
1287 2099 1459 2170 ὥσπερ
1514 2100 1681 2169 ὄρνεον
1730 2095 1810 2167 (6)

197 2195 297 2249 τὴν
327 2193 509 2243 νοσιάν
543 2191 623 2261 (7)
653 2189 813 2250 αὐτῆς
844 2208 856 2222 ·
890 2191 921 2247 ἡ
958 2185 1018 2242 δὲ
1055 2188 1285 2261 ἐνάρετος
1325 2187 1480 2258 ψυχὴ
1521 2185 1810 2258 ἀπέρχεται

198 2281 270 2342 εἰς
300 2284 517 2346 τόπους,
574 2282 704 2333 ὅπου
749 2280 863 2350 εἶχε
922 2280 1197 2337 συνήθειαν
1250 2276 1568 2351 ἐργάζεσθαι
1609 2279 1702 2333 τὴν
1731 2271 1809 2327 δι-

193 2373 486 2427 καιοσύνην
528 2388 542 2403 ο
615 2377 678 2441 τῇ
737 2365 795 2421 δὲ
864 2372 1008 2440 τρίτῃ
1074 2369 1245 2440 ἡμέρᾳ
1302 2365 1639 2437 [ἀνυτοῦσθαι

194 2459 392 2512 κελεύει
440 2460 587 2531 πάσῃ
638 2458 794 2530 ψυχῇ
843 2465 1174 2532 Χριστιανῶν
1227 2458 1299 2515 εἰς
1345 2454 1594 2529 οὐρανοὺς
1640 2452 1695 2504 ἐκ
1732 2472 1807 2505 νε-

191 2557 335 2623 κρῶν
382 2548 613 2611 ἀναστὰς
664 2554 729 2619 τῇ
780 2550 931 2620 τρίτη
990 2548 1166 2619 ἡμέρᾳ
1224 2547 1455 2616 Χριστὸς
1512 2544 1537 2594 6
1605 2544 1804 2595 πάντων

191 2642 342 2703 Θεὸς,
411 2639 552 2689 κατά
630 2640 859 2709 μίμησιν
924 2643 1018 2697 τῆς
1085 2634 1242 2687 αὐτοῦ
1314 2631 1665 2697 ἀναστάσεως,
1735 2632 1804 2692 εἰς

191 2729 559 2801 προσκύνησιν
616 2733 709 2795 τοῦ
775 2731 910 2779 Θεοῦ
968 2732 1067 2775 τῶν
1125 2722 1363 2775 ἁπάντων
1420 2739 1431 2751 ·
1492 2721 1660 2781 καλῶς
1716 2717 1804 2773 οὖν

193 2822 416 2889 κατέχει
445 2819 475 2875 ἡ
526 2814 783 2874 ἕκκλησία
830 2822 893 2887 τῇ
940 2818 1092 2886 τρίτῃ
1150 2814 1320 2887 ἡμέρᾳ
1360 2814 1659 2885 προσφορὰν
1713 2816 1803 2863 καὶ

198 2908 366 2978 εὐχὴν
390 2908 659 2959 ποιεῖσθαι
688 2905 815 2977 ὑπερ
847 2911 939 2964 τῆς
967 2902 1152 2974 ψυχῆς
1178 2919 1190 2931 ·
1235 2903 1365 2974 μετά
1412 2897 1499 2952 οὖν
1542 2904 1599 2952 τὸ
1640 2919 1802 2973 προσ-

201 2999 420 3053 κύνησει
480 2995 558 3067 (9)
610 2998 697 3046 τὸν
737 2998 868 3048 Θεὸν
918 2997 1118 3064 γίνεται
1160 2990 1396 3052 κέλευσις
1454 2991 1579 3064 παρ’
1618 2990 1798 3060 αὐτοῦ,

207 3084 345 3134 ὥστε
390 3078 755 3153 ἐπιδειχθῆναι
802 3082 936 3154 αὐτῇ
985 3083 1074 3142 τὰς
1124 3077 1410 3152 διαφόρους
1447 3084 1537 3131 καὶ
1587 3081 1803 3152 τερπνὰς

1924 1934 2235 1991 nunquam
2261 1921 2667 1993 sepulchrum,
2696 1924 2757 1979 in
2779 1940 2900 1996 quo
2925 1926 3301 1984 reconditum
3328 1933 3416 1984 est
3448 1945 3577 1986 cor-

1920 2024 2034 2079 pus
2060 2030 2071 2073 ;
2104 2015 2161 2065 et
2190 2010 2267 2065 ad
2287 2010 2447 2067 hunc
2475 2012 2724 2068 modum
2749 2013 3003 2070 biduum
3024 2015 3222 2085 exigit,
3255 2023 3461 2089 portus
3494 2018 3572 2075 ad

1920 2097 2108 2153 instar
2132 2099 2390 2155 cadaver
2419 2117 2597 2156 suum
2623 2118 2940 2173 quaerens.
2969 2104 3067 2159 Pia
3097 2120 3236 2161 vero
3262 2121 3466 2163 anima
3492 2107 3571 2163 ad

1918 2186 2098 2253 locos,
2131 2187 2190 2243 in
2218 2188 2441 2259 quibus
2465 2190 2757 2260 justitiam
2789 2194 3021 2263 operari
3049 2193 3380 2260 consuevit,
3424 2194 3568 2251 abit.

1916 2276 2103 2331 Tertio
2129 2282 2329 2333 autem
2359 2277 2449 2333 die
2479 2294 2688 2335 omnes
2717 2280 3186 2338 Christianorum
3226 2284 3460 2340 animas
3488 2285 3567 2341 ad

1917 2364 2116 2419 coelos
2156 2365 2375 2421 adduci
2401 2367 2590 2437 jubet,
2631 2370 2733 2440 qui
2774 2368 2869 2424 die
2912 2370 3080 2426 tertio
3119 2387 3150 2426 e
3191 2374 3441 2427 mortuis
3480 2388 3571 2429 re-

1917 2453 2189 2522 surrexit,
2212 2455 2472 2511 Christus
2494 2457 2764 2512 omnium
2788 2459 2964 2525 Deus,
2989 2465 3051 2514 ut
3068 2461 3565 2519 resurrectionem

1916 2541 2099 2613 ipsius
2114 2543 2376 2600 imitatae
2389 2545 2851 2602 Deumomnium
2866 2552 3277 2605 creaturarum
3292 2549 3562 2607 adorent.

1917 2633 2067 2687 Bene
2099 2632 2274 2702 igitur
2301 2649 2531 2689 morem
2558 2634 2743 2690 istum
2770 2636 2980 2693 retinet
3006 2636 3283 2703 ecclesia,
3309 2643 3370 2694 ut
3399 2638 3571 2695 obla-

1915 2721 2138 2776 tionem
2170 2726 2224 2777 et
2262 2723 2592 2779 orationem
2622 2724 2720 2779 die
2763 2725 2930 2780 tertio
2969 2741 3079 2796 pro
3118 2727 3325 2782 anima
3365 2726 3566 2784 faciat.

1915 2811 2052 2865 Post
2091 2810 2407 2867 adoratum
2439 2812 2617 2881 igitur
2654 2813 2839 2869 Deum
2880 2814 2959 2870 ab
2989 2815 3090 2870 illo
3132 2815 3474 2881 mandatur,
3507 2820 3571 2873 ut

1912 2900 2151 2955 diversa
2175 2916 2553 2973 amoenaque
2579 2907 2925 2959 sanctorum
2946 2903 3290 2960 habitacula
3310 2909 3369 2960 et
3389 2920 3569 2977 para-

1913 2989 2029 3043 disi
2069 2988 2449 3060 pulchritudo
2482 2990 2718 3047 animae
2757 2992 3172 3049 ostendantur.
3207 2994 3325 3049 Ista
3362 2995 3569 3051 omnia

1914 3078 2194 3149 perdiscit
2216 3078 2423 3134 anima
2444 3095 2548 3134 sex
2578 3080 2819 3151 integris
2842 3080 3055 3135 diebus
3083 3084 3267 3137 Deum
3293 3082 3567 3138 omnium

203 3173 404 3231 σκηνὰς
433 3179 530 3222 τῶν
549 3162 705 3240 ἀγίων
730 3176 819 3225 καὶ
849 3176 944 3229 τὴν
965 3178 1058 3223 τοῦ
1087 3166 1420 3242 παραδείσου
1454 3169 1753 3240 ὡραιότητα
1786 3188 1798 3200 ·

1918 3166 2282 3222 conditorem
2307 3167 2615 3223 admirans
2646 3173 2701 3225 et
2730 3168 3098 3225 collaudans.
3131 3169 3234 3226 Illa
3264 3170 3470 3227 omnia
3484 3170 3570 3227 vi-

197 3265 290 3313 καὶ
334 3267 504 3313 ταῦτα
553 3262 727 3313 πάντα
771 3261 1213 3332 καταμανθάνειὴ
1269 3257 1423 3330 ψυχὴ
1486 3257 1537 3319 ἓξ
1584 3259 1804 3330 ἡμέραις

202 3351 557 3421 θαυμάζουσα
598 3354 692 3400 καὶ
738 3345 1039 3411 δοξάζουσα
1088 3352 1174 3400 τὸν
1215 3347 1556 3422 εύτρεπιστὴν
1609 3348 1803 3397 τούτων

202 3442 336 3491 Θεὸν
383 3453 399 3467 ⁶
436 3441 529 3489 καὶ
558 3444 728 3489 ταῦτα
753 3438 925 3487 πάντά
970 3439 1237 3511 θεωροῦσα
1280 3438 1308 3493 ἡ
1355 3434 1510 3506 ψυχὴ
1553 3433 1805 3506 μεταϐάλ⁸

196 3526 352 3579 λεται
402 3529 495 3578 καὶ.
548 3524 932 3577 έπιλανθάνεται
982 3533 1076 3586 τῆς
1147 3524 1385 3595 θλίψεως,
1438 3525 1606 3594 ἧσπερ
1665 3521 1804 3594 εἶχεν

198 3616 249 3669 έν
275 3623 351 3687 τῷ
380 3620 590 3687 σώματι
622 3610 755 3667 οὖσα
788 3632 801 3647 °
843 3614 924 3666 ἐὰν
953 3610 1012 3667 δέ
1040 3617 1153 3667 ἐστι
1185 3613 1233 3666 ἓν
1264 3613 1547 3686 ἁμαρτίαις
1578 3614 1807 3665 ύπεύθυ-

195 3725 298 3774 νος,
359 3706 633 3779 θεωροῦσα
683 3706 772 3765 τὰς
837 3703 1146 3764 ἀπολαύσεις
1211 3712 1311 3755 τῶν
1359 3702 1521 3774 ἁγίων
1578 3703 1805 3777 ἄρχεται

197 3794 482 3848 λυπεῖσθαι
537 3798 630 3847 καὶ
674 3799 1088 3866 καταγινώσκειν
1143 3792 1352 3857 ἑαυτὴν,
1404 3792 1631 3860 λέγουσα
1672 3812 1684 3825 ο
1740 3788 1809 3845 Οἵ

202 3904 312 3957 μοι,
367 3892 475 3945 πῶς
523 3882 852 3957 ἓματαιώθην
893 3882 940 3935 έν
980 3890 1052 3953 τῷ
1105 3887 1286 3954 κόσμῳ
1331 3880 1523 3953 ἐκείνῳ,
1583 3881 1629 3933 έν
1690 3888 1805 3943 ταῖς

204 3973 504 4045 ἐπιθυμίαις
538 3980 630 4025 τοῦ
677 3971 800 4046 βίου
850 3971 1258 4043 ἀσχοληθείσα·
1317 3974 1373 4023 τὸ
1422 3970 1662 4023 πλεῖστον
1712 3978 1803 4023 τοῦ

203 4061 324 4136 βίου
357 4059 674 4121 ἐδαπάνησα
703 4062 753 4114 ἐν
775 4061 1003 4133 ἁμελειά,
1038 4065 1127 4112 καὶ
1155 4064 1249 4113 οῦκ
1274 4056 1559 4111 ἐδούλευσα
1586 4068 1658 4129 τῷ
1689 4067 1803 4129 Θεῷ

198 4156 335 4205 κατά
394 4156 453 4204 τὸ
508 4155 723 4227 πρέπον,
782 4152 918 4212 ὅπως
965 4149 1110 4222 κάγὼ
1163 4150 1391 4212 ἠξιώθην
1432 4156 1523 4209 τῆς
1580 4150 1803 4221 χάριτος

198 4247 290 4295 καὶ
321 4250 418 4304 τῆς
450 4237 613 4304 δόξης
638 4242 832 4302 ταύτης
864 4259 875 4272 ·
910 4236 964 4292 οἶ
986 4258 1075 4311 μοι
1112 4246 1172 4311 τῇ
1217 4237 1392 4310 ἀθλίᾳ,
1425 4238 1502 4289 ἔτι
1530 4257 1617 4309 μοι
1666 4256 1804 4309 συμ-

197 4328 470 4383 ϐάλλονται
502 4332 558 4383 αἱ
602 4325 870 4404 φροντίδες
908 4333 999 4381 καὶ
1030 4330 1054 4379 ό
1080 4329 1260 4399 οἶκερος
1292 4326 1404 4398 (10)
1438 4329 1803 4399 περισπασμός

200 4420 253 4471 ὃν
309 4419 458 4493 εἶχον
530 4418 579 4470 ἐν
649 4427 723 4491 τῷ
777 4422 959 4491 κόσμῳ
1021 4432 1033 4445 ·
1081 4425 1182 4469 ποῦ
1250 4413 1309 4468 δέ
1365 4434 1454 4488 μοι
1505 4418 1802 4488 χρησιμεύ-

1913 3255 2062 3310 deus
2115 3257 2319 3312 anima
2370 3256 2689 3327 derepente
2739 3262 3003 3314 mutatur
3054 3263 3109 3314 et
3162 3259 3383 3315 doloris
3449 3259 3563 3326 sui,

1913 3360 2096 3416 quem
2112 3345 2168 3399 in
2186 3360 2435 3416 corpore
2452 3346 2647 3416 posita
2666 3346 3020 3417 patiebatur,
3046 3347 3434 3405 obliviscitur.
3457 3349 3558 3406 Sin

1915 3448 2055 3488 vero
2075 3434 2329 3504 peccatis
2354 3433 2617 3490 obnoxia
2639 3435 2731 3499 sit,
2760 3451 2897 3490 cum
2923 3442 3272 3493 sanctorum
3296 3437 3567 3509 volupta-

1914 3526 2002 3577 tes
2019 3522 2197 3588 videt,
2226 3524 2558 3579 contristari
2583 3524 2965 3597 seipsamque
2997 3525 3401 3583 condemnare
3424 3526 3568 3583 inci-

1914 3612 2001 3682 pit
2027 3610 2380 3681 hujusmodi
2410 3609 2530 3667 fere
2559 3613 2756 3668 verbis
2788 3629 2899 3669 usa
2931 3630 2943 3665 :
2981 3614 3079 3669 Hei
3107 3613 3254 3670 mihi
3290 3614 3303 3670 !
3336 3621 3567 3687 quanta

1915 3699 1974 3755 in
2014 3698 2112 3755 illo
2154 3703 2381 3756 mundo
2420 3699 2689 3756 laboravi
2731 3701 2992 3768 stultitia,
3035 3702 3094 3756 in
3136 3703 3564 3775 cupiditatibus

1914 3788 2071 3845 vitae
2100 3795 2415 3860 occupata.
2450 3790 2759 3846 Maximam
2793 3792 2950 3847 vitae
2982 3796 3210 3862 partem
3245 3794 3565 3849 oscitanter

1915 3878 2143 3942 decoxi,
2173 3893 2367 3949 neque
2396 3881 2531 3943 Deo,
2570 3879 2649 3934 uti
2684 3895 2792 3950 par
2820 3885 2966 3948 erat,
2996 3880 3226 3947 servivi,
3261 3885 3325 3935 ut
3349 3886 3405 3936 et
3431 3883 3565 3954 ipsa

1915 3968 2169 4037 gratiam
2202 3966 2575 4038 gloriamque
2600 3969 2775 4023 istam
2809 3983 3225 4040 consequerer.
3259 3970 3377 4024 Vae
3417 3970 3563 4025 mihi

1916 4057 2199 4121 miserae;
2230 4055 2427 4111 adhuc
2448 4056 2651 4111 animo
2684 4072 2818 4111 meo
2838 4056 3293 4113 insidentcurae
3309 4064 3368 4114 et
3394 4058 3559 4129 [Pag.

1911 4144 2040 4218 260]
2065 4143 2486 4214 intempestiva
2503 4143 2862 4210 sollicitudo,
2884 4145 3106 4215 quibus
3126 4145 3225 4201 illo
3246 4146 3306 4201 in
3332 4147 3561 4203 mundo

1912 4234 2263 4291 distinebar.
2308 4233 2461 4298 Quid
2500 4232 2645 4288 mihi
2682 4234 2806 4303 jam
2848 4240 3099 4304 prosunt
3146 4234 3365 4300 vineta,
3406 4250 3561 4306 quae

1912 4321 2194 4395 plantavi,
2238 4329 2293 4377 et
2317 4321 2532 4377 oliveta
2559 4321 2587 4375 ‘I
2616 4320 2860 4393 qualem
2892 4337 3034 4377 vero
3062 4322 3206 4378 mihi
3248 4322 3557 4379 utilitatem

1912 4412 2193 4476 conferet,
2232 4427 2413 4483 quem
2445 4412 2705 4483 possedi,
2744 4426 2886 4481 ager
2913 4409 2942 4465 ?
2986 4410 3139 4477 Quid
3177 4413 3425 4467 demum
3463 4412 3560 4467 hic

197 4528 317 4562 ουσι
366 4511 422 4561 αἱ
464 4506 776 4581 ἀμπελῶνες,
824 4506 910 4567 οὓς
957 4508 1234 4579 ἐφύτευσα,
1280 4509 1369 4556 καὶ
1418 4506 1465 4556 οἱ
1524 4502 1796 4571 ﬂauam;

1918 4502 2054 4557 mihi
2077 4500 2337 4573 proderit
2358 4500 2484 4554 auri
2506 4500 2744 4571 pondus
2759 4501 2787 4557 ?
2806 4504 2908 4555 aut
2928 4499 3102 4572 quale
3126 4500 3271 4555 mihi
3295 4517 3561 4557 commo-

197 4603 349 4650 ποίαν
435 4593 496 4649 δέ
557 4615 648 4669 μοι
700 4594 940 4668 ὠφελείαν
1000 4594 1298 4669 παρέξεται,
1370 4593 1424 4645 ὃν
1496 4591 1800 4664 ἐκτησάμην

197 4686 359 4759 ἀγρόν
393 4689 485 4751 ;τί
536 4681 594 4737 δέ
635 4703 726 4757 μοι
783 4683 961 4757 ὡφελεί
1007 4686 1066 4735 τὸ
1118 4680 1315 4754 [ἐθνοῦ]
1369 4683 1475 4733 ἐκεῖ
1522 4685 1796 4753 χρυσίον;

197 4780 349 4827 ποῖον
384 4769 443 4825 δέ
472 4793 559 4845 μοι
606 4773 777 4846 ὄφελος
822 4776 1048 4845 παρέχει
1078 4773 1103 4823 6
1140 4770 1362 4831 πλοῦτος
1415 4769 1578 4822 ἐκεῖσε
1611 4786 1623 4835 ;
1657 4774 1709 4821 τί
1741 4766 1800 4822 δέ

190 4883 287 4937 μοι
340 4866 493 4921 ὄνησι
570 4869 671 4916 πᾶν
727 4865 941 4936 τερπνὸν
992 4868 1086 4914 τοῦ
1144 4860 1266 4934 βίου
1318 4864 1407 4912 καὶ
1465 4866 1554 4911 τοῦ
1594 4863 1796 4931 κόσμου

186 4952 387 5007 ἐκείνου
434 4970 454 5024 ς
503 4947 558 5004 οἷ
582 4968 694 5023 μοι,
749 4951 820 5015 εἰς
867 4952 1039 5024 μάτην
1098 4949 1355 5003 ἐκοπίασα
1403 4966 1416 4978 ·
1474 4945 1527 5000 οἶ
1550 4967 1661 5020 μοι,
1717 4950 1795 5001 ὅτι

188 5042 423 5118 ἀφρόνως
469 5039 669 5093 ἐϐίωσα
697 5057 709 5070 ·
744 5037 799 5092 οἶ
836 5059 947 5112 μοι,
996 5044 1090 5098 τὴν
1132 5042 1179 5091 ἓν
1232 5038 1388 5110 ὀλίγῳ
1427 5045 1593 5110 καιρῷ
1638 5034 1794 5100 δόξαν

183 5133 472 5205 ἠγάπησα,
522 5133 614 5189 τὴν
664 5128 873 5184 αἰωνίαν
928 5132 1171 5202 πτωχίαν
1224 5130 1524 5199 ἐκτησάμην
1554 5147 1567 5160 ο
1611 5122 1665 5177 οἶ
1704 5144 1793 5199 μοι

1909 4591 2055 4645 dum
2088 4590 2201 4645 hoc
2227 4589 2286 4643 in
2315 4589 2441 4644 loco
2481 4589 2714 4645 dabunt
2743 4590 2980 4645 divitiae
3017 4589 3044 4643 ?
3073 4594 3187 4645 Aut
3223 4604 3556 4661 quamnam

1910 4679 2054 4735 mihi
2075 4677 2381 4733 utilitatem
2404 4676 2661 4734 afferunt
2678 4693 2890 4733 omnes
2916 4679 3067 4734 vitae
3090 4682 3147 4735 et
3168 4677 3376 4733 mundi
3398 4678 3556 4732 illius

1902 4766 2347 4839 jucunditates?
2366 4766 2469 4820 Hei
2495 4765 2668 4823 mihi!
2692 4766 2909 4822 frustra
2929 4766 3228 4833 laboravi;
3251 4766 3349 4822 hei
3373 4766 3521 4822 mihi
3543 4766 3556 4822 Ι

1906 4857 2071 4930 quod
2120 4856 2294 4911 stulte
2331 4854 2601 4911 vixerim.
2645 4854 2745 4909 Hei
2790 4856 2982 4913 mihil
3032 4856 3229 4925 exigui
3272 4856 3559 4927 temporis

1905 4947 2158 5017 gloriam
2177 4944 2397 5009 amavi,
2421 4948 2725 4999 aeternam
2748 4950 3165 5015 paupertatem
3186 4945 3438 5000 obtinui.
3460 4946 3560 5001 Hei

1903 5035 2052 5092 mihi
2087 5036 2098 5089 l
2122 5033 2269 5106 quid
2291 5048 2474 5105 passa
2496 5032 2683 5089 sum?
2709 5033 2828 5087 Vae
2853 5033 2996 5089 mihi
3021 5033 3033 5089 l
3063 5033 3373 5104 quomodo
3396 5033 3566 5089 obte.

1904 5124 2160 5182 nebrata
2182 5120 2496 5179 sumiNon
2508 5122 2649 5177 novi
2674 5136 2841 5177 sane.
2866 5124 2981 5179 Vae
2994 5122 3170 5179 mihi!
3197 5122 3400 5180 Nullus
3413 5120 3560 5179 mihi

1749 5302 2004 5360 NOTAE.

242 5476 325 5549 (4)
355 5475 515 5549 Lege
546 5469 604 5549 ἄν
637 5465 713 5549 τῇ.
742 5469 1065 5544 μεταστάσει
1106 5467 1156 5541 [f
1183 5468 1555 5540 σ’μεταστάσῃ,
1613 5467 1789 5539 Eum]

274 5543 326 5619 5')
362 5543 522 5616 Lege
559 5543 870 5619 ἀκαίρως.

269 5616 331 5697 6)
358 5622 593 5697 [forsan
620 5616 853 5697 ὃρμον.¹
953 5684 1007 5697 Μ
1037 5683 1051 5697 ⁸
1241 5686 1264 5697 η
1470 5685 1481 5697 ἱ
1726 5682 1738 5697 Ι

266 5683 324 5764 7)
358 5693 587 5764 Forsan
612 5683 916 5764 νοσσιάν.
951 5684 1009 5742 Si
1034 5683 1203 5755 legas
1232 5686 1399 5760 ὄρνεον
1426 5685 1521 5741 τὴν
1548 5683 1786 5747 νοσσιάν,

168 5757 373 5823 vertas
400 5761 549 5820 sicut
576 5759 693 5818 avis
721 5757 910 5817 nidum
938 5772 1221 5830 quaeram.

1976 5465 2054 5538 (8)
2109 5463 2540 5538 Vox_haec_in
2593 5464 2722 5538 MS_._
2754 5464 2869 5538 vix
2903 5462 3021 5538 legi
3074 5462 3559 5538 potest;_forsan

1904 5533 2219 5609 ἀνδροῦσθαι
2249 5534 2506 5605 legenda
2538 5540 2647 5591 est.
2679 5534 2817 5607 [Leg
2848 5533 3263 5605 ἀνυψοῦσθαι
3307 5535 3555 5591 Em'rom.

1971 5609 2051 5752 (9)
2087 5610 2237 5679 Lege
2266 5615 2761 5693 προσκυνῆσαι.

2002 5681 2086 5751 l0)
2119 5681 2269 5751 Lege
2296 5698 2373 5731 ακ
2392 5698 2539 5752 αιρο
2559 5699 2607 5741 ς.

2002 5681 2086 5751 10)
2119 5681 2269 5751 Lege
2296 5681 2373 5731 ἄκ
2392 5698 2539 5753 αιρο
2559 5699 2607 5741 ς.
