4084 6256
518 319 620 376 391
1798 314 1865 373 IO
1879 361 1892 374 .
1948 314 2251 373 ALBERT.
2292 310 2670 371 FABRICIUS

3780 311 3887 369 392

520 444 810 502 auxilium
844 443 995 500 ferre
1033 446 1245 515 potest,
1278 445 1341 497 ut
1377 445 1433 497 et
1457 457 1567 513 ego
1600 442 1779 498 etiam
1820 441 2043 499 misera
2066 442 2166 497 Do-

2286 444 2337 492 τί
2371 442 2602 493 πέπονθα
2633 458 2645 509 ;
2696 437 2815 491 ούαί
2867 440 2976 510 μοι,
3018 445 3128 498 πῶς
3187 436 3499 495 ἐσκοτίσθην
3538 454 3551 505 ;
3586 437 3681 490 οὐκ
3712 436 3839 491 οἴδα
3871 454 3891 471 ⁸

521 533 671 589 mini
686 533 940 603 gloriam
953 547 1306 604 consequar.
1328 534 1652 603 Postquam
1669 531 2174 602 totumjustorum

521 623 813 693 gaudium
834 638 936 678 sex
952 621 1164 677 diebus
1182 621 1836 693 animainspectaverit,
1863 636 2071 676 rursus
2097 618 2174 674 ad

521 711 750 782 angelis
772 712 848 767 ad
865 709 1245 767 adorandum
1267 712 1448 765 Deum
1469 709 1805 765 adducitur.
1830 712 1980 764 Bene
1999 708 2176 779 igitur

519 800 770 856 ecclesia
808 800 903 856 die
933 815 1098 855 nona
1140 799 1409 869 liturgias
1453 814 1563 869 pro
1593 798 1869 853 defuncto
1910 798 2079 853 offert
2119 803 2173 853 et

519 889 888 945 oblationem
912 888 1190 944 celebrat.
1216 890 1353 943 Post
1378 887 1708 943 secundam
1736 892 1937 942 autem
1962 886 2174 942 adora-

517 977 740 1035 tionem
771 994 979 1034 rursus
1009 977 1088 1033 ab
1111 977 1385 1033 omnium
1412 992 1612 1031 rerum
1644 976 1895 1031 Domino
1927 974 2175 1031 manda-

519 1071 634 1131 tur,
658 1067 800 1123 utin
830 1067 1131 1122 infernum
1155 1066 1489 1121 deducatur
1518 1065 1741 1130 anima,
1760 1072 1817 1120 et
1838 1080 2171 1136 poenarum

516 1155 652 1213 loca
679 1155 764 1212 ibi
795 1155 1008 1226 posita,
1051 1155 1407 1226 diversaque
1432 1154 1759 1210 inferorum
1792 1153 2074 1219 claustra,
2115 1160 2172 1208 et

514 1244 786 1300 diversae
806 1243 887 1300 illi
906 1244 1300 1299 ostendantur
1327 1243 1646 1315 impiorum
1676 1258 1925 1315 poenae,
1949 1243 2171 1315 quibus

515 1333 848 1390 assidentes
888 1338 1271 1404 peccatorum
1305 1331 1543 1387 animae
1581 1332 1827 1388 assiduo
1858 1332 2065 1401 lugent
2102 1346 2172 1387 ac

514 1420 723 1476 dentes
765 1421 1042 1476 stridunt.
1077 1423 1181 1476 Per
1218 1421 1397 1476 hasce
1438 1436 1770 1492 poenarum
1801 1420 2170 1475 diversitates

515 1510 930 1567 circumfertur
955 1511 1158 1567 anima
1214 1511 1340 1565 dies
1369 1509 1627 1580 triginta,
1678 1511 2166 1577 contremiscens,

512 1615 587 1656 ne
602 1606 657 1655 et
673 1599 1068 1671 ipsaforsitan
1089 1598 1151 1655 in
1171 1599 1270 1654 illo
1287 1599 1786 1655 locoincarcerari
1805 1600 2170 1655 condemne-

511 1693 629 1745 tur.
664 1689 765 1744 Die
795 1690 1263 1761 quadragesimo
1290 1705 1527 1744 sursum
1559 1689 1770 1743 iterum
1802 1689 1880 1744 ad
1913 1689 2167 1744 adoran-

2288 530 2403 582 ούαί
2451 550 2561 603 μοι,
2622 525 2798 590 οὐδεὶς
2844 525 3129 586 δυνήσεται
3158 534 3245 578 νῦν
3300 526 3571 599 βοηθῆσαί
3594 546 3707 599 μοι,
3748 529 3899 590 ὅπως

2286 619 2431 690 κάγὼ
2455 621 2486 677 ἡ
2520 617 2675 671 ἀθλία
2726 621 2876 689 τύχω
2932 626 3026 679 τῆς
3062 614 3223 679 δόξης
3265 623 3358 668 τοῦ
3404 622 3587 689 κυρίου
3622 631 3636 645 ⁸
3666 620 3800 689 μετά
3831 615 3899 671 δὲ

2285 714 2342 761 τό
2378 711 2639 781 θεωρῆσαι
2682 713 2856 759 πᾶσαν
2909 711 3002 764 τὴν
3057 709 3232 777 χαρὰν
3276 714 3375 757 τῶν
3426 703 3644 758 δικαίων
3685 705 3732 758 ἔν
3774 714 3900 769 ταῖς

2286 798 2338 861 ἓξ
2388 800 2625 872 ἡμέραις,
2670 796 2824 848 πάλιν
2884 794 3185 868 ἀναφέρεται
3244 796 3344 847 ὑπὸ
3392 803 3493 846 τῶν
3544 794 3772 867 ἀγγέλων
3823 796 3901 857 εἰς

2283 889 2642 960 προσκύνησιν
2670 894 2762 939 τοῦ
2814 890 2941 939 Θεοῦ
2974 904 2987 917 ο
3022 884 3191 946 καλῶς
3220 881 3307 937 οὖν
3350 888 3628 958 προσφέρει
3668 883 3715 936 έν
3746 893 3807 958 τῇ
3850 881 3904 938 θ’

2285 979 2454 1049 ἡμέρᾳ
2518 978 2830 1051 λειτουργίας
2896 979 2986 1027 καὶ
3050 976 3348 1049 προσφορὰν
3410 974 3692 1027 ἐκτελοῦσα
3760 976 3895 1046 ὑπὲρ

2282 1074 2374 1118 τοῦ
2431 1066 3031 1135 τελευτήσαντοςνμετά
3070 1062 3128 1117 δὲ
3188 1068 3281 1122 τὴν
3346 1060 3593 1138 δευτέραν
3648 1066 3891 1138 προσκύ-

2281 1175 2431 1212 νησιν
2462 1155 2615 1207 πάλιν
2654 1159 2853 1226 γίνεται
2882 1154 3115 1214 κέλευσις
3144 1155 3287 1225 παρὰ
3315 1160 3404 1205 τοῦ
3457 1156 3662 1204 πάντων
3697 1150 3895 1205 δεσπό-

2281 1264 2390 1308 του,
2440 1252 2754 1315 καταγαγεῖν
2810 1242 2971 1300 αύτην
2998 1241 3045 1293 ἐν
3077 1250 3148 1313 τῷ
3192 1239 3295 1315 ᾅδῃ
3330 1245 3414 1294 καὶ
3447 1239 3617 1304 δεῖξαι
3657 1242 3787 1314 αὐτῇ
3823 1246 3895 1295 τά

2282 1332 2448 1385 ἐκεῖσε
2476 1332 2802 1406 κο)αστήρια
2846 1337 2934 1384 καὶ
2985 1328 3214 1403 διάφορα
3264 1336 3428 1404 ταμία
3461 1339 3553 1383 τοῦ
3597 1328 3752 1401 ᾅδου,
3795 1336 3892 1384 καὶ

2280 1425 2372 1483 τάς
2410 1432 2507 1473 τῶν
2558 1422 2753 1474 ἀσεϐῶν
2804 1418 3082 1493 διαφόρους
3133 1421 3390 1485 κολάσεις,
3434 1421 3504 1482 εἰς
3548 1420 3606 1480 ἃς
3648 1440 3890 1492 παρακα-

2283 1514 2550 1583 θεζόμεναι
2598 1514 2652 1563 αἱ
2698 1511 2878 1583 ψυχαὶ
2926 1520 3025 1562 τῶν
3076 1511 3393 1585 ἁμαρτωλῶν
3447 1506 3701 1570 διηνεκῶς
3760 1511 3889 1583 θρη-

2280 1608 2428 1652 νοῦσι
2466 1606 2555 1653 καὶ
2597 1600 2871 1673 βρύχουσι
2899 1604 3019 1660 τούς
3049 1597 3269 1661 ὀδόντας
3298 1616 3310 1628 ’
3340 1604 3427 1651 καὶ
3471 1597 3518 1649 έν
3561 1606 3675 1658 ταῖς
3701 1602 3890 1651 τοιαύ-

2278 1691 2395 1751 τᾶῖς
2448 1687 2723 1764 διαφοραῖς
2778 1698 2875 1741 τῶν
2929 1688 3193 1741 κολάσεων
3246 1692 3572 1763 περιφέρεται
3626 1690 3655 1746 ἡ
3720 1688 3882 1760 ψυχή

511 1777 658 1834 dum
705 1780 892 1833 Deum
930 1777 1265 1844 reducitur;
1317 1782 1373 1832 et
1420 1782 1561 1833 tunc
1607 1778 1939 1833 secundum
1983 1794 2166 1849 opera

2278 1779 2448 1850 ἡμέρᾳ
2469 1779 2681 1851 (ti-I2)
2712 1778 2755 1830 λ’
2774 1783 3061 1851 τρέμουσα,
3091 1783 3279 1850 μήπως
3310 1780 3411 1849 ἄρα
3442 1782 3533 1829 καὶ
3562 1776 3693 1835 αὐτὴ
3728 1775 3777 1828 ἓν
3811 1785 3885 1847 τῷ

510 1866 670 1923 illius
698 1866 899 1922 locum
930 1866 1033 1935 illi,
1065 1866 1168 1921 ubi
1192 1866 1252 1921 in
1282 1870 1593 1922 aeternum
1625 1874 1979 1935 asservetur,
2012 1867 2167 1922 indi-

508 1956 587 2012 cit
618 1955 828 2027 judex.
876 1958 1028 2011 Bene
1074 1955 1251 2027 igitur
1307 1957 1367 2011 in
1420 1955 1672 2011 ecclesia
1723 1956 2059 2011 celebratur
2104 1956 2164 2012 in

507 2043 929 2101 defunctorum
956 2049 1012 2099 et
1040 2044 1483 2114 baptizatorum
1519 2045 1897 2100 memoriam.
1927 2048 2004 2101 De
2032 2046 2164 2101 ani-

506 2133 727 2189 mabus
741 2148 904 2199 vero,
922 2148 1080 2205 quae
1097 2149 1337 2188 sacrum
1360 2134 1661 2204 baptisma
1678 2149 1990 2205 nunquam
2008 2150 2165 2190 rece-

508 2228 742 2293 perunt,
776 2238 871 2277 res
901 2238 1031 2277 sese
1074 2223 1200 2293 pari
1238 2222 1421 2277 modo
1454 2237 1577 2277 non
1622 2221 1819 2287 habet,
1855 2223 1960 2277 sed
1994 2224 2053 2278 in
2094 2240 2164 2279 eo

504 2327 649 2366 casu
685 2310 878 2382 angeli
911 2311 1297 2366 inclementes
1334 2310 1571 2367 animas
1612 2327 1732 2366 non
1764 2312 2095 2382 baptizatas
2133 2330 2163 2367 θ

509 2415 759 2472 corpore
801 2400 1126 2471 accipiunt,
1160 2399 1541 2455 verberantes
1587 2399 1719 2454 illas
1749 2405 1805 2456 et
1848 2400 2111 2457 dicentes
2147 2420 2161 2455 :

501 2488 828 2554 Adesdum,
873 2488 1063 2557 impia
1094 2488 1336 2555 anima;
1370 2489 1507 2561 quis
1548 2490 1836 2544 Dominus
1874 2496 2011 2545 tuus
2040 2507 2164 2545 om-

502 2577 795 2647 niumque
834 2577 1008 2640 Deus,
1035 2592 1217 2648 quem
1249 2577 1396 2631 scire
1438 2576 1699 2643 noluisti,
1728 2578 1786 2632 in
1818 2578 2046 2634 mundo
2078 2595 2163 2635 se-

506 2680 654 2720 cura
694 2663 921 2734 degens
970 2664 999 2719 ‘l
1052 2668 1218 2720 Nunc
1242 2681 1381 2720 vero
1429 2682 1568 2722 eum
1621 2682 1877 2737 agnosce
1911 2668 2162 2723 aeternis

504 2753 744 2810 addicta
757 2754 986 2825 poenis.
1008 2753 1149 2809 Dein
1165 2754 1242 2809 ad
1255 2754 1519 2826 primum
1535 2771 1725 2827 usque
1742 2756 1975 2811 coelum
1997 2756 2160 2813 illam

503 2842 892 2908 adducentes,
939 2858 1074 2899 eam
1111 2844 1342 2910 sistunt,
1385 2843 1587 2917 illique
1632 2860 1663 2899 e
1700 2845 2030 2918 longinquo
2061 2863 2162 2901 os-

502 2932 756 2990 tendunt
770 2932 1121 3003 angelorum
1138 2934 1300 2989 omni
1312 2950 1533 3006 umque
1545 2934 1894 2991 coelestium
1908 2941 2160 3008 potesta-

507 3024 634 3079 tum
664 3022 916 3095 gloriam
942 3024 1206 3078 dicentes
1235 3038 1247 3077 :
1284 3024 1536 3078 Istorum
1565 3025 1837 3079 omnium
1869 3027 2157 3082 Dominus

501 3115 589 3168 est
614 3112 783 3168 Jesus
814 3111 1078 3169 Christus
1122 3111 1219 3167 Dei
1254 3111 1372 3167 vivi
1404 3112 1584 3177 ﬁlius,
1617 3130 1802 3185 quem
1836 3130 2159 3186 agnoscere

2276 3118 2472 3169 πάντων
2557 3125 2655 3169 τῶν
2725 3116 2973 3190 οὐρανίων
3053 3111 3340 3187 δυνάμεων,
3409 3114 3632 3186 λέγοντες

497 3207 554 3256 et
574 3200 828 3257 adorare
856 3200 1120 3256 noluisti.
1149 3206 1350 3272 Apage
1376 3201 1597 3257 abhinc
1622 3218 1761 3258 vero
1784 3202 1862 3259 ad
1895 3204 1975 3259 tui
1999 3205 2161 3259 simi-

497 3288 582 3345 les
607 3289 827 3360 impios
847 3305 1176 3361 eorumque
1202 3290 1535 3362 principem
1562 3291 1868 3348 diabolum
1896 3292 2161 3350 abducta

495 3377 559 3433 in
572 3384 885 3434 aeternum
899 3377 1103 3447 ignem
1117 3383 1467 3449 apparatum
1485 3378 1724 3436 diabolo
1739 3386 1917 3453 atque
1930 3383 2160 3452 angelis

499 3466 651 3536 ejus,
674 3481 828 3537 quos
856 3467 915 3521 in
940 3466 1089 3521 vivis
1114 3464 1313 3521 adhuc
1336 3467 1533 3537 posita
1562 3473 1856 3540 tanquam
1886 3473 2035 3527 Deos
2057 3471 2160 3527 ad-

506 3554 711 3610 orasti.
744 3554 1070 3625 Postquam
1093 3555 1204 3610 ista
1230 3554 1519 3612 dixissent
1540 3558 1757 3628 angeli,
1789 3575 2029 3615 servum
2059 3556 2157 3616 Dei

501 3644 827 3700 Macarium
848 3643 1106 3714 amplexi
1129 3660 1159 3699 e
1188 3651 1512 3716 conspectu
1532 3652 1742 3703 nostro
1763 3656 2153 3705 evanuerunt.

495 3735 615 3789 Nos
637 3749 777 3788 vero
805 3732 1057 3805 gloriam
1085 3733 1411 3789 reddamus
1443 3735 1602 3789 Patri
1633 3742 1690 3791 et
1720 3736 1859 3792 Filio
1890 3744 1946 3793 et
1981 3740 2156 3810 Spiri-

497 3822 578 3878 tui
609 3828 817 3878 sancto
855 3838 1015 3877 nunc
1054 3828 1111 3877 et
1140 3823 1201 3877 in
1243 3823 1486 3879 saecula
1524 3825 1921 3881 saeculorum.
1968 3832 2155 3883 Amen

493 3930 638 3963 νοντο
690 3910 775 3983 ἀφ’
834 3913 979 3983 ἡμῶν
1028 3926 1041 3941 ⁸

493 3999 572 4054 ἀεὶ
602 4005 691 4054 καὶ
721 4000 795 4063 εἰς
823 4003 946 4062 τοὺς
970 4000 1157 4063 αἰωνας
1187 4008 1287 4053 τῶν
1309 4001 1506 4054 αἰώνων
1538 4024 1550 4037 ο
1585 4002 1743 4077 ἀμην.

2277 1871 2494 1939 τοιούτῳ
2560 1873 2701 1939 τόπῳ
2767 1870 3058 1941 κατακριθῇ
3106 1866 3497 1939 φυλάττεσθαι·
3559 1871 3649 1917 καὶ
3707 1873 3769 1938 τῇ
3829 1866 3889 1937 μ’

2276 1959 2445 2031 ἣμερα
2490 1958 2790 2032 ἀναφέρεται
2841 1957 2995 2009 πάλιν
3034 1966 3404 2031 προσκυνῆσαι
3450 1964 3522 2026 τῷ
3567 1960 3753 2027 κυρίῳ,
3791 1964 3886 2010 καὶ

2274 2052 2390 2099 τότε
2450 2047 2628 2099 λοιπὸν
2680 2051 2810 2119 πρὸς
2872 2050 2937 2098 τά
2994 2049 3122 2119 ἔργα
3177 2045 3337 2106 αὐτῆς
3403 2045 3593 2098 κελεύει
3626 2047 3652 2097 ὁ
3693 2050 3885 2119 κριτὴς

2274 2139 2362 2187 τὸν
2393 2140 2549 2188 τόπον
2603 2144 2693 2196 τῆς
2740 2134 3115 2209 παραφυλακῆς
3150 2152 3163 2165 ·
3198 2134 3367 2195 καλῶς
3416 2134 3696 2187 ἕκτελεῖται
3729 2135 3780 2186 ἐν
3815 2144 3878 2207 τῇ

2276 2224 2528 2297 ἒκκ).ησίᾳ
2571 2233 2686 2286 ταῖς
2733 2230 2935 2294 μνείαις
2985 2232 3083 2276 τῶν
3132 2226 3522 2296 μεθισταμένων
3568 2227 3658 2275 καὶ
3714 2242 3882 2295 πεφω-

2274 2318 2526 2384 τισμένων
2558 2331 2569 2342 ι
2602 2312 2685 2366 ἐπὶ
2716 2310 2773 2365 δὲ
2816 2322 2911 2365 τῶν
2941 2313 3133 2385 ψυχῶν
3166 2320 3263 2363 τῶν
3296 2317 3368 2384 μη
3402 2312 3643 2383 ἐχουσῶν
3675 2311 3879 2384 βάπτι-

2276 2422 2386 2474 σμα
2414 2406 2471 2455 τὸ
2511 2403 2680 2473 ἅγιον,
2724 2404 2829 2474 ούχ
2860 2404 3017 2464 οὕτως
3054 2421 3064 2431 ·
3102 2402 3229 2453 ἀλλὰ
3281 2401 3508 2472 [ἀπονοῖς
3539 2402 3677 2473 (13)]
3720 2402 3880 2472 ἄγγε-

2273 2490 2353 2543 λοι
2380 2490 2631 2564 ἀπότομοι
2672 2492 2788 2563 (14)
2820 2491 3144 2563 λαμϐάνουσι
3193 2493 3284 2553 τὰς
3324 2490 3652 2563 ἀφωτίστους
3692 2490 3881 2562 ψυχὰς

2274 2578 2375 2632 ἀπὸ
2432 2589 2523 2633 τοῦ
2577 2586 2839 2652 σώματος,
2899 2583 3175 2640 τύπτοντες
3231 2585 3320 2632 καὶ
3374 2579 3640 2651 λέγοντες·
3696 2576 3876 2652 δεῦρο,

2275 2668 2466 2732 ἀσεϐὴς
2504 2671 2683 2742 ψυχὴ,
2717 2675 2795 2731 τίς
2819 2671 2844 2722 ὁ
2878 2666 3143 2731 δεσπότης
3177 2689 3271 2722 σου
3312 2674 3400 2721 καὶ
3441 2672 3643 2722 πάντων
3672 2672 3875 2743 κύριος,

2272 2759 2325 2811 ὃν
2356 2760 2448 2812 οὐκ
2503 2760 2747 2820 ἓθελησας
2784 2769 2994 2831 γνῶναι,
3050 2762 3099 2811 ἐν
3158 2758 3325 2811 ἀνέσει
3379 2755 3649 2830 διάγουσα
3706 2758 3752 2811 ἓν
3805 2768 3876 2830 τῷ

2271 2852 2452 2921 κόσμῳ
2487 2866 2500 2915 ;
2536 2856 2623 2900 νῦν
2668 2850 2828 2921 γνῶθι
2867 2851 3225 2923 τιμωρουμέυη
3272 2846 3489 2909 αἰωνίως
3523 2864 3535 2876 ·
3585 2852 3676 2900 καὶ
3709 2850 3874 2921 μέχρι

2271 2946 2362 2990 τοῦ
2399 2944 2608 3013 πρώτου
2660 2938 2880 3013 ούρανοῦ
2931 2936 3205 3008 ἀνάγοντες
3273 2939 3455 2989 ἱστᾶσι
3522 2940 3609 2989 καὶ
3670 2932 3867 2990 δεικνῦ-

2273 3047 2355 3079 σιν
2404 3027 2535 3100 αύτῇ
2597 3027 2651 3079 ἐκ
2704 3029 2929 3100 μήκοθεν
2970 3018 3080 3085 ¹τὴν
3141 3023 3298 3089 δόξαν
3347 3034 3445 3077 τῶν
3501 3023 3728 3097 ἀγγέλων
3781 3031 3869 3079 καὶ

3674 3135 3686 3148 ·
3746 3117 3869 3167 τού-

2270 3225 2368 3257 των
2422 3205 2661 3258 ἁπάντων
2726 3208 2902 3279 κύριός
2959 3203 3099 3257 ἐστιν
3148 3206 3355 3263 Ἰησοῦς
3407 3206 3642 3275 Χριστὸς
3680 3205 3706 3255 ὁ
3754 3206 3863 3264 υίὸς

2268 3302 2357 3346 τοῦ
2397 3301 2530 3347 Θεοῦ
2570 3302 2661 3347 τοῦ
2714 3294 2921 3359 ζῶντος,
2977 3293 3028 3344 ὃν
3088 3292 3183 3345 οῦκ
3232 3292 3491 3353 ἠθεἏησας
3542 3300 3731 3363 γνῶναι
3778 3296 3866 3345 καὶ

2268 3392 2634 3456 προσκυνῆσαι
2684 3401 2696 3415 ο
2756 3382 2862 3435 ἀλλ’
2929 3381 3238 3454 ἀπαχθεῖσα
3305 3385 3433 3455 πρὸς
3488 3386 3606 3443 τοὺς
3657 3383 3866 3455 ὁμοίους

2271 3472 2466 3533 ἀσεϐεῖς
2513 3477 2603 3525 καὶ
2648 3475 2734 3525 τὸν
2771 3474 2961 3524 τούτων
3008 3472 3247 3545 ἄρχοντα
3287 3474 3371 3523 τόν
3426 3467 3460 3524 δ
3467 3470 3670 3523 ιαϐολον
3710 3471 3779 3532 εἰς
3806 3474 3863 3523 τὸ

2268 3569 2369 3634 πῦρ
2427 3565 2484 3614 τὸ
2540 3562 2744 3614 αἰώνιον
2797 3565 2855 3613 τὸ
2913 3562 3296 3632 ἡτοιμασμένον
3356 3568 3428 3631 τῷ
3484 3557 3712 3633 διαϐόλῳ
3770 3565 3859 3613 καὶ

2267 3660 2376 3713 τοῖς
2429 3650 2662 3723 ἀγγέλοις
2712 3650 2892 3716 αὐτοῦ,
2939 3648 3027 3711 οὓς
3067 3648 3114 3701 ἐν
3172 3658 3243 3720 τῷ
3300 3648 3403 3722 βίῳ
3443 3668 3537 3703 σου
3593 3652 3664 3712 ὡς
3722 3652 3861 3711 θεοὺς

2270 3744 2664 3816 προσεκύνησας
2697 3760 2708 3773 ο
2738 3748 2907 3792 ταῦτα
2959 3740 3185 3800 εἰπόντες
3215 3742 3263 3791 οὶ
3302 3740 3515 3811 ἄγγελοι
3557 3744 3646 3791 καὶ
3688 3738 3856 3792 ἀσπα-

2270 3834 2481 3902 σάμενοι
2514 3835 2596 3883 τόν
2629 3827 2811 3882 δοῦλον
2863 3836 2951 3882 τοῦ
2984 3836 3118 3881 Θεοῦ
3166 3831 3459 3902 Μακάριόν,
3515 3827 3721 3901 ἀφανεῖς
3756 3828 3858 3901 ἐγέ-

1098 3910 1282 3983 Ἧμεῖς
1340 3908 1398 3965 δε
1458 3909 1615 3975 δόξαν
1670 3913 2048 3989 ἀναπέμψωμεν
2100 3926 2171 3989 τῷ
2228 3923 2390 3991 πατρὶ
2454 3925 2544 3972 καὶ
2599 3928 2670 3991 τῷ
2735 3921 2830 3991 υἱῷ
2878 3923 2966 3971 καὶ
3022 3926 3093 3989 τῷ
3140 3916 3272 3989 ἁγίῳ
3318 3920 3571 3990 πνεύματι
3625 3926 3713 3970 νῦν
3772 3923 3860 3971 καὶ

2034 4121 2295 4178 NOTAE.

562 4232 951 4373 ἒ11-12)Ιι886
979 4234 1064 4305 ἡμ
1082 4236 1143 4307 ἐρ
1164 4253 1195 4287 α
1215 4254 1253 4296 ς.

591 4306 675 4373 t3)
699 4306 820 4360 Vox
852 4305 999 4361 forte
1028 4321 1253 4373 corrup‘

591 4306 675 4373 t3)
699 4306 820 4360 Vox
852 4305 999 4361 forte
1028 4304 1327 4377 Corrupta.
1356 4304 1516 4379 [Leg.
1554 4305 1774 4366 ἀπηνῶ
1795 4328 1836 4369 ς.
1867 4307 2051 4383 Eum]

2324 4241 2437 4311 (14)
2469 4241 2710 4295 Forsam
2739 4238 3059 4310 legendum
3096 4236 3223 4291 ἀλλὰ
3261 4237 3524 4311 ἄγγελοι
3573 4235 3843 4301 ἀπηνεῖς

2250 4315 2356 4363 καὶ
2388 4311 2662 4384 ἀπότομοι.

965 4574 1605 4699 IOANNES
1690 4577 2442 4700 ALBERTUS
2527 4576 3298 4700 FABRICIUS

993 4883 1090 4941 SS.
1135 4882 1593 4942 MACARIORUM
1635 4886 1951 4943 AEGYPTII
2001 4889 2083 4942 ET
2128 4888 2596 4945 ALEXANDRINI
2646 4887 2829 4943 VITIS
2874 4887 2956 4942 ET
3005 4885 3306 4943 SCRIPTIS

1475 5007 1621 5067 Cum
1650 5011 1798 5066 notis
1829 5011 2099 5067 Gottlieb.
2130 5012 2542 5082 Christophori
2572 5014 2813 5070 Harles.

466 5135 557 5201 [lo.
590 5131 705 5187 Alb.
730 5130 953 5186 Fabricii
982 5129 1286 5185 Biblotheca
1309 5128 1631 5205 Graecasive
1648 5136 2449 5205 n(ltitiascriptorumjeterum
2475 5136 3003 5205 graecorum._Editio
3026 5148 3169 5188 nova
3190 5149 3321 5187 cura
3341 5136 3500 5188 Gottl.
3522 5136 3824 5205 Christoph.

1473 5198 1677 5248 Harles.
1711 5200 1901 5249 Hamb.
1931 5198 2072 5259 1802,
2098 5202 2147 5249 4ο
2175 5201 2291 5251 Vol.
2324 5202 2439 5251 VIII
2543 5200 2832 5263 361-366,]

2116 5316 2184 5331 ἡ

541 5390 562 5442 t
591 5385 879 5447 Macarius
900 5387 1173 5457 Magnus,
1193 5385 1521 5458 Aegyptius
1541 5386 1876 5443 monachus
1896 5390 1952 5444 et
1968 5388 2293 5459 presbyter,
2326 5388 2382 5443 S.
2398 5387 2633 5443 Antonii
2654 5386 2986 5459 discipulus
3009 5387 3109 5461 (t),
3135 5388 3416 5460 magister
3430 5388 3661 5460 Evagrii
3680 5392 3828 5449 Pon-

467 5475 585 5543 tici,
603 5475 753 5533 obiit
771 5474 833 5532 in
854 5475 1089 5533 deserto
1121 5475 1323 5541 Scithi,
1344 5474 1403 5531 in
1420 5491 1543 5548 quo
1576 5475 1653 5532 ab
1676 5492 1733 5533 a.
1766 5478 1825 5533 C.
1856 5476 1955 5531 321
1981 5482 2251 5533 versatus
2274 5481 2379 5543 est,
2412 5474 2862 5547 nonagenarius
2893 5475 3048 5533 circa
3067 5489 3123 5532 a.
3144 5476 3205 5532 C.
3228 5473 3353 5535 391.
3372 5477 3451 5534 De
3471 5491 3593 5550 quo
3610 5476 3825 5535 Socra-

2017 5618 2275 5677 NOTAE.

535 5716 617 5793 (t)
649 5715 728 5775 Cf.
756 5717 1028 5781 Lambec.
1062 5718 1295 5779 Comm.
1326 5719 1385 5775 T.
1419 5684 1536 5775 VIII
1561 5732 1705 5791 pag.
1736 5720 1842 5777 722
1875 5734 2009 5794 sqq.
2044 5721 2223 5778 ΗΑῐιι..
