4084 6256
277 282 389 338 397
1149 284 1240 339 DE
1279 282 1383 339 SS.
1424 280 1773 339 MACARIIS
1812 281 2171 339 AEGYPTIO
2211 283 2298 339 ET
2334 283 2871 339 ALEXANDRINO.
3592 286 3699 344 398

268 408 586 479 thegmata
610 412 665 465 et
682 408 951 466 Homiliis
970 410 1210 467 Macarii
1232 409 1541 466 subiunxit
1562 409 1857 481 God/nidus
1878 409 2172 474 Arnotdus,
2198 409 2548 483 addiditque
2569 410 2833 480 Gregorii
2856 413 2990 467 Naz.
3013 410 3345 468 orationem
3367 413 3386 467 I
3405 412 3528 469 sive
3552 428 3701 485 apo-

267 496 598 568 logeticum
616 499 690 555 de
721 499 865 569 fuga
882 516 1013 569 sua,
1039 501 1289 556 Zenonis
1310 500 1662 556 Veronensis
1685 516 2023 555 sermonem
2052 500 2127 555 de
2155 499 2289 566 ﬁde,
2327 502 2380 556 S.
2408 500 2724 571 Ephraemi
2757 515 3062 555 sermones
3092 506 3369 573 quatuor,
3401 503 3459 557 S.
3486 502 3591 557 Nili
3624 502 3694 558 li-

271 587 456 643 brum
488 588 839 658 asceticum,
858 594 916 645 et
945 590 1139 661 capita
1161 590 1538 660 paraenetica
1563 590 1687 655 229,
1716 590 1987 661 Sextique
2018 590 2339 645 sententias
2368 592 2492 655 430,
2522 588 2861 645 Emanuelis
2885 589 3047 646 Phile
3068 591 3373 662 Hymnum
3404 590 3481 646 ad
3511 592 3693 663 Spiri-

267 683 402 733 tum
434 683 741 748 sanctum,
771 684 824 734 et
855 679 1066 735 Christi
1102 678 1284 745 dicta,
1317 695 1475 751 quae
1506 680 1565 734 in
1598 677 1979 749 evangelistis
2013 694 2132 732 non
2160 678 2558 748 reperiuntur.

347 767 511 837 [Pag.
536 768 664 839 365]
685 767 980 823 Nonnulla
996 770 1227 825 Macarii
1253 771 1557 840 fragmenta
1580 785 1649 823 ex
1675 768 1897 823 Catenis
1919 769 2172 832 Patrum,
2198 774 2262 821 ut
2280 767 2639 822 Corderiana
2659 766 2718 821 in
2746 767 3125 832 Matthaeum,
3152 772 3286 833 etc.,
3316 771 3375 823 et
3394 768 3696 826 orationes

268 855 603 911 nonnullas
630 856 814 913 latine
833 857 1168 913 Franciscus
1189 858 1533 929 Combeﬁsius
1562 857 1955 912 Bibliothecae
1975 872 2120 911 suae
2145 856 2629 911 concionatoriae
2652 856 2922 919 inseruit,
2941 855 3063 928 qui,
3093 857 3155 911 de
3173 857 3254 911 his
3270 857 3575 928 disputare,
3603 859 3693 914 in-

273 946 427 1017 quit,
470 953 520 1000 et
550 961 620 999 an
654 962 775 1000 vere
811 947 1053 1002 Macarii
1077 949 1307 1002 senioris
1347 947 1474 1001 illae
1503 946 1772 1001 Homiliae
1809 946 1920 1000 sint
1947 945 2183 1015 nihilque
2224 944 2515 1015 Pelagiani
2547 945 2792 1014 fur/uris
2832 961 3132 1016 inspersum
3162 946 3409 1011 habeant,
3450 963 3545 1003 nec
3575 949 3693 1003 eius

270 1034 565 1105 quicquam
586 1033 791 1089 laboret
823 1034 1048 1088 ἀπάθεια
1078 1035 1158 1108 [et
1188 1036 1350 1107 quod
1382 1036 1634 1103 angelos
1665 1034 2021 1105 animosque
2049 1048 2370 1102 corporeae
2399 1038 2647 1087 naturae
2674 1049 2805 1088 esse
2838 1034 3052 1089 Homil.
3088 1039 3139 1090 3.
3172 1041 3229 1091 et
3255 1035 3410 1091 libro
3439 1036 3514 1092 de
3545 1038 3692 1093 cari-

271 1129 395 1179 tate
446 1124 698 1193 statuit],
739 1124 975 1179 alterius
1020 1126 1122 1179 otii
1167 1126 1260 1191 sit,
1309 1126 1519 1196 fereque
1571 1125 1846 1195 occupavit
1895 1122 2292 1178 Brasichellani
2337 1122 2625 1192 diligentia
2669 1123 2727 1178 in
2774 1123 3009 1179 Romano
3064 1124 3241 1180 indice
3278 1126 3690 1197 expurgatorio,

273 1211 553 1267 emendati
595 1213 912 1285 quandoque
960 1231 996 1269 a
1038 1214 1242 1269 Labbeo
1288 1232 1393 1268 non
1436 1213 1591 1280 male,
1634 1213 1905 1285 plerisque
1953 1212 2082 1267 locis
2120 1212 2347 1267 modeste
2392 1211 2629 1277 laudati,
2679 1212 2935 1283 quicquid
2980 1213 3037 1267 in
3084 1213 3353 1270 Labbeum
3400 1215 3691 1271 invehatur

269 1300 819 1461 Ragdgiguzscetica
848 1391 1055 1447 CLXX
1096 1392 1461 1463 metaphrasi
1493 1392 1782 1447 illustrata
1808 1407 1844 1447 a
1871 1390 2121 1449 Simeone
2162 1389 2445 1461 Logotheta
2476 1393 2710 1444 exstant
2740 1390 2890 1445 MSS.
2942 1390 3002 1445 in
3044 1389 3191 1445 Bibl.
3226 1393 3515 1448 Caesarea
3540 1396 3689 1448 teste

266 1478 555 1534 Lambecio
584 1478 688 1534 lib.
722 1481 765 1533 V
793 1494 851 1551 p.
881 1482 975 1535 10I
1016 1481 1113 1551 (9).
1150 1480 1449 1536 Evolvisse
1488 1482 1669 1537 etiam
1696 1479 1793 1535 illa
1824 1494 1887 1536 se
1911 1484 2158 1536 testatur
2186 1479 2438 1533 Allatius
2469 1478 2543 1533 de
2586 1479 2936 1535 Simeonum
2968 1479 3204 1551 scriptis
3239 1496 3297 1551 p.
3332 1482 3456 1536 132.
3497 1482 3693 1537 Incer-

268 1574 427 1633 tum,
459 1567 655 1640 qualis
692 1567 842 1623 liber
866 1570 1097 1625 Macarii
1138 1571 1286 1625 inter
1312 1570 1428 1626 alia
1470 1574 1813 1625 Ascetarum
1855 1568 2074 1640 scripta
2114 1566 2569 1623 commendetur
2598 1582 2633 1623 a
2669 1567 2875 1622 Joanne
2914 1567 3246 1623 Antiocheno
3276 1568 3439 1641 apud
3471 1569 3693 1627 Cotele-

270 1658 435 1713 rium
467 1660 525 1713 '1‘.
557 1658 575 1711 Ι
609 1660 739 1714 Mon
772 1658 923 1714 Eccl.
954 1661 1157 1715 Graec.
1192 1678 1248 1731 p.
1288 1663 1404 1715 167.

348 1747 417 1800 II.
465 1748 756 1802 Macarius
796 1748 1011 1812 iunior,
1049 1748 1481 1814 Alexandrinus,
1518 1746 1851 1819 discipulus
1880 1750 1935 1802 et
1976 1747 2103 1818 ipse
2135 1744 2327 1815 Magni
2362 1745 2620 1809 Antonii,
2669 1745 3025 1811 monachus,
3064 1746 3384 1819 presbyter
3406 1752 3463 1804 et
3493 1748 3688 1805 abbas

271 1834 608 1903 Nitriensis,
637 1836 741 1907 qui
787 1837 946 1892 circa
976 1853 1029 1893 a.
1066 1838 1123 1891 C.
1164 1841 1268 1893 404
1298 1837 1677 1892 centenarius
1715 1832 1882 1891 obiit.
1921 1838 1996 1890 De
2042 1851 2111 1889 eo
2136 1835 2190 1888 J.
2235 1833 2532 1888 Bollandus
2566 1834 2597 1886 2
2639 1836 2879 1889 Ianuar.
2908 1836 2965 1888 Τ.
3003 1837 3019 1888 l
3067 1851 3125 1905 p.
3160 1835 3227 1889 84
3277 1852 3391 1907 sq.,
3428 1842 3484 1891 et
3529 1838 3692 1893 Tille-

273 1926 517 1979 montius
544 1926 602 1979 T.
650 1927 737 1979 VII
782 1928 1021 1981 Memor.
1053 1926 1193 1982 Hist.
1246 1926 1387 1981 eccl.
1433 1926 1729 1981 Palladius
1778 1940 1912 1995 cap.
1947 1928 2014 1979 20
2059 1923 2327 1979 Lausiac.
2361 1922 2622 1974 πολιτικόν
2670 1922 2783 1993 (10)
2816 1921 3042 1978 dictum
3088 1923 3268 1978 fuisse
3304 1930 3573 1995 testatur,
3608 1927 3686 1983 ab

276 2013 429 2067 urbe
459 2028 676 2083 nempe
701 2014 1078 2081 Alexandria,
1116 2022 1173 2070 ut
1200 2021 1367 2070 notat
1392 2014 1461 2069 H.
1498 2014 1802 2070 Dodwellus
1833 2014 1909 2069 ad
1941 2013 2345 2081 fragmentum
2374 2011 2627 2082 Philippi
2664 2010 2897 2083 Sidetae
2930 2027 2985 2082 p.
3018 2013 3121 2067 512
3152 2013 3288 2086 (11),
3322 2030 3358 2069 a
3387 2030 3510 2087 quo
3535 2016 3688 2073 inter

277 2095 641 2161 διδασκάλους
669 2101 789 2156 sive
819 2103 1155 2158 catechetas
1175 2103 1609 2159 Alexandrinos
1634 2103 1766 2158 loco
1796 2118 1890 2157 um

2073 2117 2115 2155 ,0
2146 2100 2491 2155 nominatur
2520 2101 2786 2174 Μακάριος
2808 2101 2833 2151 ὁ
2867 2099 3151 2162 πολιτικός.
3187 2104 3383 2158 Exstat
3413 2104 3525 2159 sub
3556 2104 3686 2160 eius

274 2189 522 2244 nomine
543 2190 753 2260 Regula
780 2192 1070 2246 monastica
1096 2192 1209 2263 (12)
1235 2193 1475 2261 triginta
1496 2191 1775 2262 capitulis
1792 2189 2251 2262 comprehensa,
2281 2205 2466 2261 quam
2489 2204 2561 2243 ex
2587 2189 2791 2244 codice
2818 2190 2924 2245 MS.
2963 2191 3234 2245 Beccensi
3257 2191 3484 2261 primus
3512 2193 3693 2249 latine

272 2277 463 2332 edidit
502 2277 938 2351 illustravitque
967 2280 1164 2335 Petrus
1200 2282 1463 2337 Roverius
1495 2282 1552 2335 S.
1590 2281 1637 2333 J.
1672 2282 1731 2335 in
1778 2281 1919 2334 Hist.
1962 2278 2304 2334 monasterii
2352 2278 2736 2333 Reomaensis
2768 2277 2829 2331 in
2871 2282 3059 2333 tractu
3094 2277 3263 2351 [Pag.
3305 2280 3437 2355 366]
3484 2281 3691 2352 Lingo-

269 2368 444 2421 nensi
472 2367 651 2422 Paris.
689 2369 841 2432 I637,
869 2371 945 2433 4°,
1001 2385 1060 2440 p.
1094 2370 1183 2433 24,
1216 2374 1274 2425 et
1295 2375 1431 2441 post
1462 2370 1775 2426 Roverium
1808 2368 1882 2422 Lu

2075 2367 2313 2422 ilstenius
2346 2367 2404 2421 in
2432 2365 2638 2421 codice
2672 2366 3031 2435 Regularum
3059 2369 3174 2439 (13)
3207 2370 3375 2425 Rom.
3424 2374 3575 2435 1637,
3614 2374 3688 2425 4ο.

276 2456 447 2511 ΡΑΒΒ.
493 2456 717 2525 Regula
743 2457 987 2512 Macarii
1015 2458 1225 2513 abbatis
1254 2458 1433 2513 latine
1470 2458 1526 2512 in
1558 2458 1692 2513 cod.
1733 2458 1990 2513 MDLXIV
2030 2459 2123 2511 ΝΡ.
2159 2459 2191 2510 2
2236 2454 2377 2510 Bibl.
2427 2455 2590 2525 publ.
2633 2455 2940 2510 Parisinus.
2974 2458 3035 2510 In
3077 2456 3210 2512 cod.
3246 2458 3410 2528 regio
3452 2460 3688 2515 Taurin.

270 2559 360 2615 gr.
420 2545 689 2600 CLXXVII
740 2545 842 2603 fol.
873 2550 942 2602 29
998 2547 1181 2603 Canon
1211 2547 1262 2601 S.
1298 2547 1662 2617 metropolitae
1691 2546 1828 2601 dom.
1858 2546 2100 2601 Macarii
2148 2544 2403 2609 iunioris,
2456 2547 2549 2615 qui
2585 2546 2873 2614 propriam
2923 2545 3091 2600 sedem
3131 2547 3356 2618 reliquit
3406 2548 3689 2603 humilita-

269 2632 347 2688 tis
374 2648 556 2700 causa,
597 2635 970 2706 ignorantiam
998 2636 1282 2701 simulans,
1315 2644 1473 2708 atque
1502 2637 1755 2691 asceticae
1783 2636 1928 2690 vitae
1963 2652 2016 2690 se
2054 2634 2201 2689 dedit
2232 2633 2292 2688 in
2323 2632 2583 2704 partibus
2621 2633 2835 2701 Cretae,
2875 2634 3147 2706 multaque
3189 2640 3481 2707 praeclara
3521 2640 3691 2694 mira-

268 2723 398 2781 eula
426 2721 619 2794 ubique
640 2724 790 2794 fecit,
832 2730 941 2780 etc.
975 2740 1031 2779 v.
1062 2728 1185 2781 Cat.
1228 2726 1404 2781 codd.
1439 2742 1525 2795 gr.
1554 2728 1726 2781 Taur.
1764 2740 1820 2795 p.
1853 2724 1977 2779 262.
2012 2728 2164 2778 Num
2208 2738 2345 2777 vero
2377 2730 2576 2777 noster
2607 2723 2915 2789 Macarius,
2961 2739 3037 2780 an
3068 2725 3392 2796 Ancyranus
3430 2735 3689 2800 metropo-

270 2810 397 2876 lita,
426 2827 503 2867 an
518 2812 670 2868 alius
693 2813 767 2869 sit
782 2813 1218 2884 intelligendus,
1243 2814 1279 2869 ii
1306 2814 1409 2885 qui
1431 2814 1701 2870 codicem
1720 2819 1977 2884 possunt
1998 2827 2372 2883 comparare,
2392 2811 2737 2876 decernant,
2758 2812 2863 2867 sed
2883 2813 3136 2885 Regulam
3163 2813 3323 2870 illam
3342 2817 3689 2873 monasticam

275 2913 470 2972 aeque
501 2916 569 2956 ac
598 2917 942 2958 sermonem
973 2903 1037 2957 de
1067 2903 1217 2959 exitu
1246 2904 1457 2959 animae
1494 2906 1783 2969 iustorum,
1816 2908 1927 2958 etc.
1967 2902 2021 2957 Ι.
2057 2902 2119 2956 G.
2162 2900 2366 2956 Walch.
2398 2900 2465 2955 H.
2500 2903 2559 2955 E.
2594 2918 2652 2973 p.
2690 2905 2819 2957 I373
2852 2918 2989 2957 cum
3017 2902 3146 2959 aliis
3172 2903 3534 2963 adnumerat
3563 2922 3688 2963 mo-

274 2989 577 3044 numentis
602 2992 947 3063 suppositis.
983 2994 1159 3047 ΒΑΜ..

350 3075 479 3131 Alia
504 3077 707 3149 Regula
727 3082 1094 3152 Serapionis,
1122 3082 1374 3146 Macarii,
1397 3081 1736 3153 Paphnutii,
1761 3078 2010 3136 iunioris
2030 3078 2264 3134 Macarii
2286 3082 2342 3133 et
2367 3078 2621 3133 aliorum
2655 3079 2723 3135 34
2745 3095 2815 3133 ex
2841 3079 3045 3134 codice
3067 3079 3549 3152 Affligemenensi
3571 3085 3686 3155 pri-

267 3180 441 3220 mum
481 3166 639 3223 edita
663 3168 741 3224 ab
772 3170 1005 3225 Henrico
1022 3170 1303 3241 Cuicquio,
1337 3172 1621 3242 episcopo
1637 3178 1840 3241 postea
1862 3167 2353 3237 Ruremondensi,
2380 3166 2457 3222 ad
2488 3167 2713 3224 calcem
2742 3168 3012 3224 Cassiani
3030 3170 3309 3241 Antverp.
3345 3175 3502 3236 1578,
3534 3173 3605 3241 8°,
3626 3179 3684 3231 et

264 3252 489 3309 deinde
520 3254 580 3309 in
612 3256 817 3312 codice
844 3259 1203 3327 Hegularum
1237 3259 1623 3315 Holsteniano
1657 3274 1885 3313 recusa.

341 3346 514 3412 Λόγος
558 3347 677 3416 περὶ
715 3343 894 3407 ἔξοδον
925 3347 1106 3418 ψυχῆς
1150 3345 1370 3401 δικαίων
1411 3353 1498 3401 καὶ
1547 3347 1859 3423 ἁμαρτωλῶν
1906 3351 1960 3399 τὸ
1996 3356 2101 3408 πῶς
2148 3345 2472 3421 χωρίζονται
2503 3343 2557 3396 ἐκ
2604 3351 2694 3398 τοῦ
2737 3350 2973 3418 σώματος
3005 3351 3094 3398 καὶ
3133 3355 3242 3409 πῶς
3291 3347 3445 3415 εἰσιν,
3496 3347 3679 3407 Sermo

262 3428 331 3483 de
386 3430 542 3486 exitu
587 3433 803 3489 animae
844 3435 1108 3494 iustorum
1160 3445 1208 3492 et
1254 3446 1616 3509 peccatorum,
1678 3437 1931 3509 quomodo
1978 3444 2309 3508 separantur
2366 3453 2398 3490 a
2448 3452 2666 3506 corpore
2718 3442 2767 3490 et
2812 3435 2870 3489 in
2917 3452 3018 3507 quo
3072 3442 3222 3491 statu
3277 3446 3510 3504 manent,
3565 3440 3678 3498 sub

1844 3555 2091 3609 NOTAE.

256 3662 780 3739 circumferuntur,
812 3667 1069 3723 Macarii.
1106 3668 1253 3723 Phil.
1287 3668 1459 3723 Labbe
1488 3668 1732 3724 editioni
1772 3684 1915 3723 suae
1951 3674 1994 3723 A
2026 3669 2168 3724 Bibl.
2205 3668 2450 3726 Coislin.
2484 3684 2542 3739 p.
2573 3666 2675 3722 399
2706 3673 2761 3722 et
2779 3667 2904 3723 295.
2938 3668 3255 3739 Utriusque
3284 3668 3406 3725 vita
3437 3668 3497 3725 in
3531 3670 3675 3727 Hist.

260 3734 458 3806 Glycae
477 3736 790 3812 annalium
815 3739 989 3805 (inter
1012 3739 1338 3810 Scriptores
1363 3741 1504 3795 Hist.
1538 3741 1915 3812 Byzantinae)
2028 3740 2463 3796 monachorum
2486 3734 2839 3812 'Aegyptior.
2879 3738 2938 3793 in
2970 3740 3104 3812 cod.
3143 3734 3370 3795 Coislin.
3416 3742 3677 3811 LXXXIII,

253 3807 1207 3884 praemisitsyllabumauctorum
1229 3807 1711 3867 siveeditordma
1734 3812 1916 3884 Glyca
2025 3829 2082 3867 v.
2119 3812 2425 3884 Mont/‘auc.
2458 3812 2495 3865 I.
2536 3807 2682 3884 1ξρ.
2718 3811 2823 3884 138
2850 3826 2939 3884 sq.
2978 3811 3140 3884 Idem
3182 3829 3235 3881 p.
3265 3813 3371 3884 A111
3412 3807 3678 3871 recenset

260 3884 755 3935 memoratorum.
797 3882 953 3935 Inter
996 3882 1251 3937 ineditos
1283 3884 1496 3937 citatur
1524 3880 1915 3940 Macarius'ab-
2026 3883 2159 3938 cod.
2204 3883 2427 3937 XXXVII
2458 3898 2505 3935 s.
2548 3881 2782 3936 Niconis
2822 3880 3233 3936 collectionem
3262 3881 3533 3939 locorum
3576 3887 3674 3942 SS.

257 3947 437 4026 bas,_6
487 3952 643 4026 μέγαε
680 3955 952 4026 Μακάριος
991 3952 1039 4005 ἐν
1080 3954 1399 4019 ἐπιστολαῖς,
1442 3971 1477 4009 a
1517 3956 1698 4026 Glyca
1737 3972 1795 4025 p.
1845 3955 1870 4009 8

2064 3961 2081 4009 t
2108 3952 2885 4026 Scriptor.Ecclesiasticor.,
2918 3953 3066 4006 inter
3095 3956 3523 4026 quosoccurrit
3554 3955 3677 4010 Ma-

254 4018 568 4098 laudatusl
598 4022 820 4079 Censor
841 4018 1133 4098 "Scriptor.
1162 4026 1304 4081 Hist.
1340 4018 1915 4098 ItyzantfinﬂB'aum-
2022 4026 2207 4098 carius
2239 4018 2667 4098 'Alemandrinus
2704 4022 2775 4076 ad
2812 4039 3064 4098 magnum
3100 4018 3395 4098 Eusebium
3433 4024 3673 4079 Aleman-

253 4094 510 4166 gartenii
549 4108 726 4165 opere
756 4111 767 4148 :
812 4094 1205 4152 Nachrichten
1232 4113 1346 4152 von
1379 4094 1547 4151 einer
1587 4097 1909 4152 hallischen
2022 4097 2268 4159 drinum,
2300 4096 2371 4149 de
2402 4110 2524 4166 quo
2555 4094 2628 4149 cf.
2664 4109 2845 4166 supra
2875 4096 2933 4148 in
2967 4094 3087 4148 Vol.
3121 4094 3237 4166 VIII
3272 4110 3328 4163 p.
3360 4099 3462 4150 295
3503 4111 3537 4149 a
3574 4098 3675 4152 Fa-

252 4162 397 4237 Hibl.
429 4162 610 4237 Tom:
640 4167 681 4219 V
710 4182 768 4237 p.
803 4169 925 4231 420,
968 4170 1095 4224 Not.
1134 4168 1324 4231 docet,
1366 4167 1750 4235 intelligenda
1781 4184 1911 4223 esse
2022 4168 2209 4223 bricio
2225 4172 2280 4222 et
2308 4162 2621 4220 celfKeiIio
2647 4162 2951 4237 adnotata.
2976 4166 3129 4220 Add.
3154 4162 3333 4237 indic.
3360 4165 3661 4237 Montfauc.

254 4234 560 4314 Opuscula
581 4234 1147 4314 asceitica_,_etlocum
1167 4256 1207 4314 _a
1229 4240 1409 4312 Glyca
1432 4234 1672 4314 citatum
1693 4256 1911 4314 eonve-
2021 4240 2097 4294 ad
2132 4239 2274 4314 Bibl.
2311 4237 2487 4293 Coisl.
2524 4251 2685 4314 voce.
2718 4236 2999 4314 Macarius
3023 4244 3133 4314 etc.
3161 4236 3338 4314 Han}.

251 4306 379 4359 nire
419 4321 559 4382 cun_1
600 4309 790 4382 capite
831 4310 876 4363 II
918 4311 1201 4380 Opusculi
1252 4306 1463 4382 quarti,
1510 4316 1566 4365 et
1605 4311 1905 4382 opinatur.
2095 4312 2180 4382 II)
2214 4313 2308 4365 Est
2333 4324 2574 4379 quoque
2601 4308 2957 4382 translatum
2984 4307 3043 4361 in
3065 4307 3216 4382 13:4.
3250 4307 3416 4382 Fabr.
3448 4306 3670 4382 librum

246 4377 881 4455 nomenEpistoIarum
911 4377 1109 4455 aptius
1134 4377 1338 4446 videri,
1372 4398 1557 4455 quam
1601 4377 1906 4455 vulgatum
2018 4382 2092 4437 de
2132 4377 2372 4436 salutari
2392 4377 2547 4455 _lucc
2569 4378 2878 4455 Evangelii
2918 4394 3049 4449 cap.
3084 4379 3153 4433 IX
3181 4394 3240 4448 p.
3285 4379 3406 4434 188.
3454 4379 3528 4433 cf.
3564 4379 3668 4435 Ca-

249 4446 653 4521 Opusculorumr
701 4456 881 4521 atque
929 4446 1316 4508 Homiliarum.
1363 4446 1732 4521 (lpusculum
1776 4454 1797 4507 Ι
1846 4454 1907 4507 de
2017 4470 2167 4508 veum
2198 4456 2359 4507 Tom.
2392 4452 2411 4503 Ι
2443 4468 2498 4521 p.
2532 4451 2655 4505 256.
2687 4450 2864 4505 HARL.

248 4518 497 4595 custodia
528 4520 705 4595 cordis
735 4518 910 4595 estin
954 4524 1095 4579 Cod.
1140 4526 1303 4579 Caes.
1350 4518 1572 4579 Vindob.
1615 4525 1907 4581 CCXXXIV
2091 4524 2177 4595 12)
2223 4525 2385 4578 Hanc
2416 4518 2681 4595 regulam
2723 4521 2953 4595 videtur
2991 4518 3316 4595 intelligere
3358 4520 3668 4595 Gennadius

250 4591 347 4643 ΝΡ.
391 4592 564 4668 1:5,}.
597 4592 842 4668 Lambec.
885 4596 1117 4651 Comm.
1143 4598 1307 4651 Tom.
1352 4598 1392 4649 V
1423 4614 1480 4668 p.
1529 4598 1646 4659 151,
1676 4602 1906 4652 notam-
2016 4591 2343 4668 cap.'1f.‘_de
2384 4594 2590 4668 Script.
2624 4592 2798 4668 Ec_cl.,
2830 4606 3085 4668 eamque
3121 4592 3376 4646 tribuere
3415 4594 3667 4668 Macario

252 4674 376 4737 que
399 4662 655 4737 Hollarii‘.
678 4664 862 4737 illam.
1425 4662 1438 4668 ’
1680 4736 1687 4737 ί
2015 4662 2322 4737 Aegyptio,
2359 4662 2542 4737 signis
2564 4669 2631 4737 et
2648 4663 2963 4737 virtutibus
2986 4662 3166 4737 claro,
3190 4678 3369 4737 quem
3397 4664 3476 4737 ait
3501 4680 3667 4737 unam

329 4731 385 4809 9)
432 4732 587 4809 [_P_a_g‘.
624 4735 765 4809 3651
802 4736 935 4791 Sive
983 4752 1042 4805 p.
1096 4739 1199 4791 214
1249 4754 1382 4809 sqq.
1424 4738 1519 4791 ed.
1568 4736 1782 4792 Kollar.
1829 4737 1904 4792 de
2013 4731 2750 4809 ad'i'unioresprofessionis
2783 4750 2909 4789 suae
2946 4731 3555 4809 scripsisse_epistolam,
3606 4735 3665 4789 in

249 4800 388 4881 god-
432 4800 617 4881 CCXL.
653 4800 867 4881 Eadem
912 4800 1144 4881 Macarii
1185 4800 1404 4881 capita,
1440 4809 1542 4863 sed
1584 4809 1708 4881 sine
1742 4825 1903 4881 men-
2013 4825 2118 4881 qua
2140 4808 2283 4862 docet
2327 4800 2746 4875 illum'per/ecte
2784 4822 2936 4877 posse
2972 4800 3178 4859 servire
3214 4800 3351 4881 _Deo,
3393 4806 3489 4876 qui
3534 4822 3667 4861 con-

249 4872 412 4948 tjone
434 4875 725 4930 Simeonis
747 4879 1197 4948 Metaphrastae,
1218 4872 1450 4935 sistant
1475 4881 1653 4934 etiam
1680 4880 1736 4933 in
1764 4880 1899 4935 cod.
2013 4872 2273 4934 ditionem
2318 4872 2754 4932 creatio'nis'suae
2782 4872 3106 4947 cognoscens,
3152 4876 3227 4931 ad
3250 4872 3428 4932 omnes
3475 4885 3664 4933 semet-

247 4944 484 5021 Caesar.
531 4948 817 5021 CCXXXIV
864 4944 954 5004 ΝΤ.
1016 4956 1099 5009 16.
1142 4944 1196 5004 ν.
1243 4951 1485 5007 Lambec.
1536 4952 1702 5007 Tom.
1748 4951 1796 5003 V
1844 4967 1899 5021 p.
2015 4951 2185 5020 ipsum
2246 4949 2597 5021 inclinaverit
2653 4944 2879 5013 labores,
2932 4955 3013 5021 et,
3051 4948 3300 5021 luctando
3353 4955 3509 5019 atque
3561 4950 3667 5005 Dei

245 5015 372 5092 15__I,
405 5022 584 5089 atque
617 5018 833 5092 Hollar.
864 5021 1131 5086 adnotat,
1170 5024 1387 5092 Opusc.
1419 5039 1549 5077 esse
1581 5022 1778 5076 adhuc
1818 5015 1903 5077 iu-
1932 5021 1972 5073 B
2012 5015 2284 5076 duxilium
2313 5020 2576 5092 adversus
2609 5037 2777 5092 omne,
2817 5018 2954 5090 quod
2992 5020 3049 5072 in
3080 5020 3176 5073 hac
3224 5020 3339 5074 vita
3365 5015 3525 5075 suave
3566 5029 3660 5086 est,

241 5086 505 5164 editum,
537 5094 595 5164 et
621 5089 786 5156 illud,
822 5093 982 5162 quod
1013 5086 1278 5164 Pessinus
1316 5095 1374 5147 in
1413 5094 1581 5149 Thes.
1617 5099 1797 5164 ascet.
1842 5109 1898 5164 p.
2012 5091 2371 5162 imploranda,
2422 5091 2493 5145 ad
2532 5086 2844 5164 naturalem
2896 5106 3111 5164 quoque
3140 5093 3458 5164 perveniens
3498 5093 3661 5161 puri-

241 5158 309 5212 47
363 5160 701 5237 praemissa
734 5158 1081 5237 repi'graphe
1126 5170 1255 5237 Περὶ
1304 5165 1615 5226 τελιιότητος
1655 5158 1854 5237 inme"

2048 5158 2195 5237 item,
2237 5163 2620 5237 continentiam
2675 5161 2840 5217 veluti
2883 5158 3438 5237 naturale—debitum
3468 5158 3661 5217 munus

241 5248 369 5302 pom
399 5231 765 5302 protulisset,
793 5231 1146 5289 'nihil'aliud
1185 5231 1315 5291 esse
1345 5252 1414 5292 ac
1444 5237 1688 5291 brevem
1724 5235 1902 5290 huius
2009 5231 2329 5290 obtinuerit.
2367 5236 2531 5289 FABR.
2553 5234 2718 5288 Illam
2751 5240 2952 5287 autem
2974 5231 3311 5302 epistolam,
3346 5232 3515 5288 cuius
3544 5250 3663 5289 me-

244 5300 535 5374 Opus'culi
567 5300 889 5374 epitomen.
918 5306 1095 5360 Hann.
2012 5308 2180 5362 minit
2215 5306 2581 5367 Gennadius,
2614 5306 2876 5373 potuisse
2916 5300 3201 5359 Homilies
3232 5304 3533 5359 continere
3569 5321 3662 5359 su-

319 5373 679 5447 19)_Macarii
705 5376 976 5429 πολιτικοῦ
1005 5377 1126 5432 vita
1164 5392 1251 5445 gr.
1284 5378 1340 5432 in
1374 5377 1507 5433 cod.
1544 5379 1749 5433 CMXIV
1791 5379 1889 5433 Nr.

2043 5378 2272 5447 picatur
2318 5377 2363 5431 Ι.
2399 5376 2461 5431 G.
2521 5375 2730 5431 Walah.
2778 5374 2847 5429 Η.
2891 5376 2950 5428 Ε.
2997 5390 3056 5445 p.
3091 5375 3245 5447 1369.
3298 5374 3539 5447 Add.AV_.
3596 5377 3656 5429 D.

246 5444 494 5520 1_5_Bi_bl.
541 5446 708 5520 puibl.
748 5444 1218 5520 ΡανίεηΜαοανίἰ
1254 5454 1311 5503 et
1352 5449 1622 5520 Aegyptii
1662 5456 1717 5503 et
1759 5449 1901 5517 poIi-
2008 5444 2295 5520 iudicium
2330 5447 2510 5520 paqu
2542 5453 2676 5502 ante
2699 5463 2768 5501 ex
2801 5444 3241 5515 Baumgartenii
3268 5444 3659 5502 Nachrichten

240 5513 336 5569 tici
362 5514 483 5571 vita
508 5513 582 5572 ex
612 5518 761 5574 Hist.
792 5518 1086 5575 Lausiaca
1116 5521 1172 5573 in
1194 5520 1326 5574 cod.
1362 5513 1589 5577 Coislin.
1615 5513 1896 5576 CCLXXII.
2010 5525 2117 5575 etc.
2151 5513 2417 5573 allatu'm.
2454 5518 2628 5573 HARL.

244 5586 561 5663 Utriusque
576 5591 811 5663 Macarii
832 5590 992 5663 dicta
1008 5594 1071 5663 in
1086 5590 1431 5646 collectione
1454 5592 1719 5663 quadam
1740 5606 1899 5663 asce-
2055 5589 2237 5663 _[Pag.
2273 5588 2402 5662 366]
2447 5590 2536 5660 13)
2564 5588 2791 5663 ᾼΙίεξὶῑι⁸
2822 5586 3027 5663 codice
3056 5586 3401 5663 regularum
3440 5583 3659 5640 Holste-

240 5657 501 5717 ticorum
547 5660 610 5718 in
654 5660 789 5719 cod.
841 5661 1070 5719 Coislin.
1123 5663 1432 5733 CCXXXII,,
1473 5657 1538 5717 'v.
1584 5662 1896 5734 Mont/auc.
2008 5657 2499 5719 niano'conténta
2517 5657 2653 5717 vide
2680 5661 2739 5714 Β.
2774 5658 2946 5731 Ittigii
2969 5657 3122 5715 libro
3148 5675 3211 5731 p.
3238 5657 3342 5712 652
3372 5671 3463 5728 sq.
