4084 6256
468 281 575 339 399
1790 276 1891 333 SS.
1932 276 2080 333 MAC

2284 274 2620 334 AEGYPTII
3782 271 3896 329 400

463 406 643 464 huius
670 405 904 463 Macarii
938 404 1182 461 nomine
1212 403 1405 459 editus
1435 409 1525 460 est
1555 418 1628 459 ex
1666 402 1871 459 codice
1902 405 2011 461 MS.
2047 403 2190 460 Bibl.
2226 403 2509 461 Paulinae
2549 399 2870 475 Lipsiensis
2900 413 2938 455 a
2968 397 3234 455 Guilelmo
3264 397 3434 454 Cavea
3462 398 3576 470 (14)
3605 397 3896 468 interpre-

470 495 697 552 tatione
717 494 949 549 Henrici
968 493 1277 547 Warthoni.
1302 492 1516 548 Postea
1530 492 1709 547 veluti
1724 492 2015 548 ineditum
2030 509 2099 549 ex
2120 496 2330 549 eodem
2359 491 2644 563 Lipsiensi
2658 495 2715 545 et
2730 487 2971 543 duobus
2987 487 3425 543 Viennensibus
3450 484 3894 556 codicibus(l5)

474 600 614 639 cum
637 582 914 638 versione
936 598 1045 638 sua
1066 581 1334 649 vulgavit
1356 581 1583 636 Jacobus
1605 582 1810 637 Tollius
1832 582 1945 653 (t6)
1970 582 2028 637 in
2054 582 2394 652 insignibus
2413 580 2641 636 Itineris
2668 578 2851 634 Italici
2878 593 2938 648 p.
2969 581 3067 632 192
3088 576 3382 633 Ultraiect.
3420 579 3572 641 1696,
3597 579 3674 632 4ο.
3693 576 3759 631 In
3771 575 3891 632 alio

470 672 606 736 MS,
638 671 805 743 quod
842 675 1134 726 memorat
1163 669 1473 724 Lambecius
1502 669 1605 724 lib.
1640 671 1704 724 Vl
1729 687 1784 741 p.
1819 675 1921 727 303
1955 672 2089 742 (17),
2124 671 2400 726 tribuitur
2429 668 2752 725 Alexandro
2781 666 3019 730 Ascetae,
3054 665 3291 723 Macarii
3317 664 3536 721 scilicet
3563 664 3888 735 discipulo.

464 763 614 816 Nam
659 760 722 814 in
754 757 894 826 alio,
926 774 1109 830 quem
1138 757 1359 814 Tollius
1390 759 1567 814 etiam
1598 758 1874 829 inspexit,
1904 775 2077 830 pran

2271 766 2364 814 tur
2392 758 2578 814 verba
2620 763 2711 809 τοῦ
2759 755 2909 827 ἁγίου
2953 759 3233 827 Μαχαρίου
3282 760 3373 806 τοῦ
3402 749 3783 826 Ἀλεξανδρέως
3812 772 3825 784 ·
3861 753 3884 803 ὁ

468 850 716 920 μαθητὴς
756 844 1056 918 διηγήσατο
1086 848 1167 900 ὅτι
1199 850 1319 899 ποτε
1358 853 1467 902 etc.
1503 847 1584 901 Cf.
1627 847 1880 902 similem
1909 847 2048 905 licet

2276 864 2417 903 irem
2451 846 2707 918 διήγησιν
2747 851 2838 897 τοῦ
2877 848 3139 917 μακαρίου
3179 844 3453 898 ’Δντωνίου
3494 842 3659 915 apud
3696 840 3889 898 Palla-

466 937 634 994 dium
662 937 721 992 in
747 937 1041 994 Lausiaca
1062 936 1317 992 Historia
1347 950 1407 1007 p.
1434 936 1505 991 69
1536 935 1683 992 Edit.
1719 936 1968 993 Meursii.

537 1027 928 1097 Fragmentum
958 1024 1014 1078 ἐκ
1047 1033 1150 1077 τῶν
1189 1024 1488 1101 ἐρωτήσεων
1517 1028 1645 1098 πρὸς
1692 1028 1778 1077 τὸν
1826 1029 1987 1098 μέγαν
2036 1025 2150 1080 Εὐσι

2271 1022 2706 1099 ρἈλεξανδριίας
2754 1025 2817 1080 in
2860 1025 3014 1081 MSS.
3064 1022 3368 1094 Anonymi
3410 1020 3560 1080 locis
3604 1034 3884 1077 commu-

466 1115 645 1171 nibus
673 1115 962 1181 asceticis,
999 1115 1075 1172 de
1100 1114 1322 1188 quibus
1353 1115 1665 1171 Lambecius
1700 1114 1804 1171 lib.
1834 1117 1876 1168 V
1904 1130 1967 1187 p.
2004 1119 2105 1172 154
2129 1131 2219 1188 sq.
2252 1116 2333 1187 [in
2374 1115 2507 1172 cod.
2542 1116 2695 1172 CCLI
2728 1130 2782 1170 v.
2815 1129 2876 1186 p.
2904 1112 3008 1171 326
3046 1113 3153 1170 Ed.
3186 1111 3406 1171 Kollar.
3439 1115 3496 1169 et
3519 1110 3595 1168 de
3622 1108 3879 1166 Eusebio

466 1203 872 1263 Alexandrino
901 1203 979 1263 ad
1010 1204 1135 1261 init.
1164 1204 1347 1261 huius
1378 1204 1422 1259 ΙΙ
1454 1204 1752 1262 sectionis.
1781 1204 1989 1278 Hann].

2070 1486 2292 1551 IDEM

1514 1640 1628 1705 Sub
1656 1639 1844 1702 indice
1874 1662 1905 1700 ι
1930 1640 2278 1702 Sanctorum
2296 1639 2478 1720 elogia
2505 1647 2556 1701 et
2584 1639 2736 1701 vitae
2765 1662 2797 1699 »
2816 1685 2832 1701 .

1985 1792 2072 1846 DE
2111 1790 2366 1848 IISDEM.

1892 1933 2026 1985 Ibid.
2052 1933 2171 1984 Vol.
2202 1933 2246 1982 χ
2270 1947 2324 1997 ρ.
2355 1933 2466 1983 271.

537 2203 781 2261 Macarii
821 2213 1156 2277 cognomento
1196 2206 1530 2259 πολιτικοῦ
1568 2206 1755 2262 Paris.
1790 2206 1849 2262 in
1895 2205 2026 2261 cod.
2078 2206 2281 2263 CMXIV
2317 2209 2385 2263 Νο
2432 2210 2493 2263 15
2518 2210 2574 2263 et
2613 2209 2707 2262 Nr.
2745 2207 2812 2263 16
2842 2205 3104 2263 narratio
3139 2206 3214 2262 de
3242 2205 3481 2263 duabus
3520 2206 3882 2265 mulieribus

465 2296 523 2349 et
543 2292 762 2349 abbate
792 2295 1064 2351 Macario.
1097 2297 1163 2350 In
1192 2295 1332 2351 Bibl.
1368 2294 1631 2367 publica.
1666 2296 1843 2351 HABL.

531 2382 776 2437 Macarii
803 2383 1075 2454 Aegyptii.
1105 2391 1309 2456 Μικροῦ
1339 2386 1612 2457 Μακάριος
1642 2381 1881 2457 διέφυγεν
1907 2386 1932 2435 ὁ
1955 2384 2144 2456 Αἰγύπτ

2289 2387 2505 2441 Auctor
2528 2387 2791 2441 Joannes
2824 2383 3201 2457 Hagiopolita
3239 2383 3364 2441 sive
3394 2384 3679 2442 Hierosol.
3711 2389 3882 2445 FABR.

468 2470 532 2526 In
564 2471 699 2526 cod.
732 2472 1004 2527 Naniano
1032 2472 1274 2528 CXXXVI
1298 2476 1390 2528 Nr.
1424 2474 1515 2538 24,
1549 2474 1604 2527 in
1635 2489 1757 2544 quo
1788 2478 1996 2528 auctor
2016 2473 2232 2528 dicitur
2260 2474 2605 2541 Hagioelita,
2640 2490 2694 2527 v.
2726 2480 2838 2530 cat.
2876 2474 3053 2529 codd.
3083 2489 3171 2545 gr.
3201 2476 3346 2529 Nan.
3382 2489 3440 2545 p.
3471 2478 3595 2531 316.
3625 2478 3802 2532 ΒΑΜ..

537 2560 778 2617 Macarii
804 2562 1079 2615 eremitae.
1112 2562 1517 2637 Παρακαλοῦμεν
1543 2564 1592 2615 οἱ
1620 2567 1871 2617 ταπεινοί.
1907 2562 2050 2618 Cod.
2087 2564 2150 2617 Ba

1635 2567 1871 2617 ταπεινοί.
1907 2562 2050 2618 Cod.
2087 2564 2325 2617 Barocc.
2355 2564 2597 2617 CXLVII.

538 2648 909 2705 Macariorum
920 2650 1147 2705 duorum
1162 2651 1473 2723 Aegyptiiet
1487 2651 1866 2706 Alexandrini
1883 2652 2175 2723 Marcique
2195 2652 2497 2719 monachi,
2512 2656 2754 2708 auctore
2772 2650 3036 2708 Palladio
3053 2652 3336 2725 episcopo
3350 2653 3753 2711 Macedoniae.
3766 2654 3800 2709 Ι
3801 2653 3880 2709 lla

466 2753 604 2810 quae
625 2737 688 2791 de
715 2738 1170 2808 praedicabilibus
1195 2747 1242 2795 et
1275 2740 1442 2796 beatis
1460 2741 1779 2811 referuntur
1800 2742 1957 2795 viris.
1989 2741 2191 2796 Latine
2225 2742 2387 2811 apud
2415 2740 2653 2796 Surium
2680 2746 2712 2796 2
2741 2743 2985 2797 Januar.
3018 2757 3090 2796 ex
3116 2741 3361 2797 Palladii
3387 2743 3529 2798 Hist.
3566 2744 3877 2800 Lausiaca.

468 2827 640 2883 FABR.
659 2826 743 2884 Cf.
763 2832 875 2882 AA.
902 2828 997 2885 SS.
1020 2830 1260 2884 Ianuar.
1284 2832 1448 2885 Tom.
1477 2833 1492 2884 Ι
1520 2845 1578 2901 ρ.
1609 2829 1741 2885 1005
1773 2845 1907 2902 sqq.
1936 2830 2058 2884 vita
2080 2844 2151 2884 ex
2178 2829 2280 2883 Ms.
2304 2844 2499 2893 graec.
2525 2846 2662 2885 cum
2686 2834 3009 2885 comment.
3033 2830 3310 2902 notisque
3334 2830 3622 2897 Bollandi,
3643 2836 3702 2887 et
3720 2832 3875 2888 ibid.

466 2930 530 2987 p.
565 2918 699 2971 1012
728 2920 785 2972 et
814 2931 983 2990 seqq.
1017 2918 1137 2975 vita
1167 2933 1239 2973 ex
1274 2917 1516 2974 Palladii
1546 2918 1684 2974 Hist.
1712 2919 2021 2984 Lausiaca,
2050 2933 2122 2973 ex
2154 2917 2367 2973 Ruﬁno
2394 2921 2453 2971 et
2476 2917 2616 2973 Vitis
2650 2920 2908 2983 Patrum,
2937 2935 3076 2975 cum
3111 2918 3376 2975 Bollandi
3406 2920 3585 2976 notis.
3616 2920 3740 2977 Vita
3769 2922 3884 2977 Ma-

460 3004 608 3061 carii
635 3004 875 3063 abbatis
897 3006 1281 3064 Alexandrini
1311 3023 1383 3063 ex
1416 3008 1554 3063 Vitis
1587 3010 1824 3065 Patrum
1848 3007 2095 3064 collecta
2122 3021 2260 3061 cum
2288 3010 2613 3063 comment.
2648 3012 2705 3062 et
2743 3007 2903 3064 notis
2934 3006 3085 3064 ibid.
3113 3023 3176 3080 p.
3207 3008 3278 3063 84
3307 3024 3441 3081 sqq.
3474 3010 3652 3066 HARL.

2042 3151 2306 3207 NOTAE.

528 3302 617 3375 με)
644 3302 718 3375 l_n_
733 3302 874 3359 Hist.
911 3304 1011 3359 Lit.
1045 3304 1280 3375 Scriptt.
1308 3302 1459 3359 Eccl.
1488 3302 1565 3359 ad
1592 3318 1646 3359 a.
1682 3305 1740 3360 C.
1774 3306 1875 3375 373
1906 3302 2095 3375 Lond.
2215 3315 2365 3375 cap.
2390 3300 2570 3375 HABL.

457 3370 605 3453 666.
644 3372 744 3453 (oi.
798 3393 813 3441 ;
874 3376 1091 3431 Genev.
1146 3370 1308 3430 1⁷694.
1360 3375 1521 3429 1705.
1578 3375 1717 3429 1720
1770 3373 1869 3429 fol.
1907 3373 2100 3437 ;Basil.
2258 3372 2376 3453 ,16)
2406 3372 2550 3438 Alia,
2580 3386 2735 3453 quae
2764 3371 2825 3453 in
2856 3370 2960 3453 illo
2990 3370 3158 3453 'l‘ollii
3187 3372 3493 3453 volumine
3523 3379 3876 3453 occurrunt,

457 3443 773 3517 1711³,1ΪοῂΔ
990 3515 1001 3517 _
1250 3516 1261 3517 ί
1368 3516 1373 3517 γ
1643 3515 1651 3517 4
1733 3515 1741 3517 _
2215 3443 2350 3517 vide
2398 3443 2690 3517 recensita
2733 3443 2810 3499 ab
2854 3443 3043 3515 Ittigio
3083 3458 3141 3515 p.
3192 3445 3295 3499 710
3344 3460 3457 3517 sq.,
3509 3451 3565 3502 et
3612 3446 3676 3502 in
3716 3448 3878 3504 Actis

526 3513 616 3585 15)
645 3514 870 3569 Scilicet
896 3515 1029 3569 cod.
1054 3517 1189 3585 CCX
1218 3516 1313 3569 Nr.
1355 3516 1441 3570 12.
1473 3515 1786 3585 Inscriptio
1816 3520 2016 3569 autem
2050 3521 2106 3570 et
2217 3516 2395 3570 Erud.
2431 3531 2488 3570 a.
2519 3516 2655 3570 1696
2686 3530 2744 3585 ρ.
2773 3519 2896 3571 297.

450 3583 690 3659 initium
734 3591 866 3640 est:
916 3593 1007 3638 τοῦ
1052 3584 1215 3639 Ἀϐϐά
1261 3592 1534 3659 Μακαρίου
1582 3583 1691 3659 «ab;
1732 3588 2024 3657 χωρίζεται

2286 3586 2374 3656 17)
2398 3588 2463 3659 _ln
2491 3583 2702 3659 priore
2724 3585 3019 3659 Lambecii
3049 3585 3191 3659 edit.
3216 3585 3350 3659 cod.
3385 3602 3567 3643 mem.
3605 3590 3880 3647 recensio

451 3654 609 3726 ψυχὴ
656 3655 711 3706 ἐκ
748 3663 840 3708 τοῦ
891 3662 1151 3728 σώματος,
1203 3662 1338 3723 etc.,
1385 3654 1440 3712 ν’.
1488 3654 2064 3713 ιαπιὸθοΪΟὸωωθηι

2268 3654 2503 3712 ιθτὸὺειῐ
2523 3658 2581 3712 in
2604 3656 2937 3727 appendice
2963 3657 3096 3711 libri
3123 3658 3214 3724 VI,
3245 3657 3350 3713 sed
3380 3659 3439 3713 in
3463 3659 3605 3715 edit.
3636 3660 3881 3718 Kollarii

450 3728 866 3805 Iom._Vp.49,
891 3727 1505 3805 ibique‘Kollariinot.
1529 3733 1587 3783 In
1614 3729 1747 3784 cod.
1773 3728 2101 3805 CQXXXVIII
2212 3728 2839 3805 numera_tui:__in__V_ol._
2875 3729 2923 3779 V
2960 3744 3019 3799 p.
3054 3731 3155 3783 628
3197 3728 3319 3805 (ubi
3356 3746 3410 3805 v.
3454 3737 3578 3805 not.
3625 3732 3885 3805 Kollar.)

448 3799 544 3853 Nr.
592 3798 657 3871 13
698 3804 785 3853 est
820 3798 1111 3871 anonymi
1148 3800 1412 3855 narratio
1443 3799 1517 3854 de
1548 3806 1713 3871 statu
1752 3801 2098 3871 animarum
2211 3798 2343 3871 cod.
2398 3800 2775 3871 CCCXXXVH,
2827 3800 2884 3854 in
2928 3798 3051 3871 quo
3095 3798 3325 3871 est‘Nr.
3389 3804 3422 3854 2
3470 3802 3586 3857 sub
3630 3798 3881 3871 nomine

445 3874 582 3993 post
602 3870 754 3924 hanc
775 3869 959 3926 vitam
977 3869 1032 3926 et
1051 3872 1125 3925 de
1149 3872 1207 3926 S.
1228 3871 1475 3927 Macario
1497 3870 1918 3926 Alexandrino.
1942 3872 2058 3925 Lan

478 3955 622 3993 ocius
652 3940 691 3993 l.
725 3942 764 3993 ι.
796 3956 854 3993 n.
898 3942 1000 3993 208
1031 3944 1310 3993 observat
1346 3942 1607 3993 Joannem
1640 3942 1956 3993 Sambucum
1992 3960 2057 3993 su

2268 3869 2522 3924 lexandri
2568 3870 2867 3925 eremilae:
2922 3869 3036 3925 inc.
3083 3877 3174 3923 τοῦ
3213 3870 3365 3942 ἁγίου
3399 3869 3745 3945 Ἀλεξάνδρου
3786 3884 3880 3928 τοῦ

2267 3949 2447 3993 ι’κητοῠ
2488 3942 2638 3993 λόγος
2682 3947 2799 3993 περὶ
2854 3939 3035 3993 ἐξόδου
3091 3941 3297 3993 ώυγῆς.
3346 3948 3473 3993 [lori
3522 3942 3871 3993 διοδευόντων

478 3941 622 3995 ecius
652 3940 691 3994 l.
725 3942 764 3995 ι.
796 3956 854 4013 p.
898 3942 1000 3997 208
1031 3944 1311 3997 observat
1346 3942 1607 3997 Joannem
1640 3942 1956 3997 Sambucum
1992 3958 2091 3998 sua

2257 3949 2447 4014 τκητοῠ
2488 3942 2638 4014 λόγος
2682 3947 2799 4014 περὶ
2854 3939 3035 4014 ἐξόδου
3091 3939 3297 4014 ψνχῆξ.
3346 3948 3473 3996 flore
3522 3939 3870 3999 diocl‘suévrwv

446 4026 632 4067 manu
658 4014 722 4085 in
760 4010 1032 4084 margine
1075 4014 1209 4069 cod.
1236 4014 1554 4085 adnotasse
1592 4022 1898 4069 auctorem
1929 4013 2059 4068 istiu

2257 4022 2354 4064 υιῶν
2393 4011 2440 4064 ἐν
2603 4010 2776 4085 ὶρήμῲ
2821 4010 2935 4065 ἰδον
2982 4010 3079 4065 δύο
3103 4010 3376 4085 Ὕὰέγῖγέλους
3430 4019 3870 4072 συνακολουθοῦν-

446 4083 807 4157 narrationis
830 4071 967 4157 esse
996 4085 1046 4139 S.
1082 4086 1327 4140 [saccum
1366 4084 1581 4156 Syrum,
1612 4085 1850 4141 abbatem
1888 4092 1935 4157 et
1963 4102 2094 4157 ana-
2207 4071 2301 4145 τὰς
2349 4092 2421 4155 τῷ
2465 4071 2601 4157 ἁϐϐᾁ
2624 4071 2897 4157 ίΜῇυὲαρίῳ
2932 4091 3045 4157 διο.
3090 4071 3244 4142 Add.
3298 4071 3520 4145 Fabric.
3564 4071 3739 4148 intra
3766 4091 3873 4148 lib.

444 4152 736 4211 choretam.
777 4155 860 4213 Cf.
905 4172 1089 4229 supra
1127 4152 1710 4214 notitiam'codicum
1749 4157 1876 4213 init.
1918 4156 2057 4212 huiu

1572 4172 1710 4213 cum
1749 4157 1876 4213 init.
1918 4156 2097 4212 huius
2209 4157 2251 4210 V
2278 4152 2411 4226 cap.
2442 4156 2510 4211 45
2536 4152 2660 4212 Vbl.
2688 4158 2729 4212 Χ
2754 4152 2813 4229 ρ.
2845 4152 2968 4213 473.
3000 4155 3181 4214 ΗΑιιΙ..
