4084 6256
220 293 320 348 401
1760 295 1833 350 EF

2021 295 2175 350 LAE.
3533 294 3634 348 402

884 596 1010 739 S.
1106 600 1923 744 MACARII
2002 602 2932 746 AEGYTPII

978 931 2016 1099 EPISTOL/E,
2091 932 2876 1070 PRECES.

1371 1360 2268 1485 PRAEMONEN
2290 1363 2526 1484 DA.

297 1752 410 1822 Qui
463 1753 764 1815 Gennadii
821 1755 928 1834 (de
983 1757 1136 1816 viris
1181 1757 1530 1816 illustribus
1584 1772 1722 1830 cap.
1787 1755 1882 1833 10)
1937 1760 2131 1816 verba
2185 1760 2338 1817 haec
2394 1759 2541 1832 legit
2603 1780 2614 1819 :
2677 1783 2696 1814 ι
2766 1761 3067 1820 Macarius
3124 1759 3468 1819 monachus
3521 1757 3629 1816 ille

212 1852 558 1926 Aegyptius
601 1854 792 1927 signis
835 1861 896 1914 et
943 1856 1281 1914 virtutibus
1328 1856 1536 1914 clarus
1579 1871 1768 1914 unam
1819 1860 2058 1914 tantum
2104 1858 2182 1916 ad
2231 1858 2509 1916 iuniores
2557 1859 2957 1932 professionis
3001 1874 3148 1917 suae
3192 1857 3445 1929 scripsit
3488 1856 3632 1927 epl-

208 1950 463 2022 stolam,
531 1951 595 2009 in
645 1968 770 2026 qua
834 1955 1014 2013 docet
1077 1955 1257 2012 illum
1331 1955 1604 2027 perfecte
1668 1969 1848 2026 posse
1911 1957 2148 2013 servire
2217 1957 2356 2022 Deo,
2425 1956 2532 2029 qui
2599 1959 3024 2015 conditionem
3091 1955 3424 2014 creationis
3488 1968 3636 2010 suae

213 2063 600 2121 cognoscens
638 2051 714 2109 ad
762 2066 981 2110 omnes
1018 2053 1424 2125 semetipsum
1472 2052 1867 2111 inclinaverit
1907 2055 2175 2123 labores,
2218 2059 2279 2112 et
2326 2055 2618 2113 luctando
2671 2061 2854 2128 atque
2901 2056 3003 2113 Dei
3056 2055 3387 2112 adversum
3426 2066 3636 2117 omne.

212 2147 387 2218 quod
430 2147 493 2204 in
540 2148 654 2206 hac
695 2149 821 2207 vita
859 2166 1049 2208 suave
1087 2156 1198 2218 est,
1243 2151 1549 2209 auxilium
1586 2151 2006 2222 implorando,
2054 2152 2132 2208 ad
2183 2154 2528 2210 naturalem
2569 2168 2818 2225 quoque
2861 2153 3229 2225 perveniens
3270 2148 3636 2224 puritatem,

153 2313 157 2316 ~
211 2245 664 2304 continentiam
710 2249 876 2306 velut
925 2253 1182 2307 naturae
1236 2249 1518 2307 debitum
1581 2264 1806 2306 munus
1855 2249 2198 2308 obtinuerit
2243 2270 2303 2324 »,
2353 2251 2410 2308 ei
2464 2251 2597 2308 ﬁeri
2643 2266 2765 2309 non
2818 2256 3016 2323 potest
3077 2249 3230 2323 quin
3276 2248 3634 2306 suboriatur

211 2344 514 2415 suspicio,
573 2345 910 2403 Macarium
961 2347 1334 2420 Aegyptium
1383 2347 1703 2406 doctrinae
1756 2347 2135 2419 Pelagianae,
2199 2364 2232 2405 e
2294 2363 2414 2421 qua
2460 2349 2839 2408 continentia
2886 2355 3165 2415 naturae,
3231 2362 3351 2405 non
3405 2345 3638 2418 gratiae

214 2441 455 2499 donum
498 2447 611 2510 est,
667 2445 842 2515 quasi
890 2445 1086 2502 facem
1141 2447 1530 2517 praetulisse.
1593 2447 1761 2505 Unde
1820 2446 2097 2504 Oudinus
2130 2446 2190 2504 in
2243 2447 2720 2504 Commentariis
2765 2447 2841 2504 de
2899 2446 3314 2518 scriptoribus
3363 2449 3423 2501 et
3478 2444 3636 2500 scri-

217 2540 342 2610 ptis
410 2541 845 2598 ecclesiasticis
916 2558 970 2600 v.
1038 2539 1299 2601 Macarii
1366 2550 1475 2601 tres
1525 2541 1802 2611 monachi,
1861 2544 2116 2616 aliique,
2194 2546 2355 2602 inter
2431 2561 2589 2618 quos
2649 2545 3109 2603 Petitdidierius
3180 2545 3242 2600 in
3301 2543 3465 2600 libro
3532 2542 3644 2614 qui

218 2637 590 2696 inscribitur
634 2658 646 2697 :
701 2640 1083 2712 Remarques
1139 2657 1246 2699 sur
1290 2643 1348 2699 la
1398 2640 1827 2714 bibliotheque
1875 2643 1984 2699 des
2055 2646 2308 2700 auteurs
2370 2640 2873 2714 ecclésiastiques
2915 2642 2992 2699 de
3045 2642 3119 2698 Μ.
3180 2643 3266 2698 Du
3318 2640 3423 2697 Pin
3472 2639 3641 2696 Paris

217 2736 374 2794 1692
419 2736 484 2792 Τ.
535 2737 583 2794 Il
634 2751 693 2809 p.
751 2740 860 2796 198
901 2754 1064 2811 sqq.,
1119 2739 1415 2798 homilias
1462 2755 1734 2813 quoque,
1787 2753 1948 2812 quae
1991 2740 2240 2797 Macarii
2299 2741 2579 2814 Aegyptii
2623 2741 2875 2798 nomine
2924 2741 3228 2805 feruntur,
3285 2752 3444 2812 puro
3488 2741 3640 2808 puto

220 2834 673 2906 Pelagianismo
716 2836 976 2896 infectas
1022 2852 1158 2895 esse
1204 2839 1474 2911 probare
1521 2844 1661 2895 sunt
1705 2839 1931 2895 conati.
1985 2838 2212 2896 Verum
2260 2839 2524 2912 epistola
2569 2854 2603 2895 a
2657 2837 3083 2896 Petitdidierio
3135 2837 3174 2893 l.
3224 2837 3265 2894 l.
3324 2851 3386 2907 p.
3449 2836 3563 2892 220
3607 2849 3643 2892 e

217 2933 438 2990 codice
493 2948 608 2990 ms.
668 2935 956 2993 abbatiae
1011 2934 1069 2994 S.
1133 2935 1339 2994 Vitoni
1400 2935 1483 3001 (S.
1542 2936 1752 2994 Vanne
1806 2934 2046 3008 prolata
2102 2937 2181 2994 ab
2235 2952 2327 3005 ea,
2386 2951 2573 3009 quam
2632 2933 2991 2993 Gennadius
3047 2939 3522 2998 commemorat,
3581 2936 3642 2989 et

225 3036 589 3101 argumento
636 3039 694 3090 et
731 3032 1026 3092 universo
1069 3039 1287 3093 tenore
1332 3035 1417 3092 ita
1464 3035 1669 3100 distat,
1723 3038 1791 3091 ut
1830 3034 2048 3092 eadem
2105 3049 2249 3091 cum
2291 3034 2396 3092 illa
2448 3033 2622 3091 nullo
2668 3034 2854 3091 modo
2895 3031 3111 3090 haberi
3167 3030 3380 3102 possit.
3443 3029 3639 3097 Quam

218 3125 603 3198 ipsissimam
644 3145 742 3188 me
789 3131 850 3188 in
897 3132 1114 3190 codice
1163 3147 1276 3190 ms.
1334 3134 1488 3190 olim
1535 3131 1920 3199 Treverensi,
1973 3146 2160 3204 quem
2207 3134 2307 3189 Dr.
2355 3131 2654 3188 Binterim
2703 3147 2757 3187 ν.
2803 3131 2879 3188 cl.
2928 3129 3129 3201 pretio
3173 3133 3454 3198 emptum
3501 3130 3642 3183 ante

219 3223 338 3281 hos
384 3229 860 3296 quatuordecim
904 3244 1099 3288 annos
1145 3231 1540 3289 Bollandistis
1597 3231 1660 3287 in
1704 3229 1914 3302 Belgia
1958 3230 2125 3288 dono
2178 3229 2370 3296 dedit,
2429 3230 2734 3287 detexisse
2784 3244 2859 3287 eo
2903 3228 3102 3300 magis
3147 3227 3409 3300 gaudeo,
3471 3220 3641 3295 quod

212 3335 355 3378 eam
405 3337 482 3379 ne
518 3324 834 3382 levissima
881 3328 1136 3398 quidem
1181 3327 1490 3386 eiusmodi
1544 3328 1873 3386 haereseos
1923 3329 2166 3385 macula
2215 3341 2619 3400 conSpersam
2666 3343 2800 3385 esse
2850 3327 3058 3384 statim
3120 3325 3274 3382 mihi
3333 3320 3640 3403 persuasi.

215 3419 372 3475 Eam
414 3419 604 3490 igitur
642 3421 989 3494 epistolam,
1034 3441 1194 3498 quae
1238 3426 1390 3498 quin
1439 3426 1684 3483 Macarii
1735 3427 2014 3498 Aegyptii
2061 3427 2138 3485 sit
2174 3426 2448 3484 dubitari
2493 3426 2729 3498 nequit,
2779 3426 2855 3483 ad
2896 3425 3082 3482 fidem
3123 3423 3314 3482 trium
3350 3419 3639 3478 codicum

218 3515 436 3588 primo
495 3516 634 3576 loco
686 3519 1019 3580 edidimus.
1076 3524 1229 3581 Huic
1283 3524 1542 3581 alteram
1600 3539 1884 3597 graecam
1956 3525 2397 3583 subiunximus
2445 3539 2478 3581 e
2534 3524 2750 3582 codice
2804 3523 3183 3581 Berolinensi
3240 3525 3506 3585 erutam,
3577 3518 3640 3574 in

215 3628 347 3686 quo
395 3615 602 3673 eidem
646 3618 912 3677 Macario
952 3621 1255 3695 Aegyptio
1304 3623 1534 3680 diserte
1573 3621 1895 3680 tribuitur.
1949 3623 2114 3692 Quae
2158 3637 2302 3680 cum
2351 3623 2597 3680 Macarii
2642 3622 2925 3694 Aegyptii
2972 3619 3255 3679 homiliis
3297 3618 3381 3675 ita
3419 3630 3644 3675 conve-

219 3711 333 3778 nit,
399 3718 468 3770 ut
526 3715 605 3772 ab
658 3715 881 3773 eodem
937 3723 1190 3777 auctore
1248 3721 1524 3791 profecta
1574 3735 1706 3777 esse
1764 3726 2077 3792 arguatur.
2135 3721 2338 3779 Tertia
2389 3735 2580 3792 porro
2635 3721 2896 3792 epistola
2954 3717 3335 3776 adscribitur
3391 3714 3641 3773 cuidam

220 3810 518 3882 Macario,
578 3828 770 3885 quem
833 3816 912 3872 ab
969 3817 1270 3889 Aegyptio
1329 3818 1648 3876 diversum
1709 3833 1842 3875 esse
1894 3825 1954 3875 et
2005 3819 2204 3893 stylus
2275 3825 2333 3876 et
2389 3819 2836 3877 sententiarum
2894 3816 3312 3888 discrepantia
3373 3813 3642 3885 prodere

223 3906 537 3968 videntur.
590 3912 884 3980 Quartam
935 3914 1205 3986 denique
1245 3917 1574 3987 epistolam
1620 3917 1977 3974 addidimus
2016 3916 2211 3982 illam,
2248 3931 2434 3989 quam
2486 3915 2946 3974 Petitdidierius
2991 3914 3225 3986 publici
3270 3911 3426 3968 iuris
3476 3909 3638 3979 fecit,

225 4020 262 4062 a
317 4007 502 4065 nobis
551 4010 627 4066 ad
687 4010 872 4069 ﬁdem
930 4012 1200 4070 duorum
1249 4014 1538 4072 codicum
1591 4014 1990 4085 recognitam.
2054 4015 2246 4083 Quam
2308 4014 2564 4086 quidem
2615 4013 2943 4085 epistolam
2990 4025 3026 4069 e
3095 4011 3296 4083 prima
3353 4013 3414 4066 et
3463 4008 3645 4064 tertia

223 4105 634 4176 compilatam
688 4122 844 4173 esse,
909 4109 958 4165 si
1015 4110 1177 4168 inter
1224 4125 1289 4168 se
1343 4111 1806 4183 comparaveris
1859 4112 2018 4178 illas,
2079 4112 2257 4169 facile
2320 4111 2648 4184 intelliges.
2707 4110 3038 4183 Reliquum
3092 4115 3207 4178 est,
3262 4111 3330 4164 ut
3397 4105 3647 4163 codices

228 4199 684 4262 describamus.

310 4309 559 4369 Primae
609 4312 909 4384 epistolae
958 4315 1206 4374 codices
1264 4320 1387 4374 tres
1442 4330 1600 4389 quos
1649 4317 2028 4375 contulimus
2085 4322 2225 4375 sunt
2293 4313 2600 4373 Vaticanus
2655 4315 3073 4374 bibliothecae
3126 4311 3471 4372 Christinae
3526 4311 3642 4368 588

229 4408 773 4478 membranaceus,
843 4426 1001 4470 saec.
1061 4413 1213 4484 Xlll’,
1284 4413 1346 4472 in
1400 4415 1534 4482 fol.,
1603 4415 1666 4473 in
1737 4430 1862 4488 quo
1931 4416 2195 4488 epistola
2247 4416 2472 4490 legitur
2530 4415 2635 4474 fol.
2703 4416 2994 4480 112-114,
3072 4407 3422 4468 Trevere-nsis
3489 4408 3643 4467 olim

231 4505 653 4565 bibliothecae
703 4508 761 4567 S.
825 4510 1140 4569 Maximini
1197 4513 1304 4586 qui
1356 4527 1520 4571 nunc
1574 4513 1739 4584 apud
1809 4513 2218 4572 Bollandistas
2269 4515 2334 4572 in
2403 4514 2608 4587 Belgia
2661 4516 3030 4578 asservatur,
3103 4511 3639 4574 membranaceus,

227 4617 389 4661 saec.
442 4604 566 4678 XV,
617 4605 680 4664 in
737 4607 870 4675 fol.,
932 4613 993 4666 et
1047 4605 1485 4685 Con/tuentium
1547 4612 1964 4670 bibliothecae
2011 4613 2318 4686 gymnasii
2375 4614 2472 4680 23,
2531 4612 2915 4675 chartaceus,
2973 4624 3132 4667 saec.
3196 4605 3323 4676 XV,
3381 4606 3444 4664 in
3504 4605 3638 4672 fol.,

230 4699 344 4756 ubi
395 4701 498 4760 fol.
560 4701 694 4773 12.5,
746 4705 930 4764 2-127
979 4713 1194 4766 exstat.
1247 4707 1313 4765 In
1349 4708 1564 4766 codice
1609 4713 1816 4766 autem
1867 4709 2156 4768 Vaticano
2200 4711 2532 4782 epistolam
2577 4709 2904 4782 excipiunt
2954 4721 3174 4766 novem
3225 4702 3522 4762 historiae
3566 4702 3646 4761 de

231 4802 484 4856 mortuo
523 4815 556 4858 a
597 4801 864 4861 Macario
907 4802 1211 4880 Aegyptio
1259 4807 1650 4880 resuscitato,
1702 4806 1778 4863 de
1818 4807 2040 4866 eodem
2089 4808 2376 4876 Macario,
2432 4812 2761 4880 postquam
2804 4804 3090 4878 fatigatus
3135 4803 3357 4872 oravit,
3404 4801 3645 4859 elevato

221 4900 285 4952 et
342 4899 510 4955 trans
554 4899 786 4957 ﬂumen
839 4901 1132 4970 demisso,
1190 4903 1267 4962 de
1323 4903 1538 4962 cranio
1595 4904 1936 4963 sacerdotis
1983 4905 2232 4977 gentilis
2293 4906 2499 4963 eidem
2554 4920 2784 4977 poenas
2832 4905 3226 4962 infernorum
3288 4905 3642 4972 enarrante,

222 4993 301 5052 de
349 4994 596 5054 duobus
643 4998 968 5058 monachis
1011 5015 1171 5073 quos
1222 5001 1285 5059 in
1333 5002 1534 5060 insula
1579 5004 1777 5060 eremi
1834 5003 2033 5062 nudos
2088 5004 2428 5073 invenerat,
2475 5004 2553 5062 de
2600 5004 2883 5062 eiusdem
2938 5002 3248 5072 doctrina,
3293 5013 3406 5057 cur
3457 5013 3644 5057 acce-

221 5097 476 5165 ptarum
519 5095 596 5152 ab
627 5095 991 5155 hominibus
1029 5098 1405 5157 iniuriarum
1450 5100 1910 5159 reminiscendo
1951 5101 2076 5159 vim
2109 5101 2454 5160 memoriae
2486 5101 2826 5173 laedamus,
2874 5103 3188 5159 malorum
3220 5113 3369 5156 vero
3415 5113 3450 5155 a
3494 5097 3646 5154 dae-

218 5191 517 5249 monibus
558 5191 938 5252 inﬂictorum
983 5196 1416 5255 recordatione
1475 5212 1596 5256 non
1647 5197 1992 5269 laedamus,
2043 5200 2120 5257 de
2174 5199 2440 5258 Macario
2493 5199 2794 5272 Aegyptio
2838 5212 2873 5256 e
2925 5197 3263 5270 sepulchro
3322 5196 3643 5252 mortuum

215 5289 559 5361 quendam,
601 5291 709 5363 qui
760 5292 1118 5365 depositum
1175 5295 1492 5367 quoddam
1533 5297 1642 5354 ubi
1685 5297 1966 5368 posuerit
2012 5296 2271 5370 indicet,
2321 5301 2637 5368 evocante,
2688 5296 2972 5355 eiusdem
3023 5307 3394 5367 responsum
3445 5291 3643 5349 Theo-

216 5385 374 5446 doro
424 5386 636 5446 abbati
684 5387 898 5448 datum
943 5390 1021 5448 de
1071 5397 1434 5464 paupertate
1487 5394 1768 5465 pulchris
1811 5393 2163 5454 actionibus
2218 5395 2647 5466 praeferenda,
2700 5394 2982 5452 eiusdem
3036 5394 3113 5451 ad
3164 5390 3526 5454 monachos,
3577 5392 3646 5445 ut

212 5483 690 5557 multiloquium
730 5487 984 5560 fugiant,
1028 5489 1398 5559 exhortatio,
1453 5492 1725 5564 denique
1773 5491 2078 5549 sententia
2122 5492 2404 5549 eiusdem
2452 5493 2723 5563 Macarii,
2774 5506 2993 5551 verum
3049 5491 3429 5548 monachum
3476 5499 3646 5542 nun-

209 5595 334 5654 qua
361 5597 404 5639 n
457 5583 535 5640 ad
587 5584 978 5644 iracundiam
1045 5589 1306 5656 moveri,
1360 5589 1468 5647 sed
1520 5603 1770 5661 semper
1816 5603 1881 5647 se
1936 5589 2206 5647 vincere.
2265 5589 2371 5647 His
2424 5590 2692 5663 aliisque
2749 5589 3071 5648 similibus
3135 5588 3384 5644 Patrum
3441 5578 3639 5639 eremi

208 5679 495 5740 historiis
541 5681 765 5756 plenus
809 5689 901 5743 est
943 5685 1139 5745 codex
1194 5686 1324 5745 ille.
1373 5686 1580 5746 Codex
1629 5687 1786 5745 alter
1831 5687 1985 5746 olim
2030 5687 2424 5748 Treverensis
2471 5689 2639 5748 hunc
2682 5703 2832 5762 prae
2876 5701 2943 5745 se
2989 5686 3105 5744 fert
3143 5682 3415 5741 indicem
3464 5696 3480 5739 :
3522 5673 3642 5734 Ista
