4084 6256
504 288 610 346 403
1799 295 1858 353 S.
1902 297 2117 355 MACAI

2307 298 2578 353 EGYPTII
3807 296 3920 352 404

504 416 865 477 continentur
940 416 1005 479 in
1079 424 1185 479 isto
1266 419 1553 482 volumine
1590 442 1695 503 per
1775 423 2034 483 ordinem
2116 424 2477 504 requirenda.
2548 424 2718 486 Liber
2785 426 3008 505 primus
3070 432 3325 486 vitarum
3402 430 3654 503 patrum.
3749 421 3928 483 Liber

506 515 801 574 secundus.
896 514 1027 575 Vita
1100 516 1305 578 Sancti
1351 518 1622 580 Frontini
1700 522 1917 582 abbatis
1974 522 2207 582 habetur
2284 531 2409 602 post
2476 524 2687 583 librum
2762 524 3087 584 secundum.
3165 522 3337 583 Liber
3406 523 3607 582 tertius
3667 522 3929 581 vitarum

504 610 769 673 Patrum.
845 612 973 671 Vita
1038 623 1223 674 sancte
1297 615 1529 677 Marine
1598 620 1838 697 virginis
1884 641 1987 701 que
2058 622 2119 681 in
2174 626 2512 681 monasterio
2585 622 2841 681 vivorum
2918 622 3161 701 degebat.
3232 620 3361 681 Vita
3433 618 3640 679 Sancti
3701 617 3925 679 Pacho-

505 710 615 769 mii
684 731 843 791 quem
900 712 1149 789 Angelus
1224 713 1459 775 Domini
1516 717 1787 777 erudivit.
1858 718 2029 777 Liber
2083 726 2323 798 quartus
2388 720 2637 778 vitarum
2691 727 2949 798 patrum.
3028 718 3160 779 Vita
3231 716 3431 780 Sancti
3508 716 3741 775 Abrahe
3810 716 3931 775 viri

493 807 588 868 dei
667 818 788 888 post
859 818 1129 889 quartum
1207 811 1418 872 librum
1503 815 1761 875 hibetur.
1830 815 2092 894 Epistola
2169 816 2313 875 be'iti
2399 816 2689 876 Macharii
2772 817 2984 876 abbatis
3070 817 3145 876 ad
3218 816 3376 888 ﬁlios
3437 835 3565 875 suos
3631 814 3909 874 dilectos.

499 905 694 969 Sermo
790 908 934 968 beati
1005 909 1296 970 athanasii
1387 912 1781 973 Alexandriae
1856 914 2108 974 civitatis
2204 916 2447 995 episcopi
2546 915 2622 974 ad
2696 915 3009 976 monachos.
3117 913 3417 994 Profectus
3499 912 3932 991 Religiosorum

501 1005 739 1066 moralis
814 1027 851 1066 a
929 1007 1081 1067 beato
1158 1006 1497 1070 Bernhardo
1586 1013 1809 1072 metrice
1888 1013 2241 1091 compositus.
2345 1012 2565 1072 0milia
2646 1011 2798 1072 beati
2892 1012 3220 1073 Bernhardi
3301 1031 3469 1090 super
3568 1010 3924 1089 evangelium

498 1103 641 1165 Ecce
714 1124 826 1165 non
892 1113 991 1166 etc.
1070 1107 1132 1165 in
1204 1106 1295 1167 die
1374 1109 1678 1169 Benedicti.
1761 1109 2196 1170 Constitutiones
2270 1110 2561 1170 Benedicti
2634 1130 2816 1189 papae
2894 1110 3215 1170 duodecimi
3293 1110 3361 1169 de
3463 1107 3663 1167 ordine
3732 1108 3931 1186 nigro-

494 1220 628 1261 rum
709 1203 1129 1264 monachorum.
1209 1206 1499 1267 Sermones
1596 1209 1740 1268 beati
1814 1207 2144 1267 Bernhardi
2225 1228 2394 1287 super
2468 1207 2763 1268 Psalmum
2840 1208 2954 1283 Qui
3032 1208 3271 1269 habitat.
3369 1208 3667 1268 Tractatus
3765 1206 3917 1266 beati

494 1300 763 1361 Anselmi
850 1303 1259 1366 Cantuarensis
1339 1307 1588 1386 episcopi
1677 1304 1834 1366 Unde
1912 1326 2111 1385 supra.
2190 1305 2405 1367 0milia
2481 1304 2680 1367 Sancti
2758 1305 3088 1367 Bernhardi
3168 1326 3338 1382 super
3411 1303 3767 1383 evangelium
3863 1304 3933 1363 de

508 1397 689 1458 decem
770 1400 1107 1477 virginibus.
1195 1408 1466 1480 Tempus
1521 1421 1692 1474 vero,
1755 1421 1880 1479 quo
1938 1409 2210 1480 scriptus
2261 1408 2341 1466 sit
2418 1408 2637 1474 codex.
2712 1408 2927 1467 notula
3008 1409 3164 1466 haec
3222 1408 3453 1465 indicat
3511 1424 3523 1461 :
3580 1404 3753 1461 Anno
3831 1402 3929 1461 do-

504 1496 654 1555 mini
728 1500 876 1558 1461
951 1500 1051 1559 sub
1134 1502 1446 1562 venerabili
1482 1510 1645 1581 patre
1711 1510 1761 1561 et
1799 1502 2028 1561 domino
2098 1501 2389 1562 Anthonio
2435 1502 2644 1563 abbate
2695 1509 2942 1582 scriptus
3021 1502 3287 1563 estliber
3336 1508 3442 1561 iste
3499 1520 3598 1579 per
3677 1500 3927 1577 fratrem

508 1592 866 1655 Ludovicum
934 1595 1253 1679 Rathingen
1316 1602 1656 1678 professum.
1722 1598 1891 1661 Orate
1939 1620 2043 1679 pro
2106 1620 2188 1661 eo.
2260 1603 2503 1661 Tertius
2568 1604 2839 1676 denique
2902 1604 3127 1674 codex,
3204 1602 3693 1667 Conﬂuentinus,
3777 1599 3933 1657 satis

509 1693 670 1753 bene
720 1701 1027 1767 exaratus,
1062 1706 1299 1758 constat
1356 1700 1523 1759 foliis
1571 1702 1708 1767 224,
1765 1707 1829 1759 et
1871 1701 2037 1760 foliis
2068 1703 2134 1759 21
2200 1717 2362 1774 quae
2416 1708 2633 1760 vacant
2661 1702 2990 1776 scriptura.
3046 1701 3214 1761 Folia
3257 1701 3585 1759 chartacea
3620 1698 3935 1757 antecedit

512 1807 708 1851 unum
755 1810 1199 1870 pergamenum
1246 1813 1391 1857 cum
1426 1800 1634 1858 indice
1678 1814 1913 1858 rerum.
1965 1800 2029 1860 In
2075 1801 2411 1873 tegumenti
2454 1806 2628 1873 parte
2674 1802 2975 1859 interiore
3015 1800 3214 1873 legis:
3268 1795 3380 1856 Iste
3421 1794 3561 1854 liber
3604 1800 3705 1854 est.
3758 1793 3930 1852 mihi.

507 1887 577 1948 de
620 1887 825 1948 Merle.
876 1893 938 1951 ln
980 1894 1099 1954 hoc
1142 1902 1349 1955 autem
1394 1898 1609 1955 codice
1658 1898 1812 1955 haec
1858 1898 2258 1956 continentur
2306 1920 2320 1957 :
2372 1898 2477 1957 fol.
2536 1897 2740 1969 1-32,2
2783 1898 2945 1956 liber
2988 1897 3299 1957 secundus
3336 1897 3604 1954 vitarum
3653 1896 3929 1963 Patrum,

510 2003 546 2047 a
589 1990 913 2049 Rosweido
969 1993 1173 2051 editus
1227 1996 1401 2052 Antv.
1466 1996 1617 2053 1628
1680 2010 1739 2066 p.
1803 1994 1916 2052 448
1974 2009 2110 2068 sqq.

2364 1995 2714 2066 34,1-125,1
2780 1995 2940 2053 liber
2989 1996 3245 2069 quintus
3298 2000 3358 2052 et
3410 1999 3619 2051 sextus
3656 1990 3931 2049 vitarum

510 2086 761 2145 Patrum
823 2084 1050 2165 [Rosw.
1110 2106 1170 2163 p.
1232 2093 1345 2150 562
1404 2107 1567 2165 sqq.,
1605 2094 1721 2150 644
1772 2092 1962 2166 sqq.],
2014 2094 2121 2151 fol.
2183 2096 2315 2161 l25,
2376 2095 2629 2163 2-127,1
2691 2093 2896 2152 Sancti
2953 2093 3203 2152 Macarii
3251 2092 3515 2165 epistola
3571 2090 3649 2149 ad
3682 2090 3845 2149 ﬁlios
3886 2106 3923 2147 a

508 2185 693 2244 nobis
728 2186 1004 2259 primum
1045 2188 1105 2246 in
1160 2188 1363 2247 lucem
1410 2190 1674 2262 prolata,
1718 2188 1827 2249 fol.
1878 2192 2265 2258 l27,l-l38,l
2321 2209 2356 2247 α
2395 2192 2694 2263 Excerpta
2739 2190 2917 2250 utilia
2966 2208 3001 2248 ιο
3040 2208 3073 2247 e
3128 2191 3291 2249 libro
3328 2189 3599 2262 septimo
3654 2190 3925 2245 vitatum

510 2282 761 2341 Patrum
816 2284 1039 2361 illosw.
1105 2300 1166 2358 p.
1228 2284 1391 2364 665].
1449 2288 1555 2346 fol.
1612 2289 2008 2357 138,1-141,2
2068 2289 2123 2346 vi

2356 2288 2525 2347 Pauli
2582 2286 2806 2366 [Rosw.
2866 2303 2927 2362 p.
2982 2288 3053 2346 17
3105 2284 3297 2365 sqq.],
3350 2288 3457 2345 fol.
3514 2286 3960 2356 142,1-168,2’

509 2379 637 2439 vita
681 2380 738 2439 8.
790 2381 1036 2441 Antonii
1078 2384 1321 2442 abbatis
1372 2385 1599 2458 [Rosw.
1654 2400 1715 2457 p.
1770 2389 1844 2444 35
1883 2384 2070 2464 sqq.],
2126 2388 2231 2445 fol.
2290 2386 2676 2459 168,2-178,2
2722 2388 2843 2445 vita
2884 2387 2943 2446 8.
2975 2385 3311 2444 Hilarionis
3353 2383 3644 2443 monachi
3694 2380 3921 2461 [Rosw.

508 2492 571 2550 p.
635 2479 708 2537 75
760 2476 949 2557 sqq.],
1007 2481 1113 2540 fol.
1177 2483 1560 2553 178,2ο183,1
1619 2484 1742 2542 vita
1795 2485 1852 2543 8.
1907 2485 2118 2543 Simon

2309 2485 2488 2555 ylitae
2543 2482 2769 2561 [Rosw.
2827 2500 2884 2555 p.
2952 2486 3061 2544 170
3118 2480 3310 2562 sqq.],
3364 2483 3476 2540 fol.
3526 2481 3922 2549 183,1-185,2

513 2575 638 2634 vita
703 2576 762 2634 S.
827 2578 1046 2636 Malchi
1098 2579 1325 2651 captivi
1397 2582 1684 2639 monachi
1746 2579 1969 2659 [Rosw.
2032 2599 2093 2659 p.
2156 2579 2284 2660 93],
2344 2581 2449 2641 fol.
2531 2581 2934 2654 185,2-188,2
2990 2583 3114 2641 vita
3166 2582 3226 2640 S.
3282 2579 3606 2640 Frontonii
3678 2578 3927 2637 abbatis

511 2668 737 2749 [Bosw.
813 2688 873 2746 p.
936 2677 1051 2733 238
1122 2674 1316 2755 sqq.],
1374 2678 1481 2736 fol.
1546 2680 1940 2751 188,2-190,1
2016 2681 2139 2738 vita
2191 2680 2249 2739 8.
2309 2680 2580 2739 Marinae
2639 2680 2895 2753 virginis
2968 2676 3194 2757 [Rosw.
3260 2694 3316 2753 p.
3404 2679 3519 2736 393
3578 2672 3728 2753 sq.],
3809 2674 3920 2735 fol.

514 2772 910 2843 won-494,1
958 2774 1017 2831 8.
1055 2774 1369 2833 Athanasii
1414 2791 1624 2835 sermo
1666 2778 1743 2837 ad
1774 2778 2158 2837 monachos:
2216 2799 2245 2831 «
2276 2778 2347 2836 Et
2394 2778 2443 2836 si
2496 2778 2647 2851 quid
2676 2778 3081 2850 gloriari—et
3128 2779 3286 2837 Deus
3331 2777 3502 2851 pacis
3551 2775 3675 2834 erit
3721 2774 3927 2832 vobis-

506 2882 653 2927 cum
709 2888 761 2937 »,
813 2871 920 2942 qui
961 2877 1155 2930 exstat
1199 2873 1263 2931 in
1308 2872 1366 2932 S.
1418 2875 1735 2934 Athanasii
1777 2875 1930 2949 Opp.
1975 2876 2075 2934 ed.

2303 2876 2348 2933 1.
2400 2876 2629 2935 Patavii
2681 2879 2829 2935 1777
2867 2877 2931 2933 Τ.
2973 2876 3015 2934 ll
3065 2890 3124 2949 p.
3173 2877 3311 2945 642,
3361 2874 3466 2934 fol.
3521 2872 3916 2941 194,1-ί98,1

507 2964 633 3025 vita
682 2966 742 3025 S.
796 2968 1075 3043 Pelagiae
1116 2972 1467 3031 meretricis
1512 2970 1734 3049 [Rosw.
1788 2989 1848 3046 p.
1909 2973 2024 3033 376
2071 2972 2262 3050 sqq.],
2312 2973 2414 3032 fol.
2475 2974 2858 3041 198,1-210,1
2908 2974 3030 3032 vita
3077 2973 3177 3033 SS.
3238 2972 3498 3047 Epicteti
3571 2969 3927 3044 presbyteri

505 3068 566 3122 et
614 3066 884 3125 Astionis
929 3069 1218 3127 monachi
1261 3067 1490 3148 [Rosw.
1546 3085 1605 3144 p.
1655 3074 1765 3131 211
1819 3067 2011 3149 sqq.],
2064 3070 2172 3131 fol.
2220 3073 2626 3139 210,1-218,2
2682 3073 2805 3129 vita
2849 3070 2908 3129 S.
2961 3071 3249 3130 Abrahae
3287 3071 3588 3130 eremitae
3668 3068 3677 3143 |
3719 3067 3922 3126 Rosw.

507 3176 569 3235 p.
622 3165 734 3226 141.
780 3161 947 3243 sqq.]
1013 3172 1073 3225 et
1117 3167 1239 3226 vita
1292 3169 1350 3227 S.
1401 3168 1631 3227 Mariae
1686 3170 2035 3229 meretricis
2078 3170 2281 3242 neptis
2324 3170 2612 3227 Abrahae
2663 3169 2963 3228 eremitae
3021 3168 3244 3247 [Rosw.
3282 3184 3342 3242 p.
3402 3168 3517 3227 368
3547 3162 3738 3243 sqq.],
3813 3165 3923 3223 fol.

504 3262 907 3331 218,2-222,2
954 3264 1077 3323 vita
1122 3264 1183 3323 S.
1236 3267 1685 3344 Euphrosynae
1718 3268 1973 3341 virginis
2024 3265 2117 3345 [Rc

2313 3282 2357 3338 3.
2402 3269 2516 3327 363
2562 3264 2753 3345 sqq.],
2807 3268 2916 3325 fol.
2969 3269 3363 3334 222,2-231,1
3418 3266 3542 3325 vita
3585 3264 3647 3323 S.
3701 3262 3926 3322 Mariae

507 3358 916 3430 Aegyptiacae
984 3359 1209 3438 [Bosw.
1289 3380 1349 3437 p.
1438 3367 1550 3423 382
1615 3363 1804 3443 sqq.],
1880 3367 1984 3425 fol.
2060 3364 2455 3435 231,1ι242,1
2540 3362 2794 3425 Palladii
2870 3365 3139 3423 Historia
3197 3364 3484 3424 Lausiaca
3564 3376 3763 3436 usque
3845 3359 3925 3417 ad

506 3457 700 3513 verba
760 3475 772 3515 :
832 3476 861 3511 «
919 3457 995 3517 de
1051 3460 1348 3531 periculis
1402 3462 1674 3520 liberare
1729 3468 1790 3521 et
1846 3477 2291 3536 cognoscamus
2347 3477 2570 3522 earum
2623 3462 2791 3535 apud
2838 3461 3163 3522 dominum
3212 3461 3556 3535 potentiam
3618 3480 3639 3511 ι
3696 3454 3922 3536 [ROSW-

506 3566 573 3627 p.
625 3552 1004 3633 9611—9993].
1054 3555 1321 3629 Explicit
1364 3559 1561 3618 codex
1609 3578 1620 3617 :
1671 3560 1740 3618 Et
1776 3561 1865 3619 sic
1910 3566 2001 3619 est
2046 3560 2184 3619 ﬁnis
2227 3561 2415 3620 huius
2461 3558 2773 3634 opusculi.

1558 3762 1759 3815 Penna
1785 3759 1891 3815 fuit
1913 3760 2047 3815 vilis
2080 3766 2136 3816 et
2161 3761 2368 3832 palma
2391 3760 2543 3834 [fuit]
2579 3759 2865 3833 puerilis;

1557 3851 1773 3904 Dentur
1801 3865 1909 3921 pro
1942 3865 2141 3921 penna
2173 3850 2444 3921 scriptori
2474 3849 2695 3906 caelica
2720 3864 2924 3919 regna.

584 4041 924 4115 Epistolam
993 4043 1329 4101 secundam
1382 4059 1668 4117 graecam
1716 4059 1752 4104 e
1817 4045 1956 4105 cod.
2012 4060 2127 4102 ms.
2196 4058 2286 4117 gr.
2350 4044 2421 4101 N0
2475 4045 2543 4101 16
2601 4043 2754 4102 Bibl.
2832 4043 2970 4116 Reg.
3044 4043 3458 4102 Berolinensis
3530 4041 3913 4114 bombycino

505 4140 781 4213 optimae
829 4145 1012 4199 notae
1052 4140 1115 4199 in
1164 4142 1296 4209 fol.,
1350 4142 1458 4201 ubi
1503 4143 1836 4202 duodecim
1887 4143 2118 4202 ultimis

2310 4142 2363 4199 is
2413 4146 2608 4200 exstat
2654 4142 2771 4200 sub
2822 4141 3051 4199 titulo:
3098 4145 3187 4189 τοῦ
3228 4138 3387 4190 αὐτοῦ
3439 4138 3591 4209 ἁγίου
3647 4137 3919 4211 Μαχαρίου

511 4233 757 4293 ἐπιστολὴ
817 4235 1016 4307 μεγάλη
1078 4241 1168 4288 καὶ
1222 4239 1356 4289 πάνυ
1412 4237 1683 4312 ὠφᾶιμος,
1732 4240 2056 4312 descripsi.
2106 4245 2124 4296 λέ

2307 4239 2488 4297 edunt
2535 4239 2682 4297 inde
2727 4238 2806 4295 ab
2853 4238 3033 4296 initio
3076 4238 3314 4297 codicis
3362 4242 3465 4288 Τοῦ
3520 4237 3670 4287 ὁσίου
3724 4238 3920 4307 πατρὸς

509 4334 654 4405 ἡμῶν
684 4338 961 4406 Μακαρίου
1014 4341 1104 4386 τοῦ
1161 4334 1440 4406 αἰγυπτίου
1486 4336 1688 4407 ὁμιλίαι
1728 4339 2094 4407 πνιυματικαὶ,
2126 4336 2261 4385 πάνυ
2308 4332 2500 4395 πολλῆς
2550 4333 2785 4404 ὠφελείας
2829 4333 3244 4408 πεπληρωμέναι,
3296 4338 3413 4405 περὶ
3462 4340 3554 4395 τῆς
3596 4332 3915 4405 ὀφειλομένος

507 4427 599 4474 καὶ
649 4419 1079 4494 σπουδαζομένης
1125 4432 1457 4496 χριστιανοῖς
1512 4425 1864 4498 τελειότητος
1919 4428 2085 4485 unde

2313 4426 2453 4483 llam
2502 4425 2662 4484 hanc
2714 4426 2998 4484 eiusdem
3043 4440 3177 4483 esse
3228 4425 3475 4484 Macarii
3530 4424 3926 4484 manifestum

508 4527 618 4582 est.
697 4524 777 4582 De
836 4524 955 4583 hoc
1027 4525 1242 4584 codice
1290 4526 1474 4597 plura
1543 4526 1821 4584 invenies
1873 4524 2033 4582 infra
2090 4528 2338 4583 nostrae
2403 4522 2669 4583 editioni
2723 4523 2781 4582 S.
2845 4523 3091 4582 Macarii
3148 4524 3433 4600 Aegyptii
3508 4524 3923 4582 Homiliarum

509 4622 880 4696 praemissa.
912 4623 1275 4682 Versionem
1303 4624 1601 4697 epistolae
1630 4623 1885 4682 latinam
1916 4627 2190 4683 nostram
2222 4622 2600 4681 addidimus.

589 4747 679 4805 Ad
733 4747 980 4806 tertiam
1029 4747 1364 4821 epistolam
1416 4749 1584 4822 quod
1634 4748 1871 4819 attinet,
1929 4746 2346 4806 bibliothecae
2403 4746 2827 4819 Burgundicae
2882 4744 3300 4804 Bruxellensis
3346 4745 3632 4804 codicem
3686 4744 3922 4805 charta.

508 4858 716 4917 ceum,
781 4860 941 4904 saec.
986 4845 1107 4917 XV,
1165 4846 1225 4903 in
1261 4848 1393 4913 fol.,
1445 4846 1517 4903 N°
1566 4848 1780 4912 15010,
1838 4846 1946 4905 ubi
1984 4851 2180 4903 exstat
2233 4845 2335 4905 fol.
2382 4847 2481 4913 67,
2526 4844 2585 4917 2,
2638 4845 2791 4918 quin
2836 4858 2983 4903 cum
3033 4849 3201 4901 textu
3239 4844 3537 4902 Holstenii
3584 4844 3735 4902 Cod.
3784 4845 3918 4917 Reg.

509 4941 575 4998 Τ.
637 4943 656 4999 1
702 4956 765 5015 p.
828 4945 897 4999 21
931 4942 1236 5002 Bruxellis
1292 4957 1542 5023 versans
1584 4944 1957 5010 conferrem,
2012 4942 2353 5017 impeditus
2397 4959 2557 5003 sum.
2616 4943 2889 5001 Titulum
2925 4943 3128 5000 solum
3188 4948 3246 4999 et
3287 4942 3634 5000 clausulam
3686 4955 3761 4999 ex
3810 4942 3925 4999 hoc

509 5039 727 5099 codice
765 5039 1068 5113 descripsi
1118 5045 1177 5099 et
1224 5054 1338 5099 suo
1374 5040 1513 5100 loco
1557 5040 1787 5114 recepi.
1828 5040 2114 5100 Ceterum
2165 5041 2413 5100 Macarii
2462 5040 2866 5099 Alexandrini
2911 5054 3045 5097 esse
3088 5040 3419 5113 epistolam
3483 5040 3646 5099 haud
3692 5045 3923 5098 temere

505 5138 817 5211 suspicari
847 5138 1002 5197 mihi
1036 5138 1272 5199 videor.

583 5263 851 5331 Quartae
903 5262 1173 5336 denique
1231 5263 1531 5336 epistolae
1598 5278 1634 5319 a
1686 5264 1896 5322 nescio
1953 5278 2079 5337 quo
2153 5262 2650 5323 consarcinataes
2704 5262 2955 5321 codices
3005 5262 3158 5333 duo,
3212 5276 3372 5335 quos
3449 5261 3713 5330 contuli,
3781 5267 3922 5321 sunt

517 5356 957 5419 Vindobonensis
1024 5361 1441 5420 bibliothecae
1493 5360 1826 5420 Caesareae
1891 5361 2069 5434 4800,
2129 5362 2283 5419 olim
2337 5361 2476 5419 cod.
2552 5360 2741 5419 theol.
2802 5362 2942 5428 361,
3000 5360 3455 5431 membranac.,
3529 5374 3671 5418 saec
3769 5359 3915 5431 XIV,

505 5460 616 5519 ubi
670 5465 867 5518 exstat
920 5460 1025 5518 fol.
1089 5460 1224 5532 146,
1281 5462 1337 5528 2,
1398 5464 1461 5519 et
1507 5456 1900 5517 Bruxeliensis
1957 5459 2375 5518 bibliothecae
2431 5458 2860 5531 Burgundicae
2910 5458 3276 5517 chartaceus
3322 5472 3482 5516 saec.
3540 5457 3638 5517 XV
3697 5456 3758 5514 in
3810 5458 3917 5516 fol.

505 5558 580 5617 N°
651 5560 867 5626 15011,
924 5558 1034 5618 ubi
1103 5558 1329 5633 legitur
1379 5559 1485 5617 fol.
1566 5556 1728 5627 68,1.
1801 5558 2093 5618 Codicem
2159 5555 2439 5629 priorem
2507 5554 2836 5628 descripsit
2907 5555 3088 5615 Denis
3156 5554 3345 5616 Catal.
3420 5554 3550 5613 Vol.
3605 5554 3656 5613 ll
3721 5554 3790 5613 Τ.
3871 5555 3914 5620 l,

505 5669 569 5731 p.
617 5656 759 5717 802.
