4084 6256
243 278 352 335 405
1759 274 1856 330 ΕΡᾸ

2061 275 2168 330 ΑΕ.
3566 281 3674 338 406

316 406 655 481 Reliquum
715 410 807 465 est
849 409 917 465 ut
962 419 1248 465 moneam
1308 405 1367 464 S.
1432 404 1683 464 Macarii
1758 404 2041 479 Aegyptii
2090 404 2503 478 epistolarum
2541 406 2731 465 etiam
2781 406 2939 466 alios
2994 406 3243 467 codices
3295 422 3444 468 mss.
3511 423 3671 467 non-

237 506 393 565 dum
447 504 708 564 collatos
757 505 823 563 in
877 505 1280 563 bibliothecis
1333 504 1725 563 delitescere.
1789 504 1892 561 Sic
1941 508 2094 562 teste
2148 499 2418 578 Gatalogo
2468 501 2628 561 codd.
2694 502 2947 579 Angliae
3001 505 3136 564 Vol.
3203 507 3224 563 l
3273 510 3334 564 et
3381 506 3430 564 Il
3477 511 3673 565 exstat

236 605 305 663 in
351 603 539 662 codd.
608 604 856 676 Digbaei
918 602 989 661 N°
1054 603 1202 661 1634
1259 606 1322 661 et
1370 603 1433 660 in
1490 601 1673 661 codd.
1734 601 1968 660 Bodlei.
2025 602 2096 660 N0
2145 602 2405 669 2211,22
2466 618 2537 660 ac
2586 603 2662 660 N0
2717 603 2939 675 2572,8
2998 601 3259 663 Macarii
3305 601 3550 680 epistola
3593 600 3672 660 ad

237 698 417 779 ﬁlios,
467 702 531 759 in
575 701 758 760 codd.
809 700 1045 760 Bodlei.
1100 701 1175 760 N°
1230 702 1490 766 2229,13
1550 707 1609 758 et
1666 700 2099 773 Cantabrigiae
2146 699 2209 756 in
2267 701 2405 758 eod.
2466 701 2692 760 domus
2743 702 2801 761 S.
2862 704 3021 761 Petri
3071 702 3149 759 Νο
3217 702 3475 768 1776,15
3538 698 3672 761 Μα-

234 797 396 857 carii
452 796 693 876 epistola
743 796 821 856 ad
881 795 1193 865 monachos,
1251 799 1313 857 in
1369 798 1551 857 codd.
1614 798 1767 856 eccl.
1831 798 2108 856 cathedr.
2173 796 2659 857 Sarisburiensis
2710 799 2783 856 N°
2839 801 2991 858 1042
3058 797 3321 857 Macarii
3377 795 3667 878 epistolae.

240 898 420 957 Teste
484 897 943 957 Montfauconio
997 902 1193 955 exstat
1264 897 1594 955 Mediolani
1653 897 1715 954 in
1770 896 1952 955 codd.
2015 896 2255 968 graecis
2326 895 2482 954 Bibl.
2552 898 2997 956 Ambrosianae
3057 894 3316 957 Macarii
3371 896 3672 956 cuiudams

240 990 509 1055 monachi
554 992 792 1070 epistola
840 992 916 1052 ad
957 991 1291 1052 Macariam
1348 993 1534 1071 (Bibl.
1590 993 1955 1053 bibliothec.
2021 1008 2168 1051 mss.
2221 994 2286 1050 T.
2347 993 2365 1050 l
2415 1008 2475 1067 p.
2545 992 2709 1070 501),
2760 996 3108 1055 Florentiae
3166 997 3230 1055 in
3286 997 3671 1056 bibliotheca

242 1093 820 1153 Camaldulensium
888 1092 956 1151 B.
1016 1093 1247 1152 Mariae
1307 1093 1385 1152 de
1454 1092 1702 1164 Angelis
1753 1086 1812 1150 S.
1884 1087 2142 1150 Macarii
2193 1088 2409 1148 abbatis
2480 1088 2755 1171 Aegyptii
2809 1090 3072 1170 epistolae
3140 1092 3324 1169 (ibid.
3383 1109 3443 1166 p.
3522 1095 3663 1153 413.

242 1190 411 1267 430),
460 1193 525 1249 in
569 1191 752 1250 codd.
807 1191 1165 1251 monasterii
1214 1192 1276 1249 S.
1322 1191 1604 1250 Audoeni
1656 1191 2188 1263 Rothomagensis,
2236 1206 2399 1249 nunc
2449 1191 2606 1249 Bibl.
2651 1192 2828 1264 publ.
2883 1193 3393 1266 Rothomagensis
3433 1193 3506 1251 Νο
3550 1194 3669 1253 508

242 1290 701 1357 membranae,
746 1285 985 1365 epistola
1030 1286 1292 1348 Macarii
1347 1285 1485 1346 data
1537 1284 1612 1346 ad
1653 1284 1959 1346 monachos
2004 1286 2187 1363 (ibid.
2250 1289 2315 1345 T.
2375 1288 2425 1347 lI
2470 1304 2529 1361 p.
2602 1290 2751 1347 1238
2807 1307 2820 1357 ;
2875 1289 3100 1348 Haenel
3148 1289 3415 1364 Catalogi
3465 1290 3672 1350 libro-

242 1401 389 1446 rum
448 1401 595 1445 mss.
660 1401 720 1460 p.
776 1384 940 1462 423).
1017 1386 1269 1445 Taurini
1339 1387 1404 1444 in
1474 1387 1611 1446 cod.
1668 1386 1745 1445 80
1794 1392 1887 1445 est
1952 1383 2190 1463 epistola
2239 1382 2300 1444 S.
2376 1383 2672 1445 Macharii
2728 1384 2805 1444 ad
2872 1383 3165 1444 monachos
3230 1386 3295 1445 in
3374 1387 3668 1460 gallicum

243 1499 606 1544 sermonem
656 1499 979 1554 conversa,
1031 1484 1212 1544 cuius
1242 1485 1497 1543 initium
1548 1502 1561 1539 :
1598 1503 1630 1539 «
1680 1484 1741 1542 Si
1792 1500 1915 1557 ung
1952 1484 2207 1544 homme
2253 1484 2533 1557 cognoist
2582 1484 2727 1543 bien
2770 1493 2893 1559 que
2937 1486 2981 1542 il
3032 1491 3125 1544 est
3156 1491 3219 1543 et
3261 1499 3385 1559 que
3424 1487 3518 1542 est
3557 1499 3671 1544 son

241 1582 544 1642 Createur
590 1587 653 1641 et
696 1583 738 1642 il
788 1597 856 1641 se
901 1584 1070 1641 veult
1112 1584 1392 1656 repentir
1434 1583 1514 1641 de
1564 1596 1662 1641 ses
1704 1583 1934 1655 peches
1975 1586 2091 1641 cet.
2138 1581 2299 1653 (Mss.
2354 1583 2536 1641 codd.
2600 1583 2751 1641 Bibl.
2800 1583 2943 1656 Reg.
2998 1582 3393 1641 Taurinensis
3444 1582 3673 1642 Tauri-

239 1695 364 1740 nae
410 1682 561 1740 1749
610 1682 675 1739 T.
739 1681 787 1739 II
847 1696 907 1755 p.
964 1679 1127 1757 482).
1188 1680 1441 1739 Parisiis
1484 1681 1547 1739 in
1605 1680 1764 1739 Bibl.
1814 1680 1989 1752 publ.
2046 1681 2185 1740 cod.
2236 1682 2350 1739 916
2395 1686 2591 1739 exstat
2638 1677 2873 1758 epistola
2916 1677 2975 1739 S.
3028 1677 3286 1741 Macarii
3330 1676 3551 1738 abbatis
3597 1677 3673 1736 ad

240 1774 495 1835 Esaiam
523 1775 812 1849 abbatem;
840 1778 991 1837 item
1018 1779 1081 1837 in
1112 1779 1253 1837 cod.
1291 1780 1405 1837 975
1440 1774 1511 1836 S.
1543 1775 1807 1837 Macarii
1835 1775 2088 1855 epistola.

328 1877 527 1936 Porro
577 1877 983 1937 Assemannio
1027 1883 1281 1936 auctore
1324 1878 1576 1936 arabice
1633 1881 1873 1935 exstant
1914 1877 1979 1934 in
2018 1875 2234 1935 codice
2277 1892 2332 1935 a.
2385 1878 2527 1935 Chr.
2581 1878 2732 1936 1055
2786 1878 3021 1950 scripto
3072 1880 3130 1935 S.
3183 1873 3443 1935 Macarii
3497 1872 3676 1934 abba-

242 1972 324 2032 tis
376 1971 647 2052 epistolae
699 1981 749 2033 et
814 1991 1092 2033 sermones
1147 1973 1223 2032 ad
1278 1971 1573 2033 monachos
1638 1971 1749 2031 XX
1770 1969 1864 2042 VI,
1921 1979 1982 2033 et
2038 1974 2102 2031 in
2158 1974 2283 2033 alio
2341 1974 2556 2032 codice
2609 1974 2861 2032 arabico
2932 1975 3167 2047 scripto
3224 1990 3277 2031 a.
3337 1974 3479 2033 Chr.
3557 1976 3672 2033 885

246 2069 310 2133 S.
361 2069 624 2131 Macarii
660 2090 839 2131 sermo
892 2071 960 2131 de
1003 2070 1273 2133 Oratione
1312 2078 1499 2147 atque
1544 2069 1778 2150 epistola
1833 2069 1909 2130 ad
1963 2068 2258 2129 monachos
2317 2068 2504 2147 (Bibl.
2574 2072 2806 2131 Orient.
2861 2073 2927 2130 T.
2987 2072 3032 2131 ll
3078 2089 3139 2145 p.
3196 2074 3359 2147 511).
3421 2071 3675 2143 Syriace

242 2177 459 2231 autem
510 2171 573 2230 in
640 2172 778 2231 cod.
835 2171 1130 2231 Nitriensi
1193 2174 1262 2231 18
1334 2176 1585 2231 exarato
1633 2187 1688 2230 a.
1765 2171 1873 2229 Ch.
1937 2169 2046 2229 769
2120 2169 2407 2242 leguntur
2457 2166 2719 2229 Macarii
2776 2167 2988 2247 Magni
3057 2172 3334 2247 Aegyptii
3398 2165 3678 2246 discipuli

236 2266 300 2330 S.
374 2267 616 2327 Antonii
681 2286 959 2327 sermones
1030 2265 1137 2326 III
1210 2273 1262 2326 et
1338 2264 1611 2346 epistolae
1689 2264 1856 2335 VIII,
1928 2273 1990 2326 et
2065 2264 2322 2328 Macarii
2397 2264 2794 2325 Alexanirini
2890 2284 3169 2326 sermones
3247 2263 3346 2324 III
3431 2272 3483 2323 et
3559 2264 3675 2343 epi-

258 2365 408 2425 tolae
470 2363 588 2424 VII
634 2365 816 2445 (ibid.
880 2367 945 2426 Τ.
1004 2368 1025 2425 l
1074 2381 1133 2439 p.
1196 2364 1361 2439 567).
1422 2368 1573 2426 item
1630 2367 1695 2425 in
1751 2366 1889 2426 cod.
1961 2366 2253 2425 Beroensi
2312 2366 2547 2439 scripto
2602 2382 2657 2424 a.
2722 2368 2872 2425 1578
2932 2366 3343 2425 inveniuntur
3413 2361 3674 2423 Macarii

242 2463 530 2543 Aegyptii
598 2481 875 2523 sermones
930 2460 1030 2522 III
1102 2470 1157 2523 et
1224 2461 1490 2541 epistolae
1562 2460 1715 2522 VIII
1762 2469 1824 2522 et
1882 2461 2140 2523 Macarii
2196 2460 2596 2521 Alexandrini
2662 2480 2939 2521 sermones
3018 2460 3083 2520 11
3141 2470 3191 2521 et
3259 2461 3528 2539 epistolae
3586 2458 3675 2519 1X

240 2561 429 2641 (ibid.
479 2577 541 2636 p.
594 2561 779 2639 586);
824 2564 975 2622 item
1018 2562 1085 2623 in
1132 2563 1349 2622 codice
1396 2563 1643 2639 syriaco
1690 2561 1750 2627 6,
1804 2566 2057 2621 exarato
2088 2578 2143 2619 a.
2198 2563 2372 2629 1223,
2414 2558 2474 2620 S.
2519 2559 2778 2621 Macarii
2822 2559 3094 2639 Aegyptii
3140 2578 3416 2619 sermones
3461 2555 3567 2617 III
3613 2564 3676 2618 et

242 2658 516 2741 epistolae
592 2658 669 2730 X,
746 2667 806 2721 et
875 2658 1135 2721 Macarii
1203 2658 1597 2720 Alexandrini
1677 2676 1951 2719 sermones
2038 2656 2087 2717 V
2162 2665 2221 2720 et
2299 2656 2537 2738 epistola
2634 2658 2709 2717 ad
2806 2657 3295 2719 sanctimonialem
3383 2654 3674 2737 quandam

244 2760 434 2838 (ibid.
468 2775 529 2833 p.
566 2758 734 2837 om).

328 2859 388 2917 8.
436 2858 687 2918 Macarii
719 2860 939 2918 Preces
982 2874 1015 2915 e
1063 2857 1482 2917 Bibliothecae
1520 2856 2016 2916 Vindobonensis
2058 2856 2274 2916 codice
2308 2870 2424 2915 ms.
2473 2856 2664 2916 theol.
2712 2871 2915 2931 graec.
2958 2859 3097 2924 231,
3149 2856 3302 2916 olim
3356 2857 3451 2922 76,
3500 2853 3678 2912 char-

246 2961 451 3024 taeeo,
520 2957 799 3030 antiquo,
858 2957 924 3014 in
990 2959 1074 3022 40,
1138 2956 1542 3029 proferimus,
1604 2954 1713 3014 ubi
1786 2956 1892 3014 fol.
1950 2957 2047 3023 61,
2126 2958 2151 3013 1
2221 2969 2359 3028 sqq.
2422 2954 2734 3028 leguntur,
2798 2956 3205 3028 sequentibus
3275 2952 3532 3011 canticis
3597 2950 3677 3009 ad

255 3052 322 3111 S.
382 3053 714 3112 Antonium
758 3060 819 3113 et
870 3054 929 3113 8.
985 3053 1339 3114 Onufrium.
1403 3054 1606 3124 Quare
1651 3053 1900 3112 Macarii
1957 3051 2239 3125 Aegyptii
2294 3052 2436 3110 illas
2478 3067 2612 3111 esse
2657 3053 3002 3112 verisimile
3053 3052 3236 3111 nobis
3290 3050 3497 3109 visum
3553 3052 3670 3106 est.

252 3149 552 3209 Codicem
606 3150 971 3212 Lambecius
1013 3149 1434 3211 Commentar.
1496 3152 1560 3210 T.
1620 3150 1699 3209 ΙΙΙ
1750 3151 1851 3210 ed.
1904 3151 2097 3209 altera
2144 3164 2206 3222 p.
2268 3151 2381 3209 372
2435 3164 2599 3223 sqq.,
2657 3151 2733 3209 de
2789 3150 2997 3210 Nessel
3043 3149 3235 3209 Catal.
3276 3149 3343 3205 T.
3387 3149 3507 3220 Ip.
3553 3146 3669 3205 327

256 3265 402 3323 sqq.
437 3249 927 3323 descripserunt.

1923 3534 2013 3655 l.

566 3734 1270 3859 EPISTOLA
1341 3737 1861 3866 SANCTI
1922 3743 2545 3866 MACABII
2609 3742 3337 3865 AEGYPTII.

303 4010 432 4061 Cod.
463 4024 564 4059 ms.
594 4011 715 4061 Vat.
746 4011 878 4061 Bibl.
932 4012 1226 4063 Christinae
1280 4015 1370 4063 588
1430 4016 1791 4068 membranae.
1821 4021 2102 4071 Saec.x1n
2136 4020 2225 4071 fol.
2302 4061 2314 4073 .
2390 4057 2402 4067 .
2474 4055 2484 4066 .
2557 4054 2568 4066 .
2642 4055 2652 4065 .
2725 4055 2735 4066 .
2808 4054 2819 4065 .
2892 4055 2901 4065 .
2973 4054 2984 4066 .
3056 4054 3067 4065 .
3139 4054 3148 4064 .
3221 4051 3232 4062 ο
3303 4052 3315 4064 .
3388 4053 3400 4064 .
3471 4052 3484 4066 .
3555 4048 3569 4063 ο
3636 4016 3679 4063 Α

304 4073 433 4141 god.
465 4087 565 4123 me.
593 4074 953 4141 olim_Bibl._S.
975 4075 1244 4141 Mariimini
1266 4078 1624 4136 Treverensis,
1647 4094 1791 4131 nunc
1830 4083 2281 4133 Bollandistarum
2302 4080 2578 4141 Bruxellis,
2610 4080 2973 4131 membranae.
3007 4080 3153 4129 Saec.
3180 4090 3265 4130 xv
3295 4079 3368 4129 fol
3397 4114 3407 4126 .
3479 4113 3491 4126 .
3563 4113 3574 4125 .
3642 4077 3679 4141 ξς

298 4135 426 4185 Cod.
466 4150 567 4185 ms.
596 4136 1002 4187 Conﬂuentinus
1028 4138 1154 4189 Bibl.
1210 4138 1486 4200 Gymnasii
1533 4135 2147 4197 23’chartae.Saec.xv
2174 4146 2293 4196 fol.
2369 4181 2380 4194 .
2455 4181 2466 4193 .
2554 4135 2576 4194 .’
2641 4181 2651 4191 .
2723 4177 2734 4189 .
2804 4176 2817 4189 .
2890 4179 2902 4191 .
2976 4181 2987 4193 .
3057 4176 3070 4189 .
3141 4178 3152 4189 .
3225 4178 3237 4190 .
3312 4178 3323 4189 .
3394 4178 3404 4189 -
3476 4176 3488 4188 ο
3556 4172 3569 4187 ο
3639 4137 3676 4188 C

306 4322 497 4373 Exstat
517 4322 647 4396 haec
678 4322 906 4387 epistola
935 4324 1478 4396 cod._A_fol._112-114,
1502 4329 1619 4379 cod.
1642 4330 1676 4379 Β
1698 4330 1806 4381 fere
1837 4331 2030 4391 medio,
2051 4336 2104 4383 et
2128 4332 2245 4383 eod.
2279 4332 2315 4383 C
2346 4332 2438 4383 fol.
2483 4332 2590 4392 125,
2631 4330 2801 4380 2-127.
2832 4329 2905 4379 De
2934 4328 3210 4379 codicibus
3246 4331 3296 4378 et
3327 4327 3393 4377 de
3448 4323 3682 4390 epistola

246 4388 698 4449 praemonuimus
724 4399 890 4450 supra
913 4388 1013 4437 col.
1046 4390 1270 4439 401-404.

306 4591 532 4661 Incipit
578 4592 828 4661 epistola
854 4594 1049 4649 sancti
1080 4594 1377 4651 Macharii
1405 4595 1486 4652 ad
1508 4597 1665 4664 ﬁlios
1694 4598 1803 4655 Dei
1833 4599 1905 4671 ¹).
1939 4603 1984 4654 Α
2020 4604 2112 4656 tas
2142 4600 2251 4656 sibi
2279 4601 2527 4657 iniurias
2586 4600 2846 4664 sufferat,
2900 4604 2955 4655 et
2987 4603 3051 4654 ut
3079 4597 3221 4654 odio
3245 4596 3466 4652 habeat
3497 4608 3678 4650 omne

321 4681 605 4749 Inprimis
618 4682 855 4753 quidem
871 4683 1507 4755 si')coeperit')homo
1528 4687 1908 4759 semetipsum
2020 4689 2389 4760 refrigerium
2414 4688 2745 4760 corporale,
2768 4696 2822 4745 et
2842 4694 2906 4745 ut
2925 4688 3130 4757 diligat
3154 4687 3460 4758 planctum
3486 4683 3680 4753 magis

249 4782 597 4836 agnoscere,
626 4777 980 4826 curcreatus
1004 4772 1095 4838 sit,
1126 4773 1476 4829 etfaetorem
1502 4791 1677 4829 suum
1705 4775 1908 4842 deum,
2018 4794 2204 4851 quam
2257 4778 2465 4833 risum.
2500 4782 2635 4833 Post
2666 4778 2774 4833 hec
2816 4778 3030 4833 tribuet
3078 4776 3159 4832 illi
3189 4774 3548 4830 desiderium
3579 4772 3682 4827 ﬂe-

247 4862 394 4913 tunc
422 4857 662 4930 incipiet
690 4862 995 4931 poenitere
1026 4862 1071 4932 ‘)
1096 4878 1275 4933 super
1298 4862 1437 4927 hiis,
1466 4879 1583 4934 que
1614 4866 1913 4921 commisit
2020 4873 2187 4922 tuum
2202 4861 3682 4938 planctumqueethumilitatemethumiliacionem

239 4946 304 5003 in
332 4947 377 5015 ⁵)
398 4952 667 5019 tempore
689 4949 1059 5019 negligencie
1077 4967 1205 5007 sue.
1239 4951 1329 5008 Sic
1351 4952 1597 5007 demum
1616 4952 1913 5025 benignus
2020 4956 2239 5024 cordis,
2264 4962 2321 5011 et
2340 4962 2401 5010 ut
2428 4955 2659 5011 trabem
2699 4954 2853 5010 oculi
2886 4956 2976 5010 sui
3009 4955 3363 5017 consideret,
3392 4967 3513 5008 non
3538 4950 3684 5007 alte-

238 5036 393 5092 deus
443 5036 549 5092 dat
601 5037 683 5093 illi
736 5039 1042 5095 tristiciam
1077 5057 1187 5112 pro
1227 5041 1512 5113 peccatis,
1543 5046 1601 5097 et
1640 5050 1775 5113 post
1805 5044 1912 5099 hec
2023 5046 2147 5099 rius
2172 5044 2459 5100 festucam
2487 5045 2706 5099 nitatur
2722 5060 2949 5109 eruere,
2972 5050 3027 5099 et
3053 5044 3213 5098 dicat
3235 5057 3492 5113 semper,
3524 5056 3680 5112 quo-

237 5125 459 5181 iterum
494 5141 599 5196 per
630 5144 803 5183 suam
854 5127 1283 5198 benignitatem
1310 5130 1496 5186 donat
1525 5130 1606 5186 illi
1639 5132 1912 5188 afﬂictio-
2025 5134 2187 5189 niam
2213 5134 2587 5205 iniquitatem
2628 5148 2827 5188 meam
2858 5149 2968 5203 ego
3000 5148 3264 5203 agnosco
3283 5137 3336 5186 et
3362 5133 3681 5201 peccatum

237 5229 381 5270 nem
415 5217 463 5285 ο)
491 5216 758 5287 corporis
784 5220 842 5272 in
866 5217 1104 5273 ieiuniis
1127 5221 1245 5290 et")
1277 5219 1510 5291 vigiliis,
1535 5225 1589 5275 et
1614 5220 1914 5277 oracionis
2028 5238 2229 5278 meum
2248 5230 2454 5278 contra
2470 5238 2565 5277 me
2581 5227 2941 5293 estsemper,
2968 5226 3021 5277 et
3040 5221 3271 5277 utdiem
3301 5220 3490 5275 exitus
3524 5218 3614 5273 sui
3636 5218 3682 5288 ⁸)

241 5303 702 5372 instanciam,et
724 5309 1138 5380 contemptum
1157 5308 1388 5379 mundi,
1415 5313 1471 5365 et
1502 5308 1765 5366 utlibens
1790 5310 1916 5366 illa-
2025 5312 2083 5367 in
2110 5316 2308 5367 mente
2333 5311 2571 5378 habeat,
2602 5316 2658 5366 et
2678 5309 2988 5382 quomodo
3023 5310 3082 5365 in
3116 5314 3438 5382 conspectu
3464 5306 3561 5363 dei
3582 5322 3677 5362 oc-

1620 5454 1878 5509 VARIAE
1916 5453 2318 5511 LECTIONES.

251 5577 456 5668 iiIi-ei
485 5594 607 5668 om.
638 5581 943 5668 Βρηέ-Λῇ
974 5583 1012 5664 B
1041 5582 1356 5668 siquidem
1387 5584 1456 5667 si.
1490 5615 1565 5668 --_
1585 5587 1631 5668 ξ)
1667 5588 1747 5642 BC
1774 5588 2012 5668 ceperit.
2070 5618 2138 5627 —
2170 5589 2226 5668 Ἰ
2242 5589 2322 5643 BC
2347 5589 2640 5668 genitam,
2676 5593 2730 5643 et
2755 5586 2837 5643 sic
2860 5586 3083 5659 ubique
3117 5584 3408 5642 scribitur.
3440 5613 3507 5622 -
3539 5583 3585 5649 ⁵)
3614 5578 3679 5635 in

306 5665 436 5707 om.
490 5654 549 5707 Β.
594 5683 647 5692 -
678 5653 724 5724 6)
758 5654 797 5709 C
824 5653 1283 5723 afﬂaicciOnem,
1308 5660 1363 5713 et
1394 5656 1478 5713 sie
1508 5656 1752 5730 ubique.
1786 5653 1854 5699 -ὲ
1884 5658 1928 5731 ⁷)
1955 5665 2009 5715 et
2041 5673 2162 5715 om.
2190 5653 2247 5714 C.
2281 5653 2358 5700 -ξ
2376 5661 2418 5731 ⁸)
2450 5661 2490 5718 C
2519 5658 2678 5717 male
2702 5674 2825 5718 sue.
