4084 6256
469 245 576 305 407

1786 252 1845 312 S.
1887 255 2190 313 MACARII
2234 258 2575 315 AEGYPTII

3749 255 3871 313 408

470 392 757 434 cursurus
790 374 886 445 sit,
918 368 1040 434 sed
1071 382 1127 434 et
1156 378 1376 436 iudicia
1416 384 1474 437 et
1502 396 1692 453 penas
1723 382 2021 438 describat
2050 383 2111 437 in
2149 384 2194 437 Α
2226 385 2371 439 ture.
2404 384 2461 440 Si
2493 387 2691 439 autem
2712 383 2789 439 ad
2816 383 2925 438 has
2947 383 3445 454 impugnaciones
3463 397 3588 439 non
3611 381 3881 438 lassave-

470 472 796 537 conspectu
827 468 1039 522 mentis
1076 483 1204 531 sue,
1252 484 1363 524 nec
1411 486 1528 525 non
1580 472 1770 527 eciam
1803 473 2044 526 meritos
2068 472 2115 543 9)

468 556 731 611 honores
763 556 869 627 qui
921 556 1104 611 dandi
1156 563 1294 612 sunt
1325 560 1563 614 sanctis.
1601 560 1659 616 Si
1686 561 1861 632 igitur
1890 561 2114 632 [192]

468 645 699 709 viderit,
726 646 1013 716 quoniam
1040 645 1147 701 hec
1169 646 1475 703 illisuavia
1493 654 1649 713 sunt,
1680 655 1926 720 temptat
1953 665 2112 714 eum,

472 734 519 790 si
538 733 916 790 abrenuntiat
936 733 1363 806 voluptatibus,
1395 742 1451 792 et
1484 737 1703 793 resistit
1733 740 1801 808 ¹⁰>
1824 738 2113 794 adversus

472 824 883 896 impugnantes
896 823 1149 892 “)huius
1164 825 1371 879 mundi
1387 827 1685 897 principes
1703 828 1900 899 u),qui
1918 828 2116 883 vinxe-

470 918 609 968 runt
630 927 766 967 eum
791 912 976 983 prius,
992 913 1097 967 sed
1120 920 1461 971 etescarum
1478 916 1635 970 varie
1658 916 2111 982 delectaciones,

469 1017 587 1073 que
603 1000 854 1056 emolliri
871 1000 1097 1058 faciunt
1122 1018 1240 1069 cor,
1271 1010 1332 1057 ut
1353 1005 1423 1074 1³)
1455 1020 1662 1059 rursus
1696 1006 1764 1076 ¹⁴)
1793 1021 2115 1076 propemo-

470 1091 617 1146 dum
643 1090 713 1161 1~")
732 1090 888 1146 vinci
912 1096 1138 1163 queate
1162 1092 1597 1163 “)lassitudine
1622 1095 1888 1166 corporis
1914 1094 2116 1151 etlon—

470 1179 819 1252 ginquitate,
896 1180 1231 1237 dicentibus
1286 1182 1364 1236 illi
1419 1183 1891 1253 cogitacionibus
1950 1184 2110 1242 suis.

470 1272 699 1340 quanto
730 1268 1013 1340 temporis
1026 1270 1231 1341 spacio
1258 1270 1421 1327 hunc
1453 1272 1722 1329 laborem
1750 1272 1998 1329 sufferre
2012 1289 2115 1345 po-

471 1358 635 1424 teris,
666 1360 724 1413 et
762 1357 908 1429 quia
961 1358 1131 1414 ardui
1188 1358 1411 1416 laboris
1442 1361 1536 1427 sit,
1570 1369 1631 1417 ut
1657 1368 1956 1420 mereatur
1978 1362 2116 1435 quis

469 1445 932 1503 inhabitatorem
945 1446 1165 1504 habere
1175 1448 1378 1515 deum,
1394 1451 1700 1521 presertim
1718 1457 1796 1523 tu,
1813 1453 1916 1523 qui
1931 1452 2120 1507 multa

473 1536 757 1609 peccasti,
783 1540 841 1592 et
864 1542 1092 1608 quanta
1116 1538 1220 1594 tibi
1249 1545 1508 1611 possunt
1554 1541 1773 1596 remitti
1806 1547 2051 1613 peccata
2082 1558 2118 1597 a

474 1626 624 1682 deol
653 1625 709 1682 Si
732 1632 933 1682 autem
970 1628 1335 1696 cognoverit,
1392 1630 1533 1701 quia
1560 1646 1662 1686 cor
1687 1630 1844 1687 illius
1875 1631 2116 1687 ﬁrmum

2224 472 2314 535 rit,
2350 476 2488 527 tunc
2515 472 2813 542 benignus
2831 478 2884 527 et
2915 472 3251 528 misericors
3276 472 3425 527 deus
3456 470 3731 526 mittitilli
3764 471 3883 525 vir-

2226 565 2413 615 tutem
2466 576 2658 626 suam,
2707 566 2763 616 et
2815 562 3135 617 conﬁrmat
3184 577 3286 617 cor
3320 561 3531 632 ipsius,
3580 566 3636 615 et
3661 560 3766 615 dat
3796 560 3881 614 illi

2225 650 2479 705 leticiam
2508 656 2564 705 et
2585 651 2956 719 refrigerium
2979 655 3035 705 et
3058 650 3543 721 possibilitatem,
3575 656 3636 704 ut
3657 649 3883 704 forcior

2224 739 2478 795 inimicis
2505 739 2857 807 inveniatur,
2891 744 2951 794 ut
2986 739 3226 796 illorum
3255 740 3547 793 adversus
3577 737 3771 793 illium
3804 739 3879 809 ³⁵)

2226 843 2433 900 pugna
2459 828 2529 899 ³⁷)
2548 845 2665 883 non
2687 828 3003 899 prevaleat,
3026 828 3496 898 timeutibusque
3516 831 3744 898 prestat
3770 827 3877 882 vir-

2227 923 2408 973 tutem
2428 919 2516 986 ’3).
2546 918 2767 972 sicutet
2785 921 3029 973 sanctus
3052 917 3268 989 paulus
3292 916 3434 971 dicit
3458 933 3470 970 :
3508 915 3870 983 contendite,

2224 1012 2280 1061 et
2329 1006 2629 1077 accipietis
2675 1006 2969 1061 virtutem.
3028 1008 3140 1061 Hec
3164 1005 3389 1079 quippe
3443 1005 3514 1076 ³ε’)
3544 1008 3638 1060 est
3670 1004 3869 1070 virtus,

2222 1111 2409 1167 quam
2441 1096 2652 1151 beatus
2689 1101 2892 1166 petrus
2916 1094 3178 1167 loquitur
3201 1094 3408 1151 dicens
3438 1110 3450 1148 :
3482 1093 3873 1150 hereditatem

2223 1184 2631 1254 incorruptam
2660 1188 2719 1239 et
2743 1182 3301 1240 immarcessibilem
3348 1186 3773 1238 conservatam
3805 1181 3867 1236 in

2225 1272 2363 1327 celis
2392 1272 2453 1328 in
2472 1272 2665 1338 vobis,
2684 1273 2786 1344 qui
2809 1273 2869 1327 in
2900 1272 3111 1328 virtute
3133 1272 3202 1343 ιθ)
3225 1272 3322 1327 dei
3359 1271 3744 1327 custodimini
3766 1285 3871 1342 per

2224 1361 2429 1417 ﬁdem.
2461 1364 2623 1417 Tunc
2650 1362 2948 1432 benignus
2994 1366 3049 1417 et
3078 1361 3339 1417 clemens
3360 1362 3529 1425 deus,
3564 1361 3610 1416 si
3636 1359 3867 1427 viderit,

2226 1452 2373 1523 quia
2400 1450 2469 1521 ‘1)
2502 1466 2602 1506 cor
2615 1451 2805 1523 ipsius
2823 1450 3275 1506 corroboratum
3304 1453 3393 1505 est
3408 1448 3869 1521 superinimicos

2228 1555 2388 1604 suos,
2413 1544 2553 1595 tunc
2575 1539 2864 1611 paulatim
2886 1538 3182 1595 subtrahit
3224 1539 3517 1608 virtutem,
3550 1553 3667 1610 que
3694 1537 3775 1593 illi
3800 1538 3869 1609 ‘1)

2229 1628 3717 1700 opitulabatur,etconceditinimicisimpugnare")
3732 1643 3870 1683 eum

475 1721 568 1771 est
597 1714 659 1770 in
687 1714 894 1770 timore
923 1715 1017 1771 dei
1043 1722 1098 1772 et
1128 1733 1247 1772 non
1292 1717 1533 1774 dimittit
1559 1719 1757 1775 locum
1782 1737 1980 1788 suum,
2014 1721 2118 1775 sed
2150 1722 2194 1777 B
2233 1718 2409 1773 variis
2436 1718 2945 1789 concupiscenciis
2970 1717 3189 1784 carnis,
3210 1733 3317 1773 nec
3336 1732 3457 1772 non
3489 1722 3544 1772 et
3574 1732 3728 1771 vane
3748 1716 3870 1786 glo-

475 1804 700 1860 fortiter
723 1804 938 1860 resistit
968 1811 1023 1860 et
1052 1812 1283 1877 pugnat
1325 1808 1417 1878 ‘7).
1461 1813 1599 1863 tunc
1627 1810 1864 1865 venient
1890 1809 1969 1864 illi
2004 1809 2119 1865 sub

474 1894 788 1950 occasione
810 1893 1043 1965 justicie
1082 1895 1380 1955 dicentes:
1423 1898 1681 1953 Peccasti
1712 1898 1979 1970 quidem,
2014 1900 2119 1955 sed

472 1983 875 2055 penitenciam
902 1984 1097 2053 egisti,
1123 1985 1251 2056 jam
1307 1992 1547 2042 sanctus
1572 2003 1672 2051 es;
1706 1992 1762 2043 et
1794 1986 2023 2044 faciunt
2052 1990 2121 2043 il-

473 2072 599 2128 lum
616 2072 684 2143 1⁸)
698 2072 995 2129 recordari
1011 2075 1392 2146 quorundam
1406 2075 1610 2131 homin
1622 2094 1654 2131 u
1666 2094 1721 2131 m
1738 2083 2001 2148 peccata,
2016 2078 2119 2151 qui

473 2176 596 2216 non
641 2167 888 2230 egerunt
918 2164 1337 2233 penitenciam,
1371 2165 1917 2236 superseminantes
1949 2167 2029 2221 illi
2061 2167 2118 2221 in

476 2249 656 2305 corde
702 2266 924 2306 vanam
983 2251 1257 2319 gloriam.
1294 2254 1416 2308 Non
1453 2253 1647 2308 solum
1679 2270 1816 2309 vero
1847 2254 1977 2321 hec,
2012 2256 2119 2311 sed

474 2338 666 2394 eciam
688 2338 913 2395 faciunt
936 2340 1232 2411 quosdam
1257 2341 1530 2397 homines
1548 2343 1796 2399 laudare
1817 2360 1956 2400 eum
1984 2346 2120 2400 sub~

473 2426 629 2493 dole,
684 2434 741 2483 et
796 2444 1120 2497 provocare
1152 2446 1289 2484 eum
1321 2431 1397 2485 ad
1441 2447 1642 2501 opera,
1676 2448 1792 2503 que
1823 2432 1972 2489 ferre
1999 2450 2119 2489 non

474 2520 699 2588 potest,
718 2517 1195 2573 immittentesilli
1211 2518 1602 2587 cogitationes
1628 2537 1747 2578 non
1773 2524 2122 2579 vescendiet

475 2619 598 2659 non
629 2603 894 2670 bibendi,
925 2622 1031 2660 nec
1064 2622 1183 2661 non
1217 2614 1271 2663 et
1297 2608 1658 2678 vigiliarum,
1682 2616 1737 2666 et
1762 2611 1948 2667 multa
1978 2612 2118 2677 alia,

473 2708 591 2761 que
639 2692 887 2764 longum
945 2700 1035 2749 est
1077 2696 1293 2759 dicere,
1343 2704 1396 2752 et
1428 2697 1768 2754 facilitatem
1796 2700 1873 2755 illi
1902 2701 1979 2756 ad
2008 2701 2118 2757 hec

474 2780 841 2854 perﬁcienda
873 2782 1156 2850 tribuunt,
1198 2786 1246 2840 si
1281 2787 1352 2856 ιο)
1379 2802 1497 2859 quo
1529 2788 1711 2844 modo
1737 2806 1875 2845 eum
1908 2790 1984 2845 ad
2010 2790 2120 2847 hec

476 2869 718 2926 illiciant
769 2872 860 2939 ὀ),
914 2878 1264 2943 precavente
1307 2877 1601 2949 scriptura
1649 2882 1705 2933 et
1738 2878 2009 2935 dicente:
2045 2894 2120 2935 ne

474 2959 866 3016 declinaveris
922 2961 999 3017 ad
1026 2961 1295 3019 dextram
1329 2980 1523 3037 neque
1555 2967 1631 3022 ad
1665 2967 1988 3035 sinistram,
2015 2968 2119 3024 sed

2231 1808 2311 1862 rie
2337 1809 2408 1878 “)
2428 1808 2767 1879 cupiditate,
2792 1813 2847 1862 et
2873 1806 3180 1878 superbia,
3202 1806 3531 1879 ceterisque
3549 1807 3641 1876 ⁸⁵),
3663 1821 3780 1877 que
3801 1806 3870 1875 ‘5)

2229 1896 2307 1952 ad
2340 1897 2743 1966 perdicionem
2773 1896 3037 1964 trahunt,
3070 1901 3132 1950 ut
3162 1895 3602 1968 propemodum
3631 1896 3700 1966 ‘7)
3732 1895 3873 1950 assi-

2234 1985 2465 2041 miletur
2496 1986 2777 2056 navi,que
2804 2000 2931 2040 sme
2945 1983 3355 2055 gubernaculo
3378 1985 3437 2039 in
3470 1983 3730 2054 scopulis
3760 1984 3874 2039 huc

2229 2074 2486 2147 illucque
2519 2077 2587 2145 ‘3)
2609 2074 2872 2131 offendit.
2903 2075 3046 2128 Cum
3079 2078 3281 2129 autem
3313 2089 3414 2129 cor
3434 2089 3562 2128 eius
3591 2075 3663 2142 ‘9)
3690 2089 3877 2128 emar-

2230 2166 2417 2219 cuerit
2438 2165 2497 2219 in
2528 2164 2726 2233 hiis,et
2752 2164 2833 2219 ita
2851 2165 2920 2234 ⁵ο)
2949 2162 3227 2218 defecerit
3256 2162 3333 2217 ad
3365 2162 3601 2232 singula
3632 2167 3880 2233 tempta-

2234 2260 2433 2309 menta
2462 2256 2533 2325 ⁵¹)
2558 2254 2803 2318 inimici,
2841 2257 2982 2307 tunc
3014 2254 3092 2308 ho
3118 2251 3339 2324 [194]
3380 2252 3608 2306 minum
3640 2255 3878 2306 amator

2230 2343 2402 2408 deus,
2463 2358 2671 2398 curam
2749 2343 2980 2398 habens
3038 2348 3306 2397 creature
3332 2356 3457 2405 sue,
3492 2340 3761 2396 immittit
3792 2340 3876 2396 illi

2232 2437 2503 2487 sanctam
2560 2434 2837 2486 virtutem
2889 2436 2945 2486 et
2991 2429 3327 2493 conﬁrmat,
3357 2429 3657 2485 subiciens
3686 2445 3789 2484 cor
3821 2435 3878 2485 et

2231 2522 2498 2577 animam
2524 2527 2578 2576 et
2601 2536 2818 2592 corpus
2846 2520 3034 2591 ipsius
3057 2525 3111 2575 et
3137 2520 3340 2575 omnia
3365 2520 3597 2573 viscera
3611 2520 3740 2574 eius
3764 2519 3876 2575 sub

2228 2609 2906 2681 iugoparacliti"),ipso
2932 2608 3166 2664 dicente
3192 2624 3204 2661 :
3235 2607 3638 2679 tolliteiugum
3673 2623 3875 2663 meum

2230 2714 2412 2771 super
2438 2715 2541 2753 vos
2573 2704 2629 2754 et
2655 2698 2861 2753 discite
2890 2713 2925 2752 a
2946 2713 3059 2761 me,
3080 2697 3223 2768 quia
3248 2697 3405 2751 mitis
3430 2712 3567 2752 sum
3597 2702 3653 2751 et
3684 2696 3875 2753 humi-

2229 2789 2299 2844 lis
2325 2789 2520 2845 corde.
2552 2790 2615 2843 Et
2660 2788 2742 2842 sic
2784 2786 3032 2842 demum
3089 2785 3387 2855 benignus
3436 2785 3587 2841 deus
3637 2786 3875 2857 incipiet

2230 2877 2542 2949 adaperire
2563 2877 2637 2949 ⁵³)
2668 2876 2872 2933 oculos
2896 2874 3095 2931 cordis
3126 2874 3317 2946 ipsius
3350 2876 3442 2946 8⁸),
3475 2881 3538 2930 ut
3563 2875 3864 2944 intelligat,

2228 2968 2516 3040 quoniam
2543 2967 2668 3036 ipse
2694 2971 2802 3031 est,
2826 2965 2930 3037 qui
2954 2963 3271 3020 conﬁrmat
3294 2979 3454 3029 eum,
3488 2968 3545 3020 et
3575 2969 3715 3020 tunc
3741 2979 3872 3021 vere

472 3053 700 3106 rectum
728 3050 834 3105 iter
882 3050 1211 3122 ingredere.
1254 3054 1309 3111 Si
1364 3060 1565 3110 autem
1620 3056 1920 3129 benignus
1966 3058 2116 3114 deus
2152 3074 2194 3131 (ζ
2230 3057 2468 3128 incipiet
2498 3071 2673 3111 nosse
2704 3055 2886 3111 homo
2914 3054 3203 3109 honorem
3234 3053 3376 3109 dare
3402 3052 3516 3108 deo
3541 3069 3680 3109 cum
3710 3054 3876 3109 omni

467 3140 855 3211 perspexerit,
879 3141 1022 3212 quia
1050 3141 1194 3197 nulli
1223 3159 1430 3198 eorum
1463 3145 1757 3217 acquievit
1786 3163 1887 3203 cor
1907 3148 2113 3219 ipsius,

465 3228 695 3284 dicente
710 3229 890 3284 david
910 3231 1051 3285 etde
1076 3232 1492 3288 huiuscemodi
1518 3237 2021 3307 temptacionibus
2046 3238 2115 3308 ³1)

464 3318 839 3387 signiﬁcante
864 3336 877 3373 :
902 3321 1166 3391 probasti
1180 3338 1279 3378 cor
1295 3338 1492 3379 meum
1509 3325 1816 3382 etvisitasti
1835 3328 2112 3397 nocte”),

463 3405 599 3475 igne
627 3422 723 3461 me
748 3409 1129 3477 examinasti,
1162 3416 1219 3465 et
1241 3427 1359 3467 non
1394 3417 1483 3467 est
1513 3412 1756 3470 inventa
1784 3416 1839 3470 in
1876 3433 1968 3470 me
2004 3417 2119 3470 ini-

466 3496 688 3566 quitas.
723 3498 779 3548 Et
802 3496 914 3551 hoc
948 3501 1451 3568 perspiciendum,
1476 3517 1581 3557 cur
1607 3509 1777 3558 nocte
1806 3505 1875 3576 ³³)
1906 3506 2118 3561 dixerit

467 3588 522 3638 et
542 3598 661 3639 non
674 3584 770 3639 die
784 3586 875 3655 ²⁴);
894 3585 1159 3642 videlicet
1172 3590 1313 3659 quia
1328 3589 1875 3647 circumvenciones
1892 3594 2117 3650 inimici

466 3687 587 3727 nox
602 3678 759 3737 sunt,
777 3674 927 3729 sicut
943 3676 1015 3745 ³⁵)
1032 3675 1237 3731 beatus
1251 3678 1465 3748 paulus
1478 3680 1624 3735 dixit
1642 3682 1731 3751 ²⁶),
1753 3684 1822 3753 [ι
1835 3682 1978 3756 93]
1997 3699 2113 3739 non

466 3777 599 3817 esse
626 3776 737 3817 nos
760 3762 911 3817 ﬁlios
932 3766 1311 3822 tenebrarum
1336 3767 1426 3840 ³⁷),
1460 3770 1564 3824 sed
1594 3769 1764 3835 lucis,
1794 3775 1935 3843 quia
1965 3772 2116 3828 ﬁlius

466 3850 560 3906 dei
577 3850 702 3905 dies
715 3852 1207 3923 est"),;diabolus
1223 3856 1292 3927 ³ε’)
1310 3871 1447 3912 vero
1469 3860 1625 3914 nocti
1648 3860 2032 3917 assimilatur.
2062 3863 2116 3920 Si

466 3955 608 3996 vero
627 3940 735 3995 hec
753 3942 957 3997 omnia
970 3942 1126 3999 bella
1143 3961 1532 4016 supergressa
1548 3948 1720 4003 fuerit
1734 3950 1957 4017 anima,
1978 3958 2117 4007 tunc

462 4030 753 4101 incipiunt
774 4030 851 4085 illi
876 4032 1192 4089 immittere
1214 4034 1591 4092 adversarios
1611 4039 1679 4110 3ο)
1695 4040 2115 4107 cogitaciones,

464 4118 884 4175 fornicacronis
904 4120 1338 4180 desideriumet
1361 4125 1688 4182 nefandum
1720 4130 1789 4199 ³¹)
1819 4136 2115 4201 stuprum.

467 4207 531 4261 In
560 4208 1238 4279 hiis")igituromnibus
1274 4214 1611 4270 inﬁrmatur
1631 4217 1837 4273 anima
1853 4224 2117 4273 etcorta-

467 4296 680 4363 bescit,
700 4300 1140 4371 utimpossibile
1163 4302 1234 4373 ³³)
1261 4303 1372 4358 sibi
1395 4307 1599 4361 credat
1617 4321 1745 4361 esse
1776 4308 2117 4364 custodiam

2229 3148 2558 3204 humilitate
2580 3149 2635 3200 et
2662 3144 2891 3199 actione
2914 3144 3272 3212 graciarum,
3303 3145 3456 3197 sicut
3484 3141 3668 3197 david
3695 3142 3833 3198 dicit
3859 3161 3872 3195 :

2228 3236 2587 3292 sacriﬁcium
2605 3234 2718 3288 deo
2736 3233 2973 3304 spiritus
2991 3232 3441 3287 contribulatus.
3465 3235 3545 3287 Ex
3578 3232 3690 3287 hoc
3717 3233 3874 3287 enim

2226 3327 2431 3383 labore
2462 3323 2626 3396 prelii
2661 3322 2965 3378 humilitas
2987 3327 3041 3376 et
3071 3320 3499 3377 contribulacio
3523 3326 3578 3377 et
3602 3337 3877 3377 mansue-

2230 3416 2373 3472 tudo
2412 3413 2664 3469 efﬁcitur
2702 3413 2793 3482 ⁵⁵).
2839 3413 2982 3465 Cum
3011 3410 3127 3464 hiis
3167 3410 3342 3478 igitur
3380 3410 3665 3466 omnibus
3704 3410 3876 3467 fuerit

2228 3506 2536 3577 probatus,
2563 3508 2700 3556 tunc
2722 3501 2961 3571 incipiet
2982 3500 3061 3554 illi
3088 3500 3327 3571 spiritus
3351 3507 3595 3555 sanctus
3614 3500 3875 3556 revelare

2227 3592 2461 3649 occulta
2481 3592 2576 3661 ⁵⁸),
2606 3590 2719 3644 hoc
2746 3593 2855 3652 est,
2885 3604 3003 3659 que
3026 3590 3247 3643 sanctis
3275 3588 3399 3643 iure
3429 3588 3759 3659 meritoque
3780 3589 3875 3644 de-

2229 3683 2445 3739 bentur
2469 3685 2524 3735 et
2544 3679 2677 3745 hiis,
2705 3677 2810 3749 qui
2834 3684 3076 3748 sperant
3100 3692 3278 3748 super
3303 3678 3710 3733 misericordia
3728 3678 3872 3743 eius,

2228 3778 2283 3827 et
2310 3776 2449 3826 tunc
2476 3772 2712 3839 reputat
2742 3783 2944 3821 secum
2971 3767 3155 3821 homo
3181 3766 3385 3822 dicens
3416 3766 3563 3823 illud
3594 3767 3877 3837 apostoli-

2227 3876 2366 3915 cum
2386 3876 2397 3913 :
2418 3857 2561 3930 quia
2584 3872 2704 3912 non
2726 3862 2863 3911 sunt
2880 3855 3175 3923 condigne
3198 3855 3512 3925 passiones
3535 3856 3712 3911 huius
3731 3861 3875 3912 tem-
3954 3875 3973 3886 ο

2230 3948 2389 4020 poris
2413 3948 2487 4002 ad
2514 3946 2770 4001 futuram
2792 3944 3065 4014 gloriam,
3086 3960 3202 4016 que
3225 3944 3582 3999 revelabitur
3599 3945 3657 4000 in
3682 3946 3875 4014 nobis,

2230 4044 2285 4093 et
2315 4036 2459 4092 illud
2476 4036 2657 4089 david
2684 4053 2695 4091 ε
2732 4033 2881 4105 quid
2902 4033 3062 4088 enim
3093 4032 3273 4088 michi
3295 4039 3382 4089 est
3405 4035 3461 4088 in
3496 4034 3642 4101 celo,
3677 4042 3733 4090 et
3759 4051 3794 4091 a
3825 4040 3876 4091 te

2228 4126 2373 4198 quid
2397 4124 2555 4179 volui
2571 4122 3021 4193 superterram?
3039 4122 3151 4177 hoc
3169 4129 3255 4177 est
3280 4145 3291 4176 :
3313 4138 3347 4178 o
3362 4123 3625 4189 domine,
3649 4130 3878 4195 quanta

2230 4215 2407 4271 michi
2448 4228 2771 4285 paraveras
2810 4212 2868 4266 in
2901 4211 3047 4276 celo,
3090 4218 3146 4266 et
3175 4227 3285 4281 ego
3317 4212 3463 4283 quid
3508 4229 3543 4267 a
3576 4219 3627 4268 te
3666 4229 3876 4285 quere-

2228 4306 2369 4361 bam
2401 4305 2471 4375 ⁵⁷)
2503 4304 2561 4357 in
2596 4303 2713 4356 vita
2738 4301 2967 4357 morlali
2998 4302 3027 4353 ?
3052 4304 3119 4356 Et
3148 4303 3231 4356 sic
3262 4302 3450 4356 eciam
3480 4302 3766 4373 incipient
3798 4303 3873 4357 illi

466 4387 776 4478 castitatis,
810 4390 1241 4460 subiungentes
1272 4392 1373 4459 illi,
1408 4398 1470 4449 ut
1498 4395 1639 4461 dixi,
1666 4398 1951 4468 temporis
1984 4413 2117 4469 pro—
2149 4424 2194 4478 Ι)
2226 4393 2476 4450 revelari
2510 4396 2823 4460 tormenta,
2859 4406 2976 4463 que
3008 4391 3241 4461 passuri
3269 4399 3406 4446 sunt
3428 4396 3791 4464 peccatores,
3824 4398 3879 4449 et

466 4474 777 4542 lixitatem,
824 4479 1101 4535 virtutum
1151 4480 1408 4538 arduum
1439 4484 1513 4553 3‘)
1537 4484 1825 4550 laborem,
1880 4492 1937 4542 et
1974 4488 2115 4559 quia

468 4564 695 4633 grande
727 4565 801 4620 sit
826 4581 977 4622 onus
1003 4568 1273 4637 ipsarum
1289 4571 1733 4642 etimportabile
1754 4575 1846 4645 ³⁵),
1872 4574 2116 4631 subiun-

468 4659 673 4723 gentes
696 4653 776 4711 illi
794 4654 1198 4715 inﬁrmitatem
1228 4662 1494 4732 corporis
1521 4667 1576 4718 et
1603 4662 1979 4733 fragilitatem
2014 4679 2116 4720 na-

2230 4483 2415 4539 multa
2454 4481 2588 4545 alia,
2622 4497 2738 4552 que
2779 4496 2873 4535 me
2910 4486 3141 4535 tacente
3179 4485 3420 4536 sanctus
3462 4481 3546 4534 vir
3585 4480 3875 4552 intelligit.

2229 4572 2479 4629 Posthec
2500 4587 2641 4627 vero
2659 4571 2865 4626 omnia
2881 4570 3119 4641 incipiet
3132 4570 3453 4641 paraclitus
3472 4570 3617 4626 inire
3632 4578 3875 4642 pactum

2228 4678 2366 4718 cum
2402 4661 2654 4734 puritate
2694 4659 2891 4717 cordis
2927 4658 3114 4730 ipsius
3154 4664 3211 4713 et
3259 4659 3457 4715 anime
3496 4658 3777 4717 ﬁrmitate
3822 4668 3877 4717 et

1823 4807 2078 4862 VARIAE
2118 4805 2526 4862 LECTIONES.

537 4940 584 5011 θ)
603 4940 937 5017 _Cradendo
951 4944 1422 5017 corr.merito.—
1452 4944 1850 5016 10)Bresistat.
1874 4948 2127 5015 —-“)AB
2152 4946 2734 5017 impugnaciones.—
2757 4944 2825 5016 ¹²)
2844 4945 2883 5000 Β
2916 4944 3355 5017 principum—
3383 4946 3460 5013 ι’)
3489 4946 3528 5000 C
3556 4945 3877 5003 malea.—

465 5010 643 5096 1’ἠέλιΒ
668 5028 1027 5096 ηςοτσξμξες-
1053 5016 1413 5096 “)BCprope
1439 5010 2515 5096 modum._—{f)Avihciqifed.A-}”)_et
2542 5024 2776 5088 pugnat
2808 5010 2925 5073 "om;
2948 5017 3096 5096 _A_.A—
3118 5010 3195 5096 {3)
3226 5017 3265 5070 C
3284 5010 3510 5071 eumf—
3544 5018 3614 5087 1³)
3642 5018 3875 5096 C_.male

464 5083 586 5140 sed.
607 5084 753 5169 -¹²⁰)
774 5083 1356 5169 ΑΙξρζὶέςφᾳηΑ-Ῐιδ
1388 5093 1425 5142 Α
1456 5083 2011 5169 cogitationibus:
2034 5083 2116 5169 ’1)’
2135 5091 2173 5169 (ξ
2188 5083 2463 5169 probasti
2484 5083 2798 5169 carrucam
2830 5096 2889 5169 et
2902 5083 3604 5169 v_is_ilqsti_COr__me‘apz_et'
3623 5089 3879 5169 eisilasli

537 5162 726 5237 riocte.
765 5160 915 5237 πη)
949 5160 1106 5237 eum
1138 5158 1617 5237 ηοοιεέῖξεωϐ
1647 5164 1709 5237 i_n
1736 5162 1923 5237 die—
1951 5162 2101 5237 25)WC_
2118 5158 2890 5237 sic—uri,etsic_ubique.—_36
2922 5158 3345 5237 BC_dicit.—")
3378 5160 3878 5237 Bgteriebraruqi

465 5228 643 5295 ﬁliOS-
680 5257 746 5269 —
778 5229 845 5289 ’⁸)
879 5236 962 5284 est
993 5244 1113 5285 om.
1142 5231 1206 5284 A.
1246 5260 1303 5269 —-
1332 5232 1401 5301 x9)
1427 5233 1485 5287 C.
1506 5228 1847 5301 'Dyabolus.
1880 5261 1947 5275 -
1975 5228 2050 5301 ³ο)
2074 5233 2156 5287 BC
2184 5232 2546 5288 adversarie.
2585 5228 2647 5271 —'
2672 5231 2742 5301 ³1)
2780 5233 2859 5285 BC
2882 5229 3289 5299 nephandum.
3326 5228 3393 5269 '—
3426 5231 3494 5297 ³³)
3529 5230 3641 5286 hiis
3666 5247 3785 5286 om.
3820 5234 3875 5286 C.

470 5330 537 5337 -
564 5299 637 5357 ⁸³)
670 5304 713 5353 Α
742 5300 1096 5357 possibilem.
1133 5332 1197 5340 —
1229 5302 1299 5357 "l
1327 5305 1370 5355 A
1403 5318 1632 5357 uerum.
1690 5305 1727 5357 C
1758 5319 2000 5357 vanum.
2039 5334 2105 5343 —
2137 5304 2205 5357 "'l
2240 5308 2274 5357 Β
2309 5302 2687 5357 inportabile.
2718 5332 2784 5341 -—
2816 5303 2885 5357 3°)
2917 5303 2953 5355 ί]
2987 5316 3133 5355 eum.
3164 5331 3224 5339 -—
3250 5302 3320 5357 ³⁷)
3352 5302 3438 5356 AC
3466 5301 3875 5357 imnuanacio.

470 5330 537 5337 —-
564 5301 637 5369 ⁸³)
670 5304 713 5353 Α
740 5301 1096 5382 possibilem.
1133 5332 1197 5340 —
1229 5302 1299 5371 ")
1327 5305 1370 5355 A
1403 5318 1632 5367 uerum,
1690 5305 1727 5357 C
1758 5319 2000 5359 vanum.
2039 5334 2105 5343 —
2137 5304 2205 5373 ³⁵)
2240 5308 2274 5357 Β
2309 5302 2687 5373 inportabile.
2718 5332 2784 5341 --
2816 5303 2888 5428 3‘2
2917 5303 2953 5355 ί]
2987 5316 3133 5355 eum.
3164 5331 3224 5339 -—
3250 5302 3320 5367 ³⁷)
3352 5302 3438 5356 AC
3466 5301 3878 5371 impugnacio.

470 5370 613 5441 -³⁸)
644 5375 1157 5457 ᾼιυηθηιξξᾳηςζᾳβ
1182 5388 1333 5444 quae
1350 5374 1825 5457 ἰῃίιαὸἰίαιξξηηθο
1860 5378 2156 5457 virtutem.
2193 5402 2262 5415 -—
2293 5377 2361 5443 39)
2395 5374 2613 5457 quippe
2649 5389 2770 5427 om.
2806 5374 2843 5426 Β
2879 5414 2906 5457 1.
2939 5402 3006 5454 -τ-
3034 5372 3103 5442 ιο)
3136 5372 3629 5457 B‘perniiirtcitcm.
3668 5403 3732 5414 —
3766 5375 3808 5409 ⁸³
3841 5376 3878 5428 Β

469 5449 785 5513 quantum.
819 5474 887 5483 —
918 5444 990 5513 ⁴²>
1033 5444 1131 5499 illi
1187 5460 1306 5498 om.
1362 5445 1459 5500 BC.
1518 5476 1586 5486 —-
1612 5447 1684 5511 ‘3)
1714 5450 1751 5502 C
1786 5448 1943 5503 male
1974 5460 2269 5515 pugnare.
2324 5444 2494 5510 —’“)
2542 5451 2584 5500 A
2638 5460 2795 5500 vana
2825 5444 3045 5514 gloria.
3101 5474 3137 5480 ν
3173 5444 3241 5511 ⁴³)
3295 5446 3375 5497 BC
3405 5451 3879 5515 ceterarumque.

471 5544 539 5588 Τ
566 5514 637 5588 ξε)
666 5530 778 5588 que
806 5530 927 5570 om.
964 5519 1021 5572 C.
1056 5545 1121 5554 —
1152 5516 1222 5587 Π)
1252 5516 1288 5568 Β
1312 5532 1503 5588 prope
1526 5518 1785 5573 modum.
1820 5550 1883 5557 —
1914 5518 1984 5588 ιε)
2015 5522 2058 5572 Α
2091 5525 2269 5587 atque
2292 5516 2462 5573 illuc.
2500 5548 2566 5556 _
2598 5516 2670 5588 ἐς)
2700 5516 2744 5568 Α
2767 5514 2961 5588 illius.
2992 5546 3059 5588 τ
3094 5516 3162 5585 5°)
3194 5515 3328 5588 Aget
3358 5522 3418 5568 ut
3444 5514 3531 5588 ita
3555 5516 3775 5588 dicam.
3813 5546 3882 5557 —-

471 5544 539 5553 —
566 5532 637 5585 νυ)
667 5532 778 5586 que
806 5532 927 5570 om.
964 5532 1021 5572 υ.
1056 5545 1121 5554 -
1152 5532 1222 5587 ἰ)
1252 5532 1288 5568 υ
1312 5532 1503 5588 prope
1526 5532 1785 5573 moaum.
1820 5550 1883 5557 —
1914 5532 1984 5588 ὀ)
2015 5532 2058 5572 Α
2091 5532 2269 5587 atque
2292 5532 2462 5573 muc.
2500 5548 2566 5556 _
2598 5532 2670 5586 η)
2700 5532 2744 5568 Α
2774 5532 2961 5571 iuius.
2992 5546 3059 5555 —
3094 5532 3162 5585 νυ)
3194 5532 3238 5568 Λ
3277 5532 3327 5570 ει
3358 5532 3418 5568 ut
3444 5532 3531 5569 ua
3555 5532 3775 5571 arcam.
3813 5546 3881 5557 —-

471 5586 538 5644 ⁵¹)
571 5586 613 5638 Β
636 5586 1097 5654 demptamenta.
1131 5618 1198 5629 —
1248 5588 1317 5660 ⁵³)
1347 5590 1393 5642 Α
1413 5590 1743 5659 paraclyti.
1775 5619 1844 5630 —
1874 5590 1943 5660 ι⁵³)
1974 5596 2017 5643 Α
2048 5591 2301 5659 aperire.
2338 5618 2406 5629 -
2434 5589 2505 5661 ⁵⁸)
2548 5586 2632 5643 BC
2661 5587 2844 5657 ipsius
2876 5586 3092 5645 cordis.
3127 5616 3194 5627 —
3220 5587 3290 5657 ⁸⁸)
3338 5588 3378 5640 Β
3411 5586 3781 5656 efﬁciuntur.
3812 5618 3881 5629 -

472 5656 543 5730 ⁵⁸)
574 5661 619 5713 Α
645 5659 972 5718 ecclesiam.
1002 5691 1071 5703 —
1102 5660 1174 5733 ⁸⁷)
1200 5660 1240 5716 Β
1266 5662 1412 5733 quid
1441 5676 1479 5719 a
1510 5664 1563 5718 te
1582 5660 1727 5734 quid
1754 5662 2091 5734 querebam.
