4084 6256
214 307 326 363 409

1725 301 2139 363 EPISTOLAE.

3527 304 3637 362 410

203 433 532 490 sanctitate
562 431 828 504 corporis
854 434 1070 488 etcum
1096 432 1341 504 spiritus
1364 433 1493 489 eius
1517 431 1871 501 humilitate,
1903 431 1949 486 Α
1982 435 2090 501 est,
2116 434 2170 487 et
2190 431 2480 504 quoniam
2507 430 2633 502 ipse
2656 430 2726 502 ⁸³)
2744 434 2835 486 est
2853 429 2973 486 vita
2990 429 3138 495 eius,
3157 429 3392 487 dicente
3412 430 3620 487 david:

200 527 266 578 et
283 522 467 578 faciet
482 522 702 594 “)eum
725 520 1005 593 progredi
1020 522 1091 593 ιςθ)
1108 538 1351 578 omnem
1371 529 1728 587 creaturam,
1745 526 1800 577 et
1815 525 1876 576 ut

199 628 335 668 non
364 611 653 683 loquatur
691 627 757 667 os
785 611 911 665 eius
941 626 1127 683 opera
1164 611 1502 676 hominum,
1529 617 1585 666 et
1616 617 1676 666 ut
1714 614 1875 666 recta

200 700 402 757 oculis
441 701 565 755 suis
592 699 813 768 videat,
845 706 902 755 et
932 704 997 754 ut
1034 701 1122 755 ori
1155 717 1263 755 suo
1290 700 1623 755 custodiam
1666 704 1873 771 ponat,

200 796 266 845 et
282 791 393 845 iter
408 791 590 845 faciat
602 794 831 844 rectum
849 791 913 859 ⁸ο)
939 789 1244 858 gressibus
1262 790 1402 853 suis,
1424 795 1481 844 et
1501 796 1559 845 ut
1580 789 1873 844 iusticiam

204 879 438 934 habeat
464 894 758 934 manuum
785 893 1058 947 suarum,
1082 877 1200 933 hoc
1238 882 1325 933 est
1354 893 1629 950 operum,
1661 883 1718 934 et
1748 892 1878 933 ora-

206 967 799 1031 cionisinstanciam,
817 981 925 1022 nec
947 983 1070 1021 non
1089 972 1144 1022 et
1167 966 1645 1037 6‘)afﬂiccionem
1668 982 1874 1038 corpo-

207 1057 292 1111 ris
314 1061 372 1112 et
400 1055 739 1125 vigiliarum
768 1055 1200 1127 frequenciam.
1226 1058 1292 1110 Et
1318 1056 1428 1111 hec
1453 1056 1716 1127 disponit
1738 1071 1876 1110 cum

208 1160 283 1201 eo
311 1146 375 1201 in
392 1160 678 1201 mensura
693 1150 750 1199 et
768 1144 1163 1214 discrecione,
1191 1149 1249 1200 et
1264 1160 1385 1200 non
1403 1145 1462 1199 in
1482 1144 1874 1209 turbulencia,

210 1234 320 1290 sed
339 1235 402 1289 in
423 1235 621 1306 quiete
648 1234 731 1303 61).
760 1233 816 1289 Si
839 1249 977 1289 vero
1000 1250 1169 1289 mens
1190 1234 1383 1305 ipsius
1409 1234 1875 1306 disposicionem

210 1323 410 1379 sancti
451 1323 673 1395 [195]
716 1323 958 1393 spiritus
997 1324 1441 1393 contempserit,
1484 1330 1623 1377 tunc
1670 1323 1875 1388 virtus,

207 1428 334 1485 que
349 1412 412 1466 in
426 1429 564 1467 eum
581 1414 649 1483 ⁸³)
665 1411 882 1467 collata
894 1411 1085 1467 fuerat
1098 1412 1190 1483 0‘),
1210 1410 1480 1476 discedit,
1506 1417 1562 1467 et
1581 1412 1665 1466 sic
1679 1426 1879 1481 pugne

208 1500 558 1556 efﬁciuntur
593 1501 650 1555 in
691 1500 871 1556 corde
906 1500 1033 1555 eius
1064 1506 1120 1554 et
1160 1499 1662 1555 conturbaciones
1690 1501 1782 1571 ⁸⁵),
1825 1503 1880 1554 et

208 1590 736 1646 conturbauteum
752 1590 820 1659 ³⁸)
837 1590 1145 1659 passiones
1167 1590 1433 1661 corporis
1446 1604 1551 1661 per
1572 1596 1882 1645 momenta

209 1679 461 1749 singula
482 1678 1198 1750 expugnacioneinimici.
1225 1679 1497 1734 Siautem
1519 1694 1880 1733 conversum

1983 520 2234 577 clamavi
2258 521 2335 576 ad
2367 526 2419 575 te
2441 525 2495 576 et
2526 521 2750 576 sanasti
2776 536 2872 575 me
2896 534 2910 585 ;
2938 525 2995 575 et
3017 520 3230 576 iterum
3257 536 3270 575 :
3300 521 3444 591 quia
3471 522 3636 592 apud

1984 614 2038 665 te
2064 613 2151 664 est
2173 609 2304 664 fons
2327 610 2500 665 vitae.
2525 609 2705 679 Igitur
2723 609 3057 664 secundum
3080 624 3285 664 meum
3319 610 3638 666 consilium

1983 698 2331 770 quidem"),
2347 698 2457 753 nisi
2470 699 2654 754 homo
2667 699 2957 767 grandem
2972 698 3640 770 possederit“)humili-

1989 794 2186 852 tatem,
2211 803 2329 858 que
2352 786 2637 843 virtutum
2665 788 2935 843 omnium
2964 788 3202 843 culmen
3228 792 3340 853 est,
3369 792 3427 844 et
3446 793 3643 843 custo-

1986 875 2148 930 diam
2167 877 2432 947 posuerit
2452 876 2538 932 ori
2563 892 2695 945 suo,
2721 882 2775 931 et
2792 876 2955 932 cordi
2976 876 3246 932 timorem
3272 878 3388 943 dei,
3408 882 3466 933 et
3485 878 3545 933 in
3567 894 3639 934 eo

1985 965 2232 1036 quidem
2271 980 2332 1020 se
2373 965 2588 1034 probat
2615 965 2897 1021 excellere
2933 967 3159 1033 ceteris,
3191 983 3313 1022 non
3347 983 3409 1021 se
3448 967 3640 1039 prefe-

1987 1058 2078 1109 rat
2106 1054 2179 1124 7’)
2211 1058 2501 1126 tanquam
2535 1054 2763 1125 aliquid
2789 1054 2933 1110 boni
2963 1055 3182 1125 fecerit,
3210 1061 3267 1111 et
3291 1062 3353 1113 ut
3383 1056 3635 1127 injurias

1989 1142 2101 1198 sibi
2134 1142 2329 1199 illatas
2358 1143 2609 1198 libenter
2634 1142 2895 1206 sufferat,
2928 1149 2983 1199 et
3012 1144 3259 1215 prebeat
3289 1145 3642 1216 percutienti

1989 1247 2050 1286 se
2072 1232 2249 1287 aliam
2279 1231 2602 1296 maxillam,
2624 1237 2681 1287 et
2708 1237 2767 1287 ut
2793 1233 2871 1288 ad
2888 1248 3067 1288 omne
3086 1248 3241 1303 Opus
3263 1233 3490 1289 bonum
3517 1235 3639 1290 vio-

1986 1320 2173 1376 lenter
2203 1326 2480 1391 erumpat
2517 1327 2573 1376 et
2602 1320 2862 1392 diripiat,
2896 1326 2952 1376 et
2982 1328 3043 1376 ut
3072 1322 3342 1377 animam
3378 1338 3548 1378 suam
3582 1324 3642 1379 iu

1991 1425 2175 1465 manu
2212 1416 2403 1481 portet
2432 1411 2608 1481 quasi
2645 1409 2882 1464 cottidie
2922 1411 3263 1476 moriturus,
3305 1417 3360 1467 et
3393 1417 3456 1465 ut
3486 1428 3644 1468 vana

1988 1497 2169 1553 ducat
2206 1499 2429 1563 omnia,
2462 1515 2580 1571 que
2622 1499 2734 1553 sub
2765 1498 2881 1553 hoc
2919 1499 2991 1569 ⁷³)
3021 1498 3145 1555 sole
3186 1500 3257 1571 7‘)
3299 1508 3647 1567 cernuntur,

1989 1592 2044 1643 et
2072 1588 2147 1657 ⁷⁵)
2174 1587 2366 1642 dicat:
2402 1588 2580 1658 cupio
2602 1586 2846 1642 dissolvi
2873 1592 2929 1643 et
2949 1603 3077 1643 esse
3108 1604 3245 1644 cum
3273 1588 3520 1654 Christo,
3550 1595 3606 1646 et
3631 1605 3645 1646 :

1992 1675 2174 1731 michi
2204 1677 2395 1731 vivere
2422 1676 2683 1733 Christus
2714 1681 2799 1731 est
2830 1680 2885 1731 et
2917 1677 3067 1731 mori
3097 1676 3352 1744 lucrum,
3395 1693 3516 1733 non
3544 1694 3649 1750 po-

207 1768 401 1823 fuerit
439 1784 542 1823 cor
580 1768 710 1823 eius
748 1772 806 1823 et
844 1767 1165 1838 optinuerit
1204 1769 1275 1839 ⁶⁷)
1325 1775 1604 1839 precepta
1643 1767 1882 1838 spiritus
1921 1785 1958 1837 Β
1993 1764 2127 1820 terit
2157 1772 2434 1835 precepta
2463 1781 2698 1820 servare
2734 1766 2978 1836 spiritus
3010 1767 3220 1822 sancti.
3256 1767 3503 1837 Explica
3540 1768 3651 1839 epi-

209 1855 433 1921 sancti,
450 1856 751 1928 proteccio
768 1856 995 1912 domini
1012 1855 1072 1911 ﬁt
1089 1871 1439 1927 superenm.
1466 1858 1683 1911 Ettunc
1700 1856 1883 1911 homo

208 1952 515 2016 agnoscet
531 1946 624 2017 ⁸⁸),
642 1946 790 2019 quia
805 1945 1210 2001 indesinenter
1230 1945 1517 2001 adherere
1528 1945 1642 2000 deo
1654 1945 1884 2001 bonum

1992 1856 2129 1910 stola
2151 1855 2291 1911 beati
2318 1855 2595 1913 Machart'i
2621 1856 2691 1910 ad
2709 1855 2851 1927 ﬁlios
2875 1856 2968 1927 ⁷⁸).

1589 2070 1681 2125 VA
1691 2070 1851 2125 BIAE
1891 2069 2282 2126 LECTIONES.

293 2198 371 2269 ⁸⁸)
422 2201 461 2252 Α
522 2195 917 2271 Γαδία-1⁵³.)
950 2197 993 2250 Α
1043 2194 1486 2271 ευρειζρνεᾴίη-έ-
1540 2196 1607 2266 6°)
1645 2194 1853 2271 Αωίιθίν
1887 2200 2091 2271 rectura
2134 2193 2326 2271 faciat.
2375 2195 2572 2271 ﬁn“)
2623 2202 2671 2250 et
2720 2211 2841 2251 om.
2874 2196 2931 2271 C.
2988 2227 3057 2239 —
3108 2197 3181 2271 ff)
3238 2198 3338 2254 sed
3378 2200 3438 2253 in
3474 2200 3649 2271 quiete

213 2264 360 2325 om.
402 2264 606 2323 BCX—
653 2269 723 2338 ⁸³)
758 2270 839 2322 BC
880 2264 940 2320 in
964 2283 1038 2321 eo.
1086 2264 1158 2308 4-
1186 2264 1259 2338 ⁸η)
1308 2269 1344 2320 Β
1384 2264 1513 2334 fuit.
1569 2264 1636 2306 -'—
1681 2267 1751 2336 ⁶⁵)
1800 2269 1838 2321 C
1884 2265 2284 2320 trt‘bulaciones.
2322 2296 2382 2306 —
2425 2267 2497 2335 ⁸⁸)
2541 2264 2658 2320 eum
2708 2283 2831 2324 om.
2881 2269 2937 2322 C.
2971 2299 3035 2308 —
3084 2264 3222 2369 "2C
3260 2264 3649 2326 obtinuerit.—

213 2343 288 2369 ιιι
349 2346 369 2369 Δ
415 2347 676 2369 -.ιιηαιΛ-ηηι
834 2340 905 2369 69\
951 2345 972 2369 Α
1016 2340 1186 2369 ἔπειμι...
1304 2368 1319 2369 γ
1359 2338 1429 2369 70\
1475 2338 1681 2369 ηυέι-Ιοαη
1716 2354 1812 2369 nm
1881 2338 1960 2369 NP
2060 2368 2081 2369 κ
2126 2338 2196 2369 ἨΧ
2241 2338 2320 2369 DF
2360 2338 2649 2369 ωηορηιπιουιέι
2696 2339 2952 2369 ,ειμι-,μιλίων-
3100 2343 3116 2369 'l
3156 2343 3169 2369 \
3203 2344 3240 2369 [ι
3278 2343 3521 2369 ......r..-...4

211 2343 289 2415 f‘?)
334 2346 379 2415 _A
411 2347 697 2411 cognoscet.
739 2340 905 2415 —_5f)
942 2345 985 2415 ᾼ
1016 2340 1207 2415 ipsum
1253 2368 1320 2377 —
1359 2338 1685 2415 7°)___quidem
1715 2354 1835 2415 om.
1881 2338 2321 2415 BC._:—_“)_BC
2359 2338 2649 2415 possederit
2692 2339 2975 2415 “marem,
3008 2374 3073 2415 έ
3100 2338 3170 2411 τι)
3203 2344 3242 2397 C
3277 2343 3539 2415 pro/erat.
3581 2372 3650 2384 _

209 2414 289 2485 ἶδ)
326 2413 420 2467 hoc
449 2408 572 2467 om.
601 2415 673 2485 _B.
713 2408 893 2485 _—__"‘)’
928 2414 966 2465 C
1005 2410 1115 2485 sole
1140 2410 1233 2464 hoc
1260 2450 1273 2463 .
1329 2439 1378 2448 —
1412 2408 1493 2480 ⁷⁷⁵)
1529 2416 1579 2463 et
1611 2425 1730 2464 om.
1774 2411 1832 2464 C.
1878 2440 1943 2450 —
1973 2408 2045 2479 ⁷ο)
2086 2408 2331 2479 Explicit
2364 2409 2589 2480 epistola
2625 2408 2763 2465 beati
2802 2411 3077 2468 Macharii
3112 2408 3190 2471 ad
3224 2408 3523 2485 ﬁlios-om.
3555 2415 3646 2483 Α.;

214 2483 373 2540 beati
389 2483 634 2541 Macarii
656 2482 728 2537 ad
755 2481 894 2553 ﬁlios
918 2497 1040 2536 om.
1076 2483 1136 2537 C.

1889 2837 2007 2931 II.

706 3064 1331 3165 EPISTULA
1392 3065 1843 3162 SANCTI
1899 3065 2453 3161 MAGARII
2517 3066 3130 3164 AEGYPTII

1449 3284 1606 3344 CUM
1650 3282 2043 3345 VERSIONE
2090 3285 2469 3347 EDITORIS.

723 3591 846 3643 Cod.
879 3605 978 3642 ms.
1009 3606 1183 3657 graec.
1211 3592 1323 3643 F01.
1358 3594 1417 3641 16
1447 3592 1577 3643 Bibl.
1612 3592 1739 3657 Reg.
1768 3592 2124 3645 Berolinensis
2150 3596 2506 3661 bombycinus
2537 3599 2685 3651 Saec.
2718 3613 2812 3654 XII
2836 3603 2920 3653 vel
2947 3616 3065 3658 XIII
3098 3605 3190 3656 fol.

293 3723 637 3807 .Antec‘e‘dunt
666 3724 1094 3807 e‘pi'stolamﬂinde
1117 3725 1185 3775 ab
1209 3726 1359 3806 initio
1386 3725 1583 3807 codicis
1600 3745 1641 3807 χει
1667 3725 1769 3806 Τοῦ
1799 3720 1947 3807 ὁσίου
1973 3725 2177 3807 Πατρέὲ
2196 3724 2341 3807 ἡμῶν
2364 3730 2639 3798 Μακαρίου
2662 3734 2753 3779 τοῦ
2779 3728 3067 3799 Αἰγυπτίου
3094 3731 3292 3802 ὁμιλίαι
3313 3753 3660 3807 πνευματικαι

293 3739 637 3804 Anteceaun}
666 3739 1094 3838 efIszamunae
1117 3739 1185 3775 an
1209 3739 1359 3775 mmo
1386 3739 1583 3805 coarms
1617 3745 1641 3772 α
1667 3739 1769 3771 ϊου
1799 3739 1947 3771 οσιου
1976 3739 2175 3844 uati-£0;
2196 3742 2224 3779 η
2232 3742 2341 3794 μων
2366 3739 2639 3798 Μακαρίου
2662 3739 2753 3779 τοῦ
2779 3739 3067 3799 Αίγυπτίου
3094 3739 3292 3802 ὁμιλίαι
3313 3753 3660 3807 πνευματικαι

226 3788 822 3877 πάυυμολξιξςωφεςειας
840 3798 1235 3877 πεττξφρωμεναι
1248 3794 1475 3877 aspir-ig
1488 3789 1909 3877 οφειξομένηςααὶ
1930 3811 2075 3877 σπου.
2107 3793 2710 3877 ᾄζομένηξΧριοξι-ιανοῖς
2722 3800 3056 3863 τελειότητοςε
3072 3813 3215 3861 unde
3228 3815 3510 3877 θρίειοιᾶω
3523 3817 3662 3867 ιηηο

228 3862 477 3929 eiusdem
499 3859 711 3929 Macarii
737 3861 985 3929 Aegyptii
1011 3859 1129 3909 esse
1156 3859 1391 3929 apparet.
1417 3859 1723 3929 Notandum
1756 3865 1851 3917 est,
1878 3864 1931 3929 in
1961 3864 2159 3912 codicis
2185 3859 2330 3914 textu
2355 3859 2694 3918 ho'miliarum
2716 3873 2879 3921 verba
2899 3859 3180 3923 interdum
3193 3859 3660 3929 maxima—(51%};

225 3924 456 3991 librarii.
498 3922 777 3991 excidisse,
812 3922 958 3991 quOd
988 3922 1205 3991 annon
1228 3922 1388 3991 etiam
1428 3924 1774 3991 inneplstolae
1810 3928 1973 3991 textu
1987 3939 2389 3991 nonnunquam
2419 3932 2692 3989 acciderit,
2737 3934 2912 3984 dicere
2947 3922 3171 3986 haesito.
3198 3922 3657 3991 ὗζῖιδᾶἷοεξῖιῖἆᾷ

228 3986 612 4035 PRAEIONENDA
641 3984 708 4033 ad
728 3984 779 4034 S.
810 3983 1025 4033 Macarii
1056 3988 1298 4048 Aegyptii
1329 3983 1587 4035 Homilias
1618 3986 1757 4036 infra
1791 3988 1889 4036 col.
1922 3988 2150 4039 447-448.

260 4109 385 4156 Τοῦ
425 4102 625 4155 αὐτοῦ
660 4101 851 4189 ἁγίου
882 4104 1220 4189 Ιγιακαρίου
1253 4099 1561 4189 into-fol?)
1616 4100 1863 4174 μεγὰλη
1931 4106 1969 4161 C
2002 4102 2282 4161 Eiusdem
2308 4108 3270 4186 sanctiMacaﬁiepistotamagna
3292 4115 3655 4184 etperutitis.

684 4172 791 4229 τεαὶ
818 4178 990 4229 πάνυ
1030 4172 1356 4244 ὠφέλιμος
1378 4174 1448 4243 1).

334 4268 616 4316 Γινώσκειν
656 4262 914 4338 βούλομαι
951 4267 1045 4321 τὴν
1087 4264 1292 4313 σύνεσίν
1333 4280 1449 4327 σου,
1504 4262 1585 4314 ὅτι
1624 4265 1732 4334 χρὴ
1782 4265 1868 4314 τὸν

259 4353 453 4407 τῆειον
504 4350 677 4425 ἄνδρα
715 4354 1056 4429 ἀφιερωμένον
1082 4352 1421 4422 τυγχάνοντα
1463 4354 1535 4422 μὴ
1578 4356 1730 4422 μόνον
1781 4351 1870 4403 αὐ-

260 4448 348 4497 τὸν
389 4443 440 4496 ἐν
484 4451 597 4514 Θεῷ
630 4441 777 4509 εἶναι,
812 4443 937 4495 ἀλλὰ
975 4446 1065 4494 καὶ
1114 4444 1199 4493 τὸν
1239 4444 1366 4492 Θεὸν
1397 4438 1445 4491 ἐν
1485 4439 1624 4511 αὐτῷ
1652 4462 1665 4473 ·
1699 4442 1870 4502 καθώς

264 4552 427 4605 φησιν
470 4534 495 4584 ὁ
534 4535 737 4607 κύριος’
771 4534 796 4585 ὁ
835 4536 1033 4605 μένων
1074 4530 1132 4582 ἐν
1165 4529 1327 4602 ἐμοὶ,
1366 4528 1624 4602 κάγὼὲν
1655 4530 1859 4601 αὐτῷ·

265 4620 351 4675 δεῖ
387 4625 488 4696 γὰρ
541 4627 626 4674 τὸν
682 4630 776 4675 τοῦ
829 4630 964 4675 Θεοῦ
1002 4622 1272 4695 ἄνθρωπον
1315 4624 1405 4671 καὶ
1454 4628 1782 4692 παροικῆσαι
1822 4618 1870 4671 ἐν

268 4719 344 4780 τῷ
400 4717 700 4784 σκηνώματι
743 4719 815 4781 τῷ
871 4712 1042 4781 θεῑκῷ,
1096 4714 1187 4762 καὶ
1233 4716 1644 4766 κατασκηνῶσαι
1699 4709 1749 4759 ἐν
1796 4716 1870 4779 τῷ

267 4798 407 4872 ἁγίῳ
460 4804 559 4872 ὄρει
586 4810 682 4863 τῆς
730 4799 997 4872 ἆχράντου
1035 4801 1294 4865 θεότητος,
1353 4798 1434 4850 ἵνα
1486 4801 1559 4869 μὴ
1603 4802 1757 4869 μόνον
1786 4817 1871 4849 πε-

256 4894 462 4967 ριέχων
481 4886 533 4963 ᾖ,
566 4889 692 4943 ἀλλὰ
720 4894 809 4942 καὶ
837 4892 1207 4963 περιεχόμενος
1234 4888 1334 4939 ὑπὸ
1364 4894 1454 4948 τῆς
1490 4882 1649 4949 δόξης
1674 4894 1765 4939 τοῦ
1795 4891 1866 4959 μὴ

259 4980 733 5053 συγχωροῦντος²)
808 4975 1364 5031 καταδυναστεύεσθαι
1436 4974 1537 5028 ὑπό
1617 4984 1713 5039 τῆς
1780 4983 1870 5029 τοῦ

256 5074 484 5131 σκότους
532 5068 783 5140 ἐνεργείας
829 5075 927 5119 τῶν
974 5069 1152 5120 παθῶν
1194 5066 1498 5137 ’ἁγιασμοῦ
1552 5067 1653 5136 γὰρ
1708 5067 1870 5138 χάριν

253 5164 345 5212 καὶ
386 5167 482 5221 τῆς
527 5158 720 5220 οἰκείας
760 5154 1012 5218 ἀπαθείας
1061 5155 1246 5208 ἐνοικεῖ
1267 5161 1376 5216 τοῖς
1404 5153 1571 5216 ἀξίοις
1612 5154 1638 5204 ὁ
1669 5158 1868 5228 σωτήρ,

256 5251 345 5302 ἵνα
394 5253 509 5318 καὶ,
550 5249 620 5309 ὡς
666 5246 818 5308 αὐτὸς
857 5244 1066 5308 ἀπαθὴς
1116 5245 1384 5317 τυγχάνῃ,
1425 5246 1517 5295 καὶ
1553 5245 1670 5303 τοὺς
1719 5238 1869 5304 δεξα-

2084 4264 2256 4336 199
2289 4266 2656 4335 Cognoscere
2692 4270 3133 4340 cupiomentem
3173 4278 3360 4342 tuam,
3413 4291 3490 4331 an
3524 4292 3663 4333 cen-

2006 4368 2139 4408 seas
2170 4370 2415 4410 necesse
2455 4372 2586 4412 esse
2623 4358 2918 4429 perfectus
2947 4360 3053 4425 vir,
3091 4362 3194 4434 qui
3227 4363 3298 4420 sit
3331 4365 3665 4423 sanctiﬁca-

2007 4445 2117 4507 tus,
2146 4458 2267 4498 non
2308 4444 2501 4500 solum
2532 4446 2658 4517 ipse
2685 4447 2744 4501 in
2789 4450 2906 4503 Deo
2934 4450 3024 4515 sit,
3060 4452 3165 4506 sed
3197 4459 3253 4508 et
3289 4456 3441 4509 Deus
3471 4455 3533 4510 in
3565 4471 3661 4523 eo,

2006 4530 2156 4586 sicut
2185 4532 2266 4587 ait
2298 4534 2619 4589 Dominus:
2652 4537 2745 4607 qui
2774 4546 2950 4593 manet
2975 4539 3031 4594 in
3052 4556 3152 4605 me,
3181 4547 3236 4596 et
3259 4558 3359 4611 ego
3390 4544 3453 4599 in
3479 4560 3536 4598 eo
3556 4546 3658 4616 (l).

2006 4620 2246 4687 Oportet
2267 4622 2427 4678 enim
2461 4624 2558 4677 Dei
2583 4623 2894 4682 hominem
2917 4633 2973 4683 et
2996 4627 3269 4686 habitare
3295 4631 3357 4686 in
3389 4632 3670 4690 taberna-

2007 4708 2143 4762 culo
2190 4707 2412 4775 divino,
2460 4716 2515 4766 et
2568 4728 2790 4783 ponere
2838 4717 3296 4774 tabernaculum
3354 4720 3413 4776 in
3454 4727 3662 4779 sancto

2008 4802 2210 4853 monte
2235 4798 2657 4857 immaculatae
2677 4804 2933 4874 Deitatis,
2959 4812 3022 4862 ut
3048 4822 3168 4863 non
3191 4808 3386 4865 solum
3413 4810 3666 4867 circum-

2007 4884 2125 4952 det,
2159 4887 2262 4942 sed
2279 4888 2458 4945 etiam
2484 4889 2891 4949 circumdatus
2918 4896 2992 4951 sit
3017 4896 3208 4966 gloria
3229 4899 3378 4964 eius,
3410 4901 3517 4973 qui
3540 4916 3663 4959 non

2008 4976 2228 5046 patitur
2255 4977 2445 5049 redigi
2474 4995 2611 5035 eum
2644 4981 2756 5037 sub
2783 4988 3141 5053 potestatem
3173 4990 3559 5046 tenebrarum
3590 5006 3663 5047 ac

2007 5065 2384 5135 passionum.
2421 5068 2919 5143 sanctiﬁcationis
2948 5077 3107 5129 enim
3142 5080 3197 5131 et
3221 5079 3500 5149 propriae
3526 5094 3667 5151 apa-

2008 5151 2167 5209 thiae
2189 5155 2382 5223 gratia
2402 5155 2696 5214 inhabitat
2717 5160 2915 5228 dignis
2943 5162 3233 5229 Salvator,
3263 5170 3345 5231 ut,
3377 5169 3665 5239 quemad-

2008 5243 2256 5299 modum
2270 5244 2396 5314 ipse
2410 5245 2768 5316 passionum
2781 5264 2986 5321 expers
3000 5256 3105 5319 est,
3123 5252 3207 5311 ita
3219 5254 3390 5312 etiam
3403 5255 3670 5330 illos,qui

1621 5376 1885 5435 VARIAE
1923 5377 2210 5435 LECTION
2217 5378 2299 5433 ES

314 5513 362 5582 ¹)
387 5510 533 5569 Cod.
568 5507 830 5583 ὀφίλιμος.
863 5537 932 5550 -
964 5506 1012 5580 ²)
1038 5504 1182 5564 Cod.
1214 5480 1630 5578 ἠσυιγχοροῦντος.

1840 5603 2098 5662 NOTAE.

314 5714 401 5795 (1)
430 5713 563 5773 Joh.
596 5713 705 5783 XV,
733 5717 786 5770 5.
