4084 6256
477 276 579 333 411

1788 260 1849 318 S.
1889 259 2186 319 MACARII
2223 258 2558 318 AEGYPTII

3730 262 3841 321 412

479 416 619 457 eum
641 398 1010 469 receperunt,
1024 410 1059 451 a
1080 390 1468 465 passionibus
1484 389 1713 451 liberet,
1733 387 1855 443 iam
1876 401 1999 442 non
2012 385 2129 456 agi-

2252 390 2438 461 μένους
2493 387 2649 441 αὐτὸν
2703 386 2915 448 ἀπαθεῖς
2970 388 3361 459 κατασκευάσῃ,
3408 391 3598 461 μηκέτι
3653 386 3869 443 κλυδω-

480 495 632 547 tatos
663 493 718 545 et
752 484 1133 542 circumlatos
1171 481 1385 555 quovis
1417 483 1617 535 vento.
1653 479 1800 535 Sunt
1830 478 1987 532 enim
2032 476 2136 548 qui

476 595 601 635 non
627 577 806 633 modo
838 574 949 646 ipsi
972 573 1180 645 procul
1203 587 1239 626 a
1266 569 1479 627 Christi
1511 568 1807 639 mysteriis
1830 567 2135 636 degentes,

476 683 684 724 verum
706 665 886 720 etiam
915 662 1204 736 proximis
1234 666 1445 732 potum
1470 657 1752 714 sordidae
1770 654 2141 727 corruptelae

477 756 852 830 praebentes,
897 753 1204 808 veritatem
1249 750 1347 803 Dei
1385 749 1447 803 in
1486 746 1775 802 iniustitia
1814 744 2141 808 detineant,

480 847 541 902 in
568 843 808 916 quibus,
844 841 1055 913 inquit,
1097 839 1275 910 200
1307 836 1447 908 quod
1485 843 1669 890 notum
1706 841 1780 889 est
1811 833 1933 897 Dei,
1972 831 2146 886 mani-

478 936 672 1006 festum
697 936 771 987 est
795 932 894 1004 (1).
920 933 1067 986 Nam
1090 928 1228 984 vani
1251 929 1312 981 in
1331 924 1800 994 cogitationibus
1821 922 1943 977 suis
1967 926 2022 976 et
2042 920 2146 976 ob-

478 1024 635 1080 scuri
659 1023 718 1078 in
740 1020 1040 1091 insipienti
1072 1017 1251 1072 corde
1273 1031 1384 1071 suo
1418 1014 1585 1078 facti,
1617 1013 1822 1068 disunt
1849 1008 2148 1066 naturales

479 1130 611 1169 esse
624 1117 725 1168 eta
740 1114 856 1166 Deo
868 1112 1215 1182 procreatas
1231 1105 1550 1177 passiones
1568 1101 1956 1173 ignominiae,
1981 1099 2146 1155 volu-

475 1207 701 1274 ptatem
723 1200 974 1271 inquam
996 1194 1418 1265 corruptionis,
1454 1200 1511 1248 et
1534 1192 1808 1247 animum
1832 1189 2144 1253 iniustum,

473 1293 627 1347 iram
660 1289 1029 1350 indecorem,
1062 1298 1185 1340 non
1230 1281 1560 1337 secundum
1596 1283 1780 1335 Deum
1813 1283 2059 1343 motam,
2093 1282 2150 1332 et

483 1379 601 1435 alia
630 1375 956 1432 eiusmodi.
1815 1416 1821 1421 .

550 1470 665 1523 Nos
683 1467 859 1535 igitur
886 1471 943 1519 et
972 1462 1103 1518 illos
1125 1465 1183 1517 et
1207 1476 1384 1515 voces
1418 1474 1625 1515 eorum
1653 1462 1941 1529 tanquam
1961 1471 1997 1512 a
2013 1470 2147 1527 pro-

481 1557 677 1629 posito
695 1555 1043 1609 aberrantes
1063 1551 1282 1606 missos
1301 1548 1605 1613 facientes,
1626 1544 2146 1603 consideremusli-

479 1645 727 1702 bertatis
757 1641 1070 1698 arbitrium
1102 1640 1178 1695 ab
1204 1655 1276 1694 eo
1310 1637 1489 1693 nobis
1509 1636 1718 1693 datum
1746 1636 1848 1707 qui
1876 1634 2146 1690 condidit

2253 477 2553 549 νιζομίνους
2614 482 2701 530 καὶ
2747 482 3179 551 περιφερομένους
3232 479 3333 530 ὑπὸ
3388 481 3582 541 παντὸς
3631 477 3853 551 ἀνέμου.

2256 566 2358 619 εἰσὶ
2408 569 2510 641 γάρ
2542 586 2695 631 τινες,
2737 565 2785 619 οἳ
2838 566 2896 619 ού
2951 571 3103 638 μόνον
3154 566 3303 619 αύτοὶ
3332 566 3593 642 πόρρωθεν
3622 577 3725 620 τῶν
3765 576 3865 622 τοῦ

2258 663 2495 727 Χριστοῦ
2526 660 2830 727 μυστηρίων
2861 658 3235 728 τυγχάνοντες,
3281 655 3410 708 ἀλλὰ
3455 662 3544 709 καὶ
3571 660 3693 720 τοὺς
3723 658 3865 716 πλη-

2258 748 2372 796 σίον
2443 746 2737 806 ποτίζοντες
2799 744 3094 818 ἀνατροπὴν
3142 744 3351 818 θολεράν
3371 747 3415 811 ί,
3467 750 3560 804 τὴν
3615 746 3864 805 ἀλήθειαν

2256 841 2347 885 τοῦ
2375 841 2510 887 Θεοῦ
2539 833 2589 885 ἐν
2620 832 2808 906 ἀδικίᾳ
2838 838 3191 906 κατέχουσιν·
3221 833 3269 886 ἐν
3299 836 3396 900 οἷς,
3426 841 3572 908 φησί,
3602 840 3669 889 τὸ
3708 857 3864 908 7w»-

2257 924 2426 975 όστὸν
2474 930 2586 976 τοῦ
2625 930 2789 977 Θεοῦ
2817 912 3097 996 φανερόν
3127 922 3303 977 ἐστιν
3327 941 3340 955 ·
3364 928 3736 997 ματαιωθέντες
3756 930 3861 999 γὰρ

2257 1010 2305 1063 ἐν
2354 1019 2458 1073 τοῖς
2521 1010 2888 1086 διαλογισμοῖς
2928 1014 3116 1077 αὐτῶν,
3168 1018 3258 1066 καὶ
3319 1017 3677 1078 ποτισθέντας
3724 1018 3861 1068 κατά

2260 1106 2354 1158 τὴν
2394 1100 2634 1156 ἀσύνετον
2674 1103 2842 1156 αὐτῶν
2886 1099 3136 1177 καρδίαν,
3178 1106 3445 1176 φάσκουσι
3484 1107 3685 1175 φυσικά
3727 1103 3860 1157 εἶναι

2257 1196 2345 1243 καὶ
2392 1192 2447 1244 ἐκ
2475 1196 2601 1245 Θεοῦ
2637 1195 2952 1264 ’γεγενῆσθαι
2992 1195 3056 1246 τὰ
3083 1195 3226 1251 πάθη
3272 1201 3366 1256 τῆς
3398 1191 3631 1265 ἀτιμίας,
3662 1191 3860 1254 ἡδονὴν

2255 1279 2389 1351 λέγω
2440 1283 2653 1355 φθορᾶς,
2694 1287 2783 1335 καὶ
2833 1284 2994 1354 θυμὸν
3046 1278 3251 1347 οἱδικον,
3292 1282 3449 1355 ὀργὴν
3505 1282 3731 1358 ἀπρεπῆ,
3782 1289 3854 1358 μὴ

2256 1372 2393 1423 κατὰ
2422 1374 2550 1424 Θεὸν
2588 1375 2914 1443 κινουμένην,
2946 1376 3035 1425 καὶ
3065 1374 3166 1425 ὅσα
3190 1380 3428 1426 τοιαῦτα.

2326 1458 2501 1531 Ἡμεῖς
2542 1464 2713 1512 τοίνυν
2761 1461 2951 1523 αὐτούς
2991 1481 3046 1514 τε
3089 1466 3179 1514 καὶ
3216 1465 3305 1523 τὰς
3353 1465 3521 1535 φωνάς
3568 1463 3735 1516 αὐτῶν
3789 1466 3857 1527 ὡς

2257 1546 2508 1622 ἐκτροπὰς
2578 1548 2839 1612 ἐάσαντες,
2907 1548 3186 1622 ἕπιγνῶμεν
3248 1555 3342 1609 τὴν
3415 1547 3659 1604 δοθεῖσαν
3728 1554 3856 1625 ἡμῖν

2256 1646 2346 1697 τῆς
2400 1637 2686 1711 ἐλευθερίας
2739 1639 3179 1701 αὖτεξουσιότητα
3229 1642 3373 1711 ποιρὰ
3439 1648 3530 1693 τοῦ
3584 1646 3856 1703 κτίσαντος

2932 1724 2955 1742 Ὗ

484 1750 616 1801 nos,
650 1738 715 1789 ut
741 1732 803 1787 in
830 1736 1039 1786 nostra
1068 1731 1364 1801 potestate
1396 1727 1472 1782 sit
1496 1732 1551 1781 et
1588 1725 1836 1781 meliora
1864 1728 2134 1796 appetere

2256 1726 2410 1796 ἡμᾶς,
2472 1726 2556 1779 ἵνα
2609 1726 2687 1799 ἐφ’
2741 1728 2865 1797 ἡμῖν
3020 1731 3076 1780 τὸ
3126 1728 3171 1799 ¹)
3229 1733 3320 1781 καὶ
3381 1737 3481 1781 τῶν
3548 1735 3853 1805 κρειττόνων

479 1829 532 1879 et
564 1840 599 1878 a
625 1821 928 1894 peioribus
958 1819 1281 1874 abstinere.
1316 1820 1517 1889 Neque
1545 1816 1706 1871 enim
1738 1814 1934 1870 iustus
1964 1813 2142 1868 iudex

480 1912 716 1984 puniret
730 1926 840 1966 nos
854 1907 1241 1981 passionibus
1267 1905 1560 1969 subditos,
1578 1906 1622 1959 si
1646 1904 1773 1975 ipse
1787 1919 1917 1958 esse
1932 1918 2142 1958 earum

478 2006 686 2057 auctor
713 2040 725 2053 .
777 2002 999 2069 Apage,
1045 1996 1247 2061 iubeo,
1277 2008 1491 2065 apage,
1528 2007 1725 2063 neque
1771 1991 1830 2046 in
1879 1997 2142 2046 mentem

482 2089 715 2145 venias.
746 2085 1167 2142 Abominanda
1198 2084 1355 2139 enim
1383 2071 1547 2137 omni
1575 2082 1711 2152 piae
1743 2081 1926 2135 menti
1959 2096 2142 2151 prava

477 2178 577 2233 illa
602 2183 658 2232 et
681 2175 861 2231 stulta
880 2175 1175 2229 doctrina.
1206 2175 1352 2226 Nam
1379 2170 1744 2226 mundarum
1775 2174 1830 2224 et
1847 2168 2016 2224 valde
2038 2168 2141 2223 bo-

478 2282 697 2322 narum
719 2270 1071 2320 naturarum
1101 2261 1304 2331 opifex
1324 2262 1499 2324 Deus,
1521 2259 1674 2313 sicut
1690 2257 1992 2331 praedicat
2015 2259 2141 2328 Spi-

478 2356 626 2411 ritus
669 2358 912 2409 sanctus
954 2353 1013 2406 in
1055 2350 1265 2405 mundi
1304 2349 1644 2406 creatione:
1690 2348 1821 2402 Ecce
1852 2346 2012 2411 enim,
2054 2347 2138 2401 in-

478 2444 631 2516 quit,
660 2451 851 2498 cuncta
885 2441 1044 2496 valde
1072 2440 1204 2494 bona
1238 2440 1336 2510 (2).
1378 2438 1662 2493 Jeremias
1693 2443 1892 2493 autem
1922 2436 2135 2505 lugens

479 2536 538 2586 et
571 2532 883 2599 ambigens
914 2529 989 2583 de
1029 2528 1381 2600 passionum
1426 2525 1759 2596 ignominia
1794 2541 1806 2578 :
1851 2524 2135 2589 Dominus,

478 2620 693 2690 inquit,
726 2636 833 2673 non
849 2618 998 2671 dixit
1032 2634 1048 2671 :
1079 2619 1212 2683 Quis
1242 2624 1314 2670 est
1340 2616 1437 2670 iste
1467 2616 1565 2686 qui
1577 2614 1722 2668 dixit
1751 2620 1811 2669 ut
1837 2615 2004 2685 ﬁeret,
2033 2614 2137 2668 Do-

482 2712 632 2763 mino
664 2725 767 2763 nou
799 2706 1012 2762 iubente
1040 2707 1067 2759 ?
1094 2706 1184 2760 Ea:
1220 2722 1310 2759 ore
1339 2704 1617 2759 Altissimi
1656 2720 1759 2758 non
1789 2703 2136 2775 egredientur

477 2797 643 2863 mala,
666 2796 755 2851 sed
786 2796 919 2851 bona
951 2797 1049 2865 (3).
1099 2797 1163 2849 Et
1192 2795 1405 2849 iterum
1438 2794 1817 2861 interrogatio
1851 2793 1906 2847 in
1947 2794 2135 2847 Evan-

480 2886 635 2958 gelio
662 2886 738 2943 ad
770 2886 1090 2940 Dominum
1118 2883 1196 2938 ab
1218 2881 1712 2937 intellectualibus
1734 2881 2130 2953 potestatibus

478 2976 658 3031 facta.
686 2974 930 3039 Domine,
959 2974 1145 3036 aiunt,
1173 2988 1344 3026 nonne
1370 2970 1557 3025 bonum
1579 2986 1753 3025 semen
1772 2970 2056 3025 seminasti
2072 2970 2131 3024 in

2252 1816 2518 1888 ρίγεσθαι,
2551 1820 2641 1868 καὶ
2684 1823 2782 1868 τῶν
2833 1820 3084 1888 χειρόνων
3137 1815 3433 1889 ἀπέχεσθαι
3469 1835 3482 1849 '
3511 1820 3568 1871 ού
3640 1822 3741 1893 γὰρ
3792 1821 3855 1872 ἄν

2254 1905 2279 1954 6
2334 1901 2537 1966 δίκαιος
2584 1911 2770 1979 κριτὴς
2818 1905 3058 1969 ἐκόλαζεν
3108 1908 3250 1978 ἡμᾶς
3311 1906 3706 1983 ἕνεργουμένους
3754 1911 3855 1963 ὑπὸ

2252 2002 2352 2045 τῶν
2405 1997 2605 2060 παθῶν,
2658 1998 2795 2070 εἰπερ
2846 1992 2908 2053 ἦν
2948 1996 3104 2057 αὐτὸς
3160 1996 3329 2049 αὐτῶν
3359 2003 3583 2059 ποιητής
3615 2015 3629 2029 '
3659 2000 3852 2071 ἄπαγε,

2250 2084 2553 2155 παρακαλῶ,
2588 2085 2778 2155 ἄπαγε,
2820 2081 2959 2157 μηδὲ
2990 2084 3057 2145 εἰς
3102 2087 3297 2138 ἔννοιαν
3347 2084 3529 2158 ἔλθῃς’
3566 2084 3856 2160 βδελυκτὸν

2248 2175 2349 2244 γὰρ
2403 2174 2580 2235 πάσης
2640 2172 2883 2235 εὐσεϐοῦς
2936 2171 3175 2234 διανοίας
3221 2178 3277 2226 τό
3326 2175 3516 2228 ἄτοπον
3567 2184 3719 2230 τοῦτο
3768 2183 3859 2230 καὶ

2250 2263 2400 2322 ὒηθες
2429 2259 2625 2335 δόγμα.
2668 2266 2909 2338 καθαρῶν
2960 2267 3058 2337 γὰρ
3108 2269 3198 2317 καὶ
3251 2264 3367 2317 λίαν
3417 2265 3586 2318 καλῶν
3651 2270 3855 2340 φύσεων

2251 2346 2285 2401 δ
2291 2355 2575 2424 ημιουργός
2602 2353 2627 2403 ό
2659 2357 2815 2413 Θεὸς·
2845 2354 3018 2413 καθὼς
3050 2348 3346 2428 διαγορεύει
3386 2358 3443 2407 τό
3476 2356 3624 2427 ἅγιον
3654 2364 3860 2430 πνεῦμα

2249 2440 2299 2491 ἐν
2351 2448 2414 2513 τῇ
2468 2444 2789 2513 κοσμοποιῖα
2820 2462 2833 2475 ·
2881 2438 2998 2493 ἰδοὺ
3046 2443 3168 2516 γάρ,
3222 2447 3379 2513 φησί,
3431 2446 3651 2498 πάντα
3697 2446 3860 2499 καλὰ

2245 2529 2408 2585 λίαν.
2449 2528 2700 2603 Ἱερεμίας
2756 2526 2815 2582 δε
2859 2526 3174 2603 ὀδυρόμενος
3220 2536 3310 2584 καὶ
3353 2531 3696 2605 ἀμφισϐητῶν
3737 2538 3858 2612 περὶ

2245 2627 2340 2681 τῆς
2363 2627 2460 2671 τῶν
2490 2622 2668 2671 παθῶν
2695 2619 2939 2691 ἀτιμίας’
2966 2622 3214 2693 κύριος,
3249 2640 3399 2693 φησι,
3429 2622 3539 2675 οῦκ
3571 2622 3738 2677 εἶπε·
3765 2631 3858 2687 τίς

2245 2706 2477 2770 οὓτως³
2537 2706 2675 2760 εἷπε
2710 2714 2817 2761 καὶ
2856 2708 3134 2780 ἐγενήθη
3172 2727 3185 2775 ;
3219 2714 3447 2783 κύριος
3487 2712 3599 2764 ούκ
3633 2712 3858 2768 ἐνετεί-

2242 2795 2414 2864 λατο,
2470 2796 2533 2848 ἐκ
2598 2802 2922 2869 στόματος
2967 2798 3251 2868 ὑψίστου
3300 2799 3411 2851 οὐκ
3442 2799 3851 2863 ἐξελεύσεται

2241 2888 2317 2937 τά
2354 2887 2541 2952 κακά,
2578 2884 2738 2938 ἀλλά
2776 2889 2850 2938 τὰ
2882 2885 3112 2959 ἀγαθά.
3141 2892 3230 2940 καὶ
3274 2884 3480 2950 αὖθιςὴ
3515 2888 3564 2941 ἐν
3592 2897 3665 2960 τῷ
3707 2891 3847 2963 3750:7-

2239 2974 2392 3046 γελίῳ
2439 2978 2564 3047 πρὸς
2594 2979 2680 3027 τὸν
2725 2978 2903 3050 κύριον
2949 2976 3273 3051 ἐπερώτησις
3310 2986 3410 3030 τῶν
3448 2977 3668 3049 λογικῶν
3699 2976 3855 3033 δυνά-

475 3080 607 3137 agro
636 3070 723 3119 tuo
751 3064 778 3117 Ῡ
803 3063 952 3119 Unde
982 3062 1105 3116 haec
1124 3061 1347 3116 zizania
1368 3059 1446 3132 (4)
1473 3058 1501 3113 ?
1520 3059 1670 3114 Alibi
1694 3075 1833 3115 vero
1865 3058 2131 3115 Salvator

2246 3079 2406 3135 μεων·
2448 3066 2657 3138 κύριε,
2715 3070 2936 3136 φησίν,
2980 3066 3051 3117 ού
3091 3065 3287 3117 καλὸν
3344 3071 3602 3142 σπέρμα
3649 3071 3855 3128 ἑσπει,

476 3154 608 3227 ipse
652 3154 727 3209 de
770 3152 981 3207 iisdem
1029 3150 1216 3205 dicit:
1270 3150 1456 3204 Omnis
1496 3149 1789 3219 plantatie,
1828 3165 1987 3219 quam
2024 3166 2131 3203 non

474 3243 918 3316 plantavitPater
927 3240 1183 3309 caelestis,
1199 3238 1572 3294 eradicabitur
1585 3238 1684 3308 (5).
1700 3238 1943 3293 Omnem
1956 3240 2127 3303 enim,

475 3348 631 3404 quae
662 3348 733 3387 ex
765 3334 879 3386 Deo
924 3330 1015 3395 sit,
1050 3329 1483 3400 plantationem
1527 3342 1656 3382 esse
1687 3327 1911 3381 bonam
1960 3332 2128 3383 testa-

475 3425 572 3475 tur
611 3419 846 3483 Paulus,
883 3419 942 3472 in
973 3433 1095 3488 quo
1131 3416 1394 3471 Christus
1422 3415 1683 3486 loquitur
1730 3432 1741 3468 :
1771 3415 1915 3479 Quia
1952 3418 2129 3472 omnis

473 3515 731 3565 creatura
754 3507 851 3562 Dei
883 3506 1015 3560 bona
1044 3512 1117 3560 est
1144 3504 1242 3576 (6).
1274 3507 1313 3559 E
1339 3504 1559 3575 quibus
1587 3503 1863 3573 intellige,
1895 3511 2127 3561 nostras

472 3613 596 3654 non
631 3613 760 3651 esse
791 3595 1101 3666 passiones
1135 3594 1192 3648 in
1224 3592 1400 3648 nobis
1441 3590 1803 3657 reconditas,
1846 3593 1952 3647 sed
1992 3594 2127 3650 alie-

470 3702 605 3743 nas.
637 3688 781 3741 Nam
813 3701 827 3739 :
860 3683 924 3737 ab
954 3682 1172 3739 occultis
1201 3681 1350 3750 meis,
1385 3682 1593 3752 inquit,
1636 3680 1837 3735 munda
1858 3698 1953 3743 me.
1986 3690 2034 3737 et
2060 3682 2125 3738 ab

471 3774 670 3830 alienis
702 3789 866 3845 parce
912 3789 1065 3826 servo
1096 3776 1184 3825 tuo
1210 3771 1311 3842 (7).
1356 3776 1410 3824 et
1438 3786 1451 3825 :
1484 3769 1676 3823 Alieni
1704 3771 2123 3827 insurrexerunt

470 3864 753 3919 adversum
782 3878 881 3928 me,
906 3867 954 3916 et
981 3862 1153 3931 fortes
1180 3859 1524 3931 quaesierunt
1556 3859 1798 3915 animam
1824 3876 1990 3915 meam
2024 3860 2123 3934 (8).

472 3955 539 4009 Et
567 3969 579 4008 :
612 3952 831 4015 Indica,
857 3949 1102 4013 Domine,
1130 3956 1372 4009 nocentes
1399 3965 1499 4014 me,
1530 3965 1777 4019 expugna
1808 3950 2127 4021 impugnan-

472 4048 545 4097 tes
572 4059 651 4097 me
683 4041 780 4113 (9).
817 4042 979 4104 Quae
1012 4039 1189 4108 igitur
1215 4037 1468 4103 occulta,
1502 4037 1594 4093 vel
1620 4040 1721 4107 qui
1750 4045 2031 4094 nocentes
2069 4046 2126 4097 et

467 4132 921 4203 impugnantes,
966 4128 1056 4183 vel
1090 4128 1192 4198 qui
1241 4127 1411 4197 201
1456 4125 1652 4191 alieni,
1703 4127 1816 4183 nisi
1861 4128 2124 4185 malitiae

469 4219 709 4291 spiritus
742 4217 949 4273 Christi
981 4215 1303 4271 virtutibus
1337 4213 1597 4286 oppositi
1626 4212 1653 4268 Ὺ

2239 3171 2351 3225 ρας
2391 3151 2449 3204 ἐν
2489 3161 2570 3223 τῷ
2603 3160 2687 3222 σῷ
2731 3151 3157 3225 ἀγρῷ;πόθεν
3190 3162 3383 3208 τοῦτο
3415 3159 3479 3208 τὸ
3513 3156 3848 3225 ζιζάνιον;

2240 3240 2449 3317 ἑτέρωθι
2471 3237 2529 3294 δὲ
2556 3242 2714 3302 αὐτὸς
2744 3244 2769 3293 ό
2805 3247 2979 3315 σωτὴρ
3012 3247 3129 3316 περὶ
3160 3252 3257 3295 τῶν
3290 3244 3456 3297 αὐτῶν
3488 3263 3646 3317 φησι’
3676 3252 3853 3299 πᾶσα

2240 3335 2486 3403 φυτεία,
2530 3333 2600 3389 ἦν
2649 3330 2762 3383 οὐκ
2802 3329 3153 3403 ἐφύτευσεν
3214 3335 3239 3384 ό
3297 3338 3506 3409 πατὴρ
3551 3336 3575 3386 6
3616 3336 3667 3386 ἐν
3715 3343 3851 3397 τοῖς

2238 3419 2560 3493 οὐρανοῖς,
2599 3422 3148 3495 ἐκριζωθήσεται.
3198 3420 3319 3474 Ὀτι
3347 3424 3448 3493 γὰρ
3503 3429 3653 3476 πᾶσα
3700 3426 3730 3484 ἠ
3792 3424 3848 3477 ἐκ

2239 3516 2371 3562 Θεοῦ
2403 3514 2583 3581 φυτεία
2624 3509 2780 3579 καλή,
2824 3517 3079 3586 μαρτυρεῖ
3108 3510 3326 3577 Παῦλος,
3376 3510 3425 3563 ἐν
3544 3515 3569 3564 ό
3615 3517 3848 3587 Χριστὸς

2234 3595 2410 3650 λαλεῖ·
2446 3600 2545 3650 ὅτι
2583 3604 2701 3651 πᾶν
2742 3603 2995 3671 κτίσμα
3034 3606 3199 3652 Θεοῦ
3237 3600 3715 3673 καλόν-γίνωσκε
3742 3607 3847 3655 τοί-

2234 3707 2341 3751 νυν,
2376 3691 2446 3759 μή
2482 3689 2708 3761 ἡμέτερα
2736 3686 2865 3740 εἶναι
2891 3690 2957 3740 τὰ
2986 3688 3475 3763 ἐναποκεκρυμμένα
3517 3692 3642 3762 ἡμῖν
3672 3693 3842 3759 πάθη,

2234 3775 2425 3847 ἀλλάι)
2458 3775 2701 3851 ἀλλότρια
2729 3794 2741 3806 ·
2777 3779 2841 3829 ἐκ
2877 3786 2993 3829 τῶν
3031 3782 3315 3851 κρυφίων
3354 3798 3474 3851 μου
3514 3782 3638 3855 γάρ,
3687 3786 3839 3853 φησί,

2234 3867 2596 3938 καθάρισόν
2636 3885 2727 3938 με,
2779 3871 2893 3918 καὶ
2922 3865 3042 3919 ἀπὸ
3084 3865 3434 3940 ἀλλοτρίων
3465 3876 3692 3939 φεῖσαι
3730 3878 3839 3923 τοῦ

2237 3950 2477 4006 δούλου
2521 3958 2806 4006 σουοκαί
2832 3972 2844 3984 ·
2880 3954 3216 4028 ἀλλότριοι
3256 3955 3721 4015 ἐπανέστησαν
3751 3957 3838 4012 ἐπ’

2235 4046 2362 4114 εμέ,
2404 4049 2512 4094 καὶ
2550 4047 2856 4117 κραταιοὶ
2894 4041 3228 4106 ἐζήτησαν
3283 4049 3398 4103 τὴν
3442 4045 3674 4117 ψυχήν
3729 4068 3835 4119 μο-

2232 4135 2375 4182 καὶ·
2443 4127 2743 4198 δίκασον,
2810 4134 3011 4204 κύριε,
3068 4136 3219 4194 τοὺς
3281 4130 3686 4197 ἀδικοῦντάς
3743 4156 3836 4209 με,

2233 4217 2600 4290 πολέμησον
2638 4224 2789 4283 τοὺς
2828 4220 3263 4293 πολεμουντάς
3301 4242 3392 4294 με.
3421 4227 3472 4276 τί
3500 4219 3589 4275 οὖν
3619 4228 3686 4277 τὰ
3708 4228 3839 4298 κρύ-

465 4326 578 4380 φια,
618 4307 647 4366 ἢ
682 4311 814 4366 τίνες
839 4307 887 4356 οἱ
920 4301 1222 4365 ἀδικοῦντες
1264 4308 1353 4356 καὶ
1382 4303 1736 4375 πολεμοῦντες,
1772 4304 1801 4362 ἦ
1835 4308 1963 4366 τίνες
1994 4304 2042 4358 οἰ
2081 4305 2362 4381 ἀλλότριοι,
2395 4308 2438 4360 εἰ
2466 4312 2537 4380 μὴ
2582 4311 2646 4362 τὰ
2693 4318 2782 4370 τῆς
2820 4314 3037 4385 πονρίας
3063 4313 3335 4383 πνεύματα
3386 4314 3453 4364 τὰ
3511 4312 3838 4386 ἀντικείμενα

471 4403 584 4457 ταῖς
614 4401 848 4467 Χριστοῦ
879 4392 1085 4465 ἀρεταῖς
1114 4410 1127 4461 ;

535 4501 784 4558 Attende
837 4500 1170 4571 diligenter,
1221 4498 1739 4571 quemadmodum
1779 4504 1836 4555 et
1884 4499 1981 4556 lex
2031 4501 2118 4555 di-

466 4598 618 4649 serte
675 4591 937 4647 clamitet
989 4589 1062 4645 de
1104 4589 1397 4644 interioris
1449 4588 1711 4643 hominis
1765 4590 2115 4646 munditia:

465 4682 591 4739 Non
643 4679 953 4751 usurpabis,
1005 4680 1105 4744 ait,
1155 4694 1341 4733 nomen
1393 4676 1617 4732 Domini
1668 4677 1773 4732 Dei
1834 4680 1921 4733 tui
1969 4680 2117 4750 frus-

2302 4508 2544 4578 Πρόσεχε
2573 4503 2820 4578 ἀκριϐῶς,
2853 4506 2990 4568 ὅπως
3022 4511 3111 4559 καὶ
3150 4508 3175 4559 6
3205 4526 3357 4578 νόμος
3390 4504 3691 4582 διαῤῥήδην
3728 4509 3834 4583 βοᾷ

2226 4598 2345 4667 περὶ
2408 4601 2503 4655 τῆς
2544 4597 2679 4646 κατά
2724 4597 2810 4645 τόν
2858 4595 2958 4646 ἔσω
3011 4595 3279 4666 ἄνθρωπον
3340 4598 3725 4671 καθαρότητος·
3762 4599 3830 4651 ού

2226 4680 2438 4755 λήψῃ,
2481 4688 2630 4756 φησί,
2666 4685 2738 4736 τὸ
2769 4687 2969 4756 ὄνομα
2997 4689 3228 4757 κυρίου
3260 4692 3369 4737 τοῦ
3398 4692 3558 4739 Θεοῦ
3592 4686 3829 4741 σουὶπὶ

1782 4777 2040 4832 VARIAE
2100 4781 2502 4837 LECTIONES.

534 4886 579 4957 1)
628 4883 773 4940 Cod.
807 4882 1101 4965 ἀνατροτξὴν
1153 4882 1464 4965 θολερὰνορῖ
1511 4900 1647 4943 τινες
1690 4886 1782 4940 τήν
1827 4903 1963 4965 κητ.
2016 4884 2063 4939 λ.
2100 4887 2209 4965 Ubi
2225 4888 2420 4965 _haud_
2468 4888 2649 4944 dubie
2694 4903 2857 4944 error
2904 4888 3121 4965 calami
3166 4889 3420 4965 irrepsit.
3480 4890 3609 4965 Sive
3659 4893 3822 4948 enim

462 4952 649 5016 οἵτινες
676 4952 947 5023 corrigis,
999 4954 1122 5008 sive
1151 4956 1201 5006 οῖ
1229 4952 1363 5013 τινες
1392 4952 1433 5006 i.
1483 4968 1534 5009 e.
1571 4973 1596 5003 ε
1654 4969 1759 5009 vae

459 5028 727 5092 veniant,
779 5042 895 5082 non
935 5026 1138 5097 liquet.
1171 5023 1497 5097 Quare‘aut

1790 4956 2037 5032 quidam
2067 4959 2370 5032 _»__retines,
2407 4960 2519 5032 hae
2564 4974 2764 5032 voces,
2788 4960 3098 5032 quomodo
3145 4956 3324 5015 nexui
3355 4962 3643 5017 orationis
3674 4979 3822 5019 con-

1586 5026 2481 5121 os}-9c§;s§:azAeacidissenverba
2524 5026 2831 5121 nonnulla,
2882 5036 2999 5121 aut
3019 5047 3132 5087 vox
3179 5034 3358 5121 οἵτινες
3382 5033 3822 5121 (οἵτινες),ῌεξχθ

459 5099 773 5177 relativum
810 5097 876 5177 οἳ,
921 5094 1085 5170 quod
1109 5094 1433 5177 antecedit,
1465 5094 1720 5177 delenda
1748 5094 2048 5156 videntur.
2082 5131 2149 5142 —
2180 5101 2225 5173 ²)
2255 5101 2445 5168 Coni.,
2476 5103 2611 5160 cod.
2644 5105 2754 5160 ἤτω
2782 5094 2851 5145 -ὲ-
2881 5103 2928 5174 8)
2960 5101 3145 5170 Corr.,
3180 5104 3312 5162 cod.
3346 5094 3514 5166 οὗτος.
3548 5094 3695 5177 4⁷⁸)
3729 5108 3823 5163 Sic

462 5171 529 5229 in
558 5170 763 5228 codice
795 5170 921 5226 sine
940 5166 1339 5241 apostropho,
1370 5170 1435 5223 ut
1464 5166 1713 5237 passim.

2351 5394 2371 5679 ἓ

2011 5268 2242 5326 NOTAE
2255 5313 2269 5328 .

562 5392 611 5464 1)
637 5394 805 5449 Rom.
834 5390 972 5464 1,19
2293 5392 2370 5464 (6)
2404 5393 2426 5447 ι
2450 5394 2596 5450 Tim.
2629 5394 2720 5458 1v,
2748 5398 2800 5459 ι,

556 5462 611 5535 ‘2)
643 5466 785 5521 Gen.
814 5467 853 5535 Ι,
882 5462 971 5535 31.
1006 5532 1061 5535 Α
1238 5532 1253 5535 ξ
2292 5462 2371 5535 (7)
2405 5465 2618 5521 Psalm.
2654 5467 2833 5532 XVIII,
2871 5468 2953 5523 I3.
2994 5468 3075 5523 I3.

529 5532 606 5604 (3)
636 5532 848 5592 Thren.
876 5534 966 5598 III,
997 5532 1085 5588 36.
1116 5535 1203 5589 37.
1231 5532 1319 5590 38.
2290 5532 2370 5604 (8)
2404 5537 2620 5592 Psalm.
2654 5537 2793 5604 LIII,
2826 5543 2877 5593 5.

556 5469 587 5520 2
643 5469 971 5535 Gen.1,3I.
2318 5470 2347 5519 7
2405 5469 2618 5521 Psalm.
2654 5469 2833 5532 XVIII,
2871 5469 2953 5523 I3.

555 5540 582 5592 3
636 5536 848 5592 Thren.
876 5534 966 5598 III,
997 5532 1085 5588 36.
1116 5535 1203 5589 37.
1231 5532 1319 5590 38.
2315 5540 2347 5591 8
2404 5537 2620 5592 Psalm.
2654 5537 2770 5591 LIII
2826 5543 2877 5593 5.

555 5469 611 5682 εξ
636 5606 834 5682 gauli.
864 5608 1005 5682 ξιιμ,
1031 5609 1119 5682 2g.
2290 5469 2371 5682 g9;
2402 5607 2619 5665 Psalm.
2652 5580 2872 5678 xxxiv,
2907 5610 2959 5666 I.

555 5668 610 5749 5)
637 5678 839 5737 Matth.
862 5679 969 5749 xv,
989 5668 1089 5736 ’13.
