4084 6256
237 264 357 326 413

224 482 390 537 δίαν
424 490 536 535 τοῦ
571 480 1025 554 λαμϐάνοντος
1057 484 1114 534 1'6
1150 485 1351 553 ὄνομα
1380 479 1575 532 αὐτοῦ
1614 482 1717 533 ἐπὶ
1757 501 1853 552 μαι

215 592 252 624 τ
268 577 392 646 οιίῳ
409 612 422 625 .
456 570 543 625 διὸ
558 576 649 624 καὶ
671 572 695 623 ὀ
714 570 998 631 ἀπόστολος
1020 578 1196 643 σαφῶς
1216 575 1457 645 παραινεῖ
1479 571 1690 642 φάσκων
1706 589 1720 604 ·
1748 589 1779 620 κ
1792 590 1852 620 α-

220 664 619 736 θοιρίσωμεν
676 660 947 722 ἑαυτοὺς
1015 659 1134 712 ἀπό
1210 661 1452 720 παντὸς
1517 658 1853 731 μολυσμοῦ

218 752 299 803 οὐ
359 755 552 823 μόνον
617 754 874 821 σαρκός,
928 748 1084 802 ἀλλὰ
1130 754 1235 803 καὶ
1305 754 1677 821 πνεύματος
1718 767 1729 777 ·
1765 753 1854 801 καὶ

220 841 476 914 ἑτέρωθι·
511 838 1034 915 ἐῤῥαντισμένοι,
1075 843 1226 912 φησί,
1267 844 1383 897 τήν
1422 836 1703 913 καρδίαν
1734 837 1853 890 ἀπὸ

224 925 691 991 συνειδήσεως
743 935 1053 1002 πονηρᾶς.
1111 933 1199 981 καὶ
1261 928 1445 981 πάλιν
1503 929 1853 1001 ὁλόκληρον

223 1020 409 1091 ὑμῶν
446 1021 513 1070 τό
561 1027 762 1091 σῶμα,
807 1022 872 1072 τό
930 1024 1182 1090 πνεῦμα
1222 1023 1332 1071 καὶ
1374 1021 1403 1077 ή
1455 1019 1662 1091 ψυχή,
1714 1018 1854 1091 ἀμέ-

224 1127 461 1180 μπτως
510 1105 1033 1181 διαφυλαχθείη.
1077 1110 1616 1177 καίοῖναγένησθε
1667 1112 1855 1161 τέκνα

225 1202 347 1250 Θεο
366 1206 395 1248 ῦ
436 1196 775 1270 ἀμώμητοι.
819 1197 937 1249 ὃσοι
959 1203 1130 1249 τοίνυν
1163 1196 1440 1270 βούλονται
1460 1205 1556 1260 τῆς
1592 1199 1854 1255 υἱοθεσίας

226 1285 546 1352 ἀξιωθῆναι,
580 1286 639 1338 οὔ
671 1289 728 1339 τὸ
763 1294 915 1359 σῶμα
942 1292 1095 1359 μόνον
1119 1286 1272 1357 ἁγνὸν
1298 1286 1319 1359 [
1342 1286 1567 1358 ἐχόντων
1592 1286 1615 1360 ]
1639 1288 1705 1359 1),
1726 1287 1853 1339 ἀλλά

222 1375 637 1447 καὶτήνψυχὴν
660 1375 1147 1446 κατάτόνλέγοντα·
1172 1378 1509 1446 γενηθήτω
1539 1379 1569 1435 ή
1607 1374 1852 1450 καρδία

222 1485 355 1538 μου
407 1467 670 1538 ἄμωμος
720 1464 778 1516 ἐν
825 1472 963 1527 τοῖς
1012 1461 1431 1538 δικαιῳμασί
1498 1485 1628 1535 σου,
1688 1467 1850 1527 ὅπως

223 1556 302 1605 ἄν
345 1559 429 1626 μή
474 1554 825 1626 αἰσχυνθῶ
849 1571 862 1583 ⁸
889 1556 937 1607 οἱ
964 1558 1053 1626 μὲν
1076 1556 1178 1628 γὰρ
1211 1555 1310 1606 ὑπὸ
1340 1558 1493 1626 νόμον
1513 1558 1579 1606 τὰ
1601 1562 1696 1617 τῆς
1719 1574 1850 1627 σαρ-

224 1647 325 1705 κὸς
349 1639 693 1715 δικαιώματα
712 1642 1057 1705 ἐπιτελοῦντες
1073 1650 1225 1715 μόνον
1245 1648 1336 1702 τήν
1357 1646 1502 1705 ἐκτὸς
1528 1644 1848 1716 φυλάττουσι

1754 261 2170 323 EPISTOLAE.

220 396 532 466 ματαίῳ·
570 391 642 445 οὐ
672 392 794 466 γὰρ
826 395 907 464 μὴ
940 393 1293 466 καθαρίσει
1318 392 1547 464 κύριος
1575 393 1853 463 τήνκαρ-
1882 390 2054 447 Atra
2102 414 2122 461 ,-

3523 274 3632 331 414

2193 408 2362 465 neque
2430 394 2574 450 enim
2652 394 2935 452 mundabit
2993 395 3253 453 Dominus
3331 414 3422 454 cor
3484 399 3619 466 eius,

1962 481 2054 551 qui
2079 498 2240 553 super
2268 499 2328 537 re
2366 500 2505 539 vana
2533 501 2721 540 nomen
2758 486 2873 542 eius
2910 488 3256 559 assumpserit
3284 488 3381 560 (t).
3424 488 3619 557 Quare

1965 578 2019 625 et
2047 572 2370 642 Apostolus
2420 583 2620 645 aperte
2650 582 2853 632 monet
2896 576 3102 631 dicens
3132 596 3143 636 :
3180 577 3495 633 Mundemus
3524 596 3619 634 nos

1963 659 2028 713 ab
2092 662 2239 716 omni
2312 664 2719 734 inquinamento
2776 682 2884 719 non
2944 667 3130 721 carnis
3182 667 3371 732 solum,
3434 667 3524 723 sed
3571 675 3618 722 et

1962 749 2195 818 spiritus
2228 751 2326 822 (2).
2373 754 2435 806 Et
2483 751 2624 806 alibi
2674 769 2686 804 :
2740 752 2987 824 Aspersi,
3021 754 3231 827 inquit,
3283 772 3373 809 cor
3414 772 3448 809 a
3496 772 3621 811 con-

1962 838 2194 894 scientia
2254 840 2396 895 mala
2460 841 2558 912 (3).
2618 844 2683 897 Et
2746 843 2956 898 iterum
3004 858 3017 894 :
3083 844 3360 916 [ntegrum
3427 861 3621 917 corpus

1964 934 2220 995 vestrum,
2260 936 2307 984 et
2337 930 2568 1000 spiritus
2608 937 2657 985 et
2701 934 2891 987 anima
2932 932 3047 987 sine
3091 934 3308 1003 querela
3350 934 3622 989 custodia-

1966 1024 2061 1071 tur
2118 1018 2218 1089 (4).
2271 1020 2334 1072 Et
2393 1036 2405 1074 :
2471 1020 2537 1075 Ut
2592 1020 2715 1075 sitis
2766 1021 2874 1092 ﬁlii
2924 1022 3025 1076 Dei
3080 1023 3195 1078 sine
3250 1025 3471 1094 querela
3515 1024 3616 1095 (5).

1965 1107 2267 1179 Quotquot
2323 1109 2505 1177 igitur
2574 1110 2781 1165 volunt
2834 1111 3155 1181 adoptione
3221 1112 3479 1169 ﬁliorum
3534 1113 3620 1169 di-

1963 1195 2065 1265 gni
2107 1196 2335 1263 haberi,
2368 1214 2488 1253 non
2529 1215 2751 1270 corpus
2785 1199 2982 1255 solum
3014 1206 3243 1256 castum
3284 1199 3615 1274 [habento],

1963 1285 2066 1339 sed
2106 1287 2378 1342 animum
2424 1303 2669 1359 quoque
2721 1288 3054 1344 secundum
3094 1305 3232 1344 eum
3281 1291 3384 1362 qui
3425 1290 3614 1347 dicit:

1962 1373 2094 1429 Fiat
2120 1391 2217 1429 cor
2246 1391 2417 1430 meum
2446 1377 2854 1432 immaculatum
2892 1378 2953 1431 in
2973 1378 3458 1449 justiﬁcationibus
3484 1380 3614 1446 tuis,

1962 1480 2024 1517 ne
2044 1464 2462 1537 con/undartﬁ).
2490 1469 2636 1522 Nam
2660 1466 2699 1520 ii
2724 1467 2993 1539 quidem,
3012 1468 3116 1540 qui
3134 1468 3249 1523 sub
3271 1468 3399 1539 lege
3420 1470 3617 1525 carnis

1954 1552 2416 1622 justiﬁcationes
2455 1563 2805 1626 operantur,
2838 1558 3189 1612 exteriorem
3233 1562 3463 1613 tantum
3504 1574 3619 1614 ser-

1961 1648 2101 1697 vant
2124 1643 2519 1709 munditiam;
2554 1643 2591 1697 ii
2619 1660 2780 1707 vero,
2806 1645 2911 1715 qui
2940 1647 3052 1699 sub
3084 1645 3293 1714 gratia,
3322 1645 3505 1701 etiam
3531 1647 3619 1701 in-

222 1734 594 1804 κοιθαρότητα,
628 1733 676 1784 oi.
708 1729 767 1785 δὲ
798 1732 896 1785 ῦπό
924 1752 1087 1807 χαριν
1114 1737 1204 1785 καὶ
1237 1740 1329 1795 τῆς
1355 1730 1499 1785 ἔνδον
1531 1733 1839 1805 ὶνὰγιασμῷ

1961 1730 2230 1786 teriorem
2255 1748 2410 1803 quae
2436 1733 2494 1787 in
2518 1733 2989 1789 sanctiﬁcatione
3017 1733 3257 1789 condita
3287 1739 3375 1790 est
3402 1750 3615 1806 pacem

224 1822 448 1894 εἰρήνης
474 1820 765 1894 ὀρέγονται,
793 1823 1082 1882 πεισθέντες
1102 1829 1175 1892 τῷ
1198 1821 1449 1894 εἰρηκότι’
1484 1822 1586 1874 ἐάν
1626 1827 1705 1894 μὴ
1748 1827 1849 1874 πε-

219 1913 572 1987 ρισσεύσῃ
617 1912 788 1983 ὑμῶν
823 1914 852 1969 ἡ
889 1907 1284 1970 δικαιοσύνη
1326 1911 1555 1964 πλείων
1596 1920 1710 1964 τῶν
1742 1932 1849 1983 φα-

221 2005 522 2076 ρισαίων
570 2004 678 2053 καὶ
726 2004 1201 2073 γραμματέων,
1254 2000 1322 2053 οὐ
1376 2005 1457 2073 μή
1510 2001 1848 2059 εἰσέλθητε

222 2089 320 2151 εἰς
364 2093 481 2147 τήν
541 2086 892 2161 βασιλείαν
932 2097 1050 2140 τῶν
1089 2088 1371 2164 οὐρανῶν
1411 2105 1424 2118 ·
1469 2091 1517 2142 οὶ
1554 2093 1654 2164 γὰρ
1697 2110 1847 2162 φαριο

224 2186 403 2244 σαίοι,
436 2178 813 2249 τυφλώττοντες
842 2181 935 2236 τήν
964 2174 1221 2243 διάνοιαν,
1262 2182 1321 2230 τό
1355 2178 1450 2241 ἔξω
1480 2187 1570 2231 τοῦ
1596 2184 1848 2254 ποτηρίου

219 2267 513 2322 πλύνουσι.
543 2269 608 2328 ὡς
629 2270 718 2318 καὶ
747 2274 835 2317 νῦν
866 2268 914 2319 οὶ
942 2267 1057 2318 κατ’
1089 2266 1277 2327 αὐτοὺς
1310 2271 1408 2319 νέοι
1452 2275 1722 2340 φαρισαίοι
1762 2271 1848 2319 τὸν

219 2358 326 2420 ἔξω
358 2358 631 2428 ἄνθρωπον
654 2352 1041 2413 ἀνεπιτηδεύτω
1061 2358 1141 2407 νοΐ
1168 2356 1608 2428 σχηματίζοντες,
1638 2356 1850 2418 ἑαυτοὺς

221 2442 531 2512 δικαιοῦσι,
555 2449 628 2518 μή
660 2452 1154 2517 συμμαρτυροῦντος
1176 2453 1266 2498 τοῦ
1290 2445 1442 2517 ἁγίου
1468 2450 1757 2518 πνεύματος
1777 2456 1848 2518 τῷ

220 2538 489 2607 πνεύματι
526 2534 713 2597 αὐτῶν,
751 2535 834 2586 ἵνα
872 2542 970 2587 ὦσι
995 2539 1145 2587 τέκνα
1175 2543 1307 2588 Θεοῦ
1346 2538 1482 2588 κατὰ
1518 2539 1605 2588 τόν
1634 2535 1849 2606 λέγοντα

227 2623 561 2677 ἀπόστολονο
614 2623 769 2676 αὐτὸ
808 2627 872 2676 τό
930 2630 1177 2695 πνεῦμα
1245 2633 1707 2699 συμμαρτυρεῖ
1766 2634 1845 2697 τῷ

224 2716 563 2785 πνεύματι
603 2715 797 2786 ἡμῶν,
841 2713 938 2764 ὄτι
978 2712 1166 2785 ἐσμεν
1205 2716 1395 2766 τέκνα
1434 2721 1626 2768 Θεοῦ·
1655 2719 1743 2767 καὶ
1767 2719 1839 2787 μή

230 2800 540 2875 βουλόμενοι
564 2806 822 2876 γνωρίσαι
853 2805 945 2860 τὴν
986 2800 1033 2853 ἐν
1069 2802 1313 2875 ἁγιασμῷ
1352 2801 1573 2866 αὔξησιν
1611 2810 1702 2855 τοῦ
1742 2806 1842 2856 ἔσω

231 2890 529 2965 ἀνθρώπου,
579 2890 709 2944 ἀλλὰ
754 2893 1231 2965 πληροφορούμενοι
1287 2897 1440 2963 μόνον
1499 2891 1547 2943 ἐν
1604 2900 1714 2955 τοῖς
1746 2900 1842 2954 τῆς

238 2984 429 3054 σαρκὸς
458 2983 860 3054 κατορθώμασι·
896 2986 969 3052 μὴ
1011 2985 1236 3051 γνόντες,
1278 2983 1358 3034 ὅτι
1397 2988 1570 3034 πᾶσα
1608 2984 1637 3041 ἡ
1683 2979 1841 3045 δόξα

1958 1825 2268 1890 appetunt,
2306 1820 2573 1875 obsecuti
2617 1821 2698 1877 illi
2730 1823 2835 1894 qui
2865 1822 3012 1877 dixit
3046 1838 3059 1877 :
3097 1822 3226 1877 Nisi
3255 1822 3616 1878 abundaverit

1942 1908 2174 1975 justitia
2221 1916 2398 1963 vestra
2443 1909 2563 1980 plus
2615 1926 2771 1980 quam
2826 1910 3246 1966 Pharisaeorum
3299 1920 3349 1967 et
3401 1912 3617 1968 Scriba-

1958 2013 2101 2062 rum,
2133 2014 2242 2053 non
2285 1998 2570 2053 intrabitis
2596 2000 2656 2053 in
2696 2014 2917 2071 regnum
2946 1999 3214 2056 caelorum
3252 2002 3350 2073 (7).
3385 2002 3611 2058 Etenim

1960 2086 2259 2142 Pharisaei
2291 2093 2488 2143 mente
2519 2088 2820 2144 obcaecati
2846 2095 3111 2144 exteram
3143 2090 3340 2161 poculi
3380 2099 3613 2163 partem

1960 2176 2178 2231 lavant.
2209 2178 2370 2232 Sicut
2390 2177 2570 2233 etiam
2594 2193 2755 2232 nunc
2775 2178 2913 2233 novi
2935 2179 3269 2235 secundum
3290 2195 3392 2236 eos
3416 2180 3611 2236 Phari-

1961 2265 2084 2319 saei
2098 2266 2337 2320 exterio.
2355 2282 2448 2321 em
2466 2266 2777 2322 hominem
2794 2266 2997 2322 nativa
3008 2268 3273 2339 quadam
3290 2268 3613 2339 sagacitate

1960 2361 2319 2410 exornantes
2343 2371 2405 2411 se
2428 2356 2593 2427 ipsos
2614 2356 2962 2420 iustiﬁcant,
2987 2356 3202 2427 Spiritu
3227 2363 3432 2415 sancto
3453 2358 3613 2413 testi-

1962 2444 2231 2499 monium
2277 2459 2399 2500 non
2436 2445 2783 2516 perhibente
2835 2445 3067 2516 spiritui
3105 2460 3335 2511 eorum,
3380 2451 3443 2502 ut
3491 2447 3612 2503 sint

1958 2532 2060 2587 ﬁlii
2120 2532 2220 2587 Dei
2280 2533 2614 2589 secundum
2671 2533 3019 2605 Apostolum
3073 2534 3366 2590 dicentem
3422 2552 3433 2591 :
3493 2536 3611 2607 Ipse

1955 2623 2097 2679 enim
2121 2623 2374 2693 Spiritus
2405 2622 2777 2679 testimonium
2803 2622 2978 2678 reddit
3007 2623 3243 2694 spiritui
3265 2631 3447 2679 nostro
3476 2625 3613 2696 quod

1952 2728 2139 2767 sumus
2174 2712 2283 2784 [itii
2308 2712 2412 2767 Dei
2458 2712 2558 2784 (8),
2600 2727 2793 2784 neque
2821 2711 3084 2767 volentes
3122 2728 3482 2783 cognoscere
3519 2714 3609 2769 in-

1955 2801 2181 2856 terioris
2197 2801 2461 2856 hominis
2486 2806 2877 2872 augmentum
2900 2801 3063 2872 quod
3090 2808 3176 2856 est
3192 2804 3253 2856 in
3274 2802 3607 2859 sanctiﬁca-

1953 2891 2131 2956 tione,
2166 2890 2271 2945 sed
2302 2890 2681 2945 abundantes
2715 2896 2944 2945 tantum
2976 2890 3035 2943 in
3077 2891 3272 2945 carnis
3297 2892 3605 2963 operibus,

1950 2979 2315 3048 ignorantes,
2346 2994 2549 3034 omnem
2586 2978 2817 3048 gloriam
2844 2979 2990 3048 ﬁliae
3026 2980 3169 3050 regis
3198 2979 3263 3033 ab
3306 2980 3457 3035 intus
3488 2981 3595 3053 (9).

238 3075 352 3129 τῆς
402 3069 713 3141 θυγατρός
750 3076 859 3122 τοῦ
910 3068 1234 3141 βασιλέως
1265 3072 1534 3124 ἔσωθεν.
1576 3073 1688 3123 ἔστι
1734 3074 1836 3143 γάρ

1953 3068 2214 3140 Quisque
2243 3069 2402 3124 enim
2435 3074 2731 3129 nostrum.
2764 3073 2825 3123 ut
2854 3068 2932 3123 ita
2963 3068 3182 3132 dicam,
3213 3069 3364 3123 ﬁcus
3392 3070 3491 3126 illa
3517 3072 3603 3126 in-

232 3174 332 3219 τις,
364 3157 434 3216 ὡς
454 3158 630 3224 ἔοικεν,
658 3156 867 3219 ἓκαστος
888 3159 1034 3230 ἡμῶν
1065 3162 1218 3215 νοητή
1252 3166 1409 3223 συκῆ,
1441 3159 1564 3233 παρ’
1596 3160 1659 3219 ἧς
1690 3160 1714 3211 6
1748 3163 1835 3210 κύ-

226 3264 335 3318 ριος
373 3248 459 3297 τόν
489 3242 634 3299 ἔνδον
662 3250 861 3320 καρπόν
896 3246 1150 3316 ἐπιζητεῖ,
1193 3252 1279 3299 καὶ
1321 3248 1379 3299 οὐ
1421 3251 1507 3299 τόν
1549 3246 1602 3299 ἐκ
1640 3248 1836 3320 φύ)λων

228 3333 548 3406 ἐπικείμενον
601 3340 999 3408 σχηματισμόν.
1060 3338 1085 3387 ό
1133 3345 1303 3387 τοίνυν
1362 3345 1661 3410 συνηγορῶν
1729 3346 1835 3401 τοῖς

228 3424 428 3475 πάθεσι
475 3430 571 3483 τῆς
624 3421 833 3494 ἀτιμίας
872 3424 937 3483 ὡς
982 3432 1242 3496 φυσικοῖς,
1298 3429 1387 3477 καὶ
1444 3424 1549 3497 οὐχ
1584 3428 1651 3488 ὡς
1704 3445 1835 3498 συμ-

228 3509 507 3578 ϐεϐηκόσι,
561 3509 845 3582 μετήλλαξε
899 3515 991 3570 τὴν
1042 3520 1129 3565 τοῦ
1183 3521 1314 3565 Θεοῦ
1371 3512 1611 3573 ἀλήθειαν
1668 3513 1716 3565 ἐν
1764 3524 1834 3586 τῷ

221 3604 403 3671 οικείῷ
470 3595 676 3672 ψεύδει.
739 3602 806 3662 ὡς
862 3603 958 3673 γὰρ
1024 3605 1269 3676 προίφην,
1336 3604 1362 3655 ό
1415 3604 1679 3676 ἄχραντος
1745 3609 1834 3656 καὶ

218 3692 459 3765 καθαρός
504 3695 595 3743 καὶ
640 3694 735 3748 τὴν
786 3690 959 3743 εἰκόνα
1008 3691 1168 3743 αὐτοῦ
1221 3693 1403 3763 ὁμοίαν
1456 3696 1833 3746 κατεσκεύασεν

220 3779 409 3851 ἐαυτῷ·
461 3782 631 3851 φθόνῳ
676 3776 736 3832 δὲ
791 3776 1039 3845 διαϐόλου
1091 3781 1308 3843 θάνατος
1366 3782 1436 3843 εἰς
1493 3786 1580 3835 τόν
1636 3787 1832 3854 κόσμον

218 3868 451 3928 εἰσῆλθε.
507 3864 688 3926 ἐπειδὴ
746 3874 916 3920 τοίνυν
974 3872 1031 3921 τὸ
1094 3878 1192 3921 τῶν
1252 3869 1530 3944 ἀνθρώπων
1584 3875 1729 3943 γένος
1785 3873 1833 3922 ἓν

218 3956 465 4029 ἀνομίαις
536 3959 728 4015 κυηθέν
760 3958 828 4026 ³),
905 3962 996 4009 καὶ
1100 3956 1148 4009 ἐν
1221 3958 1504 4031 ἁμαρτίαις
1572 3962 1831 4032 γεννηθέν,

217 4046 619 4119 ἀπηλλοτριώθη
689 4045 789 4099 ἀπὸ
854 4052 1056 4119 μήτρας
1106 4052 1197 4100 καὶ
1259 4048 1517 4107 ἐπλανήθη
1586 4048 1687 4102 ἀπὸ
1740 4069 1833 4121 γα-

216 4141 392 4211 στρός,
446 4134 850 4208 βασιλευσάσης
890 4143 986 4198 τῆς
1019 4135 1278 4209 ἁμαρτίας
1318 4136 1418 4189 ἀπό
1455 4134 1633 4210 Ἀδὰμ
1670 4142 1833 4213 μέχρι

213 4234 308 4285 τῆς
349 4229 646 4297 παρουσίας
686 4231 778 4276 τοῦ
824 4231 1083 4299 Χριστοῦ,
1138 4221 1286 4284 ἦλθεν
1336 4225 1566 4289 ὶλασθεὶς
1604 4229 1628 4279 ό
1679 4226 1833 4300 ἀμνὸς

212 4322 309 4367 τοῦ
366 4321 522 4377 Θεοῦ,
569 4308 695 4387 ἆραι
744 4318 837 4372 τὴν
886 4313 1144 4390 ἁμαρτίαν
1188 4323 1279 4367 τοῦ
1333 4320 1534 4389 κόσμου
1586 4313 1681 4369 διὰ
1738 4326 1831 4380 τῆς

1948 3156 2291 3213 tellectualis
2330 3172 2459 3212 esse
2499 3157 2748 3223 videtur,
2791 3157 2958 3211 cuius
2997 3158 3297 3212 internum
3340 3159 3599 3215 fructum

1950 3248 2234 3301 Dominus
2257 3246 2509 3318 quaerit,
2534 3252 2591 3301 et
2608 3261 2728 3301 non
2748 3245 3117 3317 propositam
3140 3245 3293 3301 foliis
3316 3245 3600 3304 formam.

1948 3339 1997 3389 Is
2024 3335 2218 3405 igitur,
2261 3334 2362 3406 qui
2396 3350 2642 3389 causam
2668 3334 2810 3389 dicit
2850 3335 3200 3404 passionum
3234 3335 3596 3404 ignominiae

1946 3428 2006 3478 ut
2033 3422 2418 3487 naturalium,
2453 3426 2511 3475 et
2535 3437 2656 3477 non
2687 3427 2750 3476 ut
2780 3421 2954 3493 202
2984 3422 3403 3487 accidentium,
3437 3439 3602 3480 com-

1946 3512 2197 3567 mutavit
2233 3512 2533 3566 veritatem
2579 3510 2675 3565 Dei
2725 3511 2784 3565 in
2824 3510 3137 3582 proprium
3190 3512 3601 3571 mendacium.

1946 3602 2017 3655 Ut
2052 3602 2211 3656 enim
2250 3616 2435 3672 supra
2468 3600 2606 3661 dixi,
2643 3600 3067 3655 immaculatus
3100 3605 3156 3655 et
3192 3616 3379 3671 purus
3416 3602 3598 3659 etiam

1942 3690 2269 3758 imaginem
2291 3705 2465 3744 suam
2484 3687 2736 3743 similem
2761 3688 2993 3759 paravit
3016 3689 3131 3757 sui,
3150 3690 3375 3745 invidia
3394 3695 3593 3747 autem

1943 3778 2165 3834 diaboli
2198 3794 2359 3833 mors
2382 3778 2438 3832 in
2465 3778 2760 3832 mundum
2789 3777 3047 3833 intravit.
3079 3780 3395 3851 Postquam
3420 3780 3602 3849 igitur

1944 3882 2132 3937 genus
2161 3868 2495 3922 humanum
2523 3868 2581 3920 in
2614 3866 3030 3937 iniquitatibus
3066 3872 3425 3938 conceptum
3455 3874 3513 3924 et
3537 3870 3599 3926 in

1945 3956 2201 4027 peccatis
2214 3956 2477 4026 genitum
2503 3954 2912 4009 abalienatum
2931 3954 3109 4009 estab
3131 3961 3386 4021 utero,et
3406 3972 3599 4013 aven-

1944 4052 1994 4100 tr
2012 4088 2025 4095 ,
2041 4044 2100 4099 in
2118 4059 2377 4099 errorem
2393 4042 2728 4107 inductum,
2744 4048 3027 4111 regnante
3052 4050 3296 4114 peccato
3310 4044 3387 4099 ab
3403 4045 3594 4101 Adam

1942 4149 2135 4205 usque
2158 4132 2233 4187 ad
2256 4131 2582 4187 adventum
2605 4130 2834 4194 Christi,
2862 4131 3020 4185 venit
3042 4132 3370 4203 prOpitians
3399 4146 3592 4200 agnus

1946 4222 2066 4289 Dei,
2100 4228 2161 4278 ut
2184 4221 2406 4277 tolleret
2426 4224 2739 4290 peccatum
2764 4219 2973 4274 mundi
2997 4220 3237 4291 pr0pria
3256 4238 3369 4278 sua
3391 4226 3598 4293 poten-

1944 4314 2041 4378 tia,
2058 4316 2377 4384 postquam
2395 4308 2603 4363 fortem
2618 4308 2822 4373 vinxit,
2845 4307 2924 4363 ita
2936 4309 3151 4379 ereptis
3165 4310 3416 4380 captivis
3436 4311 3596 4367 vasis

212 4404 408 4466 οἰκείας
437 4403 601 4455 αὐτοῦ
633 4399 923 4474 δυνάμεως,
968 4400 1034 4461 δή
1048 4422 1137 4464 σας
1172 4408 1418 4477 πρότερον
1457 4409 1540 4458 τὸν
1584 4406 1827 4481 ἰσχυρόν,

1953 4402 2090 4473 eius,
2128 4401 2280 4457 sicut
2308 4399 2531 4455 dictum
2564 4402 2651 4452 est
2696 4414 2706 4452 :
2734 4396 3017 4468 Captivam
3042 4398 3172 4468 fecit
3200 4400 3592 4469 captivitatem;

210 4498 306 4545 καὶ
333 4492 500 4554 οὕτως
530 4488 836 4565 διαρπάσας
874 4494 940 4544 τὰ
969 4492 1437 4567 αἰχμαλωτισμένα
1466 4494 1626 4547 αὑτοῦ
1671 4498 1827 4553 σκεύη

212 4584 432 4635 κατὰτὸ
456 4581 749 4654 εἰρημένον·
775 4582 1167 4653 ήχμαλώτευ
1186 4602 1294 4645 σας
1334 4584 1825 4656 αἰχμαλωσίαν·

212 4677 311 4722 καὶ
364 4670 550 4722 πάλιν·
619 4670 841 4723 ἔλαϐεν
910 4672 1406 4744 αἰχμαλωσίαν.
1469 4676 1632 4744 ἤγουν
1689 4676 1830 4725 ἔστιν

215 4762 353 4832 ἡμῖν
436 4764 651 4834 φροντίς,
739 4759 1096 4820 ἀνακληθῆναι
1192 4760 1292 4815 ἀπὸ
1375 4771 1469 4824 τῆς
1556 4761 1831 4834 αἰχμαλω-

1941 4496 1998 4546 et
2027 4491 2237 4546 iterum
2272 4504 2283 4543 :
2315 4488 2467 4558 Cepit
2490 4486 2861 4557 captivitatem
2892 4486 3024 4556 (10).
3061 4488 3349 4544 Nimirum
3380 4504 3592 4545 curare

1941 4580 2251 4645 debemus,
2286 4582 2347 4633 ul
2378 4590 2725 4632 revocemur
2755 4592 2791 4631 a
2820 4576 3161 4647 captivitate
3196 4582 3252 4631 ct
3282 4582 3588 4647 portemus

1940 4670 2265 4739 imaginem
2316 4665 2603 4728 coelestis,
2644 4665 2792 4720 sicut
2832 4665 3203 4735 portavimus
3254 4665 3582 4736 imaginem

1940 4757 2152 4814 terreni
2175 4757 2219 4827 (t
2240 4758 2307 4823 t),
2336 4759 2391 4810 et
2411 4753 2802 4810 exhibeamus
2826 4753 3100 4810 membra
3118 4759 3341 4823 nostra,
3364 4754 3588 4812 servire

1562 4879 1839 4935 VARIAE
1880 4875 2167 4933 LECTION
2180 4873 2287 4929 ES.

282 5002 334 5072 1)
368 4998 595 5072 ἐχόντων
626 5000 967 5072 coniectura
1012 5000 1380 5059 addidimus.
1422 5033 1480 5043 —
1533 5002 1578 5071 ²)
1607 5004 1687 5059 Ex
1735 5001 1912 5066 coni.,
1967 4998 2103 5057 cod.
2142 5017 2240 5051 χι..
2272 4997 2411 5053 ηθὲν.
2464 4996 2615 5050 Num
2675 5009 2795 5050 una
2846 5008 2922 5049 an
2956 4993 3114 5052 duae
3157 4994 3364 5053 literae
3416 4998 3577 5055 exci-

205 5071 443 5144 derint,
477 5078 637 5129 certo
663 5071 780 5128 dici
808 5072 1035 5144 nequit.

1797 5178 2026 5236 NOTAE

282 5305 367 5377 (ι)
397 5306 569 5377 Deut.
602 5305 669 5369 v,
708 5308 796 5377 ll.

284 5375 369 5446 (2)
397 5375 444 5432 ll
478 5378 611 5442 Cor,
642 5375 757 5441 VII,
797 5380 842 5432 Ι.

283 5447 370 5522 (3)
409 5447 588 5522 Hebr.
628 5449 814 5522 X122.

282 5520 362 5594 (4)
407 5520 659 5594 [Thess
691 5520 751 5583 ν»
782 5522 871 5576 23-

306 5589 362 5658 5)
407 5590 554 5647 Phil.
581 5589 646 5658 ιι,
688 5594 771 5645 l5.

280 5596 363 5742 iiii
404 5596 893 5733 ciii'vni,
936 5665 967 5719 ε
997 5663 1050 5718 6.

2033 5300 2088 5363 7)
2120 5297 2320 5354 Matth.
2350 5297 2413 5363 V,
2442 5300 2530 5352 20.

2036 5369 2089 5437 8)
2122 5372 2291 5425 Rom.
2322 5370 2462 5437 VIII,
2502 5369 2584 5423 16.

2013 5440 2091 5506 (9)
2117 5440 2335 5497 Psalm.
2362 5440 2538 5505 XLIV,
2572 5442 2636 5495 14

2046 5510 2131 5583 10)
2162 5511 2376 5567 Psalm.
2409 5511 2606 5583 LXVII,
2644 5510 2735 5566 18.
2771 5510 2917 5583 Eph.
2948 5525 3023 5574 1v,
3058 5512 3109 5566 8.

2046 5515 2131 5583 10)
2162 5515 2376 5567 Psalm.
2409 5515 2606 5578 LXVII,

2015 5515 2128 5659 in)
2162 5583 2182 5638 Ι
2216 5583 2343 5638 Cor.
2378 5582 2485 5649 xv,
2515 5583 2607 5640 49.
