  <div class='ocr_page' id='page_1' title='image "/cluster/home/n/w/nwhite01/storage/ocr_20150623/34/mdp.39015041165401/247.png"; bbox 0 0 4084 6256; ppageno 0'>
   <div class='ocr_carea' id='block_1_1' title="bbox 509 279 620 336">
    <p class='ocr_par' dir='ltr' id='par_1_1' title="bbox 509 279 620 336">
     <span class='ocr_line' id='line_1_1' title="bbox 509 279 620 336; baseline -0.018 0"><span class='ocrx_word' id='word_1_1' title='bbox 509 279 620 336; x_wconf 68' lang='grc'><strong>415</strong></span> 
     </span>
    </p>
   </div>
   <div class='ocr_carea' id='block_1_2' title="bbox 1801 263 2569 326">
    <p class='ocr_par' dir='ltr' id='par_1_2' title="bbox 1801 263 2569 326">
     <span class='ocr_line' id='line_1_2' title="bbox 1801 263 2569 326; baseline -0.003 0"><span class='ocrx_word' id='word_1_2' title='bbox 1801 270 1860 326; x_wconf 91' lang='lat' dir='ltr'><strong>S.</strong></span> <span class='ocrx_word' id='word_1_3' title='bbox 1902 266 2206 325; x_wconf 81' lang='lat' dir='ltr'><strong>MACARII</strong></span> <span class='ocrx_word' id='word_1_4' title='bbox 2242 263 2569 324; x_wconf 80' lang='lat' dir='ltr'><strong>AEGYPTII</strong></span> 
     </span>
    </p>
   </div>
   <div class='ocr_carea' id='block_1_3' title="bbox 3766 278 3874 336">
    <p class='ocr_par' dir='ltr' id='par_1_3' title="bbox 3766 278 3874 336">
     <span class='ocr_line' id='line_1_3' title="bbox 3766 278 3874 336; baseline 0.019 -2"><span class='ocrx_word' id='word_1_5' title='bbox 3766 278 3874 336; x_wconf 80' lang='grc'><strong>416</strong></span> 
     </span>
    </p>
   </div>
   <div class='ocr_carea' id='block_1_4' title="bbox 516 397 2159 478">
    <p class='ocr_par' dir='ltr' id='par_1_4' title="bbox 516 397 2159 468">
     <span class='ocr_line' id='line_1_4' title="bbox 516 397 2159 468; baseline -0.007 -7"><span class='ocrx_word' id='word_1_6' title='bbox 516 407 771 463; x_wconf 81' lang='lat' dir='ltr'><strong>iustitiae</strong></span> <span class='ocrx_word' id='word_1_7' title='bbox 810 415 865 461; x_wconf 87' lang='lat' dir='ltr'><strong>et</strong></span> <span class='ocrx_word' id='word_1_8' title='bbox 904 401 1380 466; x_wconf 86' lang='lat' dir='ltr'><strong>sanctiﬁcationi,</strong></span> <span class='ocrx_word' id='word_1_9' title='bbox 1423 400 1574 457; x_wconf 84' lang='lat' dir='ltr'><strong>sicut</strong></span> <span class='ocrx_word' id='word_1_10' title='bbox 1613 397 1996 456; x_wconf 86' lang='lat' dir='ltr'><strong>exhibuimus</strong></span> <span class='ocrx_word' id='word_1_11' title='bbox 2034 411 2159 468; x_wconf 91' lang='lat' dir='ltr'><strong>pec-</strong></span> 
     </span>
    </p>
   </div>
   <div class='ocr_carea' id='block_1_5' title="bbox 2270 397 3878 478">
    <p class='ocr_par' dir='ltr' id='par_1_5' title="bbox 2281 399 3878 478">
     <span class='ocr_line' id='line_1_5' title="bbox 2281 399 3878 478; baseline 0.004 -29"><span class='ocrx_word' id='word_1_12' title='bbox 2281 401 2415 463; x_wconf 89' lang='grc' dir='ltr'>σίας,</span> <span class='ocrx_word' id='word_1_13' title='bbox 2456 402 2545 451; x_wconf 82' lang='grc' dir='ltr'>καὶ</span> <span class='ocrx_word' id='word_1_14' title='bbox 2584 401 2799 469; x_wconf 79' lang='grc' dir='ltr'><strong>φορέσαι</strong></span> <span class='ocrx_word' id='word_1_15' title='bbox 2836 401 2928 457; x_wconf 78' lang='grc' dir='ltr'>τὴν</span> <span class='ocrx_word' id='word_1_16' title='bbox 2978 399 3147 453; x_wconf 88' lang='grc' dir='ltr'>εἰκόνα</span> <span class='ocrx_word' id='word_1_17' title='bbox 3184 406 3276 453; x_wconf 87' lang='grc' dir='ltr'><strong>τοῦ</strong></span> <span class='ocrx_word' id='word_1_18' title='bbox 3338 400 3642 478; x_wconf 76' lang='grc' dir='ltr'><strong>ἐπουρανίου</strong></span> <span class='ocrx_word' id='word_1_19' title='bbox 3701 405 3878 464; x_wconf 86' lang='grc' dir='ltr'>καθὼς</span> 
     </span>
    </p>
   </div>
   <div class='ocr_carea' id='block_1_6' title="bbox 516 486 2166 567">
    <p class='ocr_par' dir='ltr' id='par_1_6' title="bbox 516 486 2166 567">
     <span class='ocr_line' id='line_1_6' title="bbox 516 486 2166 567; baseline -0.008 -15"><span class='ocrx_word' id='word_1_20' title='bbox 516 501 648 552; x_wconf 89' lang='lat' dir='ltr'><strong>cato</strong></span> <span class='ocrx_word' id='word_1_21' title='bbox 675 496 775 567; x_wconf 91' lang='lat' dir='ltr'><strong>(t).</strong></span> <span class='ocrx_word' id='word_1_22' title='bbox 809 494 1136 551; x_wconf 82' lang='lat' dir='ltr'><strong>Credamus</strong></span> <span class='ocrx_word' id='word_1_23' title='bbox 1156 491 1373 548; x_wconf 87' lang='lat' dir='ltr'><strong>debere</strong></span> <span class='ocrx_word' id='word_1_24' title='bbox 1403 506 1515 547; x_wconf 90' lang='lat' dir='ltr'><strong>nos</strong></span> <span class='ocrx_word' id='word_1_25' title='bbox 1536 490 1595 545; x_wconf 91' lang='lat' dir='ltr'><strong>in</strong></span> <span class='ocrx_word' id='word_1_26' title='bbox 1628 488 1758 544; x_wconf 89' lang='lat' dir='ltr'><strong>luce</strong></span> <span class='ocrx_word' id='word_1_27' title='bbox 1789 486 2166 543; x_wconf 90' lang='lat' dir='ltr'><strong>ambulantes</strong></span> 
     </span>
    </p>
   </div>
   <div class='ocr_carea' id='block_1_7' title="bbox 516 573 2165 647">
    <p class='ocr_par' dir='ltr' id='par_1_7' title="bbox 516 573 2165 647">
     <span class='ocr_line' id='line_1_7' title="bbox 516 573 2165 647; baseline -0.006 -8"><span class='ocrx_word' id='word_1_28' title='bbox 516 585 643 641; x_wconf 87' lang='lat' dir='ltr'><strong>sine</strong></span> <span class='ocrx_word' id='word_1_29' title='bbox 658 585 891 641; x_wconf 86' lang='lat' dir='ltr'><strong>oﬂensa</strong></span> <span class='ocrx_word' id='word_1_30' title='bbox 907 584 1108 639; x_wconf 90' lang='lat' dir='ltr'><strong>videre</strong></span> <span class='ocrx_word' id='word_1_31' title='bbox 1132 580 1426 637; x_wconf 86' lang='lat' dir='ltr'><strong>mirabilia</strong></span> <span class='ocrx_word' id='word_1_32' title='bbox 1445 579 1544 636; x_wconf 89' lang='lat' dir='ltr'><strong>Dei</strong></span> <span class='ocrx_word' id='word_1_33' title='bbox 1562 578 1892 634; x_wconf 90' lang='lat' dir='ltr'><strong>secundum</strong></span> <span class='ocrx_word' id='word_1_34' title='bbox 1908 592 2043 632; x_wconf 92' lang='lat' dir='ltr'><strong>eum</strong></span> <span class='ocrx_word' id='word_1_35' title='bbox 2064 573 2165 647; x_wconf 88' lang='lat' dir='ltr'><strong>qui</strong></span> 
     </span>
    </p>
   </div>
   <div class='ocr_carea' id='block_1_8' title="bbox 517 665 2166 730">
    <p class='ocr_par' dir='ltr' id='par_1_8' title="bbox 517 665 2166 730">
     <span class='ocr_line' id='line_1_8' title="bbox 517 665 2166 730; baseline -0.007 0"><span class='ocrx_word' id='word_1_36' title='bbox 517 674 598 730; x_wconf 87' lang='lat' dir='ltr'><strong>ait</strong></span> <span class='ocrx_word' id='word_1_37' title='bbox 631 692 643 726; x_wconf 90' lang='lat'>:</span> <span class='ocrx_word' id='word_1_38' title='bbox 672 673 869 729; x_wconf 82' lang='lat' dir='ltr'><strong>Revela</strong></span> <span class='ocrx_word' id='word_1_39' title='bbox 905 673 1082 728; x_wconf 88' lang='lat' dir='ltr'><strong>oculos</strong></span> <span class='ocrx_word' id='word_1_40' title='bbox 1110 687 1247 726; x_wconf 85' lang='lat' dir='ltr'><strong>meos</strong></span> <span class='ocrx_word' id='word_1_41' title='bbox 1283 676 1331 725; x_wconf 86' lang='lat' dir='ltr'><strong>et</strong></span> <span class='ocrx_word' id='word_1_42' title='bbox 1360 667 1705 725; x_wconf 75' lang='lat' dir='ltr'><strong>considerabo</strong></span> <span class='ocrx_word' id='word_1_43' title='bbox 1752 665 2038 721; x_wconf 74' lang='lat' dir='ltr'><strong>mirabilia</strong></span> <span class='ocrx_word' id='word_1_44' title='bbox 2073 671 2166 719; x_wconf 85' lang='lat' dir='ltr'><strong>tua</strong></span> 
     </span>
    </p>
   </div>
   <div class='ocr_carea' id='block_1_9' title="bbox 515 754 2162 834">
    <p class='ocr_par' dir='ltr' id='par_1_9' title="bbox 515 754 2162 834">
     <span class='ocr_line' id='line_1_9' title="bbox 515 754 2162 834; baseline -0.007 -16"><span class='ocrx_word' id='word_1_45' title='bbox 515 762 577 817; x_wconf 86' lang='lat' dir='ltr'><strong>de</strong></span> <span class='ocrx_word' id='word_1_46' title='bbox 609 764 713 834; x_wconf 84' lang='lat' dir='ltr'><strong>lege</strong></span> <span class='ocrx_word' id='word_1_47' title='bbox 738 770 833 817; x_wconf 88' lang='lat' dir='ltr'><strong>tua</strong></span> <span class='ocrx_word' id='word_1_48' title='bbox 854 762 951 833; x_wconf 81' lang='lat'>(2).</span> <span class='ocrx_word' id='word_1_49' title='bbox 979 765 1123 817; x_wconf 84' lang='lat' dir='ltr'><strong>Nam</strong></span> <span class='ocrx_word' id='word_1_50' title='bbox 1148 766 1226 824; x_wconf 90' lang='lat' dir='ltr'><strong>ut,</strong></span> <span class='ocrx_word' id='word_1_51' title='bbox 1256 759 1422 831; x_wconf 90' lang='lat' dir='ltr'><strong>quod</strong></span> <span class='ocrx_word' id='word_1_52' title='bbox 1454 759 1530 815; x_wconf 88' lang='lat' dir='ltr'><strong>ad</strong></span> <span class='ocrx_word' id='word_1_53' title='bbox 1564 772 1774 813; x_wconf 89' lang='lat' dir='ltr'><strong>sensus</strong></span> <span class='ocrx_word' id='word_1_54' title='bbox 1793 756 2065 827; x_wconf 88' lang='lat' dir='ltr'><strong>pertinet,</strong></span> <span class='ocrx_word' id='word_1_55' title='bbox 2094 754 2162 818; x_wconf 88' lang='lat' dir='ltr'><strong>is,</strong></span> 
     </span>
    </p>
   </div>
   <div class='ocr_carea' id='block_1_10' title="bbox 515 842 2167 925">
    <p class='ocr_par' dir='ltr' id='par_1_10' title="bbox 515 842 2167 925">
     <span class='ocr_line' id='line_1_10' title="bbox 515 842 2167 925; baseline -0.006 -19"><span class='ocrx_word' id='word_1_56' title='bbox 515 853 617 925; x_wconf 86' lang='lat' dir='ltr'><strong>qui</strong></span> <span class='ocrx_word' id='word_1_57' title='bbox 634 853 688 908; x_wconf 87' lang='lat' dir='ltr'><strong>in</strong></span> <span class='ocrx_word' id='word_1_58' title='bbox 704 852 833 908; x_wconf 90' lang='lat' dir='ltr'><strong>luce</strong></span> <span class='ocrx_word' id='word_1_59' title='bbox 854 850 1146 917; x_wconf 87' lang='lat' dir='ltr'><strong>ambulat,</strong></span> <span class='ocrx_word' id='word_1_60' title='bbox 1168 865 1285 904; x_wconf 91' lang='lat' dir='ltr'><strong>non</strong></span> <span class='ocrx_word' id='word_1_61' title='bbox 1306 847 1573 912; x_wconf 78' lang='lat' dir='ltr'><strong>offendit,</strong></span> <span class='ocrx_word' id='word_1_62' title='bbox 1600 848 1704 910; x_wconf 90' lang='lat' dir='ltr'><strong>sic,</strong></span> <span class='ocrx_word' id='word_1_63' title='bbox 1721 844 1885 917; x_wconf 88' lang='lat' dir='ltr'><strong>quod</strong></span> <span class='ocrx_word' id='word_1_64' title='bbox 1899 844 1974 900; x_wconf 88' lang='lat' dir='ltr'><strong>ad</strong></span> <span class='ocrx_word' id='word_1_65' title='bbox 1996 842 2167 914; x_wconf 89' lang='lat' dir='ltr'><strong>spiri-</strong></span> 
     </span>
    </p>
   </div>
   <div class='ocr_carea' id='block_1_11' title="bbox 514 934 2164 1011">
    <p class='ocr_par' dir='ltr' id='par_1_11' title="bbox 514 934 2164 1011">
     <span class='ocr_line' id='line_1_11' title="bbox 514 934 2164 1011; baseline -0.007 -14"><span class='ocrx_word' id='word_1_66' title='bbox 514 946 639 997; x_wconf 87' lang='lat' dir='ltr'><strong>tum</strong></span> <span class='ocrx_word' id='word_1_67' title='bbox 659 942 881 1011; x_wconf 85' lang='lat' dir='ltr'><strong>attinet,</strong></span> <span class='ocrx_word' id='word_1_68' title='bbox 908 941 976 1005; x_wconf 91' lang='lat' dir='ltr'><strong>is,</strong></span> <span class='ocrx_word' id='word_1_69' title='bbox 999 940 1101 1011; x_wconf 87' lang='lat' dir='ltr'><strong>qui</strong></span> <span class='ocrx_word' id='word_1_70' title='bbox 1121 940 1178 994; x_wconf 92' lang='lat' dir='ltr'><strong>in</strong></span> <span class='ocrx_word' id='word_1_71' title='bbox 1202 937 1463 1009; x_wconf 88' lang='lat' dir='ltr'><strong>perfecta</strong></span> <span class='ocrx_word' id='word_1_72' title='bbox 1485 934 1952 991; x_wconf 87' lang='lat' dir='ltr'><strong>sanctiﬁcatione</strong></span> <span class='ocrx_word' id='word_1_73' title='bbox 1970 948 2164 987; x_wconf 89' lang='lat' dir='ltr'><strong>versa-</strong></span> 
     </span>
    </p>
   </div>
   <div class='ocr_carea' id='block_1_12' title="bbox 511 1020 2166 1099">
    <p class='ocr_par' dir='ltr' id='par_1_12' title="bbox 511 1020 2166 1099">
     <span class='ocr_line' id='line_1_12' title="bbox 511 1020 2166 1099; baseline -0.005 -13"><span class='ocrx_word' id='word_1_74' title='bbox 511 1036 627 1096; x_wconf 88' lang='lat' dir='ltr'><strong>tur,</strong></span> <span class='ocrx_word' id='word_1_75' title='bbox 654 1046 775 1086; x_wconf 90' lang='lat' dir='ltr'><strong>non</strong></span> <span class='ocrx_word' id='word_1_76' title='bbox 793 1028 1161 1099; x_wconf 85' lang='lat' dir='ltr'><strong>concupiscit</strong></span> <span class='ocrx_word' id='word_1_77' title='bbox 1178 1028 1362 1092; x_wconf 92' lang='lat' dir='ltr'><strong>mala,</strong></span> <span class='ocrx_word' id='word_1_78' title='bbox 1382 1041 1504 1081; x_wconf 91' lang='lat' dir='ltr'><strong>non</strong></span> <span class='ocrx_word' id='word_1_79' title='bbox 1527 1025 1749 1093; x_wconf 82' lang='lat' dir='ltr'><strong>cogitat</strong></span> <span class='ocrx_word' id='word_1_80' title='bbox 1765 1038 1969 1094; x_wconf 86' lang='lat' dir='ltr'><strong>prava.</strong></span> <span class='ocrx_word' id='word_1_81' title='bbox 1994 1020 2166 1078; x_wconf 82' lang='lat' dir='ltr'><strong>Nulla</strong></span> 
     </span>
    </p>
   </div>
   <div class='ocr_carea' id='block_1_13' title="bbox 511 1114 2164 1184">
    <p class='ocr_par' dir='ltr' id='par_1_13' title="bbox 511 1114 2164 1184">
     <span class='ocr_line' id='line_1_13' title="bbox 511 1114 2164 1184; baseline -0.007 -9"><span class='ocrx_word' id='word_1_82' title='bbox 511 1120 670 1175; x_wconf 90' lang='lat' dir='ltr'><strong>enim</strong></span> <span class='ocrx_word' id='word_1_83' title='bbox 688 1124 776 1175; x_wconf 90' lang='lat' dir='ltr'><strong>est</strong></span> <span class='ocrx_word' id='word_1_84' title='bbox 799 1117 1178 1174; x_wconf 88' lang='lat' dir='ltr'><strong>societasluci</strong></span> <span class='ocrx_word' id='word_1_85' title='bbox 1197 1117 1274 1171; x_wconf 93' lang='lat' dir='ltr'><strong>ad</strong></span> <span class='ocrx_word' id='word_1_86' title='bbox 1295 1115 1569 1171; x_wconf 88' lang='lat' dir='ltr'><strong>tenebras</strong></span> <span class='ocrx_word' id='word_1_87' title='bbox 1584 1114 1683 1184; x_wconf 90' lang='lat'>(3),</span> <span class='ocrx_word' id='word_1_88' title='bbox 1708 1128 1903 1184; x_wconf 88' lang='lat' dir='ltr'><strong>neque</strong></span> <span class='ocrx_word' id='word_1_89' title='bbox 1917 1125 2164 1166; x_wconf 90' lang='lat' dir='ltr'><strong>consen-</strong></span> 
     </span>
    </p>
   </div>
   <div class='ocr_carea' id='block_1_14' title="bbox 513 1204 2165 1279">
    <p class='ocr_par' dir='ltr' id='par_1_14' title="bbox 513 1204 2165 1279">
     <span class='ocr_line' id='line_1_14' title="bbox 513 1204 2165 1279; baseline -0.005 -17"><span class='ocrx_word' id='word_1_90' title='bbox 513 1223 613 1264; x_wconf 89' lang='lat' dir='ltr'><strong>sus</strong></span> <span class='ocrx_word' id='word_1_91' title='bbox 639 1208 860 1279; x_wconf 91' lang='lat' dir='ltr'><strong>templo</strong></span> <span class='ocrx_word' id='word_1_92' title='bbox 877 1207 975 1262; x_wconf 90' lang='lat' dir='ltr'><strong>Dei</strong></span> <span class='ocrx_word' id='word_1_93' title='bbox 997 1222 1134 1261; x_wconf 89' lang='lat' dir='ltr'><strong>cum</strong></span> <span class='ocrx_word' id='word_1_94' title='bbox 1165 1205 1337 1259; x_wconf 89' lang='lat' dir='ltr'><strong>idolis</strong></span> <span class='ocrx_word' id='word_1_95' title='bbox 1365 1205 1464 1275; x_wconf 78' lang='grc'>(4).</span> <span class='ocrx_word' id='word_1_96' title='bbox 1483 1204 2165 1275; x_wconf 87' lang='lat' dir='ltr'><strong>Itaquetanquamtem-</strong></span> 
     </span>
    </p>
   </div>
   <div class='ocr_carea' id='block_1_15' title="bbox 511 1289 2164 1369">
    <p class='ocr_par' dir='ltr' id='par_1_15' title="bbox 511 1289 2164 1369">
     <span class='ocr_line' id='line_1_15' title="bbox 511 1289 2164 1369; baseline -0.007 -15"><span class='ocrx_word' id='word_1_97' title='bbox 511 1297 681 1369; x_wconf 88' lang='lat' dir='ltr'><strong>plum</strong></span> <span class='ocrx_word' id='word_1_98' title='bbox 733 1298 831 1351; x_wconf 91' lang='lat' dir='ltr'><strong>Dei</strong></span> <span class='ocrx_word' id='word_1_99' title='bbox 871 1294 1188 1350; x_wconf 89' lang='lat' dir='ltr'><strong>considera</strong></span> <span class='ocrx_word' id='word_1_100' title='bbox 1236 1294 1515 1364; x_wconf 91' lang='lat' dir='ltr'><strong>teipsum,</strong></span> <span class='ocrx_word' id='word_1_101' title='bbox 1559 1291 1847 1361; x_wconf 79' lang='lat' dir='ltr'><strong>effugiens</strong></span> <span class='ocrx_word' id='word_1_102' title='bbox 1887 1289 2164 1360; x_wconf 87' lang='lat' dir='ltr'><strong>spiritua-</strong></span> 
     </span>
    </p>
   </div>
   <div class='ocr_carea' id='block_1_16' title="bbox 510 1377 2162 1450">
    <p class='ocr_par' dir='ltr' id='par_1_16' title="bbox 510 1377 2162 1450">
     <span class='ocr_line' id='line_1_16' title="bbox 510 1377 2162 1450; baseline -0.005 -10"><span class='ocrx_word' id='word_1_103' title='bbox 510 1386 657 1440; x_wconf 90' lang='lat' dir='ltr'><strong>lium</strong></span> <span class='ocrx_word' id='word_1_104' title='bbox 707 1384 1005 1440; x_wconf 89' lang='lat' dir='ltr'><strong>idolorum</strong></span> <span class='ocrx_word' id='word_1_105' title='bbox 1058 1384 1115 1437; x_wconf 89' lang='lat' dir='ltr'><strong>in</strong></span> <span class='ocrx_word' id='word_1_106' title='bbox 1171 1383 1349 1437; x_wconf 89' lang='lat' dir='ltr'><strong>corde</strong></span> <span class='ocrx_word' id='word_1_107' title='bbox 1411 1381 1691 1450; x_wconf 87' lang='lat' dir='ltr'><strong>efﬁgiem.</strong></span> <span class='ocrx_word' id='word_1_108' title='bbox 1748 1378 1954 1435; x_wconf 88' lang='lat' dir='ltr'><strong>Omnis</strong></span> <span class='ocrx_word' id='word_1_109' title='bbox 2003 1377 2162 1432; x_wconf 89' lang='lat' dir='ltr'><strong>enim</strong></span> 
     </span>
    </p>
   </div>
   <div class='ocr_carea' id='block_1_17' title="bbox 512 1466 2162 1544">
    <p class='ocr_par' dir='ltr' id='par_1_17' title="bbox 512 1466 2162 1544">
     <span class='ocr_line' id='line_1_17' title="bbox 512 1466 2162 1544; baseline -0.005 -14"><span class='ocrx_word' id='word_1_110' title='bbox 512 1474 763 1530; x_wconf 78' lang='lat' dir='ltr'><strong>affectus</strong></span> <span class='ocrx_word' id='word_1_111' title='bbox 791 1489 1047 1544; x_wconf 88' lang='lat' dir='ltr'><strong>operans</strong></span> <span class='ocrx_word' id='word_1_112' title='bbox 1088 1473 1147 1526; x_wconf 91' lang='lat' dir='ltr'><strong>in</strong></span> <span class='ocrx_word' id='word_1_113' title='bbox 1176 1471 1380 1525; x_wconf 89' lang='lat' dir='ltr'><strong>anima</strong></span> <span class='ocrx_word' id='word_1_114' title='bbox 1408 1470 1635 1525; x_wconf 89' lang='lat' dir='ltr'><strong>idolum</strong></span> <span class='ocrx_word' id='word_1_115' title='bbox 1679 1474 1780 1523; x_wconf 88' lang='lat' dir='ltr'><strong>est.</strong></span> <span class='ocrx_word' id='word_1_116' title='bbox 1816 1468 1980 1524; x_wconf 91' lang='lat' dir='ltr'><strong>Unde</strong></span> <span class='ocrx_word' id='word_1_117' title='bbox 2012 1466 2162 1521; x_wconf 89' lang='lat' dir='ltr'><strong>bene</strong></span> 
     </span>
    </p>
   </div>
   <div class='ocr_carea' id='block_1_18' title="bbox 514 1556 2158 1633">
    <p class='ocr_par' dir='ltr' id='par_1_18' title="bbox 514 1556 2158 1633">
     <span class='ocr_line' id='line_1_18' title="bbox 514 1556 2158 1633; baseline -0.005 -14"><span class='ocrx_word' id='word_1_118' title='bbox 514 1564 739 1619; x_wconf 92' lang='lat' dir='ltr'><strong>dictum</strong></span> <span class='ocrx_word' id='word_1_119' title='bbox 764 1579 777 1615; x_wconf 91' lang='lat'><strong>:</strong></span> <span class='ocrx_word' id='word_1_120' title='bbox 801 1580 833 1617; x_wconf 87' lang='lat' dir='ltr'><strong>a</strong></span> <span class='ocrx_word' id='word_1_121' title='bbox 858 1579 959 1633; x_wconf 89' lang='lat' dir='ltr'><strong>quo</strong></span> <span class='ocrx_word' id='word_1_122' title='bbox 977 1560 1099 1633; x_wconf 83' lang='lat' dir='ltr'><strong>quis</strong></span> <span class='ocrx_word' id='word_1_123' title='bbox 1111 1568 1394 1631; x_wconf 84' lang='lat' dir='ltr'><strong>superatus</strong></span> <span class='ocrx_word' id='word_1_124' title='bbox 1413 1565 1508 1625; x_wconf 84' lang='lat' dir='ltr'><strong>est,</strong></span> <span class='ocrx_word' id='word_1_125' title='bbox 1526 1559 1686 1613; x_wconf 83' lang='lat' dir='ltr'><strong>huius</strong></span> <span class='ocrx_word' id='word_1_126' title='bbox 1702 1565 1749 1612; x_wconf 90' lang='lat' dir='ltr'><strong>et</strong></span> <span class='ocrx_word' id='word_1_127' title='bbox 1770 1574 1953 1612; x_wconf 77' lang='lat' dir='ltr'><strong>servus</strong></span> <span class='ocrx_word' id='word_1_128' title='bbox 1968 1563 2041 1612; x_wconf 84' lang='lat' dir='ltr'><strong>est</strong></span> <span class='ocrx_word' id='word_1_129' title='bbox 2058 1556 2158 1627; x_wconf 89' lang='lat'><strong>(5).</strong></span> 
     </span>
    </p>
   </div>
   <div class='ocr_carea' id='block_1_19' title="bbox 515 1646 2163 1721">
    <p class='ocr_par' dir='ltr' id='par_1_19' title="bbox 515 1646 2163 1721">
     <span class='ocr_line' id='line_1_19' title="bbox 515 1646 2163 1721; baseline -0.006 -12"><span class='ocrx_word' id='word_1_130' title='bbox 515 1654 614 1710; x_wconf 89' lang='lat' dir='ltr'><strong>Sin</strong></span> <span class='ocrx_word' id='word_1_131' title='bbox 659 1652 855 1707; x_wconf 87' lang='lat' dir='ltr'><strong>carnis</strong></span> <span class='ocrx_word' id='word_1_132' title='bbox 904 1649 1315 1721; x_wconf 87' lang='lat' dir='ltr'><strong>voluptatibus</strong></span> <span class='ocrx_word' id='word_1_133' title='bbox 1362 1648 1516 1703; x_wconf 88' lang='lat' dir='ltr'><strong>servi</strong></span> <span class='ocrx_word' id='word_1_134' title='bbox 1560 1646 1697 1703; x_wconf 79' lang='lat' dir='ltr'><strong>facti</strong></span> <span class='ocrx_word' id='word_1_135' title='bbox 1746 1664 1980 1710; x_wconf 89' lang='lat' dir='ltr'><strong>sumus,</strong></span> <span class='ocrx_word' id='word_1_136' title='bbox 2038 1661 2163 1700; x_wconf 89' lang='lat' dir='ltr'><strong>ma-</strong></span> 
     </span>
    </p>
   </div>
   <div class='ocr_carea' id='block_1_20' title="bbox 2278 489 3876 567">
    <p class='ocr_par' dir='ltr' id='par_1_20' title="bbox 2278 489 3876 567">
     <span class='ocr_line' id='line_1_20' title="bbox 2278 489 3876 567; baseline 0.004 -28"><span class='ocrx_word' id='word_1_137' title='bbox 2278 492 2588 562; x_wconf 76' lang='grc' dir='ltr'>ἐφορέσαμεν</span> <span class='ocrx_word' id='word_1_138' title='bbox 2635 493 2726 547; x_wconf 79' lang='grc' dir='ltr'>τὴν</span> <span class='ocrx_word' id='word_1_139' title='bbox 2766 489 2938 541; x_wconf 81' lang='grc' dir='ltr'><strong>εἰκόνα</strong></span> <span class='ocrx_word' id='word_1_140' title='bbox 2980 496 3071 542; x_wconf 86' lang='grc' dir='ltr'><strong>τοῦ</strong></span> <span class='ocrx_word' id='word_1_141' title='bbox 3119 498 3331 562; x_wconf 82' lang='grc' dir='ltr'>χοϊκοῦ,</span> <span class='ocrx_word' id='word_1_142' title='bbox 3384 498 3475 545; x_wconf 89' lang='grc' dir='ltr'>καὶ</span> <span class='ocrx_word' id='word_1_143' title='bbox 3525 502 3876 567; x_wconf 84' lang='grc' dir='ltr'><strong>παραστῆσαι</strong></span> 
     </span>
    </p>
   </div>
   <div class='ocr_carea' id='block_1_21' title="bbox 2275 575 3874 655">
    <p class='ocr_par' dir='ltr' id='par_1_21' title="bbox 2275 575 3874 655">
     <span class='ocr_line' id='line_1_21' title="bbox 2275 575 3874 655; baseline 0.006 -28"><span class='ocrx_word' id='word_1_144' title='bbox 2275 579 2340 627; x_wconf 89' lang='grc' dir='ltr'><strong>τά</strong></span> <span class='ocrx_word' id='word_1_145' title='bbox 2364 578 2491 647; x_wconf 82' lang='grc' dir='ltr'>μέλη</span> <span class='ocrx_word' id='word_1_146' title='bbox 2532 580 2679 649; x_wconf 77' lang='grc' dir='ltr'>ἡμῶν</span> <span class='ocrx_word' id='word_1_147' title='bbox 2719 575 2884 631; x_wconf 88' lang='grc' dir='ltr'>δοῦλα</span> <span class='ocrx_word' id='word_1_148' title='bbox 2920 587 2981 651; x_wconf 78' lang='grc' dir='ltr'>τῇ</span> <span class='ocrx_word' id='word_1_149' title='bbox 3026 576 3337 654; x_wconf 72' lang='grc' dir='ltr'><strong>δικαιοσύνῃ</strong></span> <span class='ocrx_word' id='word_1_150' title='bbox 3374 585 3462 633; x_wconf 86' lang='grc' dir='ltr'><strong>καὶ</strong></span> <span class='ocrx_word' id='word_1_151' title='bbox 3491 589 3562 651; x_wconf 85' lang='grc' dir='ltr'>τῷ</span> <span class='ocrx_word' id='word_1_152' title='bbox 3604 582 3874 655; x_wconf 81' lang='grc' dir='ltr'>ἁγιασμῷ,</span> 
     </span>
    </p>
   </div>
   <div class='ocr_carea' id='block_1_22' title="bbox 2275 668 3875 744">
    <p class='ocr_par' dir='ltr' id='par_1_22' title="bbox 2275 668 3875 744">
     <span class='ocr_line' id='line_1_22' title="bbox 2275 668 3875 744; baseline 0.004 -26"><span class='ocrx_word' id='word_1_153' title='bbox 2275 668 2444 727; x_wconf 83' lang='grc' dir='ltr'>καθὼς</span> <span class='ocrx_word' id='word_1_154' title='bbox 2511 673 2914 740; x_wconf 81' lang='grc' dir='ltr'>παρεστήσαμεν</span> <span class='ocrx_word' id='word_1_155' title='bbox 2981 676 3042 741; x_wconf 72' lang='grc' dir='ltr'>τῇ</span> <span class='ocrx_word' id='word_1_156' title='bbox 3109 669 3358 742; x_wconf 86' lang='grc' dir='ltr'>ἁμαρτίᾳ.</span> <span class='ocrx_word' id='word_1_157' title='bbox 3418 674 3743 743; x_wconf 78' lang='grc' dir='ltr'><strong>πιστεύωμεν</strong></span> <span class='ocrx_word' id='word_1_158' title='bbox 3808 672 3875 744; x_wconf 75' lang='grc' dir='ltr'>ί),</span> 
     </span>
    </p>
   </div>
   <div class='ocr_carea' id='block_1_23' title="bbox 2276 756 3879 833">
    <p class='ocr_par' dir='ltr' id='par_1_23' title="bbox 2276 756 3879 833">
     <span class='ocr_line' id='line_1_23' title="bbox 2276 756 3879 833; baseline 0.004 -26"><span class='ocrx_word' id='word_1_159' title='bbox 2276 758 2352 808; x_wconf 84' lang='grc' dir='ltr'>ὅτι</span> <span class='ocrx_word' id='word_1_160' title='bbox 2405 760 2515 831; x_wconf 84' lang='grc' dir='ltr'>χρὴ</span> <span class='ocrx_word' id='word_1_161' title='bbox 2566 760 2706 828; x_wconf 76' lang='grc' dir='ltr'>ἡμᾶς</span> <span class='ocrx_word' id='word_1_162' title='bbox 2762 756 2809 809; x_wconf 85' lang='grc' dir='ltr'>ἐν</span> <span class='ocrx_word' id='word_1_163' title='bbox 2862 765 2931 828; x_wconf 81' lang='grc' dir='ltr'>τῷ</span> <span class='ocrx_word' id='word_1_164' title='bbox 2990 763 3119 830; x_wconf 85' lang='grc' dir='ltr'>φωτὶ</span> <span class='ocrx_word' id='word_1_165' title='bbox 3163 767 3573 833; x_wconf 82' lang='grc' dir='ltr'>περιπατοῦντας</span> <span class='ocrx_word' id='word_1_166' title='bbox 3614 760 3879 833; x_wconf 81' lang='grc' dir='ltr'>ἁπροσκό-</span> 
     </span>
    </p>
   </div>
   <div class='ocr_carea' id='block_1_24' title="bbox 2273 841 3873 922">
    <p class='ocr_par' dir='ltr' id='par_1_24' title="bbox 2273 841 3873 922">
     <span class='ocr_line' id='line_1_24' title="bbox 2273 841 3873 922; baseline 0.004 -25"><span class='ocrx_word' id='word_1_167' title='bbox 2273 866 2382 908; x_wconf 89' lang='grc' dir='ltr'><strong>πως</strong></span> <span class='ocrx_word' id='word_1_168' title='bbox 2425 841 2548 917; x_wconf 78' lang='grc' dir='ltr'>όρᾷν</span> <span class='ocrx_word' id='word_1_169' title='bbox 2586 849 2650 898; x_wconf 82' lang='grc' dir='ltr'>τὰ</span> <span class='ocrx_word' id='word_1_170' title='bbox 2688 854 2779 898; x_wconf 90' lang='grc' dir='ltr'><strong>τοῦ</strong></span> <span class='ocrx_word' id='word_1_171' title='bbox 2814 854 2948 900; x_wconf 92' lang='grc' dir='ltr'>Θεοῦ</span> <span class='ocrx_word' id='word_1_172' title='bbox 2990 848 3279 919; x_wconf 82' lang='grc' dir='ltr'>θαυμάσια,</span> <span class='ocrx_word' id='word_1_173' title='bbox 3319 851 3455 901; x_wconf 81' lang='grc' dir='ltr'>κατὰ</span> <span class='ocrx_word' id='word_1_174' title='bbox 3483 853 3569 901; x_wconf 91' lang='grc' dir='ltr'>τὸν</span> <span class='ocrx_word' id='word_1_175' title='bbox 3605 855 3873 922; x_wconf 79' lang='grc' dir='ltr'>φήσαντα·</span> 
     </span>
    </p>
   </div>
   <div class='ocr_carea' id='block_1_25' title="bbox 2277 934 3877 1010">
    <p class='ocr_par' dir='ltr' id='par_1_25' title="bbox 2277 934 3877 1010">
     <span class='ocr_line' id='line_1_25' title="bbox 2277 934 3877 1010; baseline 0.004 -24"><span class='ocrx_word' id='word_1_176' title='bbox 2277 934 2690 1005; x_wconf 73' lang='grc' dir='ltr'>ἁποκάλυψον</span> <span class='ocrx_word' id='word_1_177' title='bbox 2735 939 2885 997; x_wconf 81' lang='grc' dir='ltr'>τοὺς</span> <span class='ocrx_word' id='word_1_178' title='bbox 2923 936 3287 1009; x_wconf 84' lang='grc' dir='ltr'>ὀφθαλμούς</span> <span class='ocrx_word' id='word_1_179' title='bbox 3325 958 3475 1010; x_wconf 92' lang='grc' dir='ltr'>μου,</span> <span class='ocrx_word' id='word_1_180' title='bbox 3514 944 3626 991; x_wconf 83' lang='grc' dir='ltr'>καὶ</span> <span class='ocrx_word' id='word_1_181' title='bbox 3687 960 3877 993; x_wconf 86' lang='grc' dir='ltr'>κατα-</span> 
     </span>
    </p>
   </div>
   <div class='ocr_carea' id='block_1_26' title="bbox 2272 1026 3872 1100">
    <p class='ocr_par' dir='ltr' id='par_1_26' title="bbox 2272 1026 3872 1100">
     <span class='ocr_line' id='line_1_26' title="bbox 2272 1026 3872 1100; baseline 0.004 -25"><span class='ocrx_word' id='word_1_182' title='bbox 2272 1029 2479 1082; x_wconf 81' lang='grc' dir='ltr'>νοήσω</span> <span class='ocrx_word' id='word_1_183' title='bbox 2535 1026 2609 1075; x_wconf 82' lang='grc' dir='ltr'><strong>τὰ</strong></span> <span class='ocrx_word' id='word_1_184' title='bbox 2669 1026 3007 1097; x_wconf 82' lang='grc' dir='ltr'>θαυμάσιά</span> <span class='ocrx_word' id='word_1_185' title='bbox 3054 1045 3164 1079; x_wconf 88' lang='grc' dir='ltr'><strong>σου</strong></span> <span class='ocrx_word' id='word_1_186' title='bbox 3216 1026 3280 1079; x_wconf 74' lang='grc' dir='ltr'>ἐκ</span> <span class='ocrx_word' id='word_1_187' title='bbox 3318 1034 3431 1081; x_wconf 86' lang='grc' dir='ltr'><strong>τοῦ</strong></span> <span class='ocrx_word' id='word_1_188' title='bbox 3478 1033 3674 1100; x_wconf 90' lang='grc' dir='ltr'>νόμου</span> <span class='ocrx_word' id='word_1_189' title='bbox 3731 1044 3872 1082; x_wconf 85' lang='grc' dir='ltr'>σου’</span> 
     </span>
    </p>
   </div>
   <div class='ocr_carea' id='block_1_27' title="bbox 2273 1114 3873 1190">
    <p class='ocr_par' dir='ltr' id='par_1_27' title="bbox 2273 1114 3873 1190">
     <span class='ocr_line' id='line_1_27' title="bbox 2273 1114 3873 1190; baseline 0.004 -26"><span class='ocrx_word' id='word_1_190' title='bbox 2273 1116 2342 1173; x_wconf 88' lang='grc' dir='ltr'>ὡς</span> <span class='ocrx_word' id='word_1_191' title='bbox 2378 1114 2478 1187; x_wconf 82' lang='grc' dir='ltr'>γὰρ</span> <span class='ocrx_word' id='word_1_192' title='bbox 2519 1115 2654 1166; x_wconf 87' lang='grc' dir='ltr'>κατὰ</span> <span class='ocrx_word' id='word_1_193' title='bbox 2688 1116 2747 1164; x_wconf 87' lang='grc' dir='ltr'><strong>τό</strong></span> <span class='ocrx_word' id='word_1_194' title='bbox 2789 1114 3038 1172; x_wconf 83' lang='grc' dir='ltr'>αἰσθητόν</span> <span class='ocrx_word' id='word_1_195' title='bbox 3072 1117 3097 1167; x_wconf 98' lang='lat'><strong>6</strong></span> <span class='ocrx_word' id='word_1_196' title='bbox 3128 1114 3175 1167; x_wconf 81' lang='grc' dir='ltr'>ἐν</span> <span class='ocrx_word' id='word_1_197' title='bbox 3210 1124 3283 1187; x_wconf 84' lang='grc' dir='ltr'>τῷ</span> <span class='ocrx_word' id='word_1_198' title='bbox 3320 1121 3449 1189; x_wconf 83' lang='grc' dir='ltr'>φωτὶ</span> <span class='ocrx_word' id='word_1_199' title='bbox 3484 1126 3775 1190; x_wconf 85' lang='grc' dir='ltr'>περιπατῶν</span> <span class='ocrx_word' id='word_1_200' title='bbox 3816 1119 3873 1171; x_wconf 85' lang='grc' dir='ltr'>ού</span> 
     </span>
    </p>
   </div>
   <div class='ocr_carea' id='block_1_28' title="bbox 2270 1202 3871 1280">
    <p class='ocr_par' dir='ltr' id='par_1_28' title="bbox 2270 1202 3871 1280">
     <span class='ocr_line' id='line_1_28' title="bbox 2270 1202 3871 1280; baseline 0.004 -26"><span class='ocrx_word' id='word_1_201' title='bbox 2270 1207 2617 1274; x_wconf 74' lang='grc' dir='ltr'>προσκόπτει,</span> <span class='ocrx_word' id='word_1_202' title='bbox 2637 1202 2797 1264; x_wconf 80' lang='grc' dir='ltr'>οὕτως</span> <span class='ocrx_word' id='word_1_203' title='bbox 2817 1206 2954 1256; x_wconf 81' lang='grc' dir='ltr'>κατὰ</span> <span class='ocrx_word' id='word_1_204' title='bbox 2972 1207 3029 1256; x_wconf 88' lang='grc' dir='ltr'>τὸ</span> <span class='ocrx_word' id='word_1_205' title='bbox 3050 1208 3256 1263; x_wconf 84' lang='grc' dir='ltr'>νιοητόν</span> <span class='ocrx_word' id='word_1_206' title='bbox 3279 1207 3303 1256; x_wconf 93' lang='lat'><strong>6</strong></span> <span class='ocrx_word' id='word_1_207' title='bbox 3334 1206 3382 1258; x_wconf 87' lang='grc' dir='ltr'>ἐν</span> <span class='ocrx_word' id='word_1_208' title='bbox 3400 1213 3471 1276; x_wconf 86' lang='grc' dir='ltr'>τῷ</span> <span class='ocrx_word' id='word_1_209' title='bbox 3490 1206 3661 1279; x_wconf 80' lang='grc' dir='ltr'>τελείῳ</span> <span class='ocrx_word' id='word_1_210' title='bbox 3683 1207 3871 1280; x_wconf 84' lang='grc' dir='ltr'>ἁγιασ-</span> 
     </span>
    </p>
   </div>
   <div class='ocr_carea' id='block_1_29' title="bbox 2271 1291 3877 1369">
    <p class='ocr_par' dir='ltr' id='par_1_29' title="bbox 2271 1291 3877 1369">
     <span class='ocr_line' id='line_1_29' title="bbox 2271 1291 3877 1369; baseline 0.006 -27"><span class='ocrx_word' id='word_1_211' title='bbox 2271 1300 2352 1363; x_wconf 86' lang='grc' dir='ltr'>μῷ</span> <span class='ocrx_word' id='word_1_212' title='bbox 2378 1293 2634 1365; x_wconf 79' lang='grc' dir='ltr'>ὑπάρχων</span> <span class='ocrx_word' id='word_1_213' title='bbox 2664 1292 2757 1343; x_wconf 86' lang='grc' dir='ltr'><strong>ούκ</strong></span> <span class='ocrx_word' id='word_1_214' title='bbox 2797 1291 3087 1365; x_wconf 76' lang='grc' dir='ltr'>ἐνθυμεῖται</span> <span class='ocrx_word' id='word_1_215' title='bbox 3134 1296 3355 1367; x_wconf 87' lang='grc' dir='ltr'>πονηρά,</span> <span class='ocrx_word' id='word_1_216' title='bbox 3380 1295 3439 1346; x_wconf 83' lang='grc' dir='ltr'><strong>ού</strong></span> <span class='ocrx_word' id='word_1_217' title='bbox 3457 1294 3722 1367; x_wconf 81' lang='grc' dir='ltr'>λογίζεται</span> <span class='ocrx_word' id='word_1_218' title='bbox 3749 1307 3877 1369; x_wconf 86' lang='grc' dir='ltr'>φαῦ-</span> 
     </span>
    </p>
   </div>
   <div class='ocr_carea' id='block_1_30' title="bbox 2271 1378 3875 1458">
    <p class='ocr_par' dir='ltr' id='par_1_30' title="bbox 2271 1378 3875 1458">
     <span class='ocr_line' id='line_1_30' title="bbox 2271 1378 3875 1458; baseline 0.004 -26"><span class='ocrx_word' id='word_1_219' title='bbox 2271 1381 2359 1432; x_wconf 92' lang='grc' dir='ltr'>λα·</span> <span class='ocrx_word' id='word_1_220' title='bbox 2393 1378 2617 1452; x_wconf 77' lang='grc' dir='ltr'>οὐδεμία</span> <span class='ocrx_word' id='word_1_221' title='bbox 2673 1383 2716 1451; x_wconf 83' lang='grc'><strong>²)</strong></span> <span class='ocrx_word' id='word_1_222' title='bbox 2740 1384 2840 1453; x_wconf 84' lang='grc' dir='ltr'><strong>γὰρ</strong></span> <span class='ocrx_word' id='word_1_223' title='bbox 2867 1388 3110 1435; x_wconf 83' lang='grc' dir='ltr'>κοινωνία</span> <span class='ocrx_word' id='word_1_224' title='bbox 3154 1388 3287 1455; x_wconf 82' lang='grc' dir='ltr'>φωτὶ</span> <span class='ocrx_word' id='word_1_225' title='bbox 3351 1387 3481 1458; x_wconf 87' lang='grc' dir='ltr'>πρὸς</span> <span class='ocrx_word' id='word_1_226' title='bbox 3516 1390 3718 1451; x_wconf 83' lang='grc' dir='ltr'>σκότος,</span> <span class='ocrx_word' id='word_1_227' title='bbox 3751 1383 3875 1440; x_wconf 69' lang='grc' dir='ltr'>οῦδὲ</span> 
     </span>
    </p>
   </div>
   <div class='ocr_carea' id='block_1_31' title="bbox 2274 1469 3871 1543">
    <p class='ocr_par' dir='ltr' id='par_1_31' title="bbox 2274 1469 3871 1543">
     <span class='ocr_line' id='line_1_31' title="bbox 2274 1469 3871 1543; baseline 0.005 -22"><span class='ocrx_word' id='word_1_228' title='bbox 2274 1472 2655 1541; x_wconf 74' lang='grc' dir='ltr'>συγκατάθεσις</span> <span class='ocrx_word' id='word_1_229' title='bbox 2696 1478 2820 1523; x_wconf 89' lang='grc' dir='ltr'>ναοῦ</span> <span class='ocrx_word' id='word_1_230' title='bbox 2867 1475 2998 1543; x_wconf 85' lang='grc' dir='ltr'><strong>μετά</strong></span> <span class='ocrx_word' id='word_1_231' title='bbox 3040 1469 3264 1525; x_wconf 78' lang='grc' dir='ltr'>εἰδώλων</span> <span class='ocrx_word' id='word_1_232' title='bbox 3293 1476 3399 1535; x_wconf 81' lang='grc' dir='ltr'><strong>’ὡς</strong></span> <span class='ocrx_word' id='word_1_233' title='bbox 3445 1470 3534 1526; x_wconf 77' lang='grc' dir='ltr'><strong>οὖν</strong></span> <span class='ocrx_word' id='word_1_234' title='bbox 3576 1478 3696 1537; x_wconf 85' lang='grc' dir='ltr'>ναός</span> <span class='ocrx_word' id='word_1_235' title='bbox 3739 1483 3871 1529; x_wconf 89' lang='grc' dir='ltr'>Θεοῦ</span> 
     </span>
    </p>
   </div>
   <div class='ocr_carea' id='block_1_32' title="bbox 2273 1556 3878 1636">
    <p class='ocr_par' dir='ltr' id='par_1_32' title="bbox 2273 1556 3878 1636">
     <span class='ocr_line' id='line_1_32' title="bbox 2273 1556 3878 1636; baseline 0.004 -26"><span class='ocrx_word' id='word_1_236' title='bbox 2273 1560 2517 1629; x_wconf 79' lang='grc' dir='ltr'>ἓπίγνωθι</span> <span class='ocrx_word' id='word_1_237' title='bbox 2562 1564 2793 1625; x_wconf 86' lang='grc' dir='ltr'>σεαυτόν,</span> <span class='ocrx_word' id='word_1_238' title='bbox 2836 1556 3250 1634; x_wconf 78' lang='grc' dir='ltr'>ἀποδιδράσκων</span> <span class='ocrx_word' id='word_1_239' title='bbox 3292 1565 3386 1620; x_wconf 80' lang='grc' dir='ltr'>τὴν</span> <span class='ocrx_word' id='word_1_240' title='bbox 3434 1560 3481 1614; x_wconf 78' lang='grc' dir='ltr'>ἓν</span> <span class='ocrx_word' id='word_1_241' title='bbox 3528 1560 3728 1636; x_wconf 81' lang='grc' dir='ltr'>καρδίᾳ</span> <span class='ocrx_word' id='word_1_242' title='bbox 3780 1572 3878 1616; x_wconf 87' lang='grc' dir='ltr'>τῶν</span> 
     </span>
    </p>
   </div>
   <div class='ocr_carea' id='block_1_33' title="bbox 2273 1645 3881 1728">
    <p class='ocr_par' dir='ltr' id='par_1_33' title="bbox 2273 1645 3881 1728">
     <span class='ocr_line' id='line_1_33' title="bbox 2273 1645 3881 1728; baseline 0.004 -29"><span class='ocrx_word' id='word_1_243' title='bbox 2273 1656 2470 1706; x_wconf 84' lang='grc' dir='ltr'>νοητῶν</span> <span class='ocrx_word' id='word_1_244' title='bbox 2522 1645 2746 1700; x_wconf 81' lang='grc' dir='ltr'>εἰδώλων</span> <span class='ocrx_word' id='word_1_245' title='bbox 2804 1648 3171 1701; x_wconf 61' lang='grc' dir='ltr'>ἀποτύπωσιν</span> <span class='ocrx_word' id='word_1_246' title='bbox 3239 1656 3339 1703; x_wconf 86' lang='grc' dir='ltr'>πᾶν</span> <span class='ocrx_word' id='word_1_247' title='bbox 3397 1653 3500 1724; x_wconf 80' lang='grc' dir='ltr'><strong>γὰρ</strong></span> <span class='ocrx_word' id='word_1_248' title='bbox 3538 1653 3699 1713; x_wconf 83' lang='grc' dir='ltr'>πάθος</span> <span class='ocrx_word' id='word_1_249' title='bbox 3746 1652 3881 1728; x_wconf 78' lang='grc' dir='ltr'>ἔνερ-</span> 
     </span>
    </p>
   </div>
   <div class='ocr_carea' id='block_1_34' title="bbox 512 1734 2159 1813">
    <p class='ocr_par' dir='ltr' id='par_1_34' title="bbox 512 1737 2159 1809">
     <span class='ocr_line' id='line_1_34' title="bbox 512 1737 2159 1809; baseline -0.007 -11"><span class='ocrx_word' id='word_1_250' title='bbox 512 1742 796 1798; x_wconf 86' lang='lat' dir='ltr'><strong>nifestum</strong></span> <span class='ocrx_word' id='word_1_251' title='bbox 841 1744 946 1804; x_wconf 91' lang='lat' dir='ltr'><strong>est,</strong></span> <span class='ocrx_word' id='word_1_252' title='bbox 987 1739 1175 1794; x_wconf 88' lang='lat' dir='ltr'><strong>sancti</strong></span> <span class='ocrx_word' id='word_1_253' title='bbox 1216 1742 1274 1793; x_wconf 90' lang='lat' dir='ltr'><strong>et</strong></span> <span class='ocrx_word' id='word_1_254' title='bbox 1312 1738 1644 1792; x_wconf 88' lang='lat' dir='ltr'><strong>innocentis</strong></span> <span class='ocrx_word' id='word_1_255' title='bbox 1686 1737 1925 1809; x_wconf 85' lang='lat' dir='ltr'><strong>spiritus</strong></span> <span class='ocrx_word' id='word_1_256' title='bbox 1961 1749 2159 1789; x_wconf 86' lang='lat' dir='ltr'><strong>servos</strong></span> 
     </span>
    </p>
   </div>
   <div class='ocr_carea' id='block_1_35' title="bbox 2270 1734 3884 1813">
    <p class='ocr_par' dir='ltr' id='par_1_35' title="bbox 2274 1734 3884 1813">
     <span class='ocr_line' id='line_1_35' title="bbox 2274 1734 3884 1813; baseline 0.003 -25"><span class='ocrx_word' id='word_1_257' title='bbox 2274 1744 2399 1808; x_wconf 90' lang='grc' dir='ltr'>γοῦν</span> <span class='ocrx_word' id='word_1_258' title='bbox 2426 1737 2579 1809; x_wconf 76' lang='grc' dir='ltr'>ψυχῇ</span> <span class='ocrx_word' id='word_1_259' title='bbox 2628 1734 2838 1791; x_wconf 79' lang='grc' dir='ltr'>εἴδωλόν</span> <span class='ocrx_word' id='word_1_260' title='bbox 2879 1738 3051 1791; x_wconf 79' lang='grc' dir='ltr'>ἐστιν’</span> <span class='ocrx_word' id='word_1_261' title='bbox 3084 1740 3195 1792; x_wconf 86' lang='grc' dir='ltr'>ὅθεν</span> <span class='ocrx_word' id='word_1_262' title='bbox 3241 1740 3411 1803; x_wconf 86' lang='grc' dir='ltr'>καλῶς</span> <span class='ocrx_word' id='word_1_263' title='bbox 3440 1744 3672 1813; x_wconf 81' lang='grc' dir='ltr'>εἶρηται’</span> <span class='ocrx_word' id='word_1_264' title='bbox 3803 1762 3884 1804; x_wconf 87' lang='grc' dir='ltr'><strong>τις</strong></span> 
     </span>
    </p>
   </div>
   <div class='ocr_carea' id='block_1_36' title="bbox 511 1823 2162 1897">
    <p class='ocr_par' dir='ltr' id='par_1_36' title="bbox 511 1823 2162 1897">
     <span class='ocr_line' id='line_1_36' title="bbox 511 1823 2162 1897; baseline -0.007 -10"><span class='ocrx_word' id='word_1_265' title='bbox 511 1847 624 1887; x_wconf 89' lang='lat' dir='ltr'><strong>nos</strong></span> <span class='ocrx_word' id='word_1_266' title='bbox 669 1830 859 1886; x_wconf 88' lang='lat' dir='ltr'><strong>factos</strong></span> <span class='ocrx_word' id='word_1_267' title='bbox 891 1844 1009 1885; x_wconf 89' lang='lat' dir='ltr'><strong>non</strong></span> <span class='ocrx_word' id='word_1_268' title='bbox 1049 1844 1202 1884; x_wconf 91' lang='lat' dir='ltr'><strong>esse.</strong></span> <span class='ocrx_word' id='word_1_269' title='bbox 1250 1830 1435 1882; x_wconf 86' lang='lat' dir='ltr'><strong>Nemo</strong></span> <span class='ocrx_word' id='word_1_270' title='bbox 1473 1826 1633 1881; x_wconf 92' lang='lat' dir='ltr'><strong>enim</strong></span> <span class='ocrx_word' id='word_1_271' title='bbox 1685 1831 1877 1897; x_wconf 90' lang='lat' dir='ltr'><strong>potest</strong></span> <span class='ocrx_word' id='word_1_272' title='bbox 1922 1823 2162 1879; x_wconf 89' lang='lat' dir='ltr'><strong>duobus</strong></span> 
     </span>
    </p>
   </div>
   <div class='ocr_carea' id='block_1_37' title="bbox 510 1919 1105 1977">
    <p class='ocr_par' dir='ltr' id='par_1_37' title="bbox 510 1919 1105 1977">
     <span class='ocr_line' id='line_1_37' title="bbox 510 1919 1105 1977; baseline -0.002 0"><span class='ocrx_word' id='word_1_273' title='bbox 510 1920 773 1977; x_wconf 86' lang='lat' dir='ltr'><strong>dominis</strong></span> <span class='ocrx_word' id='word_1_274' title='bbox 825 1919 1040 1973; x_wconf 85' lang='lat' dir='ltr'><strong>servire</strong></span> <span class='ocrx_word' id='word_1_275' title='bbox 1093 1937 1105 1976; x_wconf 92' lang='lat'>:</span> 
     </span>
    </p>
   </div>
   <div class='ocr_carea' id='block_1_38' title="bbox 508 2003 2161 2076">
    <p class='ocr_par' dir='ltr' id='par_1_38' title="bbox 508 2003 2161 2076">
     <span class='ocr_line' id='line_1_38' title="bbox 508 2003 2161 2076; baseline -0.003 -12"><span class='ocrx_word' id='word_1_276' title='bbox 508 2011 629 2064; x_wconf 84' lang='lat' dir='ltr'><strong>vire</strong></span> <span class='ocrx_word' id='word_1_277' title='bbox 683 2016 733 2063; x_wconf 84' lang='lat' dir='ltr'><strong>et</strong></span> <span class='ocrx_word' id='word_1_278' title='bbox 797 2023 1125 2062; x_wconf 87' lang='lat' dir='ltr'><strong>mammonae</strong></span> <span class='ocrx_word' id='word_1_279' title='bbox 1197 2005 1295 2076; x_wconf 87' lang='lat'><strong>(6).</strong></span> <span class='ocrx_word' id='word_1_280' title='bbox 1369 2004 1679 2075; x_wconf 90' lang='lat' dir='ltr'><strong>Templum</strong></span> <span class='ocrx_word' id='word_1_281' title='bbox 1749 2004 1909 2059; x_wconf 88' lang='lat' dir='ltr'><strong>enim</strong></span> <span class='ocrx_word' id='word_1_282' title='bbox 1986 2003 2161 2075; x_wconf 75' lang='lat'><strong>203</strong></span> 
     </span>
    </p>
   </div>
   <div class='ocr_carea' id='block_1_39' title="bbox 510 2093 2165 2163">
    <p class='ocr_par' dir='ltr' id='par_1_39' title="bbox 510 2093 2165 2163">
     <span class='ocr_line' id='line_1_39' title="bbox 510 2093 2165 2163; baseline -0.005 -9"><span class='ocrx_word' id='word_1_283' title='bbox 510 2100 612 2154; x_wconf 93' lang='lat' dir='ltr'><strong>Dei</strong></span> <span class='ocrx_word' id='word_1_284' title='bbox 635 2102 913 2153; x_wconf 89' lang='lat' dir='ltr'><strong>sanctum</strong></span> <span class='ocrx_word' id='word_1_285' title='bbox 947 2102 1055 2159; x_wconf 91' lang='lat' dir='ltr'><strong>est,</strong></span> <span class='ocrx_word' id='word_1_286' title='bbox 1088 2112 1198 2149; x_wconf 84' lang='lat' dir='ltr'><strong>non</strong></span> <span class='ocrx_word' id='word_1_287' title='bbox 1230 2094 1422 2148; x_wconf 83' lang='lat' dir='ltr'><strong>habens</strong></span> <span class='ocrx_word' id='word_1_288' title='bbox 1442 2093 1712 2148; x_wconf 82' lang='lat' dir='ltr'><strong>maculam</strong></span> <span class='ocrx_word' id='word_1_289' title='bbox 1738 2100 1833 2147; x_wconf 87' lang='lat' dir='ltr'><strong>aut</strong></span> <span class='ocrx_word' id='word_1_290' title='bbox 1852 2109 2045 2163; x_wconf 80' lang='lat' dir='ltr'><strong>rugam</strong></span> <span class='ocrx_word' id='word_1_291' title='bbox 2070 2100 2165 2147; x_wconf 82' lang='lat' dir='ltr'><strong>aut</strong></span> 
     </span>
    </p>
   </div>
   <div class='ocr_carea' id='block_1_40' title="bbox 511 2181 2163 2259">
    <p class='ocr_par' dir='ltr' id='par_1_40' title="bbox 511 2181 2163 2259">
     <span class='ocr_line' id='line_1_40' title="bbox 511 2181 2163 2259; baseline -0.004 -16"><span class='ocrx_word' id='word_1_292' title='bbox 511 2187 726 2259; x_wconf 81' lang='lat' dir='ltr'><strong>aliquid</strong></span> <span class='ocrx_word' id='word_1_293' title='bbox 756 2184 1063 2241; x_wconf 77' lang='lat' dir='ltr'><strong>huiusmodi</strong></span> <span class='ocrx_word' id='word_1_294' title='bbox 1087 2184 1189 2254; x_wconf 90' lang='lat'>(7).</span> <span class='ocrx_word' id='word_1_295' title='bbox 1220 2185 1412 2248; x_wconf 88' lang='lat' dir='ltr'><strong>Quare</strong></span> <span class='ocrx_word' id='word_1_296' title='bbox 1444 2182 1691 2253; x_wconf 86' lang='lat' dir='ltr'><strong>Spiritus</strong></span> <span class='ocrx_word' id='word_1_297' title='bbox 1714 2188 1958 2237; x_wconf 88' lang='lat' dir='ltr'><strong>sanctus</strong></span> <span class='ocrx_word' id='word_1_298' title='bbox 1982 2181 2163 2251; x_wconf 83' lang='lat' dir='ltr'><strong>fugiet</strong></span> 
     </span>
    </p>
   </div>
   <div class='ocr_carea' id='block_1_41' title="bbox 509 2271 2158 2342">
    <p class='ocr_par' dir='ltr' id='par_1_41' title="bbox 509 2271 2158 2342">
     <span class='ocr_line' id='line_1_41' title="bbox 509 2271 2158 2342; baseline -0.003 -11"><span class='ocrx_word' id='word_1_299' title='bbox 509 2277 719 2333; x_wconf 90' lang='lat' dir='ltr'><strong>dolum</strong></span> <span class='ocrx_word' id='word_1_300' title='bbox 765 2281 819 2330; x_wconf 94' lang='lat' dir='ltr'><strong>et</strong></span> <span class='ocrx_word' id='word_1_301' title='bbox 867 2274 1099 2330; x_wconf 91' lang='lat' dir='ltr'><strong>recedet</strong></span> <span class='ocrx_word' id='word_1_302' title='bbox 1134 2289 1170 2328; x_wconf 91' lang='lat' dir='ltr'><strong>a</strong></span> <span class='ocrx_word' id='word_1_303' title='bbox 1208 2272 1669 2341; x_wconf 81' lang='lat' dir='ltr'><strong>cogitationibus</strong></span> <span class='ocrx_word' id='word_1_304' title='bbox 1718 2271 2158 2342; x_wconf 79' lang='lat' dir='ltr'><strong>insipientibus,</strong></span> 
     </span>
    </p>
   </div>
   <div class='ocr_carea' id='block_1_42' title="bbox 508 2360 2155 2437">
    <p class='ocr_par' dir='ltr' id='par_1_42' title="bbox 508 2360 2155 2437">
     <span class='ocr_line' id='line_1_42' title="bbox 508 2360 2155 2437; baseline -0.004 -16"><span class='ocrx_word' id='word_1_305' title='bbox 508 2381 704 2437; x_wconf 89' lang='lat' dir='ltr'><strong>neque</strong></span> <span class='ocrx_word' id='word_1_306' title='bbox 724 2365 781 2418; x_wconf 90' lang='lat' dir='ltr'><strong>in</strong></span> <span class='ocrx_word' id='word_1_307' title='bbox 809 2363 1252 2419; x_wconf 86' lang='lat' dir='ltr'><strong>fraudulentam</strong></span> <span class='ocrx_word' id='word_1_308' title='bbox 1277 2362 1544 2415; x_wconf 89' lang='lat' dir='ltr'><strong>animam</strong></span> <span class='ocrx_word' id='word_1_309' title='bbox 1564 2360 1803 2415; x_wconf 89' lang='lat' dir='ltr'><strong>intrabit</strong></span> <span class='ocrx_word' id='word_1_310' title='bbox 1821 2360 2155 2431; x_wconf 90' lang='lat' dir='ltr'><strong>disciplina.</strong></span> 
     </span>
    </p>
   </div>
   <div class='ocr_carea' id='block_1_43' title="bbox 510 2448 2159 2523">
    <p class='ocr_par' dir='ltr' id='par_1_43' title="bbox 510 2448 2159 2523">
     <span class='ocr_line' id='line_1_43' title="bbox 510 2448 2159 2523; baseline -0.003 -13"><span class='ocrx_word' id='word_1_311' title='bbox 510 2454 828 2511; x_wconf 90' lang='lat' dir='ltr'><strong>Credentes</strong></span> <span class='ocrx_word' id='word_1_312' title='bbox 859 2452 1055 2523; x_wconf 85' lang='lat' dir='ltr'><strong>igitur,</strong></span> <span class='ocrx_word' id='word_1_313' title='bbox 1080 2466 1323 2506; x_wconf 90' lang='lat' dir='ltr'><strong>omnem</strong></span> <span class='ocrx_word' id='word_1_314' title='bbox 1348 2455 1609 2505; x_wconf 89' lang='lat' dir='ltr'><strong>nostram</strong></span> <span class='ocrx_word' id='word_1_315' title='bbox 1633 2448 1827 2519; x_wconf 86' lang='lat' dir='ltr'><strong>legem</strong></span> <span class='ocrx_word' id='word_1_316' title='bbox 1850 2450 2035 2519; x_wconf 88' lang='lat' dir='ltr'><strong>digito</strong></span> <span class='ocrx_word' id='word_1_317' title='bbox 2062 2451 2159 2505; x_wconf 91' lang='lat' dir='ltr'><strong>Dei</strong></span> 
     </span>
    </p>
   </div>
   <div class='ocr_carea' id='block_1_44' title="bbox 511 2538 2153 2610">
    <p class='ocr_par' dir='ltr' id='par_1_44' title="bbox 511 2538 2153 2610">
     <span class='ocr_line' id='line_1_44' title="bbox 511 2538 2153 2610; baseline -0.003 -11"><span class='ocrx_word' id='word_1_318' title='bbox 511 2545 572 2599; x_wconf 91' lang='lat' dir='ltr'><strong>in</strong></span> <span class='ocrx_word' id='word_1_319' title='bbox 598 2543 775 2597; x_wconf 85' lang='lat' dir='ltr'><strong>corde</strong></span> <span class='ocrx_word' id='word_1_320' title='bbox 808 2541 1005 2606; x_wconf 90' lang='lat' dir='ltr'><strong>scribi,</strong></span> <span class='ocrx_word' id='word_1_321' title='bbox 1034 2555 1155 2595; x_wconf 86' lang='lat' dir='ltr'><strong>non</strong></span> <span class='ocrx_word' id='word_1_322' title='bbox 1173 2544 1527 2603; x_wconf 89' lang='lat' dir='ltr'><strong>atramento,</strong></span> <span class='ocrx_word' id='word_1_323' title='bbox 1562 2539 1665 2594; x_wconf 91' lang='lat' dir='ltr'><strong>sed</strong></span> <span class='ocrx_word' id='word_1_324' title='bbox 1686 2539 1903 2610; x_wconf 88' lang='lat' dir='ltr'><strong>Spiritu</strong></span> <span class='ocrx_word' id='word_1_325' title='bbox 1926 2538 2153 2605; x_wconf 89' lang='lat' dir='ltr'><strong>divino,</strong></span> 
     </span>
    </p>
   </div>
   <div class='ocr_carea' id='block_1_45' title="bbox 507 2627 2159 2701">
    <p class='ocr_par' dir='ltr' id='par_1_45' title="bbox 507 2627 2159 2701">
     <span class='ocr_line' id='line_1_45' title="bbox 507 2627 2159 2701; baseline -0.002 -15"><span class='ocrx_word' id='word_1_326' title='bbox 507 2632 914 2701; x_wconf 90' lang='lat' dir='ltr'><strong>suscipiamus</strong></span> <span class='ocrx_word' id='word_1_327' title='bbox 929 2629 1233 2684; x_wconf 89' lang='lat' dir='ltr'><strong>veritatem</strong></span> <span class='ocrx_word' id='word_1_328' title='bbox 1248 2627 1599 2697; x_wconf 88' lang='lat' dir='ltr'><strong>legislatoris</strong></span> <span class='ocrx_word' id='word_1_329' title='bbox 1619 2627 1896 2683; x_wconf 86' lang='lat' dir='ltr'><strong>dicentis:</strong></span> <span class='ocrx_word' id='word_1_330' title='bbox 1918 2628 2031 2699; x_wconf 86' lang='lat' dir='ltr'><strong>Ego</strong></span> <span class='ocrx_word' id='word_1_331' title='bbox 2042 2645 2159 2683; x_wconf 84' lang='lat' dir='ltr'><strong>sum</strong></span> 
     </span>
    </p>
   </div>
   <div class='ocr_carea' id='block_1_46' title="bbox 508 2716 2158 2790">
    <p class='ocr_par' dir='ltr' id='par_1_46' title="bbox 508 2716 2158 2790">
     <span class='ocr_line' id='line_1_46' title="bbox 508 2716 2158 2790; baseline -0.002 -14"><span class='ocrx_word' id='word_1_332' title='bbox 508 2720 716 2776; x_wconf 85' lang='lat' dir='ltr'><strong>veritas</strong></span> <span class='ocrx_word' id='word_1_333' title='bbox 742 2722 838 2790; x_wconf 91' lang='lat'>(8),</span> <span class='ocrx_word' id='word_1_334' title='bbox 868 2719 1018 2783; x_wconf 85' lang='lat' dir='ltr'><strong>eius,</strong></span> <span class='ocrx_word' id='word_1_335' title='bbox 1043 2718 1143 2787; x_wconf 87' lang='lat' dir='ltr'><strong>qui</strong></span> <span class='ocrx_word' id='word_1_336' title='bbox 1169 2722 1225 2772; x_wconf 90' lang='lat' dir='ltr'><strong>et</strong></span> <span class='ocrx_word' id='word_1_337' title='bbox 1251 2716 1449 2772; x_wconf 89' lang='lat' dir='ltr'><strong>cordis</strong></span> <span class='ocrx_word' id='word_1_338' title='bbox 1478 2716 1993 2773; x_wconf 91' lang='lat' dir='ltr'><strong>circumcisionem</strong></span> <span class='ocrx_word' id='word_1_339' title='bbox 2020 2734 2158 2789; x_wconf 79' lang='lat' dir='ltr'><strong>ope-</strong></span> 
     </span>
    </p>
   </div>
   <div class='ocr_carea' id='block_1_47' title="bbox 509 2805 2155 2874">
    <p class='ocr_par' dir='ltr' id='par_1_47' title="bbox 509 2805 2155 2874">
     <span class='ocr_line' id='line_1_47' title="bbox 509 2805 2155 2874; baseline -0.002 -10"><span class='ocrx_word' id='word_1_340' title='bbox 509 2815 693 2874; x_wconf 87' lang='lat' dir='ltr'><strong>ratur,</strong></span> <span class='ocrx_word' id='word_1_341' title='bbox 726 2816 781 2863; x_wconf 92' lang='lat' dir='ltr'><strong>et</strong></span> <span class='ocrx_word' id='word_1_342' title='bbox 806 2807 1072 2863; x_wconf 90' lang='lat' dir='ltr'><strong>inscribit</strong></span> <span class='ocrx_word' id='word_1_343' title='bbox 1095 2806 1154 2861; x_wconf 90' lang='lat' dir='ltr'><strong>in</strong></span> <span class='ocrx_word' id='word_1_344' title='bbox 1187 2806 1489 2861; x_wconf 89' lang='lat' dir='ltr'><strong>mentibus</strong></span> <span class='ocrx_word' id='word_1_345' title='bbox 1520 2806 1840 2874; x_wconf 90' lang='lat' dir='ltr'><strong>dignorum</strong></span> <span class='ocrx_word' id='word_1_346' title='bbox 1871 2805 2155 2862; x_wconf 91' lang='lat' dir='ltr'><strong>bonitatis</strong></span> 
     </span>
    </p>
   </div>
   <div class='ocr_carea' id='block_1_48' title="bbox 507 2894 2156 2968">
    <p class='ocr_par' dir='ltr' id='par_1_48' title="bbox 507 2894 2156 2968">
     <span class='ocr_line' id='line_1_48' title="bbox 507 2894 2156 2968; baseline -0.001 -16"><span class='ocrx_word' id='word_1_347' title='bbox 507 2914 652 2953; x_wconf 90' lang='lat' dir='ltr'><strong>suae</strong></span> <span class='ocrx_word' id='word_1_348' title='bbox 676 2897 890 2968; x_wconf 83' lang='lat' dir='ltr'><strong>legem,</strong></span> <span class='ocrx_word' id='word_1_349' title='bbox 914 2897 1065 2950; x_wconf 90' lang='lat' dir='ltr'><strong>sicut</strong></span> <span class='ocrx_word' id='word_1_350' title='bbox 1084 2896 1144 2950; x_wconf 92' lang='lat' dir='ltr'><strong>in</strong></span> <span class='ocrx_word' id='word_1_351' title='bbox 1170 2895 1464 2967; x_wconf 87' lang='lat' dir='ltr'><strong>propheta</strong></span> <span class='ocrx_word' id='word_1_352' title='bbox 1492 2895 1573 2949; x_wconf 90' lang='lat' dir='ltr'><strong>ait</strong></span> <span class='ocrx_word' id='word_1_353' title='bbox 1599 2911 1611 2948; x_wconf 91' lang='lat'>:</span> <span class='ocrx_word' id='word_1_354' title='bbox 1637 2894 1786 2949; x_wconf 90' lang='lat' dir='ltr'><strong>Dabo</strong></span> <span class='ocrx_word' id='word_1_355' title='bbox 1803 2894 1961 2966; x_wconf 85' lang='lat' dir='ltr'><strong>legem</strong></span> <span class='ocrx_word' id='word_1_356' title='bbox 1988 2911 2156 2950; x_wconf 88' lang='lat' dir='ltr'><strong>meam</strong></span> 
     </span>
    </p>
   </div>
   <div class='ocr_carea' id='block_1_49' title="bbox 506 2983 2157 3056">
    <p class='ocr_par' dir='ltr' id='par_1_49' title="bbox 506 2983 2157 3056">
     <span class='ocr_line' id='line_1_49' title="bbox 506 2983 2157 3056; baseline -0.002 -14"><span class='ocrx_word' id='word_1_357' title='bbox 506 2990 569 3042; x_wconf 79' lang='lat' dir='ltr'><strong>in</strong></span> <span class='ocrx_word' id='word_1_358' title='bbox 605 2986 854 3042; x_wconf 82' lang='lat' dir='ltr'><strong>cordibus</strong></span> <span class='ocrx_word' id='word_1_359' title='bbox 895 3002 1098 3056; x_wconf 84' lang='lat' dir='ltr'><strong>eorum,</strong></span> <span class='ocrx_word' id='word_1_360' title='bbox 1145 2992 1214 3050; x_wconf 85' lang='lat' dir='ltr'><strong>et,</strong></span> <span class='ocrx_word' id='word_1_361' title='bbox 1262 2984 1322 3038; x_wconf 88' lang='lat' dir='ltr'><strong>in</strong></span> <span class='ocrx_word' id='word_1_362' title='bbox 1365 2983 1658 3038; x_wconf 81' lang='lat' dir='ltr'><strong>visceribus</strong></span> <span class='ocrx_word' id='word_1_363' title='bbox 1704 3000 1886 3039; x_wconf 88' lang='lat' dir='ltr'><strong>eorum</strong></span> <span class='ocrx_word' id='word_1_364' title='bbox 1923 2984 2157 3039; x_wconf 83' lang='lat' dir='ltr'><strong>scribam</strong></span> 
     </span>
    </p>
   </div>
   <div class='ocr_carea' id='block_1_50' title="bbox 1169 1914 2169 1987">
    <p class='ocr_par' dir='ltr' id='par_1_50' title="bbox 1169 1914 2169 1987">
     <span class='ocr_line' id='line_1_50' title="bbox 1169 1914 2169 1987; baseline -0.006 -15"><span class='ocrx_word' id='word_1_365' title='bbox 1169 1917 1293 1973; x_wconf 80' lang='grc' dir='ltr'><strong>Νοη</strong></span> <span class='ocrx_word' id='word_1_366' title='bbox 1338 1917 1580 1987; x_wconf 75' lang='lat' dir='ltr'><strong>potestis,</strong></span> <span class='ocrx_word' id='word_1_367' title='bbox 1628 1914 1841 1987; x_wconf 87' lang='lat' dir='ltr'><strong>inquit,</strong></span> <span class='ocrx_word' id='word_1_368' title='bbox 1890 1914 2007 1975; x_wconf 32' lang='lat' dir='ltr'><strong>,Deo</strong></span> <span class='ocrx_word' id='word_1_369' title='bbox 2056 1928 2169 1968; x_wconf 69' lang='lat' dir='ltr'><strong>sen-</strong></span> 
     </span>
    </p>
   </div>
   <div class='ocr_carea' id='block_1_51' title="bbox 2278 1824 3883 1898">
    <p class='ocr_par' dir='ltr' id='par_1_51' title="bbox 2278 1824 3883 1898">
     <span class='ocr_line' id='line_1_51' title="bbox 2278 1824 3883 1898; baseline 0.004 -21"><span class='ocrx_word' id='word_1_370' title='bbox 2278 1828 2571 1893; x_wconf 82' lang='grc' dir='ltr'>ἧττηται,</span> <span class='ocrx_word' id='word_1_371' title='bbox 2614 1829 2815 1898; x_wconf 85' lang='grc' dir='ltr'>τούτῳ</span> <span class='ocrx_word' id='word_1_372' title='bbox 2854 1831 2962 1879; x_wconf 85' lang='grc' dir='ltr'><strong>καὶ</strong></span> <span class='ocrx_word' id='word_1_373' title='bbox 3021 1824 3453 1881; x_wconf 78' lang='grc' dir='ltr'>δεδούλωταιο</span> <span class='ocrx_word' id='word_1_374' title='bbox 3494 1830 3537 1882; x_wconf 87' lang='grc' dir='ltr'><strong>εἰ</strong></span> <span class='ocrx_word' id='word_1_375' title='bbox 3563 1827 3622 1883; x_wconf 73' lang='grc' dir='ltr'><strong>δε</strong></span> <span class='ocrx_word' id='word_1_376' title='bbox 3649 1837 3761 1892; x_wconf 90' lang='grc' dir='ltr'>τοῖς</span> <span class='ocrx_word' id='word_1_377' title='bbox 3788 1839 3883 1891; x_wconf 69' lang='grc' dir='ltr'>τες</span> 
     </span>
    </p>
   </div>
   <div class='ocr_carea' id='block_1_52' title="bbox 2280 1911 3884 1991">
    <p class='ocr_par' dir='ltr' id='par_1_52' title="bbox 2280 1911 3884 1991">
     <span class='ocr_line' id='line_1_52' title="bbox 2280 1911 3884 1991; baseline 0.003 -25"><span class='ocrx_word' id='word_1_378' title='bbox 2280 1920 2471 1989; x_wconf 85' lang='grc' dir='ltr'>σαρκός</span> <span class='ocrx_word' id='word_1_379' title='bbox 2509 1917 2701 1967; x_wconf 88' lang='grc' dir='ltr'>πάθεσι</span> <span class='ocrx_word' id='word_1_380' title='bbox 2740 1911 3127 1988; x_wconf 82' lang='grc' dir='ltr'>δεδουλώμεθα,</span> <span class='ocrx_word' id='word_1_381' title='bbox 3165 1914 3407 1975; x_wconf 80' lang='grc' dir='ltr'>δηλονότι</span> <span class='ocrx_word' id='word_1_382' title='bbox 3450 1918 3496 1990; x_wconf 81' lang='grc'>³)</span> <span class='ocrx_word' id='word_1_383' title='bbox 3524 1926 3596 1990; x_wconf 85' lang='grc' dir='ltr'>τῷ</span> <span class='ocrx_word' id='word_1_384' title='bbox 3636 1918 3765 1991; x_wconf 83' lang='grc' dir='ltr'>ἁγίῳ</span> <span class='ocrx_word' id='word_1_385' title='bbox 3794 1924 3884 1971; x_wconf 86' lang='grc' dir='ltr'>καὶ</span> 
     </span>
    </p>
   </div>
   <div class='ocr_carea' id='block_1_53' title="bbox 2277 2000 3884 2081">
    <p class='ocr_par' dir='ltr' id='par_1_53' title="bbox 2277 2000 3884 2081">
     <span class='ocr_line' id='line_1_53' title="bbox 2277 2000 3884 2081; baseline 0.003 -26"><span class='ocrx_word' id='word_1_386' title='bbox 2277 2000 2469 2057; x_wconf 77' lang='grc' dir='ltr'>ἀπαθεῖ</span> <span class='ocrx_word' id='word_1_387' title='bbox 2514 2007 2768 2077; x_wconf 88' lang='grc' dir='ltr'>πνεύματι</span> <span class='ocrx_word' id='word_1_388' title='bbox 2819 2005 2877 2057; x_wconf 87' lang='grc' dir='ltr'><strong>ού</strong></span> <span class='ocrx_word' id='word_1_389' title='bbox 2935 2002 3330 2078; x_wconf 81' lang='grc' dir='ltr'>δεδουλώμεθα·</span> <span class='ocrx_word' id='word_1_390' title='bbox 3395 2006 3455 2059; x_wconf 80' lang='grc' dir='ltr'>οὐ</span> <span class='ocrx_word' id='word_1_391' title='bbox 3501 2010 3602 2081; x_wconf 82' lang='grc' dir='ltr'>γὰρ</span> <span class='ocrx_word' id='word_1_392' title='bbox 3659 2005 3884 2061; x_wconf 87' lang='grc' dir='ltr'>δύναταί</span> 
     </span>
    </p>
   </div>
   <div class='ocr_carea' id='block_1_54' title="bbox 2274 2090 3883 2168">
    <p class='ocr_par' dir='ltr' id='par_1_54' title="bbox 2274 2090 3883 2168">
     <span class='ocr_line' id='line_1_54' title="bbox 2274 2090 3883 2168; baseline 0.004 -24"><span class='ocrx_word' id='word_1_393' title='bbox 2274 2112 2355 2155; x_wconf 88' lang='grc' dir='ltr'><strong>τις</strong></span> <span class='ocrx_word' id='word_1_394' title='bbox 2386 2090 2515 2145; x_wconf 85' lang='grc' dir='ltr'>δυσὶ</span> <span class='ocrx_word' id='word_1_395' title='bbox 2557 2098 2759 2168; x_wconf 88' lang='grc' dir='ltr'>κυρίοις</span> <span class='ocrx_word' id='word_1_396' title='bbox 2786 2090 3076 2147; x_wconf 81' lang='grc' dir='ltr'>δουλεύειν·</span> <span class='ocrx_word' id='word_1_397' title='bbox 3113 2095 3181 2147; x_wconf 88' lang='grc' dir='ltr'><strong>ού</strong></span> <span class='ocrx_word' id='word_1_398' title='bbox 3224 2091 3535 2162; x_wconf 87' lang='grc' dir='ltr'>δύνασθε,</span> <span class='ocrx_word' id='word_1_399' title='bbox 3579 2101 3729 2168; x_wconf 88' lang='grc' dir='ltr'>φησί,</span> <span class='ocrx_word' id='word_1_400' title='bbox 3770 2105 3883 2168; x_wconf 84' lang='grc' dir='ltr'>Θεῷ</span> 
     </span>
    </p>
   </div>
   <div class='ocr_carea' id='block_1_55' title="bbox 2276 2179 3885 2257">
    <p class='ocr_par' dir='ltr' id='par_1_55' title="bbox 2276 2179 3885 2257">
     <span class='ocr_line' id='line_1_55' title="bbox 2276 2179 3885 2257; baseline 0.003 -24"><span class='ocrx_word' id='word_1_401' title='bbox 2276 2179 2603 2235; x_wconf 88' lang='grc' dir='ltr'>δονλεύειν</span> <span class='ocrx_word' id='word_1_402' title='bbox 2643 2187 2750 2234; x_wconf 84' lang='grc' dir='ltr'>καὶ</span> <span class='ocrx_word' id='word_1_403' title='bbox 2788 2189 3123 2255; x_wconf 87' lang='grc' dir='ltr'>μαμμωνᾷ.</span> <span class='ocrx_word' id='word_1_404' title='bbox 3148 2185 3173 2235; x_wconf 91' lang='lat'><strong>6</strong></span> <span class='ocrx_word' id='word_1_405' title='bbox 3199 2186 3298 2257; x_wconf 81' lang='grc' dir='ltr'><strong>γὰρ</strong></span> <span class='ocrx_word' id='word_1_406' title='bbox 3321 2188 3439 2245; x_wconf 88' lang='grc' dir='ltr'>ναὸς</span> <span class='ocrx_word' id='word_1_407' title='bbox 3459 2188 3551 2237; x_wconf 86' lang='grc' dir='ltr'>τόῦ</span> <span class='ocrx_word' id='word_1_408' title='bbox 3577 2192 3710 2238; x_wconf 89' lang='grc' dir='ltr'>Θεοῦ</span> <span class='ocrx_word' id='word_1_409' title='bbox 3736 2185 3885 2257; x_wconf 79' lang='grc' dir='ltr'>ἅγιός</span> 
     </span>
    </p>
   </div>
   <div class='ocr_carea' id='block_1_56' title="bbox 2273 2270 3885 2346">
    <p class='ocr_par' dir='ltr' id='par_1_56' title="bbox 2273 2270 3885 2346">
     <span class='ocr_line' id='line_1_56' title="bbox 2273 2270 3885 2346; baseline 0.001 -23"><span class='ocrx_word' id='word_1_410' title='bbox 2273 2270 2509 2342; x_wconf 80' lang='grc' dir='ltr'>ἔστι,μὴ</span> <span class='ocrx_word' id='word_1_411' title='bbox 2552 2274 2715 2343; x_wconf 79' lang='grc' dir='ltr'>ἔχων</span> <span class='ocrx_word' id='word_1_412' title='bbox 2759 2270 3330 2346; x_wconf 86' lang='grc' dir='ltr'>σπῖλονῆρυτίδα,</span> <span class='ocrx_word' id='word_1_413' title='bbox 3372 2275 3401 2332; x_wconf 74' lang='grc' dir='ltr'><em>ἢ</em></span> <span class='ocrx_word' id='word_1_414' title='bbox 3434 2293 3486 2325; x_wconf 93' lang='grc' dir='ltr'><strong>τι</strong></span> <span class='ocrx_word' id='word_1_415' title='bbox 3524 2282 3644 2326; x_wconf 88' lang='grc' dir='ltr'>τῶν</span> <span class='ocrx_word' id='word_1_416' title='bbox 3683 2278 3885 2327; x_wconf 85' lang='grc' dir='ltr'>τοιού·</span> 
     </span>
    </p>
   </div>
   <div class='ocr_carea' id='block_1_57' title="bbox 2271 2358 3883 2434">
    <p class='ocr_par' dir='ltr' id='par_1_57' title="bbox 2271 2358 3883 2434">
     <span class='ocr_line' id='line_1_57' title="bbox 2271 2358 3883 2434; baseline 0.003 -21"><span class='ocrx_word' id='word_1_417' title='bbox 2271 2381 2408 2415; x_wconf 90' lang='grc' dir='ltr'>των.</span> <span class='ocrx_word' id='word_1_418' title='bbox 2453 2358 2593 2414; x_wconf 82' lang='grc' dir='ltr'>διότι</span> <span class='ocrx_word' id='word_1_419' title='bbox 2627 2362 2774 2431; x_wconf 79' lang='grc' dir='ltr'>ἅγιον</span> <span class='ocrx_word' id='word_1_420' title='bbox 2814 2368 3012 2434; x_wconf 87' lang='grc' dir='ltr'>πνεῦμα</span> <span class='ocrx_word' id='word_1_421' title='bbox 3051 2363 3288 2434; x_wconf 83' lang='grc' dir='ltr'>φεύξεται</span> <span class='ocrx_word' id='word_1_422' title='bbox 3319 2360 3491 2430; x_wconf 90' lang='grc' dir='ltr'>δὸλον,</span> <span class='ocrx_word' id='word_1_423' title='bbox 3541 2369 3631 2417; x_wconf 86' lang='grc' dir='ltr'>καὶ</span> <span class='ocrx_word' id='word_1_424' title='bbox 3680 2363 3883 2418; x_wconf 82' lang='grc' dir='ltr'>ἀπανα-</span> 
     </span>
    </p>
   </div>
   <div class='ocr_carea' id='block_1_58' title="bbox 2273 2450 3881 2526">
    <p class='ocr_par' dir='ltr' id='par_1_58' title="bbox 2273 2450 3881 2526">
     <span class='ocr_line' id='line_1_58' title="bbox 2273 2450 3881 2526; baseline 0.003 -25"><span class='ocrx_word' id='word_1_425' title='bbox 2273 2455 2526 2509; x_wconf 80' lang='grc' dir='ltr'>στήσεται</span> <span class='ocrx_word' id='word_1_426' title='bbox 2567 2452 2666 2503; x_wconf 85' lang='grc' dir='ltr'><strong>ἀπὸ</strong></span> <span class='ocrx_word' id='word_1_427' title='bbox 2706 2450 2970 2523; x_wconf 85' lang='grc' dir='ltr'>λογισμῶν</span> <span class='ocrx_word' id='word_1_428' title='bbox 3002 2450 3281 2518; x_wconf 79' lang='grc' dir='ltr'>ἀσυνέτων,</span> <span class='ocrx_word' id='word_1_429' title='bbox 3324 2458 3414 2505; x_wconf 87' lang='grc' dir='ltr'>καὶ</span> <span class='ocrx_word' id='word_1_430' title='bbox 3456 2454 3529 2515; x_wconf 89' lang='grc' dir='ltr'><strong>εἰς</strong></span> <span class='ocrx_word' id='word_1_431' title='bbox 3559 2458 3881 2526; x_wconf 87' lang='grc' dir='ltr'>κακότεχνον</span> 
     </span>
    </p>
   </div>
   <div class='ocr_carea' id='block_1_59' title="bbox 2268 2538 3878 2611">
    <p class='ocr_par' dir='ltr' id='par_1_59' title="bbox 2268 2538 3878 2611">
     <span class='ocr_line' id='line_1_59' title="bbox 2268 2538 3878 2611; baseline 0.003 -21"><span class='ocrx_word' id='word_1_432' title='bbox 2268 2538 2456 2611; x_wconf 75' lang='grc' dir='ltr'>ψυχὴν</span> <span class='ocrx_word' id='word_1_433' title='bbox 2508 2539 2603 2592; x_wconf 88' lang='grc' dir='ltr'><strong>ούκ</strong></span> <span class='ocrx_word' id='word_1_434' title='bbox 2655 2539 2999 2593; x_wconf 85' lang='grc' dir='ltr'>εἰσελεύσεται</span> <span class='ocrx_word' id='word_1_435' title='bbox 3048 2538 3284 2596; x_wconf 89' lang='grc' dir='ltr'>παιδεία.</span> <span class='ocrx_word' id='word_1_436' title='bbox 3341 2545 3710 2604; x_wconf 86' lang='grc' dir='ltr'>πιστεύσαντες</span> <span class='ocrx_word' id='word_1_437' title='bbox 3761 2541 3878 2596; x_wconf 84' lang='grc' dir='ltr'><strong>οὗν-</strong></span> 
     </span>
    </p>
   </div>
   <div class='ocr_carea' id='block_1_60' title="bbox 2269 2626 3880 2706">
    <p class='ocr_par' dir='ltr' id='par_1_60' title="bbox 2269 2626 3880 2706">
     <span class='ocr_line' id='line_1_60' title="bbox 2269 2626 3880 2706; baseline 0.004 -27"><span class='ocrx_word' id='word_1_438' title='bbox 2269 2630 2347 2680; x_wconf 89' lang='grc' dir='ltr'>ὅτι</span> <span class='ocrx_word' id='word_1_439' title='bbox 2386 2635 2487 2691; x_wconf 85' lang='grc' dir='ltr'>πᾶς</span> <span class='ocrx_word' id='word_1_440' title='bbox 2531 2630 2556 2680; x_wconf 92' lang='grc' dir='ltr'><strong>ό</strong></span> <span class='ocrx_word' id='word_1_441' title='bbox 2595 2630 2740 2699; x_wconf 78' lang='grc' dir='ltr'>ἡμῶν</span> <span class='ocrx_word' id='word_1_442' title='bbox 2774 2633 2928 2701; x_wconf 91' lang='grc' dir='ltr'>νόμος</span> <span class='ocrx_word' id='word_1_443' title='bbox 2966 2626 3209 2701; x_wconf 87' lang='grc' dir='ltr'>δακτύλῳ</span> <span class='ocrx_word' id='word_1_444' title='bbox 3246 2638 3379 2683; x_wconf 87' lang='grc' dir='ltr'>Θεοῦ</span> <span class='ocrx_word' id='word_1_445' title='bbox 3414 2630 3461 2683; x_wconf 83' lang='grc' dir='ltr'>ἓν</span> <span class='ocrx_word' id='word_1_446' title='bbox 3504 2630 3704 2705; x_wconf 81' lang='grc' dir='ltr'>καρδίᾳ</span> <span class='ocrx_word' id='word_1_447' title='bbox 3742 2636 3880 2706; x_wconf 88' lang='grc' dir='ltr'>γρά-</span> 
     </span>
    </p>
   </div>
   <div class='ocr_carea' id='block_1_61' title="bbox 2269 2716 3877 2793">
    <p class='ocr_par' dir='ltr' id='par_1_61' title="bbox 2269 2716 3877 2793">
     <span class='ocr_line' id='line_1_61' title="bbox 2269 2716 3877 2793; baseline 0.004 -24"><span class='ocrx_word' id='word_1_448' title='bbox 2269 2737 2433 2789; x_wconf 87' lang='grc' dir='ltr'>φεται,</span> <span class='ocrx_word' id='word_1_449' title='bbox 2485 2720 2543 2770; x_wconf 87' lang='grc' dir='ltr'>ού</span> <span class='ocrx_word' id='word_1_450' title='bbox 2583 2718 2781 2790; x_wconf 84' lang='grc' dir='ltr'>μέλανι,</span> <span class='ocrx_word' id='word_1_451' title='bbox 2821 2716 2951 2771; x_wconf 82' lang='grc' dir='ltr'><strong>ἀλλὰ</strong></span> <span class='ocrx_word' id='word_1_452' title='bbox 2988 2722 3244 2791; x_wconf 84' lang='grc' dir='ltr'>πνεύματι</span> <span class='ocrx_word' id='word_1_453' title='bbox 3290 2722 3429 2792; x_wconf 84' lang='grc' dir='ltr'>θείῳ,</span> <span class='ocrx_word' id='word_1_454' title='bbox 3472 2718 3743 2793; x_wconf 83' lang='grc' dir='ltr'>δεξώμεθα</span> <span class='ocrx_word' id='word_1_455' title='bbox 3785 2727 3877 2781; x_wconf 79' lang='grc' dir='ltr'>τὴν</span> 
     </span>
    </p>
   </div>
   <div class='ocr_carea' id='block_1_62' title="bbox 2268 2808 3877 2883">
    <p class='ocr_par' dir='ltr' id='par_1_62' title="bbox 2268 2808 3877 2883">
     <span class='ocr_line' id='line_1_62' title="bbox 2268 2808 3877 2883; baseline 0.004 -24"><span class='ocrx_word' id='word_1_456' title='bbox 2268 2808 2362 2865; x_wconf 84' lang='grc' dir='ltr'>οιλὴ</span> <span class='ocrx_word' id='word_1_457' title='bbox 2374 2810 2510 2860; x_wconf 86' lang='grc' dir='ltr'>θειαν</span> <span class='ocrx_word' id='word_1_458' title='bbox 2527 2815 2616 2861; x_wconf 84' lang='grc' dir='ltr'><strong>τοῦ</strong></span> <span class='ocrx_word' id='word_1_459' title='bbox 2636 2810 2910 2879; x_wconf 81' lang='grc' dir='ltr'>νομοθέτου</span> <span class='ocrx_word' id='word_1_460' title='bbox 2930 2808 3160 2871; x_wconf 88' lang='grc' dir='ltr'>εἰπόντος</span> <span class='ocrx_word' id='word_1_461' title='bbox 3177 2826 3188 2838; x_wconf 91' lang='grc'><strong>·</strong></span> <span class='ocrx_word' id='word_1_462' title='bbox 3215 2812 3279 2880; x_wconf 78' lang='grc' dir='ltr'>ἑγ</span> <span class='ocrx_word' id='word_1_463' title='bbox 3294 2816 3332 2861; x_wconf 90' lang='grc' dir='ltr'><strong>ώ</strong></span> <span class='ocrx_word' id='word_1_464' title='bbox 3373 2828 3393 2862; x_wconf 86' lang='grc' dir='ltr'><strong>ε</strong></span> <span class='ocrx_word' id='word_1_465' title='bbox 3409 2810 3475 2883; x_wconf 87' lang='grc' dir='ltr'><strong>ἰμ</strong></span> <span class='ocrx_word' id='word_1_466' title='bbox 3492 2831 3508 2862; x_wconf 93' lang='grc' dir='ltr'><strong>ι</strong></span> <span class='ocrx_word' id='word_1_467' title='bbox 3539 2813 3569 2869; x_wconf 83' lang='grc' dir='ltr'><strong>ἠ</strong></span> <span class='ocrx_word' id='word_1_468' title='bbox 3606 2810 3721 2871; x_wconf 74' lang='grc' dir='ltr'><strong>ὄιλή</strong></span> <span class='ocrx_word' id='word_1_469' title='bbox 3740 2814 3765 2865; x_wconf 93' lang='grc' dir='ltr'><strong>θ</strong></span> <span class='ocrx_word' id='word_1_470' title='bbox 3780 2831 3829 2864; x_wconf 89' lang='grc' dir='ltr'><strong>ει</strong></span> <span class='ocrx_word' id='word_1_471' title='bbox 3844 2833 3877 2865; x_wconf 91' lang='grc' dir='ltr'><strong>α</strong></span> 
     </span>
    </p>
   </div>
   <div class='ocr_carea' id='block_1_63' title="bbox 2266 2893 3868 2972">
    <p class='ocr_par' dir='ltr' id='par_1_63' title="bbox 2266 2893 3868 2972">
     <span class='ocr_line' id='line_1_63' title="bbox 2266 2893 3868 2972; baseline 0.002 -24"><span class='ocrx_word' id='word_1_472' title='bbox 2266 2904 2357 2948; x_wconf 91' lang='grc' dir='ltr'><strong>τοῦ</strong></span> <span class='ocrx_word' id='word_1_473' title='bbox 2404 2917 2495 2948; x_wconf 90' lang='grc' dir='ltr'><strong>και</strong></span> <span class='ocrx_word' id='word_1_474' title='bbox 2535 2901 2630 2955; x_wconf 85' lang='grc' dir='ltr'>τὴν</span> <span class='ocrx_word' id='word_1_475' title='bbox 2676 2904 2765 2957; x_wconf 86' lang='grc' dir='ltr'>τῆς</span> <span class='ocrx_word' id='word_1_476' title='bbox 2795 2893 3017 2970; x_wconf 86' lang='grc' dir='ltr'>καρδίας</span> <span class='ocrx_word' id='word_1_477' title='bbox 3064 2902 3349 2970; x_wconf 74' lang='grc' dir='ltr'>περιτομὴν</span> <span class='ocrx_word' id='word_1_478' title='bbox 3401 2905 3726 2972; x_wconf 85' lang='grc' dir='ltr'>ποιουμένου,</span> <span class='ocrx_word' id='word_1_479' title='bbox 3779 2905 3868 2952; x_wconf 85' lang='grc' dir='ltr'>καὶ</span> 
     </span>
    </p>
   </div>
   <div class='ocr_carea' id='block_1_64' title="bbox 2267 2984 3873 3059">
    <p class='ocr_par' dir='ltr' id='par_1_64' title="bbox 2267 2984 3873 3059">
     <span class='ocr_line' id='line_1_64' title="bbox 2267 2984 3873 3059; baseline 0.002 -22"><span class='ocrx_word' id='word_1_480' title='bbox 2267 2985 2639 3059; x_wconf 77' lang='grc' dir='ltr'>ἑπιγράφοντος</span> <span class='ocrx_word' id='word_1_481' title='bbox 2687 2984 2771 3038; x_wconf 78' lang='grc' dir='ltr'><strong>ἐπὶ</strong></span> <span class='ocrx_word' id='word_1_482' title='bbox 2824 2988 2916 3047; x_wconf 82' lang='grc' dir='ltr'>τὰς</span> <span class='ocrx_word' id='word_1_483' title='bbox 2975 2984 3214 3049; x_wconf 86' lang='grc' dir='ltr'>διανοίας</span> <span class='ocrx_word' id='word_1_484' title='bbox 3268 2996 3368 3039; x_wconf 86' lang='grc' dir='ltr'>τῶν</span> <span class='ocrx_word' id='word_1_485' title='bbox 3423 2987 3579 3052; x_wconf 80' lang='grc' dir='ltr'>ἀξίων</span> <span class='ocrx_word' id='word_1_486' title='bbox 3635 2993 3722 3042; x_wconf 87' lang='grc' dir='ltr'>τὸν</span> <span class='ocrx_word' id='word_1_487' title='bbox 3777 2998 3873 3050; x_wconf 82' lang='grc' dir='ltr'>τῆς</span> 
     </span>
    </p>
   </div>
   <div class='ocr_carea' id='block_1_65' title="bbox 507 3073 2159 3163">
    <p class='ocr_par' dir='ltr' id='par_1_65' title="bbox 507 3073 2156 3149">
     <span class='ocr_line' id='line_1_65' title="bbox 507 3073 2156 3149; baseline -0.004 -17"><span class='ocrx_word' id='word_1_488' title='bbox 507 3094 619 3132; x_wconf 86' lang='lat' dir='ltr'><strong>eam</strong></span> <span class='ocrx_word' id='word_1_489' title='bbox 660 3076 757 3149; x_wconf 91' lang='lat'>(9).</span> <span class='ocrx_word' id='word_1_490' title='bbox 798 3076 957 3130; x_wconf 92' lang='lat' dir='ltr'><strong>Illico</strong></span> <span class='ocrx_word' id='word_1_491' title='bbox 997 3076 1217 3146; x_wconf 90' lang='lat' dir='ltr'><strong>itaque,</strong></span> <span class='ocrx_word' id='word_1_492' title='bbox 1264 3073 1727 3145; x_wconf 89' lang='lat' dir='ltr'><strong>quibuscunque</strong></span> <span class='ocrx_word' id='word_1_493' title='bbox 1762 3089 1939 3128; x_wconf 88' lang='lat' dir='ltr'><strong>curae</strong></span> <span class='ocrx_word' id='word_1_494' title='bbox 1970 3078 2055 3129; x_wconf 89' lang='lat' dir='ltr'><strong>est</strong></span> <span class='ocrx_word' id='word_1_495' title='bbox 2098 3074 2156 3127; x_wconf 90' lang='lat' dir='ltr'><strong>in</strong></span> 
     </span>
    </p>
   </div>
   <div class='ocr_carea' id='block_1_66' title="bbox 2270 3073 3881 3163">
    <p class='ocr_par' dir='ltr' id='par_1_66' title="bbox 2270 3075 3881 3151">
     <span class='ocr_line' id='line_1_66' title="bbox 2270 3075 3881 3151; baseline 0.003 -25"><span class='ocrx_word' id='word_1_496' title='bbox 2270 3080 2637 3149; x_wconf 81' lang='grc' dir='ltr'>χρηστότητος</span> <span class='ocrx_word' id='word_1_497' title='bbox 2677 3075 2836 3127; x_wconf 77' lang='grc' dir='ltr'>αὐτοῦ</span> <span class='ocrx_word' id='word_1_498' title='bbox 2883 3080 3054 3148; x_wconf 71' lang='grc' dir='ltr'>νόμονσ</span> <span class='ocrx_word' id='word_1_499' title='bbox 3104 3078 3169 3137; x_wconf 84' lang='grc' dir='ltr'>ὥς</span> <span class='ocrx_word' id='word_1_500' title='bbox 3208 3095 3363 3148; x_wconf 87' lang='grc' dir='ltr'>φησιν</span> <span class='ocrx_word' id='word_1_501' title='bbox 3408 3076 3456 3129; x_wconf 80' lang='grc' dir='ltr'>ἓν</span> <span class='ocrx_word' id='word_1_502' title='bbox 3486 3086 3558 3149; x_wconf 84' lang='grc' dir='ltr'>τῷ</span> <span class='ocrx_word' id='word_1_503' title='bbox 3608 3083 3881 3151; x_wconf 72' lang='grc' dir='ltr'>προφήτῃ-</span> 
     </span>
    </p>
   </div>
   <div class='ocr_carea' id='block_1_67' title="bbox 504 3162 2157 3238">
    <p class='ocr_par' dir='ltr' id='par_1_67' title="bbox 504 3162 2157 3238">
     <span class='ocr_line' id='line_1_67' title="bbox 504 3162 2157 3238; baseline -0.002 -17"><span class='ocrx_word' id='word_1_504' title='bbox 504 3183 669 3238; x_wconf 83' lang='lat' dir='ltr'><strong>genus</strong></span> <span class='ocrx_word' id='word_1_505' title='bbox 706 3166 945 3230; x_wconf 83' lang='lat' dir='ltr'><strong>electum,</strong></span> <span class='ocrx_word' id='word_1_506' title='bbox 980 3164 1039 3219; x_wconf 89' lang='lat' dir='ltr'><strong>in</strong></span> <span class='ocrx_word' id='word_1_507' title='bbox 1075 3163 1250 3236; x_wconf 87' lang='lat' dir='ltr'><strong>regale</strong></span> <span class='ocrx_word' id='word_1_508' title='bbox 1283 3162 1659 3227; x_wconf 83' lang='lat' dir='ltr'><strong>sacerdotium,</strong></span> <span class='ocrx_word' id='word_1_509' title='bbox 1708 3162 1765 3217; x_wconf 90' lang='lat' dir='ltr'><strong>in</strong></span> <span class='ocrx_word' id='word_1_510' title='bbox 1795 3170 1999 3234; x_wconf 83' lang='lat' dir='ltr'><strong>gentem</strong></span> <span class='ocrx_word' id='word_1_511' title='bbox 2035 3180 2157 3217; x_wconf 86' lang='lat' dir='ltr'><strong>san-</strong></span> 
     </span>
    </p>
   </div>
   <div class='ocr_carea' id='block_1_68' title="bbox 502 3251 2156 3327">
    <p class='ocr_par' dir='ltr' id='par_1_68' title="bbox 502 3251 2156 3327">
     <span class='ocr_line' id='line_1_68' title="bbox 502 3251 2156 3327; baseline -0.002 -17"><span class='ocrx_word' id='word_1_512' title='bbox 502 3263 661 3321; x_wconf 82' lang='lat' dir='ltr'><strong>ctam,</strong></span> <span class='ocrx_word' id='word_1_513' title='bbox 691 3257 751 3311; x_wconf 91' lang='lat' dir='ltr'><strong>in</strong></span> <span class='ocrx_word' id='word_1_514' title='bbox 788 3255 1044 3327; x_wconf 84' lang='lat' dir='ltr'><strong>populum</strong></span> <span class='ocrx_word' id='word_1_515' title='bbox 1064 3252 1435 3323; x_wconf 82' lang='lat' dir='ltr'><strong>acceptabilem</strong></span> <span class='ocrx_word' id='word_1_516' title='bbox 1476 3252 1587 3323; x_wconf 86' lang='grc'>(10)</span> <span class='ocrx_word' id='word_1_517' title='bbox 1621 3252 1949 3323; x_wconf 88' lang='lat' dir='ltr'><strong>pervenire,</strong></span> <span class='ocrx_word' id='word_1_518' title='bbox 1983 3251 2156 3308; x_wconf 90' lang='lat' dir='ltr'><strong>facile</strong></span> 
     </span>
    </p>
   </div>
   <div class='ocr_carea' id='block_1_69' title="bbox 502 3341 2152 3416">
    <p class='ocr_par' dir='ltr' id='par_1_69' title="bbox 502 3341 2152 3416">
     <span class='ocr_line' id='line_1_69' title="bbox 502 3341 2152 3416; baseline -0.002 -14"><span class='ocrx_word' id='word_1_519' title='bbox 502 3346 797 3416; x_wconf 89' lang='lat' dir='ltr'><strong>recipiunt</strong></span> <span class='ocrx_word' id='word_1_520' title='bbox 837 3345 896 3399; x_wconf 92' lang='lat' dir='ltr'><strong>in</strong></span> <span class='ocrx_word' id='word_1_521' title='bbox 939 3359 1000 3398; x_wconf 91' lang='lat' dir='ltr'><strong>se</strong></span> <span class='ocrx_word' id='word_1_522' title='bbox 1044 3342 1396 3398; x_wconf 83' lang='lat' dir='ltr'><strong>viviﬁcantis</strong></span> <span class='ocrx_word' id='word_1_523' title='bbox 1430 3341 1679 3413; x_wconf 89' lang='lat' dir='ltr'><strong>Spiritus</strong></span> <span class='ocrx_word' id='word_1_524' title='bbox 1723 3342 2152 3413; x_wconf 84' lang='lat' dir='ltr'><strong>operationem.</strong></span> 
     </span>
    </p>
   </div>
   <div class='ocr_carea' id='block_1_70' title="bbox 505 3430 2157 3505">
    <p class='ocr_par' dir='ltr' id='par_1_70' title="bbox 505 3430 2157 3505">
     <span class='ocr_line' id='line_1_70' title="bbox 505 3430 2157 3505; baseline -0.001 -18"><span class='ocrx_word' id='word_1_525' title='bbox 505 3436 879 3505; x_wconf 87' lang='lat' dir='ltr'><strong>Quapropter</strong></span> <span class='ocrx_word' id='word_1_526' title='bbox 902 3432 1309 3487; x_wconf 82' lang='lat' dir='ltr'><strong>admonemini</strong></span> <span class='ocrx_word' id='word_1_527' title='bbox 1335 3430 1413 3485; x_wconf 88' lang='lat' dir='ltr'><strong>ad</strong></span> <span class='ocrx_word' id='word_1_528' title='bbox 1439 3430 1757 3494; x_wconf 91' lang='lat' dir='ltr'><strong>orandum,</strong></span> <span class='ocrx_word' id='word_1_529' title='bbox 1781 3435 1847 3486; x_wconf 87' lang='lat' dir='ltr'><strong>ut</strong></span> <span class='ocrx_word' id='word_1_530' title='bbox 1872 3430 2039 3500; x_wconf 89' lang='lat' dir='ltr'><strong>digni</strong></span> <span class='ocrx_word' id='word_1_531' title='bbox 2056 3431 2157 3486; x_wconf 88' lang='lat' dir='ltr'><strong>ha-</strong></span> 
     </span>
    </p>
   </div>
   <div class='ocr_carea' id='block_1_71' title="bbox 503 3518 2155 3594">
    <p class='ocr_par' dir='ltr' id='par_1_71' title="bbox 503 3518 2155 3594">
     <span class='ocr_line' id='line_1_71' title="bbox 503 3518 2155 3594; baseline -0.002 -16"><span class='ocrx_word' id='word_1_532' title='bbox 503 3523 779 3588; x_wconf 90' lang='lat' dir='ltr'><strong>beamur,</strong></span> <span class='ocrx_word' id='word_1_533' title='bbox 816 3522 919 3594; x_wconf 91' lang='lat' dir='ltr'><strong>qui</strong></span> <span class='ocrx_word' id='word_1_534' title='bbox 965 3521 1241 3592; x_wconf 86' lang='lat' dir='ltr'><strong>quamvis</strong></span> <span class='ocrx_word' id='word_1_535' title='bbox 1281 3519 1532 3574; x_wconf 89' lang='lat' dir='ltr'><strong>breviter</strong></span> <span class='ocrx_word' id='word_1_536' title='bbox 1570 3518 1976 3589; x_wconf 86' lang='lat' dir='ltr'><strong>intelligamus</strong></span> <span class='ocrx_word' id='word_1_537' title='bbox 2016 3520 2155 3574; x_wconf 87' lang='lat' dir='ltr'><strong>sim-</strong></span> 
     </span>
    </p>
   </div>
   <div class='ocr_carea' id='block_1_72' title="bbox 503 3608 2156 3684">
    <p class='ocr_par' dir='ltr' id='par_1_72' title="bbox 503 3608 2156 3684">
     <span class='ocr_line' id='line_1_72' title="bbox 503 3608 2156 3684; baseline -0.001 -19"><span class='ocrx_word' id='word_1_538' title='bbox 503 3610 722 3684; x_wconf 81' lang='lat' dir='ltr'><strong>plicem</strong></span> <span class='ocrx_word' id='word_1_539' title='bbox 742 3609 1213 3665; x_wconf 87' lang='lat' dir='ltr'><strong>conversationis</strong></span> <span class='ocrx_word' id='word_1_540' title='bbox 1232 3609 1288 3661; x_wconf 88' lang='lat' dir='ltr'><strong>in</strong></span> <span class='ocrx_word' id='word_1_541' title='bbox 1309 3608 1538 3664; x_wconf 86' lang='lat' dir='ltr'><strong>Christo</strong></span> <span class='ocrx_word' id='word_1_542' title='bbox 1553 3608 1987 3663; x_wconf 88' lang='lat' dir='ltr'><strong>rectitudinem.</strong></span> <span class='ocrx_word' id='word_1_543' title='bbox 2005 3608 2156 3664; x_wconf 88' lang='lat' dir='ltr'><strong>Talis</strong></span> 
     </span>
    </p>
   </div>
   <div class='ocr_carea' id='block_1_73' title="bbox 505 3695 2157 3769">
    <p class='ocr_par' dir='ltr' id='par_1_73' title="bbox 505 3695 2157 3769">
     <span class='ocr_line' id='line_1_73' title="bbox 505 3695 2157 3769; baseline -0.001 -15"><span class='ocrx_word' id='word_1_544' title='bbox 505 3700 667 3755; x_wconf 89' lang='lat' dir='ltr'><strong>enim</strong></span> <span class='ocrx_word' id='word_1_545' title='bbox 686 3700 910 3765; x_wconf 89' lang='lat' dir='ltr'><strong>anima,</strong></span> <span class='ocrx_word' id='word_1_546' title='bbox 927 3712 1079 3769; x_wconf 83' lang='lat' dir='ltr'><strong>quae</strong></span> <span class='ocrx_word' id='word_1_547' title='bbox 1097 3696 1580 3768; x_wconf 86' lang='lat' dir='ltr'><strong>deposuitvultus</strong></span> <span class='ocrx_word' id='word_1_548' title='bbox 1594 3695 2028 3761; x_wconf 87' lang='lat' dir='ltr'><strong>confusionem,</strong></span> <span class='ocrx_word' id='word_1_549' title='bbox 2051 3713 2157 3753; x_wconf 89' lang='lat' dir='ltr'><strong>nec</strong></span> 
     </span>
    </p>
   </div>
   <div class='ocr_carea' id='block_1_74' title="bbox 506 3785 2156 3859">
    <p class='ocr_par' dir='ltr' id='par_1_74' title="bbox 506 3785 2156 3859">
     <span class='ocr_line' id='line_1_74' title="bbox 506 3785 2156 3859; baseline -0.001 -15"><span class='ocrx_word' id='word_1_550' title='bbox 506 3790 626 3846; x_wconf 90' lang='lat' dir='ltr'><strong>iam</strong></span> <span class='ocrx_word' id='word_1_551' title='bbox 654 3793 936 3859; x_wconf 89' lang='lat' dir='ltr'><strong>regnatur</strong></span> <span class='ocrx_word' id='word_1_552' title='bbox 954 3786 1319 3858; x_wconf 89' lang='lat' dir='ltr'><strong>turpitudine</strong></span> <span class='ocrx_word' id='word_1_553' title='bbox 1333 3785 1788 3855; x_wconf 89' lang='lat' dir='ltr'><strong>cogitationum,</strong></span> <span class='ocrx_word' id='word_1_554' title='bbox 1807 3802 1915 3841; x_wconf 91' lang='lat' dir='ltr'><strong>nec</strong></span> <span class='ocrx_word' id='word_1_555' title='bbox 1931 3787 2004 3841; x_wconf 89' lang='lat' dir='ltr'><strong>ad</strong></span> <span class='ocrx_word' id='word_1_556' title='bbox 2015 3786 2156 3842; x_wconf 90' lang='lat' dir='ltr'><strong>ulte-</strong></span> 
     </span>
    </p>
   </div>
   <div class='ocr_carea' id='block_1_75' title="bbox 503 3874 2157 3946">
    <p class='ocr_par' dir='ltr' id='par_1_75' title="bbox 503 3874 2157 3946">
     <span class='ocr_line' id='line_1_75' title="bbox 503 3874 2157 3946; baseline -0.002 -12"><span class='ocrx_word' id='word_1_557' title='bbox 503 3883 667 3935; x_wconf 90' lang='lat' dir='ltr'><strong>ratur</strong></span> <span class='ocrx_word' id='word_1_558' title='bbox 680 3894 715 3933; x_wconf 92' lang='lat' dir='ltr'><strong>a</strong></span> <span class='ocrx_word' id='word_1_559' title='bbox 732 3877 1018 3945; x_wconf 88' lang='lat' dir='ltr'><strong>maligno,</strong></span> <span class='ocrx_word' id='word_1_560' title='bbox 1044 3892 1181 3931; x_wconf 93' lang='lat' dir='ltr'><strong>cum</strong></span> <span class='ocrx_word' id='word_1_561' title='bbox 1197 3876 1323 3930; x_wconf 92' lang='lat' dir='ltr'><strong>solo</strong></span> <span class='ocrx_word' id='word_1_562' title='bbox 1349 3874 1655 3929; x_wconf 85' lang='lat' dir='ltr'><strong>manifeste</strong></span> <span class='ocrx_word' id='word_1_563' title='bbox 1673 3875 1907 3930; x_wconf 90' lang='lat' dir='ltr'><strong>coelesti</strong></span> <span class='ocrx_word' id='word_1_564' title='bbox 1932 3891 2157 3946; x_wconf 91' lang='lat' dir='ltr'><strong>sponso</strong></span> 
     </span>
    </p>
   </div>
   <div class='ocr_carea' id='block_1_76' title="bbox 505 3963 2156 4036">
    <p class='ocr_par' dir='ltr' id='par_1_76' title="bbox 505 3963 2156 4036">
     <span class='ocr_line' id='line_1_76' title="bbox 505 3963 2156 4036; baseline -0.003 -14"><span class='ocrx_word' id='word_1_565' title='bbox 505 3967 845 4023; x_wconf 88' lang='lat' dir='ltr'><strong>societatem</strong></span> <span class='ocrx_word' id='word_1_566' title='bbox 862 3965 1009 4030; x_wconf 89' lang='lat' dir='ltr'><strong>iniit,</strong></span> <span class='ocrx_word' id='word_1_567' title='bbox 1027 3970 1226 4036; x_wconf 88' lang='lat' dir='ltr'><strong>utpote</strong></span> <span class='ocrx_word' id='word_1_568' title='bbox 1240 3964 1376 4034; x_wconf 87' lang='lat' dir='ltr'><strong>ipsa</strong></span> <span class='ocrx_word' id='word_1_569' title='bbox 1390 3963 1664 4035; x_wconf 83' lang='lat' dir='ltr'><strong>simplex.</strong></span> <span class='ocrx_word' id='word_1_570' title='bbox 1680 3964 1993 4019; x_wconf 89' lang='lat' dir='ltr'><strong>Vulnerata</strong></span> <span class='ocrx_word' id='word_1_571' title='bbox 2007 3964 2156 4019; x_wconf 89' lang='lat' dir='ltr'><strong>enim</strong></span> 
     </span>
    </p>
   </div>
   <div class='ocr_carea' id='block_1_77' title="bbox 503 4052 2158 4125">
    <p class='ocr_par' dir='ltr' id='par_1_77' title="bbox 503 4052 2158 4125">
     <span class='ocr_line' id='line_1_77' title="bbox 503 4052 2158 4125; baseline -0.004 -12"><span class='ocrx_word' id='word_1_572' title='bbox 503 4072 707 4113; x_wconf 89' lang='lat' dir='ltr'><strong>amore</strong></span> <span class='ocrx_word' id='word_1_573' title='bbox 748 4072 892 4125; x_wconf 87' lang='lat' dir='ltr'><strong>erga</strong></span> <span class='ocrx_word' id='word_1_574' title='bbox 928 4071 1087 4120; x_wconf 90' lang='lat' dir='ltr'><strong>eum,</strong></span> <span class='ocrx_word' id='word_1_575' title='bbox 1123 4053 1420 4109; x_wconf 90' lang='lat' dir='ltr'><strong>desiderio</strong></span> <span class='ocrx_word' id='word_1_576' title='bbox 1462 4054 1731 4119; x_wconf 90' lang='lat' dir='ltr'><strong>moritur,</strong></span> <span class='ocrx_word' id='word_1_577' title='bbox 1777 4058 1838 4107; x_wconf 91' lang='lat' dir='ltr'><strong>ut</strong></span> <span class='ocrx_word' id='word_1_578' title='bbox 1873 4052 2158 4108; x_wconf 90' lang='lat' dir='ltr'><strong>audacter</strong></span> 
     </span>
    </p>
   </div>
   <div class='ocr_carea' id='block_1_78' title="bbox 502 4141 2158 4219">
    <p class='ocr_par' dir='ltr' id='par_1_78' title="bbox 502 4141 2158 4219">
     <span class='ocr_line' id='line_1_78' title="bbox 502 4141 2158 4219; baseline -0.002 -20"><span class='ocrx_word' id='word_1_579' title='bbox 502 4146 739 4219; x_wconf 90' lang='lat' dir='ltr'><strong>loquar,</strong></span> <span class='ocrx_word' id='word_1_580' title='bbox 770 4143 1207 4217; x_wconf 89' lang='lat' dir='ltr'><strong>pulcherrimae</strong></span> <span class='ocrx_word' id='word_1_581' title='bbox 1238 4142 1395 4197; x_wconf 89' lang='lat' dir='ltr'><strong>illius</strong></span> <span class='ocrx_word' id='word_1_582' title='bbox 1426 4141 1837 4197; x_wconf 90' lang='lat' dir='ltr'><strong>intellectualis</strong></span> <span class='ocrx_word' id='word_1_583' title='bbox 1871 4147 1925 4197; x_wconf 93' lang='lat' dir='ltr'><strong>et</strong></span> <span class='ocrx_word' id='word_1_584' title='bbox 1954 4142 2158 4212; x_wconf 84' lang='lat' dir='ltr'><strong>mysti-</strong></span> 
     </span>
    </p>
   </div>
   <div class='ocr_carea' id='block_1_79' title="bbox 503 4229 2156 4301">
    <p class='ocr_par' dir='ltr' id='par_1_79' title="bbox 503 4229 2156 4301">
     <span class='ocr_line' id='line_1_79' title="bbox 503 4229 2156 4301; baseline -0.005 -10"><span class='ocrx_word' id='word_1_585' title='bbox 503 4250 607 4291; x_wconf 90' lang='lat' dir='ltr'><strong>cae</strong></span> <span class='ocrx_word' id='word_1_586' title='bbox 621 4251 817 4291; x_wconf 93' lang='lat' dir='ltr'><strong>comm</strong></span> <span class='ocrx_word' id='word_1_587' title='bbox 830 4250 903 4288; x_wconf 89' lang='lat' dir='ltr'><strong>un</strong></span> <span class='ocrx_word' id='word_1_588' title='bbox 915 4234 1065 4288; x_wconf 88' lang='lat' dir='ltr'><strong>iouis</strong></span> <span class='ocrx_word' id='word_1_589' title='bbox 1081 4248 1217 4287; x_wconf 92' lang='lat' dir='ltr'><strong>cum</strong></span> <span class='ocrx_word' id='word_1_590' title='bbox 1232 4246 1301 4287; x_wconf 89' lang='lat' dir='ltr'><strong>eo</strong></span> <span class='ocrx_word' id='word_1_591' title='bbox 1323 4231 1643 4286; x_wconf 90' lang='lat' dir='ltr'><strong>secundum</strong></span> <span class='ocrx_word' id='word_1_592' title='bbox 1655 4229 2156 4301; x_wconf 79' lang='lat' dir='ltr'><strong>incorruptibilem</strong></span> 
     </span>
    </p>
   </div>
   <div class='ocr_carea' id='block_1_80' title="bbox 503 4319 2154 4397">
    <p class='ocr_par' dir='ltr' id='par_1_80' title="bbox 503 4319 2154 4397">
     <span class='ocr_line' id='line_1_80' title="bbox 503 4319 2154 4397; baseline -0.004 -17"><span class='ocrx_word' id='word_1_593' title='bbox 503 4323 897 4397; x_wconf 88' lang='lat' dir='ltr'><strong>aptitudinem</strong></span> <span class='ocrx_word' id='word_1_594' title='bbox 933 4323 991 4377; x_wconf 92' lang='lat' dir='ltr'><strong>in</strong></span> <span class='ocrx_word' id='word_1_595' title='bbox 1025 4321 1493 4377; x_wconf 86' lang='lat' dir='ltr'><strong>sanctificatione</strong></span> <span class='ocrx_word' id='word_1_596' title='bbox 1523 4320 1801 4376; x_wconf 89' lang='lat' dir='ltr'><strong>conditae</strong></span> <span class='ocrx_word' id='word_1_597' title='bbox 1832 4319 2154 4375; x_wconf 88' lang='lat' dir='ltr'><strong>societatis.</strong></span> 
     </span>
    </p>
   </div>
   <div class='ocr_carea' id='block_1_81' title="bbox 505 4408 2154 4482">
    <p class='ocr_par' dir='ltr' id='par_1_81' title="bbox 505 4408 2154 4482">
     <span class='ocr_line' id='line_1_81' title="bbox 505 4408 2154 4482; baseline -0.002 -14"><span class='ocrx_word' id='word_1_598' title='bbox 505 4416 683 4469; x_wconf 89' lang='lat' dir='ltr'><strong>Beata</strong></span> <span class='ocrx_word' id='word_1_599' title='bbox 703 4428 908 4467; x_wconf 89' lang='lat' dir='ltr'><strong>revera</strong></span> <span class='ocrx_word' id='word_1_600' title='bbox 932 4410 1137 4467; x_wconf 87' lang='lat' dir='ltr'><strong>etfelix</strong></span> <span class='ocrx_word' id='word_1_601' title='bbox 1162 4409 1291 4465; x_wconf 90' lang='lat' dir='ltr'><strong>talis</strong></span> <span class='ocrx_word' id='word_1_602' title='bbox 1312 4410 1534 4475; x_wconf 88' lang='lat' dir='ltr'><strong>anima,</strong></span> <span class='ocrx_word' id='word_1_603' title='bbox 1560 4426 1716 4482; x_wconf 92' lang='lat' dir='ltr'><strong>quae</strong></span> <span class='ocrx_word' id='word_1_604' title='bbox 1735 4408 1885 4464; x_wconf 90' lang='lat' dir='ltr'><strong>victa</strong></span> <span class='ocrx_word' id='word_1_605' title='bbox 1908 4408 2154 4479; x_wconf 88' lang='lat' dir='ltr'><strong>spiritali</strong></span> 
     </span>
    </p>
   </div>
   <div class='ocr_carea' id='block_1_82' title="bbox 504 4497 2154 4572">
    <p class='ocr_par' dir='ltr' id='par_1_82' title="bbox 504 4497 2154 4572">
     <span class='ocr_line' id='line_1_82' title="bbox 504 4497 2154 4572; baseline -0.003 -14"><span class='ocrx_word' id='word_1_606' title='bbox 504 4516 733 4571; x_wconf 88' lang='lat' dir='ltr'><strong>amore,</strong></span> <span class='ocrx_word' id='word_1_607' title='bbox 755 4500 937 4572; x_wconf 88' lang='lat' dir='ltr'><strong>digne</strong></span> <span class='ocrx_word' id='word_1_608' title='bbox 955 4500 1322 4572; x_wconf 85' lang='lat' dir='ltr'><strong>desponsata</strong></span> <span class='ocrx_word' id='word_1_609' title='bbox 1344 4504 1429 4554; x_wconf 91' lang='lat' dir='ltr'><strong>est</strong></span> <span class='ocrx_word' id='word_1_610' title='bbox 1455 4502 1569 4554; x_wconf 92' lang='lat' dir='ltr'><strong>Deo</strong></span> <span class='ocrx_word' id='word_1_611' title='bbox 1594 4498 1802 4554; x_wconf 89' lang='lat' dir='ltr'><strong>Verbo.</strong></span> <span class='ocrx_word' id='word_1_612' title='bbox 1830 4497 1990 4553; x_wconf 89' lang='lat' dir='ltr'><strong>Dicat</strong></span> <span class='ocrx_word' id='word_1_613' title='bbox 2012 4513 2154 4567; x_wconf 90' lang='lat' dir='ltr'><strong>ergo</strong></span> 
     </span>
    </p>
   </div>
   <div class='ocr_carea' id='block_1_83' title="bbox 500 4586 2151 4664">
    <p class='ocr_par' dir='ltr' id='par_1_83' title="bbox 500 4586 2151 4664">
     <span class='ocr_line' id='line_1_83' title="bbox 500 4586 2151 4664; baseline -0.004 -16"><span class='ocrx_word' id='word_1_614' title='bbox 500 4591 653 4664; x_wconf 85' lang='lat' dir='ltr'><strong>ipsa,</strong></span> <span class='ocrx_word' id='word_1_615' title='bbox 682 4591 842 4647; x_wconf 89' lang='lat' dir='ltr'><strong>dicat</strong></span> <span class='ocrx_word' id='word_1_616' title='bbox 875 4588 1205 4656; x_wconf 77' lang='lat' dir='ltr'><strong>;E:rultabit</strong></span> <span class='ocrx_word' id='word_1_617' title='bbox 1233 4589 1421 4643; x_wconf 85' lang='lat' dir='ltr'><strong>anima</strong></span> <span class='ocrx_word' id='word_1_618' title='bbox 1440 4604 1553 4643; x_wconf 88' lang='lat' dir='ltr'><strong>mea</strong></span> <span class='ocrx_word' id='word_1_619' title='bbox 1579 4589 1637 4642; x_wconf 89' lang='lat' dir='ltr'><strong>in</strong></span> <span class='ocrx_word' id='word_1_620' title='bbox 1667 4586 1917 4651; x_wconf 82' lang='lat' dir='ltr'><strong>Domino,</strong></span> <span class='ocrx_word' id='word_1_621' title='bbox 1949 4587 2043 4657; x_wconf 84' lang='lat' dir='ltr'><strong>qui</strong></span> <span class='ocrx_word' id='word_1_622' title='bbox 2067 4587 2151 4641; x_wconf 80' lang='lat' dir='ltr'><strong>in-</strong></span> 
     </span>
    </p>
   </div>
   <div class='ocr_carea' id='block_1_84' title="bbox 2270 3160 3871 3242">
    <p class='ocr_par' dir='ltr' id='par_1_84' title="bbox 2270 3160 3871 3242">
     <span class='ocr_line' id='line_1_84' title="bbox 2270 3160 3871 3242; baseline 0.002 -26"><span class='ocrx_word' id='word_1_623' title='bbox 2270 3160 2502 3227; x_wconf 83' lang='grc' dir='ltr'>διδούς</span> <span class='ocrx_word' id='word_1_624' title='bbox 2541 3163 2563 3236; x_wconf 97' lang='grc'>[</span> <span class='ocrx_word' id='word_1_625' title='bbox 2607 3160 2793 3217; x_wconf 89' lang='grc' dir='ltr'>δώσω</span> <span class='ocrx_word' id='word_1_626' title='bbox 2829 3165 2872 3235; x_wconf 80' lang='grc'><strong>⁴]</strong></span> <span class='ocrx_word' id='word_1_627' title='bbox 2905 3170 3142 3237; x_wconf 88' lang='grc' dir='ltr'>νόμους</span> <span class='ocrx_word' id='word_1_628' title='bbox 3180 3185 3293 3233; x_wconf 91' lang='grc' dir='ltr'><strong>μον</strong></span> <span class='ocrx_word' id='word_1_629' title='bbox 3333 3167 3378 3237; x_wconf 75' lang='grc'>⁸)</span> <span class='ocrx_word' id='word_1_630' title='bbox 3420 3167 3513 3229; x_wconf 85' lang='grc' dir='ltr'><strong>εἰς</strong></span> <span class='ocrx_word' id='word_1_631' title='bbox 3563 3171 3675 3229; x_wconf 82' lang='grc' dir='ltr'><strong>τὰς</strong></span> <span class='ocrx_word' id='word_1_632' title='bbox 3723 3188 3871 3242; x_wconf 86' lang='grc' dir='ltr'>καρ-</span> 
     </span>
    </p>
   </div>
   <div class='ocr_carea' id='block_1_85' title="bbox 2269 3251 3867 3323">
    <p class='ocr_par' dir='ltr' id='par_1_85' title="bbox 2269 3251 3867 3323">
     <span class='ocr_line' id='line_1_85' title="bbox 2269 3251 3867 3323; baseline 0.003 -18"><span class='ocrx_word' id='word_1_633' title='bbox 2269 3251 2414 3316; x_wconf 89' lang='grc' dir='ltr'>δίας</span> <span class='ocrx_word' id='word_1_634' title='bbox 2454 3254 2677 3323; x_wconf 84' lang='grc' dir='ltr'>αύτῶν,</span> <span class='ocrx_word' id='word_1_635' title='bbox 2718 3258 2827 3306; x_wconf 83' lang='grc' dir='ltr'>καὶ</span> <span class='ocrx_word' id='word_1_636' title='bbox 2858 3254 2960 3307; x_wconf 88' lang='grc' dir='ltr'><strong>ἐπὶ</strong></span> <span class='ocrx_word' id='word_1_637' title='bbox 3000 3257 3107 3314; x_wconf 82' lang='grc' dir='ltr'><strong>τὰς</strong></span> <span class='ocrx_word' id='word_1_638' title='bbox 3147 3252 3449 3317; x_wconf 87' lang='grc' dir='ltr'>διανοίας</span> <span class='ocrx_word' id='word_1_639' title='bbox 3489 3255 3695 3309; x_wconf 79' lang='grc' dir='ltr'>αὐτῶν</span> <span class='ocrx_word' id='word_1_640' title='bbox 3734 3256 3867 3309; x_wconf 82' lang='grc' dir='ltr'>ἐπι-</span> 
     </span>
    </p>
   </div>
   <div class='ocr_carea' id='block_1_86' title="bbox 2265 3343 3871 3417">
    <p class='ocr_par' dir='ltr' id='par_1_86' title="bbox 2265 3343 3871 3417">
     <span class='ocr_line' id='line_1_86' title="bbox 2265 3343 3871 3417; baseline 0.001 -21"><span class='ocrx_word' id='word_1_641' title='bbox 2265 3343 2495 3417; x_wconf 77' lang='grc' dir='ltr'>γράψω</span> <span class='ocrx_word' id='word_1_642' title='bbox 2534 3343 2728 3395; x_wconf 89' lang='grc' dir='ltr'>αύτού</span> <span class='ocrx_word' id='word_1_643' title='bbox 2749 3360 2797 3405; x_wconf 83' lang='grc' dir='ltr'>ς’</span> <span class='ocrx_word' id='word_1_644' title='bbox 2835 3344 3025 3395; x_wconf 78' lang='grc' dir='ltr'>αὐτίκα</span> <span class='ocrx_word' id='word_1_645' title='bbox 3053 3352 3177 3415; x_wconf 92' lang='grc' dir='ltr'>γοῦν</span> <span class='ocrx_word' id='word_1_646' title='bbox 3206 3346 3348 3406; x_wconf 87' lang='grc' dir='ltr'>ὅσοις</span> <span class='ocrx_word' id='word_1_647' title='bbox 3379 3349 3586 3417; x_wconf 89' lang='grc' dir='ltr'>φροντίς</span> <span class='ocrx_word' id='word_1_648' title='bbox 3624 3349 3763 3399; x_wconf 81' lang='grc' dir='ltr'>ἐστιν</span> <span class='ocrx_word' id='word_1_649' title='bbox 3796 3346 3871 3408; x_wconf 90' lang='grc' dir='ltr'><strong>εἰς</strong></span> 
     </span>
    </p>
   </div>
   <div class='ocr_carea' id='block_1_87' title="bbox 2265 3431 3869 3509">
    <p class='ocr_par' dir='ltr' id='par_1_87' title="bbox 2265 3431 3869 3509">
     <span class='ocr_line' id='line_1_87' title="bbox 2265 3431 3869 3509; baseline 0.001 -24"><span class='ocrx_word' id='word_1_650' title='bbox 2265 3437 2447 3505; x_wconf 86' lang='grc' dir='ltr'>γένος</span> <span class='ocrx_word' id='word_1_651' title='bbox 2474 3431 2773 3485; x_wconf 80' lang='grc' dir='ltr'>ἐκλεκτὸν</span> <span class='ocrx_word' id='word_1_652' title='bbox 2796 3435 3013 3505; x_wconf 80' lang='grc' dir='ltr'>φθάσαι,</span> <span class='ocrx_word' id='word_1_653' title='bbox 3036 3432 3467 3506; x_wconf 83' lang='grc' dir='ltr'>εἰςβασίλειον</span> <span class='ocrx_word' id='word_1_654' title='bbox 3492 3436 3869 3509; x_wconf 84' lang='grc' dir='ltr'>ἱεράτευμα,</span> 
     </span>
    </p>
   </div>
   <div class='ocr_carea' id='block_1_88' title="bbox 2267 3520 3881 3598">
    <p class='ocr_par' dir='ltr' id='par_1_88' title="bbox 2267 3520 3881 3598">
     <span class='ocr_line' id='line_1_88' title="bbox 2267 3520 3881 3598; baseline 0.001 -25"><span class='ocrx_word' id='word_1_655' title='bbox 2267 3523 2339 3581; x_wconf 83' lang='grc' dir='ltr'>εὶς</span> <span class='ocrx_word' id='word_1_656' title='bbox 2368 3523 2547 3582; x_wconf 82' lang='grc' dir='ltr'>ἔθνος</span> <span class='ocrx_word' id='word_1_657' title='bbox 2586 3520 2789 3592; x_wconf 79' lang='grc' dir='ltr'>ἅγιον,</span> <span class='ocrx_word' id='word_1_658' title='bbox 2832 3522 2899 3582; x_wconf 86' lang='grc' dir='ltr'><strong>εἰς</strong></span> <span class='ocrx_word' id='word_1_659' title='bbox 2928 3521 3074 3574; x_wconf 86' lang='grc' dir='ltr'>λαὸν</span> <span class='ocrx_word' id='word_1_660' title='bbox 3113 3526 3519 3595; x_wconf 87' lang='grc' dir='ltr'>περιούσιον,</span> <span class='ocrx_word' id='word_1_661' title='bbox 3562 3520 3770 3598; x_wconf 84' lang='grc' dir='ltr'>ῥᾳδίως</span> <span class='ocrx_word' id='word_1_662' title='bbox 3796 3520 3881 3575; x_wconf 85' lang='grc' dir='ltr'><strong>δέ·</strong></span> 
     </span>
    </p>
   </div>
   <div class='ocr_carea' id='block_1_89' title="bbox 2267 3608 3879 3686">
    <p class='ocr_par' dir='ltr' id='par_1_89' title="bbox 2267 3608 3879 3686">
     <span class='ocr_line' id='line_1_89' title="bbox 2267 3608 3879 3686; baseline 0.003 -25"><span class='ocrx_word' id='word_1_663' title='bbox 2267 3629 2455 3681; x_wconf 88' lang='grc' dir='ltr'>χονται</span> <span class='ocrx_word' id='word_1_664' title='bbox 2482 3608 2529 3661; x_wconf 80' lang='grc' dir='ltr'>ἓν</span> <span class='ocrx_word' id='word_1_665' title='bbox 2557 3610 2758 3672; x_wconf 84' lang='grc' dir='ltr'>ἑαυτοῖς</span> <span class='ocrx_word' id='word_1_666' title='bbox 2775 3615 2868 3669; x_wconf 81' lang='grc' dir='ltr'>τὴν</span> <span class='ocrx_word' id='word_1_667' title='bbox 2892 3619 2981 3663; x_wconf 88' lang='grc' dir='ltr'><strong>τοῦ</strong></span> <span class='ocrx_word' id='word_1_668' title='bbox 3002 3611 3260 3671; x_wconf 82' lang='grc' dir='ltr'>ζωοποιοῦ</span> <span class='ocrx_word' id='word_1_669' title='bbox 3282 3616 3572 3685; x_wconf 87' lang='grc' dir='ltr'>πνεύματος</span> <span class='ocrx_word' id='word_1_670' title='bbox 3598 3612 3879 3686; x_wconf 76' lang='grc' dir='ltr'>ἐνέργειαν.</span> 
     </span>
    </p>
   </div>
   <div class='ocr_carea' id='block_1_90' title="bbox 2269 3696 3885 3774">
    <p class='ocr_par' dir='ltr' id='par_1_90' title="bbox 2269 3696 3885 3774">
     <span class='ocr_line' id='line_1_90' title="bbox 2269 3696 3885 3774; baseline 0.001 -24"><span class='ocrx_word' id='word_1_671' title='bbox 2269 3696 2451 3774; x_wconf 88' lang='grc' dir='ltr'>διόπερ</span> <span class='ocrx_word' id='word_1_672' title='bbox 2499 3699 2869 3772; x_wconf 82' lang='grc' dir='ltr'>παρακλήθητε</span> <span class='ocrx_word' id='word_1_673' title='bbox 2912 3699 3247 3773; x_wconf 71' lang='grc' dir='ltr'>εὖχεσθαιδ),</span> <span class='ocrx_word' id='word_1_674' title='bbox 3286 3703 3425 3764; x_wconf 83' lang='grc' dir='ltr'>ὅπως</span> <span class='ocrx_word' id='word_1_675' title='bbox 3475 3701 3885 3774; x_wconf 80' lang='grc' dir='ltr'>καταξιωθῶμεν</span> 
     </span>
    </p>
   </div>
   <div class='ocr_carea' id='block_1_91' title="bbox 2266 3789 3885 3865">
    <p class='ocr_par' dir='ltr' id='par_1_91' title="bbox 2266 3789 3885 3865">
     <span class='ocr_line' id='line_1_91' title="bbox 2266 3789 3885 3865; baseline 0.001 -25"><span class='ocrx_word' id='word_1_676' title='bbox 2266 3789 2362 3840; x_wconf 84' lang='grc' dir='ltr'>κοῖν</span> <span class='ocrx_word' id='word_1_677' title='bbox 2400 3797 2525 3859; x_wconf 86' lang='grc' dir='ltr'>γοῦν</span> <span class='ocrx_word' id='word_1_678' title='bbox 2566 3790 2807 3862; x_wconf 83' lang='grc' dir='ltr'>βραχέως</span> <span class='ocrx_word' id='word_1_679' title='bbox 2835 3798 3062 3842; x_wconf 84' lang='grc' dir='ltr'>συνεῖναι</span> <span class='ocrx_word' id='word_1_680' title='bbox 3101 3795 3193 3849; x_wconf 83' lang='grc' dir='ltr'>τὴν</span> <span class='ocrx_word' id='word_1_681' title='bbox 3224 3795 3541 3865; x_wconf 89' lang='grc' dir='ltr'>μονότροπον</span> <span class='ocrx_word' id='word_1_682' title='bbox 3573 3790 3621 3843; x_wconf 84' lang='grc' dir='ltr'><strong>ἐν</strong></span> <span class='ocrx_word' id='word_1_683' title='bbox 3662 3791 3885 3864; x_wconf 82' lang='grc' dir='ltr'>Χριστῷ</span> 
     </span>
    </p>
   </div>
   <div class='ocr_carea' id='block_1_92' title="bbox 2266 3876 3885 3954">
    <p class='ocr_par' dir='ltr' id='par_1_92' title="bbox 2266 3876 3885 3954">
     <span class='ocr_line' id='line_1_92' title="bbox 2266 3876 3885 3954; baseline 0 -25"><span class='ocrx_word' id='word_1_684' title='bbox 2266 3876 2530 3940; x_wconf 84' lang='grc' dir='ltr'>πολιτείας</span> <span class='ocrx_word' id='word_1_685' title='bbox 2560 3878 2835 3936; x_wconf 77' lang='grc' dir='ltr'>εὐθύτητα.</span> <span class='ocrx_word' id='word_1_686' title='bbox 2865 3881 2894 3937; x_wconf 79' lang='grc' dir='ltr'>ἡ</span> <span class='ocrx_word' id='word_1_687' title='bbox 2924 3881 3024 3954; x_wconf 81' lang='grc' dir='ltr'><strong>γὰρ</strong></span> <span class='ocrx_word' id='word_1_688' title='bbox 3048 3883 3265 3938; x_wconf 89' lang='grc' dir='ltr'>τοιαύτη</span> <span class='ocrx_word' id='word_1_689' title='bbox 3292 3880 3447 3953; x_wconf 75' lang='grc' dir='ltr'>ψυχὴ</span> <span class='ocrx_word' id='word_1_690' title='bbox 3472 3879 3763 3952; x_wconf 76' lang='grc' dir='ltr'>ἀποθεμένη</span> <span class='ocrx_word' id='word_1_691' title='bbox 3787 3884 3885 3937; x_wconf 76' lang='grc' dir='ltr'>τὴν</span> 
     </span>
    </p>
   </div>
   <div class='ocr_carea' id='block_1_93' title="bbox 2268 3963 3884 4043">
    <p class='ocr_par' dir='ltr' id='par_1_93' title="bbox 2268 3963 3884 4043">
     <span class='ocr_line' id='line_1_93' title="bbox 2268 3963 3884 4043; baseline 0.005 -26"><span class='ocrx_word' id='word_1_692' title='bbox 2268 3963 2358 4017; x_wconf 82' lang='grc' dir='ltr'><strong>τού</strong></span> <span class='ocrx_word' id='word_1_693' title='bbox 2388 3972 2669 4040; x_wconf 89' lang='grc' dir='ltr'>προσώπου</span> <span class='ocrx_word' id='word_1_694' title='bbox 2702 3968 2988 4039; x_wconf 84' lang='grc' dir='ltr'>αἰσχύνην,</span> <span class='ocrx_word' id='word_1_695' title='bbox 3029 3973 3118 4020; x_wconf 88' lang='grc' dir='ltr'>καὶ</span> <span class='ocrx_word' id='word_1_696' title='bbox 3155 3972 3344 4040; x_wconf 79' lang='grc' dir='ltr'>μηκέτι</span> <span class='ocrx_word' id='word_1_697' title='bbox 3394 3972 3884 4043; x_wconf 81' lang='grc' dir='ltr'>κατακυριευομένη</span> 
     </span>
    </p>
   </div>
   <div class='ocr_carea' id='block_1_94' title="bbox 2267 4057 3886 4130">
    <p class='ocr_par' dir='ltr' id='par_1_94' title="bbox 2267 4057 3886 4130">
     <span class='ocr_line' id='line_1_94' title="bbox 2267 4057 3886 4130; baseline 0.002 -24"><span class='ocrx_word' id='word_1_698' title='bbox 2267 4057 2358 4107; x_wconf 83' lang='grc' dir='ltr'>ύτό</span> <span class='ocrx_word' id='word_1_699' title='bbox 2399 4064 2491 4117; x_wconf 83' lang='grc' dir='ltr'>τῆς</span> <span class='ocrx_word' id='word_1_700' title='bbox 2524 4057 2880 4129; x_wconf 86' lang='grc' dir='ltr'>αἰσχρότητος</span> <span class='ocrx_word' id='word_1_701' title='bbox 2917 4064 3017 4108; x_wconf 82' lang='grc' dir='ltr'>τῶν</span> <span class='ocrx_word' id='word_1_702' title='bbox 3056 4059 3346 4130; x_wconf 85' lang='grc' dir='ltr'>λογισμῶν,</span> <span class='ocrx_word' id='word_1_703' title='bbox 3388 4064 3478 4111; x_wconf 84' lang='grc' dir='ltr'>καὶ</span> <span class='ocrx_word' id='word_1_704' title='bbox 3523 4062 3886 4130; x_wconf 76' lang='grc' dir='ltr'>μοιχευομένη</span> 
     </span>
    </p>
   </div>
   <div class='ocr_carea' id='block_1_95' title="bbox 2268 4142 3892 4221">
    <p class='ocr_par' dir='ltr' id='par_1_95' title="bbox 2268 4142 3892 4221">
     <span class='ocr_line' id='line_1_95' title="bbox 2268 4142 3892 4221; baseline 0.001 -25"><span class='ocrx_word' id='word_1_705' title='bbox 2268 4146 2367 4196; x_wconf 86' lang='grc' dir='ltr'>ύπὸ</span> <span class='ocrx_word' id='word_1_706' title='bbox 2406 4152 2497 4197; x_wconf 88' lang='grc' dir='ltr'><strong>τοῦ</strong></span> <span class='ocrx_word' id='word_1_707' title='bbox 2536 4153 2787 4220; x_wconf 89' lang='grc' dir='ltr'>πονηροῦ,</span> <span class='ocrx_word' id='word_1_708' title='bbox 2827 4151 2985 4217; x_wconf 91' lang='grc' dir='ltr'>μόνου</span> <span class='ocrx_word' id='word_1_709' title='bbox 3029 4142 3238 4205; x_wconf 83' lang='grc' dir='ltr'>δηλαδὴ</span> <span class='ocrx_word' id='word_1_710' title='bbox 3282 4147 3373 4199; x_wconf 82' lang='grc' dir='ltr'><strong>τοῦ</strong></span> <span class='ocrx_word' id='word_1_711' title='bbox 3410 4146 3718 4221; x_wconf 80' lang='grc' dir='ltr'>ἐπουρανίου</span> <span class='ocrx_word' id='word_1_712' title='bbox 3753 4167 3892 4219; x_wconf 85' lang='grc' dir='ltr'>νυμ-</span> 
     </span>
    </p>
   </div>
   <div class='ocr_carea' id='block_1_96' title="bbox 2268 4235 3891 4311">
    <p class='ocr_par' dir='ltr' id='par_1_96' title="bbox 2268 4235 3891 4311">
     <span class='ocr_line' id='line_1_96' title="bbox 2268 4235 3891 4311; baseline 0.003 -28"><span class='ocrx_word' id='word_1_713' title='bbox 2268 4236 2384 4304; x_wconf 88' lang='grc' dir='ltr'>φίου</span> <span class='ocrx_word' id='word_1_714' title='bbox 2425 4240 2671 4299; x_wconf 79' lang='grc' dir='ltr'>κοινωνεῖ,</span> <span class='ocrx_word' id='word_1_715' title='bbox 2706 4240 2775 4294; x_wconf 91' lang='grc' dir='ltr'><strong>ώς</strong></span> <span class='ocrx_word' id='word_1_716' title='bbox 2804 4235 2933 4292; x_wconf 80' lang='grc' dir='ltr'>αύτὴ</span> <span class='ocrx_word' id='word_1_717' title='bbox 2975 4236 3022 4305; x_wconf 84' lang='grc'>⁷)</span> <span class='ocrx_word' id='word_1_718' title='bbox 3063 4240 3410 4310; x_wconf 83' lang='grc' dir='ltr'>μονότροπος·</span> <span class='ocrx_word' id='word_1_719' title='bbox 3454 4240 3746 4311; x_wconf 82' lang='grc' dir='ltr'>τετρωμένη</span> <span class='ocrx_word' id='word_1_720' title='bbox 3785 4238 3891 4309; x_wconf 80' lang='grc' dir='ltr'><strong>γὰρ</strong></span> 
     </span>
    </p>
   </div>
   <div class='ocr_carea' id='block_1_97' title="bbox 2264 4321 3890 4396">
    <p class='ocr_par' dir='ltr' id='par_1_97' title="bbox 2264 4321 3890 4396">
     <span class='ocr_line' id='line_1_97' title="bbox 2264 4321 3890 4396; baseline 0.002 -23"><span class='ocrx_word' id='word_1_721' title='bbox 2264 4330 2324 4394; x_wconf 77' lang='grc' dir='ltr'>τῇ</span> <span class='ocrx_word' id='word_1_722' title='bbox 2374 4321 2440 4383; x_wconf 84' lang='grc' dir='ltr'><strong>εἰς</strong></span> <span class='ocrx_word' id='word_1_723' title='bbox 2484 4322 2644 4374; x_wconf 83' lang='grc' dir='ltr'>αύτὸυ</span> <span class='ocrx_word' id='word_1_724' title='bbox 2692 4322 2869 4396; x_wconf 80' lang='grc' dir='ltr'>ἀγάπη</span> <span class='ocrx_word' id='word_1_725' title='bbox 2921 4326 3158 4377; x_wconf 82' lang='grc' dir='ltr'>ἐπιποθεῖ</span> <span class='ocrx_word' id='word_1_726' title='bbox 3207 4329 3295 4377; x_wconf 83' lang='grc' dir='ltr'>καὶ</span> <span class='ocrx_word' id='word_1_727' title='bbox 3340 4324 3579 4391; x_wconf 75' lang='grc' dir='ltr'>ἐκλείπει,</span> <span class='ocrx_word' id='word_1_728' title='bbox 3626 4324 3712 4377; x_wconf 79' lang='grc' dir='ltr'>ἳνα</span> <span class='ocrx_word' id='word_1_729' title='bbox 3769 4324 3890 4377; x_wconf 84' lang='grc' dir='ltr'>τολ-</span> 
     </span>
    </p>
   </div>
   <div class='ocr_carea' id='block_1_98' title="bbox 2265 4413 3896 4486">
    <p class='ocr_par' dir='ltr' id='par_1_98' title="bbox 2265 4413 3896 4486">
     <span class='ocr_line' id='line_1_98' title="bbox 2265 4413 3896 4486; baseline 0.002 -23"><span class='ocrx_word' id='word_1_730' title='bbox 2265 4416 2442 4484; x_wconf 82' lang='grc' dir='ltr'>μὴσας</span> <span class='ocrx_word' id='word_1_731' title='bbox 2500 4414 2646 4477; x_wconf 86' lang='grc' dir='ltr'>εἴπω,</span> <span class='ocrx_word' id='word_1_732' title='bbox 2694 4417 2786 4471; x_wconf 80' lang='grc' dir='ltr'>τὴν</span> <span class='ocrx_word' id='word_1_733' title='bbox 2829 4416 2957 4486; x_wconf 86' lang='grc' dir='ltr'>πρὸς</span> <span class='ocrx_word' id='word_1_734' title='bbox 3003 4413 3157 4465; x_wconf 76' lang='grc' dir='ltr'>αὐτὸν</span> <span class='ocrx_word' id='word_1_735' title='bbox 3196 4416 3260 4473; x_wconf 87' lang='grc' dir='ltr'>ὡς</span> <span class='ocrx_word' id='word_1_736' title='bbox 3308 4416 3503 4485; x_wconf 86' lang='grc' dir='ltr'>ὡραίαν</span> <span class='ocrx_word' id='word_1_737' title='bbox 3553 4419 3746 4474; x_wconf 77' lang='grc' dir='ltr'>νοητὴν</span> <span class='ocrx_word' id='word_1_738' title='bbox 3793 4418 3896 4466; x_wconf 78' lang='grc' dir='ltr'><strong>καὶ</strong></span> 
     </span>
    </p>
   </div>
   <div class='ocr_carea' id='block_1_99' title="bbox 2264 4502 3890 4576">
    <p class='ocr_par' dir='ltr' id='par_1_99' title="bbox 2264 4502 3890 4576">
     <span class='ocr_line' id='line_1_99' title="bbox 2264 4502 3890 4576; baseline 0.002 -24"><span class='ocrx_word' id='word_1_739' title='bbox 2264 4504 2525 4571; x_wconf 81' lang='grc' dir='ltr'>μυστικὴν</span> <span class='ocrx_word' id='word_1_740' title='bbox 2592 4506 2874 4554; x_wconf 88' lang='grc' dir='ltr'>συνουσίαν</span> <span class='ocrx_word' id='word_1_741' title='bbox 2927 4504 3063 4554; x_wconf 81' lang='grc' dir='ltr'>κατὰ</span> <span class='ocrx_word' id='word_1_742' title='bbox 3127 4506 3221 4560; x_wconf 82' lang='grc' dir='ltr'>τὴν</span> <span class='ocrx_word' id='word_1_743' title='bbox 3278 4502 3541 4576; x_wconf 81' lang='grc' dir='ltr'>ἄφθαρτον</span> <span class='ocrx_word' id='word_1_744' title='bbox 3603 4504 3890 4576; x_wconf 83' lang='grc' dir='ltr'>συνάφειαν</span> 
     </span>
    </p>
   </div>
   <div class='ocr_carea' id='block_1_100' title="bbox 2264 4588 3893 4665">
    <p class='ocr_par' dir='ltr' id='par_1_100' title="bbox 2264 4588 3893 4665">
     <span class='ocr_line' id='line_1_100' title="bbox 2264 4588 3893 4665; baseline 0.002 -25"><span class='ocrx_word' id='word_1_745' title='bbox 2264 4597 2358 4651; x_wconf 87' lang='grc' dir='ltr'>τῆς</span> <span class='ocrx_word' id='word_1_746' title='bbox 2410 4589 2458 4641; x_wconf 77' lang='grc' dir='ltr'><strong>ἰν</strong></span> <span class='ocrx_word' id='word_1_747' title='bbox 2514 4588 2762 4662; x_wconf 78' lang='grc' dir='ltr'>ἁγιασμῷ</span> <span class='ocrx_word' id='word_1_748' title='bbox 2810 4596 3081 4653; x_wconf 84' lang='grc' dir='ltr'>κοινωνίας</span> <span class='ocrx_word' id='word_1_749' title='bbox 3113 4610 3125 4623; x_wconf 89' lang='grc'><strong>·</strong></span> <span class='ocrx_word' id='word_1_750' title='bbox 3159 4596 3397 4665; x_wconf 86' lang='grc' dir='ltr'>μακαρία</span> <span class='ocrx_word' id='word_1_751' title='bbox 3441 4594 3509 4655; x_wconf 85' lang='grc' dir='ltr'>ὡς</span> <span class='ocrx_word' id='word_1_752' title='bbox 3558 4591 3760 4653; x_wconf 84' lang='grc' dir='ltr'>ἀληθῶς</span> <span class='ocrx_word' id='word_1_753' title='bbox 3794 4596 3893 4644; x_wconf 83' lang='grc' dir='ltr'>καὶ</span> 
     </span>
    </p>
   </div>
   <div class='ocr_carea' id='block_1_101' title="bbox 1820 4721 2518 4781">
    <p class='ocr_par' dir='ltr' id='par_1_101' title="bbox 1820 4721 2518 4781">
     <span class='ocr_line' id='line_1_101' title="bbox 1820 4721 2518 4781; baseline 0 -5"><span class='ocrx_word' id='word_1_754' title='bbox 1820 4721 2078 4777; x_wconf 72' lang='grc' dir='ltr'>νΑΒιΑΕ</span> <span class='ocrx_word' id='word_1_755' title='bbox 2120 4723 2518 4781; x_wconf 87' lang='lat' dir='ltr'><strong>LECTlONES.</strong></span> 
     </span>
    </p>
   </div>
   <div class='ocr_carea' id='block_1_102' title="bbox 574 4846 3893 4923">
    <p class='ocr_par' dir='ltr' id='par_1_102' title="bbox 574 4846 3893 4923">
     <span class='ocr_line' id='line_1_102' title="bbox 574 4846 3893 4923; baseline 0.001 -18"><span class='ocrx_word' id='word_1_756' title='bbox 574 4850 620 4921; x_wconf 78' lang='lat'><strong>1)</strong></span> <span class='ocrx_word' id='word_1_757' title='bbox 652 4849 796 4923; x_wconf 83' lang='lat' dir='ltr'><strong>Cod.</strong></span> <span class='ocrx_word' id='word_1_758' title='bbox 853 4866 1186 4919; x_wconf 82' lang='grc' dir='ltr'>πιστεσομεν.</span> <span class='ocrx_word' id='word_1_759' title='bbox 1248 4846 1826 4923; x_wconf 81' lang='lat' dir='ltr'><strong>Primumlibrarius</strong></span> <span class='ocrx_word' id='word_1_760' title='bbox 1872 4847 2184 4919; x_wconf 86' lang='lat' dir='ltr'><strong>scripsisse</strong></span> <span class='ocrx_word' id='word_1_761' title='bbox 2228 4848 2464 4904; x_wconf 88' lang='lat' dir='ltr'><strong>videtur</strong></span> <span class='ocrx_word' id='word_1_762' title='bbox 2510 4852 2842 4923; x_wconf 75' lang='grc' dir='ltr'>πιστεύομεν,</span> <span class='ocrx_word' id='word_1_763' title='bbox 2878 4849 3096 4923; x_wconf 85' lang='lat' dir='ltr'><strong>deinde</strong></span> <span class='ocrx_word' id='word_1_764' title='bbox 3132 4854 3344 4923; x_wconf 83' lang='lat' dir='ltr'><strong>autem</strong></span> <span class='ocrx_word' id='word_1_765' title='bbox 3397 4848 3568 4908; x_wconf 87' lang='lat' dir='ltr'><strong>litera</strong></span> <span class='ocrx_word' id='word_1_766' title='bbox 3610 4869 3643 4902; x_wconf 86' lang='grc' dir='ltr'><strong>υ</strong></span> <span class='ocrx_word' id='word_1_767' title='bbox 3693 4865 3893 4923; x_wconf 84' lang='lat' dir='ltr'><strong>supra.</strong></span> 
     </span>
    </p>
   </div>
   <div class='ocr_carea' id='block_1_103' title="bbox 501 4919 3501 5011">
    <p class='ocr_par' dir='ltr' id='par_1_103' title="bbox 501 4919 3501 5011">
     <span class='ocr_line' id='line_1_103' title="bbox 501 4919 3501 5011; baseline -0.001 -32"><span class='ocrx_word' id='word_1_768' title='bbox 501 4919 810 4993; x_wconf 85' lang='lat' dir='ltr'><strong>adscripta</strong></span> <span class='ocrx_word' id='word_1_769' title='bbox 854 4935 1183 4977; x_wconf 73' lang='lat' dir='ltr'><strong>corremsse</strong></span> <span class='ocrx_word' id='word_1_770' title='bbox 1217 4923 1323 4975; x_wconf 85' lang='lat' dir='ltr'><strong>aut</strong></span> <span class='ocrx_word' id='word_1_771' title='bbox 1352 4921 1720 4990; x_wconf 79' lang='grc' dir='ltr'>πιστεύσομεν,</span> <span class='ocrx_word' id='word_1_772' title='bbox 1753 4938 1783 4970; x_wconf 88' lang='grc' dir='ltr'><strong>υ</strong></span> <span class='ocrx_word' id='word_1_773' title='bbox 1813 4919 1873 4973; x_wconf 89' lang='lat' dir='ltr'><strong>in</strong></span> <span class='ocrx_word' id='word_1_774' title='bbox 1903 4938 1954 4986; x_wconf 88' lang='grc' dir='ltr'><strong>σ,</strong></span> <span class='ocrx_word' id='word_1_775' title='bbox 1989 4926 2092 4975; x_wconf 90' lang='lat' dir='ltr'><strong>aut</strong></span> <span class='ocrx_word' id='word_1_776' title='bbox 2113 4923 2457 4993; x_wconf 77' lang='grc' dir='ltr'>πιστεύωμεν,</span> <span class='ocrx_word' id='word_1_777' title='bbox 2507 4940 2567 4974; x_wconf 91' lang='grc' dir='ltr'>υο</span> <span class='ocrx_word' id='word_1_778' title='bbox 2602 4922 2663 4977; x_wconf 90' lang='lat' dir='ltr'><strong>in</strong></span> <span class='ocrx_word' id='word_1_779' title='bbox 2710 4919 2748 4973; x_wconf 76' lang='grc' dir='ltr'><em>ὼ</em></span> <span class='ocrx_word' id='word_1_780' title='bbox 2780 4922 2897 5011; x_wconf 54' lang='grc' dir='ltr'>(ἦ)</span> <span class='ocrx_word' id='word_1_781' title='bbox 2929 4922 3290 4978; x_wconf 82' lang='lat' dir='ltr'><strong>emendans.</strong></span> <span class='ocrx_word' id='word_1_782' title='bbox 3323 4952 3392 4964; x_wconf 90' lang='lat'><strong>—-</strong></span> <span class='ocrx_word' id='word_1_783' title='bbox 3453 4924 3501 5009; x_wconf 75' lang='grc'>³)</span> 
     </span>
    </p>
   </div>
   <div class='ocr_carea' id='block_1_104' title="bbox 3560 4924 3882 4989">
    <p class='ocr_par' dir='ltr' id='par_1_104' title="bbox 3560 4924 3882 4989">
     <span class='ocr_line' id='line_1_104' title="bbox 3560 4924 3882 4989; baseline 0 -11"><span class='ocrx_word' id='word_1_784' title='bbox 3560 4924 3642 4978; x_wconf 86' lang='lat' dir='ltr'><strong>Ex</strong></span> <span class='ocrx_word' id='word_1_785' title='bbox 3690 4924 3882 4989; x_wconf 88' lang='lat' dir='ltr'><strong>coni.,</strong></span> 
     </span>
    </p>
   </div>
   <div class='ocr_carea' id='block_1_105' title="bbox 503 5005 3892 5085">
    <p class='ocr_par' dir='ltr' id='par_1_105' title="bbox 503 5005 3892 5085">
     <span class='ocr_line' id='line_1_105' title="bbox 503 5005 3892 5085; baseline -0.001 -17"><span class='ocrx_word' id='word_1_786' title='bbox 503 5011 641 5068; x_wconf 92' lang='lat' dir='ltr'><strong>cod.</strong></span> <span class='ocrx_word' id='word_1_787' title='bbox 678 5006 876 5071; x_wconf 74' lang='grc' dir='ltr'>οὐδεὶς.</span> <span class='ocrx_word' id='word_1_788' title='bbox 923 5040 987 5051; x_wconf 91' lang='lat'><strong>—</strong></span> <span class='ocrx_word' id='word_1_789' title='bbox 1022 5009 1241 5078; x_wconf 71' lang='lat' dir='ltr'><strong>’)Em.,</strong></span> <span class='ocrx_word' id='word_1_790' title='bbox 1296 5008 1433 5064; x_wconf 90' lang='lat' dir='ltr'><strong>cod.</strong></span> <span class='ocrx_word' id='word_1_791' title='bbox 1491 5005 1649 5067; x_wconf 81' lang='grc' dir='ltr'>δῆλον</span> <span class='ocrx_word' id='word_1_792' title='bbox 1697 5010 1797 5063; x_wconf 87' lang='grc' dir='ltr'>ὅτι.</span> <span class='ocrx_word' id='word_1_793' title='bbox 1843 5039 1909 5049; x_wconf 87' lang='grc'><strong>-</strong></span> <span class='ocrx_word' id='word_1_794' title='bbox 1945 5010 1988 5081; x_wconf 69' lang='grc' dir='ltr'><strong>¹ι)</strong></span> <span class='ocrx_word' id='word_1_795' title='bbox 2024 5005 2181 5061; x_wconf 87' lang='grc' dir='ltr'>δώσω</span> <span class='ocrx_word' id='word_1_796' title='bbox 2227 5026 2348 5066; x_wconf 93' lang='lat' dir='ltr'><strong>om.</strong></span> <span class='ocrx_word' id='word_1_797' title='bbox 2379 5010 2537 5080; x_wconf 91' lang='lat' dir='ltr'><strong>cod.,</strong></span> <span class='ocrx_word' id='word_1_798' title='bbox 2591 5005 2803 5067; x_wconf 85' lang='lat' dir='ltr'><strong>addidi</strong></span> <span class='ocrx_word' id='word_1_799' title='bbox 2842 5005 2914 5067; x_wconf 84' lang='lat' dir='ltr'><strong>ex</strong></span> <span class='ocrx_word' id='word_1_800' title='bbox 2942 5013 3156 5067; x_wconf 87' lang='lat' dir='ltr'><strong>Jerem.</strong></span> <span class='ocrx_word' id='word_1_801' title='bbox 3205 5011 3394 5077; x_wconf 85' lang='lat' dir='ltr'><strong>XXXI,</strong></span> <span class='ocrx_word' id='word_1_802' title='bbox 3427 5005 3516 5068; x_wconf 83' lang='lat'><strong>33.</strong></span> <span class='ocrx_word' id='word_1_803' title='bbox 3569 5040 3641 5053; x_wconf 92' lang='lat'>-</span> <span class='ocrx_word' id='word_1_804' title='bbox 3693 5013 3741 5084; x_wconf 80' lang='grc'>⁵)</span> <span class='ocrx_word' id='word_1_805' title='bbox 3783 5029 3892 5085; x_wconf 91' lang='grc' dir='ltr'><strong>μου</strong></span> 
     </span>
    </p>
   </div>
   <div class='ocr_carea' id='block_1_106' title="bbox 501 5150 3882 5225">
    <p class='ocr_par' dir='ltr' id='par_1_106' title="bbox 501 5150 3882 5225">
     <span class='ocr_line' id='line_1_106' title="bbox 501 5150 3882 5225; baseline -0 -15"><span class='ocrx_word' id='word_1_806' title='bbox 501 5170 688 5225; x_wconf 89' lang='lat' dir='ltr'><strong>supra</strong></span> <span class='ocrx_word' id='word_1_807' title='bbox 739 5152 936 5209; x_wconf 90' lang='lat' dir='ltr'><strong>adscr.</strong></span> <span class='ocrx_word' id='word_1_808' title='bbox 986 5152 1105 5207; x_wconf 90' lang='lat' dir='ltr'><strong>alia</strong></span> <span class='ocrx_word' id='word_1_809' title='bbox 1134 5168 1216 5206; x_wconf 93' lang='lat' dir='ltr'><strong>m.</strong></span> <span class='ocrx_word' id='word_1_810' title='bbox 1268 5180 1335 5191; x_wconf 91' lang='lat'><strong>—-</strong></span> <span class='ocrx_word' id='word_1_811' title='bbox 1389 5150 1433 5221; x_wconf 73' lang='grc'>⁸)</span> <span class='ocrx_word' id='word_1_812' title='bbox 1493 5150 1625 5206; x_wconf 91' lang='lat' dir='ltr'><strong>cod.</strong></span> <span class='ocrx_word' id='word_1_813' title='bbox 1660 5152 1932 5223; x_wconf 74' lang='grc' dir='ltr'>εὔχεσθαι,</span> <span class='ocrx_word' id='word_1_814' title='bbox 1966 5171 1988 5203; x_wconf 85' lang='grc' dir='ltr'><strong>ε</strong></span> <span class='ocrx_word' id='word_1_815' title='bbox 2018 5167 2202 5225; x_wconf 87' lang='lat' dir='ltr'><strong>supra</strong></span> <span class='ocrx_word' id='word_1_816' title='bbox 2246 5154 2447 5211; x_wconf 88' lang='lat' dir='ltr'><strong>adscr.</strong></span> <span class='ocrx_word' id='word_1_817' title='bbox 2497 5152 2632 5210; x_wconf 91' lang='lat' dir='ltr'><strong>ead.</strong></span> <span class='ocrx_word' id='word_1_818' title='bbox 2662 5169 2744 5210; x_wconf 92' lang='lat' dir='ltr'><strong>m.</strong></span> <span class='ocrx_word' id='word_1_819' title='bbox 2795 5183 2867 5196; x_wconf 92' lang='lat'>—</span> <span class='ocrx_word' id='word_1_820' title='bbox 2918 5155 2968 5224; x_wconf 85' lang='grc'>⁷)</span> <span class='ocrx_word' id='word_1_821' title='bbox 3000 5153 3187 5225; x_wconf 90' lang='lat' dir='ltr'><strong>Coni.,</strong></span> <span class='ocrx_word' id='word_1_822' title='bbox 3245 5155 3379 5209; x_wconf 89' lang='lat' dir='ltr'><strong>cod.</strong></span> <span class='ocrx_word' id='word_1_823' title='bbox 3414 5155 3538 5207; x_wconf 80' lang='grc' dir='ltr'>αὔτε</span> <span class='ocrx_word' id='word_1_824' title='bbox 3590 5153 3684 5209; x_wconf 93' lang='lat' dir='ltr'><strong>vel</strong></span> <span class='ocrx_word' id='word_1_825' title='bbox 3739 5157 3882 5210; x_wconf 79' lang='grc' dir='ltr'>οὔτε.</span> 
     </span>
    </p>
   </div>
   <div class='ocr_carea' id='block_1_107' title="bbox 2390 5385 2412 5668">
    <p class='ocr_par' dir='ltr' id='par_1_107' title="bbox 2390 5385 2412 5668">
     <span class='ocr_line' id='line_1_107' title="bbox 2390 5385 2412 5668; baseline 0 0"><span class='ocrx_word' id='word_1_826' title='bbox 2390 5385 2412 5668; x_wconf 67' lang='grc' dir='ltr'>ἒ</span> 
     </span>
    </p>
   </div>
   <div class='ocr_carea' id='block_1_108' title="bbox 2070 5259 2322 5317">
    <p class='ocr_par' dir='ltr' id='par_1_108' title="bbox 2070 5259 2322 5317">
     <span class='ocr_line' id='line_1_108' title="bbox 2070 5259 2322 5317; baseline 0.008 -2"><span class='ocrx_word' id='word_1_827' title='bbox 2070 5259 2322 5317; x_wconf 77' lang='lat' dir='ltr'><strong>NOTAE.</strong></span> 
     </span>
    </p>
   </div>
   <div class='ocr_carea' id='block_1_109' title="bbox 571 5384 2861 5457">
    <p class='ocr_par' dir='ltr' id='par_1_109' title="bbox 571 5384 2861 5457">
     <span class='ocr_line' id='line_1_109' title="bbox 571 5384 2861 5457; baseline -0.002 -14"><span class='ocrx_word' id='word_1_828' title='bbox 571 5386 649 5457; x_wconf 83' lang='grc'>(1)</span> <span class='ocrx_word' id='word_1_829' title='bbox 683 5385 765 5443; x_wconf 75' lang='lat' dir='ltr'><strong>cr.</strong></span> <span class='ocrx_word' id='word_1_830' title='bbox 799 5387 968 5442; x_wconf 83' lang='lat' dir='ltr'><strong>Rom.</strong></span> <span class='ocrx_word' id='word_1_831' title='bbox 997 5385 1091 5451; x_wconf 91' lang='lat' dir='ltr'><strong>v1,</strong></span> <span class='ocrx_word' id='word_1_832' title='bbox 1128 5386 1212 5440; x_wconf 68' lang='lat'><strong>19.</strong></span> <span class='ocrx_word' id='word_1_833' title='bbox 2332 5385 2408 5457; x_wconf 89' lang='lat'>(6)</span> <span class='ocrx_word' id='word_1_834' title='bbox 2440 5384 2635 5457; x_wconf 82' lang='lat' dir='ltr'><strong>Matth.</strong></span> <span class='ocrx_word' id='word_1_835' title='bbox 2658 5385 2746 5451; x_wconf 86' lang='lat' dir='ltr'><strong>v1,</strong></span> <span class='ocrx_word' id='word_1_836' title='bbox 2770 5384 2861 5441; x_wconf 68' lang='lat'><strong>24.</strong></span> 
     </span>
    </p>
   </div>
   <div class='ocr_carea' id='block_1_110' title="bbox 593 5456 2790 5527">
    <p class='ocr_par' dir='ltr' id='par_1_110' title="bbox 593 5456 2790 5527">
     <span class='ocr_line' id='line_1_110' title="bbox 593 5456 2790 5527; baseline -0.001 -14"><span class='ocrx_word' id='word_1_837' title='bbox 593 5456 648 5527; x_wconf 86' lang='lat'>2)</span> <span class='ocrx_word' id='word_1_838' title='bbox 676 5458 894 5513; x_wconf 88' lang='lat' dir='ltr'><strong>Psalm.</strong></span> <span class='ocrx_word' id='word_1_839' title='bbox 925 5457 1156 5524; x_wconf 84' lang='lat' dir='ltr'><strong>CXVIII,</strong></span> <span class='ocrx_word' id='word_1_840' title='bbox 1185 5459 1272 5512; x_wconf 81' lang='lat' dir='ltr'><strong>l8.</strong></span> <span class='ocrx_word' id='word_1_841' title='bbox 2332 5456 2409 5527; x_wconf 85' lang='lat'>(&#39;7)</span> <span class='ocrx_word' id='word_1_842' title='bbox 2445 5456 2589 5527; x_wconf 90' lang='lat' dir='ltr'><strong>Eph.</strong></span> <span class='ocrx_word' id='word_1_843' title='bbox 2618 5459 2679 5522; x_wconf 88' lang='lat' dir='ltr'><strong>V,</strong></span> <span class='ocrx_word' id='word_1_844' title='bbox 2703 5462 2790 5513; x_wconf 86' lang='lat'><strong>27.</strong></span> 
     </span>
    </p>
   </div>
   <div class='ocr_carea' id='block_1_111' title="bbox 592 5527 2812 5598">
    <p class='ocr_par' dir='ltr' id='par_1_111' title="bbox 592 5527 2812 5598">
     <span class='ocr_line' id='line_1_111' title="bbox 592 5527 2812 5598; baseline -0.001 -12"><span class='ocrx_word' id='word_1_845' title='bbox 592 5527 648 5598; x_wconf 94' lang='lat'>3)</span> <span class='ocrx_word' id='word_1_846' title='bbox 683 5530 728 5584; x_wconf 90' lang='lat' dir='ltr'><strong>Il</strong></span> <span class='ocrx_word' id='word_1_847' title='bbox 762 5531 890 5586; x_wconf 91' lang='lat' dir='ltr'><strong>Cor.</strong></span> <span class='ocrx_word' id='word_1_848' title='bbox 929 5528 1012 5598; x_wconf 87' lang='lat' dir='ltr'><strong>VI,</strong></span> <span class='ocrx_word' id='word_1_849' title='bbox 1048 5532 1130 5583; x_wconf 69' lang='grc'>14.</span> <span class='ocrx_word' id='word_1_850' title='bbox 2331 5527 2411 5598; x_wconf 91' lang='grc'><strong>(8)</strong></span> <span class='ocrx_word' id='word_1_851' title='bbox 2439 5527 2568 5583; x_wconf 90' lang='lat' dir='ltr'><strong>Joh.</strong></span> <span class='ocrx_word' id='word_1_852' title='bbox 2600 5530 2733 5594; x_wconf 88' lang='lat' dir='ltr'><strong>XIV,</strong></span> <span class='ocrx_word' id='word_1_853' title='bbox 2760 5533 2812 5584; x_wconf 90' lang='lat'><strong>6.</strong></span> 
     </span>
    </p>
   </div>
   <div class='ocr_carea' id='block_1_112' title="bbox 591 5600 2958 5667">
    <p class='ocr_par' dir='ltr' id='par_1_112' title="bbox 591 5600 2958 5667">
     <span class='ocr_line' id='line_1_112' title="bbox 591 5600 2958 5667; baseline -0.002 -10"><span class='ocrx_word' id='word_1_854' title='bbox 591 5600 647 5667; x_wconf 76' lang='grc'>4)</span> <span class='ocrx_word' id='word_1_855' title='bbox 680 5608 725 5654; x_wconf 90' lang='lat' dir='ltr'><strong>II</strong></span> <span class='ocrx_word' id='word_1_856' title='bbox 760 5604 888 5657; x_wconf 90' lang='lat' dir='ltr'><strong>Cor.</strong></span> <span class='ocrx_word' id='word_1_857' title='bbox 919 5601 1008 5667; x_wconf 86' lang='lat' dir='ltr'><strong>Vl,</strong></span> <span class='ocrx_word' id='word_1_858' title='bbox 1043 5602 1130 5656; x_wconf 79' lang='lat' dir='ltr'><strong>l6.</strong></span> <span class='ocrx_word' id='word_1_859' title='bbox 2333 5600 2412 5667; x_wconf 87' lang='lat'>(9)</span> <span class='ocrx_word' id='word_1_860' title='bbox 2435 5601 2649 5654; x_wconf 88' lang='lat' dir='ltr'><strong>Jerem.</strong></span> <span class='ocrx_word' id='word_1_861' title='bbox 2676 5600 2846 5665; x_wconf 86' lang='lat' dir='ltr'><strong>XXXI,</strong></span> <span class='ocrx_word' id='word_1_862' title='bbox 2871 5602 2958 5656; x_wconf 90' lang='lat'><strong>33.</strong></span> 
     </span>
    </p>
   </div>
   <div class='ocr_carea' id='block_1_113' title="bbox 590 5606 3172 5750">
    <p class='ocr_par' dir='ltr' id='par_1_113' title="bbox 590 5606 3172 5750">
     <span class='ocr_line' id='line_1_113' title="bbox 591 5606 2958 5668; baseline -0.002 -11"><span class='ocrx_word' id='word_1_863' title='bbox 591 5606 625 5657; x_wconf 76' lang='grc'><strong>4</strong></span> <span class='ocrx_word' id='word_1_864' title='bbox 680 5608 725 5654; x_wconf 90' lang='lat' dir='ltr'><strong>II</strong></span> <span class='ocrx_word' id='word_1_865' title='bbox 760 5606 888 5657; x_wconf 89' lang='lat' dir='ltr'><strong>Cor.</strong></span> <span class='ocrx_word' id='word_1_866' title='bbox 919 5606 1008 5667; x_wconf 86' lang='lat' dir='ltr'><strong>VI,</strong></span> <span class='ocrx_word' id='word_1_867' title='bbox 1043 5606 1130 5656; x_wconf 81' lang='grc'>16.</span> <span class='ocrx_word' id='word_1_868' title='bbox 2356 5606 2412 5668; x_wconf 89' lang='lat'>9)</span> <span class='ocrx_word' id='word_1_869' title='bbox 2435 5606 2649 5654; x_wconf 88' lang='lat' dir='ltr'><strong>Jerem.</strong></span> <span class='ocrx_word' id='word_1_870' title='bbox 2676 5606 2846 5665; x_wconf 88' lang='lat' dir='ltr'><strong>XXXI,</strong></span> <span class='ocrx_word' id='word_1_871' title='bbox 2871 5606 2958 5656; x_wconf 90' lang='lat'><strong>33.</strong></span> 
     </span>
     <span class='ocr_line' id='line_1_114' title="bbox 590 5606 3172 5750; baseline -0 -22"><span class='ocrx_word' id='word_1_872' title='bbox 590 5606 649 5750; x_wconf 52' lang='grc' dir='ltr'>ὅ)</span> <span class='ocrx_word' id='word_1_873' title='bbox 678 5673 723 5729; x_wconf 90' lang='lat' dir='ltr'><strong>ll</strong></span> <span class='ocrx_word' id='word_1_874' title='bbox 748 5673 894 5731; x_wconf 87' lang='lat' dir='ltr'><strong>Petr.</strong></span> <span class='ocrx_word' id='word_1_875' title='bbox 925 5672 992 5743; x_wconf 89' lang='lat' dir='ltr'><strong>ll,</strong></span> <span class='ocrx_word' id='word_1_876' title='bbox 1027 5674 1111 5728; x_wconf 87' lang='grc'><strong>19.</strong></span> <span class='ocrx_word' id='word_1_877' title='bbox 2329 5606 2445 5746; x_wconf 61' lang='lat' dir='ltr'>(t0)</span> <span class='ocrx_word' id='word_1_878' title='bbox 2472 5670 2495 5724; x_wconf 94' lang='grc' dir='ltr'><strong>Ι</strong></span> <span class='ocrx_word' id='word_1_879' title='bbox 2525 5673 2644 5729; x_wconf 87' lang='lat' dir='ltr'><strong>Pet.</strong></span> <span class='ocrx_word' id='word_1_880' title='bbox 2668 5671 2734 5740; x_wconf 91' lang='lat' dir='ltr'><strong>Il,</strong></span> <span class='ocrx_word' id='word_1_881' title='bbox 2768 5674 2819 5727; x_wconf 84' lang='lat'><strong>9.</strong></span> <span class='ocrx_word' id='word_1_882' title='bbox 2854 5672 2957 5728; x_wconf 89' lang='lat' dir='ltr'><strong>Tit.</strong></span> <span class='ocrx_word' id='word_1_883' title='bbox 2986 5670 3053 5737; x_wconf 91' lang='lat' dir='ltr'><strong>Il,</strong></span> <span class='ocrx_word' id='word_1_884' title='bbox 3087 5672 3172 5727; x_wconf 79' lang='grc'><strong>14.</strong></span> 
     </span>
    </p>
   </div>
   <div class='ocr_carea' id='block_1_114' title="bbox 2329 5385 2351 5746">
    <p class='ocr_par' dir='ltr' id='par_1_114' title="bbox 2329 5385 2351 5746">
     <span class='ocr_line' id='line_1_115' title="bbox 2329 5385 2351 5746; baseline 0 0"><span class='ocrx_word' id='word_1_885' title='bbox 2329 5385 2351 5746; x_wconf 65' lang='grc' dir='ltr'><em>ἔ</em></span> 
     </span>
    </p>
   </div>
  </div>
