4084 6256
248 330 360 395 ιη

1732 328 2136 394 EPISTOLAE.

3507 348 3614 409 418

235 460 508 535 εὐδαίμων
540 463 570 520 ἡ
599 464 817 520 τοιαύτη
872 458 1052 535 ψυχή,
1090 462 1201 523 ἣτις
1252 463 1543 520 ἠττηθεῖσα
1598 470 1670 533 τῷ
1700 482 1844 515 πνευ-

1972 463 2096 517 duit
2109 477 2201 518 me
2214 463 2568 521 vestimentis
2585 466 2797 522 salutis
2811 471 2865 523 et
2878 468 3226 527 indumento
3240 472 3497 532 iustitiae
3508 477 3621 532 cir-

230 560 443 624 ματικῷ
523 555 695 627 ἒρωτι,
766 550 922 614 ἀξίως
987 550 1275 624 ἐνυμφεύθη
1329 560 1402 621 τῷ
1463 554 1558 621 θεῷ
1603 553 1646 614 ¹)
1697 552 1852 623 λόγω.

228 642 415 713 λεγέτω
453 660 623 693 τοίνυν
670 640 827 706 αὐτη,
877 640 1072 712 λεγέω·
1134 639 1558 711 ἀγαλλιάσθω
1598 643 1627 699 ἡ
1680 640 1851 712 ψυχή

231 750 356 803 μου
397 729 498 783 ἐπὶ
558 737 642 781 τῶ
680 734 922 804 κυρίῳ·
973 726 1241 782 ἐνέδυσε
1278 732 1400 802 γάρ
1462 750 1535 802 με
1594 730 1854 802 ἱμάτιον

236 824 588 894 σωτηρίου,
621 823 730 871 καὶ
769 837 1020 889 χιτωνα
1057 819 1466 892 εὐφροσύνης
1503 822 1856 892 περιέθηκέ

230 929 366 981 μοι,
398 911 473 967 ὡς
509 912 761 980 νυμφίῳ
790 907 1026 981 μίτραν
1050 908 1117 979 ²),
1149 913 1257 960 καὶ
1296 910 1369 968 ὡς
1396 911 1647 980 νύμφην
1679 928 1855 961 κατε-

231 1018 302 1051 κο
319 1001 531 1070 σμησέ
567 1016 639 1068 με
676 1000 916 1068 κόσμῳ.
949 1000 1147 1057 ταύτης
1166 998 1266 1068 γὰρ
1294 1000 1353 1048 τό
1383 997 1569 1059 κάλλος
1598 999 1854 1070 ἐπιθυμή-

235 1106 329 1146 σας
360 1088 385 1137 ό
416 1084 672 1158 βασιλεύς
698 1092 793 1146 τῆς
825 1081 982 1147 δόξης
1019 1084 1342 1147 κατηξίωσεν
1374 1085 1537 1143 αὐτὴν
1584 1091 1855 1158 χρηματί-

234 1177 424 1238 ζεσθαι
452 1175 511 1226 ού
542 1179 697 1246 μόνον
719 1177 838 1226 ναόν
868 1176 1004 1240 θεοῦ,
1036 1173 1164 1226 ἀλλά
1187 1174 1276 1225 καί
1304 1176 1568 1247 θυγατέρα
1597 1174 1852 1246 βασιλέως

231 1269 325 1316 καὶ
356 1259 651 1335 βασιλίδα·
685 1266 803 1315 ναόν
835 1266 925 1334 μὲν
960 1265 1077 1315 θεοῦ
1107 1266 1175 1325 ὡς
1215 1263 1571 1316 οἰκειωθεῖσαν
1604 1273 1675 1334 τῷ
1719 1264 1852 1336 ἁγίῳ

230 1356 491 1425 πνεύματι
516 1372 528 1385 ·
557 1354 821 1426 θυγατέρα
847 1349 906 1405 δε
938 1351 1203 1424 βασιλέως
1226 1355 1685 1410 τεκνοποιηθεῖσαν
1709 1356 1853 1426 παρὰ

229 1449 327 1495 τοῦ
358 1446 553 1515 πατρός
581 1449 681 1493 τῶν
714 1446 890 1513 φώτων
922 1458 933 1469 ·
963 1444 1053 1492 καὶ
1098 1437 1361 1512 βασιλίδα
1400 1444 1467 1502 ὡς
1503 1444 1850 1513 συναφθεῖσαν

229 1539 294 1604 τῇ
334 1533 509 1588 θεόητι
550 1538 641 1590 τῆς
673 1526 834 1592 δόξης
878 1537 969 1581 τοῦ
1002 1536 1322 1601 μονογενοῦς,
1370 1532 1481 1582 κοθ’
1523 1532 1576 1581 ὅν
1603 1532 1705 1604 γὰρ
1735 1533 1851 1604 τρό-

228 1639 330 1673 πον
363 1621 388 1672 ό
420 1623 622 1691 κύριος,
666 1620 732 1679 εἷς
771 1623 838 1669 ὢν
887 1618 1005 1671 κατ’
1039 1619 1246 1683 οὐσίαν,
1292 1618 1626 1690 πολυώνυμος
1673 1624 1850 1690 γέγονε

228 1712 372 1761 κατὰ
433 1708 770 1781 τροπολογίαν
834 1709 995 1760 ἕνεκεν
1056 1715 1151 1770 τῆς
1210 1707 1509 1779 οἰκονομίας
1586 1712 1849 1780 σωτηρίας

1972 551 2267 609 cumdedit
2294 568 2402 618 me,
2427 555 2599 624 quasi
2635 570 2916 625 sponsum
2946 558 3292 617 decoratum
3323 578 3539 621 corona
3573 570 3626 622 et

1966 643 2139 711 quasi
2174 657 2451 709 sponsam
2492 650 2773 700 ornatam
2801 646 3113 704 monilibus
3147 652 3274 705 suis
3308 650 3407 722 (l).
3443 653 3627 709 Huius

1964 730 2128 785 enim
2150 729 2655 801 pulchritudinem
2685 737 3117 806 concupiscens
3143 754 3245 794 rex
3278 739 3503 809 gloriae
3535 741 3624 797 di-

1964 827 2181 887 gnatus
2204 824 2804 893 esteamnuncupare
2835 840 2956 880 non
2974 825 3168 883 solum
3186 828 3476 899 templum
3498 830 3620 897 Dei,

1965 907 2069 962 sed
2100 912 2154 962 et
2188 906 2371 963 ﬁliam
2403 910 2559 979 regis
2601 916 2656 966 et
2694 912 2966 982 reginam
2999 931 3011 969 :
3052 917 3343 988 templum
3372 918 3622 990 quidem

1967 995 2064 1051 Dei
2084 1000 2146 1050 ut
2163 996 2340 1069 204
2354 997 2685 1055 habitatam
2699 1015 2735 1055 a
2750 1002 2967 1072 Spiritu
2982 1009 3211 1070 sancto,
3223 1005 3403 1062 ﬁliam
3421 1014 3623 1066 autem

1962 1085 2119 1154 regis
2153 1091 2213 1140 ut
2252 1086 2603 1157 adoptatam
2634 1094 2853 1161 apatre
2876 1090 3259 1157 luminum,et
3274 1095 3543 1166 reginam
3560 1103 3625 1155 ut

1962 1178 2228 1244 aptatam
2269 1174 2572 1231 divinitati
2600 1177 2823 1246 gloriae
2837 1180 3150 1249 Unigeniti.
3166 1182 3251 1237 Ad
3265 1199 3446 1254 quem
3460 1186 3623 1242 enim

1965 1263 2214 1318 modum
2248 1264 2556 1332 Dominus,
2582 1267 2683 1337 qui
2706 1272 2795 1322 est
2818 1284 2971 1323 unus
2988 1271 3323 1327 secundum
3342 1273 3623 1331 substan-

1961 1352 2127 1417 tiam,
2172 1353 2360 1410 multa
2400 1355 2649 1411 nomina
2687 1356 2917 1427 accepit
2957 1358 3179 1429 tropice
3214 1366 3458 1432 propter
3496 1363 3623 1418 dis-

1960 1442 2375 1512 pensationem
2431 1443 2638 1499 salutis
2676 1443 2991 1501 hominum
3033 1447 3062 1504 ?
3102 1449 3417 1513 Quomodo
3457 1455 3624 1522 petra

1960 1529 2296 1601 appellatur
2335 1538 2390 1587 et
2428 1533 2648 1587 ostium
2690 1535 2718 1589 ‘P
2756 1534 3066 1605 quomodo
3110 1536 3336 1593 securis
3376 1543 3432 1595 et
3466 1539 3566 1596 via
3594 1539 3624 1595 Τ

1959 1622 2017 1673 et
2043 1619 2256 1675 iterum
2295 1620 2432 1675 vitis
2472 1626 2527 1677 et
2566 1622 2741 1692 panis
2785 1621 2813 1677 ‘l
2852 1623 3022 1680 Petra
3052 1625 3298 1697 quidem
3329 1627 3408 1684 ob
3437 1628 3623 1686 robur

1960 1707 2084 1762 eius
2124 1708 2553 1765 inconcussum
2605 1714 2663 1766 et
2701 1711 3142 1770 inaccessibile.
3192 1715 3419 1772 Ostium
3460 1733 3618 1785 vero,

228 1807 333 1851 τῶν
384 1797 664 1870 ἀνθρώπων
718 1798 811 1868 (πῆ
853 1800 943 1869 μὲν
995 1801 1161 1868 πέτρα
1215 1798 1526 1869 όνομασθεὶς
1565 1800 1652 1848 καὶ
1692 1799 1843 1869 θύρα,

1958 1797 2240 1868 quiaipse
2253 1803 2339 1852 est
2352 1798 2629 1854 introitus
2645 1805 2921 1856 aeternae
2940 1802 3116 1859 vitae.
3142 1804 3374 1860 Securis
3395 1810 3617 1873 autem,

224 1895 302 1945 πῆ
341 1883 400 1939 δὲ
432 1885 585 1958 ἁφίνη
638 1890 727 1938 καὶ
759 1883 903 1953 ὁδός,
952 1889 1042 1937 καὶ
1087 1881 1235 1945 αὖθις
1285 1885 1512 1956 ἄμπελος
1543 1889 1631 1937 καὶ
1669 1886 1846 1957 ἄρτος,

224 1981 399 2048 πέτρα
427 1979 517 2047 μεν
571 1971 747 2027 διὰτὸ
779 1973 828 2026 ἓν
965 1975 1116 2047 ῥώμη
1164 1975 1325 2027 αύτοῦ
1366 1974 1612 2026 ἄσειστον
1663 1993 1716 2025 τε
1758 1978 1848 2026 καὶ

232 2064 523 2137 ἀπρόσιτον
554 2079 567 2091 ·
605 2067 738 2139 θύρα
786 2060 846 2116 δὲ
877 2060 972 2117 διὰ
1021 2067 1080 2116 16
1112 2063 1264 2116 αὑτὸν
1312 2060 1443 2115 εἶναι
1495 2059 1699 2115 εἴσοδον
1752 2071 1848 2125 τῆς

228 2155 443 2207 αἰωνίου
476 2153 619 2215 ζωῆς
650 2168 664 2182 ’
698 2152 848 2215 ἀξίνη
897 2149 956 2205 δε
998 2150 1092 2205 διὰ
1132 2156 1189 2205 1'6
1243 2151 1507 2205 ἐκκόπτειν
1552 2151 1704 2204 αύτόν
1753 2154 1847 2214 τὰς

224 2252 321 2305 τῆς
366 2247 558 2303 κακίας
606 2243 762 2317 ῥίζας
789 2259 800 2272 ’
829 2246 920 2294 καὶ
967 2238 1089 2302 όδὸς
1121 2238 1215 2294 διὰ
1260 2245 1319 2293 τό
1370 2243 1512 2313 ἄγειν
1544 2240 1699 2293 αὐτὸν
1729 2245 1845 2302 τούς

228 2333 405 2396 ἀξίους
435 2335 519 2385 ἰπὶ
560 2336 655 2390 τὴν
698 2340 793 2394 τῆς
827 2331 1078 2393 ἀληθείας
1104 2334 1386 2403 ἐπίγνωσιν
1411 2351 1423 2363 ·
1459 2334 1549 2383 καὶ
1594 2330 1840 2403 ἄμπελος,

227 2423 309 2475 ὅτι
360 2420 414 2484 ἐξ
482 2422 643 2474 αὐτοῦ
697 2422 723 2472 6
776 2420 1059 2493 εὐφραίνων
1110 2417 1336 2495 καρδίαν
1386 2418 1661 2492 ἀνθρώπου
1713 2416 1844 2481 οἶνος

225 2517 676 2586 καρποφορεῖται·
711 2511 902 2581 ὁμοίως
956 2505 1015 2561 δε
1069 2513 1157 2561 καὶ
1210 2511 1387 2582 ἄρτος,
1442 2510 1523 2561 ὅτι
1578 2509 1843 2581 στηρίζων

224 2596 452 2675 καρδίαν
492 2600 706 2671 λογικοῦ
759 2598 928 2669 ζώου)
956 2618 967 2629 ·
1005 2602 1092 2650 τόν
1138 2598 1295 2650 αὐτὸν
1327 2604 1518 2672 τρόπον
1567 2602 1657 2651 καὶ
1691 2600 1720 2656 ἡ
1765 2598 1841 2649 οἰ-

224 2690 507 2741 κειωθεῖσα
550 2696 624 2758 τῷ
666 2690 764 2759 θεῷ
815 2688 858 2759 ³)
902 2686 1039 2759 λόγῳ
1070 2688 1283 2759 ἄμωμος
1329 2686 1484 2758 ψυχὴ
1527 2691 1844 2761 μονότροπος

227 2779 577 2849 τυγχάνουσα
604 2779 743 2829 κατὰ
791 2776 977 2838 πολλὰς
1025 2778 1295 2849 προκοπὰς
1337 2785 1438 2827 τῶν
1481 2784 1843 2847 πνευματικῶν

228 2866 422 2940 ἀρετῶν
458 2872 547 2919 καὶ
576 2872 671 2919 τᾶν
734 2862 941 2940 δωρεῶν
994 2864 1362 2927 ἀξιωθήσεται.
1411 2863 1613 2939 εἴρηται
1665 2861 1726 2917 δέ
1753 2884 1844 2937 μοι

230 2964 406 3008 ταῦτα
459 2958 616 3009 ἕνεκεν
679 2962 773 3009 τοῦ
824 2956 869 3026 ⁸)
927 2954 987 3006 ού
1042 2958 1195 3026 μόνον
1253 2961 1415 3026 τριχῆ
1470 2955 1704 3006 νοεῖσθαι
1756 2957 1842 3006 τόν

234 3048 613 3118 χρηματισμὸν
648 3054 742 3108 τῆς
787 3047 1013 3116 νύμφης,
1070 3042 1199 3095 ἀλλὰ
1256 3048 1346 3095 καὶ
1399 3042 1696 3114 πολλαχῶς.
1754 3047 1844 3113 γί-

1957 1885 2102 1957 quia
2128 1886 2420 1942 exscindit
2444 1887 2677 1943 radices
2699 1887 3030 1959 pravitatis.
3065 1893 3124 1946 Et
3153 1892 3271 1959 via,
3293 1893 3438 1965 quia
3455 1893 3621 1951 ducit

1957 1973 2174 2043 dignos
2205 1975 2281 2029 ad
2319 1975 2579 2031 veritatis
2606 1976 3038 2046 cognitionem.
3076 1978 3142 2035 Et
3163 1978 3323 2046 vitis,
3350 1982 3516 2053 quod
3546 1997 3620 2039 ex

1956 2061 2087 2133 ipso
2107 2062 2448 2120 exhilarans
2477 2079 2580 2119 cor
2603 2064 2865 2121 hominis
2892 2066 3091 2122 vinum
3118 2069 3409 2141 carpitur.
3442 2070 3613 2127 Simi-

1955 2149 2085 2206 liter
2098 2166 2234 2207 vero
2247 2152 2427 2208 etiam
2441 2153 2635 2223 panis,
2646 2158 2847 2224 utpote
2860 2155 3226 2212 conﬁrmans
3239 2172 3343 2213 cor
3353 2159 3614 2216 rationa-

1954 2239 2089 2295 bilis
2119 2240 2415 2296 animalis.
2434 2244 2495 2296 ln
2511 2241 2765 2298 eandem
2778 2243 3071 2300 rationem
3084 2245 3263 2302 etiam
3277 2246 3617 2306 inhabitata

1954 2343 1990 2384 a
2014 2331 2130 2385 Deo
2164 2329 2348 2385 verbo
2370 2329 2758 2387 immaculata
2782 2332 3005 2398 anima,
3035 2334 3286 2405 simplex
3318 2334 3496 2403 facta,
3527 2352 3619 2392 se-

1954 2417 2223 2473 cundum
2257 2417 2473 2474 multos
2502 2419 2801 2489 profectus
2844 2421 3252 2492 spiritualibus
3300 2424 3617 2481 virtutibus

1953 2506 2253 2578 donisque
2283 2505 2648 2575 dignabitur.
2688 2508 2847 2565 Dicta
2876 2514 3077 2565 autem
3107 2510 3414 2568 sunthaec
3435 2528 3471 2570 a
3494 2528 3615 2584 me,

1951 2600 2017 2650 ut
2046 2610 2170 2651 non
2210 2596 2405 2651 solum
2446 2594 2749 2667 tripliciter
2789 2597 3151 2669 intelligatur
3187 2603 3500 2658 oraculum
3540 2602 3617 2659 de

1953 2699 2197 2755 sponsa,
2223 2684 2329 2739 sed
2341 2684 2942 2756 etiamjmultifariam.
2959 2686 3263 2757 Cognosce
3278 2704 3438 2760 vero,
3450 2690 3615 2747 hunc

1953 2788 2085 2828 esse
2099 2773 2405 2844 planctum
2419 2774 2477 2828 in
2491 2779 2816 2846 conspectu
2830 2776 3232 2841 nostri,donec
3247 2778 3618 2836 introeamus

1953 2862 2033 2917 ad
2058 2864 2253 2918 altare
2276 2862 2405 2927 Dei,
2425 2862 2682 2918 adDeum
2697 2862 2802 2934 qui
2833 2864 3489 2933 laetiﬁcatiuventutem
3503 2884 3610 2926 no-

1954 2958 2139 3007 stram
2154 2952 2256 3021 (2).
2275 2950 2402 3007 Vult
2415 2950 2575 3006 enim
2592 2951 2883 3021 Salvator,
2897 2954 3077 3010 etiam
3094 2969 3228 3020 nos,
3242 2956 3422 3027 quiin
3436 2971 3617 3014 carne

1956 3055 2304 3107 sumus,sua
2316 3040 2561 3110 apathia
2586 3039 2801 3110 dignos
2832 3041 3000 3097 reddi
3015 3042 3371 3115 implerique
3389 3046 3610 3102 sancti-

232 3151 406 3184 νωσκε
452 3128 529 3198 δέ,
563 3132 639 3184 ὃτι
668 3139 820 3186 τοῦτο
849 3138 1015 3194 κόπος
1060 3133 1105 3203 ⁵)
1138 3131 1284 3184 ἐστὶν
1319 3130 1534 3184 ἐνώπιον
1585 3133 1731 3202 ἡμῶν
1762 3132 1833 3203 ⁸),

1957 3134 2175 3197 tate,ut
2208 3129 2989 3191 conﬁdenterdicamus:ln
3026 3146 3208 3189 carne
3225 3132 3605 3191 ambulantes

228 3222 324 3283 ἕως
353 3221 414 3273 οὖ
440 3220 744 3294 εἰσέλθωμεν
773 3225 819 3292 ⁷)
854 3222 920 3283 εἰς
951 3225 1019 3274 τὸ
1052 3221 1509 3294 ἁγιαστήριον
1546 3228 1656 3272 τοῦ
1698 3222 1843 3272 θεοῦ

226 3314 390 3384 πρός
420 3313 524 3362 τόν
567 3312 708 3363 θεὸν
740 3311 1172 3383 εὐφραίνοντα
1200 3315 1315 3368 την
1346 3313 1619 3366 νεότητα
1648 3310 1840 3381 ἡμῶν,

234 3397 485 3470 βούλεται
530 3401 633 3472 γὰρ
682 3399 819 3470 ἡμᾶς
856 3400 882 3450 6
912 3405 1083 3473 σωτὴρ
1136 3398 1184 3451 ἐν
1218 3403 1377 3473 σαρκὶ
1428 3402 1578 3460 ὄντας
1628 3403 1719 3450 καὶ
1750 3407 1843 3461 τῆς

233 3488 494 3548 ἀπαθείας
569 3486 732 3539 αὐτοῦ
796 3487 1199 3555 καταξιωθῆναι,
1262 3492 1346 3540 καὶ
1422 3495 1515 3540 τοῦ
1575 3488 1842 3559 ἁγιασμοῦ

228 3575 595 3649 πληρωθῆναι,
676 3577 757 3629 ἵνα
834 3576 1135 3652 θαῤῥοῦντες
1194 3578 1452 3649 λέγωμενο
1509 3580 1567 3629 ἒν
1645 3580 1844 3649 σαρκὶ

226 3672 739 3738 περιπατοῦντες
776 3665 846 3717 ού
880 3669 1041 3718 κατά
1071 3668 1282 3738 σάρκα
1318 3667 1838 3740 στρατευόμεθα·

229 3756 305 3805 τὰ
342 3755 463 3827 γὰρ
503 3753 664 3805 ὅπλα
692 3762 804 3815 τῆς
837 3760 1192 3829 στρατείας
1224 3757 1400 3827 ἡμῶν
1431 3755 1499 3806 ού
1536 3756 1841 3829 σαρκικά,

230 3839 386 3894 ἀλλὰ
424 3838 671 3895 δυνατὰ
695 3850 778 3914 τῷ
810 3846 928 3914 θεῷ
968 3848 1133 3916 πρὸς
1163 3846 1555 3916 καθαίρεσιν
1595 3843 1843 3917 ὀχυρω-

229 3933 475 4002 μάτων·
506 3932 867 4004 λογισμοὺς
897 3935 1362 4004 καθαιροῦντες
1391 3937 1498 3984 καὶ
1532 3938 1653 3984 πᾶν
1682 3931 1844 4002 644w-

227 4040 314 4092 μα
352 4022 786 4093 ἐπαιρόμενον
826 4024 991 4074 κατὰ
1029 4029 1141 4083 τῆς
1178 4027 1479 4093 γνώσεως
1520 4028 1629 4073 τοῦ
1667 4023 1839 4073 θεοῦ.

226 4112 342 4181 χρὴ
374 4113 549 4161 τοίνυν
576 4108 803 4162 ἐντεῦθεν
843 4106 949 4168 ἠδη
979 4110 1325 4184 προσηλῶσαι
1356 4112 1493 4182 ἡμᾶς
1524 4117 1594 4161 τῶ
1633 4115 1843 4183 σταυρῷ

225 4200 295 4250 τὰ
321 4200 465 4256 πάθη
497 4206 590 4259 τῆς
621 4198 882 4271 ἁμαρτίας
910 4201 1046 4252 κατὰ
1083 4204 1176 4259 τὴν
1209 4207 1300 4251 τοῦ
1332 4202 1599 4273 προφήτου
1623 4197 1789 4269 εύχήν
1823 4214 1836 4228 ·

228 4286 610 4345 καθήλωσον
649 4286 711 4339 ἐκ
741 4295 851 4340 τοῦ
882 4286 1089 4361 φόϐου
1125 4307 1235 4341 σου
1267 4290 1380 4350 τὰς
1420 4289 1669 4357 σάρκας
1698 4306 1842 4359 μου.

232 4375 372 4448 σὰρξ
390 4377 494 4451 γὰρ
524 4381 614 4430 καὶ
643 4378 791 4449 αἷμα,
820 4382 936 4451 περὶ
964 4378 1030 4430 ὧν
1054 4379 1190 4450 λέγει
1216 4380 1240 4429 6
1269 4376 1560 4439 ἀπόστολος
1586 4380 1658 4449 μὴ
1688 4373 1845 4429 δύνα-

1954 3234 2074 3274 ηοη
2087 3217 2411 3274 secundum
2438 3232 2674 3274 carnem
2714 3218 3226 3284 militamus;nam
3266 3237 3439 3278 arma
3459 3223 3613 3278 mili-

1955 3310 2071 3363 tiae
2100 3313 2339 3361 nostrae
2363 3321 2478 3361 non
2504 3306 2785 3363 carnalia
2814 3309 3083 3372 sunt,sed
3102 3310 3370 3379 potentia
3389 3311 3508 3368 Deo
3533 3312 3615 3367 ad

1952 3396 2405 3452 destructionem
2437 3395 2856 3462 munitionum,
2890 3398 3141 3454 consilia
3169 3399 3540 3456 destruentes
3556 3405 3614 3458 et

1953 3499 2181 3541 omnem
2210 3484 2584 3540 altitudinem
2615 3486 2996 3542 extollentem
3026 3502 3087 3543 se
3115 3487 3401 3545 adversus
3432 3489 3615 3546 scien-

1954 3574 2095 3629 tiam
2114 3574 2223 3629 Dei
2233 3572 2330 3645 (3).
2349 3573 2489 3628 lude
2503 3572 2681 3642 igitur
2692 3579 2866 3645 oport
2877 3575 3054 3631 etiam
3071 3575 3313 3647 afﬁgere
3327 3592 3438 3634 nos
3450 3578 3614 3635 cruci

1952 3662 2267 3734 passiones
2286 3662 2513 3734 peccati
2532 3662 2867 3718 secundum
2901 3666 3229 3736 prophetae
3246 3666 3610 3723 orationem:

1955 3751 2192 3823 Con/Ege
2209 3751 2524 3807 timoretuo
2542 3766 2752 3807 carnes
2778 3767 2938 3808 meas
2965 3754 3063 3824 (4).
3082 3757 3229 3810 Nam
3253 3770 3394 3812 caro
3407 3760 3464 3811 et
3479 3771 3614 3813 san-

1953 3855 2105 3910 guis,
2121 3856 2274 3912 quas
2291 3840 2435 3895 dicit
2447 3839 2768 3911 Apostolus
2780 3855 2902 3896 non
2920 3856 3095 3913 posse
3111 3857 3362 3912 regnum
3382 3844 3479 3900 Dei
3493 3860 3615 3902 sor-

1955 3929 2067 3996 tiri,
2099 3946 2217 3985 non
2236 3930 2808 4002 205esthocquod
2839 3932 3204 4003 conspicitur
3233 3948 3469 4005 corpus,
3495 3933 3612 3990 hoc

1953 4020 2112 4074 enim
2128 4021 2293 4074 aDeo
2305 4019 2629 4073 formatum
2656 4023 2765 4082 est,
2788 4018 2895 4073 sed
2925 4019 3251 4088 prudentia
3286 4021 3488 4077 carnis
3507 4022 3612 4094 (5),

1952 4124 2110 4180 quae
2139 4111 2412 4162 movetur
2437 4122 2472 4161 a
2498 4105 2803 4177 spiritibus
2824 4108 3143 4179 nequitiae,
3168 4108 3273 4180 qui
3287 4116 3615 4179 operantur

1954 4198 2016 4253 in
2045 4197 2200 4266 ﬁlios
2214 4194 2588 4265 difﬁdentiae
2621 4194 2724 4266 (6).
2765 4195 2994 4251 Etenim
3014 4212 3134 4252 non
3171 4198 3454 4254 adversus
3477 4213 3612 4255 car-

1953 4300 2086 4343 nem
2109 4291 2163 4341 et
2180 4284 2531 4356 sanguinem
2563 4281 2836 4355 perfectis
2866 4283 2927 4339 in
2958 4284 3189 4341 Christo
3222 4286 3615 4343 certatoribus

1955 4380 2036 4431 est
2058 4372 2423 4439 colluctatio,
2450 4373 2553 4429 sed
2587 4372 2869 4429 adversus
2907 4373 3116 4429 mundi
3148 4379 3404 4431 rectores
3446 4381 3607 4433 tene-

232 4467 364 4518 σθαι
412 4463 687 4538 βασιλείαν
737 4468 853 4520 θεοῦ
883 4467 1297 4543 κληρονομῆσαι,
1344 4466 1402 4519 ού
1434 4469 1589 4518 τοῦτό
1640 4464 1753 4518 ἐστι
1784 4468 1842 4518 τό

1960 4465 2203 4520 brarum
2236 4463 2474 4528 harum,
2508 4461 3078 4531 contrasptritualia
3105 4464 3405 4535 nequitiae
3433 4465 3531 4536 (7).

233 4555 490 4628 ὁρώμενον
526 4563 711 4626 σῶμα·
743 4562 896 4608 τοῦτο
923 4558 1025 4629 γὰρ
1056 4557 1156 4609 ὑπὸ
1190 4558 1304 4609 θεοῦ
1329 4554 1561 4612 ἐπλάσθη
1587 4575 1599 4587 ·
1649 4553 1776 4606 ἀλλὰ
1807 4556 1873 4606 τὸ
1904 4574 1935 4626 φ
1947 4557 2088 4628 ρόνη
2107 4572 2195 4623 μα
2232 4558 2304 4609 τῆ
2326 4572 2346 4612 ς
2387 4553 2586 4624 σαρκὸ
2605 4572 2625 4613 ς
2660 4554 2718 4603 τό
2764 4552 3061 4623 κινούμενον
3100 4552 3201 4603 ὑπὸ
3228 4559 3328 4605 τῶν
3370 4555 3606 4625 πνευμά-

234 4661 340 4694 των
370 4651 466 4704 τῆς
489 4648 761 4719 πονηρίας,
813 4653 929 4698 τῶν
969 4643 1410 4721 ἐνεργούντων
1448 4651 1587 4705 τοῖς
1627 4645 1797 4705 υἱοῖς
1835 4649 1949 4703 τῆς
1988 4640 2344 4702 ἀπειθείας.
2383 4639 2450 4691 ού
2484 4641 2586 4715 γὰρ
2617 4642 2772 4713 πρὸς
2814 4640 2976 4713 αἷμα
3012 4643 3123 4693 καὶ
3163 4642 3373 4714 σάρκα
3408 4649 3519 4702 τοῖς
3554 4644 3607 4697 ἄν

248 4736 468 4801 Χριστῷ
517 4732 727 4796 τελείοις
785 4732 1101 4806 ἀγωνισταῖς
1157 4736 1187 4793 ἡ
1246 4734 1446 4798 πάλη,
1501 4731 1659 4785 ἀλλὰ
1710 4735 1870 4805 πρὸς
1922 4733 2075 4791 τοὺς
2131 4730 2678 4802 κοσμοκράτορας
2735 4735 2847 4780 τοῦ
2907 4733 3187 4793 σκότους
3224 4737 3333 4784 τοῦ
3375 4730 3610 4794 αἰῶνος

242 4820 507 4888 τούτου,
545 4825 705 4896 πρὸς
735 4824 812 4876 τὰ
847 4825 1256 4896 πνευματικὰ
1294 4832 1416 4885 τῆς
1452 4825 1793 4893 πονηρίας-

1564 4972 1820 5029 VARIAE
1857 4969 2271 5029 LECTIONES.

318 5095 494 5180 i)‘
525 5096 683 5180 cod.”
717 5099 1048 5180 npnﬂazxzp.
1077 5130 1145 5180 —_
1172 5102 1216 5180 ξ)
1247 5098 1518 5180 Emend?
1565 5096 1700 5153 cod.
1757 5102 1983 5180 μῆτρανζ
2014 5124 2080 5138 -
2110 5095 2156 5167 ⁸)
2214 5094 2304 5150 Sic
2333 5092 2493 5159 cod.,
2519 5108 2653 5180 non
2689 5091 2865 5180 θεῖκῷ.
2897 5125 2963 5136 -
2986 5094 3032 5180 4)
3058 5092 3335 5177 Emend,
3364 5096 3499 5154 cod.
3530 5096 3615 5180 τό.

234 5199 305 5210 ——
344 5142 1534 5251 5):s'i'c.'c'62i.’,fioilé'I-Zéna;s’l‘iﬁiéf.
1567 5142 1700 5251 E66,.
1725 5142 1832 5251 8ξᾶ
1867 5142 2087 5251 Eadem
2132 5142 2211 5222 in.
2253 5180 2441 5251 supra
2479 5142 2677 5247 adscr.
2727 5149 2957 5251 Περὶ-ειη
2986 5142 3471 5251 insignun‘ique‘
3508 5169 3615 5225 cir-

237 5236 533 5316 cuniﬂexi
562 5240 832 5311 syllabae
878 5261 979 5316 μου
1034 5236 1353 5316 imposuit,
1386 5240 1548 5299 unde
1568 5236 1732 5313 ’ἡμῶν
1762 5239 2087 5311 legendum
2116 5253 2249 5293 esse
2274 5236 2630 5293 existimavi.
2663 5267 2731 5277 —
2762 5238 2781 5271 ⁷
2807 5236 2926 5294 Cod
2957 5236 3188 5305 εἰσέλθω,
3219 5238 3325 5295 sed
3360 5236 3495 5296 ead.
3528 5256 3613 5300 m.

242 5326 441 5384 supra
459 5312 661 5371 adscr.
694 5331 835 5386 ομεν.

1795 5399 2047 5457 NOTAE.

338 5510 389 5579 ι)
414 5507 550 5564 lsai.
588 5505 730 5576 LXI,
762 5511 851 5567 to.

332 5578 388 5648 2)
414 5578 638 5636 Psalm.
666 5579 825 5648 XLII,
856 5581 894 5636 4

308 5581 388 5722 (2;
414 5581 638 5636 Psalm.
666 5581 825 5648 XLII,
856 5581 894 5636 4

306 5651 364 5722 (γε
417 5650 466 5706 ιι
496 5651 629 5722 cor.
662 5653 724 5717 x,
758 5652 811 5708 3.
843 5654 896 5709 4.
926 5652 984 5709 ιι.

310 5721 394 5797 (ι)
423 5721 644 5781 Psalm.
672 5723 900 5794 CXVIII,
939 5724 1066 5782 420.

528 5828 772 5890 ΡΑτιιοι..
812 5830 918 5891 Gn.
959 5829 1210 5891 XXXIV.

2027 5504 2104 5576 (δ)
2145 5504 2314 5576 Rom.
2345 5502 2482 5576 vni,
2512 5506 2565 5560 6.

2059 5573 2118 5645 6)
2160 5575 2307 5646 Eph.
2339 5573 2409 5642 II,
2441 5578 2492 5630 2.

2059 5578 2118 5645 θ)
2160 5577 2307 5646 Eph.
2339 5577 2409 5642 II,
2441 5578 2492 5630 2.

2031 5577 2114 5720 27)
2154 5646 2301 5719 Eph.
2328 5647 2418 5714 Vl,
2448 5648 2532 5707 l2.

3276 5817 3343 5903 ii
