4084 6256
527 310 635 368 419
1847 303 1901 358 S.
1948 300 2139 357 ΜΑοᾹ

2284 297 2612 355 AEGYPTII
3789 296 3896 351 420

600 434 825 502 Quodsi
846 434 1221 499 conﬁtemur,
1250 447 1371 488 non
1390 429 1726 487 naturalem
1755 445 1883 485 esse
1899 427 2190 500 operatio-

2374 426 2433 478 Εἰ
2480 422 2567 477 οὖν
2612 422 2978 496 ὁμολογοῦμεν,
3028 426 3099 495 μὴ
3156 426 3381 494 φυσικὴν
3431 421 3562 476 εἶναι
3614 426 3708 481 τὴν
3765 424 3900 498 ἐνέρ-

525 539 666 581 nem
685 523 999 592 istam,sed
1021 522 1505 579 adversariarum
1524 517 2131 589 virtutum,poterimu

2300 534 2443 587 γειαν
2500 516 2713 579 ταύτην,
2775 512 2880 564 ἀλλ’
2938 511 2991 564 ἐκ
3045 520 3144 564 τῶν
3194 510 3550 584 ἀντικειμένων
3602 508 3895 585 δυνάμεων,

523 616 775 684 accepta
812 611 1106 668 adversus
1143 625 1246 666 eas
1284 616 1602 667 armatura
1640 607 1874 671 Christi,
1914 607 2136 661 resiste]

2302 600 2659 674 δυνησόμεθα,
2709 604 2825 654 κατ’
2886 601 3052 653 αὐτῶν
3113 599 3452 664 ἀναλαϐόντες
3505 606 3600 660 τὴν
3658 608 3900 677 Χριστοῦ

522 717 733 757 earum
757 701 989 756 insidiis
1008 700 1106 772 (Ι),
1136 699 1397 755 donante
1420 697 1597 753 nobis
1619 702 1971 768 potestatem
1992 694 2135 750 Salv:

2296 692 2683 758 πανοπλίαν,
2731 691 3039 751 ἀντιστῆναι
3083 698 3227 751 ταῖς
3275 687 3665 763 μεθοδείαις
3709 691 3899 758 αὐτῶν,

523 793 651 846 tore
680 789 1155 858 calcandisupra
1182 794 1480 856 serpentes
1510 790 1564 843 et
1586 785 1921 853 scorpiones
1935 791 1986 840 et
2008 798 2136 853 supt

2298 776 2625 855 δωρουμένου
2680 782 2803 852 ἡμῖν
2859 776 3081 852 δύναμιν
3121 786 3217 832 τοῦ
3260 786 3489 854 σωτῆρος
3526 782 3658 853 πρὸς
3694 783 3751 832 τό
3791 799 3902 832 πεο-

523 894 751 936 omnem
766 881 1043 935 virtutem
1071 876 1492 947 adversarii(2)
1517 892 1529 941 ;
1558 873 1968 930 utaudeamus
1991 873 2136 927 diceI

2292 872 2563 941 τεῖνήμᾶς
2620 870 2824 922 ἐπάνω
2873 872 3067 941 ὄφεων
3118 874 3226 921 καὶ
3283 873 3605 942 σκορπίων
3645 873 3754 921 καὶ
3792 872 3902 921 ἐπὶ

522 967 669 1023 dum
701 968 759 1023 in
789 983 968 1024 carne
982 984 1193 1023 sumus
1212 982 1223 1020 :
1243 966 1625 1038 Iniquitatem
1637 965 1687 1020 si
1697 963 1974 1035 aspexiin
1987 963 2135 1018 cordi

2291 964 2499 1011 πᾶσαν
2538 964 2646 1018 τὴν
2690 955 2963 1031 δύναμιν
3003 966 3092 1011 τοῦ
3115 958 3463 1031 ἀντικειμένου
3482 975 3493 988 ’
3521 959 3606 1011 ἵνα
3631 958 3900 1033 θαρρῶμεν

520 1072 637 1113 non
650 1058 929 1114 exaudiet
950 1058 1233 1113 Dominus
1245 1056 1324 1127 (3)
1341 1074 1353 1122 ;
1371 1060 1446 1110 et:
1460 1054 1600 1111 Sine
1614 1053 1929 1124 iniquitate
1940 1067 2133 1108 cucur:

2290 1047 2450 1119 λέγειν
2475 1052 2524 1100 ἒν
2552 1054 2709 1125 σαρκὶ
2740 1052 2903 1110 ὄντες⁶
2931 1045 3198 1102 ἀδικίαν
3229 1048 3281 1101 εἰ
3318 1048 3627 1123 ἐθεωρουν
3667 1050 3722 1100 ἓν
3751 1068 3902 1120 καρ-

519 1150 575 1203 et
594 1146 794 1203 direxi
806 1146 906 1217 (4),
924 1146 983 1201 id
999 1151 1108 1211 est,
1124 1145 1252 1200 sine
1265 1143 1479 1201 affectu
1492 1142 1762 1216 quodam
1777 1141 2004 1198 carnali
2020 1141 2132 1196 viai

2293 1134 2423 1201 δία,
2473 1143 2552 1211 μὴ
2617 1138 3072 1191 εἰσακουσάτω
3112 1141 3375 1212 κύριος·
3419 1142 3544 1191 καί·
3579 1139 3722 1190 ἄνευ
3764 1136 3901 1190 ἀνο-

521 1235 794 1291 coelestis
852 1234 1322 1290 conversationis
1375 1232 1545 1289 facile
1572 1232 1893 1301 ingredior.
1914 1231 1995 1287 ad
2011 1231 2134 1287 dest

2290 1232 2437 1299 μίας
2476 1224 2755 1300 ἔδραμον
2795 1232 2902 1279 καὶ
2940 1229 3337 1280 κατεύθυνα·
3372 1227 3512 1280 τοῦτ’
3562 1230 3721 1293 ἔστιν,
3772 1228 3898 1279 ἄνευ

520 1329 730 1379 natum
760 1338 1135 1394 persequens,
1177 1322 1257 1378 ad
1288 1322 1555 1377 bravium
1596 1335 1891 1389 supernae
1928 1319 2133 1376 vocatu

2288 1318 2488 1379 πάθους
2508 1320 2646 1380 τινός
2674 1324 2926 1389 σαρκικοῦ
2948 1321 3041 1375 τὴν
3064 1315 3111 1368 ἐν
3137 1316 3375 1389 οὐρανοῖς
3397 1316 3658 1369 πολιτείαν
3694 1312 3901 1391 ῥᾳδίως

520 1410 613 1466 nis
642 1411 741 1481 (5).
775 1412 862 1466 Ab
888 1412 1049 1466 omni
1074 1411 1231 1465 enim
1255 1409 1469 1464 affectu
1483 1408 2133 1464 abalienatiaudebimr

2292 1405 2478 1478 βαίνω,
2519 1409 2680 1458 κατά
2719 1411 2965 1458 σκοπόν
3027 1403 3276 1457 διώκων
3316 1405 3416 1458 ἐπὶ
3474 1409 3541 1458 τό
3584 1404 3903 1480 βραϐεῖον

519 1499 716 1555 dicere
745 1516 755 1552 :
786 1515 907 1555 non
934 1499 1113 1554 modo
1127 1500 1303 1566 ﬁdem
1319 1499 1571 1562 servavi.
1600 1497 1705 1553 sed
1732 1498 1909 1552 etiam
1938 1512 2132 1552 cursui

2289 1502 2402 1556 τῆς
2438 1496 2560 1547 ἀνω
2589 1496 2700 1553 κλή
2721 1515 2837 1548 σεω
2854 1512 2901 1557 ς·
2923 1498 3113 1555 παντὸς
3132 1498 3233 1569 γὰρ
3257 1498 3452 1556 πάθους
3473 1494 3902 1570 ἀλλοτριωθέντες

519 1588 929 1645 consummavi
948 1589 1256 1661 (6).Neque
1273 1589 1431 1643 enim
1460 1587 1700 1643 credere
1724 1586 1918 1642 solum
1945 1593 2132 1657 oportt

2288 1584 2626 1657 τολμήσωμεν
2653 1584 2843 1656 λέγειν·
2870 1586 2927 1636 ού
2945 1589 3096 1656 μόνον
3126 1589 3236 1643 τὴν
3276 1589 3507 1637 πίστιν
3538 1590 3898 1659 τετήρηκα,

519 1678 766 1744 Christo,
812 1678 915 1733 sed
956 1679 1135 1733 etiam
1177 1679 1298 1749 pati
1336 1693 1471 1732 cum
1522 1691 1614 1742 co,
1657 1675 1990 1731 secundum
2032 1674 2132 1729 illu

2290 1671 2419 1724 ἀλλά
2456 1677 2682 1726 καὶτὸν
2724 1671 2962 1747 δρόμον
3000 1673 3331 1726 τετέλεκα’
3367 1673 3426 1726 ού
3474 1677 3574 1749 γὰρ
3629 1677 3900 1727 πιστεύειν

516 1767 683 1839 quod
713 1767 940 1822 dictum
973 1772 1087 1822 est:
1114 1766 1443 1823 Vobisenim
1458 1766 1971 1822 donatumestnon
1984 1764 2129 1820 solui

2287 1766 2438 1833 μόνον
2465 1759 2545 1815 δεῖ
2576 1770 2816 1837 Χριστῷ,
2846 1762 2973 1815 ἀλλὰ
3000 1766 3090 1815 καὶ
3116 1765 3456 1835 συμπάσχειν
3487 1763 3651 1834 αὐτῷ,
3677 1767 3813 1816 κατά
3838 1768 3899 1817 τό

514 1861 584 1911 ut
606 1856 671 1912 in
701 1856 1003 1912 Christum
1019 1855 1295 1921 credatis.
1321 1855 1424 1912 sed
1444 1862 1507 1910 ut
1526 1854 1703 1911 etiam
1723 1870 1832 1922 pro
1857 1854 1966 1910 illo
1984 1853 2127 1922 pati:

2290 1851 2583 1924 εἰρημένον·
2632 1853 2777 1924 ὑμῖν
2832 1855 2935 1926 γὰρ
2976 1850 3319 1926 ἐχαρίσθη
3360 1852 3426 1905 οὗ
3466 1857 3656 1925 μόνον
3696 1856 3765 1905 τὸ
3808 1854 3903 1915 εἰς

514 1946 666 2001 mini
695 1945 794 2016 (7).
838 1948 984 2002 Nam
1026 1945 1220 2000 solum
1261 1944 1500 2001 credere
1544 1947 1659 2000 Deo
1698 1959 1907 1999 eorum
1947 1948 2035 1998 est
2070 1958 2127 2015 qI

2287 1945 2575 2015 Χριστόν
2624 1944 2987 2007 πιστεύειν,
3040 1941 3202 1994 ἀλλὰ
3238 1946 3347 1994 καὶ
3386 1944 3453 1994 τὸ
3494 1944 3647 2016 ὑπὲρ
3689 1942 3900 1995 αὐτοῦ

515 2039 750 2090 terrena
775 2036 1037 2106 sapiunt.
1069 2050 1144 2091 ne
1182 2035 1384 2091 dicam
1419 2041 1475 2089 et
1504 2033 1959 2089 immundorum
2000 2032 2128 2103 spir:

2289 2032 2568 2102 πάσχειν
2593 2052 2605 2064 ι
2640 2034 2697 2083 τό
2739 2033 2840 2104 γὰρ
2872 2035 3024 2102 μόνον
3054 2032 3320 2083 πιστεύειν
3354 2032 3449 2102 θεῷ
3480 2039 3579 2084 τῶν
3612 2034 3678 2084 τὰ
3693 2034 3902 2104 ἐπίγεια

515 2128 688 2179 tuum
729 2122 834 2196 qui
873 2124 1081 2179 dicunt
1112 2140 1125 2178 :
1153 2124 1388 2180 Scimus
1429 2129 1485 2179 te
1520 2122 1624 2193 qui
1660 2122 1760 2190 sis,
1798 2122 1891 2189 fili
1927 2122 2035 2177 Dei
2070 2121 2127 2192 (8

2287 2122 2602 2193 φρονούντων
2652 2118 2812 2184 ἐστίν,
2861 2120 2943 2172 ἶνα
2990 2124 3061 2192 μὴ
3115 2119 3267 2191 λέγω,
3320 2122 3402 2173 ὅτι
3447 2125 3539 2173 καὶ
3585 2129 3684 2172 τῶν
3731 2120 3900 2174 ἀκαθ-

517 2214 773 2285 Utraque
794 2212 952 2268 enim
988 2229 1126 2283 pars
1156 2212 1399 2267 inimica
1430 2218 1516 2267 est
1545 2210 1736 2267 crucis
1759 2211 1963 2266 Christi
1988 2226 2003 2276 ;
2030 2226 2130 2281 quc

2285 2212 2453 2283 άρτων
2492 2211 2792 2281 πνευμάτων
2818 2217 2916 2261 τῶν
2941 2210 3187 2281 λεγόντων
3209 2229 3221 2242 ’
3261 2207 3531 2283 οἴδαμέν
3574 2230 3640 2263 σε
3678 2215 3778 2272 τίς
3817 2208 3896 2277 εἶ,

514 2317 651 2358 rum
674 2303 814 2370 ﬁnis
844 2302 1140 2368 interitus,
1158 2318 1411 2372 quorum
1433 2302 1587 2357 Deus
1608 2308 1809 2356 venter
1820 2304 1965 2357 estet
1975 2301 2127 2371 glori

2286 2303 2387 2353 υἰέ
2416 2308 2525 2352 τοῦ
2563 2302 2704 2353 θεοῦ
2721 2318 2732 2329 ·
2768 2300 2983 2373 ἑκάτερα
3000 2303 3101 2374 γὰρ
3126 2302 3336 2375 τὰμέρη
3363 2300 3533 2374 ἐχθρὰ
3547 2302 3783 2375 ὑπάρχει
3798 2308 3896 2354 τοῦ

512 2390 574 2446 in
608 2392 956 2461 confusione
976 2392 1240 2458 ipsorum
1264 2390 1368 2462 qui
1395 2397 1635 2447 terrena
1667 2393 1912 2461 sapiunt
1954 2389 2053 2462 (9).
2086 2390 2125 2443 V

2290 2396 2517 2461 σταυροῦ
2548 2396 2639 2441 τοῦ
2666 2396 2930 2463 Χριστοῦ·
2960 2389 3037 2441 ὧν
3078 2392 3149 2441 τό
3188 2389 3369 2450 τέλος
3410 2387 3713 2457 ἀπώλεια,
3746 2391 3825 2442 ὧν
3872 2393 3897 2444 ό

513 2480 723 2546 desne,
764 2495 885 2536 non
929 2484 1162 2535 tantum
1202 2480 1566 2550 apostaticas
1604 2480 1852 2535 virtutes
1903 2479 2126 2535 inimicc

2290 2480 2425 2541 θεός
2469 2480 2498 2537 ἡ
2548 2477 2784 2542 κοιλία,
2825 2481 2927 2529 καὶ
2968 2480 2997 2536 ἠ
3043 2475 3206 2541 δόξα
3244 2480 3301 2532 ἓν
3340 2486 3411 2551 τῇ
3454 2478 3745 2551 αἰσχύνη
3786 2480 3900 2534 αύ-

512 2570 707 2625 crucis
729 2584 881 2638 esse,
911 2568 1014 2623 sed
1040 2573 1096 2624 et
1125 2584 1229 2624 eos
1255 2569 1357 2640 qui
1391 2573 1623 2625 terrena
1641 2568 1925 2641 sapiunt?
1941 2568 2125 2625 PatiaI

2286 2575 2425 2637 τῶν,
2455 2568 2511 2619 οἱ
2548 2570 2624 2618 τὰ
2662 2565 2915 2638 ἐπίγεια
2953 2568 3527 2640 φρονοῦντες-ὁρᾷς,
3553 2567 3715 2621 ὅτιού
3738 2574 3899 2640 μόνον

511 2661 632 2713 tem
660 2672 798 2712 cum
826 2657 1057 2713 Christo
1079 2662 1135 2713 et
1151 2656 1591 2727 congloriﬁcari
1610 2657 1806 2713 solum
1831 2673 2036 2714 eorum
2060 2673 2124 2712 es

2285 2658 2341 2708 ui
2363 2654 2715 2708 ἀποστατικαὶ
2738 2653 2985 2728 δυνάμεις
3006 2654 3190 2729 ἐχθροὶ
3211 2663 3302 2709 τοῦ
3331 2663 3561 2731 σταυροῦ
3590 2660 3896 2729 τυγχάνου-

512 2746 618 2817 qui
646 2760 773 2801 sese
812 2745 1434 2801 cruciﬁxeruntrebus
1461 2746 1639 2801 huius
1681 2746 1907 2811 mundi,
1947 2748 2125 2820 quiqu

2286 2764 2389 2814 σιν,
2406 2745 2534 2797 ἀλλὰ
2554 2750 2643 2798 καὶ
2663 2746 2711 2797 οἱ
2726 2748 2792 2797 τὰ
2808 2744 3005 2816 ἐπίγεια
3024 2752 3350 2819 φρονοῦντες
3377 2750 3435 2798 τὸ
3460 2742 3494 2798 δ
3497 2750 3519 2798 ι
3544 2749 3892 2820 συμπάσχειν

509 2834 1044 2904 Doministigmata
1060 2834 1123 2891 in
1130 2835 1397 2905 propriis
1410 2835 1759 2904 corporibus
1767 2840 2014 2906 portant
2029 2839 2050 2906 (
2065 2842 2122 2893 ΙΟ

2283 2842 2497 2910 Χριστῷ
2524 2840 2614 2886 καὶ
2646 2830 3070 2897 συνδοξάξεσθαι
3093 2839 3244 2906 μόνον
3282 2843 3380 2888 τῶν
3408 2835 3623 2899 ἑαυτοὺς
3653 2855 3889 2911 στανρωο

508 2924 753 2995 Oportet
776 2924 939 2979 enim
965 2924 1204 2996 eos,’qui
1222 2929 1376 2979 recte
1390 2923 1798 2996 philosophari
1826 2934 2062 2993 norunt,
2087 2943 2121 2982 a

2281 2925 2479 2976 σάντων
2508 2932 2607 2976 τῶν
2654 2931 2743 2977 τοῦ
2790 2928 2990 2995 κόσμου
3039 2925 3223 2977 τούτου
3255 2929 3344 2976 καὶ
3391 2926 3471 2977 τά
3507 2932 3619 2977 τοῦ
3654 2929 3880 2998 κυρίου

507 3028 627 3085 que
648 3013 884 3068 animas
903 3029 974 3068 ex
999 3012 1259 3069 malitiae
1282 3014 1748 3085 inquinamentis
1763 3015 2116 3071 redemerun

2280 3018 2615 3085 στίγματα
2662 3012 2718 3065 ἰν
2748 3020 2881 3074 τοῖς
2918 3012 3191 3074 οἰκειοις
3226 3019 3488 3085 σώμασι
3519 3012 3888 3086 βασταζόν-

505 3107 784 3160 accurate
813 3102 961 3157 scire
983 3100 1396 3175 philosophiae
1430 3102 1632 3169 ﬁnem,
1663 3107 1723 3159 ut
1748 3104 1986 3176 cognito
2007 3111 2062 3160 et
2082 3105 2118 3161 it

2272 3121 2389 3154 των
2410 3103 2454 3173 ¹)
2486 3101 2627 3154 ἐστίν
2652 3118 2662 3130 ·
2689 3098 2771 3154 δεῖ
2794 3104 2896 3173 γὰρ
2917 3105 3035 3163 τοὺς
3063 3101 3227 3176 ὀρθῶς
3252 3102 3545 3174 φιλοσοφεῖν
3572 3103 3884 3173 ἐγνωκότας,

504 3192 663 3248 neris
698 3191 904 3249 labore
942 3196 998 3248 et
1052 3207 1263 3247 cursus
1313 3192 1585 3257 termino,
1634 3207 1845 3247 omnes
1890 3193 2117 3250 deiiciaI

2271 3196 2360 3243 καὶ
2385 3194 2475 3253 τὰς
2496 3191 2678 3262 ψυχὰς
2693 3189 2748 3242 ἐκ
2764 3198 2863 3243 τῶν
2881 3199 2941 3250 τῆ
2955 3211 2975 3251 ς
2991 3196 3173 3251 κακίας
3188 3190 3468 3264 μολυσμῶν
3485 3191 3879 3264 λυτρουμένους,

506 3281 855 3351 superbiam
885 3285 941 3335 et
962 3280 1378 3350 gloriationem
1392 3280 1465 3335 de
1480 3281 1652 3336 bonis
1669 3282 1844 3353 206
1859 3282 2119 3354 operibus

2271 3279 2498 3353 ἀκριϐῶς
2519 3277 2711 3333 εἰδέναι
2731 3284 2817 3332 τὸν
2847 3287 2929 3341 ιῆς
2955 3280 3255 3353 φιλοσοφίας
3279 3285 3494 3347 σκοπόν,
3517 3282 3658 3345 ὅπως
3681 3286 3882 3355 μεμαθ-

504 3374 687 3440 atque
716 3370 983 3424 animam
1005 3385 1178 3424 suam
1204 3384 1324 3425 una
1344 3385 1484 3426 cum
1508 3371 1626 3426 vita
1648 3371 1978 3427 secundum
1999 3388 2117 3442 prae

2272 3375 2452 3431 ηκότες
2483 3377 2577 3433 τῆς
2606 3389 2659 3422 τε
2687 3373 2899 3444 πορείας
2935 3372 3021 3421 τὸν
3050 3374 3223 3436 πόνον,
3251 3374 3342 3422 καὶ
3365 3377 3457 3423 τοῦ
3485 3367 3685 3444 δρόμου
3712 3375 3772 3424 τό
3798 3376 3883 3426 πέ-

505 3462 747 3527 ceptum
762 3457 1094 3528 Scripturae
1107 3457 1480 3527 abnegantes
1496 3460 1539 3525 (Ι
1555 3459 1609 3529 1)
1625 3474 1809 3513 unum
1824 3460 2118 3516 intueantc

2270 3458 2566 3535 ραςρίψωσι
2596 3462 2686 3531 μὲν
2724 3460 2905 3519 πάντες
2950 3463 3045 3518 τὴν
3099 3455 3404 3531 αὐθάδειαν,
3436 3465 3526 3512 καὶ
3576 3464 3635 3513 τό
3681 3468 3882 3534 φρονεῖν

507 3545 876 3611 thesaurum,
918 3561 1101 3618 quem
1165 3546 1499 3602 dilectionis
1538 3548 1598 3603 in
1663 3548 1955 3604 Christum
1996 3566 2120 3621 praI

2272 3548 2354 3601 ἐπὶ
2387 3554 2495 3610 τοῖς
2528 3551 2923 3621 κατορθώμασι,
2953 3553 3047 3607 τήν
3077 3567 3131 3601 τε
3178 3548 3372 3601 ἑαυτῶν
3414 3548 3599 3621 ψυχὴν
3630 3552 3766 3623 μετά
3792 3558 3881 3604 τοῦ

508 3633 698 3690 mium
723 3632 1107 3704 diligentibus
1135 3636 1452 3706 proposuit
1470 3638 1642 3701 Deus,
1670 3650 1893 3693 vocans
1925 3638 2001 3693 ad
2024 3654 2121 3694 euI

2273 3636 2395 3709 βίου
2423 3640 2639 3690 κατὰτὸ
2670 3643 2990 3713 πρόσταγμα
3019 3646 3109 3699 τῆς
3136 3646 3344 3711 γραφῆς
3376 3638 3731 3714 ἀρνησάμενοι
3750 3644 3879 3715 πρὸς

509 3737 723 3780 omnes
751 3724 855 3795 qui
888 3730 1190 3779 certamen
1214 3723 1549 3794 accipiendi
1580 3721 1872 3798 [crucem]
1894 3725 2122 3784 lubente

2272 3727 2357 3780 ἕνα
2409 3726 2647 3800 βλέπωσι
2668 3728 2707 3799 ³)
2746 3728 2989 3792 πλοῦτον,
3032 3729 3084 3780 ὃν
3138 3734 3233 3789 τῆς
3280 3727 3352 3790 εἰς
3405 3732 3635 3802 Χριστόν
3668 3728 3874 3802 ἀγάπης

507 3810 789 3868 subeunt:
808 3812 1032 3884 quibus
1046 3811 1259 3868 sufﬁcit
1280 3813 1356 3870 ad
1370 3813 1664 3869 eiusmodi
1680 3814 2021 3871 certaminis
2036 3832 2120 3873 Cll]

2272 3810 2425 3869 ἆθλον
2474 3824 2586 3879 τοῖς
2641 3816 2915 3888 ἀγαπῶσιν
2974 3818 3152 3875 ἔθηκεν
3195 3818 3220 3868 ὁ
3263 3818 3390 3883 θεός,
3432 3816 3599 3871 καλῶν
3620 3818 3687 3880 εἰς
3718 3818 3873 3872 αὐτὸν

508 3915 645 3957 sum
664 3900 946 3957 viaticum
972 3916 1115 3957 crux
1147 3900 1382 3965 Christi,
1414 3918 1600 3975 quam
1630 3919 1767 3960 cum
1793 3904 2121 3962 iucunditat

2271 3908 2466 3967 πάντας
2514 3909 2635 3967 τοὺς
2673 3910 2760 3959 τόν
2790 3905 2968 3979 ἀγῶνα
2996 3915 3086 3959 τοῦ
3133 3905 3305 3959 λαϐεῖν
3343 3909 3625 3982 προθύμως
3654 3909 3874 3981 ὑφιστα-

504 3990 792 4062 bonaque
805 4006 905 4061 spe
917 3994 1224 4061 portantes
1241 3990 1411 4063 sequi
1426 4007 1665 4049 necesse
1684 3998 1772 4049 est
1791 3993 2117 4051 SalvatoreI

2270 3999 2495 4068 μένους’
2534 3995 2605 4056 οἷς
2654 3994 2857 4069 ίξαρκεῖ
2905 3999 3035 4070 πρὸς
3077 4000 3171 4055 τὴν
3222 4003 3315 4049 τοῦ
3365 3999 3601 4050 τοιούτου
3664 4004 3877 4071 πορείαν

508 4080 717 4146 Deum,
744 4079 937 4151 legem
968 4085 1024 4135 et
1054 4080 1211 4136 viam
1223 4080 1378 4137 vitae
1392 4080 1674 4138 facientes
1686 4082 1841 4138 illius
1854 4083 2121 4155 diSpense

2270 4081 2477 4157 ἐφόδιον
2509 4085 2535 4136 ό
2569 4086 2795 4157 σταυρὸς
2826 4091 2917 4137 τοῦ
2940 4092 3198 4157 Χριστοῦ,
3227 4086 3281 4137 ὃν
3313 4082 3398 4138 δεῖ
3415 4087 3526 4159 μετ’
3557 4086 3879 4161 εὐφροσύνης

507 4167 751 4224 tionem.
787 4166 949 4224 Sicut
972 4167 1119 4223 dixit
1149 4169 1274 4240 ipse
1297 4170 1621 4240 Apostolus
1649 4187 1661 4224 :
1700 4170 2028 4228 imitatores
2050 4188 2120 4228 m4

2270 4179 2359 4227 καὶ
2403 4174 2606 4245 ἀγαθῆς
2655 4169 2865 4236 ἐλπίδος
2912 4171 3275 4246 βαστάζοντας
3314 4174 3611 4229 ἀκολουθεῖν
3647 4185 3721 4249 τῷ
3770 4197 3878 4231 σω-

504 4262 701 4321 estote.
735 4258 885 4312 sicut
900 4259 954 4312 et
966 4271 1068 4326 ego
1090 4257 1751 4328 Christi(t2),etrursus
1771 4276 1783 4314 :
1796 4275 1908 4330 per
1929 4262 2117 4329 patier

2270 4271 2393 4336 τῆρι
2421 4265 2538 4333 θεῷ,
2560 4266 2712 4335 νόμον
2737 4267 2825 4315 καὶ
2848 4258 2971 4315 ὁδόν
2984 4270 3075 4316 τοῦ
3099 4261 3221 4336 βίου
3245 4269 3337 4323 τὴν
3364 4264 3558 4319 ἐκείνου
3578 4270 3882 4340 ποιούμενοι

509 4345 654 4401 tiam
667 4345 959 4401 currimus
972 4347 1053 4401 ad
1061 4362 1132 4414 pr
1140 4347 1430 4414 opositum
1447 4348 1611 4403 nobis
1624 4355 1940 4414 certamen,
1970 4350 2122 4419 adsp:

2274 4352 2568 4424 οἰκονομίαν
2594 4372 2605 4384 ·
2632 4354 2800 4413 καθὼς
2818 4351 2953 4406 εἶπεν
2980 4352 3136 4415 αὐτὸς
3166 4355 3192 4406 ό
3213 4354 3521 4418 ἐαπόστολος
3547 4371 3559 4386 ⁰
3592 4362 3887 4429 μιμηταί

509 4434 725 4490 cientes
754 4432 818 4488 in
842 4438 1142 4491 auctorem
1154 4435 1297 4503 ﬁdei
1310 4438 1366 4492 et
1385 4441 1916 4494 consummatorem
1941 4437 2122 4494 Jesun

2273 4460 2390 4514 μου
2430 4442 2709 4513 γίνεσθε,
2767 4443 2976 4504 καθὼς
3014 4440 3184 4513 κάγά
3229 4451 3541 4517 Χριστοῦ.
3598 4450 3710 4499 καὶ
3756 4448 3886 4499 πά-

507 4523 613 4596 qui
619 4524 903 4595 proposito
914 4522 1026 4580 sibi
1034 4523 1254 4593 gaudio
1264 4526 1546 4581 sustinuit
1560 4528 2120 4597 crucem,confusion

2272 4530 2397 4583 λιν·
2447 4528 2529 4583 δι’
2568 4531 2894 4597 ὑπομονῆς
2934 4534 3252 4607 τρίχομεν
3290 4536 3395 4586 τὸν
3444 4537 3882 4608 προκείμενον

506 4619 867 4682 contempta,
886 4619 1066 4684 atque
1079 4614 1140 4668 in
1155 4614 1402 4671 dextera
1414 4615 1568 4671 sedis
1586 4616 1689 4671 Dei
1698 4616 1857 4672 sedet
1868 4617 2000 4689 (t3).
2018 4620 2060 4673 N
2066 4634 2119 4674 aI

2275 4621 2428 4691 ἡμῖν
2457 4618 2692 4691 ἀγῶνα,
2738 4620 3098 4695 ἀφορᾶντες
3139 4618 3223 4683 είς
3261 4625 3368 4675 τόν
3416 4632 3531 4684 τῆς
3599 4629 3884 4689 πίστεως

506 4702 897 4759 metuendum
924 4706 1036 4771 est,
1067 4717 1141 4759 ne
1169 4702 1345 4759 donis
1366 4705 1633 4777 aSpiritu
1660 4705 1918 4776 acceptis
1944 4705 2119 4771 elati“

2279 4707 2576 4783 ἀρχηγόν
2613 4714 2722 4763 καὶ
2760 4709 3105 4771 τελειωτὴν
3146 4708 3425 4779 Ἰησοῦν,
3465 4712 3531 4776 ὃς
3574 4712 3735 4767 ἀντὶ
3772 4724 3883 4776 τῆς

505 4794 660 4847 recte
680 4788 957 4846 faciendo
990 4789 1216 4861 aliquid
1242 4806 1349 4863 per
1377 4791 1647 4848 virtutem
1676 4793 2056 4851 occasionem
2078 4811 2114 4852 a

2277 4800 2703 4872 προκειμένης
2742 4798 2909 4871 αὐτῷ
2947 4805 3163 4876 χαρᾶς
3208 4802 3515 4876 ὑπέμεινε
3567 4808 3876 4881 σταυρόν,

1843 4926 2105 4985 VARIAE
2142 4930 2554 4991 LECTIONES.

589 5024 636 5096 1)
663 5024 805 5082 Cod.
841 5023 1335 5099 βυσταζόντων,
1369 5029 1475 5086 sed
1505 5031 1639 5088 ead.
1677 5047 1755 5089 m.
1792 5049 1944 5091 corr.
1983 5033 2322 5109 βασταξάν
2340 5056 2475 5094 των.
2506 5071 2573 5081 -
2603 5042 2623 5074 ²
2658 5039 2931 5112 Emend.,
2962 5040 3096 5099 cod.
3130 5041 3409 5116 βλέπουσι.

2066 5160 2324 5219 NOTAE.

580 5253 658 5336 (1)
699 5257 841 5336 ΕΡῘΙ·
1002 5262 1094 5336 ,Ηο
1137 5265 1222 5317 13·
2353 5270 2429 5336 (8)
2465 5272 2609 5328 Luc.
2645 5270 2731 5336 IV,
2765 5274 2853 5328 34.

605 5329 661 5409 _2)
699 5332 838 5409 huc,
876 5331 935 5395 x,
951 5332 1093 5409 _tg.__
1160 5403 1209 5409 7_
2354 5329 2432 5409 (9)
2463 5341 2610 5397 Phil.
2638 5329 2732 5409 III;
2768 5344 2851 5399 19.

602 5402 654 5484 gi)
696 5402 919 5484 gsaIm.
939 5402 1109 5484 city,
1149 5403 1233 5484 is.
2349 5402 2461 5484 (Ib)
2493 5412 2575 5469 cr.
2605 5402 2729 5470 Gal:
2763 5414 2851 5484 Vl,
2884 5416 2970 5472 ιτ.

596 5475 655 5609 ἓ)
692 5472 1111 5601 ξίῗῖιιῖῂιηιι,
1148 5480 1198 5531 5.
2350 5472 2467 5625 ἐκ)
2507 5485 2684 5541 Math.
2712 5472 2851 5553 xv1,’
2877 5488 2945 5542 24
2978 5505 3069 5561 sq.
3102 5485 3241 5546 Luc.
3276 5489 3366 5558 1x,
3400 5490 3489 5549 24.

604 5618 646 5625 -.
696 5615 739 5625 .-
770 5587 835 5625 _.'
933 5588 1020 5625 2---
1061 5586 1104 5625 ο,
2377 5555 2467 5625 12)
2501 5558 2516 5608 l
2548 5558 2678 5611 Cor.
2710 5558 2798 5624 IV,
2831 5559 2919 5614 16.

597 5483 630 5528 4
697 5483 905 5555 Psalm.
934 5483 1111 5542 LVIII,
1148 5483 1198 5531 5.
2382 5483 2467 5553 li)
2507 5485 2684 5541 Math.
2712 5483 2845 5553 XVI,
2877 5488 2945 5542 24
2978 5506 2983 5541 ε

597 5483 655 5609 51
692 5544 835 5627 Phil.
860 5545 949 5616 IIl,
986 5549 1074 5601 14.
2350 5483 2467 5705 ΞΩ)
2501 5558 2516 5608 Ι
2548 5558 2678 5611 Cor.
2710 5558 2798 5624 IV,
2831 5559 2919 5614 16.

691 5615 914 5705 illim.
947 5617 1039 5705 ΞΥ,
1075 5617 1124 5678 7.
2376 5627 2463 5699 13)
2495 5625 2667 5685 Hebr.
2700 5628 2810 5699 XII,
2848 5634 2893 5687 Ι.
2929 5632 2983 5686 2.

592 5686 651 5761 7)
690 5686 836 5747 Phil.
872 5692 912 5761 I,
946 5689 1039 5751 29.
