4084 6256
170 266 266 321 421

1645 259 2058 317 EPISTOLAE.

3427 273 3534 331 422

169 391 504 460 αἰσχύνης
570 389 1082 458 καταφρονήσας,
1147 385 1205 437 ἐν
1285 382 1470 456 δεξιᾷ
1544 407 1603 438 τε
1669 394 1778 437 τοῦ

1912 386 2180 457 ripientes
2203 388 2587 458 superbiendi
2605 393 2659 445 et
2675 389 2990 460 gloriandi,
3020 394 3369 468 priusquam
3397 399 3457 454 in
3479 400 3550 454 ﬁ-

171 481 402 551 θρόνου
450 483 564 528 τοῦ
616 477 762 527 θεοῦ
811 477 1122 527 κεκάθικε
1157 476 1218 545 ¹).
1256 471 1374 536 δέος
1416 477 1538 548 γάρ,
1572 480 1641 547 μὴ
1681 483 1786 535 τοῖς

167 569 316 640 παροί
343 574 436 620 τοῦ
466 567 760 636 πνεύματος
782 561 1097 636 δωρήμασιν
1125 562 1472 636 ἐπαιρόμενοι,
1497 570 1587 616 καὶ
1608 568 1664 616 τὸ
1697 585 1786 616 κα-

168 659 439 730 τορθῶσαί
453 675 504 707 τι
519 651 591 707 δι’
607 653 787 729 ἀρετὴν
807 652 1044 725 ἀφορμὴν
1062 652 1296 713 λαϐόντες
1315 654 1382 714 εἰς
1408 658 1464 705 τό
1480 662 1676 728 φρονεῖν
1697 652 1786 705 καὶ

174 747 545 817 σεμνήνεσθαι,
599 747 716 815 πρὶν
772 742 845 804 εἰς
897 743 1036 802 τέλος
1089 751 1188 794 τῶν
1233 743 1575 814 ἐλπιζομένων
1605 743 1783 805 ἐλθεῖν,

170 838 469 904 ἐκπέσωμεν
531 836 573 902 ²)
628 841 719 892 τῆς
767 833 951 906 ὁρμῆς,
1018 830 1232 904 ἀχρεῖον
1299 832 1497 892 ἑαυτοῖς
1561 836 1784 885 καὶτὸν

169 922 500 996 προλαϐόντα
549 924 702 972 πόνον
757 927 819 991 τῇ
873 915 1129 990 αὐθαδείᾳ
1176 924 1508 983 ποιήσαντες,
1557 925 1645 972 καὶ
1701 919 1784 971 ἀν-

168 1012 308 1074 άξιοι
339 1015 570 1083 φανέντες
600 1017 694 1070 τῆς
732 1008 1070 1076 τελειότητος,
1099 1009 1170 1068 εἰς
1211 1009 1272 1065 ἣν
1304 1011 1333 1066 ἠ
1367 1017 1460 1061 τοῦ
1501 1011 1784 1080 πνεύματος

171 1102 405 1154 εἵλκυσεν
440 1102 574 1172 ἡμᾶς
613 1101 773 1172 χάρις
803 1118 814 1130 ·
852 1095 932 1150 δεῖ
960 1095 1047 1150 οὖν
1087 1095 1339 1170 μηδαμοῦ
1372 1102 1456 1151 τὸν
1494 1108 1586 1150 τοῦ
1625 1104 1782 1152 πόνου

165 1196 314 1243 τόνον
379 1189 594 1254 ἐκλύειν,
665 1185 803 1259 μηδὲ
879 1187 1190 1249 ἐξίστασθαι
1264 1196 1365 1238 τῶν
1435 1192 1784 1260 προκειμένων

166 1281 402 1350 ἀγώνων,
450 1275 587 1349 μηδὲ
635 1286 744 1338 τοῖς
785 1280 1024 1340 κατόπιν,
1076 1280 1119 1328 εἰ
1162 1297 1212 1328 τι
1256 1281 1572 1349 πέπρακται,
1623 1296 1783 1328 σπου-

169 1365 325 1421 δαῖον
381 1372 646 1438 κατέχειν,
702 1365 806 1417 ἀλλ’
868 1369 1068 1417 ἐκείνων
1123 1368 1212 1436 μὲν
1264 1365 1428 1424 λήθην
1485 1365 1782 1438 λαμϐάνειν,

166 1459 251 1511 ἐπὶ
287 1455 348 1510 δὲ
377 1466 495 1508 τῶν
535 1456 895 1527 ἔμπροσθεν
917 1457 1155 1506 κατάτόν
1185 1454 1471 1507 ἀπόστολον
1506 1454 1785 1507 ἐπεκτεί-

165 1549 422 1610 νεσθαι,
471 1551 559 1597 καὶ
610 1543 899 1616 συντρίϐειν
929 1551 1044 1605 ταῖς
1081 1552 1180 1596 τῶν
1214 1548 1379 1596 πόνων
1411 1549 1648 1616 φροντίσι
1691 1548 1785 1601 τήν

164 1633 423 1709 καρδίαν,
492 1633 768 1708 ἀκόρεστον
845 1635 1060 1703 ἔχοντας
1120 1638 1214 1691 τήν
1283 1642 1376 1695 τῆς
1447 1631 1786 1693 δικαιοσύνης

1899 490 2036 530 nem
2068 491 2265 532 rerum
2297 483 2670 548 speratarum
2703 482 3173 550 pervenerimus,
3201 487 3550 544 excidemus

1900 564 2394 629 studio,inutilem
2409 566 2584 622 nobis
2601 567 2777 624 etiam
2797 576 3141 642 susceptum
3163 572 3434 631 laborem
3449 593 3545 632 su-

1897 652 2105 723 perbia
2135 653 2444 720 facientes,
2502 660 2680 728 atque
2714 657 2944 728 indigni
2978 668 3336 731 apparentes
3363 665 3551 736 perfe-

1897 741 2109 806 ctione,
2144 741 2202 797 in
2229 758 2412 813 quam
2439 745 2691 814 Spiritus
2721 747 2893 802 traxit
2918 763 3028 804 nos
3068 753 3279 819 gratia.
3310 754 3550 826 Oportet

1895 830 2380 902 igiturnusquam
2394 832 2616 888 laboris
2633 836 3063 892 contentionem
3076 838 3550 916 dissolvi,neque

1896 933 2005 973 nos
2035 918 2344 975 discedere
2375 937 2410 976 a
2435 922 2760 993 propositis
2782 927 3231 996 certaminibus,
3264 945 3459 1004 neque
3478 934 3548 990 iis

1895 1023 2050 1078 quae
2081 1014 2238 1064 retro
2268 1015 2425 1076 sunt,
2487 1011 2531 1066 si
2587 1011 2736 1082 quid
2795 1018 2995 1069 actum
3023 1017 3117 1082 sit,
3152 1019 3409 1085 studere,
3440 1024 3548 1079 sed

1895 1112 2102 1152 eorum
2157 1097 2520 1155 oblivionem
2575 1116 2812 1171 capere,
2861 1105 2941 1158 ad
2969 1119 3036 1160 ea
3070 1121 3205 1162 vero
3229 1124 3382 1179 quae
3409 1121 3547 1168 sunt

1891 1185 2102 1254 priora
2115 1188 2448 1242 secundum
2465 1189 2809 1259 Apostolum
2824 1194 3143 1250 exlendere
3153 1212 3257 1251 nos
3273 1201 3426 1265 ipsos
3440 1202 3485 1272 (t
3499 1204 3542 1273 ),

1895 1273 2293 1346 laborumque
2322 1277 2481 1331 curis
2509 1293 2610 1332 cor
2635 1283 2962 1348 conterere,
2996 1281 3281 1340 habentes
3307 1288 3545 1347 insatia-

1896 1362 2079 1418 bilem
2108 1364 2360 1419 iustitiae
2416 1365 2827 1436 cupiditatem,
2879 1384 3066 1440 quam
3101 1372 3292 1428 solam
3326 1379 3546 1433 esurire

1897 1451 2176 1523 sitireque
2227 1452 2447 1508 debent
2502 1454 2560 1518 ii,
2614 1455 2714 1526 qui
2752 1456 2827 1511 ad
2861 1457 3279 1528 perfectionem
3312 1465 3550 1523 student

1896 1541 2250 1611 pertingere.
2277 1542 2535 1598 Humiles
2556 1559 2668 1599 nos
2696 1549 2749 1600 et
2780 1545 3198 1605 timidissimos
3217 1550 3343 1606 ﬁeri
3374 1569 3551 1625 opor-

1898 1634 1994 1694 tet,
2031 1635 2230 1702 utpote
2262 1631 2363 1702 qui
2386 1631 2594 1702 procul
2625 1633 2815 1688 simus
2849 1649 2884 1689 a
2907 1637 3220 1706 promissis
3248 1638 3549 1715 longeque

168 1726 476 1798 ἐπιθυμίαν,
521 1724 581 1784 ἧς
613 1727 770 1794 μόνης
818 1726 927 1794 χρὴ
970 1730 1149 1795 πεινῇν
1198 1728 1288 1775 καὶ
1338 1720 1504 1794 διψῇν
1552 1726 1668 1783 τοὺς
1713 1722 1786 1784 εἰς

1912 1719 2108 1774 remoti
2135 1736 2170 1774 a
2226 1719 2486 1790 perfecta
2529 1721 2739 1776 Christi
2787 1722 3120 1781 dilectione.
3154 1730 3303 1785 Nam
3331 1730 3400 1795 is,
3445 1734 3550 1804 qui

167 1819 227 1867 τὸ
266 1816 460 1866 τέλειον
495 1815 694 1885 φθάσαι
736 1812 1023 1873 ζητοῦντας
1049 1831 1061 1844 ο
1103 1816 1370 1872 ταπεινούς
1412 1809 1492 1864 δεῖ
1521 1817 1611 1863 καὶ
1645 1831 1786 1883 περι-

169 1901 313 1965 δεεῖς
378 1906 672 1974 γινομένους
731 1903 800 1961 ὡς
850 1900 1027 1974 πόρῥω
1088 1920 1188 1954 που
1234 1910 1331 1954 τῶν
1399 1901 1786 1972 ἐπηγγελμένων

163 1995 538 2065 τυγχάνοντας
589 1995 678 2042 καὶ
734 1998 830 2052 τῆς
883 1989 1075 2050 τελείας
1132 1998 1225 2042 τοῦ
1289 1998 1526 2064 Χριστοῦ
1584 1993 1786 2063 μακρὰν

167 2082 576 2154 ἀπῳκισμένους
614 2079 838 2150 ἀγάπης.
885 2080 910 2129 ὁ
950 2081 1050 2152 γὰρ
1097 2081 1292 2141 ἐκείνης
1333 2079 1480 2152 ἐρῶν,
1529 2085 1618 2131 καὶ
1658 2081 1788 2151 πρὸς

165 2174 268 2229 τὴν
312 2171 416 2222 ᾱίνω
458 2168 659 2241 βλέπων
713 2165 1022 2236 ἐπαγγελίαν
1070 2168 1137 2238 ⁸),
1187 2171 1304 2219 οὔτε
1350 2170 1633 2233 νηστεύων,
1676 2168 1789 2219 οὔτε

169 2261 478 2332 ἀγρυπνῶν,
516 2260 632 2309 οὔτε
674 2255 795 2307 ἄλλο
835 2274 888 2305 τι
943 2263 1042 2306 τῶν
1085 2263 1182 2317 τῆς
1232 2255 1417 2330 ἀρετῆς
1470 2252 1787 2316 σπουδάζων

170 2352 394 2402 ἵσταται
445 2353 551 2407 τοῖς
613 2343 938 2420 προλαϐοῦσι
1002 2347 1406 2417 κατορθώμασιν
1477 2347 1781 2418 ἐπηρμένος’

167 2438 305 2490 ἀλλά
330 2439 518 2509 μεστὸς
547 2439 614 2486 ὧν
644 2441 734 2486 τοῦ
763 2435 898 2485 θείου
927 2436 1109 2499 πόθου,
1143 2438 1230 2486 καὶ
1261 2439 1391 2508 πρὸς
1419 2438 1504 2487 τόν
1535 2435 1790 2486 καλοῦντα

173 2531 438 2588 συντόνως
474 2525 696 2598 βλέπων,
728 2529 829 2574 πᾶν
872 2525 981 2594 μὲν,
1029 2524 1055 2575 ὅ
1086 2543 1137 2575 τι
1168 2525 1229 2575 οἷν
1274 2522 1618 2595 ἀγωνίσηται,
1663 2527 1789 2596 πρὸς

169 2621 232 2668 τὸ
275 2623 460 2687 τυχεῖν
502 2615 696 2668 ἐκείνου
737 2614 924 2685 μικρὸν
967 2614 1172 2683 ἡγεῖται
1212 2618 1302 2665 καὶ
1342 2621 1440 2664 τῶν
1471 2613 1638 2665 ἄθλων
1663 2631 1675 2642 ·
1714 2633 1790 2684 φι-

173 2706 398 2757 λονεικεῖ
428 2701 462 2757 δ
467 2709 487 2757 ε
521 2708 685 2778 μέχρι
712 2709 804 2761 τῆς
835 2707 927 2754 τοῦ
961 2700 1079 2773 βίου
1115 2705 1299 2755 τούτου
1327 2702 1583 2770 τελευτῆς,
1615 2706 1791 2759 πόνοις

179 2799 388 2860 πόνους,
432 2799 522 2846 καὶ
560 2793 746 2867 ἀρετάς
798 2791 1005 2865 ἀρεταῖς
1053 2794 1343 2860 συνάπτων,
1389 2794 1582 2862 μέχρις
1612 2789 1671 2841 ἂν
1711 2810 1792 2842 τι·-

181 2901 297 2949 μιον
343 2882 523 2934 ἑαυτὸν
564 2890 636 2952 τῷ
683 2884 779 2953 θεῷ
831 2883 1149 2952 καταστήσῃ
1197 2876 1290 2932 διὰ
1337 2888 1437 2931 τῶν
1471 2882 1650 2950 ἔργων,
1698 2879 1791 2930 ούκ

187 2972 324 3038 ἔχων
376 2968 424 3019 ἐν
474 2978 545 3040 τῷ
575 2967 840 3024 συνειδότι
884 2973 943 3021 τὸ
1005 2969 1230 3040 νομίζειν
1286 2967 1434 3030 ἀξιον
1479 2968 1656 3020 ἑαυτὸν
1709 2987 1792 3020 πεο

188 3061 461 3114 ποιηκέναι
507 3060 622 3128 θεῷ.
667 3068 818 3113 τοῦτο
867 3061 969 3133 γάρ
1022 3059 1135 3110 ἐστι
1185 3059 1503 3130 κατόρθωμα
1547 3062 1794 3128 μέγιστον

185 3147 510 3218 φιλοσοφίας,
561 3151 618 3200 τὸ
661 3154 821 3221 μέγαν
876 3153 999 3200 ὄντα
1041 3155 1152 3208 τοῖς
1197 3149 1370 3219 ἔργοις
1421 3147 1796 3198 συστέλλεσθαι

183 3243 247 3307 τῇ
293 3233 494 3309 καρδίᾳ
542 3243 632 3290 καὶ
688 3243 1098 3309 καταγινώσκειν
1154 3243 1244 3288 τοῦ
1301 3235 1443 3306 βίου,
1499 3238 1640 3286 κάτω
1697 3254 1796 3287 που

183 3323 420 3397 ῥίψαντα
449 3326 495 3392 ⁴)
534 3333 606 3393 τῷ
651 3330 780 3398 πρὸς
820 3329 906 3376 τὸν
947 3328 1056 3377 θεὸν
1102 3325 1239 3396 φόϐῳ
1279 3329 1372 3381 τὴν
1417 3327 1609 3386 οἴησιν,
1661 3325 1798 3383 ὅπως

189 3411 469 3484 ἀπολαύσῃ
526 3420 623 3472 τῆς
679 3411 998 3483 ἐπαγγελίας,
1064 3416 1231 3474 καθὼς
1288 3415 1348 3464 ἄν
1405 3414 1450 3484 ⁵)
1512 3414 1800 3473 πιστεύσας

191 3501 406 3573 ἠράσθη
458 3503 669 3567 ταύτης,
725 3501 784 3553 ού
831 3503 999 3562 καθὼς
1027 3504 1087 3554 ἄν
1137 3505 1177 3569 ⁸)
1223 3507 1440 3562 πονέσας
1485 3501 1794 3573 εἰργάσατο⁶

185 3592 425 3663 μεγάλων
488 3593 589 3665 γὰρ
645 3595 800 3644 ὅντων
853 3600 950 3644 τῶν
1017 3589 1222 3663 δωρεῶν
1283 3592 1375 3643 ούκ
1442 3594 1552 3643 ἔστι
1617 3596 1800 3650 πόνους

1897 1807 2058 1864 illam
2090 1808 2366 1865 ardenter
2397 1809 2698 1865 desiderat
2748 1815 2802 1866 et
2856 1812 2934 1868 ad
2961 1829 3286 1884 supernam
3320 1826 3548 1891 spectat

1897 1897 2386 1968 promissionem,
2449 1913 2556 1952 nec
2587 1898 2883 1966 ieiunans,
2915 1916 3021 1957 nec
3055 1904 3328 1973 vigilans,
3352 1924 3549 1982 neque

1898 1985 1994 2040 alii
2022 1985 2303 2058 cuiquam
2336 1986 2569 2043 virtutis
2602 1989 2915 2045 excercitio
2947 2006 3168 2048 vacans
3197 1998 3314 2051 stat
3359 1997 3549 2055 elatus

1899 2075 1976 2131 ad
2026 2074 2189 2130 bona
2245 2089 2450 2145 opera,
2501 2092 2657 2148 quae
2686 2077 2826 2133 talia
2851 2080 3198 2151 anticipant,
3229 2085 3332 2140 sed
3369 2087 3540 2159 207

1898 2163 2113 2234 plenus
2165 2163 2366 2219 divino
2421 2164 2738 2232 desiderio,
2769 2169 2825 2221 et
2853 2167 2931 2224 ad
2964 2176 3281 2229 vocantem
3323 2176 3548 2234 intente

1901 2259 2204 2324 spectans,
2223 2252 2508 2309 velomne
2523 2260 2846 2322 certamen,
2867 2259 3273 2332 quodcunque
3292 2270 3550 2322 certave-

1898 2342 1992 2411 rit,
2017 2341 2094 2398 ad
2120 2341 2265 2398 illud
2286 2343 2776 2414 consequendum
2802 2361 3055 2417 parvum
3086 2351 3380 2410 aestimat.
3413 2356 3550 2412 Eni-

1901 2432 2038 2486 titur
2067 2437 2266 2486 autem
2300 2431 2378 2486 ad
2408 2432 2591 2488 ﬁnem
2615 2449 2804 2504 usque
2830 2435 3009 2492 huius
3039 2437 3213 2504 vitae,
3242 2439 3548 2500 laboribus

1898 2520 2133 2575 labores
2151 2525 2205 2574 et
2231 2520 2473 2574 virtutes
2508 2521 2824 2578 virtutibus
2851 2525 3177 2595 iungendo,
3205 2529 3395 2586 donec
3420 2547 3551 2604 pre-

1901 2611 2117 2666 tiosum
2152 2625 2215 2664 se
2249 2612 2366 2665 Deo
2394 2616 2652 2682 praestet
2683 2618 2925 2684 propter
2945 2631 3147 2687 opera,
3180 2633 3291 2674 nec
3318 2621 3379 2676 in
3410 2637 3553 2679 con-

1903 2699 2150 2754 scientia
2171 2715 2280 2755 sua
2301 2700 2572 2768 credens,
2604 2699 2856 2769 dignum
2888 2704 3092 2773 ipsum
3125 2722 3187 2762 se
3217 2709 3553 2769 reddidisse

1903 2793 2040 2844 Deo.
2075 2791 2192 2844 Hoc
2222 2788 2382 2843 enim
2413 2793 2503 2844 est
2533 2804 2686 2860 opus
2736 2791 3064 2849 maximum
3116 2796 3551 2871 philosophiae,

1901 2893 2194 2946 magnum
2217 2877 2272 2931 in
2296 2877 2580 2947 operibus
2606 2878 2912 2936 humiliari
2937 2884 3136 2949 corde,
3156 2890 3212 2941 et
3240 2890 3556 2959 reprehen-

1904 2969 2043 3023 dere
2066 2967 2271 3031 vitam,
2317 2965 2657 3036 abjiciendo
2689 2967 2900 3024 timore
2939 2971 3040 3027 Dei
3091 2975 3458 3045 opinionem,
3493 2987 3559 3036 ut

1905 3056 2200 3128 particeps
2222 3054 2325 3109 ﬁat
2344 3055 2846 3126 repromissionis,
2874 3060 3056 3129 quasi
3073 3063 3374 3121 credendo
3397 3067 3557 3124 hanc

1907 3144 2276 3216 appetiverit,
2306 3159 2427 3198 non
2458 3144 2633 3214 quasi
2665 3147 2974 3215 operando
3002 3164 3136 3206 eam
3166 3151 3430 3210 lucratus
3461 3158 3554 3213 sit.

1909 3233 2202 3322 Quoniam
2219 3233 2378 3287 enim
2403 3248 2627 3302 magna
2657 3239 2796 3288 sunt
2818 3236 2998 3302 dona,
3033 3238 3272 3297 labores
3288 3243 3559 3313 digniin-

1909 3323 2092 3378 veniri
2111 3337 2231 3376 non
2255 3326 2510 3393 possunt
2543 3337 2555 3387 ;
2585 3337 2811 3392 magna
2839 3331 3040 3382 autem
3062 3327 3182 3384 ﬁde
3199 3335 3257 3386 et
3280 3348 3384 3403 spe
3405 3349 3560 3405 opus

1909 3418 2016 3476 est,
2076 3416 2138 3466 ut
2188 3410 2299 3476 his,
2351 3427 2472 3466 non
2526 3409 2854 3479 laboribus,
2886 3425 3385 3487 compensentur:
3419 3423 3562 3482 ﬁdei

1909 3506 2110 3558 autem
2137 3500 2473 3555 substantia
2493 3503 2581 3555 est
2601 3501 2840 3572 spiritus
2862 3512 3186 3577 paupertas
3214 3514 3272 3565 et
3292 3510 3560 3570 inﬁnitus

1911 3605 2053 3660 erga
2088 3593 2268 3644 Deum
2293 3604 2482 3645 amor.

185 3680 367 3742 ἀξίους
413 3681 606 3753 εύρεῖν·
657 3681 887 3752 μεγάλης
929 3678 989 3733 δὲ
1019 3678 1103 3733 δεῖ
1152 3686 1370 3741 πίστεως
1408 3685 1496 3732 καὶ
1543 3675 1772 3744 ἐλπίδος,
1824 3679 1894 3740 εἰς
1945 3682 2002 3730 τὸ
2043 3681 2255 3739 ταύταις
2315 3679 2654 3751 μετρηθῆναι,
2715 3684 2787 3750 μή
2847 3688 2954 3743 τοῖς
3017 3688 3209 3753 πόνοις,
3253 3693 3348 3748 τὴν
3408 3690 3564 3764 ἀμοι..

189 3769 280 3828 ϐήν
302 3788 314 3800 ·
349 3774 576 3832 πίστεως
607 3766 665 3823 δὲ
694 3772 992 3830 ὑπόστασις
1021 3772 1308 3842 πνεύματος
1339 3775 1578 3842 πτωχεία
1605 3774 1694 3820 καὶ
1721 3770 1749 3825 ἡ
1780 3771 1909 3844 πρὸς
1935 3771 2043 3821 θεὸν
2070 3769 2290 3842 ἄμετρος
2322 3766 2522 3838 ἀγάπη.

262 3862 341 3912 Τὰ
389 3863 478 3931 μὲν
509 3856 577 3917 δὴ
619 3863 757 3912 κατά
801 3865 894 3918 τὴν
928 3856 1117 3912 ἐλπίδα
1145 3868 1236 3912 τοῦ
1278 3867 1474 3912 σκοποῦ
1518 3865 1626 3920 τοῖς
1662 3857 1805 3929 φιλο-

195 3953 368 4020 σόφως
423 3949 520 4020 ζῇν
577 3950 854 4022 ᾑρημένοις
909 3952 1089 4009 ἱκανῶς
1140 3949 1386 4021 εἰρῆσθαι
1446 3948 1665 4020 νομίζω.
1726 3943 1811 3998 δεῖ

195 4035 258 4090 δὲ
285 4037 467 4090 λοιπόν
515 4041 823 4112 προσθεῖναι
869 4047 981 4100 τοῖς
1026 4039 1329 4114 εἰρημένοις,
1381 4040 1520 4097 ὅπως
1558 4039 1649 4108 μεν
1701 4039 1806 4107 χρὴ

194 4135 430 4180 συνεῖναι
476 4135 581 4189 τοῖς
631 4132 887 4189 τοιούτοις
933 4128 1187 4194 ἀλλήλοις,
1239 4131 1450 4188 ὁποίους
1497 4123 1555 4178 δὲ
1605 4124 1808 4197 ἀγαπᾷν

194 4223 406 4282 πόνους,
457 4218 590 4278 ὅπως
632 4213 713 4270 δεῖ
752 4218 796 4288 ⁷)
840 4222 1046 4292 τρέχειν
1077 4217 1187 4290 μετ’
1228 4216 1478 4284 ἀλλήλων,
1507 4216 1602 4278 ἕως
1630 4217 1690 4267 ἄν
1727 4214 1809 4266 ἐπὶ

195 4311 293 4364 τήν
325 4308 431 4357 ἄνω
462 4306 608 4359 πόλιν
638 4308 944 4378 ἀφίκωνται.

273 4402 360 4449 Δεῖ
380 4399 553 4448 τοίνυν
595 4399 680 4448 τὸν
724 4399 791 4448 τά
831 4403 925 4449 τοῦ
976 4395 1098 4468 βίου
1148 4397 1333 4448 τούτου
1379 4397 1542 4466 σεμνά
1572 4396 1813 4468 καθαρῶς

200 4483 548 4556 ἀτιμάζοντα,
593 4489 682 4536 καὶ
726 4484 1033 4557 ἀρνούμενον
1084 4486 1173 4556 μὲν
1205 4486 1326 4544 τοὺς
1375 4490 1660 4553 συγγενεῖς,
1721 4481 1814 4555 ἀρ-

200 4576 448 4644 νούμενον
479 4570 537 4625 δὲ
566 4579 738 4626 πᾶσαν
769 4579 863 4631 τὴν
888 4575 1030 4626 κάτω
1062 4570 1241 4635 δόξαν,
1283 4578 1372 4625 καὶ
1398 4574 1598 4646 ὁρῶντα
1771 4571 1815 4642 ³)

206 4669 309 4722 τῆς
368 4661 608 4734 οὐρανίας
661 4671 841 4734 τιμῆς,
895 4668 984 4716 καὶ
1043 4669 1148 4722 τοῖς
1205 4664 1338 4714 κατά
1397 4663 1506 4714 θεὸν
1576 4657 1817 4732 ἀδελφοῖς

209 4759 573 4822 πνευματικῶς
651 4755 1050 4824 συναπτόμενον,
1123 4751 1456 4824 ἀρνήσασθαι
1530 4751 1662 4821 μετά
1728 4755 1818 4800 τοῦ

213 4838 343 4913 βίου
387 4844 472 4892 καὶ
516 4846 609 4900 τήν
665 4841 850 4893 ἑαυτοῦ
886 4841 1073 4912 ψυχήν
1101 4855 1114 4871 ⁸
1167 4841 1384 4914 ἄρνησις
1425 4835 1483 4891 δε
1525 4838 1713 4910 ψυχῆς
1761 4839 1818 4889 τὸ

213 4926 472 5003 μηδαμοῦ
501 4932 674 4992 ζητεῖν
719 4935 778 4984 τό
818 4930 1004 4983 ἑαυτοῦ
1037 4931 1253 5002 θέλημα,
1289 4932 1412 5002 θερα
1435 4931 1606 4982 πεύειν
1630 4927 1820 4999 μᾶλλον

217 5018 278 5073 δὲ
331 5020 518 5073 ἑαυτοῦ
550 5021 767 5093 θελημα,
821 5024 986 5074 ποιεῖν
1041 5024 1128 5072 τὸν
1155 5019 1419 5092 ἐφεστῶτα
1471 5025 1561 5070 τοῦ
1595 5019 1709 5070 θεοῦ
1741 5018 1821 5068 λό-

1990 3861 2054 3912 Et
2084 3858 2232 3912 haec
2264 3856 2536 3927 quidem,
2591 3873 2747 3928 quae
2779 3858 2858 3913 ad
2890 3876 3060 3930 spem
3091 3865 3388 3933 pertinent
3426 3868 3566 3926 ﬁnis

1919 3948 2008 4013 iis,
2037 3944 2139 4016 qui
2197 3942 2606 4015 philosophice
2651 3944 2850 4000 vivere
2879 3946 3208 4016 elegerunt,
3238 3953 3382 4009 satis
3415 3955 3574 4014 dicta

1919 4051 2051 4090 esse
2081 4048 2316 4088 censeo.
2343 4033 2585 4103 Oportet
2605 4032 2784 4101 igitur
2809 4039 3004 4091 cetera
3027 4052 3136 4093 nos
3158 4039 3398 4113 addere,
3427 4059 3574 4115 quo-

1921 4124 2104 4180 modo
2127 4122 2273 4178 tales
2293 4121 2444 4175 alius
2477 4119 2574 4175 alii
2597 4121 2805 4176 adesse
2827 4123 3106 4196 debeant,
3132 4127 3340 4199 quales
3370 4147 3574 4189 amare

1918 4212 2178 4277 labores,
2201 4209 2512 4282 quomodo
2532 4215 2803 4281 oporteat
2819 4227 2923 4268 eos
2953 4230 3072 4270 una
3093 4231 3348 4284 currere,
3381 4220 3574 4278 donec

1923 4302 2001 4358 ad
2026 4315 2351 4372 supernam
2379 4299 2674 4354 civitatem
2703 4301 3074 4371 perveniant.

1995 4392 2234 4462 Oportet
2264 4403 2405 4457 ergo
2437 4403 2596 4456 eum,
2651 4388 2755 4459 qui
2785 4389 2965 4459 hujus
3010 4393 3161 4449 vitae
3193 4395 3576 4467 splendorem

1925 4494 2071 4551 pure
2095 4479 2460 4540 contemnat,
2485 4481 2540 4531 et
2571 4475 2829 4548 abneget
2857 4486 3166 4548 cognatos,
3200 4484 3578 4559 abnegetque

1927 4567 2103 4623 etiam
2131 4581 2374 4622 omnem
2403 4569 2698 4620 terrenam
2729 4564 3007 4635 gloriam,
3041 4574 3098 4624 et
3123 4570 3423 4630 intueatur
3448 4591 3578 4632 coe-

1927 4656 2133 4712 lestem
2182 4655 2496 4720 honorem,
2548 4652 2827 4709 fratribus
2867 4659 3202 4715 secundum
3234 4663 3420 4718 Deum
3453 4666 3577 4721 suis

1931 4744 2315 4817 spiritualiter
2368 4741 2741 4807 coniunctus,
2775 4743 3080 4815 abnegare
3130 4765 3250 4806 una
3290 4767 3429 4808 cum
3458 4753 3580 4812 vita

1930 4835 2106 4890 etiam
2140 4833 2404 4888 animam
2430 4847 2624 4886 suam.
2650 4831 2984 4902 Abnegatio
3005 4841 3205 4893 autem
3231 4839 3468 4898 animae
3492 4848 3582 4901 est

1931 4937 2246 4993 nunquam
2273 4935 2560 4991 quaerere
2586 4935 2759 4975 suam
2782 4921 3178 4989 voluntatem,
3206 4926 3394 4985 immo
3422 4931 3584 4988 subi.

1932 5027 2069 5083 gere
2128 5011 2433 5082 propriam
2491 5008 2877 5080 voluntatem,
2910 5010 3105 5068 facere
3145 5015 3376 5073 instans
3409 5020 3583 5077 nobis

1555 5178 1812 5233 VARIAE
1853 5172 2144 5230 LECTlON
2156 5172 2256 5226 ES.

372 5297 518 5356 Cod.
551 5299 809 5356 κεκάθηκε
838 5329 906 5338 -—
958 5300 1002 5371 ²)
1054 5297 1324 5371 Emend.,
1360 5295 1494 5371 cod.
1525 5294 1824 5371 ἐκπέσομεν.
1879 5321 1946 5330 -
1980 5295 1998 5324 ³

233 5364 505 5439 ὃίιιῑιὶπντας.
553 5399 623 5413 —
658 5371 700 5439 ⁵)
762 5373 843 5426 Ex
872 5364 1054 5439 con'i.,
1088 5369 1221 5424 cod.
1256 5370 1328 5423 ὃν.
1374 5400 1440 5409 -
1471 5369 1623 5439 °)Ex
1670 5364 1853 5429 ceni.,
1908 5377 1977 5417 co

219 5370 505 5477 ⁸ῥίψαντας.
553 5399 623 5413 —
658 5371 700 5442 ⁵)
762 5373 843 5426 Ex
872 5370 1054 5439 con’i.,
1088 5370 1221 5424 cod.
1256 5370 1328 5423 ὃν.
1374 5400 1440 5409 -
1471 5370 1516 5435 ο)
1543 5370 1623 5421 Ex
1670 5370 1800 5419 coni

247 5443 267 5513 )
300 5443 468 5499 Coni.
509 5440 795 5498 addimus
825 5445 910 5507 τά,
954 5442 1122 5514 quod
1146 5441 1206 5497 in
1239 5441 1372 5498 cod.
1408 5438 1800 5494 desideratur.

2081 5284 2351 5359 Emend.,
2382 5283 2519 5359 cod.
2559 5282 2928 5359 Eua77_dciazv._
2969 5318 3032 5327 —
3069 5288 3112 5359 ξ)
3143 5290 3412 5359 Emend.,
3451 5293 3586 5348 cod.

2029 5403 2041 5414 .
2075 5333 2351 5425 ("ST-:7)”
2376 5333 2681 5423 satsat:
2703 5333 2883 5414 sese“
2901 5333 3029 5428 leg.
3059 5333 3284 5429 63,131"
3289 5333 3369 5414 ’ἑῖ
3376 5333 3591 5417 ’ἑεῖἶῗζ

1803 5556 2058 5615 NOTAE.

292 5657 376 5731 (1)
406 5655 557 5713 Phil.
589 5655 683 5723 Ill,
720 5655 806 5712 43.
