4084 6256
558 305 665 360 423

1885 298 1942 352 S.
1987 297 2288 354 MACARII
2325 299 2659 354 AEGYPTII

3818 301 3927 359 424

562 428 813 482 verbum
829 425 950 493 Dei,
969 440 1161 496 eoque
1181 424 1260 479 uti
1294 427 1581 493 tanquam
1604 419 1764 475 bono
1784 418 2194 488 gubernatore,

2315 441 2426 491 γον,
2467 426 2556 472 καὶ
2589 423 2755 491 τούτῳ
2784 424 3083 494 κεχρῆσθαι
3114 423 3343 493 καθάπερ
3375 421 3555 492 ἀγαθῷ
3593 421 3908 495 κυϐερνήτῃ,

556 513 1086 583 congregationem
1101 513 1348 568 fratrum
1367 527 1500 565 cum
1521 508 1842 565 concordia
1861 508 1937 562 ad
1965 514 2201 579 portum

555 604 878 658 voluntatis
905 603 1001 658 Dei
1028 603 1338 672 dirigente.
1382 599 1683 655 Possidere
1712 602 1910 652 autem
1943 597 2206 652 nihilde-

554 691 662 748 bes
692 691 784 746 vel
825 693 1135 746 nominare
1194 689 1504 762 proprium
1556 695 1722 743 extra
1748 686 1828 751 id,
1853 687 2017 758 quod
2047 703 2206 742 com-

557 796 738 836 mune
751 787 857 845 est,
873 788 1293 852 praeterquam
1322 778 1571 850 pallium
1592 793 1713 848 quo
1731 792 1949 846 corpus
1970 776 2201 845 tegitur.

557 869 780 924 Etenim
814 869 861 923 si
889 869 1032 924 nihil
1058 885 1265 924 eorum
1320 867 1523 934 habet,
1558 865 1662 919 sed
1695 871 1907 920 exutus
1937 871 2023 919 est
2070 880 2204 934 pro-

553 958 716 1030 priae
777 959 926 1014 vitae
979 975 1143 1021 cura,
1173 957 1514 1013 communis
1540 955 1646 1009 erit
1680 954 1859 1024 208
1892 954 2208 1008 necessitu-

551 1045 707 1101 dinis
740 1047 1024 1111 minister,
1072 1052 1127 1100 et
1154 1045 1631 1117 praepositorum
1660 1044 1891 1097 iussum
1935 1059 2072 1097 cum
2105 1057 2207 1096 vo-

551 1135 773 1206 luptate
800 1142 854 1190 et
886 1151 988 1206 spe
1023 1140 1296 1206 prompte
1341 1133 1620 1204 perficiet,
1648 1137 1935 1202 tanquam
1978 1130 2206 1201 probus

550 1239 620 1278 ac
637 1223 887 1294 simplex
919 1240 1124 1278 servus
1151 1223 1382 1286 Christi,
1417 1221 1493 1276 ad
1521 1235 1907 1275 communem
1958 1219 2205 1274 fratrum

549 1311 1047 1366 necessitudinem
1061 1311 1422 1381 redemptus.
1445 1313 1561 1364 Hoc
1574 1310 1732 1363 enim
1773 1309 2058 1362 Dominus
2087 1307 2209 1362 vult

551 1407 878 1473 monetque
896 1402 1100 1455 dicens
1130 1418 1140 1454 :
1178 1401 1432 1466 Quivult
1452 1400 1606 1453 inter
1631 1415 1728 1454 vos
1760 1400 1990 1466 primus
2022 1404 2205 1454 esseet

549 1505 804 1560 magnus
815 1497 952 1554 ,esto
968 1491 1222 1545 omnium
1236 1489 1579 1544 novissimus
1593 1494 1646 1543 et
1661 1489 1923 1542 omnium
1937 1488 2208 1543 minister

549 1585 605 1634 et
619 1579 884 1634 omnium
907 1595 1109 1634 servus
1133 1580 1232 1650 (t).
1271 1581 1514 1649 Oportet
1540 1577 1716 1646 igitur
1744 1579 2085 1630 servitutem
2105 1593 2209 1630 co-

547 1683 679 1723 ram
719 1667 1068 1722 hominibus
1127 1668 1561 1723 infructuosam
1610 1682 1758 1731 esse,
1788 1681 1981 1737 neque
2016 1666 2203 1720 ullum

2319 513 2375 560 τὸ
2426 514 2594 562 κοινὸν
2653 517 2746 568 τῆς
2802 506 3144 581 ἀδελφότητος
3195 509 3450 584 πλήρωμα
3501 511 3611 581 μεθ’
3671 512 3916 582 ὁμονοίας

2323 598 2407 649 ἐπὶ
2465 602 2550 649 τὸν
2603 597 2782 669 λιμένα
2831 607 2922 650 τοῦ
2983 599 3262 670 θελήματος
3292 607 3383 650 τοῦ
3435 603 3549 651 θεοῦ
3602 600 3870 652 εύθύνοντι
3906 622 3921 634 ο

2316 691 2603 746 κεκτῆσθαι
2645 685 2703 739 δε
2734 685 2884 740 οὐδὲν
2913 693 3024 761 χρὴ
3067 689 3096 748 ἡ
3141 690 3187 758 1)
3224 687 3493 760 ὀνομάζειν
3524 685 3660 741 ἰδιον
3693 693 3840 763 παρά
3868 694 3930 741 τὸ

2318 782 2506 841 κοινὸν,
2559 777 2690 834 πλην
2737 784 2829 828 τοῦ
2882 781 2941 828 τὸ
3001 786 3152 848 σῷμα
3203 778 3546 838 καλύπτοντος
3598 778 3830 850 ἱματίου.
3885 780 3933 831 εὶ

2317 869 2413 939 γάρ
2458 863 2624 936 μηδὲν
2661 869 2774 937 ἔχει
2813 869 3029 931 τούτων,
3073 866 3199 918 ἀλλά
3236 871 3426 938 γυμνὸς
3466 870 3542 923 εἴη
3587 869 3630 937 ²)
3669 876 3765 928 τῆς
3806 869 3931 920 καθ’

2320 955 2497 1006 ἑαυτὸν
2550 963 2640 1006 τοῦ
2691 954 2809 1026 βίου
2861 953 3153 1029 φροντίδος,
3201 965 3291 1016 τῆς
3320 965 3497 1017 κοινῆς
3537 959 3686 1008 ἔσται
3739 962 3934 1028 χρείας

2324 1047 2656 1116 θεραπευτής,
2699 1049 2784 1094 xui
2830 1048 2886 1096 τὸ
2930 1047 3072 1116 παρά
3109 1053 3209 1096 τῶν
3259 1051 3598 1119 προεστώτων
3644 1044 3931 1098 ἐπιτασσό-

2318 1152 2464 1204 μενον
2517 1134 2629 1204 μεθ’
2682 1131 2880 1195 ἡδονῆς
2933 1140 3019 1184 καὶ
3073 1131 3285 1195 ἐλπίδος
3328 1137 3605 1208 προθύμως
3655 1135 3919 1201 ἐπιτελῶν,

2319 1225 2549 1294 καθάπερ
2579 1227 2752 1284 εῦνους
2783 1229 2871 1274 xui
2911 1224 3102 1284 ἁπλοῦς
3144 1221 3329 1285 δοῦλος
3358 1232 3450 1276 τοῦ
3493 1232 3746 1299 Χριστοῦ,
3796 1231 3932 1298 πρὸς

2318 1316 2410 1368 την
2463 1317 2637 1369 κοινήν
2687 1321 2784 1363 τῶν
2839 1309 3070 1384 ἀδελφῶν
3127 1319 3313 1384 χρείαν
3356 1314 3726 1387 ὴγορασμίνος.
3775 1322 3931 1366 τοῦτο

2317 1403 2416 1474 γὰρ
2448 1403 2473 1452 ὀ
2512 1405 2694 1473 κύριος
2737 1400 2976 1472 βούλεται
3018 1407 3106 1454 καὶ
3144 1411 3387 1476 παραινεῖ
3421 1403 3613 1474 λέγων’
3657 1406 3682 1455 ὁ
3725 1404 3930 1456 θέλων

2318 1489 2372 1541 ἐν
2413 1492 2561 1561 ύμῖν
2594 1488 2760 1543 εἶναι
2791 1500 3039 1565 πρῶτος
3070 1497 3180 1544 καὶ
3223 1497 3442 1564 μέγας,
3477 1495 3638 1544 ἔστω
3677 1496 3930 1544 πάντων

2317 1582 2620 1649 ἔσχατος,
2672 1586 2781 1632 xui
2831 1589 3080 1632 πάντων
3131 1578 3460 1652 διάκονος,
3514 1587 3619 1633 xui
3667 1584 3929 1634 πάντων

2317 1664 2560 1729 δοῦλος.
2603 1675 2710 1741 χρὴ
2751 1667 2838 1721 οὖν
2892 1674 2984 1727 τὴν
3025 1667 3261 1722 δουλείαν
3305 1674 3448 1746 παρὰ
3483 1680 3592 1732 τοῖς
3635 1671 3932 1745 ἀνθρώποις

547 1757 826 1811 servienti
860 1757 1071 1812 afferre
1102 1757 1392 1812 honorem
1451 1754 1538 1809 vel
1569 1755 1845 1826 gloriam,
1891 1770 1963 1808 ne
1996 1761 2194 1810 contra

2315 1759 2547 1831 ἄκαρπον
2589 1756 2736 1821 εἶναι,
2779 1764 2868 1810 καὶ
2909 1756 3174 1832 μηδεμίαν
3219 1764 3473 1833 φέρουσαν
3517 1769 3587 1832 τῷ
3626 1759 3931 1814 δουλεύοντι

547 1848 912 1918 Scripturam
938 1847 1110 1918 quasi
1146 1845 1481 1902 hominibus
1502 1846 1752 1914 placens
1779 1844 2071 1907 videatur,
2101 1860 2204 1915 ap-

545 1943 828 2006 pareatve
855 1936 936 1990 ad
953 1937 1189 1990 oculum
1207 1935 1466 1990 serviens
1491 1934 1587 2004 (2),
1616 1949 1810 2005 neque
1831 1932 2199 1998 hominibus,

549 2023 655 2078 sed
691 2029 749 2078 ut
776 2023 889 2095 ipsi
938 2024 1189 2079 Domino
1217 2024 1502 2091 serviens,
1553 2026 1900 2092 arctamque
1927 2021 2083 2075 viam
2118 2022 2204 2076 in-

544 2112 780 2168 sistens.
817 2113 923 2168 Uni
966 2113 1122 2167 illius
1179 2113 1318 2182 iugo
1372 2117 1646 2183 prompte
1700 2109 1917 2165 collum
1946 2109 2202 2164 submit-

546 2207 698 2268 tens,
727 2201 909 2273 idque
941 2208 1186 2274 portans
1226 2201 1615 2264 continenter,
1651 2201 1708 2253 in
1760 2199 2062 2269 voluptate
2089 2198 2204 2253 fer-

545 2295 640 2346 tur
666 2291 741 2345 ad
766 2290 948 2346 ﬁnem
972 2307 1108 2344 cum
1131 2290 1292 2344 bona
1315 2305 1442 2360 spe.
1478 2287 1658 2343 Debet
1686 2289 1863 2357 igitur
1896 2287 2200 2342 subiectus

542 2395 671 2435 esse
703 2379 1004 2444 omnibus,
1041 2383 1100 2433 et
1131 2385 1418 2449 tanquam
1452 2377 1638 2432 mutui
1681 2376 1802 2431 dati
1846 2376 2078 2431 debitor
2098 2378 2203 2432 mi-

542 2469 799 2524 nistrare
831 2467 1135 2532 fratribus,
1165 2467 1438 2522 omnium
1469 2466 1627 2521 curis
1654 2466 1711 2520 in
1759 2465 1960 2520 anima
1983 2482 2093 2521 sua
2116 2481 2202 2520 re-

546 2556 777 2628 positis,
826 2556 1204 2627 reddensque
1261 2555 1524 2609 debitam
1585 2553 1914 2609 caritatem.
1958 2555 2199 2624 Oportet

549 2652 751 2701 autem
801 2645 979 2700 etiam
1031 2647 1406 2716 praepositos
1452 2643 1774 2714 spiritualis
1805 2643 1968 2698 chori
2019 2660 2198 2700 curae

542 2733 1070 2789 sibiincumbentis
1096 2733 1575 2802 magnitudinem
1593 2732 2200 2804 intuentes,artesque

541 2822 882 2877 insidiantis
900 2821 1035 2876 ﬁdei
1067 2820 1324 2877 malitiae
1349 2821 1743 2889 attendentes,
1764 2821 1943 2888 digne
1966 2822 2195 2892 praesi-

537 2911 646 2967 dio
684 2927 793 2966 suo
819 2916 1061 2974 certare,
1090 2925 1198 2965 nec
1255 2909 1334 2965 ob
1367 2913 1715 2980 potestatem
1744 2925 2053 2965 assumere
2085 2911 2198 2982 spi-

537 3000 739 3056 ritum.
781 3002 897 3054 Hoc
929 2999 1090 3054 enim
1109 2999 1239 3054 loco
1257 3004 1342 3053 est
1374 2999 1722 3069 periculum.
1759 3001 1822 3052 Et
1853 3003 1990 3053 sunt
2017 3016 2192 3070 quos,

534 3105 673 3145 cum
704 3089 909 3144 ceteris
935 3088 1056 3142 iam
1088 3103 1149 3143 se
1181 3093 1484 3158 praestare
1540 3092 1835 3158 putarent.
1866 3103 2085 3158 equue
2117 3088 2193 3144 ad

531 3184 836 3235 aeternam
861 3178 1077 3233 ducere
1103 3177 1308 3242 vitam,
1343 3177 1595 3241 latuerit,
1623 3177 1904 3247 superbia
1943 3193 2004 3231 se
2032 3178 2195 3250 ipsos

532 3268 789 3323 interire.
845 3266 1069 3321 Debent
1118 3265 1296 3335 igitur
1345 3265 1400 3318 in
1454 3265 1754 3336 praesidio
1804 3266 1934 3336 plus
1988 3265 2195 3320 ceteris

531 3356 856 3428 praepositi
883 3355 1176 3418 laborare.
1203 3354 1488 3410 humilius
1503 3361 1704 3410 autem
1730 3354 2017 3410 subiectis
2034 3355 2193 3424 cogi-

532 3450 675 3510 tare,
708 3449 886 3514 atque
917 3451 1126 3515 typum
1166 3443 1457 3497 servitutis
1497 3443 1661 3498 viam
1695 3459 1865 3498 suam
1905 3444 2191 3514 praebere

531 3533 831 3595 fratribus,
860 3538 1036 3602 atque
1066 3531 1406 3601 depositum
1434 3532 1531 3585 Dei
1563 3531 1910 3586 existimare
1943 3547 2068 3597 eos,
2089 3533 2192 3603 qui

532 3622 643 3676 sibi
665 3619 986 3675 concrediti
1018 3625 1173 3674 sunt.
1211 3620 1434 3674 Etenim
1468 3621 1514 3673 si
1551 3620 1632 3674 ita
1664 3635 1724 3673 se
1756 3620 1996 3685 habent,
2031 3637 2191 3676 exer-

530 3716 728 3767 centes
770 3708 948 3763 simul
989 3713 1260 3762 sanctum
1302 3708 1634 3762 ministerio
1675 3724 1783 3762 suo
1822 3708 2095 3777 chorum,
2133 3716 2190 3766 et

529 3800 862 3855 doctrinam
893 3798 1222 3852 secundum
1252 3797 1540 3867 cuiusque
1561 3798 1969 3852 necessitatem
1988 3797 2187 3868 palam

528 3893 951 3961 proponentes,
974 3885 1050 3942 ad
1083 3885 1435 3940 salvandum
1468 3885 1683 3956 cuique
1714 3893 2185 3943 consentaneum

527 3978 824 4042 ordinem,
852 3977 912 4031 in
943 3975 1178 4031 occulto
1219 3991 1359 4029 vero
1403 3974 1803 4030 humilitatem
1845 3982 2185 4032 exerccntes

525 4069 586 4124 in
617 4073 840 4133 mente,
865 4072 1153 4136 tanquam
1173 4065 1346 4136 probi
1370 4064 1617 4119 ministri
1646 4064 1828 4120 iidem
1854 4071 2180 4144 servantes,

527 4173 817 4228 magnam
835 4155 1271 4212 sibilucrantur
1303 4153 1406 4209 tali
1447 4154 1568 4209 vita
1604 4155 1959 4209 mercedem.
2007 4156 2182 4227 209

527 4248 617 4303 Sic
665 4246 844 4315 igitur
885 4259 1092 4300 eorum
1125 4259 1332 4298 curam
1384 4258 1585 4314 gerere
1638 4243 1878 4306 debent,
1928 4248 1991 4298 ut
2037 4244 2182 4299 boni

524 4335 789 4404 magistri
822 4349 1144 4405 puerorum
1177 4336 1537 4396 tenerorum,
1571 4333 1674 4403 qui
1711 4331 1825 4386 sibi
1854 4331 2180 4388 concraditi

523 4430 660 4479 sunt
680 4439 716 4478 a
745 4423 1012 4495 patribus
1026 4437 1253 4476 eorum.
1277 4423 1422 4475 Nam
1446 4420 1548 4488 illi,
1573 4436 1898 4491 puerorum
1916 4421 2177 4477 indolem

2316 1852 2471 1916 τιμὴν
2523 1844 2662 1918 μηδὲ
2721 1845 2899 1913 δόξαν,
2955 1851 3089 1908 ὅπως
3149 1854 3219 1920 μη
3267 1852 3409 1924 παρά
3459 1853 3516 1902 τό
3569 1857 3925 1923 γεγραμμένον

2316 1935 2864 2008 ἀνθρωπάρεσκος
2921 1943 3174 2008 φαίνοιτο,
3233 1939 3583 2009 σχηματίζων
3634 1939 3818 1991 ἑαυτὸν
3880 1940 3930 1992 ἐν

2317 2023 2896 2096 ὁφθαλμοδουλείᾳ
2925 2027 2990 2096 ³),
3025 2024 3164 2098 μηδὲ
3195 2025 3502 2100 ἀνθρώποις,
3545 2027 3649 2078 αλλ’
3687 2031 3758 2089 ὡς
3789 2029 3931 2100 αύτῷ

2318 2120 2388 2182 τῷ
2442 2118 2606 2184 κυρίῳ
2670 2111 2945 2180 δουλεύων,
3000 2121 3089 2166 καὶ
3138 2120 3230 2173 τὴν
3289 2116 3626 2187 τεθλιμμένην
3683 2115 3929 2188 βαδίζων

2315 2198 2438 2253 ὁδόν
2473 2221 2485 2234 ·
2522 2202 2592 2253 ἑνὶ
2637 2205 2678 2270 ⁸)
2713 2211 2784 2272 τῷ
2834 2203 3027 2255 ἐκείνου
3070 2205 3215 2276 ζυγῷ
3261 2207 3538 2278 προθύμως
3588 2207 3793 2266 ὑποθεὶς
3841 2211 3928 2258 τὸν

2315 2291 2536 2361 αὐχένα,
2576 2297 2666 2342 καὶ
2711 2290 2996 2363 βαστάζων
3042 2289 3135 2344 διὰ
3182 2294 3370 2358 τέλους,
3422 2292 3469 2344 ἐν
3514 2291 3678 2367 ἡδονῇ
3722 2300 3928 2368 φέρεται

2312 2384 2440 2452 πρὸς
2488 2385 2545 2432 τὸ
2593 2381 2736 2442 τελος
2781 2384 2911 2453 μετά
2960 2381 3159 2450 ἀγαθῆς
3199 2379 3426 2442 ἐλπίδος.
3475 2380 3559 2435 δεῖ
3598 2381 3686 2436 οὖν
3737 2386 3926 2438 ύποτε-

2309 2471 2511 2540 τάχθαι
2556 2476 2711 2534 πᾶσι,
2761 2475 2851 2520 καὶ
2897 2472 3129 2542 καθάπερ
3187 2467 3392 2523 δανείου
3453 2478 3731 2546 χρεώστην
3782 2476 3929 2546 θερα-

2312 2562 2480 2610 πεύειν
2539 2562 2654 2618 τοὺς
2714 2555 2986 2630 ἀδελφοὺς,
3049 2563 3137 2619 τὰς
3183 2561 3309 2633 ὑπὲρ
3376 2563 3576 2613 πάντων
3633 2561 3919 2634 φροντίδας

2312 2646 2673 2717 ἐναποθέμενον
2712 2656 2774 2718 τῇ
2828 2647 3008 2720 ψυχῇ,
3047 2653 3135 2700 καὶ
3185 2648 3584 2724 ἀποπληροῦντα
3632 2657 3726 2709 τὴν
3782 2652 3920 2724 ὀφει-

2309 2734 2525 2806 λομένην
2577 2735 2783 2806 ἀγάπην
2814 2753 2825 2764 ·
2863 2741 2972 2808 χρη
3028 2733 3087 2788 δὲ
3139 2743 3227 2789 xui
3277 2742 3393 2800 τοὺς
3439 2748 3774 2811 προεστῶτας
3829 2749 3920 2794 τοῦ

2309 2833 2660 2894 πνευματικοῦ
2699 2833 2868 2899 χοροῦ
2907 2829 2964 2877 τὸ
3004 2829 3213 2897 μέγεθος
3258 2834 3343 2888 τῆς
3383 2828 3550 2880 αύτῶν
3595 2838 3915 2892 σκοποῦντας

2309 2909 2582 2986 φροντίδος
2618 2915 2665 2984 ⁵)
2706 2919 2796 2966 καὶ
2850 2921 2941 2974 τῆς
2977 2913 3353 2990 ἐφεδρευούσης
3391 2921 3476 2974 την
3512 2923 3689 2970 πίστιν
3729 2923 3917 2981 κακίας

2308 3000 2677 3074 λογιζομένους
2714 3005 2805 3063 τὰς
2844 3006 3058 3074 τέχνας,
3101 3004 3256 3066 ἀξίως
3294 3014 3385 3065 τῆς
3425 3005 3738 3069 ἐπιστασίας
3778 3007 3921 3077 αγω-

2305 3092 2560 3158 νίζεσθαι,
2605 3097 2674 3163 μή
2706 3096 2834 3166 πρὸς
2865 3097 2956 3150 τὴν
2997 3092 3234 3154 ἐξουσίαν
3275 3096 3610 3162 ἀναιροῦντας
3660 3103 3918 3171 φρόνημα.

2305 3178 2546 3241 κίνδυνος
2574 3184 2672 3252 γὰρ
2707 3180 2928 3233 ἐνταῦθα
2959 3198 2975 3214 ο
2999 3187 3087 3233 καὶ
3118 3201 3246 3245 τινες
3281 3180 3386 3240 ἠδη
3421 3181 3694 3247 δοκοῦντες
3736 3187 3781 3257 ⁸)
3822 3186 3921 3239 ἐτέ-

2304 3290 2404 3343 ρων
2441 3271 2776 3341 προεστάναι,
2821 3274 2906 3321 xui
2953 3273 3163 3331 τούτους
3212 3271 3295 3323 ἐπὶ
3343 3278 3434 3330 τὴν
3485 3273 3724 3345 οὐράνιον
3769 3275 3919 3327 εὐθύ-

2307 3376 2411 3408 σειν
2464 3361 2619 3424 ζωήν,
2674 3359 2852 3410 ἔλαθον
2921 3361 3020 3411 ὑπὸ
3079 3365 3406 3431 φρονήματος
3455 3361 3668 3424 ἑαυτούς
3736 3363 3918 3417 ἀπολέ-

2308 3466 2502 3508 σαντες.
2538 3444 2622 3498 δεῖ
2644 3445 2731 3499 οὖν
2763 3447 2811 3498 ἐν
2837 3455 2898 3519 τῇ
2937 3447 3224 3521 ἐπιστασίᾳ
3251 3451 3469 3522 μείζονα
3497 3455 3586 3524 μὲν
3619 3461 3719 3503 τῶν
3750 3454 3914 3506 α’λλων

2301 3540 2422 3596 τούς
2464 3545 2792 3610 προεστῶτας
2834 3545 3024 3601 πονεῖν,
3063 3544 3395 3608 ταπεινότερα
3441 3538 3499 3592 δὲ
3535 3550 3633 3593 τῶν
3680 3540 3911 3615 ἀρχομ-

2299 3645 2394 3674 νων
2421 3631 2637 3697 φρονεῖν,
2674 3631 2759 3678 καὶ
2793 3629 2952 3678 τύπον
2995 3624 3228 3687 δουλείας
3265 3632 3350 3680 τὸν
3384 3628 3569 3681 ἑαυτοῦ
3613 3629 3737 3701 βίον
3774 3652 3905 3704 παρ-

2299 3717 2438 3784 έχειν
2487 3721 2595 3774 τοῖς
2649 3712 2908 3786 ἀδελφοῖς,
2978 3719 3426 3789 παρακαταθήκην
3488 3721 3602 3770 θεοῦ
3661 3726 3903 3789 νομίζον-

2298 3822 2385 3862 τας
2434 3806 2594 3873 ἓχειν,
2638 3804 2728 3864 οῦς
2781 3803 3187 3863 ἐπιστεύθησαν.
3245 3807 3286 3858 εἰ
3333 3810 3434 3879 γάρ
3493 3810 3654 3868 οὕτως
3709 3813 3899 3881 ἔχοιεν,

2298 3899 2703 3964 συγκροτοῦντες
2739 3896 2825 3944 τὸν
2876 3895 3006 3964 ἱερὸν
3059 3902 3118 3965 τῇ
3174 3897 3419 3968 θεραπείᾳ
3453 3902 3632 3970 χορόν,
3680 3906 3772 3951 καὶ
3811 3905 3902 3959 τὴν

2295 3984 2384 4050 μεν
2413 3977 2652 4052 διδαχὴν
2684 3985 2819 4033 κατὰ
2838 3986 2930 4040 τὴν
2956 3982 3175 4035 ἑκάστου
3201 3989 3387 4058 χρείαν
3418 3985 3466 4036 ἐν
3499 3995 3696 4058 φανερῷ
3727 3993 3903 4041 ποιού-

2294 4089 2456 4140 μενοι,
2489 4074 2614 4141 πρὸς
2655 4074 2712 4122 τὸ
2756 4075 2939 4134 σώζειν
2981 4076 3073 4130 τὴν
3114 4072 3334 4125 ἑκάστου
3376 4079 3677 4146 πρέπουσαν
3735 4078 3897 4144 τάξιν,

2295 4161 2340 4209 ἐν
2376 4168 2446 4228 τῷ
2484 4168 2696 4232 κρυπτῷ
2730 4156 2787 4212 δὲ
2830 4164 2963 4212 κατά
3003 4158 3239 4213 διάνοιαν
3272 4168 3364 4220 τὴν
3396 4171 3898 4238 ταπεινοφροσύνην,

2292 4250 2521 4319 καθάπερ
2573 4249 2887 4321 εὐγνώμονες
2955 4247 3134 4303 δοῦλοι
3198 4260 3473 4323 τηροῦντες
3533 4258 3626 4312 τήν
3693 4261 3897 4323 πίστιν,

2289 4341 2450 4407 μέγαν
2507 4337 2708 4399 ἑαυτοῖς
2759 4338 3063 4412 ἐργάζονται
3119 4348 3190 4410 τῷ
3246 4344 3464 4412 τοιούτῳ
3493 4340 3595 4414 βίῳ
3653 4347 3848 4414 μισθόν
3885 4385 3896 4398 .

2289 4425 2448 4485 οὕτως
2493 4422 2580 4477 οὖν
2631 4424 2765 4499 [δεῖ]
2812 4428 2859 4498 ’⁷)
2908 4427 3264 4498 ἔπιμελεῐσθαι
3307 4430 3493 4496 αὐτῶν,
3540 4434 3609 4493 ὡς
3650 4434 3710 4484 ἄν
3760 4453 3900 4506 χρη-

521 4517 878 4586 spectantes,
929 4511 1023 4566 alii
1100 4510 1371 4576 verbera,
1426 4509 1521 4565 alii
1587 4509 2009 4580 correptiones,
2079 4512 2176 4568 alii

2306 4518 2404 4565 rroi
2450 4511 2782 4586 παιδαγωγοὶ
2831 4513 3033 4568 παίδων
3084 4517 3311 4582 ἁπαλῶν,
3366 4520 3455 4580 οῦς
3508 4522 3897 4580 ἐπιστεύθησαν

518 4602 781 4668 laudem,
816 4601 913 4657 alii
946 4599 1102 4656 aliud
1132 4599 1476 4654 huiusmodi
1512 4597 1786 4666 afferunt,
1816 4614 2008 4670 neque
2037 4616 2173 4654 cum

519 4692 943 4761 studio,neque
968 4705 1104 4743 cum
1131 4687 1270 4744 odio
1296 4687 1630 4759 quidquam
1654 4688 2171 4754 eoremfaciundo,

519 4779 626 4834 sed
658 4780 809 4833 sicut
839 4778 918 4833 rei
946 4776 1247 4845 convenit,
1281 4781 1334 4830 et
1361 4775 1527 4845 pueri
1561 4773 1826 4845 postulat
1854 4780 2087 4840 natura,
2112 4781 2175 4832 ut

517 4868 666 4923 ﬁant
694 4865 871 4922 huius
898 4866 1052 4920 vitae
1077 4864 1354 4918 homines
1368 4861 1785 4934 honesti.[Sic]
1805 4879 1912 4918 nos
1929 4881 2173 4936 quoque

517 4960 750 5028 oportet
773 4954 939 5012 omni
969 4953 1107 5010 odio
1137 4953 1198 5008 in
1229 4951 1470 5009 fratrem
1503 4951 1788 5024 omnique
1830 4956 2173 5024 arrogantia

2285 4607 2428 4677 παρά
2473 4613 2573 4656 τῶν
2617 4611 2847 4679 πατέρων
2887 4606 3055 4658 αὐτῶν
3089 4624 3100 4636 ·
3126 4610 3307 4660 ἐκεῖνοι
3355 4611 3476 4682 γάρ,
3535 4619 3636 4662 τῶν
3686 4610 3894 4664 παίδων

2285 4695 2378 4754 τὰς
2423 4694 2551 4756 ἕξεις
2592 4701 2921 4760 σκοποῦντες,
2978 4704 3049 4766 τῷ
3103 4699 3193 4767 μὲν
3241 4697 3461 4768 πληγὰς,
3506 4707 3576 4769 τῷ
3622 4696 3682 4752 δὲ
3717 4703 3897 4754 νουθε-

2287 4786 2424 4846 σίας,
2469 4792 2540 4853 τῷ
2589 4781 2646 4835 δὲ
2694 4786 2919 4849 ἔπαινον,
2961 4793 3030 4854 τῷ
3073 4780 3130 4836 δε
3173 4785 3293 4839 ἄλλο
3342 4807 3389 4839 τι
3439 4795 3676 4841 τοιοῦτον
3728 4810 3891 4865 προσ-

2283 4873 2523 4941 άγουσιν,
2559 4869 2709 4924 οὐδὲν
2749 4875 2866 4925 οὔτε
2902 4876 3025 4946 πρὸς
3067 4875 3227 4947 χάριν
3267 4879 3383 4928 οῦτε
3423 4880 3551 4949 πρὸς
3597 4877 3888 4950 ἀπέχθειαν

2285 4963 2478 5011 τούτων
2522 4967 2804 5026 ποιοῦντες,
2851 4959 2957 5013 ἀλλ’
2995 4963 3065 5022 ὡς
3099 4961 3254 5023 ἀνῆκε
3292 4971 3383 5016 τοῦ
3423 4966 3754 5039 πράγματος,
3801 4961 3888 5020 καὶ

1851 5143 2106 5198 VARIAE
2139 5143 2424 5202 LECTION
2432 5148 2535 5204 ES.

589 5303 639 5374 1)
677 5299 853 5378 Copi;
893 5298 1038 5378 add:
1083 5299 1139 5364 ἡ,
1169 5296 1230 5378 in
1278 5295 1388 5352 cod
1419 5293 1826 5378 desideratur;
1859 5326 1925 5335 —
1966 5295 2011 5378 ιξ
2045 5297 2137 5352 Sic
2185 5297 2317 5378 cod.
2368 5328 2419 5378 -_-
2449 5298 2493 5369 ³)
2528 5299 2796 5378 Εωθειάε,
2838 5299 2972 5357 cod.
3014 5300 3499 5378 69Qulpwdoruiaiu.
3532 5336 3601 5347 -
3654 5307 3698 5378 ἒ)
3733 5305 3878 5364 Cod.

505 5362 711 5430 Evt.'—
743 5374 788 5444 ⁵)
815 5369 1086 5436 Emend.,
1120 5362 1254 5426 cod.
1291 5362 1588 5442 φροντίδας.
1615 5397 1684 5408 -
1713 5368 1755 5438 ⁸)
1788 5362 2058 5434 Emend.
2099 5367 2231 5424 cod.
2267 5362 2537 5429 δοκώντές.
2572 5400 2639 5410 -
2666 5369 2706 5440 ⁷)
2740 5362 2822 5423 δεῖ
2841 5387 2962 5428 om.
3005 5362 3403 5439 οὸᾱ.,”αόαὶᾱί
3432 5362 3504 5433 ex
3531 5362 3689 5434 coni:

2075 5492 2332 5549 NOTAE.

508 5623 890 5755 xx(lil)lhﬁrc.
919 5624 1005 5689 IX,
1039 5622 1108 5679 34
1155 5636 1171 5689 ;
1206 5621 1268 5687 Χ,
1306 5619 1375 5677 43
1405 5633 1476 5693 sq
1509 5633 1546 5687 .;
1568 5616 1768 5678 Matth.
1792 5619 1896 5688 XX,
1929 5617 2000 5673 26
2048 5632 2164 5690 sq.,

693 5737 709 5765 θ
738 5731 822 5753 ll.

2351 5618 2429 5694 (2)
2455 5619 2602 5692 Eph.
2638 5620 2726 5691 VI,
2758 5621 2811 5688 6,
2839 5628 2893 5692 7;
2921 5623 3042 5682 Col.
3075 5621 3164 5695 Ill,
3197 5622 3286 5682 22.
