4084 6256
267 310 383 367 425

1748 311 2161 369 EPISTOLAE.

3543 322 3651 381 426

253 435 285 485 ὁ
318 440 410 488 τοῦ
458 428 657 494 παιδὸς
698 430 908 486 ἀπαιτεῖ
936 436 1148 505 τρόπος,
1191 430 1262 493 εἰς
1311 434 1367 485 τὸ
1409 435 1653 505 γενέσθαι
1684 434 1844 487 αὖτοὺ

1995 436 2257 506 seposita
2282 436 2360 492 ad
2389 438 2679 511 cuiusque
2710 440 2992 498 virtutem
3022 457 3092 499 ac
3123 445 3386 502 mentem
3412 460 3648 504 accom-

251 531 354 576 τοῦ
410 522 535 596 βίου
593 524 781 575 τούτου
843 525 1082 594 σεμνούς.
1137 522 1319 596 [οὕτω]
1350 522 1395 593 1)
1445 528 1533 576 καὶ
1585 527 1724 596 ἡμᾶς
1767 529 1875 596 χρὴ

252 618 363 663 πᾶν
411 619 565 683 μῖσος
612 613 751 663 κατὰ
810 618 900 662 τοῦ
950 606 1175 682 ἀδελφοῦ
1224 616 1315 662 καὶ
1366 616 1542 664 πᾶσαν
1589 609 1872 665 αὐθάδειαν

252 700 613 773 ἀποθεμένους
655 704 786 773 πρὸς
818 705 911 758 τὴν
957 700 1160 772 ἑκάστῳ
1201 700 1246 771 ²)
1278 697 1503 773 δύναμιν
1542 706 1633 754 καὶ
1662 708 1872 775 γνώμην

250 790 509 862 ἁρμόζειν
557 793 643 842 τόν
684 789 837 860 λόγον
870 806 883 819 ⁸
908 792 966 841 τὸ
1022 792 1066 857 ³)
1120 793 1210 861 μεν
1261 788 1593 863 ἐπιτίμησον,
1636 795 1692 844 τό
1732 792 1777 863 ³’)
1811 789 1870 844 δὲ

244 881 592 944 νουθέτησον,
662 876 812 930 ἄλλον
870 877 1251 949 παρακάλεσον,
1310 882 1436 950 πρὸς
1494 884 1588 937 τὴν
1645 880 1869 932 ἑκάστου

243 973 463 1043 χρείαν,
494 968 729 1041 καθάπερ
780 967 955 1039 ἰατρὸς
1000 965 1198 1037 ἀγαθὸς
1241 970 1523 1039 προσάγων
1566 971 1625 1020 τὸ
1656 971 1867 1043 φάρμαε-

240 1076 360 1112 κον.
423 1056 614 1117 ἐκεῖνος
669 1059 761 1126 μὲν
812 1057 937 1128 γάρ,
991 1059 1122 1128 πρὸς
1182 1058 1248 1107 τὰ
1295 1057 1435 1113 πάθη
1509 1064 1739 1123 σκοπῶν,
1794 1066 1866 1127 τῷ

239 1149 340 1219 μὲν
398 1151 584 1219 πρᾷον,
648 1152 721 1214 τῷ
776 1141 835 1197 δὲ
894 1140 1242 1218 σφοδρότερον
1299 1145 1519 1202 ἐπέθηκε
1571 1146 1863 1217 φάρμακον,

237 1232 425 1287 ούδενὶ
461 1242 563 1286 τῶν
608 1235 883 1305 θεραπείας
929 1229 1182 1304 δεομένων
1229 1232 1541 1305 ἀχθόμενος,
1576 1232 1703 1286 ἀλλὰ
1748 1241 1865 1295 ταῖς

234 1324 479 1395 πληγαῖς
533 1327 624 1375 καὶ
670 1329 782 1385 τοῖς
831 1341 1073 1394 σωμασιν
1122 1320 1365 1394 ἁρμόζων
1400 1327 1494 1381 τὴν
1534 1326 1746 1394 τέχνην.
1797 1326 1861 1375 σὺ

236 1409 305 1465 δὲ
369 1412 641 1464 ἀκολούθει
695 1419 758 1484 τῆ
833 1415 993 1485 χρείᾳ
1048 1417 1141 1463 τοῦ
1192 1416 1520 1484 πράγματος,
1576 1413 1715 1474 ὅπως
1771 1416 1859 1470 τὴν

232 1502 435 1572 ψυχὴν
479 1507 571 1553 τοῦ
599 1504 725 1573 πρὸς
775 1502 832 1552 σε
863 1499 1144 1572 βλέποντος
1191 1501 1431 1571 μαθητοῦ
1461 1499 1629 1562 καλῶς
1678 1502 1858 1552 ἐκπαι-

235 1586 446 1651 δεύσας
489 1589 731 1662 λαμπρὰν
774 1594 868 1647 τὴν
926 1587 1120 1651 ἐκείνης
1172 1587 1357 1663 ἀρετὴν
1388 1590 1737 1662 προσαγάγῃς
1787 1598 1859 1660 τῷ

230 1684 425 1752 πατρί,
494 1677 815 1751 κληρονόμον
881 1677 1026 1740 ἄξιον
1092 1685 1181 1738 τῆς
1234 1677 1429 1729 ἐκείνου
1490 1674 1712 1749 δωρεᾶς.
1773 1676 1858 1728 ἐὰν

228 1769 403 1828 οὕτως
473 1770 635 1838 ἔχητε
690 1769 822 1839 πρὸς
888 1764 1160 1830 ἀλλήλους,
1225 1767 1275 1817 οῖ
1330 1785 1384 1817 τε
1431 1764 1713 1838 ἐφεστῶτες
1767 1770 1856 1818 καὶ

226 1858 282 1908 οἱ
331 1858 537 1916 τούτοις
587 1860 852 1930 χρώμενοι
906 1851 1276 1918 διδασκάλοις,
1330 1856 1379 1907 οἱ
1422 1857 1511 1927 μὲν
1562 1857 1856 1925 πειθόμενοι

223 1948 374 2018 μετὰ
421 1950 601 2018 χαρᾶς
662 1952 767 2004 τοῖς
814 1946 1255 2015 ἐπιταττομένοις,
1306 1945 1354 1995 οἱ
1400 1939 1459 1995 δε
1497 1943 1615 2014 μεθ’
1660 1939 1855 2004 ἡδονῆς

223 2037 361 2095 τοὺς
445 2030 697 2105 ἀδελφούς
753 2032 836 2084 ἐπὶ
907 2035 967 2083 τὸ
1023 2032 1210 2084 τέλειον
1284 2035 1685 2103 προσαγόμενοι,
1765 2037 1853 2085 καὶ

220 2131 353 2185 ταῖς
384 2129 561 2185 τιμαῖς
607 2120 846 2182 ἀλλήλοις
900 2123 1206 2194 προηγῆσθε
1235 2121 1303 2193 ³),
1352 2124 1438 2172 τὸν
1495 2128 1592 2172 τῶν
1624 2120 1852 2192 ἀγγέλων

221 2213 322 2266 ἐπὶ
350 2221 454 2283 γῆς
496 2212 726 2273 ζήσεσθε
752 2209 894 2283 βίον.
926 2206 1114 2282 μηδεὶς
1146 2206 1234 2262 οὖν
1281 2212 1328 2262 ἓν
1364 2211 1485 2280 ύμῖν
1514 2209 1851 2282 γνωριζέσθω

220 2310 415 2374 τῦφος,
445 2300 577 2353 ἀλλὰ
607 2299 834 2359 ἁπλότης
862 2304 948 2350 καὶ
999 2299 1217 2370 ὁμόνοια
1262 2303 1351 2351 καὶ
1389 2295 1630 2360 διάθεσις
1661 2296 1851 2359 ἄδολος

225 2394 597 2464 συγκροτείτω
646 2392 731 2441 τὸν
783 2393 966 2461 χορόν.
1008 2390 1226 2440 πειθέτω
1270 2385 1329 2440 δὲ
1381 2389 1596 2447 ἕκαστος
1646 2387 1845 2452 ἑαυτόν,

220 2484 294 2541 ὡς
335 2480 395 2531 ού
436 2486 528 2531 τοῦ
572 2482 813 2538 συνόντος
852 2475 1077 2549 ἀδελφοῦ
1116 2481 1268 2549 μόνον
1309 2480 1459 2529 ἔσται
1493 2473 1847 2529 καταδεέστε-

218 2590 335 2644 ρος,
379 2569 509 2621 ἀλλά
538 2573 628 2621 καὶ
669 2571 861 2629 παντὸς
901 2566 1196 2640 ἀνθρώπου.
1240 2574 1391 2619 τοῦτο
1428 2569 1529 2640 γὰρ
1568 2571 1846 2637 γινώσκων

223 2664 478 2735 μαθητὴς
507 2664 662 2720 ὅντώς
692 2663 841 2712 ἔσται
870 2666 1108 2734 Χριστοῦ
1139 2660 1355 2734 ’ὁγὰρ
1397 2658 1573 2729 ὑψῶν
1615 2658 1845 2713 ἑαυτὸν

225 2752 595 2809 ταπεινωθή
622 2768 833 2819 σεται,
866 2750 1029 2801 καὶὸ
1061 2756 1380 2801 ταπεινῶν
1421 2748 1657 2800 ἑαυτὸν
1688 2748 1845 2819 ύψω-

231 2842 532 2898 θήσεται.
566 2844 655 2891 καὶ
684 2838 868 2891 πάλιν·
904 2840 929 2889 ὁ
985 2838 1176 2890 θέλων
1208 2836 1264 2889 ἐν
1294 2839 1446 2909 ὑμῖν
1477 2832 1651 2889 εἶναι
1689 2846 1846 2911 πρῶ-

228 2948 353 2993 τος,
387 2931 577 2981 ἔσται
605 2929 855 2980 πάντων
886 2929 1175 2999 ἔσχατος
1204 2931 1308 2977 καὶ
1342 2928 1596 2979 πάντων
1628 2923 1845 2979 διάκο-

234 3036 353 3077 νος.
384 3019 556 3079 καθὼς
584 3022 708 3069 καί·
754 3018 779 3069 ὁ
819 3018 962 3079 υἱὸς
1000 3023 1111 3068 τοῦ
1161 3015 1500 3089 ἀνθρῶπου
1540 3016 1653 3067 οὐκ
1694 3012 1844 3074 ἦλθε

237 3102 735 3171 διακονηθῆναι,
778 3105 934 3157 ἀλλὰ
975 3102 1396 3170 διακονῆσαι,
1452 3109 1560 3156 καὶ
1608 3102 1843 3157 δοῦναι

229 3199 343 3253 τὴν
400 3194 622 3266 ψυχὴν
659 3195 860 3248 αὐτοῦ
911 3194 1140 3269 λύτρον
1196 3193 1337 3246 ἀντὶ
1378 3192 1644 3245 πολλῶν.
1686 3195 1839 3246 καὶὸ

226 3282 515 3343 ἀπόστολος
549 3302 561 3313 ·
619 3283 688 3335 ού
727 3284 846 3356 γὰρ
888 3283 1153 3344 ἑαυτούς
1192 3284 1638 3355 κηρύσσομεν,
1683 3282 1839 3334 ἀλλὰ

232 3374 520 3443 Χριστὸν
562 3372 843 3441 Ἰησοῦν,
874 3376 1119 3443 κύριον,
1153 3371 1425 3431 ἑαυτοὺς
1455 3367 1523 3424 δε
1565 3367 1839 3431 δούλους

228 3462 404 3530 ὑμῶν
446 3455 559 3511 διὰ
596 3458 871 3517 Ἰησοῦν.
927 3458 1112 3522 εἰδότες
1144 3457 1230 3513 οὖν
1261 3469 1354 3522 τῆς
1385 3480 1439 3511 τε
1469 3465 1839 3520 ταπεινότητος

226 3552 355 3611 τοὺς
374 3550 627 3621 καρπούς,
647 3552 737 3600 καὶ
761 3553 850 3607 τὴν
873 3549 1064 3621 ζημίαν
1080 3552 1126 3617 θ)
1150 3557 1240 3602 τοῦ
1263 3552 1445 3622 τύφου,
1470 3549 1837 3621 μιμήσασθετ)

218 3641 311 3690 τόν
367 3634 655 3703 δεσπότην,
708 3637 999 3709 ἀγαπῶντες
1053 3638 1327 3703 ἀλλήλους,
1373 3642 1462 3690 καὶ
1511 3641 1642 3709 μήτε
1688 3639 1839 3690 θάνα-

217 3745 331 3790 τον,
388 3730 521 3797 μήτε
568 3725 727 3784 ἄλλην
774 3730 890 3779 τινὰ
933 3732 1187 3800 τιμωρίαν
1240 3728 1313 3788 εἰς
1360 3727 1557 3798 ἀγαθὸν
1586 3726 1696 3799 μετ’
1751 3727 1840 3778 ἀλ·
1904 3776 1921 3785 ﬁ

213 3814 386 3873 λήλων
435 3814 630 3867 ὀκνεῖτε
676 3816 743 3886 ⁸),
797 3814 903 3867 ἀλλ’
963 3815 1024 3874 ἣν
1075 3813 1314 3868 ἕϐάδισεν
1359 3815 1407 3867 ἓν
1456 3817 1582 3887 ἡμῖν
1638 3812 1762 3867 ὁδὸν
1812 3817 1837 3867 ὁ

216 3908 423 3977 σωτήρ,
496 3907 693 3963 ταύτην
748 3905 896 3976 ὑμεῖς
943 3908 1070 3977 πρὸς
1127 3904 1312 3958 ἐκεῖνον
1391 3901 1724 3977 βαδίζοντες,
1790 3904 1837 3955 ἐν

219 4000 432 4065 σώματι
474 3997 564 4045 καὶ
610 3991 766 4066 ψυχῇ
796 3999 893 4065 μιᾷ
935 4000 1154 4068 χωρεῖτε
1189 3996 1320 4066 πρὸς
1348 3998 1442 4051 τὴν
1482 3995 1586 4045 ἄνω
1627 3993 1834 4060 κλῆσιν,

216 4082 523 4152 ἀγαπῶντες
585 4084 669 4133 τὸν
726 4083 835 4133 θεὸν
888 4088 977 4134 καὶ
1032 4081 1316 4141 ἀλλήλους’
1360 4082 1539 4151 ἀγάπη
1589 4084 1691 4153 γὰρ
1744 4086 1834 4132 καὶ

213 4168 367 4242 φόϐος
397 4171 424 4221 ὁ
468 4173 601 4244 πρὸς
652 4173 739 4222 τόν
788 4174 967 4243 κύριον
1014 4175 1072 4223 τό
1127 4179 1330 4243 πρῶτον
1376 4179 1469 4222 τοῦ
1516 4175 1675 4241 νόμου
1725 4168 1835 4222 ἐστὶ

214 4258 502 4331 πλήρωμα.
564 4255 649 4311 δεῖ
707 4256 795 4311 οὖν
838 4260 1056 4312 ἕκαστον
1105 4261 1249 4332 ὑμῶν
1308 4260 1544 4331 καθάπερ
1602 4258 1835 4333 ἰσχυράν

211 4366 335 4398 τινα
372 4353 465 4399 καὶ
496 4350 705 4423 στερεὰν
761 4345 1003 4420 κρηπῖδα
1032 4351 1119 4401 τὸν
1163 4346 1317 4420 φόϐον
1347 4367 1401 4400 τε
1439 4352 1529 4400 καὶ
1580 4352 1674 4406 τὴν
1708 4346 1835 4418 ἀγά-

210 4455 318 4492 πην
364 4435 413 4487 ἓν
443 4443 505 4508 τῇ
560 4436 746 4488 ἑαυτοῦ
775 4439 971 4490 τιθέναι
1009 4437 1191 4510 ψυχῇ,
1242 4442 1331 4489 καὶ
1362 4440 1558 4494 ταύτην
1589 4433 1834 4509 ἐπάρδειν

1989 526 2235 582 modare
2256 526 2527 582 verbum.
2556 530 2673 583 Hoc
2700 530 2990 601 vitupera,
3010 531 3153 588 illud
3174 534 3438 607 increpa,
3458 536 3644 592 alium

1986 614 2307 670 adhortare
2337 616 2672 672 secundum
2718 618 2981 675 cuiusvis
3010 621 3426 691 indigentiam.
3464 625 3643 696 quasi

1982 702 2179 759 bonus
2213 705 2482 760 medicus
2523 706 2816 763 adhibens
2857 709 3245 768 medicinam.
3280 715 3332 768 Is
3365 714 3525 769 enim
3564 712 3642 768 ad

1982 794 2299 862 passiones
2340 799 2642 864 spectans,
2675 796 2814 852 huic
2852 796 3065 866 levius,
3107 800 3187 856 illi
3229 801 3641 858 vehementius

1981 881 2261 952 proponit
2283 882 2812 949 medicamentum,
2837 886 3061 943 nemini
3088 904 3320 954 eorum,
3343 891 3444 960 qui
3472 906 3643 947 cura-

1981 969 2139 1024 tione
2187 970 2476 1040 indigent,
2527 973 2731 1037 iratus,
2783 976 2886 1030 sed
2932 976 3125 1047 plagis
3166 978 3639 1050 corporibusque

1980 1060 2448 1115 accommodans
2471 1065 2680 1116 artem.
2715 1064 2797 1117 Tu
2827 1068 3027 1120 autem
3048 1066 3132 1121 ita
3165 1082 3415 1139 sequere
3438 1083 3632 1124 rerum

1977 1148 2410 1217 necessitatem,
2442 1155 2521 1213 ut,
2551 1151 2756 1207 anima
2777 1152 3051 1223 discipuli
3079 1155 3158 1210 ad
3185 1158 3239 1211 te
3264 1156 3633 1227 respicientis

1973 1236 2129 1293 bene
2149 1236 2407 1304 exculta,
2429 1238 2751 1295 candidam
2779 1240 2907 1296 eius
2935 1242 3214 1299 virtutem
3240 1244 3510 1301 adducas
3525 1260 3635 1317 pa-

1976 1324 2065 1391 tri,
2099 1324 2354 1396 dignnm
2386 1325 2730 1382 donationis
2761 1328 2887 1385 eius
2928 1329 3271 1388 haeredem.
3307 1333 3362 1389 Si
3393 1333 3494 1389 tali
3523 1349 3635 1391 vos

1972 1412 2230 1469 invicem
2282 1416 2465 1469 modo
2512 1414 2764 1481 habetis,
2797 1423 2852 1473 et
2904 1420 3252 1490 praepositi,
3296 1425 3353 1476 et
3399 1421 3504 1492 qui
3554 1422 3631 1478 iis

1974 1506 2220 1558 utuntur
2254 1503 2579 1575 magistris,
2611 1505 2671 1559 hi
2704 1521 2841 1561 cum
2874 1507 3097 1576 gaudio
3120 1508 3299 1563 iussis
3329 1508 3634 1581 obtempe-

1970 1596 2190 1658 rantes,
2221 1592 2298 1647 illi
2339 1608 2478 1648 cum
2512 1593 2817 1666 voluptate
2848 1595 3057 1651 fratres
3096 1596 3172 1652 ad
3206 1597 3632 1669 perfectionem

1969 1679 2547 1754 adducentes,atque
2560 1682 2892 1739 honoribus
2905 1684 3151 1741 invicem
3165 1687 3516 1757 praevenitis
3530 1690 3630 1758 (1),

1968 1768 2323 1838 angelorum
2366 1770 2426 1825 in
2472 1776 2627 1826 terra
2660 1773 2871 1827 vivetis
2906 1774 3116 1830 vitam.
3147 1775 3317 1832 Nulla
3356 1776 3535 1845 igitur
3568 1776 3630 1832 in

1969 1858 2138 1913 vobis
2161 1863 2562 1928 cognoscatur
2588 1861 2892 1931 superbia,
2915 1862 3020 1917 sed
3040 1862 3391 1935 simplicitas
3412 1868 3470 1921 et
3489 1880 3629 1922 conv

1967 1946 2173 2003 cordia
2209 1951 2264 2002 et
2293 1948 2536 2003 animus
2573 1948 2693 2004 doli
2734 1964 2948 2021 expers
2984 1952 3310 2022 coniungat
3352 1953 3625 2010 chorum.

1966 2038 2183 2091 Doceat
2210 2042 2408 2091 autem
2432 2038 2689 2109 quisque
2722 2054 2783 2092 se
2816 2038 3037 2109 ipsum,
3066 2055 3188 2097 non
3213 2041 3390 2097 fratre
3407 2042 3626 2112 solum,

1963 2125 2065 2197 qui
2110 2140 2317 2180 secum
2358 2127 2554 2195 degat,
2585 2142 2645 2180 se
2673 2127 3013 2183 inferiorem
3046 2128 3192 2195 fore,
3240 2130 3346 2185 sed
3377 2134 3434 2187 et
3457 2132 3626 2188 omni

1961 2213 2225 2269 homine.
2263 2214 2327 2269 Id
2358 2214 2517 2270 enim
2548 2215 2651 2286 qui
2694 2217 3022 2285 cognoscit,
3054 2217 3102 2272 is
3142 2234 3278 2274 vere
3313 2220 3422 2275 erit
3450 2219 3627 2277 disci-

1961 2302 2140 2372 pulus
2165 2302 2397 2359 Christi.
2433 2306 2579 2359 Nam
2607 2306 2717 2374 qui
2739 2319 2801 2360 se
2824 2306 3077 2371 exaltat,
3099 2306 3539 2377 humiliabitur,
3570 2315 3626 2365 et

1960 2393 2069 2463 qui
2092 2406 2153 2448 se
2183 2392 2487 2457 humiliat,
2508 2393 2878 2449 exaltabitur
2902 2394 3003 2465 (2),
3038 2398 3095 2451 et
3120 2396 3335 2452 iterum
3366 2412 3388 2451 .·
3411 2398 3526 2466 Qui
3551 2412 3627 2455 ea:

1961 2480 2121 2536 vobis
2148 2482 2273 2536 vult
2307 2481 2539 2549 primus
2564 2496 2706 2547 esse,
2736 2482 2849 2538 erit
2878 2485 3142 2539 omnium
3174 2485 3528 2541 novissimus
3568 2490 3625 2542 et

1958 2570 2220 2625 omnium
2233 2569 2504 2625 minister
2515 2570 2592 2641 (3)
2608 2612 2621 2626 .
2634 2570 2796 2626 Sicut
2811 2572 3010 2626 etiam:
3028 2573 3222 2628 Filius
3237 2574 3621 2630 hominisnon

1958 2659 2114 2714 venit
2148 2659 2502 2727 ministrari,
2529 2659 2631 2715 sed
2654 2659 3020 2727 ministrare,
3044 2667 3100 2717 et
3120 2662 3171 2731 2
3187 2663 3297 2733 10
3323 2663 3473 2719 dare
3496 2664 3621 2719 ani-

1956 2762 2114 2803 mam
2135 2763 2306 2803 suam
2324 2748 2783 2817 redemptionem
2800 2764 2917 2819 pro
2941 2749 3144 2806 multis
3167 2750 3263 2821 (4).
3294 2753 3357 2805 Et
3373 2756 3624 2823 Aposto-

1955 2836 2047 2891 lus
2071 2855 2082 2891 :
2109 2837 2243 2892 Non
2257 2837 2410 2893 enim
2434 2837 2818 2906 nosmetipsos
2834 2839 3282 2908 praedicamus,
3304 2839 3400 2896 sed
3419 2841 3617 2896 Jesum

1957 2926 2260 2981 Christum
2284 2926 2599 2981 Dominum
2629 2933 2923 2993 nostrum,
2952 2942 3059 2983 nos
3081 2938 3279 2985 autem
3307 2944 3506 2985 servos
3527 2944 3619 2986 ve-

1955 3020 2077 3069 tros
2110 3029 2223 3084 per
2259 3015 2458 3071 Jesum
2510 3016 2613 3086 (5).
2658 3015 2923 3071 Scientes
2954 3015 3133 3087 igitur
3171 3022 3228 3073 et
3269 3017 3619 3074 humilitatis

1952 3103 2179 3158 fructus
2218 3107 2276 3158 et
2332 3103 2625 3158 damnum
2670 3104 3005 3176 superbiae,
3053 3104 3373 3161 imitamini
3425 3106 3619 3161 Domi-

1879 3182 1919 3236 C
1954 3207 2120 3260 num,
2174 3191 2486 3262 diligentes
2528 3208 2634 3247 vos
2683 3192 2957 3259 invicem,
3005 3197 3062 3249 et
3109 3208 3307 3266 neque
3358 3199 3613 3250 mortem

1952 3297 2148 3353 neque
2166 3281 2345 3337 aliam
2372 3281 2680 3352 quandam
2701 3281 3159 3353 castigationem
3179 3282 3257 3338 ad
3278 3283 3508 3338 bonum
3528 3283 3616 3338 in-

1952 3372 2145 3425 vicem
2180 3370 2401 3432 timete,
2435 3369 2539 3423 sed
2570 3385 2755 3442 quam
2793 3369 3127 3425 ambulavit
3157 3370 3213 3425 in
3246 3370 3418 3427 nobis
3444 3370 3606 3426 viam

1953 3459 2243 3526 Salvator,
2284 3474 2417 3514 eam
2459 3474 2566 3513 vos
2600 3458 2677 3514 ad
2715 3458 2881 3514 illum
2924 3459 3251 3524 ambulate,
3295 3465 3351 3515 et
3385 3460 3445 3515 in
3483 3475 3616 3515 cor-

1952 3563 2094 3619 pore
2113 3548 2435 3619 animaque
2453 3563 2572 3602 una
2594 3546 2900 3619 procedite
2917 3549 2994 3603 ad
3008 3564 3334 3620 supernam
3357 3549 3615 3605 vocatio-

1952 3652 2113 3701 nem,
2142 3636 2456 3704 diligentes
2488 3638 2672 3691 Deum
2700 3639 2757 3690 et
2788 3650 2898 3691 vos
2926 3636 3204 3692 invicem.
3239 3640 3423 3691 Amor
3451 3636 3613 3692 enim

1951 3730 2005 3780 et
2029 3725 2205 3780 timor
2222 3725 2451 3780 Domini
2469 3723 3407 3795 primalegisestconsummatio.
3430 3726 3615 3797 Opor-

1949 3819 2030 3868 tet
2062 3814 2240 3882 igitur
2268 3829 2573 3885 quemque
2614 3819 2881 3869 vestrum
2918 3819 3210 3885 tanquam
3243 3813 3388 3869 forte
3419 3814 3616 3886 quod-

1949 3901 2944 3972 damﬁrmnmquefundamentum
2969 3903 3245 3957 timorem
3268 3907 3324 3957 et
3340 3918 3611 3958 amorem

1951 4006 2170 4061 ponere
2193 3991 2251 4044 in
2276 3990 2480 4044 anima
2502 4006 2632 4055 sua,
2652 3995 2709 4045 et
2728 3990 2890 4045 hunc
2913 3990 3107 4059 rigare
3132 3989 3306 4045 bonis
3328 3990 3611 4059 operibus

1947 4085 2003 4134 et
2028 4078 2296 4134 oratione
2332 4077 2670 4133 sufﬁcienti.
2703 4081 2904 4149 Neque
2935 4078 3095 4133 enim
3120 4078 3486 4148 simpliciter,
3515 4094 3614 4133 ne-

1945 4184 2063 4240 que
2088 4183 2199 4223 sua
2216 4172 2428 4238 sponte
2456 4182 2629 4222 amor
2643 4182 2788 4237 erga
2816 4169 2998 4221 Deum
3022 4167 3082 4221 in
3113 4166 3288 4222 nobis
3321 4166 3485 4221 nasci
3512 4183 3609 4221 so—

1944 4256 2046 4320 let,
2086 4256 2191 4311 sed
2222 4255 2422 4309 multis
2457 4254 2766 4310 laboribus
2793 4255 3203 4326 gravibusque
3233 4254 3390 4309 curis
3424 4259 3480 4309 et
3508 4269 3612 4309 co-

1945 4346 2293 4416 Operationc
2341 4343 2569 4408 Christi,
2604 4342 2755 4398 sicut
2785 4343 2932 4398 dixit
2960 4342 3264 4413 Sapientia
3294 4357 3307 4398 :
3342 4342 3409 4398 Si
3448 4342 3608 4398 enim

1945 4434 2284 4505 quaesieras
2328 4448 2476 4496 eam,
2514 4432 2728 4504 inquit,
2768 4431 2941 4503 quasi
2978 4433 3315 4500 pecuniam,
3352 4438 3403 4487 et
3445 4431 3601 4488 sicut

213 4527 391 4597 ἔργοις
419 4544 473 4576 τε
526 4523 745 4595 ἀγαθοῖς
798 4531 887 4579 καὶ
934 4527 1067 4599 εὐχῇ
1120 4524 1347 4599 διαρκεῖ.
1404 4526 1461 4577 ού
1492 4528 1593 4597 γὰρ
1636 4525 1830 4589 ἁπλῶς,

1962 4523 2256 4578 thesauros
2288 4522 2561 4592 eﬂ'oderis
2590 4521 2763 4577 illam
2793 4541 2813 4578 :
2841 4527 2983 4577 tunc
3009 4521 3310 4590 intelliges
3332 4521 3601 4576 timorem

212 4610 339 4665 ούδέ
393 4613 702 4686 αὐτομάτως
731 4617 856 4688 ἡμῖν
905 4618 934 4674 ἡ
970 4620 1096 4688 πρὸς
1130 4618 1240 4669 θεὸν
1293 4616 1470 4687 ἀγάπη
1536 4614 1834 4685 ἐγγίνεσθαι

217 4706 459 4772 πέφυκεν,
514 4702 643 4755 ἀλλὰ
721 4701 816 4756 διὰ
878 4704 1077 4758 πολλῶν
1152 4706 1343 4774 πόνων,
1418 4708 1509 4756 καὶ
1595 4703 1831 4776 μεγάλων

219 4787 528 4865 φροντίδων,
580 4797 672 4845 καὶ
729 4799 1028 4866 συνεργείας
1080 4803 1171 4855 τῆς
1220 4801 1313 4847 τοῦ
1341 4800 1601 4867 Χριστοῦ,
1662 4794 1833 4852 καθὼς

1896 4665 1921 4675 _
1943 4612 2204 4677 Domini,
2221 4618 2273 4667 et
2296 4610 2601 4667 scientiam
2619 4610 2727 4666 Dei
2742 4610 3003 4666 invenies
3023 4609 3122 4680 (6).
3145 4610 3241 4664 Dei
3260 4624 3398 4663 vero
3418 4608 3605 4663 scien-

1948 4702 2090 4756 tiam
2141 4701 2450 4755 inveniens
2493 4705 2550 4754 et
2599 4700 2870 4755 timorem
2920 4698 3275 4767 intelligens,
3326 4695 3498 4752 facile
3548 4701 3606 4754 et

1896 4854 1905 4865 _
1946 4789 2111 4863 quod
2129 4790 2396 4862 sequitur
2419 4794 2574 4845 recte
2606 4789 2899 4862 perﬁcies,
2932 4788 3235 4845 scilicetut
3259 4786 3605 4859 proximum

1559 4953 1819 5009 VARIAE
1862 4951 2270 5009 LECTIONES.

288 5104 335 5173 1)
376 5103 509 5176 οὕτω
539 5118 668 5176 om.
717 5105 873 5168 cod.,
926 5106 1134 5161 addidi
1163 5121 1238 5162 ex
1268 5107 1421 5162 coni.
1465 5136 1531 5147 —
1589 5107 1633 5176 ³)
1664 5107 1754 5162 Sic
1807 5106 1978 5176 cod.,
2035 5102 2181 5159 forte
2232 5107 2432 5176 (mavis
2461 5100 2709 5176 ἑκάστου.
2742 5132 2828 5176 —_
2866 5102 2910 5173 ³)
2942 5100 3039 5156 Sic
3094 5099 3455 5176 cod.,__forte_
3481 5099 3579 5169 leg

212 5170 416 5247 τῷζ-
444 5175 493 5246 ⁴)
526 5175 617 5232 Sic
647 5176 806 5243 cod.,
840 5177 989 5233 forte
1019 5178 1133 5249 leg.
1165 5181 1272 5232 τόν.
1303 5206 1372 5220 -
1406 5178 1450 5249 ⁵)
1486 5170 1756 5241 Emend.,
1789 5175 1924 5231 cod.
1952 5175 2325 5247 προηγεῖσθαι.
2359 5204 2427 5214 -
2454 5174 2498 5244 ⁸)
2531 5175 2686 5238 Cor.,
2722 5171 2859 5229 cod.
2892 5170 3120 5245 tutum.
3158 5202 3228 5213 —
3257 5172 3303 5242 ⁷)
3336 5170 3479 5228 Cod.
3511 5190 3599 5241 μι-

217 5318 531 5390 μήσασθαι,
564 5336 586 5371 ι
616 5333 804 5391 supra
828 5319 1031 5380 adscr.
1071 5320 1205 5377 ead.
1240 5337 1312 5374 m.
1347 5352 1403 5363 —
1430 5322 1475 5389 ⁸)
1504 5322 1690 5391 Corr.,
1727 5318 1877 5375 cod.
1914 5317 2179 5375 ὀκνῆτε.

1807 5421 2037 5482 NOTAE.

286 5549 379 5766 ἐι)
443 5550 619 5607 Rom.
656 5550 772 5619 XII,
807 5554 898 5610 10.

312 5625 348 5677 2
430 5621 571 5678 Luc.
600 5624 732 5679 XIV.
770 5624 857 5679 11.

315 5624 376 5765 3;
440 5693 621 5750 Marc.
660 5694 747 5759 IX,
779 5697 866 5751 34.

312 5624 372 5679 2)
430 5621 571 5678 Luc.
600 5624 732 5679 XIV.
770 5624 857 5679 11.

315 5625 348 5677 2
430 5624 571 5678 Luc.
600 5624 732 5679 XIV.
770 5624 857 5679 11.

315 5624 376 5765 3;
440 5693 621 5750 Marc.
660 5694 747 5759 IX,
779 5697 866 5751 34.

2044 5619 2095 5685 5)
2123 5617 2172 5671 ΙΙ
2198 5617 2328 5672 Cor.
2362 5615 2452 5682 IV,
2485 5620 2539 5671 5.

2039 5547 2095 5614 4)
2129 5545 2329 5600 Matth.
2364 5546 2471 5611 XX,
2499 5545 2589 5601 28.

2039 5547 2095 5614 4)
2129 5547 2329 5600 Matth.
2364 5547 2471 5611 XX,
2499 5547 2570 5599 28

2016 5547 2095 5759 ξε)
2123 5617 2172 5671 lI
2198 5617 2328 5672 Cor.
2362 5615 2452 5682 IV,
2485 5620 2539 5671 5.

2047 5690 2101 5760 6)
2127 5689 2296 5743 Prov.
2332 5686 2401 5754 Il,
2434 5691 2486 5743 4.
2522 5691 2574 5743 5.
