  <div class='ocr_page' id='page_1' title='image "/cluster/home/n/w/nwhite01/storage/ocr_20150623/34/mdp.39015041165401/253.png"; bbox 0 0 4084 6256; ppageno 0'>
   <div class='ocr_carea' id='block_1_1' title="bbox 510 268 618 326">
    <p class='ocr_par' dir='ltr' id='par_1_1' title="bbox 510 268 618 326">
     <span class='ocr_line' id='line_1_1' title="bbox 510 268 618 326; baseline 0 -1"><span class='ocrx_word' id='word_1_1' title='bbox 510 268 618 326; x_wconf 70' lang='lat'><strong>427</strong></span> 
     </span>
    </p>
   </div>
   <div class='ocr_carea' id='block_1_2' title="bbox 1830 259 2613 322">
    <p class='ocr_par' dir='ltr' id='par_1_2' title="bbox 1830 259 2613 322">
     <span class='ocr_line' id='line_1_2' title="bbox 1830 259 2613 322; baseline -0.008 0"><span class='ocrx_word' id='word_1_2' title='bbox 1830 266 1869 322; x_wconf 92' lang='lat' dir='ltr'><strong>S</strong></span> <span class='ocrx_word' id='word_1_3' title='bbox 1884 313 1897 320; x_wconf 92' lang='lat'><strong>-</strong></span> <span class='ocrx_word' id='word_1_4' title='bbox 1935 259 2235 319; x_wconf 84' lang='lat' dir='ltr'><strong>MACARII</strong></span> <span class='ocrx_word' id='word_1_5' title='bbox 2272 259 2613 317; x_wconf 84' lang='lat' dir='ltr'><strong>AEGYPTII</strong></span> 
     </span>
    </p>
   </div>
   <div class='ocr_carea' id='block_1_3' title="bbox 3770 255 3892 312">
    <p class='ocr_par' dir='ltr' id='par_1_3' title="bbox 3770 255 3892 312">
     <span class='ocr_line' id='line_1_3' title="bbox 3770 255 3892 312; baseline 0.008 -1"><span class='ocrx_word' id='word_1_6' title='bbox 3770 255 3892 312; x_wconf 74' lang='lat'><strong>428</strong></span> 
     </span>
    </p>
   </div>
   <div class='ocr_carea' id='block_1_4' title="bbox 510 376 2186 465">
    <p class='ocr_par' dir='ltr' id='par_1_4' title="bbox 510 390 2161 465">
     <span class='ocr_line' id='line_1_4' title="bbox 510 390 2161 465; baseline -0.004 -14"><span class='ocrx_word' id='word_1_7' title='bbox 510 394 748 465; x_wconf 75' lang='lat' dir='ltr'><strong>diligas.</strong></span> <span class='ocrx_word' id='word_1_8' title='bbox 770 392 967 450; x_wconf 86' lang='lat' dir='ltr'><strong>Primo</strong></span> <span class='ocrx_word' id='word_1_9' title='bbox 995 393 1155 450; x_wconf 90' lang='lat' dir='ltr'><strong>enim</strong></span> <span class='ocrx_word' id='word_1_10' title='bbox 1180 397 1237 450; x_wconf 90' lang='lat' dir='ltr'><strong>et</strong></span> <span class='ocrx_word' id='word_1_11' title='bbox 1261 409 1484 465; x_wconf 91' lang='lat' dir='ltr'><strong>magno</strong></span> <span class='ocrx_word' id='word_1_12' title='bbox 1506 394 1711 452; x_wconf 87' lang='lat' dir='ltr'><strong>labore</strong></span> <span class='ocrx_word' id='word_1_13' title='bbox 1738 391 1998 457; x_wconf 89' lang='lat' dir='ltr'><strong>condito,</strong></span> <span class='ocrx_word' id='word_1_14' title='bbox 2022 390 2161 446; x_wconf 88' lang='lat' dir='ltr'><strong>alte-</strong></span> 
     </span>
    </p>
   </div>
   <div class='ocr_carea' id='block_1_5' title="bbox 2297 376 3890 465">
    <p class='ocr_par' dir='ltr' id='par_1_5' title="bbox 2297 376 3890 460">
     <span class='ocr_line' id='line_1_5' title="bbox 2297 376 3890 460; baseline -0.006 -22"><span class='ocrx_word' id='word_1_15' title='bbox 2297 386 2470 460; x_wconf 85' lang='grc' dir='ltr'>ἶρηκεν</span> <span class='ocrx_word' id='word_1_16' title='bbox 2512 385 2543 443; x_wconf 78' lang='grc' dir='ltr'>ἡ</span> <span class='ocrx_word' id='word_1_17' title='bbox 2603 386 2796 457; x_wconf 81' lang='grc' dir='ltr'><strong>σοφία·</strong></span> <span class='ocrx_word' id='word_1_18' title='bbox 2856 382 2939 435; x_wconf 82' lang='grc' dir='ltr'>ἐὰν</span> <span class='ocrx_word' id='word_1_19' title='bbox 2993 380 3094 454; x_wconf 78' lang='grc' dir='ltr'>γὰρ</span> <span class='ocrx_word' id='word_1_20' title='bbox 3150 377 3394 449; x_wconf 77' lang='grc' dir='ltr'>ζητήσης</span> <span class='ocrx_word' id='word_1_21' title='bbox 3450 376 3640 443; x_wconf 79' lang='grc' dir='ltr'>αὐτήν,</span> <span class='ocrx_word' id='word_1_22' title='bbox 3694 395 3890 449; x_wconf 85' lang='grc' dir='ltr'>φησιν,</span> 
     </span>
    </p>
   </div>
   <div class='ocr_carea' id='block_1_6' title="bbox 510 482 2161 556">
    <p class='ocr_par' dir='ltr' id='par_1_6' title="bbox 510 482 2161 556">
     <span class='ocr_line' id='line_1_6' title="bbox 510 482 2161 556; baseline -0.002 -16"><span class='ocrx_word' id='word_1_23' title='bbox 510 499 648 541; x_wconf 86' lang='lat' dir='ltr'><strong>rum</strong></span> <span class='ocrx_word' id='word_1_24' title='bbox 672 483 806 547; x_wconf 92' lang='lat' dir='ltr'><strong>hoc,</strong></span> <span class='ocrx_word' id='word_1_25' title='bbox 837 499 976 539; x_wconf 94' lang='lat' dir='ltr'><strong>cum</strong></span> <span class='ocrx_word' id='word_1_26' title='bbox 1006 484 1202 538; x_wconf 89' lang='lat' dir='ltr'><strong>minus</strong></span> <span class='ocrx_word' id='word_1_27' title='bbox 1232 484 1327 549; x_wconf 98' lang='lat' dir='ltr'><strong>sit,</strong></span> <span class='ocrx_word' id='word_1_28' title='bbox 1357 484 1585 540; x_wconf 84' lang='lat' dir='ltr'><strong>facilius</strong></span> <span class='ocrx_word' id='word_1_29' title='bbox 1616 484 1813 556; x_wconf 90' lang='lat' dir='ltr'><strong>primo</strong></span> <span class='ocrx_word' id='word_1_30' title='bbox 1843 482 2161 554; x_wconf 91' lang='lat' dir='ltr'><strong>consequi-</strong></span> 
     </span>
    </p>
   </div>
   <div class='ocr_carea' id='block_1_7' title="bbox 514 571 2166 643">
    <p class='ocr_par' dir='ltr' id='par_1_7' title="bbox 514 571 2166 643">
     <span class='ocr_line' id='line_1_7' title="bbox 514 571 2166 643; baseline -0.001 -15"><span class='ocrx_word' id='word_1_31' title='bbox 514 578 645 639; x_wconf 90' lang='lat' dir='ltr'><strong>tur;</strong></span> <span class='ocrx_word' id='word_1_32' title='bbox 678 572 783 627; x_wconf 87' lang='lat' dir='ltr'><strong>sed</strong></span> <span class='ocrx_word' id='word_1_33' title='bbox 821 572 922 627; x_wconf 88' lang='lat' dir='ltr'><strong>ubi</strong></span> <span class='ocrx_word' id='word_1_34' title='bbox 952 571 1046 627; x_wconf 88' lang='lat' dir='ltr'><strong>ille</strong></span> <span class='ocrx_word' id='word_1_35' title='bbox 1079 571 1468 643; x_wconf 76' lang='lat' dir='ltr'><strong>desideratur,</strong></span> <span class='ocrx_word' id='word_1_36' title='bbox 1509 589 1614 628; x_wconf 88' lang='lat' dir='ltr'><strong>nec</strong></span> <span class='ocrx_word' id='word_1_37' title='bbox 1640 572 1891 628; x_wconf 87' lang='lat' dir='ltr'><strong>alterum</strong></span> <span class='ocrx_word' id='word_1_38' title='bbox 1934 588 2077 643; x_wconf 87' lang='lat' dir='ltr'><strong>pure</strong></span> <span class='ocrx_word' id='word_1_39' title='bbox 2109 577 2166 627; x_wconf 87' lang='lat' dir='ltr'><strong>et</strong></span> 
     </span>
    </p>
   </div>
   <div class='ocr_carea' id='block_1_8' title="bbox 516 659 2167 732">
    <p class='ocr_par' dir='ltr' id='par_1_8' title="bbox 516 659 2167 732">
     <span class='ocr_line' id='line_1_8' title="bbox 516 659 2167 732; baseline 0 -18"><span class='ocrx_word' id='word_1_40' title='bbox 516 665 718 716; x_wconf 84' lang='lat' dir='ltr'><strong>sancte</strong></span> <span class='ocrx_word' id='word_1_41' title='bbox 753 659 871 715; x_wconf 86' lang='lat' dir='ltr'><strong>ﬁet.</strong></span> <span class='ocrx_word' id='word_1_42' title='bbox 914 662 1060 715; x_wconf 89' lang='lat' dir='ltr'><strong>Nam</strong></span> <span class='ocrx_word' id='word_1_43' title='bbox 1087 661 1188 732; x_wconf 88' lang='lat' dir='ltr'><strong>qui</strong></span> <span class='ocrx_word' id='word_1_44' title='bbox 1230 664 1413 717; x_wconf 90' lang='lat' dir='ltr'><strong>Deum</strong></span> <span class='ocrx_word' id='word_1_45' title='bbox 1456 678 1577 717; x_wconf 89' lang='lat' dir='ltr'><strong>non</strong></span> <span class='ocrx_word' id='word_1_46' title='bbox 1604 678 1671 717; x_wconf 88' lang='lat' dir='ltr'><strong>ex</strong></span> <span class='ocrx_word' id='word_1_47' title='bbox 1716 668 1836 717; x_wconf 89' lang='lat' dir='ltr'><strong>tota</strong></span> <span class='ocrx_word' id='word_1_48' title='bbox 1877 662 2081 716; x_wconf 91' lang='lat' dir='ltr'><strong>anima</strong></span> <span class='ocrx_word' id='word_1_49' title='bbox 2112 668 2167 715; x_wconf 88' lang='lat' dir='ltr'><strong>et</strong></span> 
     </span>
    </p>
   </div>
   <div class='ocr_carea' id='block_1_9' title="bbox 517 747 2167 821">
    <p class='ocr_par' dir='ltr' id='par_1_9' title="bbox 517 747 2167 821">
     <span class='ocr_line' id='line_1_9' title="bbox 517 747 2167 821; baseline 0 -18"><span class='ocrx_word' id='word_1_50' title='bbox 517 752 643 804; x_wconf 85' lang='lat' dir='ltr'><strong>toto</strong></span> <span class='ocrx_word' id='word_1_51' title='bbox 682 747 859 804; x_wconf 89' lang='lat' dir='ltr'><strong>corde</strong></span> <span class='ocrx_word' id='word_1_52' title='bbox 899 747 1109 818; x_wconf 82' lang='lat' dir='ltr'><strong>diligit,</strong></span> <span class='ocrx_word' id='word_1_53' title='bbox 1147 751 1458 821; x_wconf 92' lang='lat' dir='ltr'><strong>quomodo</strong></span> <span class='ocrx_word' id='word_1_54' title='bbox 1496 750 1811 806; x_wconf 80' lang='lat' dir='ltr'><strong>salubriter</strong></span> <span class='ocrx_word' id='word_1_55' title='bbox 1850 755 1905 805; x_wconf 86' lang='lat' dir='ltr'><strong>et</strong></span> <span class='ocrx_word' id='word_1_56' title='bbox 1939 750 2167 804; x_wconf 80' lang='lat' dir='ltr'><strong>sincere</strong></span> 
     </span>
    </p>
   </div>
   <div class='ocr_carea' id='block_1_10' title="bbox 517 835 2169 909">
    <p class='ocr_par' dir='ltr' id='par_1_10' title="bbox 517 835 2169 909">
     <span class='ocr_line' id='line_1_10' title="bbox 517 835 2169 909; baseline 0.002 -17"><span class='ocrx_word' id='word_1_57' title='bbox 517 836 767 893; x_wconf 79' lang='lat' dir='ltr'><strong>fratrum</strong></span> <span class='ocrx_word' id='word_1_58' title='bbox 793 835 1123 892; x_wconf 81' lang='lat' dir='ltr'><strong>dilectionis</strong></span> <span class='ocrx_word' id='word_1_59' title='bbox 1145 855 1353 894; x_wconf 88' lang='lat' dir='ltr'><strong>curam</strong></span> <span class='ocrx_word' id='word_1_60' title='bbox 1380 845 1564 909; x_wconf 89' lang='lat' dir='ltr'><strong>gerat,</strong></span> <span class='ocrx_word' id='word_1_61' title='bbox 1589 856 1726 895; x_wconf 91' lang='lat' dir='ltr'><strong>cum</strong></span> <span class='ocrx_word' id='word_1_62' title='bbox 1753 855 2021 895; x_wconf 87' lang='lat' dir='ltr'><strong>amorem</strong></span> <span class='ocrx_word' id='word_1_63' title='bbox 2045 855 2169 895; x_wconf 93' lang='lat' dir='ltr'><strong>non</strong></span> 
     </span>
    </p>
   </div>
   <div class='ocr_carea' id='block_1_11' title="bbox 518 924 2172 999">
    <p class='ocr_par' dir='ltr' id='par_1_11' title="bbox 518 924 2172 999">
     <span class='ocr_line' id='line_1_11' title="bbox 518 924 2172 999; baseline 0.002 -19"><span class='ocrx_word' id='word_1_64' title='bbox 518 924 846 996; x_wconf 86' lang='lat' dir='ltr'><strong>adimpleat</strong></span> <span class='ocrx_word' id='word_1_65' title='bbox 900 940 1129 992; x_wconf 90' lang='lat' dir='ltr'><strong>eorum,</strong></span> <span class='ocrx_word' id='word_1_66' title='bbox 1176 943 1283 998; x_wconf 92' lang='lat' dir='ltr'><strong>per</strong></span> <span class='ocrx_word' id='word_1_67' title='bbox 1340 943 1495 999; x_wconf 89' lang='lat' dir='ltr'><strong>quae</strong></span> <span class='ocrx_word' id='word_1_68' title='bbox 1538 928 1788 984; x_wconf 84' lang='lat' dir='ltr'><strong>fratrum</strong></span> <span class='ocrx_word' id='word_1_69' title='bbox 1837 928 2172 984; x_wconf 87' lang='lat' dir='ltr'><strong>dilectionis</strong></span> 
     </span>
    </p>
   </div>
   <div class='ocr_carea' id='block_1_12' title="bbox 519 1013 2170 1090">
    <p class='ocr_par' dir='ltr' id='par_1_12' title="bbox 519 1013 2170 1090">
     <span class='ocr_line' id='line_1_12' title="bbox 519 1013 2170 1090; baseline 0.002 -20"><span class='ocrx_word' id='word_1_70' title='bbox 519 1028 663 1070; x_wconf 88' lang='lat' dir='ltr'><strong>cura</strong></span> <span class='ocrx_word' id='word_1_71' title='bbox 680 1013 899 1082; x_wconf 81' lang='lat' dir='ltr'><strong>geritur</strong></span> <span class='ocrx_word' id='word_1_72' title='bbox 920 1015 948 1072; x_wconf 79' lang='lat'><strong><em>?</em></strong></span> <span class='ocrx_word' id='word_1_73' title='bbox 978 1017 1124 1071; x_wconf 88' lang='lat' dir='ltr'><strong>Nam</strong></span> <span class='ocrx_word' id='word_1_74' title='bbox 1148 1032 1307 1085; x_wconf 90' lang='lat' dir='ltr'><strong>eum,</strong></span> <span class='ocrx_word' id='word_1_75' title='bbox 1336 1019 1440 1088; x_wconf 88' lang='lat' dir='ltr'><strong>qui</strong></span> <span class='ocrx_word' id='word_1_76' title='bbox 1467 1018 1545 1073; x_wconf 90' lang='lat' dir='ltr'><strong>ita</strong></span> <span class='ocrx_word' id='word_1_77' title='bbox 1568 1034 1628 1071; x_wconf 90' lang='lat' dir='ltr'><strong>se</strong></span> <span class='ocrx_word' id='word_1_78' title='bbox 1654 1017 1853 1084; x_wconf 84' lang='lat' dir='ltr'><strong>habet,</strong></span> <span class='ocrx_word' id='word_1_79' title='bbox 1889 1024 1954 1074; x_wconf 93' lang='lat' dir='ltr'><strong>ut</strong></span> <span class='ocrx_word' id='word_1_80' title='bbox 1974 1034 2170 1090; x_wconf 88' lang='lat' dir='ltr'><strong>neque</strong></span> 
     </span>
    </p>
   </div>
   <div class='ocr_carea' id='block_1_13' title="bbox 518 1102 2169 1171">
    <p class='ocr_par' dir='ltr' id='par_1_13' title="bbox 518 1102 2169 1171">
     <span class='ocr_line' id='line_1_13' title="bbox 518 1102 2169 1171; baseline 0.002 -14"><span class='ocrx_word' id='word_1_81' title='bbox 518 1106 707 1159; x_wconf 88' lang='lat' dir='ltr'><strong>totam</strong></span> <span class='ocrx_word' id='word_1_82' title='bbox 739 1102 1008 1159; x_wconf 90' lang='lat' dir='ltr'><strong>animam</strong></span> <span class='ocrx_word' id='word_1_83' title='bbox 1040 1120 1212 1160; x_wconf 89' lang='lat' dir='ltr'><strong>suam</strong></span> <span class='ocrx_word' id='word_1_84' title='bbox 1247 1106 1365 1161; x_wconf 91' lang='lat' dir='ltr'><strong>Deo</strong></span> <span class='ocrx_word' id='word_1_85' title='bbox 1398 1105 1725 1171; x_wconf 86' lang='lat' dir='ltr'><strong>tradiderit,</strong></span> <span class='ocrx_word' id='word_1_86' title='bbox 1756 1122 1864 1163; x_wconf 90' lang='lat' dir='ltr'><strong>nec</strong></span> <span class='ocrx_word' id='word_1_87' title='bbox 1900 1108 1978 1163; x_wconf 91' lang='lat' dir='ltr'><strong>ad</strong></span> <span class='ocrx_word' id='word_1_88' title='bbox 2011 1107 2169 1162; x_wconf 88' lang='lat' dir='ltr'><strong>illius</strong></span> 
     </span>
    </p>
   </div>
   <div class='ocr_carea' id='block_1_14' title="bbox 520 1190 2174 1261">
    <p class='ocr_par' dir='ltr' id='par_1_14' title="bbox 520 1190 2174 1261">
     <span class='ocr_line' id='line_1_14' title="bbox 520 1190 2174 1261; baseline 0.004 -16"><span class='ocrx_word' id='word_1_89' title='bbox 520 1190 790 1246; x_wconf 82' lang='lat' dir='ltr'><strong>trahatur</strong></span> <span class='ocrx_word' id='word_1_90' title='bbox 816 1207 1107 1261; x_wconf 88' lang='lat' dir='ltr'><strong>amorem,</strong></span> <span class='ocrx_word' id='word_1_91' title='bbox 1140 1194 1426 1249; x_wconf 86' lang='lat' dir='ltr'><strong>inermem</strong></span> <span class='ocrx_word' id='word_1_92' title='bbox 1470 1195 1777 1250; x_wconf 89' lang='lat' dir='ltr'><strong>inveniens</strong></span> <span class='ocrx_word' id='word_1_93' title='bbox 1803 1195 2011 1251; x_wconf 81' lang='lat' dir='ltr'><strong>artifex</strong></span> <span class='ocrx_word' id='word_1_94' title='bbox 2043 1211 2174 1251; x_wconf 84' lang='lat' dir='ltr'><strong>ma-</strong></span> 
     </span>
    </p>
   </div>
   <div class='ocr_carea' id='block_1_15' title="bbox 520 1278 2177 1356">
    <p class='ocr_par' dir='ltr' id='par_1_15' title="bbox 520 1278 2177 1356">
     <span class='ocr_line' id='line_1_15' title="bbox 520 1278 2177 1356; baseline 0.004 -21"><span class='ocrx_word' id='word_1_95' title='bbox 520 1278 682 1336; x_wconf 89' lang='lat' dir='ltr'><strong>litiae</strong></span> <span class='ocrx_word' id='word_1_96' title='bbox 725 1279 896 1336; x_wconf 85' lang='lat' dir='ltr'><strong>facile</strong></span> <span class='ocrx_word' id='word_1_97' title='bbox 935 1281 1115 1338; x_wconf 90' lang='lat' dir='ltr'><strong>vincit</strong></span> <span class='ocrx_word' id='word_1_98' title='bbox 1149 1284 1472 1356; x_wconf 85' lang='lat' dir='ltr'><strong>pravisque</strong></span> <span class='ocrx_word' id='word_1_99' title='bbox 1518 1285 1985 1355; x_wconf 83' lang='lat' dir='ltr'><strong>cogitationibus</strong></span> <span class='ocrx_word' id='word_1_100' title='bbox 2031 1285 2177 1341; x_wconf 91' lang='lat' dir='ltr'><strong>sub-</strong></span> 
     </span>
    </p>
   </div>
   <div class='ocr_carea' id='block_1_16' title="bbox 524 1368 2177 1444">
    <p class='ocr_par' dir='ltr' id='par_1_16' title="bbox 524 1368 2177 1444">
     <span class='ocr_line' id='line_1_16' title="bbox 524 1368 2177 1444; baseline 0.004 -22"><span class='ocrx_word' id='word_1_101' title='bbox 524 1368 731 1425; x_wconf 87' lang='lat' dir='ltr'><strong>vertit:</strong></span> <span class='ocrx_word' id='word_1_102' title='bbox 763 1384 926 1425; x_wconf 88' lang='lat' dir='ltr'><strong>nunc</strong></span> <span class='ocrx_word' id='word_1_103' title='bbox 949 1370 1196 1443; x_wconf 90' lang='lat' dir='ltr'><strong>quidem</strong></span> <span class='ocrx_word' id='word_1_104' title='bbox 1226 1371 1506 1438; x_wconf 78' lang='lat' dir='ltr'><strong>efﬁciens,</strong></span> <span class='ocrx_word' id='word_1_105' title='bbox 1543 1379 1603 1429; x_wconf 92' lang='lat' dir='ltr'><strong>ut</strong></span> <span class='ocrx_word' id='word_1_106' title='bbox 1626 1375 1831 1444; x_wconf 86' lang='lat' dir='ltr'><strong>gravia</strong></span> <span class='ocrx_word' id='word_1_107' title='bbox 1860 1375 2177 1430; x_wconf 83' lang='lat' dir='ltr'><strong>videantur</strong></span> 
     </span>
    </p>
   </div>
   <div class='ocr_carea' id='block_1_17' title="bbox 528 1458 2177 1534">
    <p class='ocr_par' dir='ltr' id='par_1_17' title="bbox 528 1458 2177 1534">
     <span class='ocr_line' id='line_1_17' title="bbox 528 1458 2177 1534; baseline 0.002 -20"><span class='ocrx_word' id='word_1_108' title='bbox 528 1458 864 1528; x_wconf 86' lang='lat' dir='ltr'><strong>Scripturae</strong></span> <span class='ocrx_word' id='word_1_109' title='bbox 884 1458 1174 1516; x_wconf 88' lang='lat' dir='ltr'><strong>mandata</strong></span> <span class='ocrx_word' id='word_1_110' title='bbox 1194 1467 1248 1516; x_wconf 86' lang='lat' dir='ltr'><strong>et</strong></span> <span class='ocrx_word' id='word_1_111' title='bbox 1268 1462 1319 1531; x_wconf 76' lang='lat'><strong>2</strong></span> <span class='ocrx_word' id='word_1_112' title='bbox 1335 1464 1377 1533; x_wconf 99' lang='lat'><strong>1</strong></span> <span class='ocrx_word' id='word_1_113' title='bbox 1397 1464 1439 1533; x_wconf 95' lang='lat'><strong>1</strong></span> <span class='ocrx_word' id='word_1_114' title='bbox 1473 1463 1784 1519; x_wconf 84' lang='lat' dir='ltr'><strong>molestum</strong></span> <span class='ocrx_word' id='word_1_115' title='bbox 1809 1479 1949 1534; x_wconf 89' lang='lat' dir='ltr'><strong>erga</strong></span> <span class='ocrx_word' id='word_1_116' title='bbox 1967 1465 2177 1520; x_wconf 82' lang='lat' dir='ltr'><strong>fratres</strong></span> 
     </span>
    </p>
   </div>
   <div class='ocr_carea' id='block_1_18' title="bbox 527 1546 2180 1623">
    <p class='ocr_par' dir='ltr' id='par_1_18' title="bbox 527 1546 2180 1623">
     <span class='ocr_line' id='line_1_18' title="bbox 527 1546 2180 1623; baseline 0.005 -22"><span class='ocrx_word' id='word_1_117' title='bbox 527 1546 946 1615; x_wconf 87' lang='lat' dir='ltr'><strong>ministerium,</strong></span> <span class='ocrx_word' id='word_1_118' title='bbox 978 1562 1141 1603; x_wconf 91' lang='lat' dir='ltr'><strong>nunc</strong></span> <span class='ocrx_word' id='word_1_119' title='bbox 1170 1551 1229 1605; x_wconf 94' lang='lat' dir='ltr'><strong>in</strong></span> <span class='ocrx_word' id='word_1_120' title='bbox 1261 1552 1604 1623; x_wconf 87' lang='lat' dir='ltr'><strong>superbiam</strong></span> <span class='ocrx_word' id='word_1_121' title='bbox 1646 1554 1737 1608; x_wconf 90' lang='lat' dir='ltr'><strong>vel</strong></span> <span class='ocrx_word' id='word_1_122' title='bbox 1768 1557 2063 1609; x_wconf 88' lang='lat' dir='ltr'><strong>tumorem</strong></span> <span class='ocrx_word' id='word_1_123' title='bbox 2107 1569 2180 1609; x_wconf 87' lang='lat' dir='ltr'><strong>ex</strong></span> 
     </span>
    </p>
   </div>
   <div class='ocr_carea' id='block_1_19' title="bbox 528 1635 2180 1715">
    <p class='ocr_par' dir='ltr' id='par_1_19' title="bbox 528 1635 2180 1715">
     <span class='ocr_line' id='line_1_19' title="bbox 528 1635 2180 1715; baseline 0.004 -23"><span class='ocrx_word' id='word_1_124' title='bbox 528 1635 667 1708; x_wconf 88' lang='lat' dir='ltr'><strong>ipsa</strong></span> <span class='ocrx_word' id='word_1_125' title='bbox 695 1650 838 1708; x_wconf 89' lang='lat' dir='ltr'><strong>erga</strong></span> <span class='ocrx_word' id='word_1_126' title='bbox 856 1652 1180 1694; x_wconf 89' lang='lat' dir='ltr'><strong>conservos</strong></span> <span class='ocrx_word' id='word_1_127' title='bbox 1210 1654 1353 1696; x_wconf 91' lang='lat' dir='ltr'><strong>cura</strong></span> <span class='ocrx_word' id='word_1_128' title='bbox 1382 1657 1519 1696; x_wconf 89' lang='lat' dir='ltr'><strong>eum</strong></span> <span class='ocrx_word' id='word_1_129' title='bbox 1542 1641 1814 1711; x_wconf 80' lang='lat' dir='ltr'><strong>efferens,</strong></span> <span class='ocrx_word' id='word_1_130' title='bbox 1847 1644 2020 1715; x_wconf 90' lang='lat' dir='ltr'><strong>eique</strong></span> <span class='ocrx_word' id='word_1_131' title='bbox 2054 1660 2180 1715; x_wconf 80' lang='lat' dir='ltr'><strong>per-</strong></span> 
     </span>
    </p>
   </div>
   <div class='ocr_carea' id='block_1_20' title="bbox 2273 466 3893 551">
    <p class='ocr_par' dir='ltr' id='par_1_20' title="bbox 2273 466 3893 551">
     <span class='ocr_line' id='line_1_20' title="bbox 2273 466 3893 551; baseline -0.006 -22"><span class='ocrx_word' id='word_1_132' title='bbox 2273 479 2350 540; x_wconf 82' lang='grc' dir='ltr'>ὡς</span> <span class='ocrx_word' id='word_1_133' title='bbox 2374 477 2708 551; x_wconf 90' lang='grc' dir='ltr'>ἀργύριον,</span> <span class='ocrx_word' id='word_1_134' title='bbox 2741 478 2849 526; x_wconf 82' lang='grc' dir='ltr'>καὶ</span> <span class='ocrx_word' id='word_1_135' title='bbox 2878 474 2952 533; x_wconf 86' lang='grc' dir='ltr'>ὡς</span> <span class='ocrx_word' id='word_1_136' title='bbox 2983 471 3364 541; x_wconf 83' lang='grc' dir='ltr'>θησαυροὺς</span> <span class='ocrx_word' id='word_1_137' title='bbox 3392 466 3893 541; x_wconf 77' lang='grc' dir='ltr'>ἐξερευνήσηςί)</span> 
     </span>
    </p>
   </div>
   <div class='ocr_carea' id='block_1_21' title="bbox 2276 556 3893 634">
    <p class='ocr_par' dir='ltr' id='par_1_21' title="bbox 2276 556 3893 634">
     <span class='ocr_line' id='line_1_21' title="bbox 2276 556 3893 634; baseline -0.007 -15"><span class='ocrx_word' id='word_1_138' title='bbox 2276 568 2496 634; x_wconf 75' lang='grc' dir='ltr'>αὐτήν,</span> <span class='ocrx_word' id='word_1_139' title='bbox 2528 570 2673 618; x_wconf 85' lang='grc' dir='ltr'>τότε</span> <span class='ocrx_word' id='word_1_140' title='bbox 2714 567 3018 621; x_wconf 84' lang='grc' dir='ltr'>συνήσεις</span> <span class='ocrx_word' id='word_1_141' title='bbox 3058 556 3246 631; x_wconf 73' lang='grc' dir='ltr'>φόϐον</span> <span class='ocrx_word' id='word_1_142' title='bbox 3285 560 3519 632; x_wconf 81' lang='grc' dir='ltr'><strong>κυρίου</strong></span> <span class='ocrx_word' id='word_1_143' title='bbox 3562 560 3670 609; x_wconf 81' lang='grc' dir='ltr'><strong>καὶ</strong></span> <span class='ocrx_word' id='word_1_144' title='bbox 3704 556 3893 629; x_wconf 82' lang='grc' dir='ltr'>ἐπίγ-</span> 
     </span>
    </p>
   </div>
   <div class='ocr_carea' id='block_1_22' title="bbox 2276 642 3893 725">
    <p class='ocr_par' dir='ltr' id='par_1_22' title="bbox 2276 642 3893 725">
     <span class='ocr_line' id='line_1_22' title="bbox 2276 642 3893 725; baseline -0.006 -17"><span class='ocrx_word' id='word_1_145' title='bbox 2276 675 2464 707; x_wconf 88' lang='grc' dir='ltr'>νωσιν</span> <span class='ocrx_word' id='word_1_146' title='bbox 2508 656 2649 707; x_wconf 92' lang='grc' dir='ltr'>θεοῦ</span> <span class='ocrx_word' id='word_1_147' title='bbox 2689 654 2989 725; x_wconf 73' lang='grc' dir='ltr'><strong>εὑρήσεις</strong></span> <span class='ocrx_word' id='word_1_148' title='bbox 3013 666 3025 679; x_wconf 68' lang='grc'><strong><em>⁸</em></strong></span> <span class='ocrx_word' id='word_1_149' title='bbox 3058 650 3173 700; x_wconf 83' lang='grc' dir='ltr'>θεοῦ</span> <span class='ocrx_word' id='word_1_150' title='bbox 3205 642 3263 699; x_wconf 72' lang='grc' dir='ltr'><strong>δε</strong></span> <span class='ocrx_word' id='word_1_151' title='bbox 3294 644 3573 717; x_wconf 73' lang='grc' dir='ltr'><strong>ἐπίγνωσιν</strong></span> <span class='ocrx_word' id='word_1_152' title='bbox 3602 647 3762 719; x_wconf 77' lang='grc' dir='ltr'>εὑρὼν</span> <span class='ocrx_word' id='word_1_153' title='bbox 3795 664 3893 712; x_wconf 70' lang='grc' dir='ltr'>καὶ</span> 
     </span>
    </p>
   </div>
   <div class='ocr_carea' id='block_1_23' title="bbox 2279 736 3891 817">
    <p class='ocr_par' dir='ltr' id='par_1_23' title="bbox 2279 736 3891 817">
     <span class='ocr_line' id='line_1_23' title="bbox 2279 736 3891 817; baseline -0.006 -20"><span class='ocrx_word' id='word_1_154' title='bbox 2279 743 2431 817; x_wconf 81' lang='grc' dir='ltr'>φόϐον</span> <span class='ocrx_word' id='word_1_155' title='bbox 2481 750 2663 807; x_wconf 89' lang='grc' dir='ltr'>συνείς,</span> <span class='ocrx_word' id='word_1_156' title='bbox 2710 737 2911 817; x_wconf 79' lang='grc' dir='ltr'>ῥᾳδίως</span> <span class='ocrx_word' id='word_1_157' title='bbox 2941 743 3031 791; x_wconf 87' lang='grc' dir='ltr'>καὶ</span> <span class='ocrx_word' id='word_1_158' title='bbox 3080 740 3138 789; x_wconf 84' lang='grc' dir='ltr'>τὸ</span> <span class='ocrx_word' id='word_1_159' title='bbox 3186 736 3362 807; x_wconf 80' lang='grc' dir='ltr'>ἐφεξῆς</span> <span class='ocrx_word' id='word_1_160' title='bbox 3412 736 3783 808; x_wconf 73' lang='grc' dir='ltr'><strong>κατορθώσεις,</strong></span> <span class='ocrx_word' id='word_1_161' title='bbox 3829 739 3891 787; x_wconf 84' lang='grc' dir='ltr'>τὸ</span> 
     </span>
    </p>
   </div>
   <div class='ocr_carea' id='block_1_24' title="bbox 2282 827 3895 907">
    <p class='ocr_par' dir='ltr' id='par_1_24' title="bbox 2282 827 3895 907">
     <span class='ocr_line' id='line_1_24' title="bbox 2282 827 3895 907; baseline -0.006 -21"><span class='ocrx_word' id='word_1_162' title='bbox 2282 829 2483 907; x_wconf 81' lang='grc' dir='ltr'>ἀγαπᾷν</span> <span class='ocrx_word' id='word_1_163' title='bbox 2531 834 2659 905; x_wconf 85' lang='grc' dir='ltr'>λέγω</span> <span class='ocrx_word' id='word_1_164' title='bbox 2702 835 2790 886; x_wconf 85' lang='grc' dir='ltr'>τὸν</span> <span class='ocrx_word' id='word_1_165' title='bbox 2835 830 3056 888; x_wconf 80' lang='grc' dir='ltr'><strong>πλησίον</strong></span> <span class='ocrx_word' id='word_1_166' title='bbox 3086 845 3098 858; x_wconf 90' lang='grc'><strong>·</strong></span> <span class='ocrx_word' id='word_1_167' title='bbox 3149 833 3239 879; x_wconf 88' lang='grc' dir='ltr'><strong>τοῦ</strong></span> <span class='ocrx_word' id='word_1_168' title='bbox 3267 827 3368 897; x_wconf 83' lang='grc' dir='ltr'><strong>γὰρ</strong></span> <span class='ocrx_word' id='word_1_169' title='bbox 3423 829 3629 899; x_wconf 85' lang='grc' dir='ltr'><strong>πρώτου</strong></span> <span class='ocrx_word' id='word_1_170' title='bbox 3669 830 3760 878; x_wconf 82' lang='grc' dir='ltr'>καὶ</span> <span class='ocrx_word' id='word_1_171' title='bbox 3801 844 3895 897; x_wconf 85' lang='grc' dir='ltr'>με-</span> 
     </span>
    </p>
   </div>
   <div class='ocr_carea' id='block_1_25' title="bbox 2279 910 3891 997">
    <p class='ocr_par' dir='ltr' id='par_1_25' title="bbox 2279 910 3891 997">
     <span class='ocr_line' id='line_1_25' title="bbox 2279 910 3891 997; baseline -0.008 -19"><span class='ocrx_word' id='word_1_172' title='bbox 2279 925 2438 997; x_wconf 85' lang='grc' dir='ltr'>γάλου</span> <span class='ocrx_word' id='word_1_173' title='bbox 2509 926 2665 976; x_wconf 84' lang='grc' dir='ltr'>πόνου</span> <span class='ocrx_word' id='word_1_174' title='bbox 2736 921 3051 984; x_wconf 84' lang='grc' dir='ltr'>κτισθέντος,</span> <span class='ocrx_word' id='word_1_175' title='bbox 3128 918 3186 968; x_wconf 83' lang='grc' dir='ltr'>τὸ</span> <span class='ocrx_word' id='word_1_176' title='bbox 3268 910 3508 987; x_wconf 82' lang='grc' dir='ltr'>δεύτερον</span> <span class='ocrx_word' id='word_1_177' title='bbox 3564 914 3772 967; x_wconf 76' lang='grc' dir='ltr'>ἔλαττον</span> <span class='ocrx_word' id='word_1_178' title='bbox 3835 918 3891 966; x_wconf 81' lang='grc' dir='ltr'>ὄν</span> 
     </span>
    </p>
   </div>
   <div class='ocr_carea' id='block_1_26' title="bbox 2284 998 3895 1087">
    <p class='ocr_par' dir='ltr' id='par_1_26' title="bbox 2284 998 3895 1087">
     <span class='ocr_line' id='line_1_26' title="bbox 2284 998 3895 1087; baseline -0.006 -22"><span class='ocrx_word' id='word_1_179' title='bbox 2284 1012 2601 1087; x_wconf 73' lang='grc' dir='ltr'>ἀπονώτερον</span> <span class='ocrx_word' id='word_1_180' title='bbox 2650 1012 2826 1064; x_wconf 80' lang='grc' dir='ltr'>ἕπεται</span> <span class='ocrx_word' id='word_1_181' title='bbox 2873 1014 2964 1060; x_wconf 90' lang='grc' dir='ltr'><strong>τοῦ</strong></span> <span class='ocrx_word' id='word_1_182' title='bbox 3014 1010 3247 1081; x_wconf 79' lang='grc' dir='ltr'>πρώτου.</span> <span class='ocrx_word' id='word_1_183' title='bbox 3294 1002 3487 1055; x_wconf 77' lang='grc' dir='ltr'>ἐκείνου</span> <span class='ocrx_word' id='word_1_184' title='bbox 3532 998 3592 1055; x_wconf 67' lang='grc' dir='ltr'>δὲ</span> <span class='ocrx_word' id='word_1_185' title='bbox 3640 1005 3710 1075; x_wconf 77' lang='grc' dir='ltr'>μὴ</span> <span class='ocrx_word' id='word_1_186' title='bbox 3744 1003 3895 1065; x_wconf 83' lang='grc' dir='ltr'>ὄντος</span> 
     </span>
    </p>
   </div>
   <div class='ocr_carea' id='block_1_27' title="bbox 2284 1092 3889 1171">
    <p class='ocr_par' dir='ltr' id='par_1_27' title="bbox 2284 1092 3889 1171">
     <span class='ocr_line' id='line_1_27' title="bbox 2284 1092 3889 1171; baseline -0.009 -15"><span class='ocrx_word' id='word_1_187' title='bbox 2284 1100 2408 1156; x_wconf 72' lang='grc' dir='ltr'>οὐδὲ</span> <span class='ocrx_word' id='word_1_188' title='bbox 2435 1106 2494 1155; x_wconf 86' lang='grc' dir='ltr'>τὸ</span> <span class='ocrx_word' id='word_1_189' title='bbox 2525 1099 2763 1171; x_wconf 80' lang='grc' dir='ltr'>δεύτερον</span> <span class='ocrx_word' id='word_1_190' title='bbox 2795 1098 2854 1150; x_wconf 84' lang='grc' dir='ltr'><strong>ἀν</strong></span> <span class='ocrx_word' id='word_1_191' title='bbox 2882 1100 3082 1169; x_wconf 81' lang='grc' dir='ltr'>γένοιτο</span> <span class='ocrx_word' id='word_1_192' title='bbox 3128 1095 3370 1166; x_wconf 79' lang='grc' dir='ltr'><strong>καθαρῶς</strong></span> <span class='ocrx_word' id='word_1_193' title='bbox 3400 1109 3412 1122; x_wconf 89' lang='grc'><strong>·</strong></span> <span class='ocrx_word' id='word_1_194' title='bbox 3446 1092 3471 1143; x_wconf 88' lang='grc' dir='ltr'><strong>ὁ</strong></span> <span class='ocrx_word' id='word_1_195' title='bbox 3500 1094 3599 1165; x_wconf 78' lang='grc' dir='ltr'>γὰρ</span> <span class='ocrx_word' id='word_1_196' title='bbox 3653 1093 3763 1144; x_wconf 87' lang='grc' dir='ltr'>θεὸν</span> <span class='ocrx_word' id='word_1_197' title='bbox 3814 1096 3889 1163; x_wconf 82' lang='grc' dir='ltr'>μὴ</span> 
     </span>
    </p>
   </div>
   <div class='ocr_carea' id='block_1_28' title="bbox 2286 1177 3895 1264">
    <p class='ocr_par' dir='ltr' id='par_1_28' title="bbox 2286 1177 3895 1264">
     <span class='ocr_line' id='line_1_28' title="bbox 2286 1177 3895 1264; baseline -0.009 -19"><span class='ocrx_word' id='word_1_198' title='bbox 2286 1191 2500 1264; x_wconf 89' lang='grc' dir='ltr'>ἀγαπῶν</span> <span class='ocrx_word' id='word_1_199' title='bbox 2548 1191 2600 1254; x_wconf 84' lang='grc' dir='ltr'><strong>ἐξ</strong></span> <span class='ocrx_word' id='word_1_200' title='bbox 2654 1190 2776 1252; x_wconf 85' lang='grc' dir='ltr'>ὅλης</span> <span class='ocrx_word' id='word_1_201' title='bbox 2823 1188 3010 1260; x_wconf 77' lang='grc' dir='ltr'>ψυχῆς</span> <span class='ocrx_word' id='word_1_202' title='bbox 3040 1188 3130 1237; x_wconf 81' lang='grc' dir='ltr'>καὶ</span> <span class='ocrx_word' id='word_1_203' title='bbox 3160 1182 3212 1247; x_wconf 77' lang='grc' dir='ltr'><strong>ἐξ</strong></span> <span class='ocrx_word' id='word_1_204' title='bbox 3241 1182 3362 1244; x_wconf 87' lang='grc' dir='ltr'>ὅλης</span> <span class='ocrx_word' id='word_1_205' title='bbox 3405 1177 3648 1256; x_wconf 79' lang='grc' dir='ltr'><strong>καρδίας,</strong></span> <span class='ocrx_word' id='word_1_206' title='bbox 3692 1188 3799 1243; x_wconf 89' lang='grc' dir='ltr'><strong>πῶς</strong></span> <span class='ocrx_word' id='word_1_207' title='bbox 3830 1179 3895 1232; x_wconf 81' lang='grc' dir='ltr'>ἆν</span> 
     </span>
    </p>
   </div>
   <div class='ocr_carea' id='block_1_29' title="bbox 2286 1266 3898 1353">
    <p class='ocr_par' dir='ltr' id='par_1_29' title="bbox 2286 1266 3898 1353">
     <span class='ocr_line' id='line_1_29' title="bbox 2286 1266 3898 1353; baseline -0.009 -19"><span class='ocrx_word' id='word_1_208' title='bbox 2286 1282 2443 1353; x_wconf 82' lang='grc' dir='ltr'>ὑγιῶς</span> <span class='ocrx_word' id='word_1_209' title='bbox 2493 1286 2583 1333; x_wconf 83' lang='grc' dir='ltr'><strong>καὶ</strong></span> <span class='ocrx_word' id='word_1_210' title='bbox 2614 1275 2816 1340; x_wconf 82' lang='grc' dir='ltr'><strong>ἀδόλως</strong></span> <span class='ocrx_word' id='word_1_211' title='bbox 2866 1275 3158 1349; x_wconf 73' lang='grc' dir='ltr'><strong>ἐπιμελοῖτο</strong></span> <span class='ocrx_word' id='word_1_212' title='bbox 3205 1281 3301 1334; x_wconf 87' lang='grc' dir='ltr'>τῆς</span> <span class='ocrx_word' id='word_1_213' title='bbox 3345 1278 3452 1324; x_wconf 85' lang='grc' dir='ltr'><strong>τῶν</strong></span> <span class='ocrx_word' id='word_1_214' title='bbox 3502 1266 3733 1340; x_wconf 78' lang='grc' dir='ltr'><strong>ἀδελφῶν</strong></span> <span class='ocrx_word' id='word_1_215' title='bbox 3762 1269 3898 1341; x_wconf 78' lang='grc' dir='ltr'>ἀγοί-</span> 
     </span>
    </p>
   </div>
   <div class='ocr_carea' id='block_1_30' title="bbox 2287 1356 3898 1440">
    <p class='ocr_par' dir='ltr' id='par_1_30' title="bbox 2287 1356 3898 1440">
     <span class='ocr_line' id='line_1_30' title="bbox 2287 1356 3898 1440; baseline -0.009 -16"><span class='ocrx_word' id='word_1_216' title='bbox 2287 1390 2411 1435; x_wconf 87' lang='grc' dir='ltr'>πης,</span> <span class='ocrx_word' id='word_1_217' title='bbox 2461 1369 2663 1422; x_wconf 75' lang='grc' dir='ltr'>ἐκείνων</span> <span class='ocrx_word' id='word_1_218' title='bbox 2706 1372 2777 1440; x_wconf 78' lang='grc' dir='ltr'>μὴ</span> <span class='ocrx_word' id='word_1_219' title='bbox 2811 1366 3019 1438; x_wconf 85' lang='grc' dir='ltr'>πληρῶν</span> <span class='ocrx_word' id='word_1_220' title='bbox 3049 1367 3144 1422; x_wconf 80' lang='grc' dir='ltr'>τὴν</span> <span class='ocrx_word' id='word_1_221' title='bbox 3187 1361 3418 1433; x_wconf 86' lang='grc' dir='ltr'>ἀγάπην,</span> <span class='ocrx_word' id='word_1_222' title='bbox 3473 1356 3549 1412; x_wconf 85' lang='grc' dir='ltr'>δι’</span> <span class='ocrx_word' id='word_1_223' title='bbox 3600 1359 3667 1410; x_wconf 83' lang='grc' dir='ltr'>ὧν</span> <span class='ocrx_word' id='word_1_224' title='bbox 3719 1358 3898 1431; x_wconf 72' lang='grc' dir='ltr'>ἄπιμε-</span> 
     </span>
    </p>
   </div>
   <div class='ocr_carea' id='block_1_31' title="bbox 2287 1450 3894 1525">
    <p class='ocr_par' dir='ltr' id='par_1_31' title="bbox 2287 1450 3894 1525">
     <span class='ocr_line' id='line_1_31' title="bbox 2287 1450 3894 1525; baseline -0.007 -14"><span class='ocrx_word' id='word_1_225' title='bbox 2287 1460 2451 1513; x_wconf 87' lang='grc' dir='ltr'>λεῖται</span> <span class='ocrx_word' id='word_1_226' title='bbox 2488 1461 2685 1519; x_wconf 83' lang='grc' dir='ltr'>ταύτης</span> <span class='ocrx_word' id='word_1_227' title='bbox 2713 1459 2907 1510; x_wconf 90' lang='grc' dir='ltr'>τούτων</span> <span class='ocrx_word' id='word_1_228' title='bbox 2936 1472 2951 1521; x_wconf 87' lang='grc'><strong>;</strong></span> <span class='ocrx_word' id='word_1_229' title='bbox 2983 1457 3068 1507; x_wconf 88' lang='grc' dir='ltr'>τὸν</span> <span class='ocrx_word' id='word_1_230' title='bbox 3096 1456 3198 1525; x_wconf 90' lang='grc' dir='ltr'><strong>γάρ</strong></span> <span class='ocrx_word' id='word_1_231' title='bbox 3226 1451 3387 1511; x_wconf 81' lang='grc' dir='ltr'>οὕτως</span> <span class='ocrx_word' id='word_1_232' title='bbox 3433 1450 3646 1521; x_wconf 79' lang='grc' dir='ltr'>ἔχοντα,</span> <span class='ocrx_word' id='word_1_233' title='bbox 3691 1453 3782 1501; x_wconf 83' lang='grc' dir='ltr'>καὶ</span> <span class='ocrx_word' id='word_1_234' title='bbox 3820 1453 3894 1516; x_wconf 77' lang='grc' dir='ltr'>μὴ</span> 
     </span>
    </p>
   </div>
   <div class='ocr_carea' id='block_1_32' title="bbox 2289 1535 3898 1621">
    <p class='ocr_par' dir='ltr' id='par_1_32' title="bbox 2289 1535 3898 1621">
     <span class='ocr_line' id='line_1_32' title="bbox 2289 1535 3898 1621; baseline -0.009 -19"><span class='ocrx_word' id='word_1_235' title='bbox 2289 1555 2383 1609; x_wconf 80' lang='grc' dir='ltr'>τὴν</span> <span class='ocrx_word' id='word_1_236' title='bbox 2410 1549 2596 1621; x_wconf 78' lang='grc' dir='ltr'>ψυχὴν</span> <span class='ocrx_word' id='word_1_237' title='bbox 2628 1547 2748 1605; x_wconf 87' lang='grc' dir='ltr'>ὅλην</span> <span class='ocrx_word' id='word_1_238' title='bbox 2780 1541 3048 1598; x_wconf 84' lang='grc' dir='ltr'>ἀποδόντα</span> <span class='ocrx_word' id='word_1_239' title='bbox 3078 1540 3194 1611; x_wconf 78' lang='grc' dir='ltr'>θεῷ,</span> <span class='ocrx_word' id='word_1_240' title='bbox 3228 1535 3366 1612; x_wconf 73' lang='grc' dir='ltr'>μηδὲ</span> <span class='ocrx_word' id='word_1_241' title='bbox 3404 1541 3536 1613; x_wconf 85' lang='grc' dir='ltr'>πρὸς</span> <span class='ocrx_word' id='word_1_242' title='bbox 3579 1540 3671 1595; x_wconf 78' lang='grc' dir='ltr'>τὴν</span> <span class='ocrx_word' id='word_1_243' title='bbox 3702 1539 3898 1590; x_wconf 73' lang='grc' dir='ltr'>ἑκείνου</span> 
     </span>
    </p>
   </div>
   <div class='ocr_carea' id='block_1_33' title="bbox 2291 1628 3899 1715">
    <p class='ocr_par' dir='ltr' id='par_1_33' title="bbox 2291 1628 3899 1711">
     <span class='ocr_line' id='line_1_33' title="bbox 2291 1628 3899 1711; baseline -0.008 -20"><span class='ocrx_word' id='word_1_244' title='bbox 2291 1643 2642 1711; x_wconf 80' lang='grc' dir='ltr'>κεκωνωμένον</span> <span class='ocrx_word' id='word_1_245' title='bbox 2673 1639 2718 1707; x_wconf 77' lang='grc'><strong>²)</strong></span> <span class='ocrx_word' id='word_1_246' title='bbox 2769 1635 2978 1707; x_wconf 78' lang='grc' dir='ltr'>ἀγάπην</span> <span class='ocrx_word' id='word_1_247' title='bbox 3034 1633 3193 1705; x_wconf 86' lang='grc' dir='ltr'>εύρών</span> <span class='ocrx_word' id='word_1_248' title='bbox 3266 1628 3641 1699; x_wconf 80' lang='grc' dir='ltr'>ἐξωπλισμένον</span> <span class='ocrx_word' id='word_1_249' title='bbox 3718 1628 3745 1679; x_wconf 86' lang='grc' dir='ltr'><strong>ὁ</strong></span> <span class='ocrx_word' id='word_1_250' title='bbox 3801 1633 3899 1689; x_wconf 76' lang='grc' dir='ltr'><strong>τῆς</strong></span> 
     </span>
    </p>
   </div>
   <div class='ocr_carea' id='block_1_34' title="bbox 530 1715 2186 1803">
    <p class='ocr_par' dir='ltr' id='par_1_34' title="bbox 530 1724 2180 1798">
     <span class='ocr_line' id='line_1_34' title="bbox 530 1724 2180 1798; baseline 0.005 -18"><span class='ocrx_word' id='word_1_251' title='bbox 530 1724 814 1795; x_wconf 89' lang='lat' dir='ltr'><strong>suadens,</strong></span> <span class='ocrx_word' id='word_1_252' title='bbox 873 1725 1210 1798; x_wconf 89' lang='lat' dir='ltr'><strong>implevisse</strong></span> <span class='ocrx_word' id='word_1_253' title='bbox 1261 1744 1399 1785; x_wconf 88' lang='lat' dir='ltr'><strong>eum</strong></span> <span class='ocrx_word' id='word_1_254' title='bbox 1460 1733 1743 1788; x_wconf 89' lang='lat' dir='ltr'><strong>mandata</strong></span> <span class='ocrx_word' id='word_1_255' title='bbox 1808 1733 2061 1797; x_wconf 90' lang='lat' dir='ltr'><strong>Domini,</strong></span> <span class='ocrx_word' id='word_1_256' title='bbox 2123 1737 2180 1789; x_wconf 88' lang='lat' dir='ltr'><strong>et</strong></span> 
     </span>
    </p>
   </div>
   <div class='ocr_carea' id='block_1_35' title="bbox 2297 1715 3901 1803">
    <p class='ocr_par' dir='ltr' id='par_1_35' title="bbox 2297 1715 3901 1799">
     <span class='ocr_line' id='line_1_35' title="bbox 2297 1715 3901 1799; baseline -0.009 -18"><span class='ocrx_word' id='word_1_257' title='bbox 2297 1734 2473 1789; x_wconf 71' lang='grc' dir='ltr'>κακίας</span> <span class='ocrx_word' id='word_1_258' title='bbox 2512 1731 2752 1799; x_wconf 83' lang='grc' dir='ltr'>τεχνίτης</span> <span class='ocrx_word' id='word_1_259' title='bbox 2790 1730 3067 1798; x_wconf 81' lang='grc' dir='ltr'>χειροῦται</span> <span class='ocrx_word' id='word_1_260' title='bbox 3103 1715 3305 1795; x_wconf 82' lang='grc' dir='ltr'>ῥᾳδίως</span> <span class='ocrx_word' id='word_1_261' title='bbox 3341 1717 3617 1790; x_wconf 82' lang='grc' dir='ltr'>λογισμοῖς</span> <span class='ocrx_word' id='word_1_262' title='bbox 3656 1722 3901 1790; x_wconf 83' lang='grc' dir='ltr'>πονηροῖς</span> 
     </span>
    </p>
   </div>
   <div class='ocr_carea' id='block_1_36' title="bbox 529 1817 2179 1895">
    <p class='ocr_par' dir='ltr' id='par_1_36' title="bbox 529 1817 2179 1895">
     <span class='ocr_line' id='line_1_36' title="bbox 529 1817 2179 1895; baseline 0.006 -25"><span class='ocrx_word' id='word_1_263' title='bbox 529 1829 823 1885; x_wconf 89' lang='lat' dir='ltr'><strong>magnum</strong></span> <span class='ocrx_word' id='word_1_264' title='bbox 849 1832 981 1872; x_wconf 89' lang='lat' dir='ltr'><strong>esse</strong></span> <span class='ocrx_word' id='word_1_265' title='bbox 1006 1818 1065 1872; x_wconf 94' lang='lat' dir='ltr'><strong>in</strong></span> <span class='ocrx_word' id='word_1_266' title='bbox 1092 1817 1289 1874; x_wconf 90' lang='lat' dir='ltr'><strong>coelis.</strong></span> <span class='ocrx_word' id='word_1_267' title='bbox 1324 1822 1437 1875; x_wconf 89' lang='lat' dir='ltr'><strong>Nec</strong></span> <span class='ocrx_word' id='word_1_268' title='bbox 1468 1836 1652 1892; x_wconf 87' lang='lat' dir='ltr'><strong>parva</strong></span> <span class='ocrx_word' id='word_1_269' title='bbox 1678 1822 1824 1879; x_wconf 89' lang='lat' dir='ltr'><strong>haec</strong></span> <span class='ocrx_word' id='word_1_270' title='bbox 1849 1824 2133 1895; x_wconf 89' lang='lat' dir='ltr'><strong>iniquitas</strong></span> <span class='ocrx_word' id='word_1_271' title='bbox 2164 1841 2179 1889; x_wconf 88' lang='lat'><strong>;</strong></span> 
     </span>
    </p>
   </div>
   <div class='ocr_carea' id='block_1_37' title="bbox 529 1901 2179 1976">
    <p class='ocr_par' dir='ltr' id='par_1_37' title="bbox 529 1901 2179 1976">
     <span class='ocr_line' id='line_1_37' title="bbox 529 1901 2179 1976; baseline 0.006 -19"><span class='ocrx_word' id='word_1_272' title='bbox 529 1901 708 1959; x_wconf 89' lang='lat' dir='ltr'><strong>debet</strong></span> <span class='ocrx_word' id='word_1_273' title='bbox 752 1902 913 1960; x_wconf 89' lang='lat' dir='ltr'><strong>enim</strong></span> <span class='ocrx_word' id='word_1_274' title='bbox 952 1905 1180 1976; x_wconf 88' lang='lat' dir='ltr'><strong>probus</strong></span> <span class='ocrx_word' id='word_1_275' title='bbox 1223 1922 1293 1963; x_wconf 89' lang='lat' dir='ltr'><strong>ac</strong></span> <span class='ocrx_word' id='word_1_276' title='bbox 1339 1908 1625 1964; x_wconf 88' lang='lat' dir='ltr'><strong>sollicitus</strong></span> <span class='ocrx_word' id='word_1_277' title='bbox 1675 1926 1882 1966; x_wconf 87' lang='lat' dir='ltr'><strong>servus</strong></span> <span class='ocrx_word' id='word_1_278' title='bbox 1928 1912 2179 1967; x_wconf 86' lang='lat' dir='ltr'><strong>Domino</strong></span> 
     </span>
    </p>
   </div>
   <div class='ocr_carea' id='block_1_38' title="bbox 530 1992 2178 2073">
    <p class='ocr_par' dir='ltr' id='par_1_38' title="bbox 530 1992 2178 2073">
     <span class='ocr_line' id='line_1_38' title="bbox 530 1992 2178 2073; baseline 0.006 -27"><span class='ocrx_word' id='word_1_279' title='bbox 530 1992 901 2048; x_wconf 88' lang='lat' dir='ltr'><strong>committere</strong></span> <span class='ocrx_word' id='word_1_280' title='bbox 931 1994 1242 2065; x_wconf 90' lang='lat' dir='ltr'><strong>probitatis</strong></span> <span class='ocrx_word' id='word_1_281' title='bbox 1271 1997 1587 2068; x_wconf 91' lang='lat' dir='ltr'><strong>judicium,</strong></span> <span class='ocrx_word' id='word_1_282' title='bbox 1620 2014 1729 2055; x_wconf 89' lang='lat' dir='ltr'><strong>nec</strong></span> <span class='ocrx_word' id='word_1_283' title='bbox 1763 2001 1892 2071; x_wconf 90' lang='lat' dir='ltr'><strong>ipse</strong></span> <span class='ocrx_word' id='word_1_284' title='bbox 1919 2016 2026 2073; x_wconf 91' lang='lat' dir='ltr'><strong>pro</strong></span> <span class='ocrx_word' id='word_1_285' title='bbox 2070 2003 2178 2056; x_wconf 93' lang='lat' dir='ltr'><strong>Do-</strong></span> 
     </span>
    </p>
   </div>
   <div class='ocr_carea' id='block_1_39' title="bbox 532 2079 2183 2159">
    <p class='ocr_par' dir='ltr' id='par_1_39' title="bbox 532 2079 2183 2159">
     <span class='ocr_line' id='line_1_39' title="bbox 532 2079 2183 2159; baseline 0.007 -24"><span class='ocrx_word' id='word_1_286' title='bbox 532 2079 700 2137; x_wconf 90' lang='lat' dir='ltr'><strong>mino</strong></span> <span class='ocrx_word' id='word_1_287' title='bbox 723 2080 903 2138; x_wconf 81' lang='lat' dir='ltr'><strong>iudex</strong></span> <span class='ocrx_word' id='word_1_288' title='bbox 931 2089 988 2139; x_wconf 91' lang='lat' dir='ltr'><strong>et</strong></span> <span class='ocrx_word' id='word_1_289' title='bbox 1020 2083 1299 2141; x_wconf 87' lang='lat' dir='ltr'><strong>laudator</strong></span> <span class='ocrx_word' id='word_1_290' title='bbox 1328 2102 1470 2142; x_wconf 89' lang='lat' dir='ltr'><strong>suae</strong></span> <span class='ocrx_word' id='word_1_291' title='bbox 1500 2088 1686 2159; x_wconf 89' lang='lat' dir='ltr'><strong>ipsius</strong></span> <span class='ocrx_word' id='word_1_292' title='bbox 1711 2090 2183 2146; x_wconf 87' lang='lat' dir='ltr'><strong>conversationis</strong></span> 
     </span>
    </p>
   </div>
   <div class='ocr_carea' id='block_1_40' title="bbox 532 2168 2181 2244">
    <p class='ocr_par' dir='ltr' id='par_1_40' title="bbox 532 2168 2181 2244">
     <span class='ocr_line' id='line_1_40' title="bbox 532 2168 2181 2244; baseline 0.007 -21"><span class='ocrx_word' id='word_1_293' title='bbox 532 2168 681 2223; x_wconf 84' lang='lat' dir='ltr'><strong>ﬁeri.</strong></span> <span class='ocrx_word' id='word_1_294' title='bbox 717 2170 773 2226; x_wconf 90' lang='lat' dir='ltr'><strong>Si</strong></span> <span class='ocrx_word' id='word_1_295' title='bbox 798 2171 959 2226; x_wconf 90' lang='lat' dir='ltr'><strong>enim</strong></span> <span class='ocrx_word' id='word_1_296' title='bbox 992 2173 1122 2243; x_wconf 87' lang='lat' dir='ltr'><strong>ipse</strong></span> <span class='ocrx_word' id='word_1_297' title='bbox 1157 2174 1259 2229; x_wconf 86' lang='lat' dir='ltr'><strong>ﬁat</strong></span> <span class='ocrx_word' id='word_1_298' title='bbox 1282 2174 1480 2240; x_wconf 83' lang='lat' dir='ltr'><strong>iudex,</strong></span> <span class='ocrx_word' id='word_1_299' title='bbox 1514 2192 1654 2232; x_wconf 90' lang='lat' dir='ltr'><strong>vero</strong></span> <span class='ocrx_word' id='word_1_300' title='bbox 1681 2177 1877 2234; x_wconf 89' lang='lat' dir='ltr'><strong>iudice</strong></span> <span class='ocrx_word' id='word_1_301' title='bbox 1916 2184 2181 2244; x_wconf 85' lang='lat' dir='ltr'><strong>extruso,</strong></span> 
     </span>
    </p>
   </div>
   <div class='ocr_carea' id='block_1_41' title="bbox 533 2258 2183 2337">
    <p class='ocr_par' dir='ltr' id='par_1_41' title="bbox 533 2258 2183 2337">
     <span class='ocr_line' id='line_1_41' title="bbox 533 2258 2183 2337; baseline 0.008 -26"><span class='ocrx_word' id='word_1_302' title='bbox 533 2270 646 2312; x_wconf 87' lang='lat' dir='ltr'><strong>nec</strong></span> <span class='ocrx_word' id='word_1_303' title='bbox 673 2258 1010 2315; x_wconf 89' lang='lat' dir='ltr'><strong>mercedem</strong></span> <span class='ocrx_word' id='word_1_304' title='bbox 1035 2261 1174 2317; x_wconf 88' lang='lat' dir='ltr'><strong>inde</strong></span> <span class='ocrx_word' id='word_1_305' title='bbox 1195 2262 1464 2334; x_wconf 88' lang='lat' dir='ltr'><strong>accipiet,</strong></span> <span class='ocrx_word' id='word_1_306' title='bbox 1496 2280 1686 2337; x_wconf 93' lang='lat' dir='ltr'><strong>quum</strong></span> <span class='ocrx_word' id='word_1_307' title='bbox 1717 2271 1852 2322; x_wconf 91' lang='lat' dir='ltr'><strong>ante</strong></span> <span class='ocrx_word' id='word_1_308' title='bbox 1883 2268 2008 2322; x_wconf 88' lang='lat' dir='ltr'><strong>eius</strong></span> <span class='ocrx_word' id='word_1_309' title='bbox 2034 2267 2183 2324; x_wconf 85' lang='lat' dir='ltr'><strong>iudi-</strong></span> 
     </span>
    </p>
   </div>
   <div class='ocr_carea' id='block_1_42' title="bbox 538 2344 2186 2427">
    <p class='ocr_par' dir='ltr' id='par_1_42' title="bbox 538 2344 2186 2427">
     <span class='ocr_line' id='line_1_42' title="bbox 538 2344 2186 2427; baseline 0.008 -28"><span class='ocrx_word' id='word_1_310' title='bbox 538 2344 696 2401; x_wconf 92' lang='lat' dir='ltr'><strong>cium</strong></span> <span class='ocrx_word' id='word_1_311' title='bbox 726 2346 851 2418; x_wconf 88' lang='lat' dir='ltr'><strong>ipse</strong></span> <span class='ocrx_word' id='word_1_312' title='bbox 882 2363 945 2404; x_wconf 91' lang='lat' dir='ltr'><strong>se</strong></span> <span class='ocrx_word' id='word_1_313' title='bbox 974 2347 1257 2405; x_wconf 89' lang='lat' dir='ltr'><strong>laudibus</strong></span> <span class='ocrx_word' id='word_1_314' title='bbox 1293 2368 1361 2407; x_wconf 86' lang='lat' dir='ltr'><strong>ac</strong></span> <span class='ocrx_word' id='word_1_315' title='bbox 1396 2368 1554 2409; x_wconf 87' lang='lat' dir='ltr'><strong>vana</strong></span> <span class='ocrx_word' id='word_1_316' title='bbox 1585 2356 1659 2410; x_wconf 90' lang='lat' dir='ltr'><strong>de</strong></span> <span class='ocrx_word' id='word_1_317' title='bbox 1686 2371 1747 2410; x_wconf 85' lang='lat' dir='ltr'><strong>se</strong></span> <span class='ocrx_word' id='word_1_318' title='bbox 1781 2357 2063 2427; x_wconf 88' lang='lat' dir='ltr'><strong>opinione</strong></span> <span class='ocrx_word' id='word_1_319' title='bbox 2098 2373 2186 2413; x_wconf 88' lang='lat' dir='ltr'><strong>re-</strong></span> 
     </span>
    </p>
   </div>
   <div class='ocr_carea' id='block_1_43' title="bbox 536 2433 2187 2517">
    <p class='ocr_par' dir='ltr' id='par_1_43' title="bbox 536 2433 2187 2517">
     <span class='ocr_line' id='line_1_43' title="bbox 536 2433 2187 2517; baseline 0.008 -27"><span class='ocrx_word' id='word_1_320' title='bbox 536 2433 804 2506; x_wconf 87' lang='lat' dir='ltr'><strong>pleverit.</strong></span> <span class='ocrx_word' id='word_1_321' title='bbox 838 2438 1080 2508; x_wconf 88' lang='lat' dir='ltr'><strong>Oportet</strong></span> <span class='ocrx_word' id='word_1_322' title='bbox 1117 2440 1275 2494; x_wconf 87' lang='lat' dir='ltr'><strong>enim</strong></span> <span class='ocrx_word' id='word_1_323' title='bbox 1308 2443 1644 2499; x_wconf 90' lang='lat' dir='ltr'><strong>secundum</strong></span> <span class='ocrx_word' id='word_1_324' title='bbox 1674 2445 1983 2517; x_wconf 90' lang='lat' dir='ltr'><strong>eloquium</strong></span> <span class='ocrx_word' id='word_1_325' title='bbox 2020 2447 2187 2503; x_wconf 88' lang='lat' dir='ltr'><strong>Pauli</strong></span> 
     </span>
    </p>
   </div>
   <div class='ocr_carea' id='block_1_44' title="bbox 538 2523 2185 2607">
    <p class='ocr_par' dir='ltr' id='par_1_44' title="bbox 538 2523 2185 2607">
     <span class='ocr_line' id='line_1_44' title="bbox 538 2523 2185 2607; baseline 0.009 -29"><span class='ocrx_word' id='word_1_326' title='bbox 538 2523 833 2589; x_wconf 80' lang='lat' dir='ltr'><strong>Spiritum</strong></span> <span class='ocrx_word' id='word_1_327' title='bbox 852 2527 956 2581; x_wconf 86' lang='lat' dir='ltr'><strong>Dei</strong></span> <span class='ocrx_word' id='word_1_328' title='bbox 964 2529 1358 2585; x_wconf 83' lang='lat' dir='ltr'><strong>testimonium</strong></span> <span class='ocrx_word' id='word_1_329' title='bbox 1374 2531 1607 2588; x_wconf 82' lang='lat' dir='ltr'><strong>reddere</strong></span> <span class='ocrx_word' id='word_1_330' title='bbox 1620 2534 1855 2604; x_wconf 77' lang='lat' dir='ltr'><strong>spiritui</strong></span> <span class='ocrx_word' id='word_1_331' title='bbox 1866 2542 2069 2591; x_wconf 83' lang='lat' dir='ltr'><strong>nostra</strong></span> <span class='ocrx_word' id='word_1_332' title='bbox 2085 2536 2131 2606; x_wconf 85' lang='grc'><strong>(1</strong></span> <span class='ocrx_word' id='word_1_333' title='bbox 2144 2538 2162 2607; x_wconf 90' lang='grc'><strong>)</strong></span> <span class='ocrx_word' id='word_1_334' title='bbox 2173 2582 2185 2605; x_wconf 92' lang='grc'><strong>,</strong></span> 
     </span>
    </p>
   </div>
   <div class='ocr_carea' id='block_1_45' title="bbox 538 2618 2188 2682">
    <p class='ocr_par' dir='ltr' id='par_1_45' title="bbox 538 2618 2188 2682">
     <span class='ocr_line' id='line_1_45' title="bbox 538 2618 2188 2682; baseline 0.01 -17"><span class='ocrx_word' id='word_1_335' title='bbox 538 2626 735 2682; x_wconf 87' lang='lat' dir='ltr'><strong>neque</strong></span> <span class='ocrx_word' id='word_1_336' title='bbox 779 2627 920 2670; x_wconf 88' lang='lat' dir='ltr'><strong>vero</strong></span> <span class='ocrx_word' id='word_1_337' title='bbox 967 2626 1170 2672; x_wconf 88' lang='lat' dir='ltr'><strong>nostro</strong></span> <span class='ocrx_word' id='word_1_338' title='bbox 1213 2618 1433 2675; x_wconf 91' lang='lat' dir='ltr'><strong>iudicio</strong></span> <span class='ocrx_word' id='word_1_339' title='bbox 1477 2627 1678 2678; x_wconf 91' lang='lat' dir='ltr'><strong>nostra</strong></span> <span class='ocrx_word' id='word_1_340' title='bbox 1739 2624 2009 2679; x_wconf 90' lang='lat' dir='ltr'><strong>iudicari.</strong></span> <span class='ocrx_word' id='word_1_341' title='bbox 2055 2627 2188 2682; x_wconf 85' lang='lat' dir='ltr'><strong>Non</strong></span> 
     </span>
    </p>
   </div>
   <div class='ocr_carea' id='block_1_46' title="bbox 539 2701 2189 2782">
    <p class='ocr_par' dir='ltr' id='par_1_46' title="bbox 539 2701 2189 2782">
     <span class='ocr_line' id='line_1_46' title="bbox 539 2701 2189 2782; baseline 0.01 -27"><span class='ocrx_word' id='word_1_342' title='bbox 539 2702 717 2767; x_wconf 87' lang='lat' dir='ltr'><strong>enim,</strong></span> <span class='ocrx_word' id='word_1_343' title='bbox 738 2701 955 2774; x_wconf 90' lang='lat' dir='ltr'><strong>inquit,</strong></span> <span class='ocrx_word' id='word_1_344' title='bbox 969 2705 1073 2776; x_wconf 87' lang='lat' dir='ltr'><strong>qui</strong></span> <span class='ocrx_word' id='word_1_345' title='bbox 1086 2721 1146 2762; x_wconf 85' lang='lat' dir='ltr'><strong>se</strong></span> <span class='ocrx_word' id='word_1_346' title='bbox 1159 2706 1353 2776; x_wconf 78' lang='lat' dir='ltr'><strong>ipsum</strong></span> <span class='ocrx_word' id='word_1_347' title='bbox 1377 2713 1769 2780; x_wconf 82' lang='lat' dir='ltr'><strong>commendat,</strong></span> <span class='ocrx_word' id='word_1_348' title='bbox 1786 2714 1891 2769; x_wconf 82' lang='lat' dir='ltr'><strong>ille</strong></span> <span class='ocrx_word' id='word_1_349' title='bbox 1899 2716 2189 2782; x_wconf 83' lang='lat' dir='ltr'><strong>probatus</strong></span> 
     </span>
    </p>
   </div>
   <div class='ocr_carea' id='block_1_47' title="bbox 540 2789 2190 2872">
    <p class='ocr_par' dir='ltr' id='par_1_47' title="bbox 540 2789 2190 2872">
     <span class='ocr_line' id='line_1_47' title="bbox 540 2789 2190 2872; baseline 0.01 -29"><span class='ocrx_word' id='word_1_350' title='bbox 540 2789 673 2854; x_wconf 84' lang='lat' dir='ltr'><strong>erit,</strong></span> <span class='ocrx_word' id='word_1_351' title='bbox 687 2790 961 2863; x_wconf 85' lang='lat' dir='ltr'><strong>sedquem</strong></span> <span class='ocrx_word' id='word_1_352' title='bbox 986 2794 1140 2850; x_wconf 84' lang='lat' dir='ltr'><strong>Deus</strong></span> <span class='ocrx_word' id='word_1_353' title='bbox 1154 2799 1522 2856; x_wconf 80' lang='lat' dir='ltr'><strong>commendat</strong></span> <span class='ocrx_word' id='word_1_354' title='bbox 1547 2802 1644 2872; x_wconf 80' lang='lat'><strong>(2).</strong></span> <span class='ocrx_word' id='word_1_355' title='bbox 1664 2801 1772 2867; x_wconf 88' lang='lat' dir='ltr'><strong>Qui</strong></span> <span class='ocrx_word' id='word_1_356' title='bbox 1793 2819 1934 2858; x_wconf 89' lang='lat' dir='ltr'><strong>vero</strong></span> <span class='ocrx_word' id='word_1_357' title='bbox 1959 2820 2077 2859; x_wconf 89' lang='lat' dir='ltr'><strong>non</strong></span> <span class='ocrx_word' id='word_1_358' title='bbox 2094 2820 2190 2860; x_wconf 91' lang='lat' dir='ltr'><strong>ex-</strong></span> 
     </span>
    </p>
   </div>
   <div class='ocr_carea' id='block_1_48' title="bbox 540 2880 2191 2957">
    <p class='ocr_par' dir='ltr' id='par_1_48' title="bbox 540 2880 2191 2957">
     <span class='ocr_line' id='line_1_48' title="bbox 540 2880 2191 2957; baseline 0.01 -25"><span class='ocrx_word' id='word_1_359' title='bbox 540 2884 786 2948; x_wconf 87' lang='lat' dir='ltr'><strong>spectat,</strong></span> <span class='ocrx_word' id='word_1_360' title='bbox 807 2880 913 2937; x_wconf 86' lang='lat' dir='ltr'><strong>sed</strong></span> <span class='ocrx_word' id='word_1_361' title='bbox 934 2886 1240 2952; x_wconf 87' lang='lat' dir='ltr'><strong>praevenit</strong></span> <span class='ocrx_word' id='word_1_362' title='bbox 1264 2886 1419 2942; x_wconf 90' lang='lat' dir='ltr'><strong>illius</strong></span> <span class='ocrx_word' id='word_1_363' title='bbox 1440 2888 1750 2957; x_wconf 91' lang='lat' dir='ltr'><strong>iudicium,</strong></span> <span class='ocrx_word' id='word_1_364' title='bbox 1774 2892 1832 2947; x_wconf 90' lang='lat' dir='ltr'><strong>in</strong></span> <span class='ocrx_word' id='word_1_365' title='bbox 1855 2892 2191 2951; x_wconf 89' lang='lat' dir='ltr'><strong>humanam</strong></span> 
     </span>
    </p>
   </div>
   <div class='ocr_carea' id='block_1_49' title="bbox 540 2964 2192 3056">
    <p class='ocr_par' dir='ltr' id='par_1_49' title="bbox 540 2964 2192 3056">
     <span class='ocr_line' id='line_1_49' title="bbox 540 2964 2192 3056; baseline 0.014 -36"><span class='ocrx_word' id='word_1_366' title='bbox 540 2964 747 3023; x_wconf 90' lang='lat' dir='ltr'><strong>incidit</strong></span> <span class='ocrx_word' id='word_1_367' title='bbox 775 2968 1050 3039; x_wconf 88' lang='lat' dir='ltr'><strong>gloriam,</strong></span> <span class='ocrx_word' id='word_1_368' title='bbox 1085 2973 1373 3031; x_wconf 86' lang='lat' dir='ltr'><strong>honorem</strong></span> <span class='ocrx_word' id='word_1_369' title='bbox 1400 2976 1512 3032; x_wconf 93' lang='lat' dir='ltr'><strong>sibi</strong></span> <span class='ocrx_word' id='word_1_370' title='bbox 1545 2981 1707 3049; x_wconf 91' lang='lat' dir='ltr'><strong>apud</strong></span> <span class='ocrx_word' id='word_1_371' title='bbox 1729 2981 1935 3037; x_wconf 85' lang='lat' dir='ltr'><strong>fratres</strong></span> <span class='ocrx_word' id='word_1_372' title='bbox 1959 2999 2027 3039; x_wconf 88' lang='lat' dir='ltr'><strong>ex</strong></span> <span class='ocrx_word' id='word_1_373' title='bbox 2057 3002 2192 3056; x_wconf 89' lang='lat' dir='ltr'><strong>pro-</strong></span> 
     </span>
    </p>
   </div>
   <div class='ocr_carea' id='block_1_50' title="bbox 2291 1808 3901 1886">
    <p class='ocr_par' dir='ltr' id='par_1_50' title="bbox 2291 1808 3901 1886">
     <span class='ocr_line' id='line_1_50' title="bbox 2291 1808 3901 1886; baseline -0.01 -15"><span class='ocrx_word' id='word_1_374' title='bbox 2291 1818 2667 1881; x_wconf 81' lang='grc' dir='ltr'>ὑποσκελίζων,</span> <span class='ocrx_word' id='word_1_375' title='bbox 2727 1821 2814 1866; x_wconf 89' lang='grc' dir='ltr'><strong>νῦν</strong></span> <span class='ocrx_word' id='word_1_376' title='bbox 2851 1816 2941 1886; x_wconf 66' lang='grc' dir='ltr'>μὲν</span> <span class='ocrx_word' id='word_1_377' title='bbox 2982 1810 3151 1886; x_wconf 79' lang='grc' dir='ltr'>βαρέα</span> <span class='ocrx_word' id='word_1_378' title='bbox 3189 1809 3464 1882; x_wconf 87' lang='grc' dir='ltr'>φαίνεσθαι</span> <span class='ocrx_word' id='word_1_379' title='bbox 3502 1814 3662 1859; x_wconf 88' lang='grc' dir='ltr'>ποιῶν</span> <span class='ocrx_word' id='word_1_380' title='bbox 3698 1808 3768 1857; x_wconf 85' lang='grc' dir='ltr'><strong>τά</strong></span> <span class='ocrx_word' id='word_1_381' title='bbox 3801 1813 3901 1866; x_wconf 81' lang='grc' dir='ltr'>τῆς</span> 
     </span>
    </p>
   </div>
   <div class='ocr_carea' id='block_1_51' title="bbox 2289 1891 3905 1982">
    <p class='ocr_par' dir='ltr' id='par_1_51' title="bbox 2289 1891 3905 1982">
     <span class='ocr_line' id='line_1_51' title="bbox 2289 1891 3905 1982; baseline -0.01 -21"><span class='ocrx_word' id='word_1_382' title='bbox 2289 1916 2496 1982; x_wconf 86' lang='grc' dir='ltr'>γραφῆς</span> <span class='ocrx_word' id='word_1_383' title='bbox 2525 1906 2857 1977; x_wconf 75' lang='grc' dir='ltr'>ἐπιτάγματα</span> <span class='ocrx_word' id='word_1_384' title='bbox 2910 1906 3000 1955; x_wconf 85' lang='grc' dir='ltr'><strong>καὶ</strong></span> <span class='ocrx_word' id='word_1_385' title='bbox 3030 1901 3240 1971; x_wconf 72' lang='grc' dir='ltr'>ἐπαχθῆ</span> <span class='ocrx_word' id='word_1_386' title='bbox 3274 1902 3368 1956; x_wconf 80' lang='grc' dir='ltr'>τὴν</span> <span class='ocrx_word' id='word_1_387' title='bbox 3400 1896 3467 1957; x_wconf 84' lang='grc' dir='ltr'><strong>εἰς</strong></span> <span class='ocrx_word' id='word_1_388' title='bbox 3494 1900 3616 1957; x_wconf 81' lang='grc' dir='ltr'>τοὺς</span> <span class='ocrx_word' id='word_1_389' title='bbox 3646 1891 3905 1967; x_wconf 81' lang='grc' dir='ltr'>ἀδελφοὺς</span> 
     </span>
    </p>
   </div>
   <div class='ocr_carea' id='block_1_52' title="bbox 2294 1985 3903 2073">
    <p class='ocr_par' dir='ltr' id='par_1_52' title="bbox 2294 1985 3903 2073">
     <span class='ocr_line' id='line_1_52' title="bbox 2294 1985 3903 2073; baseline -0.011 -22"><span class='ocrx_word' id='word_1_390' title='bbox 2294 2001 2587 2073; x_wconf 85' lang='grc' dir='ltr'>θεραπείαν,</span> <span class='ocrx_word' id='word_1_391' title='bbox 2627 2001 2713 2047; x_wconf 83' lang='grc' dir='ltr'><strong>νῦν</strong></span> <span class='ocrx_word' id='word_1_392' title='bbox 2746 1990 2805 2046; x_wconf 72' lang='grc' dir='ltr'>δὲ</span> <span class='ocrx_word' id='word_1_393' title='bbox 2857 1992 3083 2063; x_wconf 76' lang='grc' dir='ltr'>ἐπαίρων</span> <span class='ocrx_word' id='word_1_394' title='bbox 3131 1987 3201 2050; x_wconf 85' lang='grc' dir='ltr'><strong>εἰς</strong></span> <span class='ocrx_word' id='word_1_395' title='bbox 3243 1986 3542 2073; x_wconf 74' lang='grc' dir='ltr'>ἀλαζονείαν</span> <span class='ocrx_word' id='word_1_396' title='bbox 3587 1985 3618 2043; x_wconf 80' lang='grc' dir='ltr'>ἢ</span> <span class='ocrx_word' id='word_1_397' title='bbox 3674 1990 3833 2057; x_wconf 87' lang='grc' dir='ltr'>τῦφον</span> <span class='ocrx_word' id='word_1_398' title='bbox 3857 1985 3903 2054; x_wconf 80' lang='grc'><strong>⁸)</strong></span> 
     </span>
    </p>
   </div>
   <div class='ocr_carea' id='block_1_53' title="bbox 2294 2070 3901 2149">
    <p class='ocr_par' dir='ltr' id='par_1_53' title="bbox 2294 2070 3901 2149">
     <span class='ocr_line' id='line_1_53' title="bbox 2294 2070 3901 2149; baseline -0.01 -10"><span class='ocrx_word' id='word_1_399' title='bbox 2294 2070 2380 2139; x_wconf 83' lang='grc' dir='ltr'>ἀπ’</span> <span class='ocrx_word' id='word_1_400' title='bbox 2431 2085 2594 2146; x_wconf 82' lang='grc' dir='ltr'>αὐτῆς</span> <span class='ocrx_word' id='word_1_401' title='bbox 2637 2090 2730 2144; x_wconf 83' lang='grc' dir='ltr'>τῆς</span> <span class='ocrx_word' id='word_1_402' title='bbox 2776 2080 2846 2144; x_wconf 85' lang='grc' dir='ltr'><strong>εἰς</strong></span> <span class='ocrx_word' id='word_1_403' title='bbox 2878 2083 2997 2141; x_wconf 84' lang='grc' dir='ltr'>τοὺς</span> <span class='ocrx_word' id='word_1_404' title='bbox 3046 2074 3365 2149; x_wconf 80' lang='grc' dir='ltr'>ὁμοδούλους</span> <span class='ocrx_word' id='word_1_405' title='bbox 3389 2074 3437 2143; x_wconf 85' lang='grc'><strong>⁴)</strong></span> <span class='ocrx_word' id='word_1_406' title='bbox 3470 2070 3758 2142; x_wconf 80' lang='grc' dir='ltr'>διακονίας,</span> <span class='ocrx_word' id='word_1_407' title='bbox 3809 2080 3901 2129; x_wconf 79' lang='grc' dir='ltr'>καὶ</span> 
     </span>
    </p>
   </div>
   <div class='ocr_carea' id='block_1_54' title="bbox 2291 2161 3900 2239">
    <p class='ocr_par' dir='ltr' id='par_1_54' title="bbox 2291 2161 3900 2239">
     <span class='ocr_line' id='line_1_54' title="bbox 2291 2161 3900 2239; baseline -0.009 -11"><span class='ocrx_word' id='word_1_408' title='bbox 2291 2177 2480 2229; x_wconf 90' lang='grc' dir='ltr'>πείθων</span> <span class='ocrx_word' id='word_1_409' title='bbox 2536 2173 2712 2237; x_wconf 88' lang='grc' dir='ltr'>αύτόν,</span> <span class='ocrx_word' id='word_1_410' title='bbox 2767 2174 2855 2236; x_wconf 88' lang='grc' dir='ltr'>ὡς,</span> <span class='ocrx_word' id='word_1_411' title='bbox 2926 2171 3007 2221; x_wconf 85' lang='grc' dir='ltr'>ὃτι</span> <span class='ocrx_word' id='word_1_412' title='bbox 3061 2166 3329 2239; x_wconf 78' lang='grc' dir='ltr'>ἐπλήρωσε</span> <span class='ocrx_word' id='word_1_413' title='bbox 3385 2166 3479 2225; x_wconf 91' lang='grc' dir='ltr'><strong>τάς</strong></span> <span class='ocrx_word' id='word_1_414' title='bbox 3531 2161 3737 2223; x_wconf 74' lang='grc' dir='ltr'>ἐντολὰς</span> <span class='ocrx_word' id='word_1_415' title='bbox 3807 2169 3900 2214; x_wconf 88' lang='grc' dir='ltr'><strong>τοῦ</strong></span> 
     </span>
    </p>
   </div>
   <div class='ocr_carea' id='block_1_55' title="bbox 2292 2247 3899 2339">
    <p class='ocr_par' dir='ltr' id='par_1_55' title="bbox 2292 2247 3899 2339">
     <span class='ocr_line' id='line_1_55' title="bbox 2292 2247 3899 2339; baseline -0.008 -23"><span class='ocrx_word' id='word_1_416' title='bbox 2292 2269 2498 2339; x_wconf 87' lang='grc' dir='ltr'>κυρίου,</span> <span class='ocrx_word' id='word_1_417' title='bbox 2552 2266 2642 2313; x_wconf 83' lang='grc' dir='ltr'><strong>καὶ</strong></span> <span class='ocrx_word' id='word_1_418' title='bbox 2694 2262 2803 2312; x_wconf 77' lang='grc' dir='ltr'>ἔστι</span> <span class='ocrx_word' id='word_1_419' title='bbox 2854 2262 3015 2331; x_wconf 74' lang='grc' dir='ltr'>μέγας</span> <span class='ocrx_word' id='word_1_420' title='bbox 3064 2254 3112 2307; x_wconf 83' lang='grc' dir='ltr'>ἐν</span> <span class='ocrx_word' id='word_1_421' title='bbox 3164 2254 3420 2328; x_wconf 81' lang='grc' dir='ltr'>οὐρανοῖς.</span> <span class='ocrx_word' id='word_1_422' title='bbox 3484 2251 3543 2304; x_wconf 83' lang='grc' dir='ltr'><strong>ού</strong></span> <span class='ocrx_word' id='word_1_423' title='bbox 3590 2254 3779 2339; x_wconf 75' lang='grc' dir='ltr'>μικρὸν</span> <span class='ocrx_word' id='word_1_424' title='bbox 3841 2247 3899 2303; x_wconf 73' lang='grc' dir='ltr'><strong>δε</strong></span> 
     </span>
    </p>
   </div>
   <div class='ocr_carea' id='block_1_56' title="bbox 2295 2336 3902 2422">
    <p class='ocr_par' dir='ltr' id='par_1_56' title="bbox 2295 2336 3902 2422">
     <span class='ocr_line' id='line_1_56' title="bbox 2295 2336 3902 2422; baseline -0.009 -16"><span class='ocrx_word' id='word_1_425' title='bbox 2295 2336 2446 2406; x_wconf 87' lang='grc' dir='ltr'>τοῦτο</span> <span class='ocrx_word' id='word_1_426' title='bbox 2490 2348 2763 2422; x_wconf 86' lang='grc' dir='ltr'>ἀδίκημα·</span> <span class='ocrx_word' id='word_1_427' title='bbox 2807 2344 2889 2401; x_wconf 88' lang='grc' dir='ltr'>δεῖ</span> <span class='ocrx_word' id='word_1_428' title='bbox 2938 2348 3039 2420; x_wconf 86' lang='grc' dir='ltr'><strong>γὰρ</strong></span> <span class='ocrx_word' id='word_1_429' title='bbox 3086 2347 3173 2397; x_wconf 86' lang='grc' dir='ltr'>τὸν</span> <span class='ocrx_word' id='word_1_430' title='bbox 3221 2346 3395 2395; x_wconf 78' lang='grc' dir='ltr'>εὔνουν</span> <span class='ocrx_word' id='word_1_431' title='bbox 3467 2346 3558 2393; x_wconf 85' lang='grc' dir='ltr'>καὶ</span> <span class='ocrx_word' id='word_1_432' title='bbox 3609 2336 3902 2394; x_wconf 86' lang='grc' dir='ltr'>σπουδαῖον</span> 
     </span>
    </p>
   </div>
   <div class='ocr_carea' id='block_1_57' title="bbox 2298 2431 3903 2510">
    <p class='ocr_par' dir='ltr' id='par_1_57' title="bbox 2298 2431 3903 2510">
     <span class='ocr_line' id='line_1_57' title="bbox 2298 2431 3903 2510; baseline -0.009 -15"><span class='ocrx_word' id='word_1_433' title='bbox 2298 2440 2483 2496; x_wconf 88' lang='grc' dir='ltr'>δοῦλον</span> <span class='ocrx_word' id='word_1_434' title='bbox 2521 2448 2591 2510; x_wconf 85' lang='grc' dir='ltr'>τῷ</span> <span class='ocrx_word' id='word_1_435' title='bbox 2634 2435 2860 2495; x_wconf 89' lang='grc' dir='ltr'>δεσπότη</span> <span class='ocrx_word' id='word_1_436' title='bbox 2893 2436 3154 2488; x_wconf 79' lang='grc' dir='ltr'>πιστεύειν</span> <span class='ocrx_word' id='word_1_437' title='bbox 3202 2439 3298 2493; x_wconf 82' lang='grc' dir='ltr'>τῆς</span> <span class='ocrx_word' id='word_1_438' title='bbox 3327 2431 3525 2492; x_wconf 77' lang='grc' dir='ltr'>εὐνοίας</span> <span class='ocrx_word' id='word_1_439' title='bbox 3572 2434 3666 2488; x_wconf 73' lang='grc' dir='ltr'>τὴν</span> <span class='ocrx_word' id='word_1_440' title='bbox 3698 2434 3903 2504; x_wconf 84' lang='grc' dir='ltr'>κρίσιν,</span> 
     </span>
    </p>
   </div>
   <div class='ocr_carea' id='block_1_58' title="bbox 2296 2515 3907 2602">
    <p class='ocr_par' dir='ltr' id='par_1_58' title="bbox 2296 2515 3907 2602">
     <span class='ocr_line' id='line_1_58' title="bbox 2296 2515 3907 2602; baseline -0.009 -18"><span class='ocrx_word' id='word_1_441' title='bbox 2296 2532 2426 2585; x_wconf 88' lang='grc' dir='ltr'><strong>ἀλλά</strong></span> <span class='ocrx_word' id='word_1_442' title='bbox 2478 2534 2549 2602; x_wconf 77' lang='grc' dir='ltr'>μή</span> <span class='ocrx_word' id='word_1_443' title='bbox 2606 2528 2759 2581; x_wconf 80' lang='grc' dir='ltr'>αὐτὸν</span> <span class='ocrx_word' id='word_1_444' title='bbox 2784 2527 2829 2594; x_wconf 82' lang='grc'><strong>⁸)</strong></span> <span class='ocrx_word' id='word_1_445' title='bbox 2883 2523 2995 2577; x_wconf 83' lang='grc' dir='ltr'>ἀντὶ</span> <span class='ocrx_word' id='word_1_446' title='bbox 3050 2530 3140 2575; x_wconf 87' lang='grc' dir='ltr'><strong>τοῦ</strong></span> <span class='ocrx_word' id='word_1_447' title='bbox 3195 2518 3457 2575; x_wconf 85' lang='grc' dir='ltr'>δεσπότου</span> <span class='ocrx_word' id='word_1_448' title='bbox 3506 2515 3771 2577; x_wconf 74' lang='grc' dir='ltr'>δικαστὴν</span> <span class='ocrx_word' id='word_1_449' title='bbox 3816 2523 3907 2571; x_wconf 84' lang='grc' dir='ltr'>καὶ</span> 
     </span>
    </p>
   </div>
   <div class='ocr_carea' id='block_1_59' title="bbox 2299 2608 3906 2683">
    <p class='ocr_par' dir='ltr' id='par_1_59' title="bbox 2299 2608 3906 2683">
     <span class='ocr_line' id='line_1_59' title="bbox 2299 2608 3906 2683; baseline -0.009 -10"><span class='ocrx_word' id='word_1_450' title='bbox 2299 2623 2565 2676; x_wconf 71' lang='grc' dir='ltr'>ἐπαινέτην</span> <span class='ocrx_word' id='word_1_451' title='bbox 2618 2624 2709 2675; x_wconf 87' lang='grc' dir='ltr'>τῆς</span> <span class='ocrx_word' id='word_1_452' title='bbox 2762 2616 2922 2666; x_wconf 84' lang='grc' dir='ltr'>αὑτοῦ</span> <span class='ocrx_word' id='word_1_453' title='bbox 2972 2614 3015 2683; x_wconf 74' lang='grc' dir='ltr'><strong>δ)</strong></span> <span class='ocrx_word' id='word_1_454' title='bbox 3072 2612 3315 2683; x_wconf 80' lang='grc' dir='ltr'>γενέσθαι</span> <span class='ocrx_word' id='word_1_455' title='bbox 3373 2608 3651 2668; x_wconf 86' lang='grc' dir='ltr'>πολιτείας.</span> <span class='ocrx_word' id='word_1_456' title='bbox 3711 2612 3758 2660; x_wconf 86' lang='grc' dir='ltr'>εὶ</span> <span class='ocrx_word' id='word_1_457' title='bbox 3805 2609 3906 2677; x_wconf 79' lang='grc' dir='ltr'>γὰρ</span> 
     </span>
    </p>
   </div>
   <div class='ocr_carea' id='block_1_60' title="bbox 2300 2698 3903 2778">
    <p class='ocr_par' dir='ltr' id='par_1_60' title="bbox 2300 2698 3903 2778">
     <span class='ocr_line' id='line_1_60' title="bbox 2300 2698 3903 2778; baseline -0.009 -16"><span class='ocrx_word' id='word_1_458' title='bbox 2300 2708 2452 2769; x_wconf 85' lang='grc' dir='ltr'>αύτὸς</span> <span class='ocrx_word' id='word_1_459' title='bbox 2523 2711 2721 2778; x_wconf 87' lang='grc' dir='ltr'>γένοιτο</span> <span class='ocrx_word' id='word_1_460' title='bbox 2783 2706 2986 2775; x_wconf 76' lang='grc' dir='ltr'>κριτής,</span> <span class='ocrx_word' id='word_1_461' title='bbox 3042 2704 3131 2754; x_wconf 90' lang='grc' dir='ltr'>τὸν</span> <span class='ocrx_word' id='word_1_462' title='bbox 3207 2698 3448 2757; x_wconf 89' lang='grc' dir='ltr'>ἀληθινὸν</span> <span class='ocrx_word' id='word_1_463' title='bbox 3509 2698 3903 2773; x_wconf 78' lang='grc' dir='ltr'>παρωσάμενος,</span> 
     </span>
    </p>
   </div>
   <div class='ocr_carea' id='block_1_61' title="bbox 2301 2789 3910 2867">
    <p class='ocr_par' dir='ltr' id='par_1_61' title="bbox 2301 2789 3910 2867">
     <span class='ocr_line' id='line_1_61' title="bbox 2301 2789 3910 2867; baseline -0.008 -16"><span class='ocrx_word' id='word_1_464' title='bbox 2301 2796 2424 2851; x_wconf 75' lang='grc' dir='ltr'>οὐδε</span> <span class='ocrx_word' id='word_1_465' title='bbox 2473 2800 2559 2849; x_wconf 85' lang='grc' dir='ltr'>τὸν</span> <span class='ocrx_word' id='word_1_466' title='bbox 2589 2797 2776 2867; x_wconf 86' lang='grc' dir='ltr'>μισθὸν</span> <span class='ocrx_word' id='word_1_467' title='bbox 2809 2791 2996 2845; x_wconf 76' lang='grc' dir='ltr'>ἐκεῖθεν</span> <span class='ocrx_word' id='word_1_468' title='bbox 3024 2790 3141 2857; x_wconf 83' lang='grc' dir='ltr'>ἕξει,</span> <span class='ocrx_word' id='word_1_469' title='bbox 3175 2792 3275 2864; x_wconf 85' lang='grc' dir='ltr'>πρὸ</span> <span class='ocrx_word' id='word_1_470' title='bbox 3323 2797 3419 2849; x_wconf 82' lang='grc' dir='ltr'>τῆς</span> <span class='ocrx_word' id='word_1_471' title='bbox 3456 2789 3650 2840; x_wconf 75' lang='grc' dir='ltr'>ἐκείνου</span> <span class='ocrx_word' id='word_1_472' title='bbox 3686 2790 3910 2862; x_wconf 86' lang='grc' dir='ltr'>κρίσεως</span> 
     </span>
    </p>
   </div>
   <div class='ocr_carea' id='block_1_62' title="bbox 2303 2875 3892 2958">
    <p class='ocr_par' dir='ltr' id='par_1_62' title="bbox 2303 2875 3892 2958">
     <span class='ocr_line' id='line_1_62' title="bbox 2303 2875 3892 2958; baseline -0.01 -16"><span class='ocrx_word' id='word_1_473' title='bbox 2303 2890 2483 2942; x_wconf 81' lang='grc' dir='ltr'>ἑαυτὸν</span> <span class='ocrx_word' id='word_1_474' title='bbox 2504 2887 2550 2958; x_wconf 80' lang='grc'><strong>⁷)</strong></span> <span class='ocrx_word' id='word_1_475' title='bbox 2597 2892 2700 2945; x_wconf 89' lang='grc' dir='ltr'>τοῖς</span> <span class='ocrx_word' id='word_1_476' title='bbox 2748 2882 2975 2941; x_wconf 71' lang='grc' dir='ltr'>ἱπαίνοις</span> <span class='ocrx_word' id='word_1_477' title='bbox 3020 2885 3111 2932; x_wconf 85' lang='grc' dir='ltr'>καὶ</span> <span class='ocrx_word' id='word_1_478' title='bbox 3148 2886 3210 2952; x_wconf 72' lang='grc' dir='ltr'>τῇ</span> <span class='ocrx_word' id='word_1_479' title='bbox 3261 2878 3430 2937; x_wconf 76' lang='grc' dir='ltr'>οἰήσει</span> <span class='ocrx_word' id='word_1_480' title='bbox 3485 2875 3892 2948; x_wconf 83' lang='grc' dir='ltr'>ἀποπληρώσας.</span> 
     </span>
    </p>
   </div>
   <div class='ocr_carea' id='block_1_63' title="bbox 2305 2967 3910 3050">
    <p class='ocr_par' dir='ltr' id='par_1_63' title="bbox 2305 2967 3910 3050">
     <span class='ocr_line' id='line_1_63' title="bbox 2305 2967 3910 3050; baseline -0.009 -19"><span class='ocrx_word' id='word_1_481' title='bbox 2305 2976 2389 3032; x_wconf 88' lang='grc' dir='ltr'><strong>δεῖ</strong></span> <span class='ocrx_word' id='word_1_482' title='bbox 2412 2979 2514 3050; x_wconf 86' lang='grc' dir='ltr'><strong>γάρ</strong></span> <span class='ocrx_word' id='word_1_483' title='bbox 2539 2978 2673 3027; x_wconf 87' lang='grc' dir='ltr'><strong>κατά</strong></span> <span class='ocrx_word' id='word_1_484' title='bbox 2701 2977 2758 3025; x_wconf 89' lang='grc' dir='ltr'>τὸ</span> <span class='ocrx_word' id='word_1_485' title='bbox 2787 2972 2960 3043; x_wconf 86' lang='grc' dir='ltr'>λόγιον</span> <span class='ocrx_word' id='word_1_486' title='bbox 2984 2969 3190 3023; x_wconf 83' lang='grc' dir='ltr'>Παύλου</span> <span class='ocrx_word' id='word_1_487' title='bbox 3221 2972 3288 3021; x_wconf 85' lang='grc' dir='ltr'>τὸ</span> <span class='ocrx_word' id='word_1_488' title='bbox 3329 2974 3577 3040; x_wconf 85' lang='grc' dir='ltr'>πνεῦμα</span> <span class='ocrx_word' id='word_1_489' title='bbox 3614 2973 3722 3018; x_wconf 88' lang='grc' dir='ltr'><strong>τοῦ</strong></span> <span class='ocrx_word' id='word_1_490' title='bbox 3762 2967 3910 3018; x_wconf 86' lang='grc' dir='ltr'>θεοῦ</span> 
     </span>
    </p>
   </div>
   <div class='ocr_carea' id='block_1_64' title="bbox 545 3054 2186 3157">
    <p class='ocr_par' dir='ltr' id='par_1_64' title="bbox 545 3054 2186 3138">
     <span class='ocr_line' id='line_1_64' title="bbox 545 3054 2186 3138; baseline 0.013 -28"><span class='ocrx_word' id='word_1_491' title='bbox 545 3056 685 3126; x_wconf 89' lang='lat' dir='ltr'><strong>priis</strong></span> <span class='ocrx_word' id='word_1_492' title='bbox 724 3057 1031 3117; x_wconf 90' lang='lat' dir='ltr'><strong>laboribus</strong></span> <span class='ocrx_word' id='word_1_493' title='bbox 1062 3077 1379 3133; x_wconf 86' lang='lat' dir='ltr'><strong>quaerens,</strong></span> <span class='ocrx_word' id='word_1_494' title='bbox 1421 3071 1475 3122; x_wconf 89' lang='lat' dir='ltr'><strong>et</strong></span> <span class='ocrx_word' id='word_1_495' title='bbox 1506 3082 1689 3138; x_wconf 89' lang='lat' dir='ltr'><strong>opera</strong></span> <span class='ocrx_word' id='word_1_496' title='bbox 1729 3054 2071 3130; x_wconf 87' lang='lat' dir='ltr'><strong>inﬁdelium</strong></span> <span class='ocrx_word' id='word_1_497' title='bbox 2100 3075 2186 3131; x_wconf 81' lang='lat' dir='ltr'><strong>fa-</strong></span> 
     </span>
    </p>
   </div>
   <div class='ocr_carea' id='block_1_65' title="bbox 2297 3054 3907 3157">
    <p class='ocr_par' dir='ltr' id='par_1_65' title="bbox 2306 3054 3907 3157">
     <span class='ocr_line' id='line_1_65' title="bbox 2306 3054 3907 3157; baseline -0.009 -36"><span class='ocrx_word' id='word_1_498' title='bbox 2306 3069 2791 3140; x_wconf 87' lang='grc' dir='ltr'>συμμαρτυρεῖν</span> <span class='ocrx_word' id='word_1_499' title='bbox 2832 3068 2914 3131; x_wconf 87' lang='grc' dir='ltr'>τῷ</span> <span class='ocrx_word' id='word_1_500' title='bbox 2954 3061 3275 3157; x_wconf 66' lang='grc' dir='ltr'>πνεύματι</span> <span class='ocrx_word' id='word_1_501' title='bbox 3314 3058 3508 3157; x_wconf 57' lang='grc' dir='ltr'>ἡμῶν,</span> <span class='ocrx_word' id='word_1_502' title='bbox 3565 3054 3907 3157; x_wconf 30' lang='lat' dir='ltr'><strong>enim};</strong></span> 
     </span>
    </p>
   </div>
   <div class='ocr_carea' id='block_1_66' title="bbox 541 3144 2193 3235">
    <p class='ocr_par' dir='ltr' id='par_1_66' title="bbox 541 3144 2193 3235">
     <span class='ocr_line' id='line_1_66' title="bbox 541 3144 2193 3235; baseline 0.012 -35"><span class='ocrx_word' id='word_1_503' title='bbox 541 3144 722 3201; x_wconf 89' lang='lat' dir='ltr'><strong>ciens.</strong></span> <span class='ocrx_word' id='word_1_504' title='bbox 752 3146 1010 3205; x_wconf 87' lang='lat' dir='ltr'><strong>lnﬁdelis</strong></span> <span class='ocrx_word' id='word_1_505' title='bbox 1032 3151 1191 3208; x_wconf 90' lang='lat' dir='ltr'><strong>enim</strong></span> <span class='ocrx_word' id='word_1_506' title='bbox 1213 3159 1321 3219; x_wconf 86' lang='lat' dir='ltr'><strong>est,</strong></span> <span class='ocrx_word' id='word_1_507' title='bbox 1349 3156 1451 3226; x_wconf 91' lang='lat' dir='ltr'><strong>qui</strong></span> <span class='ocrx_word' id='word_1_508' title='bbox 1472 3156 1774 3214; x_wconf 90' lang='lat' dir='ltr'><strong>humanos</strong></span> <span class='ocrx_word' id='word_1_509' title='bbox 1798 3159 2060 3218; x_wconf 89' lang='lat' dir='ltr'><strong>honores</strong></span> <span class='ocrx_word' id='word_1_510' title='bbox 2086 3180 2193 3235; x_wconf 91' lang='lat' dir='ltr'><strong>pro</strong></span> 
     </span>
    </p>
   </div>
   <div class='ocr_carea' id='block_1_67' title="bbox 542 3234 2192 3314">
    <p class='ocr_par' dir='ltr' id='par_1_67' title="bbox 542 3234 2192 3314">
     <span class='ocr_line' id='line_1_67' title="bbox 542 3234 2192 3314; baseline 0.015 -26"><span class='ocrx_word' id='word_1_511' title='bbox 542 3234 896 3292; x_wconf 85' lang='lat' dir='ltr'><strong>coelestibus</strong></span> <span class='ocrx_word' id='word_1_512' title='bbox 919 3244 1197 3296; x_wconf 89' lang='lat' dir='ltr'><strong>sectatur.</strong></span> <span class='ocrx_word' id='word_1_513' title='bbox 1223 3243 1292 3298; x_wconf 94' lang='lat' dir='ltr'><strong>Ut</strong></span> <span class='ocrx_word' id='word_1_514' title='bbox 1309 3243 1437 3314; x_wconf 90' lang='lat' dir='ltr'><strong>ipse</strong></span> <span class='ocrx_word' id='word_1_515' title='bbox 1464 3244 1679 3302; x_wconf 90' lang='lat' dir='ltr'><strong>alicubi</strong></span> <span class='ocrx_word' id='word_1_516' title='bbox 1706 3249 1991 3305; x_wconf 89' lang='lat' dir='ltr'><strong>Dominus</strong></span> <span class='ocrx_word' id='word_1_517' title='bbox 2013 3234 2192 3312; x_wconf 86' lang='lat' dir='ltr'><strong>dicit:</strong></span> 
     </span>
    </p>
   </div>
   <div class='ocr_carea' id='block_1_68' title="bbox 547 3322 2198 3403">
    <p class='ocr_par' dir='ltr' id='par_1_68' title="bbox 547 3322 2198 3403">
     <span class='ocr_line' id='line_1_68' title="bbox 547 3322 2198 3403; baseline 0.013 -27"><span class='ocrx_word' id='word_1_518' title='bbox 547 3322 839 3389; x_wconf 83' lang='lat' dir='ltr'><strong>Quomodo</strong></span> <span class='ocrx_word' id='word_1_519' title='bbox 854 3342 951 3382; x_wconf 82' lang='lat' dir='ltr'><strong>vos</strong></span> <span class='ocrx_word' id='word_1_520' title='bbox 961 3331 1196 3397; x_wconf 80' lang='lat' dir='ltr'><strong>potestis</strong></span> <span class='ocrx_word' id='word_1_521' title='bbox 1209 3332 1463 3401; x_wconf 83' lang='lat' dir='ltr'><strong>credere,</strong></span> <span class='ocrx_word' id='word_1_522' title='bbox 1480 3335 1579 3403; x_wconf 87' lang='lat' dir='ltr'><strong>qui</strong></span> <span class='ocrx_word' id='word_1_523' title='bbox 1589 3337 1847 3401; x_wconf 80' lang='lat' dir='ltr'><strong>gloriam</strong></span> <span class='ocrx_word' id='word_1_524' title='bbox 1859 3339 1934 3394; x_wconf 84' lang='lat' dir='ltr'><strong>ab</strong></span> <span class='ocrx_word' id='word_1_525' title='bbox 1950 3341 2198 3397; x_wconf 81' lang='lat' dir='ltr'><strong>invicem</strong></span> 
     </span>
    </p>
   </div>
   <div class='ocr_carea' id='block_1_69' title="bbox 547 3412 2199 3500">
    <p class='ocr_par' dir='ltr' id='par_1_69' title="bbox 547 3412 2199 3500">
     <span class='ocr_line' id='line_1_69' title="bbox 547 3412 2199 3500; baseline 0.012 -34"><span class='ocrx_word' id='word_1_526' title='bbox 547 3412 834 3481; x_wconf 74' lang='lat' dir='ltr'><strong>accipitis,</strong></span> <span class='ocrx_word' id='word_1_527' title='bbox 859 3418 1208 3486; x_wconf 83' lang='lat' dir='ltr'><strong>etgloriam,</strong></span> <span class='ocrx_word' id='word_1_528' title='bbox 1233 3435 1386 3490; x_wconf 85' lang='lat' dir='ltr'><strong>quae</strong></span> <span class='ocrx_word' id='word_1_529' title='bbox 1407 3424 1585 3478; x_wconf 84' lang='lat' dir='ltr'><strong>asolo</strong></span> <span class='ocrx_word' id='word_1_530' title='bbox 1611 3426 1727 3480; x_wconf 89' lang='lat' dir='ltr'><strong>Deo</strong></span> <span class='ocrx_word' id='word_1_531' title='bbox 1750 3432 1855 3494; x_wconf 84' lang='lat' dir='ltr'><strong>est,</strong></span> <span class='ocrx_word' id='word_1_532' title='bbox 1874 3444 1993 3483; x_wconf 87' lang='lat' dir='ltr'><strong>non</strong></span> <span class='ocrx_word' id='word_1_533' title='bbox 2023 3445 2199 3500; x_wconf 81' lang='lat' dir='ltr'><strong>quae-</strong></span> 
     </span>
    </p>
   </div>
   <div class='ocr_carea' id='block_1_70' title="bbox 549 3500 2199 3589">
    <p class='ocr_par' dir='ltr' id='par_1_70' title="bbox 549 3500 2199 3589">
     <span class='ocr_line' id='line_1_70' title="bbox 549 3500 2199 3589; baseline 0.012 -35"><span class='ocrx_word' id='word_1_534' title='bbox 549 3500 681 3555; x_wconf 76' lang='lat' dir='ltr'><strong>ritis</strong></span> <span class='ocrx_word' id='word_1_535' title='bbox 705 3503 788 3571; x_wconf 90' lang='lat'><strong>(3)</strong></span> <span class='ocrx_word' id='word_1_536' title='bbox 809 3502 838 3556; x_wconf 72' lang='lat' dir='ltr'><strong>‘f</strong></span> <span class='ocrx_word' id='word_1_537' title='bbox 856 3504 929 3557; x_wconf 89' lang='lat' dir='ltr'><strong>Iis</strong></span> <span class='ocrx_word' id='word_1_538' title='bbox 955 3505 1181 3578; x_wconf 89' lang='lat' dir='ltr'><strong>quippe</strong></span> <span class='ocrx_word' id='word_1_539' title='bbox 1206 3507 1429 3563; x_wconf 86' lang='lat' dir='ltr'><strong>similes</strong></span> <span class='ocrx_word' id='word_1_540' title='bbox 1454 3526 1582 3566; x_wconf 91' lang='lat' dir='ltr'><strong>esse</strong></span> <span class='ocrx_word' id='word_1_541' title='bbox 1608 3514 1751 3568; x_wconf 89' lang='lat' dir='ltr'><strong>mihi</strong></span> <span class='ocrx_word' id='word_1_542' title='bbox 1776 3515 2067 3581; x_wconf 88' lang='lat' dir='ltr'><strong>videntur,</strong></span> <span class='ocrx_word' id='word_1_543' title='bbox 2094 3520 2199 3589; x_wconf 88' lang='lat' dir='ltr'><strong>qui</strong></span> 
     </span>
    </p>
   </div>
   <div class='ocr_carea' id='block_1_71' title="bbox 552 3590 2199 3673">
    <p class='ocr_par' dir='ltr' id='par_1_71' title="bbox 552 3590 2199 3673">
     <span class='ocr_line' id='line_1_71' title="bbox 552 3590 2199 3673; baseline 0.013 -29"><span class='ocrx_word' id='word_1_544' title='bbox 552 3590 867 3657; x_wconf 83' lang='lat' dir='ltr'><strong>mundant,</strong></span> <span class='ocrx_word' id='word_1_545' title='bbox 882 3594 1041 3662; x_wconf 88' lang='lat' dir='ltr'><strong>quod</strong></span> <span class='ocrx_word' id='word_1_546' title='bbox 1051 3595 1273 3665; x_wconf 79' lang='lat' dir='ltr'><strong>deforis</strong></span> <span class='ocrx_word' id='word_1_547' title='bbox 1287 3605 1366 3653; x_wconf 87' lang='lat' dir='ltr'><strong>est</strong></span> <span class='ocrx_word' id='word_1_548' title='bbox 1381 3600 1585 3655; x_wconf 79' lang='lat' dir='ltr'><strong>calicis</strong></span> <span class='ocrx_word' id='word_1_549' title='bbox 1598 3608 1649 3656; x_wconf 84' lang='lat' dir='ltr'><strong>et</strong></span> <span class='ocrx_word' id='word_1_550' title='bbox 1659 3607 2022 3673; x_wconf 81' lang='lat' dir='ltr'><strong>paropsidis,</strong></span> <span class='ocrx_word' id='word_1_551' title='bbox 2040 3610 2199 3665; x_wconf 81' lang='lat' dir='ltr'><strong>intus</strong></span> 
     </span>
    </p>
   </div>
   <div class='ocr_carea' id='block_1_72' title="bbox 552 3681 2202 3767">
    <p class='ocr_par' dir='ltr' id='par_1_72' title="bbox 552 3681 2202 3767">
     <span class='ocr_line' id='line_1_72' title="bbox 552 3681 2202 3767; baseline 0.012 -35"><span class='ocrx_word' id='word_1_552' title='bbox 552 3685 749 3733; x_wconf 86' lang='lat' dir='ltr'><strong>autem</strong></span> <span class='ocrx_word' id='word_1_553' title='bbox 773 3681 942 3747; x_wconf 83' lang='lat' dir='ltr'><strong>pleni</strong></span> <span class='ocrx_word' id='word_1_554' title='bbox 959 3689 1097 3739; x_wconf 84' lang='lat' dir='ltr'><strong>sunt</strong></span> <span class='ocrx_word' id='word_1_555' title='bbox 1124 3686 1460 3745; x_wconf 86' lang='lat' dir='ltr'><strong>omnimoda</strong></span> <span class='ocrx_word' id='word_1_556' title='bbox 1483 3692 1715 3747; x_wconf 80' lang='lat' dir='ltr'><strong>malitia</strong></span> <span class='ocrx_word' id='word_1_557' title='bbox 1744 3693 1841 3764; x_wconf 84' lang='grc'><strong>(4).</strong></span> <span class='ocrx_word' id='word_1_558' title='bbox 1876 3695 2073 3750; x_wconf 87' lang='lat' dir='ltr'><strong>Videte</strong></span> <span class='ocrx_word' id='word_1_559' title='bbox 2096 3698 2202 3767; x_wconf 87' lang='lat' dir='ltr'><strong>igi-</strong></span> 
     </span>
    </p>
   </div>
   <div class='ocr_carea' id='block_1_73' title="bbox 553 3769 2200 3845">
    <p class='ocr_par' dir='ltr' id='par_1_73' title="bbox 553 3769 2200 3845">
     <span class='ocr_line' id='line_1_73' title="bbox 553 3769 2200 3845; baseline 0.014 -26"><span class='ocrx_word' id='word_1_560' title='bbox 553 3769 668 3830; x_wconf 89' lang='lat' dir='ltr'><strong>tur,</strong></span> <span class='ocrx_word' id='word_1_561' title='bbox 700 3782 773 3823; x_wconf 91' lang='lat' dir='ltr'><strong>ne</strong></span> <span class='ocrx_word' id='word_1_562' title='bbox 806 3769 917 3825; x_wconf 91' lang='lat' dir='ltr'><strong>tale</strong></span> <span class='ocrx_word' id='word_1_563' title='bbox 952 3774 1097 3844; x_wconf 90' lang='lat' dir='ltr'><strong>quid</strong></span> <span class='ocrx_word' id='word_1_564' title='bbox 1131 3776 1463 3845; x_wconf 89' lang='lat' dir='ltr'><strong>patiamini,</strong></span> <span class='ocrx_word' id='word_1_565' title='bbox 1497 3779 1601 3834; x_wconf 90' lang='lat' dir='ltr'><strong>sed</strong></span> <span class='ocrx_word' id='word_1_566' title='bbox 1632 3797 1871 3838; x_wconf 90' lang='lat' dir='ltr'><strong>sursum</strong></span> <span class='ocrx_word' id='word_1_567' title='bbox 1900 3784 2200 3843; x_wconf 90' lang='lat' dir='ltr'><strong>elevantes</strong></span> 
     </span>
    </p>
   </div>
   <div class='ocr_carea' id='block_1_74' title="bbox 552 3856 2194 3945">
    <p class='ocr_par' dir='ltr' id='par_1_74' title="bbox 552 3856 2194 3945">
     <span class='ocr_line' id='line_1_74' title="bbox 552 3856 2194 3945; baseline 0.012 -36"><span class='ocrx_word' id='word_1_568' title='bbox 552 3856 810 3924; x_wconf 83' lang='lat' dir='ltr'><strong>animas,</strong></span> <span class='ocrx_word' id='word_1_569' title='bbox 830 3864 886 3917; x_wconf 89' lang='lat' dir='ltr'><strong>et</strong></span> <span class='ocrx_word' id='word_1_570' title='bbox 902 3861 1093 3918; x_wconf 88' lang='lat' dir='ltr'><strong>solam</strong></span> <span class='ocrx_word' id='word_1_571' title='bbox 1110 3878 1315 3920; x_wconf 88' lang='lat' dir='ltr'><strong>curam</strong></span> <span class='ocrx_word' id='word_1_572' title='bbox 1335 3866 1645 3935; x_wconf 87' lang='lat' dir='ltr'><strong>habentes,</strong></span> <span class='ocrx_word' id='word_1_573' title='bbox 1669 3875 1729 3926; x_wconf 87' lang='lat' dir='ltr'><strong>ut</strong></span> <span class='ocrx_word' id='word_1_574' title='bbox 1745 3872 1863 3928; x_wconf 92' lang='lat' dir='ltr'><strong>Deo</strong></span> <span class='ocrx_word' id='word_1_575' title='bbox 1886 3873 2194 3945; x_wconf 88' lang='lat' dir='ltr'><strong>placeatis,</strong></span> 
     </span>
    </p>
   </div>
   <div class='ocr_carea' id='block_1_75' title="bbox 550 3954 2197 4029">
    <p class='ocr_par' dir='ltr' id='par_1_75' title="bbox 550 3954 2197 4029">
     <span class='ocr_line' id='line_1_75' title="bbox 550 3954 2197 4029; baseline 0.013 -30"><span class='ocrx_word' id='word_1_576' title='bbox 550 3959 744 4017; x_wconf 87' lang='lat' dir='ltr'><strong>neque</strong></span> <span class='ocrx_word' id='word_1_577' title='bbox 776 3964 1044 4022; x_wconf 88' lang='lat' dir='ltr'><strong>unquam</strong></span> <span class='ocrx_word' id='word_1_578' title='bbox 1069 3954 1359 4010; x_wconf 89' lang='lat' dir='ltr'><strong>memoria</strong></span> <span class='ocrx_word' id='word_1_579' title='bbox 1378 3956 1721 4013; x_wconf 89' lang='lat' dir='ltr'><strong>coelestium</strong></span> <span class='ocrx_word' id='word_1_580' title='bbox 1751 3961 2060 4029; x_wconf 88' lang='lat' dir='ltr'><strong>excidatis,</strong></span> <span class='ocrx_word' id='word_1_581' title='bbox 2096 3981 2197 4020; x_wconf 90' lang='lat' dir='ltr'><strong>ne-</strong></span> 
     </span>
    </p>
   </div>
   <div class='ocr_carea' id='block_1_76' title="bbox 548 4037 2197 4117">
    <p class='ocr_par' dir='ltr' id='par_1_76' title="bbox 548 4037 2197 4117">
     <span class='ocr_line' id='line_1_76' title="bbox 548 4037 2197 4117; baseline 0.012 -27"><span class='ocrx_word' id='word_1_582' title='bbox 548 4051 667 4108; x_wconf 90' lang='lat' dir='ltr'><strong>que</strong></span> <span class='ocrx_word' id='word_1_583' title='bbox 698 4037 852 4093; x_wconf 91' lang='lat' dir='ltr'><strong>vitae</strong></span> <span class='ocrx_word' id='word_1_584' title='bbox 881 4039 1057 4095; x_wconf 85' lang='lat' dir='ltr'><strong>huius</strong></span> <span class='ocrx_word' id='word_1_585' title='bbox 1083 4041 1341 4098; x_wconf 89' lang='lat' dir='ltr'><strong>honores</strong></span> <span class='ocrx_word' id='word_1_586' title='bbox 1372 4046 1689 4116; x_wconf 89' lang='lat' dir='ltr'><strong>arripiatis,</strong></span> <span class='ocrx_word' id='word_1_587' title='bbox 1725 4048 1805 4105; x_wconf 90' lang='lat' dir='ltr'><strong>ita</strong></span> <span class='ocrx_word' id='word_1_588' title='bbox 1836 4053 2068 4117; x_wconf 90' lang='lat' dir='ltr'><strong>currite,</strong></span> <span class='ocrx_word' id='word_1_589' title='bbox 2103 4070 2197 4109; x_wconf 93' lang='lat' dir='ltr'><strong>oc-</strong></span> 
     </span>
    </p>
   </div>
   <div class='ocr_carea' id='block_1_77' title="bbox 549 4126 2194 4214">
    <p class='ocr_par' dir='ltr' id='par_1_77' title="bbox 549 4126 2194 4214">
     <span class='ocr_line' id='line_1_77' title="bbox 549 4126 2194 4214; baseline 0.012 -34"><span class='ocrx_word' id='word_1_590' title='bbox 549 4126 837 4183; x_wconf 88' lang='lat' dir='ltr'><strong>cultantes</strong></span> <span class='ocrx_word' id='word_1_591' title='bbox 868 4128 1050 4185; x_wconf 89' lang='lat' dir='ltr'><strong>verbo</strong></span> <span class='ocrx_word' id='word_1_592' title='bbox 1077 4133 1402 4189; x_wconf 87' lang='lat' dir='ltr'><strong>certamina</strong></span> <span class='ocrx_word' id='word_1_593' title='bbox 1433 4136 1656 4191; x_wconf 88' lang='lat' dir='ltr'><strong>virtutis</strong></span> <span class='ocrx_word' id='word_1_594' title='bbox 1682 4153 1865 4194; x_wconf 86' lang='lat' dir='ltr'><strong>causa</strong></span> <span class='ocrx_word' id='word_1_595' title='bbox 1893 4148 2194 4214; x_wconf 87' lang='lat' dir='ltr'><strong>suscepta,</strong></span> 
     </span>
    </p>
   </div>
   <div class='ocr_carea' id='block_1_78' title="bbox 550 4216 2198 4296">
    <p class='ocr_par' dir='ltr' id='par_1_78' title="bbox 550 4216 2198 4296">
     <span class='ocr_line' id='line_1_78' title="bbox 550 4216 2198 4296; baseline 0.01 -27"><span class='ocrx_word' id='word_1_596' title='bbox 550 4229 625 4270; x_wconf 87' lang='lat' dir='ltr'><strong>ne</strong></span> <span class='ocrx_word' id='word_1_597' title='bbox 667 4216 1002 4289; x_wconf 88' lang='lat' dir='ltr'><strong>quidquam</strong></span> <span class='ocrx_word' id='word_1_598' title='bbox 1050 4219 1315 4278; x_wconf 90' lang='lat' dir='ltr'><strong>inveniat</strong></span> <span class='ocrx_word' id='word_1_599' title='bbox 1361 4223 1435 4292; x_wconf 91' lang='lat' dir='ltr'><strong>is,</strong></span> <span class='ocrx_word' id='word_1_600' title='bbox 1482 4225 1587 4296; x_wconf 88' lang='lat' dir='ltr'><strong>qui</strong></span> <span class='ocrx_word' id='word_1_601' title='bbox 1634 4231 1896 4283; x_wconf 91' lang='lat' dir='ltr'><strong>terrenos</strong></span> <span class='ocrx_word' id='word_1_602' title='bbox 1939 4229 2198 4286; x_wconf 91' lang='lat' dir='ltr'><strong>honores</strong></span> 
     </span>
    </p>
   </div>
   <div class='ocr_carea' id='block_1_79' title="bbox 552 4305 2198 4382">
    <p class='ocr_par' dir='ltr' id='par_1_79' title="bbox 552 4305 2198 4382">
     <span class='ocr_line' id='line_1_79' title="bbox 552 4305 2198 4382; baseline 0.01 -24"><span class='ocrx_word' id='word_1_603' title='bbox 552 4305 835 4376; x_wconf 88' lang='lat' dir='ltr'><strong>suggerit,</strong></span> <span class='ocrx_word' id='word_1_604' title='bbox 873 4307 1031 4363; x_wconf 89' lang='lat' dir='ltr'><strong>unde</strong></span> <span class='ocrx_word' id='word_1_605' title='bbox 1060 4310 1255 4382; x_wconf 86' lang='lat' dir='ltr'><strong>rapiat</strong></span> <span class='ocrx_word' id='word_1_606' title='bbox 1290 4311 1557 4368; x_wconf 83' lang='lat' dir='ltr'><strong>animam</strong></span> <span class='ocrx_word' id='word_1_607' title='bbox 1590 4320 1877 4382; x_wconf 89' lang='lat' dir='ltr'><strong>vestram,</strong></span> <span class='ocrx_word' id='word_1_608' title='bbox 1911 4323 1966 4372; x_wconf 90' lang='lat' dir='ltr'><strong>et</strong></span> <span class='ocrx_word' id='word_1_609' title='bbox 1997 4334 2069 4373; x_wconf 92' lang='lat' dir='ltr'><strong>ex</strong></span> <span class='ocrx_word' id='word_1_610' title='bbox 2099 4334 2198 4375; x_wconf 89' lang='lat' dir='ltr'><strong>ve-</strong></span> 
     </span>
    </p>
   </div>
   <div class='ocr_carea' id='block_1_80' title="bbox 550 4394 2199 4475">
    <p class='ocr_par' dir='ltr' id='par_1_80' title="bbox 550 4394 2199 4475">
     <span class='ocr_line' id='line_1_80' title="bbox 550 4394 2199 4475; baseline 0.008 -25"><span class='ocrx_word' id='word_1_611' title='bbox 550 4394 738 4450; x_wconf 84' lang='lat' dir='ltr'><strong>ritatis</strong></span> <span class='ocrx_word' id='word_1_612' title='bbox 766 4396 995 4453; x_wconf 90' lang='lat' dir='ltr'><strong>incuria</strong></span> <span class='ocrx_word' id='word_1_613' title='bbox 1025 4397 1102 4453; x_wconf 89' lang='lat' dir='ltr'><strong>ad</strong></span> <span class='ocrx_word' id='word_1_614' title='bbox 1126 4414 1217 4454; x_wconf 89' lang='lat' dir='ltr'><strong>res</strong></span> <span class='ocrx_word' id='word_1_615' title='bbox 1250 4415 1435 4457; x_wconf 89' lang='lat' dir='ltr'><strong>vanas</strong></span> <span class='ocrx_word' id='word_1_616' title='bbox 1464 4406 1518 4456; x_wconf 88' lang='lat' dir='ltr'><strong>et</strong></span> <span class='ocrx_word' id='word_1_617' title='bbox 1548 4418 1744 4458; x_wconf 89' lang='lat' dir='ltr'><strong>errore</strong></span> <span class='ocrx_word' id='word_1_618' title='bbox 1774 4404 1980 4475; x_wconf 87' lang='lat' dir='ltr'><strong>plenas</strong></span> <span class='ocrx_word' id='word_1_619' title='bbox 2008 4407 2199 4463; x_wconf 86' lang='lat' dir='ltr'><strong>detru-</strong></span> 
     </span>
    </p>
   </div>
   <div class='ocr_carea' id='block_1_81' title="bbox 552 4481 2198 4565">
    <p class='ocr_par' dir='ltr' id='par_1_81' title="bbox 552 4481 2198 4565">
     <span class='ocr_line' id='line_1_81' title="bbox 552 4481 2198 4565; baseline 0.009 -27"><span class='ocrx_word' id='word_1_620' title='bbox 552 4481 676 4539; x_wconf 88' lang='lat' dir='ltr'><strong>dat.</strong></span> <span class='ocrx_word' id='word_1_621' title='bbox 698 4486 895 4556; x_wconf 85' lang='lat' dir='ltr'><strong>Neque</strong></span> <span class='ocrx_word' id='word_1_622' title='bbox 917 4486 1077 4541; x_wconf 91' lang='lat' dir='ltr'><strong>enim</strong></span> <span class='ocrx_word' id='word_1_623' title='bbox 1098 4489 1345 4545; x_wconf 89' lang='lat' dir='ltr'><strong>omnino</strong></span> <span class='ocrx_word' id='word_1_624' title='bbox 1363 4490 1672 4547; x_wconf 89' lang='lat' dir='ltr'><strong>inveniens</strong></span> <span class='ocrx_word' id='word_1_625' title='bbox 1691 4495 2198 4565; x_wconf 84' lang='lat' dir='ltr'><strong>opportunitatem</strong></span> 
     </span>
    </p>
   </div>
   <div class='ocr_carea' id='block_1_82' title="bbox 556 4573 2204 4651">
    <p class='ocr_par' dir='ltr' id='par_1_82' title="bbox 556 4573 2204 4651">
     <span class='ocr_line' id='line_1_82' title="bbox 556 4573 2204 4651; baseline 0.007 -22"><span class='ocrx_word' id='word_1_626' title='bbox 556 4573 732 4644; x_wconf 70' lang='lat'><strong>212</strong></span> <span class='ocrx_word' id='word_1_627' title='bbox 766 4590 874 4632; x_wconf 91' lang='lat' dir='ltr'><strong>nec</strong></span> <span class='ocrx_word' id='word_1_628' title='bbox 902 4576 1229 4642; x_wconf 85' lang='lat' dir='ltr'><strong>introitum,</strong></span> <span class='ocrx_word' id='word_1_629' title='bbox 1266 4584 1327 4635; x_wconf 94' lang='lat' dir='ltr'><strong>ut</strong></span> <span class='ocrx_word' id='word_1_630' title='bbox 1355 4596 1477 4645; x_wconf 87' lang='lat' dir='ltr'><strong>eos,</strong></span> <span class='ocrx_word' id='word_1_631' title='bbox 1506 4598 1765 4651; x_wconf 91' lang='lat' dir='ltr'><strong>quorum</strong></span> <span class='ocrx_word' id='word_1_632' title='bbox 1799 4585 2038 4641; x_wconf 90' lang='lat' dir='ltr'><strong>animae</strong></span> <span class='ocrx_word' id='word_1_633' title='bbox 2066 4602 2204 4641; x_wconf 89' lang='lat' dir='ltr'><strong>sur-</strong></span> 
     </span>
    </p>
   </div>
   <div class='ocr_carea' id='block_1_83' title="bbox 554 4663 2202 4744">
    <p class='ocr_par' dir='ltr' id='par_1_83' title="bbox 554 4663 2202 4744">
     <span class='ocr_line' id='line_1_83' title="bbox 554 4663 2202 4744; baseline 0.009 -28"><span class='ocrx_word' id='word_1_634' title='bbox 554 4679 690 4719; x_wconf 89' lang='lat' dir='ltr'><strong>sum</strong></span> <span class='ocrx_word' id='word_1_635' title='bbox 711 4663 956 4733; x_wconf 87' lang='lat' dir='ltr'><strong>degunt,</strong></span> <span class='ocrx_word' id='word_1_636' title='bbox 976 4665 1251 4737; x_wconf 88' lang='lat' dir='ltr'><strong>pelliciat,</strong></span> <span class='ocrx_word' id='word_1_637' title='bbox 1266 4669 1416 4740; x_wconf 90' lang='lat' dir='ltr'><strong>perit</strong></span> <span class='ocrx_word' id='word_1_638' title='bbox 1439 4671 1707 4744; x_wconf 88' lang='lat' dir='ltr'><strong>iacetque</strong></span> <span class='ocrx_word' id='word_1_639' title='bbox 1732 4678 2031 4741; x_wconf 89' lang='lat' dir='ltr'><strong>mortuus;</strong></span> <span class='ocrx_word' id='word_1_640' title='bbox 2059 4691 2202 4731; x_wconf 88' lang='lat' dir='ltr'><strong>nam</strong></span> 
     </span>
    </p>
   </div>
   <div class='ocr_carea' id='block_1_84' title="bbox 556 4754 2200 4822">
    <p class='ocr_par' dir='ltr' id='par_1_84' title="bbox 556 4754 2200 4822">
     <span class='ocr_line' id='line_1_84' title="bbox 556 4754 2200 4822; baseline 0.009 -16"><span class='ocrx_word' id='word_1_641' title='bbox 556 4766 717 4807; x_wconf 88' lang='lat' dir='ltr'><strong>mors</strong></span> <span class='ocrx_word' id='word_1_642' title='bbox 740 4759 827 4810; x_wconf 89' lang='lat' dir='ltr'><strong>est</strong></span> <span class='ocrx_word' id='word_1_643' title='bbox 846 4754 1089 4821; x_wconf 89' lang='lat' dir='ltr'><strong>diaboli,</strong></span> <span class='ocrx_word' id='word_1_644' title='bbox 1107 4757 1401 4814; x_wconf 87' lang='lat' dir='ltr'><strong>malitiam</strong></span> <span class='ocrx_word' id='word_1_645' title='bbox 1427 4774 1557 4815; x_wconf 88' lang='lat' dir='ltr'><strong>esse</strong></span> <span class='ocrx_word' id='word_1_646' title='bbox 1580 4760 1829 4818; x_wconf 87' lang='lat' dir='ltr'><strong>inertem</strong></span> <span class='ocrx_word' id='word_1_647' title='bbox 1842 4766 1898 4817; x_wconf 91' lang='lat' dir='ltr'><strong>et</strong></span> <span class='ocrx_word' id='word_1_648' title='bbox 1918 4763 2200 4822; x_wconf 90' lang='lat' dir='ltr'><strong>otiosam.</strong></span> 
     </span>
    </p>
   </div>
   <div class='ocr_carea' id='block_1_85' title="bbox 2305 3144 3902 3230">
    <p class='ocr_par' dir='ltr' id='par_1_85' title="bbox 2305 3144 3902 3230">
     <span class='ocr_line' id='line_1_85' title="bbox 2305 3144 3902 3230; baseline -0.009 -20"><span class='ocrx_word' id='word_1_649' title='bbox 2305 3160 2531 3230; x_wconf 79' lang='grc' dir='ltr'>ὴμετέρᾳ</span> <span class='ocrx_word' id='word_1_650' title='bbox 2584 3157 2758 3228; x_wconf 87' lang='grc' dir='ltr'>κρίσει</span> <span class='ocrx_word' id='word_1_651' title='bbox 2804 3154 2869 3204; x_wconf 82' lang='grc' dir='ltr'>τὰ</span> <span class='ocrx_word' id='word_1_652' title='bbox 2908 3151 3135 3222; x_wconf 79' lang='grc' dir='ltr'>ἡμέτερα</span> <span class='ocrx_word' id='word_1_653' title='bbox 3175 3144 3595 3219; x_wconf 83' lang='grc' dir='ltr'>δοκιμάζεσθαι·</span> <span class='ocrx_word' id='word_1_654' title='bbox 3647 3144 3713 3197; x_wconf 79' lang='grc' dir='ltr'><strong>οῦ</strong></span> <span class='ocrx_word' id='word_1_655' title='bbox 3755 3146 3902 3218; x_wconf 81' lang='grc' dir='ltr'>γὰρ,</span> 
     </span>
    </p>
   </div>
   <div class='ocr_carea' id='block_1_86' title="bbox 2308 3231 3911 3319">
    <p class='ocr_par' dir='ltr' id='par_1_86' title="bbox 2308 3231 3911 3319">
     <span class='ocr_line' id='line_1_86' title="bbox 2308 3231 3911 3319; baseline -0.008 -21"><span class='ocrx_word' id='word_1_656' title='bbox 2308 3250 2487 3319; x_wconf 86' lang='grc' dir='ltr'>φησὶν,</span> <span class='ocrx_word' id='word_1_657' title='bbox 2512 3245 2538 3296; x_wconf 85' lang='grc' dir='ltr'><strong>ὁ</strong></span> <span class='ocrx_word' id='word_1_658' title='bbox 2569 3244 2794 3295; x_wconf 77' lang='grc' dir='ltr'>ἑαυτὸν</span> <span class='ocrx_word' id='word_1_659' title='bbox 2838 3245 3154 3293; x_wconf 89' lang='grc' dir='ltr'>συνιστῶν</span> <span class='ocrx_word' id='word_1_660' title='bbox 3185 3236 3432 3308; x_wconf 73' lang='grc' dir='ltr'>ἔσταιθ)</span> <span class='ocrx_word' id='word_1_661' title='bbox 3461 3231 3911 3306; x_wconf 72' lang='grc' dir='ltr'>δόκιμος,ἀλλ¹</span> 
     </span>
    </p>
   </div>
   <div class='ocr_carea' id='block_1_87' title="bbox 2308 3321 3919 3407">
    <p class='ocr_par' dir='ltr' id='par_1_87' title="bbox 2308 3321 3919 3407">
     <span class='ocr_line' id='line_1_87' title="bbox 2308 3321 3919 3407; baseline -0.009 -19"><span class='ocrx_word' id='word_1_662' title='bbox 2308 3338 2372 3389; x_wconf 85' lang='grc' dir='ltr'>ὅν</span> <span class='ocrx_word' id='word_1_663' title='bbox 2412 3337 2437 3386; x_wconf 86' lang='grc' dir='ltr'>ὁ</span> <span class='ocrx_word' id='word_1_664' title='bbox 2468 3336 2692 3407; x_wconf 88' lang='grc' dir='ltr'>κύριος</span> <span class='ocrx_word' id='word_1_665' title='bbox 2732 3333 3128 3384; x_wconf 88' lang='grc' dir='ltr'>συνίστησιν</span> <span class='ocrx_word' id='word_1_666' title='bbox 3158 3342 3170 3355; x_wconf 76' lang='grc'><strong><em>⁸</em></strong></span> <span class='ocrx_word' id='word_1_667' title='bbox 3205 3326 3230 3377; x_wconf 89' lang='grc' dir='ltr'><strong><em>ὁ</em></strong></span> <span class='ocrx_word' id='word_1_668' title='bbox 3257 3321 3317 3377; x_wconf 77' lang='grc' dir='ltr'><strong>δε</strong></span> <span class='ocrx_word' id='word_1_669' title='bbox 3347 3330 3419 3396; x_wconf 75' lang='grc' dir='ltr'>μὴ</span> <span class='ocrx_word' id='word_1_670' title='bbox 3467 3323 3752 3396; x_wconf 78' lang='grc' dir='ltr'>ἀναμένων,</span> <span class='ocrx_word' id='word_1_671' title='bbox 3788 3321 3919 3375; x_wconf 82' lang='grc' dir='ltr'><strong>ἀλλά</strong></span> 
     </span>
    </p>
   </div>
   <div class='ocr_carea' id='block_1_88' title="bbox 2309 3411 3919 3497">
    <p class='ocr_par' dir='ltr' id='par_1_88' title="bbox 2309 3411 3919 3497">
     <span class='ocr_line' id='line_1_88' title="bbox 2309 3411 3919 3497; baseline -0.008 -21"><span class='ocrx_word' id='word_1_672' title='bbox 2309 3426 2509 3497; x_wconf 80' lang='grc' dir='ltr'>φθάνων</span> <span class='ocrx_word' id='word_1_673' title='bbox 2559 3426 2648 3478; x_wconf 84' lang='grc' dir='ltr'>τὴν</span> <span class='ocrx_word' id='word_1_674' title='bbox 2700 3422 2888 3471; x_wconf 70' lang='grc' dir='ltr'>ἐκείνου</span> <span class='ocrx_word' id='word_1_675' title='bbox 2937 3420 3133 3488; x_wconf 87' lang='grc' dir='ltr'>κρίσιν,</span> <span class='ocrx_word' id='word_1_676' title='bbox 3194 3413 3263 3474; x_wconf 87' lang='grc' dir='ltr'>εἰς</span> <span class='ocrx_word' id='word_1_677' title='bbox 3307 3417 3401 3475; x_wconf 82' lang='grc' dir='ltr'><strong>τὰς</strong></span> <span class='ocrx_word' id='word_1_678' title='bbox 3455 3411 3785 3488; x_wconf 80' lang='grc' dir='ltr'>ἀνθρωπίνας</span> <span class='ocrx_word' id='word_1_679' title='bbox 3834 3414 3919 3464; x_wconf 64' lang='grc' dir='ltr'>ἑνι-</span> 
     </span>
    </p>
   </div>
   <div class='ocr_carea' id='block_1_89' title="bbox 2312 3497 3919 3579">
    <p class='ocr_par' dir='ltr' id='par_1_89' title="bbox 2312 3497 3919 3579">
     <span class='ocr_line' id='line_1_89' title="bbox 2312 3497 3919 3579; baseline -0.009 -12"><span class='ocrx_word' id='word_1_680' title='bbox 2312 3519 2490 3567; x_wconf 85' lang='grc' dir='ltr'>πίπτει</span> <span class='ocrx_word' id='word_1_681' title='bbox 2546 3507 2722 3575; x_wconf 81' lang='grc' dir='ltr'>δόξας,</span> <span class='ocrx_word' id='word_1_682' title='bbox 2776 3510 2931 3579; x_wconf 82' lang='grc' dir='ltr'>τιμὴν</span> <span class='ocrx_word' id='word_1_683' title='bbox 2977 3499 3142 3575; x_wconf 77' lang='grc' dir='ltr'>ἐαυτῷ</span> <span class='ocrx_word' id='word_1_684' title='bbox 3184 3507 3276 3561; x_wconf 77' lang='grc' dir='ltr'>τὴν</span> <span class='ocrx_word' id='word_1_685' title='bbox 3322 3504 3466 3575; x_wconf 85' lang='grc' dir='ltr'>παρὰ</span> <span class='ocrx_word' id='word_1_686' title='bbox 3523 3509 3623 3554; x_wconf 90' lang='grc' dir='ltr'><strong>τῶν</strong></span> <span class='ocrx_word' id='word_1_687' title='bbox 3680 3497 3919 3573; x_wconf 80' lang='grc' dir='ltr'>ἀδελφῶν</span> 
     </span>
    </p>
   </div>
   <div class='ocr_carea' id='block_1_90' title="bbox 2311 3594 3917 3668">
    <p class='ocr_par' dir='ltr' id='par_1_90' title="bbox 2311 3594 3917 3668">
     <span class='ocr_line' id='line_1_90' title="bbox 2311 3594 3917 3668; baseline -0.009 -13"><span class='ocrx_word' id='word_1_688' title='bbox 2311 3607 2366 3657; x_wconf 76' lang='grc' dir='ltr'>ἐκ</span> <span class='ocrx_word' id='word_1_689' title='bbox 2416 3610 2513 3654; x_wconf 91' lang='grc' dir='ltr'><strong>τῶν</strong></span> <span class='ocrx_word' id='word_1_690' title='bbox 2557 3597 2704 3652; x_wconf 83' lang='grc' dir='ltr'>ἰδίων</span> <span class='ocrx_word' id='word_1_691' title='bbox 2752 3600 2916 3649; x_wconf 87' lang='grc' dir='ltr'>πόνων</span> <span class='ocrx_word' id='word_1_692' title='bbox 2973 3596 3486 3668; x_wconf 82' lang='grc' dir='ltr'>πραγματευόμενος,</span> <span class='ocrx_word' id='word_1_693' title='bbox 3526 3595 3617 3644; x_wconf 84' lang='grc' dir='ltr'>καὶ</span> <span class='ocrx_word' id='word_1_694' title='bbox 3665 3599 3829 3643; x_wconf 89' lang='grc' dir='ltr'>ποιῶν</span> <span class='ocrx_word' id='word_1_695' title='bbox 3859 3594 3917 3642; x_wconf 88' lang='grc' dir='ltr'>τὸ</span> 
     </span>
    </p>
   </div>
   <div class='ocr_carea' id='block_1_91' title="bbox 2308 3678 3918 3757">
    <p class='ocr_par' dir='ltr' id='par_1_91' title="bbox 2308 3678 3918 3757">
     <span class='ocr_line' id='line_1_91' title="bbox 2308 3678 3918 3757; baseline -0.008 -14"><span class='ocrx_word' id='word_1_696' title='bbox 2308 3701 2407 3744; x_wconf 82' lang='grc' dir='ltr'><strong>τῶν</strong></span> <span class='ocrx_word' id='word_1_697' title='bbox 2457 3690 2689 3742; x_wconf 87' lang='grc' dir='ltr'>ἀπίστων</span> <span class='ocrx_word' id='word_1_698' title='bbox 2734 3707 2745 3719; x_wconf 91' lang='grc'><strong>·</strong></span> <span class='ocrx_word' id='word_1_699' title='bbox 2798 3686 3022 3744; x_wconf 81' lang='grc' dir='ltr'>ἄπιστος</span> <span class='ocrx_word' id='word_1_700' title='bbox 3065 3684 3166 3757; x_wconf 86' lang='grc' dir='ltr'><strong>γὰρ</strong></span> <span class='ocrx_word' id='word_1_701' title='bbox 3218 3683 3243 3733; x_wconf 86' lang='grc' dir='ltr'><strong><em>ὁ</em></strong></span> <span class='ocrx_word' id='word_1_702' title='bbox 3288 3684 3375 3741; x_wconf 83' lang='grc' dir='ltr'><strong>τὰς</strong></span> <span class='ocrx_word' id='word_1_703' title='bbox 3418 3679 3743 3754; x_wconf 86' lang='grc' dir='ltr'>ἀνθρωπίνας</span> <span class='ocrx_word' id='word_1_704' title='bbox 3804 3678 3918 3731; x_wconf 84' lang='grc' dir='ltr'>ἀντὶ</span> 
     </span>
    </p>
   </div>
   <div class='ocr_carea' id='block_1_92' title="bbox 2308 3770 3913 3853">
    <p class='ocr_par' dir='ltr' id='par_1_92' title="bbox 2308 3770 3913 3853">
     <span class='ocr_line' id='line_1_92' title="bbox 2308 3770 3913 3853; baseline -0.008 -20"><span class='ocrx_word' id='word_1_705' title='bbox 2308 3789 2406 3832; x_wconf 89' lang='grc' dir='ltr'><strong>τῶν</strong></span> <span class='ocrx_word' id='word_1_706' title='bbox 2454 3780 2702 3853; x_wconf 80' lang='grc' dir='ltr'>οὐρανίων</span> <span class='ocrx_word' id='word_1_707' title='bbox 2736 3777 2963 3849; x_wconf 80' lang='grc' dir='ltr'>θηρεύων</span> <span class='ocrx_word' id='word_1_708' title='bbox 3012 3773 3168 3845; x_wconf 87' lang='grc' dir='ltr'>τιμάς</span> <span class='ocrx_word' id='word_1_709' title='bbox 3193 3791 3206 3803; x_wconf 88' lang='grc'><strong>·</strong></span> <span class='ocrx_word' id='word_1_710' title='bbox 3241 3773 3311 3833; x_wconf 88' lang='grc' dir='ltr'>ὡς</span> <span class='ocrx_word' id='word_1_711' title='bbox 3359 3770 3511 3831; x_wconf 79' lang='grc' dir='ltr'>αὐτός</span> <span class='ocrx_word' id='word_1_712' title='bbox 3540 3772 3640 3823; x_wconf 88' lang='grc' dir='ltr'><strong>πού</strong></span> <span class='ocrx_word' id='word_1_713' title='bbox 3672 3770 3720 3842; x_wconf 71' lang='grc'><strong>⁸)</strong></span> <span class='ocrx_word' id='word_1_714' title='bbox 3754 3788 3913 3841; x_wconf 85' lang='grc' dir='ltr'>φησιν</span> 
     </span>
    </p>
   </div>
   <div class='ocr_carea' id='block_1_93' title="bbox 2308 3855 3901 3943">
    <p class='ocr_par' dir='ltr' id='par_1_93' title="bbox 2308 3855 3901 3943">
     <span class='ocr_line' id='line_1_93' title="bbox 2308 3855 3901 3943; baseline -0.009 -21"><span class='ocrx_word' id='word_1_715' title='bbox 2308 3872 2333 3922; x_wconf 87' lang='grc' dir='ltr'><strong><em>ὁ</em></strong></span> <span class='ocrx_word' id='word_1_716' title='bbox 2364 3872 2538 3943; x_wconf 86' lang='grc' dir='ltr'>κύριος</span> <span class='ocrx_word' id='word_1_717' title='bbox 2572 3884 2583 3895; x_wconf 92' lang='grc'>·</span> <span class='ocrx_word' id='word_1_718' title='bbox 2610 3875 2731 3926; x_wconf 88' lang='grc' dir='ltr'><strong>πῶς</strong></span> <span class='ocrx_word' id='word_1_719' title='bbox 2759 3861 3040 3917; x_wconf 81' lang='grc' dir='ltr'>δύνασθε</span> <span class='ocrx_word' id='word_1_720' title='bbox 3077 3863 3261 3933; x_wconf 81' lang='grc' dir='ltr'>ὑμεῖς</span> <span class='ocrx_word' id='word_1_721' title='bbox 3301 3862 3657 3925; x_wconf 82' lang='grc' dir='ltr'>πιστεύειν,</span> <span class='ocrx_word' id='word_1_722' title='bbox 3703 3855 3901 3922; x_wconf 81' lang='grc' dir='ltr'>δόξαν</span> 
     </span>
    </p>
   </div>
   <div class='ocr_carea' id='block_1_94' title="bbox 2308 3943 3912 4029">
    <p class='ocr_par' dir='ltr' id='par_1_94' title="bbox 2308 3943 3912 4029">
     <span class='ocr_line' id='line_1_94' title="bbox 2308 3943 3912 4029; baseline -0.008 -17"><span class='ocrx_word' id='word_1_723' title='bbox 2308 3960 2476 4029; x_wconf 81' lang='grc' dir='ltr'>παρὰ</span> <span class='ocrx_word' id='word_1_724' title='bbox 2513 3949 3363 4024; x_wconf 78' lang='grc' dir='ltr'>ἀλλήλων¹⁰)λαμ6άνοντες,</span> <span class='ocrx_word' id='word_1_725' title='bbox 3406 3954 3513 4001; x_wconf 84' lang='grc' dir='ltr'>καὶ</span> <span class='ocrx_word' id='word_1_726' title='bbox 3551 3953 3664 4007; x_wconf 80' lang='grc' dir='ltr'>τὴν</span> <span class='ocrx_word' id='word_1_727' title='bbox 3706 3943 3912 4011; x_wconf 78' lang='grc' dir='ltr'>δόξαν</span> 
     </span>
    </p>
   </div>
   <div class='ocr_carea' id='block_1_95' title="bbox 2306 4038 3911 4118">
    <p class='ocr_par' dir='ltr' id='par_1_95' title="bbox 2306 4038 3911 4118">
     <span class='ocr_line' id='line_1_95' title="bbox 2306 4038 3911 4118; baseline -0.007 -19"><span class='ocrx_word' id='word_1_728' title='bbox 2306 4053 2418 4107; x_wconf 80' lang='grc' dir='ltr'>τὴν</span> <span class='ocrx_word' id='word_1_729' title='bbox 2456 4048 2626 4118; x_wconf 89' lang='grc' dir='ltr'><strong>παρά</strong></span> <span class='ocrx_word' id='word_1_730' title='bbox 2663 4051 2771 4097; x_wconf 87' lang='grc' dir='ltr'><strong>τοῦ</strong></span> <span class='ocrx_word' id='word_1_731' title='bbox 2811 4043 3003 4112; x_wconf 84' lang='grc' dir='ltr'>μόνου</span> <span class='ocrx_word' id='word_1_732' title='bbox 3042 4042 3185 4092; x_wconf 86' lang='grc' dir='ltr'>θεοῦ</span> <span class='ocrx_word' id='word_1_733' title='bbox 3223 4042 3290 4090; x_wconf 88' lang='grc' dir='ltr'><strong>οῦ</strong></span> <span class='ocrx_word' id='word_1_734' title='bbox 3333 4038 3628 4101; x_wconf 61' lang='lat' dir='ltr'><strong>Curti”;</strong></span> <span class='ocrx_word' id='word_1_735' title='bbox 3662 4042 3807 4090; x_wconf 89' lang='grc' dir='ltr'>τισὶν</span> <span class='ocrx_word' id='word_1_736' title='bbox 3841 4038 3911 4107; x_wconf 79' lang='grc'><strong>11)</strong></span> 
     </span>
    </p>
   </div>
   <div class='ocr_carea' id='block_1_96' title="bbox 2307 4127 3917 4205">
    <p class='ocr_par' dir='ltr' id='par_1_96' title="bbox 2307 4127 3917 4205">
     <span class='ocr_line' id='line_1_96' title="bbox 2307 4127 3917 4205; baseline -0.007 -16"><span class='ocrx_word' id='word_1_737' title='bbox 2307 4137 2394 4190; x_wconf 79' lang='grc' dir='ltr'>οὖν</span> <span class='ocrx_word' id='word_1_738' title='bbox 2441 4135 2657 4188; x_wconf 81' lang='grc' dir='ltr'>ἐοικέναι</span> <span class='ocrx_word' id='word_1_739' title='bbox 2694 4132 2865 4205; x_wconf 82' lang='grc' dir='ltr'>μοι¹²)</span> <span class='ocrx_word' id='word_1_740' title='bbox 2908 4127 3180 4192; x_wconf 87' lang='grc' dir='ltr'>δοκοῦσιν,</span> <span class='ocrx_word' id='word_1_741' title='bbox 3230 4127 3363 4200; x_wconf 67' lang='grc' dir='ltr'><strong>οἵη)</strong></span> <span class='ocrx_word' id='word_1_742' title='bbox 3406 4133 3515 4180; x_wconf 90' lang='grc' dir='ltr'><strong>τοῦ</strong></span> <span class='ocrx_word' id='word_1_743' title='bbox 3552 4130 3917 4199; x_wconf 88' lang='grc' dir='ltr'>ποτανρίου</span> 
     </span>
    </p>
   </div>
   <div class='ocr_carea' id='block_1_97' title="bbox 2306 4217 3917 4297">
    <p class='ocr_par' dir='ltr' id='par_1_97' title="bbox 2306 4217 3917 4297">
     <span class='ocr_line' id='line_1_97' title="bbox 2306 4217 3917 4297; baseline -0.007 -19"><span class='ocrx_word' id='word_1_744' title='bbox 2306 4231 2413 4278; x_wconf 85' lang='grc' dir='ltr'>καὶ</span> <span class='ocrx_word' id='word_1_745' title='bbox 2442 4234 2512 4284; x_wconf 84' lang='grc' dir='ltr'>τῆ</span> <span class='ocrx_word' id='word_1_746' title='bbox 2534 4245 2554 4286; x_wconf 92' lang='grc' dir='ltr'><strong>ς</strong></span> <span class='ocrx_word' id='word_1_747' title='bbox 2584 4218 2953 4297; x_wconf 77' lang='grc' dir='ltr'>παροψίδος</span> <span class='ocrx_word' id='word_1_748' title='bbox 2982 4221 3049 4271; x_wconf 85' lang='grc' dir='ltr'>τὸ</span> <span class='ocrx_word' id='word_1_749' title='bbox 3080 4217 3222 4269; x_wconf 80' lang='grc' dir='ltr'><strong>ἐκτό</strong></span> <span class='ocrx_word' id='word_1_750' title='bbox 3248 4237 3268 4279; x_wconf 92' lang='grc' dir='ltr'>ς</span> <span class='ocrx_word' id='word_1_751' title='bbox 3295 4217 3917 4288; x_wconf 82' lang='grc' dir='ltr'>περικαθαίρουσιν,</span> 
     </span>
    </p>
   </div>
   <div class='ocr_carea' id='block_1_98' title="bbox 2309 4302 3917 4384">
    <p class='ocr_par' dir='ltr' id='par_1_98' title="bbox 2309 4302 3917 4384">
     <span class='ocr_line' id='line_1_98' title="bbox 2309 4302 3917 4384; baseline -0.009 -16"><span class='ocrx_word' id='word_1_752' title='bbox 2309 4316 2468 4375; x_wconf 84' lang='grc' dir='ltr'>ἐντὸς</span> <span class='ocrx_word' id='word_1_753' title='bbox 2511 4310 2580 4366; x_wconf 73' lang='grc' dir='ltr'>δὲ</span> <span class='ocrx_word' id='word_1_754' title='bbox 2644 4307 2915 4384; x_wconf 82' lang='grc' dir='ltr'>μεστοῖς</span> <span class='ocrx_word' id='word_1_755' title='bbox 2974 4310 3289 4368; x_wconf 86' lang='grc' dir='ltr'>παντοίας</span> <span class='ocrx_word' id='word_1_756' title='bbox 3351 4302 3597 4376; x_wconf 65' lang='grc' dir='ltr'>οὖσιυ)</span> <span class='ocrx_word' id='word_1_757' title='bbox 3647 4308 3917 4365; x_wconf 84' lang='grc' dir='ltr'>κακίας.</span> 
     </span>
    </p>
   </div>
   <div class='ocr_carea' id='block_1_99' title="bbox 2310 4392 3924 4479">
    <p class='ocr_par' dir='ltr' id='par_1_99' title="bbox 2310 4392 3924 4479">
     <span class='ocr_line' id='line_1_99' title="bbox 2310 4392 3924 4479; baseline -0.007 -22"><span class='ocrx_word' id='word_1_758' title='bbox 2310 4405 2463 4479; x_wconf 82' lang='grc' dir='ltr'>ὁρᾶτε</span> <span class='ocrx_word' id='word_1_759' title='bbox 2486 4400 2593 4469; x_wconf 82' lang='grc' dir='ltr'>οὖν,</span> <span class='ocrx_word' id='word_1_760' title='bbox 2627 4407 2697 4474; x_wconf 79' lang='grc' dir='ltr'>μή</span> <span class='ocrx_word' id='word_1_761' title='bbox 2729 4422 2781 4454; x_wconf 92' lang='grc' dir='ltr'><strong>τι</strong></span> <span class='ocrx_word' id='word_1_762' title='bbox 2810 4402 3024 4453; x_wconf 89' lang='grc' dir='ltr'>πάθοιτε</span> <span class='ocrx_word' id='word_1_763' title='bbox 3052 4404 3276 4461; x_wconf 84' lang='grc' dir='ltr'>τοιοῦτο,</span> <span class='ocrx_word' id='word_1_764' title='bbox 3311 4394 3439 4448; x_wconf 88' lang='grc' dir='ltr'><strong>ἀλλά</strong></span> <span class='ocrx_word' id='word_1_765' title='bbox 3476 4396 3583 4447; x_wconf 77' lang='grc' dir='ltr'>ἄνω</span> <span class='ocrx_word' id='word_1_766' title='bbox 3615 4392 3795 4457; x_wconf 85' lang='grc' dir='ltr'>δόντες</span> <span class='ocrx_word' id='word_1_767' title='bbox 3824 4398 3924 4455; x_wconf 87' lang='grc' dir='ltr'><strong>τάς</strong></span> 
     </span>
    </p>
   </div>
   <div class='ocr_carea' id='block_1_100' title="bbox 2309 4483 3915 4566">
    <p class='ocr_par' dir='ltr' id='par_1_100' title="bbox 2309 4483 3915 4566">
     <span class='ocr_line' id='line_1_100' title="bbox 2309 4483 3915 4566; baseline -0.006 -20"><span class='ocrx_word' id='word_1_768' title='bbox 2309 4495 2514 4566; x_wconf 70' lang='grc' dir='ltr'>ψυχάς,</span> <span class='ocrx_word' id='word_1_769' title='bbox 2541 4497 2631 4545; x_wconf 78' lang='grc' dir='ltr'>καὶ</span> <span class='ocrx_word' id='word_1_770' title='bbox 2650 4496 2773 4564; x_wconf 87' lang='grc' dir='ltr'>μίαν</span> <span class='ocrx_word' id='word_1_771' title='bbox 2796 4494 3004 4562; x_wconf 78' lang='grc' dir='ltr'>ἔχοντες</span> <span class='ocrx_word' id='word_1_772' title='bbox 3022 4483 3278 4561; x_wconf 83' lang='grc' dir='ltr'>φροντίδα</span> <span class='ocrx_word' id='word_1_773' title='bbox 3298 4492 3391 4538; x_wconf 88' lang='grc' dir='ltr'><strong>τοῦ</strong></span> <span class='ocrx_word' id='word_1_774' title='bbox 3415 4484 3600 4558; x_wconf 82' lang='grc' dir='ltr'>ἀρέσαι</span> <span class='ocrx_word' id='word_1_775' title='bbox 3628 4492 3699 4556; x_wconf 84' lang='grc' dir='ltr'>τῷ</span> <span class='ocrx_word' id='word_1_776' title='bbox 3726 4489 3915 4557; x_wconf 83' lang='grc' dir='ltr'>κυρίῳ,</span> 
     </span>
    </p>
   </div>
   <div class='ocr_carea' id='block_1_101' title="bbox 2310 4574 3916 4655">
    <p class='ocr_par' dir='ltr' id='par_1_101' title="bbox 2310 4574 3916 4655">
     <span class='ocr_line' id='line_1_101' title="bbox 2310 4574 3916 4655; baseline -0.007 -19"><span class='ocrx_word' id='word_1_777' title='bbox 2310 4589 2400 4636; x_wconf 85' lang='grc' dir='ltr'>καὶ</span> <span class='ocrx_word' id='word_1_778' title='bbox 2449 4578 2713 4655; x_wconf 82' lang='grc' dir='ltr'>μηδέποτε</span> <span class='ocrx_word' id='word_1_779' title='bbox 2763 4588 2859 4641; x_wconf 86' lang='grc' dir='ltr'>τῆς</span> <span class='ocrx_word' id='word_1_780' title='bbox 2917 4586 3014 4631; x_wconf 90' lang='grc' dir='ltr'><strong>τῶν</strong></span> <span class='ocrx_word' id='word_1_781' title='bbox 3076 4576 3304 4650; x_wconf 76' lang='grc' dir='ltr'>οὐρανῶν</span> <span class='ocrx_word' id='word_1_782' title='bbox 3363 4574 3627 4628; x_wconf 82' lang='grc' dir='ltr'>ἐκπίπτειν</span> <span class='ocrx_word' id='word_1_783' title='bbox 3682 4579 3916 4646; x_wconf 76' lang='grc' dir='ltr'>μνήμης,</span> 
     </span>
    </p>
   </div>
   <div class='ocr_carea' id='block_1_102' title="bbox 2311 4663 3922 4746">
    <p class='ocr_par' dir='ltr' id='par_1_102' title="bbox 2311 4663 3922 4746">
     <span class='ocr_line' id='line_1_102' title="bbox 2311 4663 3922 4746; baseline -0.007 -20"><span class='ocrx_word' id='word_1_784' title='bbox 2311 4670 2449 4746; x_wconf 69' lang='grc' dir='ltr'>μηδὲ</span> <span class='ocrx_word' id='word_1_785' title='bbox 2498 4673 2567 4743; x_wconf 69' lang='grc'><strong>1⁸⁵)</strong></span> <span class='ocrx_word' id='word_1_786' title='bbox 2610 4668 2863 4734; x_wconf 84' lang='grc' dir='ltr'>δέξασθαι</span> <span class='ocrx_word' id='word_1_787' title='bbox 2901 4670 2995 4730; x_wconf 89' lang='grc' dir='ltr'><strong>τάς</strong></span> <span class='ocrx_word' id='word_1_788' title='bbox 3023 4674 3114 4719; x_wconf 85' lang='grc' dir='ltr'><strong>τού</strong></span> <span class='ocrx_word' id='word_1_789' title='bbox 3157 4664 3277 4738; x_wconf 81' lang='grc' dir='ltr'>βίον</span> <span class='ocrx_word' id='word_1_790' title='bbox 3324 4667 3511 4718; x_wconf 88' lang='grc' dir='ltr'>τούτου</span> <span class='ocrx_word' id='word_1_791' title='bbox 3560 4665 3739 4735; x_wconf 84' lang='grc' dir='ltr'>τιμάς,</span> <span class='ocrx_word' id='word_1_792' title='bbox 3782 4663 3922 4716; x_wconf 78' lang='grc' dir='ltr'>οὕτω</span> 
     </span>
    </p>
   </div>
   <div class='ocr_carea' id='block_1_103' title="bbox 2311 4751 3921 4838">
    <p class='ocr_par' dir='ltr' id='par_1_103' title="bbox 2311 4751 3921 4838">
     <span class='ocr_line' id='line_1_103' title="bbox 2311 4751 3921 4838; baseline -0.007 -23"><span class='ocrx_word' id='word_1_793' title='bbox 2311 4766 2543 4838; x_wconf 83' lang='grc' dir='ltr'>τρέχετε,</span> <span class='ocrx_word' id='word_1_794' title='bbox 2596 4763 2905 4837; x_wconf 86' lang='grc' dir='ltr'>κρύπτοντες</span> <span class='ocrx_word' id='word_1_795' title='bbox 2953 4764 3026 4828; x_wconf 85' lang='grc' dir='ltr'>τῷ</span> <span class='ocrx_word' id='word_1_796' title='bbox 3080 4755 3212 4827; x_wconf 84' lang='grc' dir='ltr'>λόγῳ</span> <span class='ocrx_word' id='word_1_797' title='bbox 3260 4758 3380 4815; x_wconf 85' lang='grc' dir='ltr'>τοὺς</span> <span class='ocrx_word' id='word_1_798' title='bbox 3418 4755 3543 4829; x_wconf 71' lang='grc' dir='ltr'>ύπερ</span> <span class='ocrx_word' id='word_1_799' title='bbox 3588 4760 3687 4814; x_wconf 81' lang='grc' dir='ltr'>τῆς</span> <span class='ocrx_word' id='word_1_800' title='bbox 3731 4751 3921 4826; x_wconf 75' lang='grc' dir='ltr'>ἀρετῆς</span> 
     </span>
    </p>
   </div>
   <div class='ocr_carea' id='block_1_104' title="bbox 1893 4923 2602 4981">
    <p class='ocr_par' dir='ltr' id='par_1_104' title="bbox 1893 4923 2602 4981">
     <span class='ocr_line' id='line_1_104' title="bbox 1893 4923 2602 4981; baseline -0.001 -3"><span class='ocrx_word' id='word_1_801' title='bbox 1893 4924 2157 4981; x_wconf 79' lang='lat' dir='ltr'><strong>VARIAE</strong></span> <span class='ocrx_word' id='word_1_802' title='bbox 2198 4923 2602 4981; x_wconf 85' lang='lat' dir='ltr'><strong>LECTIONES.</strong></span> 
     </span>
    </p>
   </div>
   <div class='ocr_carea' id='block_1_105' title="bbox 700 5048 3920 5142">
    <p class='ocr_par' dir='ltr' id='par_1_105' title="bbox 700 5048 3920 5142">
     <span class='ocr_line' id='line_1_105' title="bbox 700 5048 3920 5142; baseline -0.003 -34"><span class='ocrx_word' id='word_1_803' title='bbox 700 5051 747 5122; x_wconf 71' lang='grc'><strong>³)</strong></span> <span class='ocrx_word' id='word_1_804' title='bbox 802 5052 998 5119; x_wconf 80' lang='lat' dir='ltr'><strong>COI&#39;I‘.,</strong></span> <span class='ocrx_word' id='word_1_805' title='bbox 1049 5052 1205 5142; x_wconf 50' lang='lat' dir='ltr'><strong>cod.‘</strong></span> <span class='ocrx_word' id='word_1_806' title='bbox 1238 5053 1603 5142; x_wconf 75' lang='grc' dir='ltr'>ἐξερευνήσας.</span> <span class='ocrx_word' id='word_1_807' title='bbox 1662 5060 1795 5123; x_wconf 78' lang='grc'><strong>-³)</strong></span> <span class='ocrx_word' id='word_1_808' title='bbox 1823 5057 1905 5114; x_wconf 89' lang='lat' dir='ltr'><strong>Ex</strong></span> <span class='ocrx_word' id='word_1_809' title='bbox 1952 5059 2131 5125; x_wconf 91' lang='lat' dir='ltr'><strong>coni.,</strong></span> <span class='ocrx_word' id='word_1_810' title='bbox 2373 5059 2737 5142; x_wconf 46' lang='lat' dir='ltr'><strong>xtxwagpivov.</strong></span> <span class='ocrx_word' id='word_1_811' title='bbox 2797 5056 2884 5142; x_wconf 56' lang='grc' dir='ltr'><strong>ᾼῑι</strong></span> <span class='ocrx_word' id='word_1_812' title='bbox 2940 5050 3204 5142; x_wconf 66' lang='lat' dir='ltr'><strong>praefers</strong></span> <span class='ocrx_word' id='word_1_813' title='bbox 3256 5048 3785 5142; x_wconf 27' lang='grc' dir='ltr'><strong>κεκονισὶμῄρν,ηὲςξ⁴</strong></span> <span class='ocrx_word' id='word_1_814' title='bbox 3827 5067 3920 5100; x_wconf 87' lang='grc' dir='ltr'>κε-</span> 
     </span>
    </p>
   </div>
   <div class='ocr_carea' id='block_1_106' title="bbox 554 5120 3920 5211">
    <p class='ocr_par' dir='ltr' id='par_1_106' title="bbox 554 5120 3920 5211">
     <span class='ocr_line' id='line_1_106' title="bbox 554 5120 3920 5211; baseline 0 0"><span class='ocrx_word' id='word_1_815' title='bbox 554 5120 825 5211; x_wconf 60' lang='grc' dir='ltr'><strong>κένέὶμεγοϊ</strong></span> <span class='ocrx_word' id='word_1_816' title='bbox 854 5123 883 5176; x_wconf 66' lang='grc'><strong>⁶²</strong></span> <span class='ocrx_word' id='word_1_817' title='bbox 909 5152 981 5166; x_wconf 88' lang='grc'><strong>-</strong></span> <span class='ocrx_word' id='word_1_818' title='bbox 1010 5126 1057 5194; x_wconf 90' lang='grc'><strong>³)</strong></span> <span class='ocrx_word' id='word_1_819' title='bbox 1088 5120 1468 5211; x_wconf 62' lang='grc' dir='ltr'><strong>09ά;.τι⁵φοντ›</strong></span> <span class='ocrx_word' id='word_1_820' title='bbox 1504 5129 1619 5201; x_wconf 85' lang='grc'><strong>-⁴)</strong></span> <span class='ocrx_word' id='word_1_821' title='bbox 1652 5120 1917 5210; x_wconf 66' lang='grc' dir='ltr'><strong>Ερειέοάον</strong></span> <span class='ocrx_word' id='word_1_822' title='bbox 1946 5131 2078 5211; x_wconf 66' lang='lat'><strong>909-</strong></span> <span class='ocrx_word' id='word_1_823' title='bbox 2112 5120 2248 5202; x_wconf 74' lang='grc' dir='ltr'><strong>δμοδ</strong></span> <span class='ocrx_word' id='word_1_824' title='bbox 2253 5130 2417 5211; x_wconf 55' lang='lat'><strong>610.”;-</strong></span> <span class='ocrx_word' id='word_1_825' title='bbox 2449 5160 2527 5211; x_wconf 79' lang='lat'><strong>.-.</strong></span> <span class='ocrx_word' id='word_1_826' title='bbox 2547 5120 2582 5162; x_wconf 69' lang='grc' dir='ltr'><strong>δ’</strong></span> <span class='ocrx_word' id='word_1_827' title='bbox 2609 5126 2881 5211; x_wconf 58' lang='grc' dir='ltr'><strong>Εωθηίὲλρ</strong></span> <span class='ocrx_word' id='word_1_828' title='bbox 2899 5120 3050 5211; x_wconf 46' lang='lat' dir='ltr'><strong>eod.-</strong></span> <span class='ocrx_word' id='word_1_829' title='bbox 3079 5123 3418 5211; x_wconf 43' lang='lat' dir='ltr'><strong>“iw-:9</strong></span> <span class='ocrx_word' id='word_1_830' title='bbox 3440 5120 3814 5211; x_wconf 46' lang='lat' dir='ltr'><strong>E09313??-</strong></span> <span class='ocrx_word' id='word_1_831' title='bbox 3849 5150 3920 5211; x_wconf 61' lang='lat'><strong>7:</strong></span> 
     </span>
    </p>
   </div>
   <div class='ocr_carea' id='block_1_107' title="bbox 558 5192 3923 5280">
    <p class='ocr_par' dir='ltr' id='par_1_107' title="bbox 558 5192 3923 5280">
     <span class='ocr_line' id='line_1_107' title="bbox 558 5192 3923 5280; baseline -0.003 -25"><span class='ocrx_word' id='word_1_832' title='bbox 558 5194 606 5264; x_wconf 86' lang='grc'><strong>⁷)</strong></span> <span class='ocrx_word' id='word_1_833' title='bbox 633 5192 778 5251; x_wconf 79' lang='lat' dir='ltr'><strong>Cod.</strong></span> <span class='ocrx_word' id='word_1_834' title='bbox 800 5192 1108 5249; x_wconf 53' lang='grc' dir='ltr'>ἰαυτῶί-</span> <span class='ocrx_word' id='word_1_835' title='bbox 1138 5196 1183 5270; x_wconf 82' lang='grc'><strong>⁸)</strong></span> <span class='ocrx_word' id='word_1_836' title='bbox 1210 5197 1303 5252; x_wconf 91' lang='lat' dir='ltr'><strong>Sic</strong></span> <span class='ocrx_word' id='word_1_837' title='bbox 1334 5192 1491 5265; x_wconf 48' lang='lat' dir='ltr'><strong>codi,</strong></span> <span class='ocrx_word' id='word_1_838' title='bbox 1527 5192 1647 5256; x_wconf 57' lang='lat' dir='ltr'><strong>no&#39;n</strong></span> <span class='ocrx_word' id='word_1_839' title='bbox 1679 5198 1841 5255; x_wconf 78' lang='grc' dir='ltr'>ἐστι.</span> <span class='ocrx_word' id='word_1_840' title='bbox 1875 5192 1991 5272; x_wconf 47' lang='lat'><strong>4°)</strong></span> <span class='ocrx_word' id='word_1_841' title='bbox 2016 5192 2198 5269; x_wconf 78' lang='lat' dir='ltr'><strong>Corr.,</strong></span> <span class='ocrx_word' id='word_1_842' title='bbox 2232 5202 2369 5257; x_wconf 90' lang='lat' dir='ltr'><strong>cod.</strong></span> <span class='ocrx_word' id='word_1_843' title='bbox 2406 5200 2533 5252; x_wconf 80' lang='grc' dir='ltr'>αὐτὸ</span> <span class='ocrx_word' id='word_1_844' title='bbox 2556 5200 2875 5280; x_wconf 36' lang='grc' dir='ltr'><strong>σπ-ουᾎ-ξο)</strong></span> <span class='ocrx_word' id='word_1_845' title='bbox 2898 5196 2991 5280; x_wconf 55' lang='lat' dir='ltr'><strong>Sic</strong></span> <span class='ocrx_word' id='word_1_846' title='bbox 3018 5195 3244 5280; x_wconf 31' lang='lat' dir='ltr'><strong>inicord.</strong></span> <span class='ocrx_word' id='word_1_847' title='bbox 3272 5192 3404 5280; x_wconf 88' lang='lat' dir='ltr'><strong>sine</strong></span> <span class='ocrx_word' id='word_1_848' title='bbox 3435 5192 3817 5280; x_wconf 69' lang='lat' dir='ltr'><strong>apostropha,</strong></span> 
     </span>
    </p>
   </div>
   <div class='ocr_carea' id='block_1_108' title="bbox 599 5263 3916 5345">
    <p class='ocr_par' dir='ltr' id='par_1_108' title="bbox 599 5263 3916 5345">
     <span class='ocr_line' id='line_1_108' title="bbox 599 5263 3916 5345; baseline -0.006 -9"><span class='ocrx_word' id='word_1_849' title='bbox 599 5266 803 5345; x_wconf 66' lang='grc' dir='ltr'>Βεείωε</span> <span class='ocrx_word' id='word_1_850' title='bbox 834 5298 901 5307; x_wconf 89' lang='grc'><strong>-</strong></span> <span class='ocrx_word' id='word_1_851' title='bbox 930 5269 1000 5345; x_wconf 66' lang='grc' dir='ltr'><strong>Ῐ¹)</strong></span> <span class='ocrx_word' id='word_1_852' title='bbox 1031 5263 1175 5345; x_wconf 54' lang='lat' dir='ltr'><strong>Cod;</strong></span> <span class='ocrx_word' id='word_1_853' title='bbox 1227 5274 1387 5323; x_wconf 79' lang='grc' dir='ltr'>τίσιν·</span> <span class='ocrx_word' id='word_1_854' title='bbox 1423 5263 1490 5312; x_wconf 57' lang='grc' dir='ltr'><strong>-ὲ</strong></span> <span class='ocrx_word' id='word_1_855' title='bbox 1520 5271 1588 5343; x_wconf 80' lang='lat'><strong>1&quot;)</strong></span> <span class='ocrx_word' id='word_1_856' title='bbox 1618 5274 1697 5328; x_wconf 88' lang='lat' dir='ltr'><strong>Ex</strong></span> <span class='ocrx_word' id='word_1_857' title='bbox 1726 5272 1906 5340; x_wconf 90' lang='lat' dir='ltr'><strong>coni.,</strong></span> <span class='ocrx_word' id='word_1_858' title='bbox 1939 5263 2074 5330; x_wconf 85' lang='lat' dir='ltr'><strong>cod.</strong></span> <span class='ocrx_word' id='word_1_859' title='bbox 2108 5263 2269 5327; x_wconf 58' lang='lat' dir='ltr'><strong>facta</strong></span> <span class='ocrx_word' id='word_1_860' title='bbox 2316 5276 2455 5345; x_wconf 82' lang='grc' dir='ltr'>ἔμοὶ.</span> <span class='ocrx_word' id='word_1_861' title='bbox 2496 5301 2563 5313; x_wconf 92' lang='lat'><strong>-</strong></span> <span class='ocrx_word' id='word_1_862' title='bbox 2593 5272 2666 5341; x_wconf 84' lang='grc'><strong>¹³)</strong></span> <span class='ocrx_word' id='word_1_863' title='bbox 2698 5268 2841 5326; x_wconf 90' lang='lat' dir='ltr'><strong>Cod.</strong></span> <span class='ocrx_word' id='word_1_864' title='bbox 2875 5272 2942 5322; x_wconf 87' lang='grc' dir='ltr'><strong>οί.</strong></span> <span class='ocrx_word' id='word_1_865' title='bbox 2971 5296 3042 5310; x_wconf 89' lang='lat'><strong>—-</strong></span> <span class='ocrx_word' id='word_1_866' title='bbox 3067 5268 3137 5339; x_wconf 71' lang='grc' dir='ltr'><strong>νο)</strong></span> <span class='ocrx_word' id='word_1_867' title='bbox 3169 5264 3326 5332; x_wconf 90' lang='lat' dir='ltr'><strong>Cor.,</strong></span> <span class='ocrx_word' id='word_1_868' title='bbox 3354 5263 3493 5321; x_wconf 75' lang='lat' dir='ltr'><strong>cod.</strong></span> <span class='ocrx_word' id='word_1_869' title='bbox 3522 5266 3702 5325; x_wconf 72' lang='grc' dir='ltr'>οὔσης.</span> <span class='ocrx_word' id='word_1_870' title='bbox 3741 5291 3801 5304; x_wconf 89' lang='grc'><strong><em>-</em></strong></span> <span class='ocrx_word' id='word_1_871' title='bbox 3842 5263 3916 5332; x_wconf 82' lang='grc'><strong>¹³)</strong></span> 
     </span>
    </p>
   </div>
   <div class='ocr_carea' id='block_1_109' title="bbox 602 5338 1115 5412">
    <p class='ocr_par' dir='ltr' id='par_1_109' title="bbox 602 5338 1115 5412">
     <span class='ocr_line' id='line_1_109' title="bbox 602 5338 1115 5412; baseline 0 -17"><span class='ocrx_word' id='word_1_872' title='bbox 602 5352 640 5395; x_wconf 86' lang='lat' dir='ltr'><strong>x</strong></span> <span class='ocrx_word' id='word_1_873' title='bbox 671 5339 805 5397; x_wconf 91' lang='lat' dir='ltr'><strong>coni</strong></span> <span class='ocrx_word' id='word_1_874' title='bbox 838 5338 974 5396; x_wconf 90' lang='lat' dir='ltr'><strong>cod.</strong></span> <span class='ocrx_word' id='word_1_875' title='bbox 1013 5343 1115 5412; x_wconf 79' lang='grc' dir='ltr'>μὴ.</span> 
     </span>
    </p>
   </div>
   <div class='ocr_carea' id='block_1_110' title="bbox 2082 5478 2345 5535">
    <p class='ocr_par' dir='ltr' id='par_1_110' title="bbox 2082 5478 2345 5535">
     <span class='ocr_line' id='line_1_110' title="bbox 2082 5478 2345 5535; baseline -0.011 0"><span class='ocrx_word' id='word_1_876' title='bbox 2082 5478 2318 5535; x_wconf 78' lang='lat' dir='ltr'><strong>NOTAE</strong></span> <span class='ocrx_word' id='word_1_877' title='bbox 2333 5519 2345 5532; x_wconf 93' lang='lat'><strong>.</strong></span> 
     </span>
    </p>
   </div>
   <div class='ocr_carea' id='block_1_111' title="bbox 627 5609 1195 5759">
    <p class='ocr_par' dir='ltr' id='par_1_111' title="bbox 627 5609 1195 5759">
     <span class='ocr_line' id='line_1_111' title="bbox 627 5609 1195 5759; baseline -0.002 -91"><span class='ocrx_word' id='word_1_878' title='bbox 627 5612 708 5759; x_wconf 45' lang='lat' dir='ltr'><strong>Et;</strong></span> <span class='ocrx_word' id='word_1_879' title='bbox 732 5611 902 5667; x_wconf 81' lang='lat' dir='ltr'><strong>Rom.</strong></span> <span class='ocrx_word' id='word_1_880' title='bbox 934 5609 1073 5676; x_wconf 87' lang='lat' dir='ltr'><strong>VIII,</strong></span> <span class='ocrx_word' id='word_1_881' title='bbox 1112 5615 1195 5667; x_wconf 89' lang='grc'><strong>16.</strong></span> 
     </span>
     <span class='ocr_line' id='line_1_112' title="bbox 649 5680 1154 5756; baseline 0 -17"><span class='ocrx_word' id='word_1_882' title='bbox 649 5686 683 5739; x_wconf 78' lang='lat'><strong>2</strong></span> <span class='ocrx_word' id='word_1_883' title='bbox 737 5680 784 5740; x_wconf 91' lang='lat' dir='ltr'><strong>II</strong></span> <span class='ocrx_word' id='word_1_884' title='bbox 816 5681 945 5743; x_wconf 89' lang='lat' dir='ltr'><strong>Cor.</strong></span> <span class='ocrx_word' id='word_1_885' title='bbox 970 5685 1034 5756; x_wconf 85' lang='lat' dir='ltr'><strong>X,</strong></span> <span class='ocrx_word' id='word_1_886' title='bbox 1067 5681 1154 5740; x_wconf 89' lang='grc'>18.</span> 
     </span>
    </p>
   </div>
   <div class='ocr_carea' id='block_1_112' title="bbox 649 5680 1154 5756">
    <p class='ocr_par' dir='ltr' id='par_1_112' title="bbox 649 5680 1154 5756">
     <span class='ocr_line' id='line_1_113' title="bbox 649 5680 1154 5756; baseline 0 -17"><span class='ocrx_word' id='word_1_887' title='bbox 649 5680 708 5756; x_wconf 78' lang='lat'><strong>2)</strong></span> <span class='ocrx_word' id='word_1_888' title='bbox 737 5680 784 5740; x_wconf 91' lang='lat' dir='ltr'><strong>II</strong></span> <span class='ocrx_word' id='word_1_889' title='bbox 816 5681 945 5743; x_wconf 89' lang='lat' dir='ltr'><strong>Cor.</strong></span> <span class='ocrx_word' id='word_1_890' title='bbox 970 5685 1034 5756; x_wconf 85' lang='lat' dir='ltr'><strong>X,</strong></span> <span class='ocrx_word' id='word_1_891' title='bbox 1067 5681 1154 5740; x_wconf 89' lang='grc'>18.</span> 
     </span>
    </p>
   </div>
   <div class='ocr_carea' id='block_1_113' title="bbox 2386 5607 2863 5681">
    <p class='ocr_par' dir='ltr' id='par_1_113' title="bbox 2386 5607 2863 5681">
     <span class='ocr_line' id='line_1_114' title="bbox 2386 5607 2863 5681; baseline -0.01 -13"><span class='ocrx_word' id='word_1_892' title='bbox 2386 5608 2461 5681; x_wconf 83' lang='grc'><strong>(3)</strong></span> <span class='ocrx_word' id='word_1_893' title='bbox 2512 5607 2655 5681; x_wconf 62' lang='lat' dir='ltr'><strong>Joh.</strong></span> <span class='ocrx_word' id='word_1_894' title='bbox 2680 5608 2863 5681; x_wconf 37' lang='lat' dir='ltr'><strong>VL“;</strong></span> 
     </span>
    </p>
   </div>
   <div class='ocr_carea' id='block_1_114' title="bbox 2388 5608 3051 5757">
    <p class='ocr_par' dir='ltr' id='par_1_114' title="bbox 2388 5608 3051 5757">
     <span class='ocr_line' id='line_1_115' title="bbox 2388 5608 2863 5681; baseline -0.015 -13"><span class='ocrx_word' id='word_1_895' title='bbox 2388 5611 2436 5681; x_wconf 86' lang='lat'><strong>(3</strong></span> <span class='ocrx_word' id='word_1_896' title='bbox 2512 5608 2646 5666; x_wconf 91' lang='lat' dir='ltr'><strong>Joh.</strong></span> <span class='ocrx_word' id='word_1_897' title='bbox 2680 5609 2741 5675; x_wconf 89' lang='lat' dir='ltr'><strong>V,</strong></span> <span class='ocrx_word' id='word_1_898' title='bbox 2774 5608 2863 5663; x_wconf 73' lang='grc'><strong>44.</strong></span> 
     </span>
     <span class='ocr_line' id='line_1_116' title="bbox 2388 5608 3051 5757; baseline -0.002 -18"><span class='ocrx_word' id='word_1_899' title='bbox 2388 5608 2467 5757; x_wconf 70' lang='grc'><strong>(4)</strong></span> <span class='ocrx_word' id='word_1_900' title='bbox 2526 5679 2703 5741; x_wconf 84' lang='lat' dir='ltr'><strong>Math.</strong></span> <span class='ocrx_word' id='word_1_901' title='bbox 2741 5677 2921 5747; x_wconf 84' lang='lat' dir='ltr'><strong>XXIII,</strong></span> <span class='ocrx_word' id='word_1_902' title='bbox 2953 5677 3051 5738; x_wconf 83' lang='lat'><strong>25.</strong></span> 
     </span>
    </p>
   </div>
  </div>
