  <div class='ocr_page' id='page_1' title='image "/cluster/home/n/w/nwhite01/storage/ocr_20150623/34/mdp.39015041165401/254.png"; bbox 0 0 4084 6256; ppageno 0'>
   <div class='ocr_carea' id='block_1_1' title="bbox 242 258 350 313">
    <p class='ocr_par' dir='ltr' id='par_1_1' title="bbox 242 258 350 313">
     <span class='ocr_line' id='line_1_1' title="bbox 242 258 350 313; baseline 0.009 -1"><span class='ocrx_word' id='word_1_1' title='bbox 242 258 350 313; x_wconf 71' lang='grc'><strong>429</strong></span> 
     </span>
    </p>
   </div>
   <div class='ocr_carea' id='block_1_2' title="bbox 1720 261 2128 320">
    <p class='ocr_par' dir='ltr' id='par_1_2' title="bbox 1720 261 2128 320">
     <span class='ocr_line' id='line_1_2' title="bbox 1720 261 2128 320; baseline 0.007 -3"><span class='ocrx_word' id='word_1_2' title='bbox 1720 261 2128 320; x_wconf 84' lang='lat' dir='ltr'><strong>EPISTOLAE.</strong></span> 
     </span>
    </p>
   </div>
   <div class='ocr_carea' id='block_1_3' title="bbox 3511 270 3616 328">
    <p class='ocr_par' dir='ltr' id='par_1_3' title="bbox 3511 270 3616 328">
     <span class='ocr_line' id='line_1_3' title="bbox 3511 270 3616 328; baseline -0.01 0"><span class='ocrx_word' id='word_1_3' title='bbox 3511 270 3616 328; x_wconf 71' lang='grc'><strong>433</strong></span> 
     </span>
    </p>
   </div>
   <div class='ocr_carea' id='block_1_4' title="bbox 240 381 1856 458">
    <p class='ocr_par' dir='ltr' id='par_1_4' title="bbox 240 381 1852 458">
     <span class='ocr_line' id='line_1_4' title="bbox 240 381 1852 458; baseline 0.002 -23"><span class='ocrx_word' id='word_1_4' title='bbox 240 382 466 454; x_wconf 79' lang='grc' dir='ltr'><strong>ἀγῶνας,</strong></span> <span class='ocrx_word' id='word_1_5' title='bbox 517 383 653 443; x_wconf 87' lang='grc' dir='ltr'><strong>ὅπως</strong></span> <span class='ocrx_word' id='word_1_6' title='bbox 694 385 881 455; x_wconf 87' lang='grc' dir='ltr'><strong>μικρὸν</strong></span> <span class='ocrx_word' id='word_1_7' title='bbox 912 381 1073 455; x_wconf 76' lang='grc' dir='ltr'><strong>εὑρὼν</strong></span> <span class='ocrx_word' id='word_1_8' title='bbox 1117 384 1143 436; x_wconf 92' lang='lat'><strong>6</strong></span> <span class='ocrx_word' id='word_1_9' title='bbox 1196 387 1291 447; x_wconf 85' lang='grc' dir='ltr'><strong>τὰς</strong></span> <span class='ocrx_word' id='word_1_10' title='bbox 1319 384 1373 437; x_wconf 73' lang='grc' dir='ltr'><strong>ἔκ</strong></span> <span class='ocrx_word' id='word_1_11' title='bbox 1430 393 1525 447; x_wconf 79' lang='grc' dir='ltr'><strong>τῆς</strong></span> <span class='ocrx_word' id='word_1_12' title='bbox 1563 393 1666 457; x_wconf 85' lang='grc' dir='ltr'><strong>γῆς</strong></span> <span class='ocrx_word' id='word_1_13' title='bbox 1694 388 1852 458; x_wconf 82' lang='grc' dir='ltr'><strong>τιμὰς</strong></span> 
     </span>
    </p>
   </div>
   <div class='ocr_carea' id='block_1_5' title="bbox 1967 381 3621 458">
    <p class='ocr_par' dir='ltr' id='par_1_5' title="bbox 1967 388 3621 458">
     <span class='ocr_line' id='line_1_5' title="bbox 1967 388 3621 458; baseline 0.005 -16"><span class='ocrx_word' id='word_1_14' title='bbox 1967 388 2188 452; x_wconf 82' lang='lat' dir='ltr'><strong>Quodsi</strong></span> <span class='ocrx_word' id='word_1_15' title='bbox 2214 406 2387 447; x_wconf 90' lang='lat' dir='ltr'><strong>amor</strong></span> <span class='ocrx_word' id='word_1_16' title='bbox 2416 392 2512 448; x_wconf 92' lang='lat' dir='ltr'><strong>Dei</strong></span> <span class='ocrx_word' id='word_1_17' title='bbox 2547 393 2717 450; x_wconf 84' lang='lat' dir='ltr'><strong>vobis</strong></span> <span class='ocrx_word' id='word_1_18' title='bbox 2751 393 2922 458; x_wconf 88' lang='lat' dir='ltr'><strong>inest,</strong></span> <span class='ocrx_word' id='word_1_19' title='bbox 2956 406 3202 448; x_wconf 85' lang='lat' dir='ltr'><strong>necesse</strong></span> <span class='ocrx_word' id='word_1_20' title='bbox 3232 395 3321 447; x_wconf 86' lang='lat' dir='ltr'><strong>est</strong></span> <span class='ocrx_word' id='word_1_21' title='bbox 3345 395 3402 448; x_wconf 92' lang='lat' dir='ltr'><strong>et</strong></span> <span class='ocrx_word' id='word_1_22' title='bbox 3422 396 3621 451; x_wconf 87' lang='lat' dir='ltr'><strong>cetera</strong></span> 
     </span>
    </p>
   </div>
   <div class='ocr_carea' id='block_1_6' title="bbox 240 470 1851 547">
    <p class='ocr_par' dir='ltr' id='par_1_6' title="bbox 240 470 1851 547">
     <span class='ocr_line' id='line_1_6' title="bbox 240 470 1851 547; baseline 0.001 -22"><span class='ocrx_word' id='word_1_23' title='bbox 240 471 571 539; x_wconf 79' lang='grc' dir='ltr'><strong>ύποϐάλλων,</strong></span> <span class='ocrx_word' id='word_1_24' title='bbox 625 476 715 525; x_wconf 84' lang='grc' dir='ltr'><strong>καὶ</strong></span> <span class='ocrx_word' id='word_1_25' title='bbox 772 470 999 525; x_wconf 76' lang='grc' dir='ltr'><strong>ἐντεῦθεν</strong></span> <span class='ocrx_word' id='word_1_26' title='bbox 1053 474 1294 546; x_wconf 84' lang='grc' dir='ltr'><strong>ἁρπάσας</strong></span> <span class='ocrx_word' id='word_1_27' title='bbox 1347 477 1489 547; x_wconf 79' lang='grc' dir='ltr'><strong>ὑμῶν</strong></span> <span class='ocrx_word' id='word_1_28' title='bbox 1559 479 1646 528; x_wconf 89' lang='grc' dir='ltr'><strong>τὸν</strong></span> <span class='ocrx_word' id='word_1_29' title='bbox 1712 484 1851 543; x_wconf 84' lang='grc' dir='ltr'><strong>νοῦν,</strong></span> 
     </span>
    </p>
   </div>
   <div class='ocr_carea' id='block_1_7' title="bbox 241 560 1852 637">
    <p class='ocr_par' dir='ltr' id='par_1_7' title="bbox 241 560 1852 637">
     <span class='ocr_line' id='line_1_7' title="bbox 241 560 1852 637; baseline 0.002 -23"><span class='ocrx_word' id='word_1_30' title='bbox 241 561 299 614; x_wconf 75' lang='grc' dir='ltr'><strong>ἔκ</strong></span> <span class='ocrx_word' id='word_1_31' title='bbox 347 571 440 622; x_wconf 85' lang='grc' dir='ltr'><strong>τῆς</strong></span> <span class='ocrx_word' id='word_1_32' title='bbox 494 570 594 614; x_wconf 89' lang='grc' dir='ltr'><strong>τῶν</strong></span> <span class='ocrx_word' id='word_1_33' title='bbox 644 560 900 619; x_wconf 72' lang='grc' dir='ltr'><strong>ἀληθινῶν</strong></span> <span class='ocrx_word' id='word_1_34' title='bbox 944 560 1206 635; x_wconf 81' lang='grc' dir='ltr'><strong>ἀσχολίας</strong></span> <span class='ocrx_word' id='word_1_35' title='bbox 1250 563 1334 617; x_wconf 73' lang='grc' dir='ltr'><strong>ἐπὶ</strong></span> <span class='ocrx_word' id='word_1_36' title='bbox 1385 567 1450 617; x_wconf 86' lang='grc' dir='ltr'><strong>τά</strong></span> <span class='ocrx_word' id='word_1_37' title='bbox 1512 566 1713 637; x_wconf 87' lang='grc' dir='ltr'><strong>μάταια</strong></span> <span class='ocrx_word' id='word_1_38' title='bbox 1764 572 1852 618; x_wconf 82' lang='grc' dir='ltr'><strong>καὶ</strong></span> 
     </span>
    </p>
   </div>
   <div class='ocr_carea' id='block_1_8' title="bbox 244 650 1852 728">
    <p class='ocr_par' dir='ltr' id='par_1_8' title="bbox 244 650 1852 728">
     <span class='ocr_line' id='line_1_8' title="bbox 244 650 1852 728; baseline 0.002 -24"><span class='ocrx_word' id='word_1_39' title='bbox 244 652 440 712; x_wconf 78' lang='grc' dir='ltr'><strong>πλάνης</strong></span> <span class='ocrx_word' id='word_1_40' title='bbox 504 653 676 723; x_wconf 78' lang='grc' dir='ltr'><strong>μεστὰ</strong></span> <span class='ocrx_word' id='word_1_41' title='bbox 750 650 1109 726; x_wconf 80' lang='grc' dir='ltr'><strong>καταϐάλη¹).</strong></span> <span class='ocrx_word' id='word_1_42' title='bbox 1178 658 1249 726; x_wconf 80' lang='grc' dir='ltr'><strong>μὴ</strong></span> <span class='ocrx_word' id='word_1_43' title='bbox 1310 656 1469 727; x_wconf 86' lang='grc' dir='ltr'><strong>εύρὼν</strong></span> <span class='ocrx_word' id='word_1_44' title='bbox 1546 652 1604 708; x_wconf 79' lang='grc' dir='ltr'><strong>δὲ</strong></span> <span class='ocrx_word' id='word_1_45' title='bbox 1673 658 1852 728; x_wconf 87' lang='grc' dir='ltr'><strong>καιρόν</strong></span> 
     </span>
    </p>
   </div>
   <div class='ocr_carea' id='block_1_9' title="bbox 243 737 1852 814">
    <p class='ocr_par' dir='ltr' id='par_1_9' title="bbox 243 737 1852 814">
     <span class='ocr_line' id='line_1_9' title="bbox 243 737 1852 814; baseline 0.001 -20"><span class='ocrx_word' id='word_1_46' title='bbox 243 741 377 803; x_wconf 86' lang='grc' dir='ltr'><strong>ὅλως</strong></span> <span class='ocrx_word' id='word_1_47' title='bbox 430 737 572 813; x_wconf 72' lang='grc' dir='ltr'><strong>μηδὶ</strong></span> <span class='ocrx_word' id='word_1_48' title='bbox 622 737 1000 814; x_wconf 78' lang='grc' dir='ltr'><strong>παρείσδυσιν,</strong></span> <span class='ocrx_word' id='word_1_49' title='bbox 1062 742 1130 803; x_wconf 81' lang='grc' dir='ltr'><strong>εἰς</strong></span> <span class='ocrx_word' id='word_1_50' title='bbox 1176 746 1236 795; x_wconf 90' lang='grc' dir='ltr'><strong>τό</strong></span> <span class='ocrx_word' id='word_1_51' title='bbox 1288 740 1533 797; x_wconf 81' lang='grc' dir='ltr'><strong>δελεᾱσαι</strong></span> <span class='ocrx_word' id='word_1_52' title='bbox 1596 748 1719 806; x_wconf 84' lang='grc' dir='ltr'><strong>τοὺς</strong></span> <span class='ocrx_word' id='word_1_53' title='bbox 1748 745 1852 796; x_wconf 80' lang='grc' dir='ltr'><strong>ἄνω</strong></span> 
     </span>
    </p>
   </div>
   <div class='ocr_carea' id='block_1_10' title="bbox 242 826 1853 903">
    <p class='ocr_par' dir='ltr' id='par_1_10' title="bbox 242 826 1853 903">
     <span class='ocr_line' id='line_1_10' title="bbox 242 826 1853 903; baseline 0.004 -23"><span class='ocrx_word' id='word_1_54' title='bbox 242 836 362 891; x_wconf 89' lang='grc' dir='ltr'><strong>ταῖς</strong></span> <span class='ocrx_word' id='word_1_55' title='bbox 438 830 647 901; x_wconf 73' lang='grc' dir='ltr'>ψυχαῖς</span> <span class='ocrx_word' id='word_1_56' title='bbox 726 826 1098 903; x_wconf 87' lang='grc' dir='ltr'><strong>διατρίϐοντας</strong></span> <span class='ocrx_word' id='word_1_57' title='bbox 1173 831 1402 885; x_wconf 88' lang='grc' dir='ltr'><strong>ἀπόλωλε</strong></span> <span class='ocrx_word' id='word_1_58' title='bbox 1431 836 1477 901; x_wconf 86' lang='grc'><strong>²)</strong></span> <span class='ocrx_word' id='word_1_59' title='bbox 1529 838 1619 886; x_wconf 84' lang='grc' dir='ltr'><strong>καὶ</strong></span> <span class='ocrx_word' id='word_1_60' title='bbox 1684 841 1853 886; x_wconf 89' lang='grc' dir='ltr'><strong>κεῖται</strong></span> 
     </span>
    </p>
   </div>
   <div class='ocr_carea' id='block_1_11' title="bbox 242 916 1853 997">
    <p class='ocr_par' dir='ltr' id='par_1_11' title="bbox 242 916 1853 997">
     <span class='ocr_line' id='line_1_11' title="bbox 242 916 1853 997; baseline 0.002 -27"><span class='ocrx_word' id='word_1_61' title='bbox 242 922 422 992; x_wconf 85' lang='grc' dir='ltr'><strong>νεκρός</strong></span> <span class='ocrx_word' id='word_1_62' title='bbox 451 936 463 948; x_wconf 84' lang='grc'><strong><em>⁸</em></strong></span> <span class='ocrx_word' id='word_1_63' title='bbox 498 920 717 981; x_wconf 84' lang='grc' dir='ltr'><strong>θάνατος</strong></span> <span class='ocrx_word' id='word_1_64' title='bbox 744 922 846 992; x_wconf 88' lang='grc' dir='ltr'><strong>γάρ</strong></span> <span class='ocrx_word' id='word_1_65' title='bbox 886 916 1136 973; x_wconf 89' lang='grc' dir='ltr'><strong>διαϐόλου</strong></span> <span class='ocrx_word' id='word_1_66' title='bbox 1186 926 1243 974; x_wconf 86' lang='grc' dir='ltr'><strong>τό</strong></span> <span class='ocrx_word' id='word_1_67' title='bbox 1274 923 1535 997; x_wconf 76' lang='grc' dir='ltr'><strong>ἄπρακτον</strong></span> <span class='ocrx_word' id='word_1_68' title='bbox 1581 925 1724 994; x_wconf 78' lang='grc' dir='ltr'><strong>ἔχειν</strong></span> <span class='ocrx_word' id='word_1_69' title='bbox 1763 927 1853 975; x_wconf 86' lang='grc' dir='ltr'><strong>καὶ</strong></span> 
     </span>
    </p>
   </div>
   <div class='ocr_carea' id='block_1_12' title="bbox 244 1006 1855 1085">
    <p class='ocr_par' dir='ltr' id='par_1_12' title="bbox 244 1006 1855 1085">
     <span class='ocr_line' id='line_1_12' title="bbox 244 1006 1855 1085; baseline 0.002 -26"><span class='ocrx_word' id='word_1_70' title='bbox 244 1006 578 1080; x_wconf 77' lang='grc' dir='ltr'><strong>ἀνενίργητον</strong></span> <span class='ocrx_word' id='word_1_71' title='bbox 623 1013 716 1067; x_wconf 79' lang='grc' dir='ltr'>τήν</span> <span class='ocrx_word' id='word_1_72' title='bbox 754 1014 941 1061; x_wconf 89' lang='grc' dir='ltr'><strong>κακίαν</strong></span> <span class='ocrx_word' id='word_1_73' title='bbox 970 1026 983 1039; x_wconf 89' lang='grc'><strong>·</strong></span> <span class='ocrx_word' id='word_1_74' title='bbox 1010 1008 1215 1081; x_wconf 86' lang='grc' dir='ltr'><strong>ἀγάπης</strong></span> <span class='ocrx_word' id='word_1_75' title='bbox 1255 1008 1342 1063; x_wconf 70' lang='grc' dir='ltr'><strong>οὖν</strong></span> <span class='ocrx_word' id='word_1_76' title='bbox 1391 1010 1438 1063; x_wconf 74' lang='grc' dir='ltr'><strong>ἕν</strong></span> <span class='ocrx_word' id='word_1_77' title='bbox 1487 1014 1608 1083; x_wconf 79' lang='grc' dir='ltr'><strong>ὑμῖν</strong></span> <span class='ocrx_word' id='word_1_78' title='bbox 1654 1015 1855 1085; x_wconf 89' lang='grc' dir='ltr'><strong>παρού-</strong></span> 
     </span>
    </p>
   </div>
   <div class='ocr_carea' id='block_1_13' title="bbox 246 1096 1850 1174">
    <p class='ocr_par' dir='ltr' id='par_1_13' title="bbox 246 1096 1850 1174">
     <span class='ocr_line' id='line_1_13' title="bbox 246 1096 1850 1174; baseline 0.002 -25"><span class='ocrx_word' id='word_1_79' title='bbox 246 1115 349 1157; x_wconf 89' lang='grc' dir='ltr'><strong>σης</strong></span> <span class='ocrx_word' id='word_1_80' title='bbox 386 1104 479 1149; x_wconf 85' lang='grc' dir='ltr'><strong>τοῦ</strong></span> <span class='ocrx_word' id='word_1_81' title='bbox 513 1099 628 1150; x_wconf 86' lang='grc' dir='ltr'><strong>θεοῦ</strong></span> <span class='ocrx_word' id='word_1_82' title='bbox 661 1096 861 1170; x_wconf 88' lang='grc' dir='ltr'><strong>ἀνάγκη</strong></span> <span class='ocrx_word' id='word_1_83' title='bbox 890 1104 978 1151; x_wconf 81' lang='grc' dir='ltr'><strong>καὶ</strong></span> <span class='ocrx_word' id='word_1_84' title='bbox 1006 1102 1073 1151; x_wconf 81' lang='grc' dir='ltr'><strong>τὰ</strong></span> <span class='ocrx_word' id='word_1_85' title='bbox 1114 1099 1273 1152; x_wconf 87' lang='grc' dir='ltr'><strong>λοιπά</strong></span> <span class='ocrx_word' id='word_1_86' title='bbox 1319 1103 1481 1174; x_wconf 80' lang='grc' dir='ltr'><strong>ταύτῃ</strong></span> <span class='ocrx_word' id='word_1_87' title='bbox 1516 1103 1850 1165; x_wconf 82' lang='grc' dir='ltr'><strong>συνέπεσθαι,</strong></span> 
     </span>
    </p>
   </div>
   <div class='ocr_carea' id='block_1_14' title="bbox 245 1183 1849 1262">
    <p class='ocr_par' dir='ltr' id='par_1_14' title="bbox 245 1183 1849 1262">
     <span class='ocr_line' id='line_1_14' title="bbox 245 1183 1849 1262; baseline 0.003 -25"><span class='ocrx_word' id='word_1_88' title='bbox 245 1188 305 1237; x_wconf 83' lang='grc' dir='ltr'><strong>τό</strong></span> <span class='ocrx_word' id='word_1_89' title='bbox 340 1183 675 1258; x_wconf 70' lang='grc' dir='ltr'><strong>φιλάδελφον,</strong></span> <span class='ocrx_word' id='word_1_90' title='bbox 718 1190 776 1239; x_wconf 91' lang='grc' dir='ltr'><strong>τὸ</strong></span> <span class='ocrx_word' id='word_1_91' title='bbox 832 1193 1020 1262; x_wconf 86' lang='grc' dir='ltr'><strong>πρᾶον,</strong></span> <span class='ocrx_word' id='word_1_92' title='bbox 1069 1191 1129 1240; x_wconf 89' lang='grc' dir='ltr'><strong>τὸ</strong></span> <span class='ocrx_word' id='word_1_93' title='bbox 1196 1187 1562 1261; x_wconf 80' lang='grc' dir='ltr'><strong>ἀνυπόκριτον,</strong></span> <span class='ocrx_word' id='word_1_94' title='bbox 1622 1193 1680 1241; x_wconf 90' lang='grc' dir='ltr'><strong>τὸ</strong></span> <span class='ocrx_word' id='word_1_95' title='bbox 1736 1193 1849 1262; x_wconf 78' lang='grc' dir='ltr'><strong>περὶ</strong></span> 
     </span>
    </p>
   </div>
   <div class='ocr_carea' id='block_1_15' title="bbox 246 1271 1854 1348">
    <p class='ocr_par' dir='ltr' id='par_1_15' title="bbox 246 1271 1854 1348">
     <span class='ocr_line' id='line_1_15' title="bbox 246 1271 1854 1348; baseline 0.002 -20"><span class='ocrx_word' id='word_1_96' title='bbox 246 1278 341 1337; x_wconf 81' lang='grc' dir='ltr'><strong>τὰς</strong></span> <span class='ocrx_word' id='word_1_97' title='bbox 389 1275 554 1347; x_wconf 76' lang='grc' dir='ltr'>εὐχὰς</span> <span class='ocrx_word' id='word_1_98' title='bbox 600 1271 816 1348; x_wconf 74' lang='grc' dir='ltr'><strong>διαρκὲς</strong></span> <span class='ocrx_word' id='word_1_99' title='bbox 857 1282 947 1330; x_wconf 66' lang='grc' dir='ltr'><strong>καὶ⁵</strong></span> <span class='ocrx_word' id='word_1_100' title='bbox 982 1275 1293 1344; x_wconf 88' lang='grc' dir='ltr'><strong>σπουδαῖον,</strong></span> <span class='ocrx_word' id='word_1_101' title='bbox 1339 1284 1429 1332; x_wconf 80' lang='grc' dir='ltr'><strong>καὶ</strong></span> <span class='ocrx_word' id='word_1_102' title='bbox 1476 1279 1651 1340; x_wconf 83' lang='grc' dir='ltr'><strong>ἁπλῶς</strong></span> <span class='ocrx_word' id='word_1_103' title='bbox 1678 1285 1854 1331; x_wconf 86' lang='grc' dir='ltr'><strong>πᾶσαν</strong></span> 
     </span>
    </p>
   </div>
   <div class='ocr_carea' id='block_1_16' title="bbox 245 1361 1853 1440">
    <p class='ocr_par' dir='ltr' id='par_1_16' title="bbox 245 1361 1853 1440">
     <span class='ocr_line' id='line_1_16' title="bbox 245 1361 1853 1440; baseline 0.002 -24"><span class='ocrx_word' id='word_1_104' title='bbox 245 1363 455 1437; x_wconf 79' lang='grc' dir='ltr'><strong>ἀρετήν.</strong></span> <span class='ocrx_word' id='word_1_105' title='bbox 487 1368 557 1427; x_wconf 82' lang='grc' dir='ltr'><strong>ὡς</strong></span> <span class='ocrx_word' id='word_1_106' title='bbox 590 1361 679 1417; x_wconf 83' lang='grc' dir='ltr'><strong>οὖν</strong></span> <span class='ocrx_word' id='word_1_107' title='bbox 709 1366 935 1437; x_wconf 86' lang='grc' dir='ltr'><strong>μεγάλου</strong></span> <span class='ocrx_word' id='word_1_108' title='bbox 990 1374 1083 1419; x_wconf 85' lang='grc' dir='ltr'><strong>τοῦ</strong></span> <span class='ocrx_word' id='word_1_109' title='bbox 1136 1373 1402 1439; x_wconf 78' lang='grc' dir='ltr'><strong>κτήματος</strong></span> <span class='ocrx_word' id='word_1_110' title='bbox 1454 1372 1592 1428; x_wconf 83' lang='grc' dir='ltr'>ὄντος</span> <span class='ocrx_word' id='word_1_111' title='bbox 1621 1367 1853 1440; x_wconf 86' lang='grc' dir='ltr'><strong>μεγάλων</strong></span> 
     </span>
    </p>
   </div>
   <div class='ocr_carea' id='block_1_17' title="bbox 245 1450 1855 1533">
    <p class='ocr_par' dir='ltr' id='par_1_17' title="bbox 245 1450 1855 1533">
     <span class='ocr_line' id='line_1_17' title="bbox 245 1450 1855 1533; baseline 0.004 -29"><span class='ocrx_word' id='word_1_112' title='bbox 245 1458 341 1505; x_wconf 84' lang='grc' dir='ltr'><strong>καὶ</strong></span> <span class='ocrx_word' id='word_1_113' title='bbox 393 1457 560 1505; x_wconf 89' lang='grc' dir='ltr'><strong>πόνων</strong></span> <span class='ocrx_word' id='word_1_114' title='bbox 609 1450 694 1507; x_wconf 89' lang='grc' dir='ltr'><strong>δεῖ</strong></span> <span class='ocrx_word' id='word_1_115' title='bbox 747 1460 865 1529; x_wconf 81' lang='grc' dir='ltr'><strong>περὶ</strong></span> <span class='ocrx_word' id='word_1_116' title='bbox 924 1460 1018 1515; x_wconf 81' lang='grc' dir='ltr'><strong>τὴν</strong></span> <span class='ocrx_word' id='word_1_117' title='bbox 1072 1464 1282 1523; x_wconf 85' lang='grc' dir='ltr'><strong>κτῆσιν,</strong></span> <span class='ocrx_word' id='word_1_118' title='bbox 1343 1458 1401 1510; x_wconf 76' lang='grc' dir='ltr'><strong>ού</strong></span> <span class='ocrx_word' id='word_1_119' title='bbox 1459 1461 1589 1533; x_wconf 89' lang='grc' dir='ltr'><strong>πρὸς</strong></span> <span class='ocrx_word' id='word_1_120' title='bbox 1640 1454 1855 1521; x_wconf 74' lang='grc' dir='ltr'><strong>ἔνδειξιν</strong></span> 
     </span>
    </p>
   </div>
   <div class='ocr_carea' id='block_1_18' title="bbox 246 1540 1854 1621">
    <p class='ocr_par' dir='ltr' id='par_1_18' title="bbox 246 1540 1854 1621">
     <span class='ocr_line' id='line_1_18' title="bbox 246 1540 1854 1621; baseline 0.003 -27"><span class='ocrx_word' id='word_1_121' title='bbox 246 1540 537 1613; x_wconf 85' lang='grc' dir='ltr'><strong>ἀνθρώπων</strong></span> <span class='ocrx_word' id='word_1_122' title='bbox 590 1548 896 1615; x_wconf 75' lang='grc' dir='ltr'><strong>χινομενων,</strong></span> <span class='ocrx_word' id='word_1_123' title='bbox 933 1544 1040 1597; x_wconf 85' lang='grc' dir='ltr'><strong>ἀλλ’</strong></span> <span class='ocrx_word' id='word_1_124' title='bbox 1095 1546 1166 1608; x_wconf 82' lang='grc' dir='ltr'><strong>εἰς</strong></span> <span class='ocrx_word' id='word_1_125' title='bbox 1224 1550 1281 1598; x_wconf 87' lang='grc' dir='ltr'><strong>τὸ</strong></span> <span class='ocrx_word' id='word_1_126' title='bbox 1338 1546 1524 1621; x_wconf 70' lang='grc' dir='ltr'><strong>ἀρόσαι</strong></span> <span class='ocrx_word' id='word_1_127' title='bbox 1576 1556 1648 1618; x_wconf 83' lang='grc' dir='ltr'><strong>τῷ</strong></span> <span class='ocrx_word' id='word_1_128' title='bbox 1692 1552 1854 1620; x_wconf 83' lang='grc' dir='ltr'>κυρίῳ</span> 
     </span>
    </p>
   </div>
   <div class='ocr_carea' id='block_1_19' title="bbox 246 1630 1855 1708">
    <p class='ocr_par' dir='ltr' id='par_1_19' title="bbox 246 1630 1855 1708">
     <span class='ocr_line' id='line_1_19' title="bbox 246 1630 1855 1708; baseline 0.003 -25"><span class='ocrx_word' id='word_1_129' title='bbox 246 1639 324 1703; x_wconf 85' lang='grc' dir='ltr'><strong>τῷ</strong></span> <span class='ocrx_word' id='word_1_130' title='bbox 351 1634 418 1684; x_wconf 86' lang='grc' dir='ltr'><strong>τά</strong></span> <span class='ocrx_word' id='word_1_131' title='bbox 445 1635 653 1704; x_wconf 82' lang='grc' dir='ltr'><strong>κρυπτά</strong></span> <span class='ocrx_word' id='word_1_132' title='bbox 682 1630 868 1699; x_wconf 79' lang='grc' dir='ltr'><strong>εἰδότι,</strong></span> <span class='ocrx_word' id='word_1_133' title='bbox 921 1637 1044 1707; x_wconf 86' lang='grc' dir='ltr'><strong>πρὸς</strong></span> <span class='ocrx_word' id='word_1_134' title='bbox 1096 1635 1150 1687; x_wconf 88' lang='grc' dir='ltr'><strong>ὃν</strong></span> <span class='ocrx_word' id='word_1_135' title='bbox 1180 1631 1263 1688; x_wconf 86' lang='grc' dir='ltr'><strong>δεῖ</strong></span> <span class='ocrx_word' id='word_1_136' title='bbox 1296 1634 1502 1708; x_wconf 81' lang='grc' dir='ltr'><strong>βλέπειν</strong></span> <span class='ocrx_word' id='word_1_137' title='bbox 1534 1635 1633 1702; x_wconf 84' lang='grc' dir='ltr'><strong>ἀεί,</strong></span> <span class='ocrx_word' id='word_1_138' title='bbox 1664 1641 1755 1689; x_wconf 78' lang='grc' dir='ltr'><strong>καὶ</strong></span> <span class='ocrx_word' id='word_1_139' title='bbox 1797 1640 1855 1688; x_wconf 88' lang='grc' dir='ltr'><strong>τό</strong></span> 
     </span>
    </p>
   </div>
   <div class='ocr_carea' id='block_1_20' title="bbox 249 1717 1857 1798">
    <p class='ocr_par' dir='ltr' id='par_1_20' title="bbox 249 1717 1857 1798">
     <span class='ocr_line' id='line_1_20' title="bbox 249 1717 1857 1798; baseline 0.002 -24"><span class='ocrx_word' id='word_1_140' title='bbox 249 1717 402 1774; x_wconf 76' lang='grc' dir='ltr'><strong>ἔνδον</strong></span> <span class='ocrx_word' id='word_1_141' title='bbox 432 1730 521 1781; x_wconf 82' lang='grc' dir='ltr'><strong>τῆς</strong></span> <span class='ocrx_word' id='word_1_142' title='bbox 549 1720 734 1793; x_wconf 72' lang='grc' dir='ltr'>ψυχῆς</span> <span class='ocrx_word' id='word_1_143' title='bbox 767 1719 1054 1795; x_wconf 63' lang='grc' dir='ltr'><strong>διερευνᾴν,</strong></span> <span class='ocrx_word' id='word_1_144' title='bbox 1087 1728 1177 1776; x_wconf 84' lang='grc' dir='ltr'><strong>καὶ</strong></span> <span class='ocrx_word' id='word_1_145' title='bbox 1220 1727 1595 1798; x_wconf 86' lang='grc' dir='ltr'><strong>περιφράσσειν</strong></span> <span class='ocrx_word' id='word_1_146' title='bbox 1624 1732 1735 1785; x_wconf 89' lang='grc' dir='ltr'><strong>τοῖς</strong></span> <span class='ocrx_word' id='word_1_147' title='bbox 1764 1732 1857 1788; x_wconf 78' lang='grc' dir='ltr'><strong>τῆς</strong></span> 
     </span>
    </p>
   </div>
   <div class='ocr_carea' id='block_1_21' title="bbox 248 1808 1860 1889">
    <p class='ocr_par' dir='ltr' id='par_1_21' title="bbox 248 1808 1860 1889">
     <span class='ocr_line' id='line_1_21' title="bbox 248 1808 1860 1889; baseline 0.002 -26"><span class='ocrx_word' id='word_1_148' title='bbox 248 1808 519 1872; x_wconf 73' lang='grc' dir='ltr'><strong>εὐσεϐείας</strong></span> <span class='ocrx_word' id='word_1_149' title='bbox 546 1809 835 1883; x_wconf 77' lang='grc' dir='ltr'><strong>λογισμοῖς,</strong></span> <span class='ocrx_word' id='word_1_150' title='bbox 863 1811 1002 1873; x_wconf 86' lang='grc' dir='ltr'><strong>ὃπως</strong></span> <span class='ocrx_word' id='word_1_151' title='bbox 1053 1817 1122 1884; x_wconf 76' lang='grc' dir='ltr'><strong>μὴ</strong></span> <span class='ocrx_word' id='word_1_152' title='bbox 1164 1810 1516 1887; x_wconf 82' lang='grc' dir='ltr'><strong>παρείσδυσιν</strong></span> <span class='ocrx_word' id='word_1_153' title='bbox 1571 1814 1693 1889; x_wconf 73' lang='grc' dir='ltr'><strong>εὕρῃ</strong></span> <span class='ocrx_word' id='word_1_154' title='bbox 1745 1818 1860 1866; x_wconf 90' lang='grc' dir='ltr'><strong>τινά</strong></span> 
     </span>
    </p>
   </div>
   <div class='ocr_carea' id='block_1_22' title="bbox 250 1894 1860 1974">
    <p class='ocr_par' dir='ltr' id='par_1_22' title="bbox 250 1894 1860 1974">
     <span class='ocr_line' id='line_1_22' title="bbox 250 1894 1860 1974; baseline 0.004 -24"><span class='ocrx_word' id='word_1_155' title='bbox 250 1894 395 1971; x_wconf 81' lang='grc' dir='ltr'><strong>μηδέ</strong></span> <span class='ocrx_word' id='word_1_156' title='bbox 424 1904 606 1971; x_wconf 86' lang='grc' dir='ltr'><strong>χώραν</strong></span> <span class='ocrx_word' id='word_1_157' title='bbox 654 1898 931 1963; x_wconf 71' lang='grc' dir='ltr'><strong>ἐπιϐουλῆς</strong></span> <span class='ocrx_word' id='word_1_158' title='bbox 988 1902 1013 1952; x_wconf 99' lang='lat'><strong>6</strong></span> <span class='ocrx_word' id='word_1_159' title='bbox 1045 1898 1330 1967; x_wconf 79' lang='grc' dir='ltr'><strong>ἀντίδικος,</strong></span> <span class='ocrx_word' id='word_1_160' title='bbox 1361 1902 1641 1974; x_wconf 78' lang='grc' dir='ltr'><strong>γυμνάζειν</strong></span> <span class='ocrx_word' id='word_1_161' title='bbox 1682 1900 1741 1955; x_wconf 63' lang='grc' dir='ltr'><strong>δὲ</strong></span> <span class='ocrx_word' id='word_1_162' title='bbox 1771 1906 1860 1956; x_wconf 75' lang='grc' dir='ltr'><strong>καὶ</strong></span> 
     </span>
    </p>
   </div>
   <div class='ocr_carea' id='block_1_23' title="bbox 250 1989 1860 2064">
    <p class='ocr_par' dir='ltr' id='par_1_23' title="bbox 250 1989 1860 2064">
     <span class='ocr_line' id='line_1_23' title="bbox 250 1989 1860 2064; baseline 0.002 -24"><span class='ocrx_word' id='word_1_163' title='bbox 250 1990 542 2060; x_wconf 75' lang='grc' dir='ltr'><strong>προσάγειν</strong></span> <span class='ocrx_word' id='word_1_164' title='bbox 589 1992 721 2061; x_wconf 89' lang='grc' dir='ltr'><strong>πρὸς</strong></span> <span class='ocrx_word' id='word_1_165' title='bbox 774 1994 869 2048; x_wconf 76' lang='grc' dir='ltr'><strong>τὴν</strong></span> <span class='ocrx_word' id='word_1_166' title='bbox 898 1997 991 2042; x_wconf 86' lang='grc' dir='ltr'><strong>τοῦ</strong></span> <span class='ocrx_word' id='word_1_167' title='bbox 1042 1991 1205 2042; x_wconf 79' lang='grc' dir='ltr'>καλοῦ</span> <span class='ocrx_word' id='word_1_168' title='bbox 1258 1997 1347 2043; x_wconf 82' lang='grc' dir='ltr'><strong>καὶ</strong></span> <span class='ocrx_word' id='word_1_169' title='bbox 1378 1999 1607 2063; x_wconf 83' lang='grc' dir='ltr'><strong>πονηροῦ</strong></span> <span class='ocrx_word' id='word_1_170' title='bbox 1638 1989 1860 2064; x_wconf 84' lang='grc' dir='ltr'><strong>διάγνω-</strong></span> 
     </span>
    </p>
   </div>
   <div class='ocr_carea' id='block_1_24' title="bbox 255 2078 1859 2153">
    <p class='ocr_par' dir='ltr' id='par_1_24' title="bbox 255 2078 1859 2153">
     <span class='ocr_line' id='line_1_24' title="bbox 255 2078 1859 2153; baseline 0.003 -23"><span class='ocrx_word' id='word_1_171' title='bbox 255 2097 342 2130; x_wconf 89' lang='grc' dir='ltr'><strong>σιν</strong></span> <span class='ocrx_word' id='word_1_172' title='bbox 370 2079 436 2129; x_wconf 83' lang='grc' dir='ltr'><strong>τὰ</strong></span> <span class='ocrx_word' id='word_1_173' title='bbox 480 2078 809 2137; x_wconf 81' lang='grc' dir='ltr'><strong>ἠσθενηκότα</strong></span> <span class='ocrx_word' id='word_1_174' title='bbox 858 2088 955 2141; x_wconf 79' lang='grc' dir='ltr'><strong>τῆς</strong></span> <span class='ocrx_word' id='word_1_175' title='bbox 1006 2079 1190 2151; x_wconf 78' lang='grc' dir='ltr'>ψυχῆς</span> <span class='ocrx_word' id='word_1_176' title='bbox 1242 2080 1369 2153; x_wconf 69' lang='grc' dir='ltr'><strong>μίΛη</strong></span> <span class='ocrx_word' id='word_1_177' title='bbox 1407 2096 1421 2110; x_wconf 80' lang='grc'><strong>⁸</strong></span> <span class='ocrx_word' id='word_1_178' title='bbox 1459 2082 1745 2153; x_wconf 74' lang='grc' dir='ltr'><strong>γυμνάζειν</strong></span> <span class='ocrx_word' id='word_1_179' title='bbox 1798 2078 1859 2135; x_wconf 72' lang='grc' dir='ltr'><strong>δε</strong></span> 
     </span>
    </p>
   </div>
   <div class='ocr_carea' id='block_1_25' title="bbox 245 2162 1857 2241">
    <p class='ocr_par' dir='ltr' id='par_1_25' title="bbox 245 2162 1857 2241">
     <span class='ocr_line' id='line_1_25' title="bbox 245 2162 1857 2241; baseline 0.003 -23"><span class='ocrx_word' id='word_1_180' title='bbox 245 2166 416 2225; x_wconf 77' lang='grc' dir='ltr'><strong>αὐτὴν</strong></span> <span class='ocrx_word' id='word_1_181' title='bbox 447 2162 587 2219; x_wconf 83' lang='grc' dir='ltr'><strong>οἶδεν</strong></span> <span class='ocrx_word' id='word_1_182' title='bbox 615 2169 641 2219; x_wconf 88' lang='lat'><strong>6</strong></span> <span class='ocrx_word' id='word_1_183' title='bbox 683 2164 754 2238; x_wconf 77' lang='grc' dir='ltr'><strong>τῷ</strong></span> <span class='ocrx_word' id='word_1_184' title='bbox 787 2169 883 2239; x_wconf 87' lang='grc' dir='ltr'><strong>θεῲ</strong></span> <span class='ocrx_word' id='word_1_185' title='bbox 912 2168 1152 2241; x_wconf 75' lang='grc' dir='ltr'><strong>ἑπόμενος</strong></span> <span class='ocrx_word' id='word_1_186' title='bbox 1179 2170 1225 2240; x_wconf 70' lang='grc'><strong>³)</strong></span> <span class='ocrx_word' id='word_1_187' title='bbox 1254 2178 1369 2231; x_wconf 86' lang='grc' dir='ltr'>νοῦς</span> <span class='ocrx_word' id='word_1_188' title='bbox 1400 2175 1491 2222; x_wconf 80' lang='grc' dir='ltr'><strong>καὶ</strong></span> <span class='ocrx_word' id='word_1_189' title='bbox 1547 2174 1857 2234; x_wconf 83' lang='grc' dir='ltr'><strong>συνοικίζων</strong></span> 
     </span>
    </p>
   </div>
   <div class='ocr_carea' id='block_1_26' title="bbox 242 2255 1855 2334">
    <p class='ocr_par' dir='ltr' id='par_1_26' title="bbox 242 2255 1855 2334">
     <span class='ocr_line' id='line_1_26' title="bbox 242 2255 1855 2334; baseline 0.002 -25"><span class='ocrx_word' id='word_1_190' title='bbox 242 2255 415 2326; x_wconf 74' lang='grc' dir='ltr'><strong>ἐαυτῷ</strong></span> <span class='ocrx_word' id='word_1_191' title='bbox 470 2262 646 2309; x_wconf 82' lang='grc' dir='ltr'><strong>πᾶσαν</strong></span> <span class='ocrx_word' id='word_1_192' title='bbox 694 2262 788 2314; x_wconf 79' lang='grc' dir='ltr'><strong>τὴν</strong></span> <span class='ocrx_word' id='word_1_193' title='bbox 842 2257 1031 2329; x_wconf 75' lang='grc' dir='ltr'>ψυχὴν</span> <span class='ocrx_word' id='word_1_194' title='bbox 1084 2261 1217 2332; x_wconf 89' lang='grc' dir='ltr'><strong>πρὸς</strong></span> <span class='ocrx_word' id='word_1_195' title='bbox 1258 2261 1445 2311; x_wconf 81' lang='grc' dir='ltr'><strong>ἐκεῖνον</strong></span> <span class='ocrx_word' id='word_1_196' title='bbox 1498 2258 1553 2311; x_wconf 72' lang='grc' dir='ltr'><strong>ἔκ</strong></span> <span class='ocrx_word' id='word_1_197' title='bbox 1608 2269 1700 2322; x_wconf 86' lang='grc' dir='ltr'><strong>τῆς</strong></span> <span class='ocrx_word' id='word_1_198' title='bbox 1725 2264 1855 2334; x_wconf 92' lang='grc' dir='ltr'><strong>πρός</strong></span> 
     </span>
    </p>
   </div>
   <div class='ocr_carea' id='block_1_27' title="bbox 243 2344 1854 2423">
    <p class='ocr_par' dir='ltr' id='par_1_27' title="bbox 243 2344 1854 2423">
     <span class='ocr_line' id='line_1_27' title="bbox 243 2344 1854 2423; baseline 0.002 -25"><span class='ocrx_word' id='word_1_199' title='bbox 243 2347 359 2398; x_wconf 88' lang='grc' dir='ltr'><strong>θεὸν</strong></span> <span class='ocrx_word' id='word_1_200' title='bbox 413 2344 645 2416; x_wconf 87' lang='grc' dir='ltr'><strong>ἀγάπης,</strong></span> <span class='ocrx_word' id='word_1_201' title='bbox 704 2351 795 2398; x_wconf 83' lang='grc' dir='ltr'><strong>καὶ</strong></span> <span class='ocrx_word' id='word_1_202' title='bbox 844 2355 944 2399; x_wconf 84' lang='grc' dir='ltr'><strong>τῶν</strong></span> <span class='ocrx_word' id='word_1_203' title='bbox 1000 2355 1243 2420; x_wconf 80' lang='grc' dir='ltr'><strong>κρυπτῶν</strong></span> <span class='ocrx_word' id='word_1_204' title='bbox 1296 2356 1386 2409; x_wconf 85' lang='grc' dir='ltr'><strong>τῆς</strong></span> <span class='ocrx_word' id='word_1_205' title='bbox 1438 2348 1626 2423; x_wconf 84' lang='grc' dir='ltr'><strong>ἀρετῆς</strong></span> <span class='ocrx_word' id='word_1_206' title='bbox 1654 2352 1854 2402; x_wconf 77' lang='grc' dir='ltr'><strong>ἑννοιῶν</strong></span> 
     </span>
    </p>
   </div>
   <div class='ocr_carea' id='block_1_28' title="bbox 241 2434 1853 2510">
    <p class='ocr_par' dir='ltr' id='par_1_28' title="bbox 241 2434 1853 2510">
     <span class='ocr_line' id='line_1_28' title="bbox 241 2434 1853 2510; baseline 0.002 -23"><span class='ocrx_word' id='word_1_207' title='bbox 241 2440 336 2487; x_wconf 83' lang='grc' dir='ltr'><strong>καὶ</strong></span> <span class='ocrx_word' id='word_1_208' title='bbox 372 2437 537 2509; x_wconf 82' lang='grc' dir='ltr'><strong>ἔργων</strong></span> <span class='ocrx_word' id='word_1_209' title='bbox 590 2434 794 2496; x_wconf 76' lang='grc' dir='ltr'><strong>ἐντολῆς</strong></span> <span class='ocrx_word' id='word_1_210' title='bbox 848 2436 1061 2508; x_wconf 85' lang='grc' dir='ltr'><strong>ἰώμενος</strong></span> <span class='ocrx_word' id='word_1_211' title='bbox 1115 2440 1173 2489; x_wconf 85' lang='grc' dir='ltr'><strong>τὸ</strong></span> <span class='ocrx_word' id='word_1_212' title='bbox 1212 2440 1406 2510; x_wconf 87' lang='grc' dir='ltr'><strong>σαθρὸν</strong></span> <span class='ocrx_word' id='word_1_213' title='bbox 1462 2444 1552 2491; x_wconf 81' lang='grc' dir='ltr'><strong>καὶ</strong></span> <span class='ocrx_word' id='word_1_214' title='bbox 1584 2440 1853 2492; x_wconf 71' lang='grc' dir='ltr'><strong>συνάπτων</strong></span> 
     </span>
    </p>
   </div>
   <div class='ocr_carea' id='block_1_29' title="bbox 237 2520 1853 2601">
    <p class='ocr_par' dir='ltr' id='par_1_29' title="bbox 237 2520 1853 2601">
     <span class='ocr_line' id='line_1_29' title="bbox 237 2520 1853 2601; baseline 0.002 -25"><span class='ocrx_word' id='word_1_215' title='bbox 237 2521 317 2596; x_wconf 81' lang='grc' dir='ltr'><em>τῷ</em></span> <span class='ocrx_word' id='word_1_216' title='bbox 346 2520 577 2595; x_wconf 81' lang='grc' dir='ltr'><strong>δυνατῷ.</strong></span> <span class='ocrx_word' id='word_1_217' title='bbox 638 2522 747 2576; x_wconf 71' lang='grc' dir='ltr'><strong>ἐπεὶ</strong></span> <span class='ocrx_word' id='word_1_218' title='bbox 799 2520 887 2577; x_wconf 81' lang='grc' dir='ltr'><strong>οὖν</strong></span> <span class='ocrx_word' id='word_1_219' title='bbox 941 2530 1039 2597; x_wconf 89' lang='grc' dir='ltr'><strong>μία</strong></span> <span class='ocrx_word' id='word_1_220' title='bbox 1079 2524 1192 2578; x_wconf 73' lang='grc' dir='ltr'><strong>ἔστι</strong></span> <span class='ocrx_word' id='word_1_221' title='bbox 1224 2529 1424 2601; x_wconf 80' lang='grc' dir='ltr'><strong>φρουρὰ</strong></span> <span class='ocrx_word' id='word_1_222' title='bbox 1478 2533 1567 2579; x_wconf 86' lang='grc' dir='ltr'><strong>καὶ</strong></span> <span class='ocrx_word' id='word_1_223' title='bbox 1608 2530 1853 2601; x_wconf 83' lang='grc' dir='ltr'><strong>θεραπεία</strong></span> 
     </span>
    </p>
   </div>
   <div class='ocr_carea' id='block_1_30' title="bbox 237 2612 1852 2685">
    <p class='ocr_par' dir='ltr' id='par_1_30' title="bbox 237 2612 1852 2685">
     <span class='ocr_line' id='line_1_30' title="bbox 237 2612 1852 2685; baseline 0.002 -21"><span class='ocrx_word' id='word_1_224' title='bbox 237 2612 453 2685; x_wconf 73' lang='grc' dir='ltr'>ψυχῆς,</span> <span class='ocrx_word' id='word_1_225' title='bbox 514 2615 573 2665; x_wconf 86' lang='grc' dir='ltr'><strong>τὸ</strong></span> <span class='ocrx_word' id='word_1_226' title='bbox 628 2614 927 2684; x_wconf 81' lang='grc' dir='ltr'><strong>μεμνῆσθαι</strong></span> <span class='ocrx_word' id='word_1_227' title='bbox 984 2616 1033 2665; x_wconf 73' lang='grc' dir='ltr'><strong>ἓν</strong></span> <span class='ocrx_word' id='word_1_228' title='bbox 1084 2616 1230 2685; x_wconf 84' lang='grc' dir='ltr'><strong>πόθῳ</strong></span> <span class='ocrx_word' id='word_1_229' title='bbox 1289 2617 1428 2679; x_wconf 80' lang='grc' dir='ltr'><strong>θεοῦ,</strong></span> <span class='ocrx_word' id='word_1_230' title='bbox 1482 2620 1572 2668; x_wconf 82' lang='grc' dir='ltr'><strong>καὶ</strong></span> <span class='ocrx_word' id='word_1_231' title='bbox 1626 2614 1704 2668; x_wconf 87' lang='grc' dir='ltr'><strong>ἀεὶ</strong></span> <span class='ocrx_word' id='word_1_232' title='bbox 1753 2624 1852 2667; x_wconf 92' lang='grc' dir='ltr'><strong>τῶν</strong></span> 
     </span>
    </p>
   </div>
   <div class='ocr_carea' id='block_1_31' title="bbox 244 2699 1854 2775">
    <p class='ocr_par' dir='ltr' id='par_1_31' title="bbox 244 2699 1854 2775">
     <span class='ocr_line' id='line_1_31' title="bbox 244 2699 1854 2775; baseline 0.002 -22"><span class='ocrx_word' id='word_1_233' title='bbox 244 2702 453 2773; x_wconf 83' lang='grc' dir='ltr'><strong>ἀγαθῶν</strong></span> <span class='ocrx_word' id='word_1_234' title='bbox 487 2704 713 2773; x_wconf 76' lang='grc' dir='ltr'><strong>ἔχεσθαι</strong></span> <span class='ocrx_word' id='word_1_235' title='bbox 754 2699 975 2770; x_wconf 74' lang='grc' dir='ltr'><strong>ἕννοιῶν,</strong></span> <span class='ocrx_word' id='word_1_236' title='bbox 1018 2707 1088 2774; x_wconf 81' lang='grc' dir='ltr'><strong>μὴ</strong></span> <span class='ocrx_word' id='word_1_237' title='bbox 1126 2701 1433 2775; x_wconf 86' lang='grc' dir='ltr'><strong>ἀποστῶμεν</strong></span> <span class='ocrx_word' id='word_1_238' title='bbox 1470 2713 1561 2767; x_wconf 84' lang='grc' dir='ltr'><strong>τῆς</strong></span> <span class='ocrx_word' id='word_1_239' title='bbox 1603 2708 1854 2768; x_wconf 84' lang='grc' dir='ltr'><strong>τοιαύτης</strong></span> 
     </span>
    </p>
   </div>
   <div class='ocr_carea' id='block_1_32' title="bbox 248 2788 1851 2866">
    <p class='ocr_par' dir='ltr' id='par_1_32' title="bbox 248 2788 1851 2866">
     <span class='ocr_line' id='line_1_32' title="bbox 248 2788 1851 2866; baseline 0.002 -23"><span class='ocrx_word' id='word_1_240' title='bbox 248 2788 511 2856; x_wconf 83' lang='grc' dir='ltr'><strong>σπουδῆς,</strong></span> <span class='ocrx_word' id='word_1_241' title='bbox 563 2794 655 2849; x_wconf 79' lang='grc' dir='ltr'><strong>ἤτε</strong></span> <span class='ocrx_word' id='word_1_242' title='bbox 708 2793 987 2856; x_wconf 73' lang='grc' dir='ltr'><strong>ἐσθίοντες,</strong></span> <span class='ocrx_word' id='word_1_243' title='bbox 1042 2796 1133 2850; x_wconf 80' lang='grc' dir='ltr'><strong>ἤτε</strong></span> <span class='ocrx_word' id='word_1_244' title='bbox 1185 2797 1435 2856; x_wconf 88' lang='grc' dir='ltr'><strong>πίνοντες,</strong></span> <span class='ocrx_word' id='word_1_245' title='bbox 1477 2797 1569 2852; x_wconf 84' lang='grc' dir='ltr'><strong>ἤτε</strong></span> <span class='ocrx_word' id='word_1_246' title='bbox 1598 2794 1851 2866; x_wconf 80' lang='grc' dir='ltr'><strong>ἠρεμούν-</strong></span> 
     </span>
    </p>
   </div>
   <div class='ocr_carea' id='block_1_33' title="bbox 246 2883 1855 2953">
    <p class='ocr_par' dir='ltr' id='par_1_33' title="bbox 246 2883 1855 2953">
     <span class='ocr_line' id='line_1_33' title="bbox 246 2883 1855 2953; baseline 0.002 -21"><span class='ocrx_word' id='word_1_247' title='bbox 246 2899 349 2946; x_wconf 89' lang='grc' dir='ltr'><strong>τες,</strong></span> <span class='ocrx_word' id='word_1_248' title='bbox 408 2884 502 2939; x_wconf 83' lang='grc' dir='ltr'><strong>ἧτε</strong></span> <span class='ocrx_word' id='word_1_249' title='bbox 559 2888 824 2943; x_wconf 85' lang='grc' dir='ltr'><strong>ποιοῦντες</strong></span> <span class='ocrx_word' id='word_1_250' title='bbox 880 2884 1007 2945; x_wconf 82' lang='grc' dir='ltr'><strong>τι,ῆ</strong></span> <span class='ocrx_word' id='word_1_251' title='bbox 1069 2883 1427 2953; x_wconf 72' lang='grc' dir='ltr'><strong>φθεγγόμενοι,</strong></span> <span class='ocrx_word' id='word_1_252' title='bbox 1489 2884 1628 2944; x_wconf 87' lang='grc' dir='ltr'><strong>ὅπως</strong></span> <span class='ocrx_word' id='word_1_253' title='bbox 1684 2885 1855 2936; x_wconf 89' lang='grc' dir='ltr'><strong>πάντα</strong></span> 
     </span>
    </p>
   </div>
   <div class='ocr_carea' id='block_1_34' title="bbox 247 2968 1850 3045">
    <p class='ocr_par' dir='ltr' id='par_1_34' title="bbox 247 2968 1850 3045">
     <span class='ocr_line' id='line_1_34' title="bbox 247 2968 1850 3045; baseline 0.002 -25"><span class='ocrx_word' id='word_1_254' title='bbox 247 2972 317 3020; x_wconf 77' lang='grc' dir='ltr'><strong>τὰ</strong></span> <span class='ocrx_word' id='word_1_255' title='bbox 337 2969 461 3042; x_wconf 84' lang='grc' dir='ltr'><strong>παρ’</strong></span> <span class='ocrx_word' id='word_1_256' title='bbox 505 2969 628 3037; x_wconf 74' lang='grc' dir='ltr'><strong>ἡμῖν</strong></span> <span class='ocrx_word' id='word_1_257' title='bbox 658 2970 729 3031; x_wconf 84' lang='grc' dir='ltr'><strong>εἰς</strong></span> <span class='ocrx_word' id='word_1_258' title='bbox 772 2973 867 3027; x_wconf 85' lang='grc' dir='ltr'><strong>τὴν</strong></span> <span class='ocrx_word' id='word_1_259' title='bbox 896 2976 989 3022; x_wconf 83' lang='grc' dir='ltr'><strong>τοῦ</strong></span> <span class='ocrx_word' id='word_1_260' title='bbox 1038 2972 1153 3022; x_wconf 83' lang='grc' dir='ltr'><strong>θεοῦ</strong></span> <span class='ocrx_word' id='word_1_261' title='bbox 1187 2971 1400 3043; x_wconf 81' lang='grc' dir='ltr'><strong>συντελῇ</strong></span> <span class='ocrx_word' id='word_1_262' title='bbox 1437 2968 1615 3036; x_wconf 83' lang='grc' dir='ltr'><strong>δόξαν,</strong></span> <span class='ocrx_word' id='word_1_263' title='bbox 1662 2976 1751 3024; x_wconf 79' lang='grc' dir='ltr'><strong>καὶ</strong></span> <span class='ocrx_word' id='word_1_264' title='bbox 1779 2977 1850 3045; x_wconf 83' lang='grc' dir='ltr'><strong>μὴ</strong></span> 
     </span>
    </p>
   </div>
   <div class='ocr_carea' id='block_1_35' title="bbox 255 3055 1850 3134">
    <p class='ocr_par' dir='ltr' id='par_1_35' title="bbox 255 3055 1850 3134">
     <span class='ocr_line' id='line_1_35' title="bbox 255 3055 1850 3134; baseline 0.003 -26"><span class='ocrx_word' id='word_1_265' title='bbox 255 3059 327 3119; x_wconf 83' lang='grc' dir='ltr'><strong>εἰς</strong></span> <span class='ocrx_word' id='word_1_266' title='bbox 369 3060 461 3113; x_wconf 79' lang='grc' dir='ltr'><strong>τὴν</strong></span> <span class='ocrx_word' id='word_1_267' title='bbox 507 3059 750 3131; x_wconf 75' lang='grc' dir='ltr'><strong>ἡμετέραν</strong></span> <span class='ocrx_word' id='word_1_268' title='bbox 796 3058 980 3124; x_wconf 71' lang='grc' dir='ltr'><strong>αὐτῶν,</strong></span> <span class='ocrx_word' id='word_1_269' title='bbox 1034 3055 1173 3130; x_wconf 81' lang='grc' dir='ltr'><strong>μηδέ</strong></span> <span class='ocrx_word' id='word_1_270' title='bbox 1219 3061 1317 3132; x_wconf 79' lang='grc' dir='ltr'><strong>ἔχη</strong></span> <span class='ocrx_word' id='word_1_271' title='bbox 1365 3061 1411 3131; x_wconf 78' lang='grc'><strong>⁴)</strong></span> <span class='ocrx_word' id='word_1_272' title='bbox 1458 3064 1575 3112; x_wconf 84' lang='grc' dir='ltr'><strong>τινὰ</strong></span> <span class='ocrx_word' id='word_1_273' title='bbox 1612 3061 1773 3134; x_wconf 85' lang='grc' dir='ltr'><strong>ῥύπον</strong></span> <span class='ocrx_word' id='word_1_274' title='bbox 1822 3062 1850 3120; x_wconf 75' lang='grc' dir='ltr'>ἢ</span> 
     </span>
    </p>
   </div>
   <div class='ocr_carea' id='block_1_36' title="bbox 248 3142 1845 3221">
    <p class='ocr_par' dir='ltr' id='par_1_36' title="bbox 248 3142 1845 3221">
     <span class='ocr_line' id='line_1_36' title="bbox 248 3142 1845 3221; baseline 0.003 -23"><span class='ocrx_word' id='word_1_275' title='bbox 248 3142 448 3203; x_wconf 89' lang='grc' dir='ltr'><strong>κηλῖδα</strong></span> <span class='ocrx_word' id='word_1_276' title='bbox 478 3147 622 3218; x_wconf 74' lang='grc' dir='ltr'><strong>ἡμῶν</strong></span> <span class='ocrx_word' id='word_1_277' title='bbox 651 3148 676 3199; x_wconf 93' lang='lat'><strong>6</strong></span> <span class='ocrx_word' id='word_1_278' title='bbox 709 3146 824 3220; x_wconf 80' lang='grc' dir='ltr'><strong>βίος</strong></span> <span class='ocrx_word' id='word_1_279' title='bbox 856 3148 910 3200; x_wconf 81' lang='grc' dir='ltr'><strong>ἐκ</strong></span> <span class='ocrx_word' id='word_1_280' title='bbox 942 3155 1038 3208; x_wconf 83' lang='grc' dir='ltr'><strong>τῆς</strong></span> <span class='ocrx_word' id='word_1_281' title='bbox 1093 3154 1183 3200; x_wconf 86' lang='grc' dir='ltr'><strong>τοῦ</strong></span> <span class='ocrx_word' id='word_1_282' title='bbox 1226 3156 1455 3221; x_wconf 84' lang='grc' dir='ltr'><strong>πονηροῦ</strong></span> <span class='ocrx_word' id='word_1_283' title='bbox 1503 3149 1776 3211; x_wconf 72' lang='grc' dir='ltr'><strong>ἄπιϐουλῆς</strong></span> <span class='ocrx_word' id='word_1_284' title='bbox 1836 3169 1845 3176; x_wconf 87' lang='grc'>·</span> 
     </span>
    </p>
   </div>
   <div class='ocr_carea' id='block_1_37' title="bbox 244 3233 1852 3308">
    <p class='ocr_par' dir='ltr' id='par_1_37' title="bbox 244 3233 1852 3308">
     <span class='ocr_line' id='line_1_37' title="bbox 244 3233 1852 3308; baseline 0.004 -22"><span class='ocrx_word' id='word_1_285' title='bbox 244 3238 337 3287; x_wconf 88' lang='grc' dir='ltr'><strong>καὶ</strong></span> <span class='ocrx_word' id='word_1_286' title='bbox 389 3234 553 3296; x_wconf 79' lang='grc' dir='ltr'><strong>ἄλλως</strong></span> <span class='ocrx_word' id='word_1_287' title='bbox 582 3237 630 3305; x_wconf 80' lang='lat'><strong>5)</strong></span> <span class='ocrx_word' id='word_1_288' title='bbox 680 3233 738 3289; x_wconf 66' lang='grc' dir='ltr'><strong>δι</strong></span> <span class='ocrx_word' id='word_1_289' title='bbox 785 3244 892 3297; x_wconf 91' lang='grc' dir='ltr'><strong>τοῖς</strong></span> <span class='ocrx_word' id='word_1_290' title='bbox 934 3236 1180 3308; x_wconf 86' lang='grc' dir='ltr'><strong>ἀγαπῶσι</strong></span> <span class='ocrx_word' id='word_1_291' title='bbox 1232 3242 1317 3290; x_wconf 89' lang='grc' dir='ltr'><strong>τόν</strong></span> <span class='ocrx_word' id='word_1_292' title='bbox 1350 3240 1460 3291; x_wconf 89' lang='grc' dir='ltr'><strong>θεὸν</strong></span> <span class='ocrx_word' id='word_1_293' title='bbox 1515 3239 1721 3301; x_wconf 73' lang='grc' dir='ltr'><strong>εὔκολος</strong></span> <span class='ocrx_word' id='word_1_294' title='bbox 1762 3245 1852 3293; x_wconf 81' lang='grc' dir='ltr'><strong>καὶ</strong></span> 
     </span>
    </p>
   </div>
   <div class='ocr_carea' id='block_1_38' title="bbox 246 3319 1854 3401">
    <p class='ocr_par' dir='ltr' id='par_1_38' title="bbox 246 3319 1854 3401">
     <span class='ocr_line' id='line_1_38' title="bbox 246 3319 1854 3401; baseline 0.005 -28"><span class='ocrx_word' id='word_1_295' title='bbox 246 3319 389 3385; x_wconf 82' lang='grc' dir='ltr'><strong>ἡδὺς</strong></span> <span class='ocrx_word' id='word_1_296' title='bbox 451 3331 554 3375; x_wconf 85' lang='grc' dir='ltr'><strong>τῶν</strong></span> <span class='ocrx_word' id='word_1_297' title='bbox 608 3324 818 3376; x_wconf 70' lang='grc' dir='ltr'><strong>ἐντολῶν</strong></span> <span class='ocrx_word' id='word_1_298' title='bbox 867 3327 891 3377; x_wconf 95' lang='lat'><strong>6</strong></span> <span class='ocrx_word' id='word_1_299' title='bbox 943 3331 1115 3391; x_wconf 87' lang='grc' dir='ltr'><strong>πόνος,</strong></span> <span class='ocrx_word' id='word_1_300' title='bbox 1182 3326 1394 3401; x_wconf 76' lang='grc' dir='ltr'><strong>ἐλαφρὸν</strong></span> <span class='ocrx_word' id='word_1_301' title='bbox 1440 3334 1528 3381; x_wconf 79' lang='grc' dir='ltr'><strong>καὶ</strong></span> <span class='ocrx_word' id='word_1_302' title='bbox 1571 3333 1854 3400; x_wconf 77' lang='grc' dir='ltr'><strong>ἐπέραστον</strong></span> 
     </span>
    </p>
   </div>
   <div class='ocr_carea' id='block_1_39' title="bbox 250 3410 1852 3490">
    <p class='ocr_par' dir='ltr' id='par_1_39' title="bbox 250 3410 1852 3490">
     <span class='ocr_line' id='line_1_39' title="bbox 250 3410 1852 3490; baseline 0.006 -28"><span class='ocrx_word' id='word_1_303' title='bbox 250 3410 381 3483; x_wconf 79' lang='grc' dir='ltr'><strong>ἡμῖν</strong></span> <span class='ocrx_word' id='word_1_304' title='bbox 413 3415 502 3463; x_wconf 84' lang='grc' dir='ltr'><strong>τόν</strong></span> <span class='ocrx_word' id='word_1_305' title='bbox 536 3410 713 3482; x_wconf 87' lang='grc' dir='ltr'><strong>ἀγῶνα</strong></span> <span class='ocrx_word' id='word_1_306' title='bbox 757 3420 845 3474; x_wconf 81' lang='grc' dir='ltr'><strong>τῆς</strong></span> <span class='ocrx_word' id='word_1_307' title='bbox 892 3419 1027 3488; x_wconf 70' lang='grc' dir='ltr'><strong>πρὸς</strong></span> <span class='ocrx_word' id='word_1_308' title='bbox 1069 3415 1256 3468; x_wconf 76' lang='grc' dir='ltr'><strong>ἐκεῖνον</strong></span> <span class='ocrx_word' id='word_1_309' title='bbox 1314 3420 1574 3481; x_wconf 85' lang='grc' dir='ltr'><strong>ποιούσης</strong></span> <span class='ocrx_word' id='word_1_310' title='bbox 1623 3418 1852 3490; x_wconf 87' lang='grc' dir='ltr'><strong>ἀγάπης.</strong></span> 
     </span>
    </p>
   </div>
   <div class='ocr_carea' id='block_1_40' title="bbox 254 3497 1852 3582">
    <p class='ocr_par' dir='ltr' id='par_1_40' title="bbox 254 3497 1852 3582">
     <span class='ocr_line' id='line_1_40' title="bbox 254 3497 1852 3582; baseline 0.004 -30"><span class='ocrx_word' id='word_1_311' title='bbox 254 3497 353 3552; x_wconf 80' lang='grc' dir='ltr'><strong>διὰ</strong></span> <span class='ocrx_word' id='word_1_312' title='bbox 404 3506 560 3552; x_wconf 84' lang='grc' dir='ltr'><strong>τοῦτο</strong></span> <span class='ocrx_word' id='word_1_313' title='bbox 615 3506 703 3554; x_wconf 82' lang='grc' dir='ltr'><strong>καὶ</strong></span> <span class='ocrx_word' id='word_1_314' title='bbox 734 3503 759 3553; x_wconf 92' lang='grc' dir='ltr'><strong>ό</strong></span> <span class='ocrx_word' id='word_1_315' title='bbox 790 3508 1010 3577; x_wconf 84' lang='grc' dir='ltr'><strong>πονηρός</strong></span> <span class='ocrx_word' id='word_1_316' title='bbox 1056 3507 1228 3557; x_wconf 87' lang='grc' dir='ltr'><strong>πάντα</strong></span> <span class='ocrx_word' id='word_1_317' title='bbox 1278 3504 1589 3578; x_wconf 78' lang='grc' dir='ltr'><strong>ἀγωνίζεται</strong></span> <span class='ocrx_word' id='word_1_318' title='bbox 1641 3512 1852 3582; x_wconf 86' lang='grc' dir='ltr'><strong>τρόπον,</strong></span> 
     </span>
    </p>
   </div>
   <div class='ocr_carea' id='block_1_41' title="bbox 250 3587 1857 3669">
    <p class='ocr_par' dir='ltr' id='par_1_41' title="bbox 250 3587 1857 3669">
     <span class='ocr_line' id='line_1_41' title="bbox 250 3587 1857 3669; baseline 0.005 -28"><span class='ocrx_word' id='word_1_319' title='bbox 250 3587 488 3642; x_wconf 72' lang='grc' dir='ltr'><strong>ἐκϐαλεῖν</strong></span> <span class='ocrx_word' id='word_1_320' title='bbox 541 3592 629 3642; x_wconf 89' lang='grc' dir='ltr'><strong>τόν</strong></span> <span class='ocrx_word' id='word_1_321' title='bbox 660 3597 750 3643; x_wconf 82' lang='grc' dir='ltr'><strong>τοῦ</strong></span> <span class='ocrx_word' id='word_1_322' title='bbox 802 3597 990 3666; x_wconf 85' lang='grc' dir='ltr'><strong>κυρίου</strong></span> <span class='ocrx_word' id='word_1_323' title='bbox 1022 3592 1175 3666; x_wconf 83' lang='grc' dir='ltr'><strong>φόϐον</strong></span> <span class='ocrx_word' id='word_1_324' title='bbox 1231 3594 1332 3647; x_wconf 83' lang='grc' dir='ltr'><strong>ἀπὸ</strong></span> <span class='ocrx_word' id='word_1_325' title='bbox 1362 3604 1461 3647; x_wconf 90' lang='grc' dir='ltr'><strong>τῶν</strong></span> <span class='ocrx_word' id='word_1_326' title='bbox 1511 3596 1726 3669; x_wconf 70' lang='grc' dir='ltr'><strong>ψυχῶν,</strong></span> <span class='ocrx_word' id='word_1_327' title='bbox 1767 3602 1857 3649; x_wconf 82' lang='grc' dir='ltr'><strong>καὶ</strong></span> 
     </span>
    </p>
   </div>
   <div class='ocr_carea' id='block_1_42' title="bbox 247 3675 1857 3760">
    <p class='ocr_par' dir='ltr' id='par_1_42' title="bbox 247 3675 1857 3760">
     <span class='ocr_line' id='line_1_42' title="bbox 247 3675 1857 3760; baseline 0.004 -28"><span class='ocrx_word' id='word_1_328' title='bbox 247 3675 507 3732; x_wconf 86' lang='grc' dir='ltr'><strong>διαλῦσαι</strong></span> <span class='ocrx_word' id='word_1_329' title='bbox 538 3685 631 3738; x_wconf 79' lang='grc' dir='ltr'><strong>τὴν</strong></span> <span class='ocrx_word' id='word_1_330' title='bbox 682 3684 810 3753; x_wconf 88' lang='grc' dir='ltr'><strong>πρὸς</strong></span> <span class='ocrx_word' id='word_1_331' title='bbox 864 3684 1051 3735; x_wconf 80' lang='grc' dir='ltr'><strong>ἐκεῖνον</strong></span> <span class='ocrx_word' id='word_1_332' title='bbox 1102 3681 1310 3754; x_wconf 88' lang='grc' dir='ltr'><strong>ἀγάπην</strong></span> <span class='ocrx_word' id='word_1_333' title='bbox 1366 3682 1584 3746; x_wconf 78' lang='grc' dir='ltr'><strong>ἡδοναῖς</strong></span> <span class='ocrx_word' id='word_1_334' title='bbox 1634 3691 1857 3760; x_wconf 86' lang='grc' dir='ltr'><strong>παρανό-</strong></span> 
     </span>
    </p>
   </div>
   <div class='ocr_carea' id='block_1_43' title="bbox 247 3770 1860 3845">
    <p class='ocr_par' dir='ltr' id='par_1_43' title="bbox 247 3770 1860 3845">
     <span class='ocr_line' id='line_1_43' title="bbox 247 3770 1860 3845; baseline 0.005 -26"><span class='ocrx_word' id='word_1_335' title='bbox 247 3787 370 3840; x_wconf 90' lang='grc' dir='ltr'><strong>μοις</strong></span> <span class='ocrx_word' id='word_1_336' title='bbox 445 3773 534 3820; x_wconf 80' lang='grc' dir='ltr'><strong>καὶ</strong></span> <span class='ocrx_word' id='word_1_337' title='bbox 607 3777 841 3843; x_wconf 83' lang='grc' dir='ltr'><strong>τερπνοῖς</strong></span> <span class='ocrx_word' id='word_1_338' title='bbox 919 3770 1245 3841; x_wconf 84' lang='grc' dir='ltr'><strong>ἀγκίστροις,</strong></span> <span class='ocrx_word' id='word_1_339' title='bbox 1324 3773 1646 3845; x_wconf 80' lang='grc' dir='ltr'><strong>φιλονεικῶν,</strong></span> <span class='ocrx_word' id='word_1_340' title='bbox 1722 3777 1860 3837; x_wconf 87' lang='grc' dir='ltr'><strong>ὅπως</strong></span> 
     </span>
    </p>
   </div>
   <div class='ocr_carea' id='block_1_44' title="bbox 246 3861 1859 3937">
    <p class='ocr_par' dir='ltr' id='par_1_44' title="bbox 246 3861 1859 3937">
     <span class='ocr_line' id='line_1_44' title="bbox 246 3861 1859 3937; baseline 0.004 -28"><span class='ocrx_word' id='word_1_341' title='bbox 246 3861 453 3928; x_wconf 79' lang='grc' dir='ltr'><strong>γυμνὴν</strong></span> <span class='ocrx_word' id='word_1_342' title='bbox 522 3866 623 3910; x_wconf 90' lang='grc' dir='ltr'><strong>τῶν</strong></span> <span class='ocrx_word' id='word_1_343' title='bbox 695 3868 1058 3932; x_wconf 86' lang='grc' dir='ltr'><strong>πνευματικῶν</strong></span> <span class='ocrx_word' id='word_1_344' title='bbox 1136 3861 1301 3914; x_wconf 86' lang='grc' dir='ltr'><strong>ὃπλων</strong></span> <span class='ocrx_word' id='word_1_345' title='bbox 1320 3863 1363 3933; x_wconf 77' lang='grc'><strong>⁸)</strong></span> <span class='ocrx_word' id='word_1_346' title='bbox 1438 3868 1528 3915; x_wconf 84' lang='grc' dir='ltr'><strong>καὶ</strong></span> <span class='ocrx_word' id='word_1_347' title='bbox 1601 3865 1859 3937; x_wconf 81' lang='grc' dir='ltr'><strong>ἄφρουρον</strong></span> 
     </span>
    </p>
   </div>
   <div class='ocr_carea' id='block_1_45' title="bbox 249 3945 1860 4026">
    <p class='ocr_par' dir='ltr' id='par_1_45' title="bbox 249 3945 1860 4026">
     <span class='ocr_line' id='line_1_45' title="bbox 249 3945 1860 4026; baseline 0.005 -29"><span class='ocrx_word' id='word_1_348' title='bbox 249 3945 422 3999; x_wconf 86' lang='grc' dir='ltr'><strong>λαϐὼν</strong></span> <span class='ocrx_word' id='word_1_349' title='bbox 470 3952 565 4006; x_wconf 78' lang='grc' dir='ltr'><strong>τὴν</strong></span> <span class='ocrx_word' id='word_1_350' title='bbox 595 3947 803 4020; x_wconf 79' lang='grc' dir='ltr'><strong>ψυχήν,</strong></span> <span class='ocrx_word' id='word_1_351' title='bbox 860 3953 978 4010; x_wconf 78' lang='grc' dir='ltr'><strong>τοὺς</strong></span> <span class='ocrx_word' id='word_1_352' title='bbox 1023 3955 1212 4013; x_wconf 87' lang='grc' dir='ltr'><strong>πόνους</strong></span> <span class='ocrx_word' id='word_1_353' title='bbox 1237 3953 1384 4024; x_wconf 83' lang='grc' dir='ltr'><strong>ἡμῶν</strong></span> <span class='ocrx_word' id='word_1_354' title='bbox 1416 3950 1716 4026; x_wconf 82' lang='grc' dir='ltr'><strong>διαφθείρη,</strong></span> <span class='ocrx_word' id='word_1_355' title='bbox 1766 3959 1860 4012; x_wconf 81' lang='grc' dir='ltr'><strong>τὴν</strong></span> 
     </span>
    </p>
   </div>
   <div class='ocr_carea' id='block_1_46' title="bbox 254 4034 1860 4115">
    <p class='ocr_par' dir='ltr' id='par_1_46' title="bbox 254 4034 1860 4115">
     <span class='ocr_line' id='line_1_46' title="bbox 254 4034 1860 4115; baseline 0.004 -28"><span class='ocrx_word' id='word_1_356' title='bbox 254 4034 310 4088; x_wconf 72' lang='grc' dir='ltr'><strong>ἐκ</strong></span> <span class='ocrx_word' id='word_1_357' title='bbox 362 4043 459 4098; x_wconf 77' lang='grc' dir='ltr'><strong>τῆς</strong></span> <span class='ocrx_word' id='word_1_358' title='bbox 512 4043 609 4107; x_wconf 80' lang='grc' dir='ltr'><strong>γῆς</strong></span> <span class='ocrx_word' id='word_1_359' title='bbox 663 4038 789 4108; x_wconf 76' lang='grc' dir='ltr'><strong>ἡμῖν</strong></span> <span class='ocrx_word' id='word_1_360' title='bbox 844 4035 1002 4100; x_wconf 84' lang='grc' dir='ltr'><strong>δόξαν</strong></span> <span class='ocrx_word' id='word_1_361' title='bbox 1056 4042 1343 4110; x_wconf 74' lang='grc' dir='ltr'><strong>ἓπεισάγων</strong></span> <span class='ocrx_word' id='word_1_362' title='bbox 1395 4050 1457 4114; x_wconf 72' lang='grc' dir='ltr'><strong>τῇ</strong></span> <span class='ocrx_word' id='word_1_363' title='bbox 1491 4042 1731 4115; x_wconf 78' lang='grc' dir='ltr'><strong>οὐρανίῳ,</strong></span> <span class='ocrx_word' id='word_1_364' title='bbox 1771 4048 1860 4095; x_wconf 85' lang='grc' dir='ltr'><strong>καὶ</strong></span> 
     </span>
    </p>
   </div>
   <div class='ocr_carea' id='block_1_47' title="bbox 254 4122 1860 4193">
    <p class='ocr_par' dir='ltr' id='par_1_47' title="bbox 254 4122 1860 4193">
     <span class='ocr_line' id='line_1_47' title="bbox 254 4122 1860 4193; baseline 0.005 -17"><span class='ocrx_word' id='word_1_365' title='bbox 254 4122 505 4177; x_wconf 72' lang='grc' dir='ltr'><strong>ἑπιθολῶν</strong></span> <span class='ocrx_word' id='word_1_366' title='bbox 540 4129 606 4177; x_wconf 89' lang='grc' dir='ltr'><strong>τά</strong></span> <span class='ocrx_word' id='word_1_367' title='bbox 657 4130 846 4187; x_wconf 82' lang='grc' dir='ltr'><strong>ὄντοως</strong></span> <span class='ocrx_word' id='word_1_368' title='bbox 895 4128 1028 4180; x_wconf 88' lang='grc' dir='ltr'><strong>καλά</strong></span> <span class='ocrx_word' id='word_1_369' title='bbox 1075 4136 1179 4189; x_wconf 90' lang='grc' dir='ltr'><strong>τοῖς</strong></span> <span class='ocrx_word' id='word_1_370' title='bbox 1219 4127 1468 4181; x_wconf 85' lang='grc' dir='ltr'><strong>δοκοῦσιν</strong></span> <span class='ocrx_word' id='word_1_371' title='bbox 1518 4128 1645 4183; x_wconf 85' lang='grc' dir='ltr'><strong>εἶναι</strong></span> <span class='ocrx_word' id='word_1_372' title='bbox 1688 4131 1860 4193; x_wconf 89' lang='grc' dir='ltr'><strong>καλοῖς</strong></span> 
     </span>
    </p>
   </div>
   <div class='ocr_carea' id='block_1_48' title="bbox 1892 3104 1932 3160">
    <p class='ocr_par' dir='ltr' id='par_1_48' title="bbox 1892 3104 1932 3160">
     <span class='ocr_line' id='line_1_48' title="bbox 1892 3104 1932 3160; baseline 0 0"><span class='ocrx_word' id='word_1_373' title='bbox 1892 3104 1932 3160; x_wconf 91' lang='lat' dir='ltr'>C</span> 
     </span>
    </p>
   </div>
   <div class='ocr_carea' id='block_1_49' title="bbox 253 4212 1859 4292">
    <p class='ocr_par' dir='ltr' id='par_1_49' title="bbox 253 4212 1859 4292">
     <span class='ocr_line' id='line_1_49' title="bbox 253 4212 1859 4292; baseline 0.006 -29"><span class='ocrx_word' id='word_1_374' title='bbox 253 4221 318 4285; x_wconf 79' lang='grc' dir='ltr'><strong>τῇ</strong></span> <span class='ocrx_word' id='word_1_375' title='bbox 364 4222 465 4265; x_wconf 90' lang='grc' dir='ltr'><strong>τῶν</strong></span> <span class='ocrx_word' id='word_1_376' title='bbox 501 4212 848 4287; x_wconf 77' lang='grc' dir='ltr'><strong>ἀπατωμένων</strong></span> <span class='ocrx_word' id='word_1_377' title='bbox 893 4222 1173 4290; x_wconf 86' lang='grc' dir='ltr'><strong>φαντασίᾳ.</strong></span> <span class='ocrx_word' id='word_1_378' title='bbox 1226 4216 1389 4280; x_wconf 87' lang='grc' dir='ltr'><strong>δεινός</strong></span> <span class='ocrx_word' id='word_1_379' title='bbox 1439 4221 1537 4292; x_wconf 90' lang='grc' dir='ltr'><strong>γάρ</strong></span> <span class='ocrx_word' id='word_1_380' title='bbox 1590 4220 1701 4273; x_wconf 80' lang='grc' dir='ltr'><strong>ἐστι</strong></span> <span class='ocrx_word' id='word_1_381' title='bbox 1748 4226 1859 4285; x_wconf 84' lang='grc' dir='ltr'><strong>καὶ,</strong></span> 
     </span>
    </p>
   </div>
   <div class='ocr_carea' id='block_1_50' title="bbox 256 4303 1857 4384">
    <p class='ocr_par' dir='ltr' id='par_1_50' title="bbox 256 4303 1857 4384">
     <span class='ocr_line' id='line_1_50' title="bbox 256 4303 1857 4384; baseline 0.004 -30"><span class='ocrx_word' id='word_1_382' title='bbox 256 4303 626 4376; x_wconf 81' lang='grc' dir='ltr'><strong>ῥᾳθυμοῦντας</strong></span> <span class='ocrx_word' id='word_1_383' title='bbox 658 4305 700 4357; x_wconf 85' lang='grc' dir='ltr'><strong>εἰ</strong></span> <span class='ocrx_word' id='word_1_384' title='bbox 728 4305 773 4375; x_wconf 86' lang='grc'><strong>⁷)</strong></span> <span class='ocrx_word' id='word_1_385' title='bbox 806 4307 927 4380; x_wconf 74' lang='grc' dir='ltr'><strong>εὕρῃ</strong></span> <span class='ocrx_word' id='word_1_386' title='bbox 964 4311 1087 4368; x_wconf 82' lang='grc' dir='ltr'><strong>τοὺς</strong></span> <span class='ocrx_word' id='word_1_387' title='bbox 1134 4307 1386 4379; x_wconf 89' lang='grc' dir='ltr'><strong>φύλακας,</strong></span> <span class='ocrx_word' id='word_1_388' title='bbox 1431 4308 1619 4379; x_wconf 77' lang='grc' dir='ltr'><strong>κλέψαι</strong></span> <span class='ocrx_word' id='word_1_389' title='bbox 1657 4314 1857 4384; x_wconf 86' lang='grc' dir='ltr'><strong>καιρόν,</strong></span> 
     </span>
    </p>
   </div>
   <div class='ocr_carea' id='block_1_51' title="bbox 254 4392 1863 4469">
    <p class='ocr_par' dir='ltr' id='par_1_51' title="bbox 254 4392 1863 4469">
     <span class='ocr_line' id='line_1_51' title="bbox 254 4392 1863 4469; baseline 0.005 -27"><span class='ocrx_word' id='word_1_390' title='bbox 254 4396 348 4443; x_wconf 80' lang='grc' dir='ltr'><strong>καὶ</strong></span> <span class='ocrx_word' id='word_1_391' title='bbox 400 4392 710 4445; x_wconf 75' lang='grc' dir='ltr'><strong>ἱπεισελθεῖν</strong></span> <span class='ocrx_word' id='word_1_392' title='bbox 767 4401 879 4457; x_wconf 89' lang='grc' dir='ltr'><strong>τοῖς</strong></span> <span class='ocrx_word' id='word_1_393' title='bbox 924 4404 1019 4457; x_wconf 84' lang='grc' dir='ltr'><strong>τῆς</strong></span> <span class='ocrx_word' id='word_1_394' title='bbox 1062 4396 1244 4469; x_wconf 84' lang='grc' dir='ltr'><strong>ἀρετῆς</strong></span> <span class='ocrx_word' id='word_1_395' title='bbox 1277 4401 1466 4461; x_wconf 93' lang='grc' dir='ltr'><strong>πόνοις,</strong></span> <span class='ocrx_word' id='word_1_396' title='bbox 1522 4401 1610 4449; x_wconf 82' lang='grc' dir='ltr'><strong>καὶ</strong></span> <span class='ocrx_word' id='word_1_397' title='bbox 1661 4417 1863 4469; x_wconf 92' lang='grc' dir='ltr'><strong>συγκα-</strong></span> 
     </span>
    </p>
   </div>
   <div class='ocr_carea' id='block_1_52' title="bbox 258 4483 1862 4559">
    <p class='ocr_par' dir='ltr' id='par_1_52' title="bbox 258 4483 1862 4559">
     <span class='ocr_line' id='line_1_52' title="bbox 258 4483 1862 4559; baseline 0.005 -28"><span class='ocrx_word' id='word_1_398' title='bbox 258 4488 545 4553; x_wconf 89' lang='grc' dir='ltr'><strong>τασπεῖραι</strong></span> <span class='ocrx_word' id='word_1_399' title='bbox 580 4490 654 4552; x_wconf 83' lang='grc' dir='ltr'><strong>τῷ</strong></span> <span class='ocrx_word' id='word_1_400' title='bbox 686 4486 814 4555; x_wconf 86' lang='grc' dir='ltr'><strong>σίτῳ</strong></span> <span class='ocrx_word' id='word_1_401' title='bbox 846 4487 910 4536; x_wconf 82' lang='grc' dir='ltr'><strong>τὰ</strong></span> <span class='ocrx_word' id='word_1_402' title='bbox 949 4484 1135 4537; x_wconf 79' lang='grc' dir='ltr'><strong>ἑαυτοῦ</strong></span> <span class='ocrx_word' id='word_1_403' title='bbox 1168 4486 1401 4551; x_wconf 78' lang='grc' dir='ltr'><strong>ζιζάνια,</strong></span> <span class='ocrx_word' id='word_1_404' title='bbox 1434 4483 1699 4559; x_wconf 76' lang='grc' dir='ltr'><strong>λοιδορίαν</strong></span> <span class='ocrx_word' id='word_1_405' title='bbox 1730 4487 1862 4558; x_wconf 80' lang='grc' dir='ltr'><strong>λέγω</strong></span> 
     </span>
    </p>
   </div>
   <div class='ocr_carea' id='block_1_53' title="bbox 258 4570 1864 4647">
    <p class='ocr_par' dir='ltr' id='par_1_53' title="bbox 258 4570 1864 4647">
     <span class='ocr_line' id='line_1_53' title="bbox 258 4570 1864 4647; baseline 0.005 -27"><span class='ocrx_word' id='word_1_406' title='bbox 258 4574 353 4621; x_wconf 76' lang='grc' dir='ltr'><strong>καὶ</strong></span> <span class='ocrx_word' id='word_1_407' title='bbox 410 4576 566 4642; x_wconf 78' lang='grc' dir='ltr'><strong>τῦφον</strong></span> <span class='ocrx_word' id='word_1_408' title='bbox 618 4576 708 4623; x_wconf 83' lang='grc' dir='ltr'><strong>καὶ</strong></span> <span class='ocrx_word' id='word_1_409' title='bbox 760 4570 1060 4635; x_wconf 87' lang='grc' dir='ltr'><strong>κενοδοξίαν</strong></span> <span class='ocrx_word' id='word_1_410' title='bbox 1112 4579 1202 4626; x_wconf 85' lang='grc' dir='ltr'><strong>καὶ</strong></span> <span class='ocrx_word' id='word_1_411' title='bbox 1232 4583 1390 4646; x_wconf 83' lang='grc' dir='ltr'><strong>τιμῆς</strong></span> <span class='ocrx_word' id='word_1_412' title='bbox 1442 4574 1720 4647; x_wconf 80' lang='grc' dir='ltr'><strong>ἐπιθυμίαν</strong></span> <span class='ocrx_word' id='word_1_413' title='bbox 1774 4582 1864 4629; x_wconf 83' lang='grc' dir='ltr'><strong>καὶ</strong></span> 
     </span>
    </p>
   </div>
   <div class='ocr_carea' id='block_1_54' title="bbox 264 4659 1864 4736">
    <p class='ocr_par' dir='ltr' id='par_1_54' title="bbox 264 4659 1864 4736">
     <span class='ocr_line' id='line_1_54' title="bbox 264 4659 1864 4736; baseline 0.005 -27"><span class='ocrx_word' id='word_1_414' title='bbox 264 4660 371 4729; x_wconf 73' lang='grc' dir='ltr'><strong>ἔριν</strong></span> <span class='ocrx_word' id='word_1_415' title='bbox 397 4663 487 4710; x_wconf 83' lang='grc' dir='ltr'><strong>καὶ</strong></span> <span class='ocrx_word' id='word_1_416' title='bbox 515 4662 580 4711; x_wconf 90' lang='grc' dir='ltr'><strong>τά</strong></span> <span class='ocrx_word' id='word_1_417' title='bbox 608 4659 763 4712; x_wconf 83' lang='grc' dir='ltr'><strong>λοιπά</strong></span> <span class='ocrx_word' id='word_1_418' title='bbox 799 4669 893 4723; x_wconf 84' lang='grc' dir='ltr'><strong>τῆς</strong></span> <span class='ocrx_word' id='word_1_419' title='bbox 932 4667 1119 4723; x_wconf 87' lang='grc' dir='ltr'><strong>κακίας</strong></span> <span class='ocrx_word' id='word_1_420' title='bbox 1150 4660 1624 4736; x_wconf 80' lang='grc' dir='ltr'><strong>δημιουργήματα.</strong></span> <span class='ocrx_word' id='word_1_421' title='bbox 1667 4661 1750 4717; x_wconf 89' lang='grc' dir='ltr'><strong>δεῖ</strong></span> <span class='ocrx_word' id='word_1_422' title='bbox 1778 4662 1864 4716; x_wconf 82' lang='grc' dir='ltr'><strong>οὖν</strong></span> 
     </span>
    </p>
   </div>
   <div class='ocr_carea' id='block_1_55' title="bbox 270 4744 1862 4824">
    <p class='ocr_par' dir='ltr' id='par_1_55' title="bbox 270 4744 1862 4824">
     <span class='ocr_line' id='line_1_55' title="bbox 270 4744 1862 4824; baseline 0.006 -28"><span class='ocrx_word' id='word_1_423' title='bbox 270 4744 603 4819; x_wconf 72' lang='grc' dir='ltr'><strong>ἐγρηγορέναι</strong></span> <span class='ocrx_word' id='word_1_424' title='bbox 660 4754 750 4801; x_wconf 86' lang='grc' dir='ltr'><strong>καὶ</strong></span> <span class='ocrx_word' id='word_1_425' title='bbox 806 4758 981 4823; x_wconf 88' lang='grc' dir='ltr'><strong>τηρεῖν</strong></span> <span class='ocrx_word' id='word_1_426' title='bbox 1030 4753 1276 4805; x_wconf 89' lang='grc' dir='ltr'><strong>πάντοθεν</strong></span> <span class='ocrx_word' id='word_1_427' title='bbox 1306 4758 1393 4805; x_wconf 90' lang='grc' dir='ltr'><strong>τόν</strong></span> <span class='ocrx_word' id='word_1_428' title='bbox 1447 4752 1658 4824; x_wconf 73' lang='grc' dir='ltr'><strong>ἕχθρόν,</strong></span> <span class='ocrx_word' id='word_1_429' title='bbox 1705 4756 1862 4820; x_wconf 86' lang='grc' dir='ltr'><strong>ὅπως,</strong></span> 
     </span>
    </p>
   </div>
   <div class='ocr_carea' id='block_1_56' title="bbox 265 4833 1866 4917">
    <p class='ocr_par' dir='ltr' id='par_1_56' title="bbox 265 4833 1866 4917">
     <span class='ocr_line' id='line_1_56' title="bbox 265 4833 1866 4917; baseline 0.006 -32"><span class='ocrx_word' id='word_1_430' title='bbox 265 4833 366 4886; x_wconf 83' lang='grc' dir='ltr'><strong>κᾶν</strong></span> <span class='ocrx_word' id='word_1_431' title='bbox 408 4835 675 4909; x_wconf 75' lang='grc' dir='ltr'><strong>προσϐάλῃ</strong></span> <span class='ocrx_word' id='word_1_432' title='bbox 720 4841 838 4890; x_wconf 83' lang='grc' dir='ltr'><strong>τινὰ</strong></span> <span class='ocrx_word' id='word_1_433' title='bbox 875 4845 1123 4911; x_wconf 74' lang='grc' dir='ltr'><strong>μηχανὴν</strong></span> <span class='ocrx_word' id='word_1_434' title='bbox 1155 4841 1241 4893; x_wconf 81' lang='grc' dir='ltr'><strong>ὑπ’</strong></span> <span class='ocrx_word' id='word_1_435' title='bbox 1299 4841 1702 4913; x_wconf 82' lang='grc' dir='ltr'><strong>ἀναισχυντίας,</strong></span> <span class='ocrx_word' id='word_1_436' title='bbox 1745 4848 1866 4917; x_wconf 87' lang='grc' dir='ltr'><strong>πρὶν</strong></span> 
     </span>
    </p>
   </div>
   <div class='ocr_carea' id='block_1_57' title="bbox 262 4922 1869 5004">
    <p class='ocr_par' dir='ltr' id='par_1_57' title="bbox 262 4922 1869 5004">
     <span class='ocr_line' id='line_1_57' title="bbox 262 4922 1869 5004; baseline 0.007 -30"><span class='ocrx_word' id='word_1_437' title='bbox 262 4922 509 4994; x_wconf 69' lang='grc' dir='ltr'><strong>ἅψασθαι</strong></span> <span class='ocrx_word' id='word_1_438' title='bbox 574 4933 665 4986; x_wconf 79' lang='grc' dir='ltr'><strong>τῆς</strong></span> <span class='ocrx_word' id='word_1_439' title='bbox 728 4926 934 5000; x_wconf 77' lang='grc' dir='ltr'><strong>ψυχῆς,</strong></span> <span class='ocrx_word' id='word_1_440' title='bbox 1000 4928 1461 5002; x_wconf 84' lang='grc' dir='ltr'><strong>ἀποκρούσασθαι.</strong></span> <span class='ocrx_word' id='word_1_441' title='bbox 1528 4934 1869 5004; x_wconf 86' lang='grc' dir='ltr'><strong>μνημονεύετε</strong></span> 
     </span>
    </p>
   </div>
   <div class='ocr_carea' id='block_1_58' title="bbox 268 5010 1868 5095">
    <p class='ocr_par' dir='ltr' id='par_1_58' title="bbox 268 5010 1868 5095">
     <span class='ocr_line' id='line_1_58' title="bbox 268 5010 1868 5095; baseline 0.006 -30"><span class='ocrx_word' id='word_1_442' title='bbox 268 5010 331 5066; x_wconf 81' lang='grc' dir='ltr'><strong>δέ</strong></span> <span class='ocrx_word' id='word_1_443' title='bbox 358 5032 449 5086; x_wconf 85' lang='grc' dir='ltr'><strong>μοι</strong></span> <span class='ocrx_word' id='word_1_444' title='bbox 482 5024 717 5088; x_wconf 88' lang='grc' dir='ltr'><strong>συνεχῶς</strong></span> <span class='ocrx_word' id='word_1_445' title='bbox 763 5016 1031 5085; x_wconf 83' lang='grc' dir='ltr'><strong>κάκείνων,</strong></span> <span class='ocrx_word' id='word_1_446' title='bbox 1065 5019 1146 5071; x_wconf 89' lang='grc' dir='ltr'><strong>ὃτι</strong></span> <span class='ocrx_word' id='word_1_447' title='bbox 1175 5018 1331 5073; x_wconf 69' lang='grc' dir='ltr'><strong>’Ἅϐελ</strong></span> <span class='ocrx_word' id='word_1_448' title='bbox 1364 5023 1454 5093; x_wconf 78' lang='grc' dir='ltr'><strong>μεν</strong></span> <span class='ocrx_word' id='word_1_449' title='bbox 1484 5026 1767 5095; x_wconf 81' lang='grc' dir='ltr'><strong>προσέφερε</strong></span> <span class='ocrx_word' id='word_1_450' title='bbox 1798 5029 1868 5092; x_wconf 87' lang='grc' dir='ltr'><strong>τῷ</strong></span> 
     </span>
    </p>
   </div>
   <div class='ocr_carea' id='block_1_59' title="bbox 268 5104 1865 5182">
    <p class='ocr_par' dir='ltr' id='par_1_59' title="bbox 268 5104 1865 5182">
     <span class='ocr_line' id='line_1_59' title="bbox 268 5104 1865 5182; baseline 0.004 -26"><span class='ocrx_word' id='word_1_451' title='bbox 268 5104 366 5175; x_wconf 83' lang='grc' dir='ltr'><strong>θεῷ</strong></span> <span class='ocrx_word' id='word_1_452' title='bbox 400 5105 588 5157; x_wconf 88' lang='grc' dir='ltr'><strong>θυσίαν</strong></span> <span class='ocrx_word' id='word_1_453' title='bbox 628 5104 729 5159; x_wconf 85' lang='grc' dir='ltr'><strong>ἀπὸ</strong></span> <span class='ocrx_word' id='word_1_454' title='bbox 782 5113 1125 5181; x_wconf 85' lang='grc' dir='ltr'><strong>πρωτοτόκων</strong></span> <span class='ocrx_word' id='word_1_455' title='bbox 1177 5109 1449 5182; x_wconf 87' lang='grc' dir='ltr'><strong>προϐάτων</strong></span> <span class='ocrx_word' id='word_1_456' title='bbox 1495 5115 1585 5164; x_wconf 81' lang='grc' dir='ltr'><strong>καὶ</strong></span> <span class='ocrx_word' id='word_1_457' title='bbox 1617 5113 1865 5177; x_wconf 88' lang='grc' dir='ltr'><strong>στεάτων,</strong></span> 
     </span>
    </p>
   </div>
   <div class='ocr_carea' id='block_1_60' title="bbox 1964 475 3616 553">
    <p class='ocr_par' dir='ltr' id='par_1_60' title="bbox 1964 475 3616 553">
     <span class='ocr_line' id='line_1_60' title="bbox 1964 475 3616 553; baseline 0.004 -22"><span class='ocrx_word' id='word_1_458' title='bbox 1964 475 2151 543; x_wconf 90' lang='lat' dir='ltr'><strong>illum,</strong></span> <span class='ocrx_word' id='word_1_459' title='bbox 2184 482 2468 553; x_wconf 87' lang='lat' dir='ltr'><strong>consequi</strong></span> <span class='ocrx_word' id='word_1_460' title='bbox 2499 498 2771 539; x_wconf 88' lang='lat' dir='ltr'><strong>amorem</strong></span> <span class='ocrx_word' id='word_1_461' title='bbox 2815 482 3166 551; x_wconf 87' lang='lat' dir='ltr'><strong>fraternum,</strong></span> <span class='ocrx_word' id='word_1_462' title='bbox 3201 481 3616 538; x_wconf 84' lang='lat' dir='ltr'><strong>mansuetudi-</strong></span> 
     </span>
    </p>
   </div>
   <div class='ocr_carea' id='block_1_61' title="bbox 1962 568 3619 641">
    <p class='ocr_par' dir='ltr' id='par_1_61' title="bbox 1962 568 3619 641">
     <span class='ocr_line' id='line_1_61' title="bbox 1962 568 3619 641; baseline 0.004 -21"><span class='ocrx_word' id='word_1_463' title='bbox 1962 580 2121 631; x_wconf 89' lang='lat' dir='ltr'><strong>nem,</strong></span> <span class='ocrx_word' id='word_1_464' title='bbox 2158 568 2579 636; x_wconf 80' lang='lat' dir='ltr'><strong>sinceritatem,</strong></span> <span class='ocrx_word' id='word_1_465' title='bbox 2612 572 2672 627; x_wconf 89' lang='lat' dir='ltr'><strong>in</strong></span> <span class='ocrx_word' id='word_1_466' title='bbox 2710 571 2979 627; x_wconf 89' lang='lat' dir='ltr'><strong>oratione</strong></span> <span class='ocrx_word' id='word_1_467' title='bbox 3007 569 3531 641; x_wconf 89' lang='lat' dir='ltr'><strong>perseverantiam,</strong></span> <span class='ocrx_word' id='word_1_468' title='bbox 3560 574 3619 626; x_wconf 85' lang='lat' dir='ltr'><strong>et</strong></span> 
     </span>
    </p>
   </div>
   <div class='ocr_carea' id='block_1_62' title="bbox 1960 654 3619 729">
    <p class='ocr_par' dir='ltr' id='par_1_62' title="bbox 1960 654 3619 729">
     <span class='ocr_line' id='line_1_62' title="bbox 1960 654 3619 729; baseline 0.004 -20"><span class='ocrx_word' id='word_1_469' title='bbox 1960 654 2171 724; x_wconf 86' lang='lat' dir='ltr'><strong>zelum,</strong></span> <span class='ocrx_word' id='word_1_470' title='bbox 2230 662 2287 713; x_wconf 95' lang='lat' dir='ltr'><strong>et</strong></span> <span class='ocrx_word' id='word_1_471' title='bbox 2328 660 2578 716; x_wconf 88' lang='lat' dir='ltr'><strong>omnino</strong></span> <span class='ocrx_word' id='word_1_472' title='bbox 2624 676 2869 715; x_wconf 89' lang='lat' dir='ltr'><strong>omnem</strong></span> <span class='ocrx_word' id='word_1_473' title='bbox 2910 660 3206 715; x_wconf 79' lang='lat' dir='ltr'><strong>virtutem.</strong></span> <span class='ocrx_word' id='word_1_474' title='bbox 3266 657 3379 715; x_wconf 90' lang='lat' dir='ltr'><strong>Sed</strong></span> <span class='ocrx_word' id='word_1_475' title='bbox 3427 673 3619 729; x_wconf 88' lang='lat' dir='ltr'><strong>quum</strong></span> 
     </span>
    </p>
   </div>
   <div class='ocr_carea' id='block_1_63' title="bbox 1964 745 3621 818">
    <p class='ocr_par' dir='ltr' id='par_1_63' title="bbox 1964 745 3621 818">
     <span class='ocr_line' id='line_1_63' title="bbox 1964 745 3621 818; baseline 0.002 -20"><span class='ocrx_word' id='word_1_476' title='bbox 1964 759 2222 815; x_wconf 91' lang='lat' dir='ltr'><strong>magnus</strong></span> <span class='ocrx_word' id='word_1_477' title='bbox 2265 747 2337 803; x_wconf 85' lang='lat' dir='ltr'><strong>sit</strong></span> <span class='ocrx_word' id='word_1_478' title='bbox 2371 747 2702 815; x_wconf 81' lang='lat' dir='ltr'><strong>thesaurus,</strong></span> <span class='ocrx_word' id='word_1_479' title='bbox 2750 748 2953 818; x_wconf 90' lang='lat' dir='ltr'><strong>magni</strong></span> <span class='ocrx_word' id='word_1_480' title='bbox 2998 747 3179 803; x_wconf 89' lang='lat' dir='ltr'><strong>etiam</strong></span> <span class='ocrx_word' id='word_1_481' title='bbox 3222 746 3342 802; x_wconf 88' lang='lat' dir='ltr'><strong>sint</strong></span> <span class='ocrx_word' id='word_1_482' title='bbox 3382 745 3621 804; x_wconf 79' lang='lat' dir='ltr'><strong>labores</strong></span> 
     </span>
    </p>
   </div>
   <div class='ocr_carea' id='block_1_64' title="bbox 1962 835 3622 910">
    <p class='ocr_par' dir='ltr' id='par_1_64' title="bbox 1962 835 3622 910">
     <span class='ocr_line' id='line_1_64' title="bbox 1962 835 3622 910; baseline 0.002 -22"><span class='ocrx_word' id='word_1_483' title='bbox 1962 848 2207 889; x_wconf 90' lang='lat' dir='ltr'><strong>necesse</strong></span> <span class='ocrx_word' id='word_1_484' title='bbox 2240 843 2327 891; x_wconf 89' lang='lat' dir='ltr'><strong>est</strong></span> <span class='ocrx_word' id='word_1_485' title='bbox 2375 838 2451 892; x_wconf 84' lang='lat' dir='ltr'><strong>ad</strong></span> <span class='ocrx_word' id='word_1_486' title='bbox 2496 854 2635 893; x_wconf 89' lang='lat' dir='ltr'><strong>eum</strong></span> <span class='ocrx_word' id='word_1_487' title='bbox 2676 836 3161 910; x_wconf 89' lang='lat' dir='ltr'><strong>adipiscendum,</strong></span> <span class='ocrx_word' id='word_1_488' title='bbox 3205 836 3311 907; x_wconf 88' lang='lat' dir='ltr'><strong>qui</strong></span> <span class='ocrx_word' id='word_1_489' title='bbox 3369 850 3493 891; x_wconf 90' lang='lat' dir='ltr'><strong>non</strong></span> <span class='ocrx_word' id='word_1_490' title='bbox 3541 835 3622 892; x_wconf 83' lang='lat' dir='ltr'><strong>ad</strong></span> 
     </span>
    </p>
   </div>
   <div class='ocr_carea' id='block_1_65' title="bbox 1962 924 3620 998">
    <p class='ocr_par' dir='ltr' id='par_1_65' title="bbox 1962 924 3620 998">
     <span class='ocr_line' id='line_1_65' title="bbox 1962 924 3620 998; baseline 0.002 -20"><span class='ocrx_word' id='word_1_491' title='bbox 1962 924 2418 980; x_wconf 84' lang='lat' dir='ltr'><strong>ostentationem</strong></span> <span class='ocrx_word' id='word_1_492' title='bbox 2450 927 2614 998; x_wconf 90' lang='lat' dir='ltr'><strong>apud</strong></span> <span class='ocrx_word' id='word_1_493' title='bbox 2638 926 2913 982; x_wconf 86' lang='lat' dir='ltr'><strong>homines</strong></span> <span class='ocrx_word' id='word_1_494' title='bbox 2947 926 3112 993; x_wconf 84' lang='lat' dir='ltr'><strong>ﬁant,</strong></span> <span class='ocrx_word' id='word_1_495' title='bbox 3151 924 3259 980; x_wconf 90' lang='lat' dir='ltr'><strong>sed</strong></span> <span class='ocrx_word' id='word_1_496' title='bbox 3290 928 3355 981; x_wconf 89' lang='lat' dir='ltr'><strong>ut</strong></span> <span class='ocrx_word' id='word_1_497' title='bbox 3382 924 3620 996; x_wconf 61' lang='lat' dir='ltr'><strong>placeao</strong></span> 
     </span>
    </p>
   </div>
   <div class='ocr_carea' id='block_1_66' title="bbox 1964 1014 3621 1087">
    <p class='ocr_par' dir='ltr' id='par_1_66' title="bbox 1964 1014 3621 1087">
     <span class='ocr_line' id='line_1_66' title="bbox 1964 1014 3621 1087; baseline 0.001 -19"><span class='ocrx_word' id='word_1_498' title='bbox 1964 1029 2101 1068; x_wconf 88' lang='lat' dir='ltr'><strong>mus</strong></span> <span class='ocrx_word' id='word_1_499' title='bbox 2136 1014 2387 1069; x_wconf 89' lang='lat' dir='ltr'><strong>Domino</strong></span> <span class='ocrx_word' id='word_1_500' title='bbox 2417 1016 2520 1087; x_wconf 91' lang='lat' dir='ltr'><strong>qui</strong></span> <span class='ocrx_word' id='word_1_501' title='bbox 2548 1016 2713 1071; x_wconf 91' lang='lat' dir='ltr'><strong>novit</strong></span> <span class='ocrx_word' id='word_1_502' title='bbox 2736 1016 3109 1078; x_wconf 87' lang='lat' dir='ltr'><strong>abscondita,</strong></span> <span class='ocrx_word' id='word_1_503' title='bbox 3147 1030 3331 1086; x_wconf 87' lang='lat' dir='ltr'><strong>quem</strong></span> <span class='ocrx_word' id='word_1_504' title='bbox 3379 1028 3621 1085; x_wconf 86' lang='lat' dir='ltr'><strong>semper</strong></span> 
     </span>
    </p>
   </div>
   <div class='ocr_carea' id='block_1_67' title="bbox 1964 1102 3620 1173">
    <p class='ocr_par' dir='ltr' id='par_1_67' title="bbox 1964 1102 3620 1173">
     <span class='ocr_line' id='line_1_67' title="bbox 1964 1102 3620 1173; baseline 0.001 -17"><span class='ocrx_word' id='word_1_505' title='bbox 1964 1102 2256 1172; x_wconf 86' lang='lat' dir='ltr'><strong>respicere</strong></span> <span class='ocrx_word' id='word_1_506' title='bbox 2280 1102 2592 1168; x_wconf 89' lang='lat' dir='ltr'><strong>debemus,</strong></span> <span class='ocrx_word' id='word_1_507' title='bbox 2613 1110 2670 1160; x_wconf 90' lang='lat' dir='ltr'><strong>et</strong></span> <span class='ocrx_word' id='word_1_508' title='bbox 2689 1104 2972 1160; x_wconf 80' lang='lat' dir='ltr'><strong>interiora</strong></span> <span class='ocrx_word' id='word_1_509' title='bbox 2994 1104 3179 1161; x_wconf 91' lang='lat' dir='ltr'><strong>animi</strong></span> <span class='ocrx_word' id='word_1_510' title='bbox 3203 1102 3474 1168; x_wconf 88' lang='lat' dir='ltr'><strong>scrutari,</strong></span> <span class='ocrx_word' id='word_1_511' title='bbox 3501 1102 3620 1173; x_wconf 86' lang='lat' dir='ltr'><strong>pie-</strong></span> 
     </span>
    </p>
   </div>
   <div class='ocr_carea' id='block_1_68' title="bbox 1964 1190 3622 1263">
    <p class='ocr_par' dir='ltr' id='par_1_68' title="bbox 1964 1190 3622 1263">
     <span class='ocr_line' id='line_1_68' title="bbox 1964 1190 3622 1263; baseline 0 -17"><span class='ocrx_word' id='word_1_512' title='bbox 1964 1190 2224 1263; x_wconf 88' lang='lat' dir='ltr'><strong>tatisque</strong></span> <span class='ocrx_word' id='word_1_513' title='bbox 2249 1191 2484 1248; x_wconf 89' lang='lat' dir='ltr'><strong>munire</strong></span> <span class='ocrx_word' id='word_1_514' title='bbox 2515 1193 2995 1263; x_wconf 89' lang='lat' dir='ltr'><strong>cogitationibus,</strong></span> <span class='ocrx_word' id='word_1_515' title='bbox 3022 1208 3098 1248; x_wconf 91' lang='lat' dir='ltr'><strong>ne</strong></span> <span class='ocrx_word' id='word_1_516' title='bbox 3123 1192 3432 1248; x_wconf 85' lang='lat' dir='ltr'><strong>introitum</strong></span> <span class='ocrx_word' id='word_1_517' title='bbox 3454 1191 3622 1247; x_wconf 89' lang='lat' dir='ltr'><strong>inve-</strong></span> 
     </span>
    </p>
   </div>
   <div class='ocr_carea' id='block_1_69' title="bbox 1965 1279 3621 1352">
    <p class='ocr_par' dir='ltr' id='par_1_69' title="bbox 1965 1279 3621 1352">
     <span class='ocr_line' id='line_1_69' title="bbox 1965 1279 3621 1352; baseline 0.001 -18"><span class='ocrx_word' id='word_1_518' title='bbox 1965 1279 2091 1336; x_wconf 89' lang='lat' dir='ltr'><strong>niat</strong></span> <span class='ocrx_word' id='word_1_519' title='bbox 2110 1296 2305 1352; x_wconf 89' lang='lat' dir='ltr'><strong>neque</strong></span> <span class='ocrx_word' id='word_1_520' title='bbox 2322 1280 2521 1338; x_wconf 89' lang='lat' dir='ltr'><strong>locum</strong></span> <span class='ocrx_word' id='word_1_521' title='bbox 2546 1281 2902 1339; x_wconf 90' lang='lat' dir='ltr'><strong>insidiarum</strong></span> <span class='ocrx_word' id='word_1_522' title='bbox 2926 1281 3323 1345; x_wconf 87' lang='lat' dir='ltr'><strong>adversarius,</strong></span> <span class='ocrx_word' id='word_1_523' title='bbox 3347 1294 3621 1336; x_wconf 84' lang='lat' dir='ltr'><strong>exercere</strong></span> 
     </span>
    </p>
   </div>
   <div class='ocr_carea' id='block_1_70' title="bbox 1966 1369 3619 1440">
    <p class='ocr_par' dir='ltr' id='par_1_70' title="bbox 1966 1369 3619 1440">
     <span class='ocr_line' id='line_1_70' title="bbox 1966 1369 3619 1440; baseline -0.001 -15"><span class='ocrx_word' id='word_1_524' title='bbox 1966 1384 2105 1425; x_wconf 89' lang='lat' dir='ltr'><strong>vero</strong></span> <span class='ocrx_word' id='word_1_525' title='bbox 2136 1373 2194 1425; x_wconf 94' lang='lat' dir='ltr'><strong>et</strong></span> <span class='ocrx_word' id='word_1_526' title='bbox 2221 1369 2438 1426; x_wconf 89' lang='lat' dir='ltr'><strong>ducere</strong></span> <span class='ocrx_word' id='word_1_527' title='bbox 2468 1370 2547 1427; x_wconf 91' lang='lat' dir='ltr'><strong>ad</strong></span> <span class='ocrx_word' id='word_1_528' title='bbox 2577 1370 2722 1427; x_wconf 89' lang='lat' dir='ltr'><strong>boni</strong></span> <span class='ocrx_word' id='word_1_529' title='bbox 2751 1376 2806 1426; x_wconf 91' lang='lat' dir='ltr'><strong>et</strong></span> <span class='ocrx_word' id='word_1_530' title='bbox 2835 1369 2979 1426; x_wconf 89' lang='lat' dir='ltr'><strong>mali</strong></span> <span class='ocrx_word' id='word_1_531' title='bbox 3022 1370 3429 1440; x_wconf 77' lang='lat' dir='ltr'><strong>cognitionem</strong></span> <span class='ocrx_word' id='word_1_532' title='bbox 3462 1383 3619 1424; x_wconf 88' lang='lat' dir='ltr'><strong>mor-</strong></span> 
     </span>
    </p>
   </div>
   <div class='ocr_carea' id='block_1_71' title="bbox 1966 1456 3623 1515">
    <p class='ocr_par' dir='ltr' id='par_1_71' title="bbox 1966 1456 3623 1515">
     <span class='ocr_line' id='line_1_71' title="bbox 1966 1456 3623 1515; baseline -0.001 -3"><span class='ocrx_word' id='word_1_533' title='bbox 1966 1457 2107 1513; x_wconf 90' lang='lat' dir='ltr'><strong>bida</strong></span> <span class='ocrx_word' id='word_1_534' title='bbox 2120 1458 2359 1514; x_wconf 88' lang='lat' dir='ltr'><strong>animae</strong></span> <span class='ocrx_word' id='word_1_535' title='bbox 2376 1460 2957 1515; x_wconf 87' lang='lat' dir='ltr'><strong>membra.Exercere</strong></span> <span class='ocrx_word' id='word_1_536' title='bbox 2970 1462 3171 1514; x_wconf 88' lang='lat' dir='ltr'><strong>autem</strong></span> <span class='ocrx_word' id='word_1_537' title='bbox 3185 1473 3307 1513; x_wconf 88' lang='lat' dir='ltr'><strong>eam</strong></span> <span class='ocrx_word' id='word_1_538' title='bbox 3324 1456 3433 1512; x_wconf 88' lang='lat' dir='ltr'><strong>scit</strong></span> <span class='ocrx_word' id='word_1_539' title='bbox 3447 1459 3623 1512; x_wconf 88' lang='lat' dir='ltr'><strong>Deum</strong></span> 
     </span>
    </p>
   </div>
   <div class='ocr_carea' id='block_1_72' title="bbox 1966 1544 3623 1618">
    <p class='ocr_par' dir='ltr' id='par_1_72' title="bbox 1966 1544 3623 1618">
     <span class='ocr_line' id='line_1_72' title="bbox 1966 1544 3623 1618; baseline -0.001 -16"><span class='ocrx_word' id='word_1_540' title='bbox 1966 1562 2226 1618; x_wconf 88' lang='lat' dir='ltr'><strong>sequens</strong></span> <span class='ocrx_word' id='word_1_541' title='bbox 2247 1563 2419 1602; x_wconf 91' lang='lat' dir='ltr'><strong>mens</strong></span> <span class='ocrx_word' id='word_1_542' title='bbox 2451 1553 2507 1605; x_wconf 88' lang='lat' dir='ltr'><strong>et</strong></span> <span class='ocrx_word' id='word_1_543' title='bbox 2529 1554 2712 1605; x_wconf 89' lang='lat' dir='ltr'><strong>totam</strong></span> <span class='ocrx_word' id='word_1_544' title='bbox 2744 1550 3010 1604; x_wconf 89' lang='lat' dir='ltr'><strong>animam</strong></span> <span class='ocrx_word' id='word_1_545' title='bbox 3052 1546 3166 1603; x_wconf 83' lang='lat' dir='ltr'><strong>sibi</strong></span> <span class='ocrx_word' id='word_1_546' title='bbox 3214 1545 3505 1618; x_wconf 88' lang='lat' dir='ltr'><strong>copulans</strong></span> <span class='ocrx_word' id='word_1_547' title='bbox 3544 1544 3623 1601; x_wconf 90' lang='lat' dir='ltr'><strong>ad</strong></span> 
     </span>
    </p>
   </div>
   <div class='ocr_carea' id='block_1_73' title="bbox 1967 1633 3626 1705">
    <p class='ocr_par' dir='ltr' id='par_1_73' title="bbox 1967 1633 3626 1705">
     <span class='ocr_line' id='line_1_73' title="bbox 1967 1633 3626 1705; baseline -0.001 -16"><span class='ocrx_word' id='word_1_548' title='bbox 1967 1635 2135 1690; x_wconf 92' lang='lat' dir='ltr'><strong>illum</strong></span> <span class='ocrx_word' id='word_1_549' title='bbox 2160 1651 2232 1690; x_wconf 78' lang='lat' dir='ltr'><strong>ex</strong></span> <span class='ocrx_word' id='word_1_550' title='bbox 2262 1637 2358 1691; x_wconf 89' lang='lat' dir='ltr'><strong>Dei</strong></span> <span class='ocrx_word' id='word_1_551' title='bbox 2386 1652 2612 1703; x_wconf 90' lang='lat' dir='ltr'><strong>amore,</strong></span> <span class='ocrx_word' id='word_1_552' title='bbox 2647 1641 2704 1693; x_wconf 94' lang='lat' dir='ltr'><strong>et</strong></span> <span class='ocrx_word' id='word_1_553' title='bbox 2729 1637 2977 1692; x_wconf 89' lang='lat' dir='ltr'><strong>occultis</strong></span> <span class='ocrx_word' id='word_1_554' title='bbox 3002 1636 3227 1691; x_wconf 89' lang='lat' dir='ltr'><strong>virtutis</strong></span> <span class='ocrx_word' id='word_1_555' title='bbox 3252 1633 3626 1705; x_wconf 85' lang='lat' dir='ltr'><strong>cogitationi-</strong></span> 
     </span>
    </p>
   </div>
   <div class='ocr_carea' id='block_1_74' title="bbox 1895 1725 3627 1798">
    <p class='ocr_par' dir='ltr' id='par_1_74' title="bbox 1895 1725 3627 1798">
     <span class='ocr_line' id='line_1_74' title="bbox 1895 1725 3627 1798; baseline -0.002 -18"><span class='ocrx_word' id='word_1_556' title='bbox 1895 1742 1935 1795; x_wconf 81' lang='grc' dir='ltr'>Β</span> <span class='ocrx_word' id='word_1_557' title='bbox 1968 1725 2081 1780; x_wconf 92' lang='lat' dir='ltr'><strong>bus</strong></span> <span class='ocrx_word' id='word_1_558' title='bbox 2116 1725 2659 1798; x_wconf 86' lang='lat' dir='ltr'><strong>mandatorumque</strong></span> <span class='ocrx_word' id='word_1_559' title='bbox 2689 1725 2973 1797; x_wconf 87' lang='lat' dir='ltr'><strong>operibus</strong></span> <span class='ocrx_word' id='word_1_560' title='bbox 2994 1726 3303 1796; x_wconf 90' lang='lat' dir='ltr'><strong>putridum</strong></span> <span class='ocrx_word' id='word_1_561' title='bbox 3328 1738 3553 1780; x_wconf 85' lang='lat' dir='ltr'><strong>sanans</strong></span> <span class='ocrx_word' id='word_1_562' title='bbox 3569 1726 3627 1778; x_wconf 88' lang='lat' dir='ltr'><strong>et</strong></span> 
     </span>
    </p>
   </div>
   <div class='ocr_carea' id='block_1_75' title="bbox 1967 1812 3625 1885">
    <p class='ocr_par' dir='ltr' id='par_1_75' title="bbox 1967 1812 3625 1885">
     <span class='ocr_line' id='line_1_75' title="bbox 1967 1812 3625 1885; baseline -0.001 -16"><span class='ocrx_word' id='word_1_563' title='bbox 1967 1820 2262 1885; x_wconf 84' lang='lat' dir='ltr'><strong>quantum</strong></span> <span class='ocrx_word' id='word_1_564' title='bbox 2288 1815 2419 1871; x_wconf 89' lang='lat' dir='ltr'><strong>licet</strong></span> <span class='ocrx_word' id='word_1_565' title='bbox 2442 1817 2839 1885; x_wconf 87' lang='lat' dir='ltr'><strong>conjungens.</strong></span> <span class='ocrx_word' id='word_1_566' title='bbox 2869 1816 3066 1881; x_wconf 89' lang='lat' dir='ltr'><strong>Quum</strong></span> <span class='ocrx_word' id='word_1_567' title='bbox 3122 1818 3324 1871; x_wconf 88' lang='lat' dir='ltr'><strong>autem</strong></span> <span class='ocrx_word' id='word_1_568' title='bbox 3376 1828 3499 1869; x_wconf 91' lang='lat' dir='ltr'><strong>una</strong></span> <span class='ocrx_word' id='word_1_569' title='bbox 3549 1812 3625 1867; x_wconf 88' lang='lat' dir='ltr'><strong>sit</strong></span> 
     </span>
    </p>
   </div>
   <div class='ocr_carea' id='block_1_76' title="bbox 1969 1901 3624 1969">
    <p class='ocr_par' dir='ltr' id='par_1_76' title="bbox 1969 1901 3624 1969">
     <span class='ocr_line' id='line_1_76' title="bbox 1969 1901 3624 1969; baseline -0.001 -11"><span class='ocrx_word' id='word_1_570' title='bbox 1969 1904 2243 1959; x_wconf 89' lang='lat' dir='ltr'><strong>custodia</strong></span> <span class='ocrx_word' id='word_1_571' title='bbox 2272 1909 2327 1959; x_wconf 92' lang='lat' dir='ltr'><strong>et</strong></span> <span class='ocrx_word' id='word_1_572' title='bbox 2356 1920 2498 1960; x_wconf 90' lang='lat' dir='ltr'><strong>cura</strong></span> <span class='ocrx_word' id='word_1_573' title='bbox 2523 1906 2781 1969; x_wconf 85' lang='lat' dir='ltr'><strong>animae,</strong></span> <span class='ocrx_word' id='word_1_574' title='bbox 2815 1904 2915 1960; x_wconf 90' lang='lat' dir='ltr'><strong>Dei</strong></span> <span class='ocrx_word' id='word_1_575' title='bbox 2944 1902 3167 1959; x_wconf 89' lang='lat' dir='ltr'><strong>scilicet</strong></span> <span class='ocrx_word' id='word_1_576' title='bbox 3208 1918 3348 1958; x_wconf 92' lang='lat' dir='ltr'><strong>cum</strong></span> <span class='ocrx_word' id='word_1_577' title='bbox 3386 1901 3624 1957; x_wconf 87' lang='lat' dir='ltr'><strong>deside-</strong></span> 
     </span>
    </p>
   </div>
   <div class='ocr_carea' id='block_1_77' title="bbox 1970 1990 3625 2065">
    <p class='ocr_par' dir='ltr' id='par_1_77' title="bbox 1970 1990 3625 2065">
     <span class='ocr_line' id='line_1_77' title="bbox 1970 1990 3625 2065; baseline -0.001 -18"><span class='ocrx_word' id='word_1_578' title='bbox 1970 1992 2058 2047; x_wconf 92' lang='lat' dir='ltr'><strong>rio</strong></span> <span class='ocrx_word' id='word_1_579' title='bbox 2090 1992 2409 2058; x_wconf 90' lang='lat' dir='ltr'><strong>recordari,</strong></span> <span class='ocrx_word' id='word_1_580' title='bbox 2443 1998 2497 2048; x_wconf 91' lang='lat' dir='ltr'><strong>et</strong></span> <span class='ocrx_word' id='word_1_581' title='bbox 2542 2008 2781 2065; x_wconf 91' lang='lat' dir='ltr'><strong>semper</strong></span> <span class='ocrx_word' id='word_1_582' title='bbox 2829 1992 3004 2049; x_wconf 90' lang='lat' dir='ltr'><strong>bonis</strong></span> <span class='ocrx_word' id='word_1_583' title='bbox 3049 1990 3513 2064; x_wconf 88' lang='lat' dir='ltr'><strong>cogitationibus</strong></span> <span class='ocrx_word' id='word_1_584' title='bbox 3538 1990 3625 2045; x_wconf 91' lang='lat' dir='ltr'><strong>in-</strong></span> 
     </span>
    </p>
   </div>
   <div class='ocr_carea' id='block_1_78' title="bbox 1969 2078 3624 2147">
    <p class='ocr_par' dir='ltr' id='par_1_78' title="bbox 1969 2078 3624 2147">
     <span class='ocr_line' id='line_1_78' title="bbox 1969 2078 3624 2147; baseline -0.002 -11"><span class='ocrx_word' id='word_1_585' title='bbox 1969 2081 2232 2147; x_wconf 88' lang='lat' dir='ltr'><strong>haerere,</strong></span> <span class='ocrx_word' id='word_1_586' title='bbox 2266 2098 2340 2137; x_wconf 93' lang='lat' dir='ltr'><strong>ne</strong></span> <span class='ocrx_word' id='word_1_587' title='bbox 2370 2082 2722 2138; x_wconf 81' lang='lat' dir='ltr'><strong>excidamus</strong></span> <span class='ocrx_word' id='word_1_588' title='bbox 2752 2080 2851 2138; x_wconf 91' lang='lat' dir='ltr'><strong>tali</strong></span> <span class='ocrx_word' id='word_1_589' title='bbox 2876 2080 3023 2146; x_wconf 93' lang='lat' dir='ltr'><strong>zelo,</strong></span> <span class='ocrx_word' id='word_1_590' title='bbox 3058 2080 3184 2136; x_wconf 84' lang='lat' dir='ltr'><strong>sive</strong></span> <span class='ocrx_word' id='word_1_591' title='bbox 3205 2080 3472 2144; x_wconf 88' lang='lat' dir='ltr'><strong>edentes,</strong></span> <span class='ocrx_word' id='word_1_592' title='bbox 3497 2078 3624 2134; x_wconf 87' lang='lat' dir='ltr'><strong>sive</strong></span> 
     </span>
    </p>
   </div>
   <div class='ocr_carea' id='block_1_79' title="bbox 1968 2166 3625 2240">
    <p class='ocr_par' dir='ltr' id='par_1_79' title="bbox 1968 2166 3625 2240">
     <span class='ocr_line' id='line_1_79' title="bbox 1968 2166 3625 2240; baseline -0.002 -15"><span class='ocrx_word' id='word_1_593' title='bbox 1968 2168 2264 2238; x_wconf 88' lang='lat' dir='ltr'><strong>bibentes,</strong></span> <span class='ocrx_word' id='word_1_594' title='bbox 2296 2171 2415 2225; x_wconf 88' lang='lat' dir='ltr'><strong>sive</strong></span> <span class='ocrx_word' id='word_1_595' title='bbox 2445 2170 2637 2235; x_wconf 90' lang='lat' dir='ltr'><strong>otiosi,</strong></span> <span class='ocrx_word' id='word_1_596' title='bbox 2685 2171 2734 2225; x_wconf 89' lang='lat' dir='ltr'><strong>si</strong></span> <span class='ocrx_word' id='word_1_597' title='bbox 2784 2174 3032 2239; x_wconf 86' lang='lat' dir='ltr'><strong>agentes</strong></span> <span class='ocrx_word' id='word_1_598' title='bbox 3072 2168 3319 2240; x_wconf 89' lang='lat' dir='ltr'><strong>aliquid,</strong></span> <span class='ocrx_word' id='word_1_599' title='bbox 3371 2168 3490 2222; x_wconf 90' lang='lat' dir='ltr'><strong>sive</strong></span> <span class='ocrx_word' id='word_1_600' title='bbox 3535 2166 3625 2221; x_wconf 89' lang='lat' dir='ltr'><strong>lo-</strong></span> 
     </span>
    </p>
   </div>
   <div class='ocr_carea' id='block_1_80' title="bbox 1965 2254 3622 2331">
    <p class='ocr_par' dir='ltr' id='par_1_80' title="bbox 1965 2254 3622 2331">
     <span class='ocr_line' id='line_1_80' title="bbox 1965 2254 3622 2331; baseline -0.002 -18"><span class='ocrx_word' id='word_1_601' title='bbox 1965 2265 2238 2330; x_wconf 89' lang='lat' dir='ltr'><strong>quentes,</strong></span> <span class='ocrx_word' id='word_1_602' title='bbox 2269 2263 2331 2313; x_wconf 88' lang='lat' dir='ltr'><strong>ut</strong></span> <span class='ocrx_word' id='word_1_603' title='bbox 2360 2259 2588 2328; x_wconf 89' lang='lat' dir='ltr'><strong>omnia,</strong></span> <span class='ocrx_word' id='word_1_604' title='bbox 2615 2274 2772 2331; x_wconf 89' lang='lat' dir='ltr'><strong>quae</strong></span> <span class='ocrx_word' id='word_1_605' title='bbox 2821 2257 3098 2322; x_wconf 89' lang='lat' dir='ltr'><strong>facimus,</strong></span> <span class='ocrx_word' id='word_1_606' title='bbox 3127 2257 3187 2312; x_wconf 93' lang='lat' dir='ltr'><strong>in</strong></span> <span class='ocrx_word' id='word_1_607' title='bbox 3228 2256 3328 2312; x_wconf 90' lang='lat' dir='ltr'><strong>Dei</strong></span> <span class='ocrx_word' id='word_1_608' title='bbox 3378 2254 3622 2311; x_wconf 88' lang='lat' dir='ltr'><strong>laudem</strong></span> 
     </span>
    </p>
   </div>
   <div class='ocr_carea' id='block_1_81' title="bbox 1965 2343 3625 2419">
    <p class='ocr_par' dir='ltr' id='par_1_81' title="bbox 1965 2343 3625 2419">
     <span class='ocr_line' id='line_1_81' title="bbox 1965 2343 3625 2419; baseline -0.002 -16"><span class='ocrx_word' id='word_1_609' title='bbox 1965 2348 2201 2413; x_wconf 88' lang='lat' dir='ltr'><strong>cedant,</strong></span> <span class='ocrx_word' id='word_1_610' title='bbox 2230 2363 2351 2403; x_wconf 94' lang='lat' dir='ltr'><strong>non</strong></span> <span class='ocrx_word' id='word_1_611' title='bbox 2378 2347 2439 2402; x_wconf 92' lang='lat' dir='ltr'><strong>in</strong></span> <span class='ocrx_word' id='word_1_612' title='bbox 2467 2352 2733 2403; x_wconf 90' lang='lat' dir='ltr'><strong>nostram</strong></span> <span class='ocrx_word' id='word_1_613' title='bbox 2755 2346 3048 2419; x_wconf 89' lang='lat' dir='ltr'><strong>ipsorum,</strong></span> <span class='ocrx_word' id='word_1_614' title='bbox 3077 2361 3270 2417; x_wconf 90' lang='lat' dir='ltr'><strong>neque</strong></span> <span class='ocrx_word' id='word_1_615' title='bbox 3308 2343 3456 2417; x_wconf 91' lang='lat' dir='ltr'><strong>quid</strong></span> <span class='ocrx_word' id='word_1_616' title='bbox 3501 2358 3625 2399; x_wconf 91' lang='lat' dir='ltr'><strong>sor-</strong></span> 
     </span>
    </p>
   </div>
   <div class='ocr_carea' id='block_1_82' title="bbox 1964 2432 3624 2493">
    <p class='ocr_par' dir='ltr' id='par_1_82' title="bbox 1964 2432 3624 2493">
     <span class='ocr_line' id='line_1_82' title="bbox 1964 2432 3624 2493; baseline -0.002 -2"><span class='ocrx_word' id='word_1_617' title='bbox 1964 2436 2176 2492; x_wconf 91' lang='lat' dir='ltr'><strong>didum</strong></span> <span class='ocrx_word' id='word_1_618' title='bbox 2204 2437 2295 2493; x_wconf 91' lang='lat' dir='ltr'><strong>vel</strong></span> <span class='ocrx_word' id='word_1_619' title='bbox 2325 2436 2743 2492; x_wconf 89' lang='lat' dir='ltr'><strong>immunditiae</strong></span> <span class='ocrx_word' id='word_1_620' title='bbox 2772 2435 2892 2491; x_wconf 90' lang='lat' dir='ltr'><strong>vita</strong></span> <span class='ocrx_word' id='word_1_621' title='bbox 2913 2440 3117 2491; x_wconf 90' lang='lat' dir='ltr'><strong>nostra</strong></span> <span class='ocrx_word' id='word_1_622' title='bbox 3142 2450 3214 2491; x_wconf 82' lang='lat' dir='ltr'><strong>ex</strong></span> <span class='ocrx_word' id='word_1_623' title='bbox 3238 2432 3464 2490; x_wconf 88' lang='lat' dir='ltr'><strong>diaboli</strong></span> <span class='ocrx_word' id='word_1_624' title='bbox 3486 2432 3624 2488; x_wconf 89' lang='lat' dir='ltr'><strong>insi-</strong></span> 
     </span>
    </p>
   </div>
   <div class='ocr_carea' id='block_1_83' title="bbox 1964 2520 3620 2593">
    <p class='ocr_par' dir='ltr' id='par_1_83' title="bbox 1964 2520 3620 2593">
     <span class='ocr_line' id='line_1_83' title="bbox 1964 2520 3620 2593; baseline -0.002 -13"><span class='ocrx_word' id='word_1_625' title='bbox 1964 2526 2077 2581; x_wconf 88' lang='lat' dir='ltr'><strong>diis</strong></span> <span class='ocrx_word' id='word_1_626' title='bbox 2108 2526 2320 2582; x_wconf 86' lang='lat' dir='ltr'><strong>trahat.</strong></span> <span class='ocrx_word' id='word_1_627' title='bbox 2348 2529 2655 2581; x_wconf 87' lang='lat' dir='ltr'><strong>Praeterea</strong></span> <span class='ocrx_word' id='word_1_628' title='bbox 2679 2526 2865 2580; x_wconf 91' lang='lat' dir='ltr'><strong>Deum</strong></span> <span class='ocrx_word' id='word_1_629' title='bbox 2910 2523 3298 2593; x_wconf 87' lang='lat' dir='ltr'><strong>diligentibus</strong></span> <span class='ocrx_word' id='word_1_630' title='bbox 3335 2520 3531 2578; x_wconf 84' lang='lat' dir='ltr'><strong>facilis</strong></span> <span class='ocrx_word' id='word_1_631' title='bbox 3562 2524 3620 2577; x_wconf 88' lang='lat' dir='ltr'><strong>et</strong></span> 
     </span>
    </p>
   </div>
   <div class='ocr_carea' id='block_1_84' title="bbox 1963 2608 3622 2686">
    <p class='ocr_par' dir='ltr' id='par_1_84' title="bbox 1963 2608 3622 2686">
     <span class='ocr_line' id='line_1_84' title="bbox 1963 2608 3622 2686; baseline -0.001 -17"><span class='ocrx_word' id='word_1_632' title='bbox 1963 2615 2160 2670; x_wconf 87' lang='lat' dir='ltr'><strong>suavis</strong></span> <span class='ocrx_word' id='word_1_633' title='bbox 2190 2614 2613 2670; x_wconf 90' lang='lat' dir='ltr'><strong>mandatorum</strong></span> <span class='ocrx_word' id='word_1_634' title='bbox 2642 2614 2833 2679; x_wconf 90' lang='lat' dir='ltr'><strong>labor,</strong></span> <span class='ocrx_word' id='word_1_635' title='bbox 2872 2629 3061 2686; x_wconf 88' lang='lat' dir='ltr'><strong>quum</strong></span> <span class='ocrx_word' id='word_1_636' title='bbox 3100 2612 3228 2668; x_wconf 90' lang='lat' dir='ltr'><strong>leve</strong></span> <span class='ocrx_word' id='word_1_637' title='bbox 3272 2616 3330 2667; x_wconf 87' lang='lat' dir='ltr'><strong>et</strong></span> <span class='ocrx_word' id='word_1_638' title='bbox 3360 2608 3622 2667; x_wconf 87' lang='lat' dir='ltr'><strong>amabile</strong></span> 
     </span>
    </p>
   </div>
   <div class='ocr_carea' id='block_1_85' title="bbox 1964 2698 3621 2766">
    <p class='ocr_par' dir='ltr' id='par_1_85' title="bbox 1964 2698 3621 2766">
     <span class='ocr_line' id='line_1_85' title="bbox 1964 2698 3621 2766; baseline -0.004 -6"><span class='ocrx_word' id='word_1_639' title='bbox 1964 2705 2138 2760; x_wconf 89' lang='lat' dir='ltr'><strong>nobis</strong></span> <span class='ocrx_word' id='word_1_640' title='bbox 2177 2710 2476 2760; x_wconf 90' lang='lat' dir='ltr'><strong>certamen</strong></span> <span class='ocrx_word' id='word_1_641' title='bbox 2518 2702 2731 2759; x_wconf 88' lang='lat' dir='ltr'><strong>reddat</strong></span> <span class='ocrx_word' id='word_1_642' title='bbox 2767 2701 2926 2758; x_wconf 91' lang='lat' dir='ltr'><strong>illius</strong></span> <span class='ocrx_word' id='word_1_643' title='bbox 2975 2716 3164 2758; x_wconf 92' lang='lat' dir='ltr'><strong>amor.</strong></span> <span class='ocrx_word' id='word_1_644' title='bbox 3199 2701 3393 2766; x_wconf 87' lang='lat' dir='ltr'><strong>Quare</strong></span> <span class='ocrx_word' id='word_1_645' title='bbox 3442 2698 3621 2754; x_wconf 90' lang='lat' dir='ltr'><strong>etiam</strong></span> 
     </span>
    </p>
   </div>
   <div class='ocr_carea' id='block_1_86' title="bbox 1963 2787 3621 2859">
    <p class='ocr_par' dir='ltr' id='par_1_86' title="bbox 1963 2787 3621 2859">
     <span class='ocr_line' id='line_1_86' title="bbox 1963 2787 3621 2859; baseline -0.005 -9"><span class='ocrx_word' id='word_1_646' title='bbox 1963 2794 2241 2850; x_wconf 90' lang='lat' dir='ltr'><strong>diabolus</strong></span> <span class='ocrx_word' id='word_1_647' title='bbox 2263 2792 2426 2849; x_wconf 90' lang='lat' dir='ltr'><strong>omni</strong></span> <span class='ocrx_word' id='word_1_648' title='bbox 2459 2791 2639 2847; x_wconf 91' lang='lat' dir='ltr'><strong>modo</strong></span> <span class='ocrx_word' id='word_1_649' title='bbox 2670 2792 2891 2859; x_wconf 85' lang='lat' dir='ltr'><strong>nititur,</strong></span> <span class='ocrx_word' id='word_1_650' title='bbox 2924 2795 2985 2845; x_wconf 93' lang='lat' dir='ltr'><strong>ut</strong></span> <span class='ocrx_word' id='word_1_651' title='bbox 3018 2790 3291 2845; x_wconf 89' lang='lat' dir='ltr'><strong>timorem</strong></span> <span class='ocrx_word' id='word_1_652' title='bbox 3327 2787 3564 2843; x_wconf 87' lang='lat' dir='ltr'><strong>Domini</strong></span> <span class='ocrx_word' id='word_1_653' title='bbox 3589 2801 3621 2842; x_wconf 91' lang='lat' dir='ltr'><strong>e</strong></span> 
     </span>
    </p>
   </div>
   <div class='ocr_carea' id='block_1_87' title="bbox 1963 2874 3625 2948">
    <p class='ocr_par' dir='ltr' id='par_1_87' title="bbox 1963 2874 3625 2948">
     <span class='ocr_line' id='line_1_87' title="bbox 1963 2874 3625 2948; baseline -0.004 -10"><span class='ocrx_word' id='word_1_654' title='bbox 1963 2883 2246 2939; x_wconf 88' lang='lat' dir='ltr'><strong>cordibus</strong></span> <span class='ocrx_word' id='word_1_655' title='bbox 2298 2881 2529 2946; x_wconf 89' lang='lat' dir='ltr'><strong>evellat,</strong></span> <span class='ocrx_word' id='word_1_656' title='bbox 2583 2887 2640 2936; x_wconf 91' lang='lat' dir='ltr'><strong>et</strong></span> <span class='ocrx_word' id='word_1_657' title='bbox 2693 2895 2963 2936; x_wconf 90' lang='lat' dir='ltr'><strong>amorem</strong></span> <span class='ocrx_word' id='word_1_658' title='bbox 3010 2893 3154 2948; x_wconf 90' lang='lat' dir='ltr'><strong>erga</strong></span> <span class='ocrx_word' id='word_1_659' title='bbox 3203 2877 3371 2932; x_wconf 89' lang='lat' dir='ltr'><strong>illum</strong></span> <span class='ocrx_word' id='word_1_660' title='bbox 3406 2874 3625 2932; x_wconf 89' lang='lat' dir='ltr'><strong>illicitis</strong></span> 
     </span>
    </p>
   </div>
   <div class='ocr_carea' id='block_1_88' title="bbox 1965 2967 3623 3044">
    <p class='ocr_par' dir='ltr' id='par_1_88' title="bbox 1965 2967 3623 3044">
     <span class='ocr_line' id='line_1_88' title="bbox 1965 2967 3623 3044; baseline -0.004 -17"><span class='ocrx_word' id='word_1_661' title='bbox 1965 2971 2368 3044; x_wconf 88' lang='lat' dir='ltr'><strong>voluptatibus</strong></span> <span class='ocrx_word' id='word_1_662' title='bbox 2387 2970 2799 3043; x_wconf 88' lang='lat' dir='ltr'><strong>suavibusque</strong></span> <span class='ocrx_word' id='word_1_663' title='bbox 2819 2968 3018 3025; x_wconf 87' lang='lat' dir='ltr'><strong>hamis</strong></span> <span class='ocrx_word' id='word_1_664' title='bbox 3037 2967 3355 3033; x_wconf 86' lang='lat' dir='ltr'><strong>dissolvat,</strong></span> <span class='ocrx_word' id='word_1_665' title='bbox 3379 2970 3623 3022; x_wconf 87' lang='lat' dir='ltr'><strong>conten-</strong></span> 
     </span>
    </p>
   </div>
   <div class='ocr_carea' id='block_1_89' title="bbox 1964 3054 3626 3134">
    <p class='ocr_par' dir='ltr' id='par_1_89' title="bbox 1964 3054 3626 3134">
     <span class='ocr_line' id='line_1_89' title="bbox 1964 3054 3626 3134; baseline -0.003 -19"><span class='ocrx_word' id='word_1_666' title='bbox 1964 3062 2188 3134; x_wconf 89' lang='lat' dir='ltr'><strong>ditque,</strong></span> <span class='ocrx_word' id='word_1_667' title='bbox 2224 3066 2303 3125; x_wconf 91' lang='lat' dir='ltr'><strong>ut,</strong></span> <span class='ocrx_word' id='word_1_668' title='bbox 2337 3076 2475 3115; x_wconf 89' lang='lat' dir='ltr'><strong>cum</strong></span> <span class='ocrx_word' id='word_1_669' title='bbox 2507 3059 2776 3115; x_wconf 90' lang='lat' dir='ltr'><strong>animam</strong></span> <span class='ocrx_word' id='word_1_670' title='bbox 2809 3057 3040 3113; x_wconf 89' lang='lat' dir='ltr'><strong>nudam</strong></span> <span class='ocrx_word' id='word_1_671' title='bbox 3083 3054 3494 3129; x_wconf 88' lang='lat' dir='ltr'><strong>spiritualibus</strong></span> <span class='ocrx_word' id='word_1_672' title='bbox 3532 3069 3626 3110; x_wconf 91' lang='lat' dir='ltr'><strong>ar-</strong></span> 
     </span>
    </p>
   </div>
   <div class='ocr_carea' id='block_1_90' title="bbox 1964 3143 3622 3220">
    <p class='ocr_par' dir='ltr' id='par_1_90' title="bbox 1964 3143 3622 3220">
     <span class='ocr_line' id='line_1_90' title="bbox 1964 3143 3622 3220; baseline -0.005 -14"><span class='ocrx_word' id='word_1_673' title='bbox 1964 3151 2078 3206; x_wconf 88' lang='lat' dir='ltr'><strong>mis</strong></span> <span class='ocrx_word' id='word_1_674' title='bbox 2104 3157 2158 3205; x_wconf 92' lang='lat' dir='ltr'><strong>et</strong></span> <span class='ocrx_word' id='word_1_675' title='bbox 2176 3148 2603 3205; x_wconf 89' lang='lat' dir='ltr'><strong>incustoditam</strong></span> <span class='ocrx_word' id='word_1_676' title='bbox 2629 3145 3103 3220; x_wconf 89' lang='lat' dir='ltr'><strong>deprehenderit,</strong></span> <span class='ocrx_word' id='word_1_677' title='bbox 3127 3149 3364 3202; x_wconf 88' lang='lat' dir='ltr'><strong>nostros</strong></span> <span class='ocrx_word' id='word_1_678' title='bbox 3384 3143 3622 3200; x_wconf 88' lang='lat' dir='ltr'><strong>labores</strong></span> 
     </span>
    </p>
   </div>
   <div class='ocr_carea' id='block_1_91' title="bbox 1963 3234 3627 3311">
    <p class='ocr_par' dir='ltr' id='par_1_91' title="bbox 1963 3234 3627 3311">
     <span class='ocr_line' id='line_1_91' title="bbox 1963 3234 3627 3311; baseline -0.004 -18"><span class='ocrx_word' id='word_1_679' title='bbox 1963 3240 2194 3311; x_wconf 87' lang='lat' dir='ltr'><strong>perdat.</strong></span> <span class='ocrx_word' id='word_1_680' title='bbox 2229 3243 2526 3294; x_wconf 88' lang='lat' dir='ltr'><strong>terrenam</strong></span> <span class='ocrx_word' id='word_1_681' title='bbox 2551 3236 2726 3292; x_wconf 91' lang='lat' dir='ltr'><strong>nobis</strong></span> <span class='ocrx_word' id='word_1_682' title='bbox 2753 3235 3007 3304; x_wconf 89' lang='lat' dir='ltr'><strong>gloriam</strong></span> <span class='ocrx_word' id='word_1_683' title='bbox 3050 3249 3161 3306; x_wconf 90' lang='lat' dir='ltr'><strong>pro</strong></span> <span class='ocrx_word' id='word_1_684' title='bbox 3200 3234 3439 3290; x_wconf 87' lang='lat' dir='ltr'><strong>coelesti</strong></span> <span class='ocrx_word' id='word_1_685' title='bbox 3483 3246 3627 3302; x_wconf 84' lang='lat' dir='ltr'><strong>sug-</strong></span> 
     </span>
    </p>
   </div>
   <div class='ocr_carea' id='block_1_92' title="bbox 1962 3323 3620 3399">
    <p class='ocr_par' dir='ltr' id='par_1_92' title="bbox 1962 3323 3620 3399">
     <span class='ocr_line' id='line_1_92' title="bbox 1962 3323 3620 3399; baseline -0.003 -16"><span class='ocrx_word' id='word_1_686' title='bbox 1962 3344 2195 3399; x_wconf 85' lang='lat' dir='ltr'><strong>gerens,</strong></span> <span class='ocrx_word' id='word_1_687' title='bbox 2222 3332 2281 3383; x_wconf 91' lang='lat' dir='ltr'><strong>et</strong></span> <span class='ocrx_word' id='word_1_688' title='bbox 2309 3328 2642 3382; x_wconf 90' lang='lat' dir='ltr'><strong>obscurans</strong></span> <span class='ocrx_word' id='word_1_689' title='bbox 2655 3341 2811 3397; x_wconf 90' lang='lat' dir='ltr'><strong>quae</strong></span> <span class='ocrx_word' id='word_1_690' title='bbox 2832 3339 2972 3379; x_wconf 88' lang='lat' dir='ltr'><strong>vere</strong></span> <span class='ocrx_word' id='word_1_691' title='bbox 2989 3323 3239 3395; x_wconf 87' lang='lat' dir='ltr'><strong>pulchra</strong></span> <span class='ocrx_word' id='word_1_692' title='bbox 3258 3325 3311 3394; x_wconf 70' lang='grc'><strong>2</strong></span> <span class='ocrx_word' id='word_1_693' title='bbox 3326 3324 3435 3395; x_wconf 81' lang='lat'><strong>13</strong></span> <span class='ocrx_word' id='word_1_694' title='bbox 3461 3323 3620 3386; x_wconf 83' lang='lat' dir='ltr'><strong>sunt,</strong></span> 
     </span>
    </p>
   </div>
   <div class='ocr_carea' id='block_1_93' title="bbox 1971 3411 3626 3489">
    <p class='ocr_par' dir='ltr' id='par_1_93' title="bbox 1971 3411 3626 3489">
     <span class='ocr_line' id='line_1_93' title="bbox 1971 3411 3626 3489; baseline -0.004 -17"><span class='ocrx_word' id='word_1_695' title='bbox 1971 3418 2040 3473; x_wconf 92' lang='lat' dir='ltr'><strong>iis</strong></span> <span class='ocrx_word' id='word_1_696' title='bbox 2063 3432 2218 3489; x_wconf 89' lang='lat' dir='ltr'><strong>quae</strong></span> <span class='ocrx_word' id='word_1_697' title='bbox 2248 3416 2495 3489; x_wconf 88' lang='lat' dir='ltr'><strong>polchra</strong></span> <span class='ocrx_word' id='word_1_698' title='bbox 2525 3430 2650 3469; x_wconf 82' lang='lat' dir='ltr'><strong>esse</strong></span> <span class='ocrx_word' id='word_1_699' title='bbox 2690 3414 2964 3470; x_wconf 91' lang='lat' dir='ltr'><strong>videntur</strong></span> <span class='ocrx_word' id='word_1_700' title='bbox 2998 3412 3419 3481; x_wconf 91' lang='lat' dir='ltr'><strong>imaginatiuni</strong></span> <span class='ocrx_word' id='word_1_701' title='bbox 3451 3411 3626 3466; x_wconf 89' lang='lat' dir='ltr'><strong>dece-</strong></span> 
     </span>
    </p>
   </div>
   <div class='ocr_carea' id='block_1_94' title="bbox 1965 3502 3625 3579">
    <p class='ocr_par' dir='ltr' id='par_1_94' title="bbox 1965 3502 3625 3579">
     <span class='ocr_line' id='line_1_94' title="bbox 1965 3502 3625 3579; baseline -0.005 -16"><span class='ocrx_word' id='word_1_702' title='bbox 1965 3513 2223 3579; x_wconf 84' lang='lat' dir='ltr'><strong>ptorum.</strong></span> <span class='ocrx_word' id='word_1_703' title='bbox 2240 3504 2535 3563; x_wconf 87' lang='lat' dir='ltr'><strong>Terribilis</strong></span> <span class='ocrx_word' id='word_1_704' title='bbox 2559 3505 2718 3559; x_wconf 90' lang='lat' dir='ltr'><strong>enim</strong></span> <span class='ocrx_word' id='word_1_705' title='bbox 2733 3508 2823 3560; x_wconf 90' lang='lat' dir='ltr'><strong>est</strong></span> <span class='ocrx_word' id='word_1_706' title='bbox 2842 3502 3293 3575; x_wconf 87' lang='lat' dir='ltr'><strong>et,negligentes</strong></span> <span class='ocrx_word' id='word_1_707' title='bbox 3316 3502 3364 3557; x_wconf 91' lang='lat' dir='ltr'><strong>si</strong></span> <span class='ocrx_word' id='word_1_708' title='bbox 3385 3502 3625 3557; x_wconf 84' lang='lat' dir='ltr'><strong>invene-</strong></span> 
     </span>
    </p>
   </div>
   <div class='ocr_carea' id='block_1_95' title="bbox 1967 3590 3625 3666">
    <p class='ocr_par' dir='ltr' id='par_1_95' title="bbox 1967 3590 3625 3666">
     <span class='ocr_line' id='line_1_95' title="bbox 1967 3590 3625 3666; baseline -0.005 -15"><span class='ocrx_word' id='word_1_709' title='bbox 1967 3596 2039 3652; x_wconf 89' lang='lat' dir='ltr'><strong>rit</strong></span> <span class='ocrx_word' id='word_1_710' title='bbox 2063 3596 2361 3659; x_wconf 85' lang='lat' dir='ltr'><strong>custodes,</strong></span> <span class='ocrx_word' id='word_1_711' title='bbox 2393 3595 2454 3648; x_wconf 90' lang='lat' dir='ltr'><strong>in</strong></span> <span class='ocrx_word' id='word_1_712' title='bbox 2480 3593 2924 3666; x_wconf 88' lang='lat' dir='ltr'><strong>opportunitate</strong></span> <span class='ocrx_word' id='word_1_713' title='bbox 2963 3590 3308 3663; x_wconf 89' lang='lat' dir='ltr'><strong>arripienda</strong></span> <span class='ocrx_word' id='word_1_714' title='bbox 3356 3596 3414 3647; x_wconf 92' lang='lat' dir='ltr'><strong>et</strong></span> <span class='ocrx_word' id='word_1_715' title='bbox 3450 3590 3625 3645; x_wconf 90' lang='lat' dir='ltr'><strong>virtu-</strong></span> 
     </span>
    </p>
   </div>
   <div class='ocr_carea' id='block_1_96' title="bbox 1968 3678 3623 3754">
    <p class='ocr_par' dir='ltr' id='par_1_96' title="bbox 1968 3678 3623 3754">
     <span class='ocr_line' id='line_1_96' title="bbox 1968 3678 3623 3754; baseline -0.007 -12"><span class='ocrx_word' id='word_1_716' title='bbox 1968 3689 2039 3742; x_wconf 91' lang='lat' dir='ltr'><strong>tis</strong></span> <span class='ocrx_word' id='word_1_717' title='bbox 2069 3685 2378 3741; x_wconf 87' lang='lat' dir='ltr'><strong>laboribus</strong></span> <span class='ocrx_word' id='word_1_718' title='bbox 2404 3682 2744 3754; x_wconf 87' lang='lat' dir='ltr'><strong>irrependo,</strong></span> <span class='ocrx_word' id='word_1_719' title='bbox 2769 3688 2825 3737; x_wconf 88' lang='lat' dir='ltr'><strong>et</strong></span> <span class='ocrx_word' id='word_1_720' title='bbox 2869 3680 3059 3735; x_wconf 88' lang='lat' dir='ltr'><strong>tritico</strong></span> <span class='ocrx_word' id='word_1_721' title='bbox 3104 3696 3214 3735; x_wconf 87' lang='lat' dir='ltr'><strong>sua</strong></span> <span class='ocrx_word' id='word_1_722' title='bbox 3263 3679 3487 3735; x_wconf 88' lang='lat' dir='ltr'><strong>zizania</strong></span> <span class='ocrx_word' id='word_1_723' title='bbox 3531 3678 3623 3732; x_wconf 86' lang='lat' dir='ltr'><strong>in-</strong></span> 
     </span>
    </p>
   </div>
   <div class='ocr_carea' id='block_1_97' title="bbox 1969 3766 3627 3839">
    <p class='ocr_par' dir='ltr' id='par_1_97' title="bbox 1969 3766 3627 3839">
     <span class='ocr_line' id='line_1_97' title="bbox 1969 3766 3627 3839; baseline -0.006 -10"><span class='ocrx_word' id='word_1_724' title='bbox 1969 3774 2334 3836; x_wconf 88' lang='lat' dir='ltr'><strong>terserendo,</strong></span> <span class='ocrx_word' id='word_1_725' title='bbox 2354 3772 2735 3827; x_wconf 90' lang='lat' dir='ltr'><strong>maledictum</strong></span> <span class='ocrx_word' id='word_1_726' title='bbox 2760 3770 2980 3825; x_wconf 84' lang='lat' dir='ltr'><strong>scilicet</strong></span> <span class='ocrx_word' id='word_1_727' title='bbox 2996 3773 3053 3824; x_wconf 90' lang='lat' dir='ltr'><strong>et</strong></span> <span class='ocrx_word' id='word_1_728' title='bbox 3067 3768 3415 3839; x_wconf 88' lang='lat' dir='ltr'><strong>superbiam</strong></span> <span class='ocrx_word' id='word_1_729' title='bbox 3430 3766 3627 3821; x_wconf 90' lang='lat' dir='ltr'><strong>etina-</strong></span> 
     </span>
    </p>
   </div>
   <div class='ocr_carea' id='block_1_98' title="bbox 1967 3856 3626 3932">
    <p class='ocr_par' dir='ltr' id='par_1_98' title="bbox 1967 3856 3626 3932">
     <span class='ocr_line' id='line_1_98' title="bbox 1967 3856 3626 3932; baseline -0.007 -13"><span class='ocrx_word' id='word_1_730' title='bbox 1967 3878 2105 3920; x_wconf 87' lang='lat' dir='ltr'><strong>nem</strong></span> <span class='ocrx_word' id='word_1_731' title='bbox 2139 3862 2394 3932; x_wconf 88' lang='lat' dir='ltr'><strong>gloriam</strong></span> <span class='ocrx_word' id='word_1_732' title='bbox 2418 3860 2732 3915; x_wconf 90' lang='lat' dir='ltr'><strong>ethonoris</strong></span> <span class='ocrx_word' id='word_1_733' title='bbox 2750 3858 3094 3929; x_wconf 90' lang='lat' dir='ltr'><strong>cupidinem</strong></span> <span class='ocrx_word' id='word_1_734' title='bbox 3113 3856 3626 3912; x_wconf 91' lang='lat' dir='ltr'><strong>etcontentionem</strong></span> 
     </span>
    </p>
   </div>
   <div class='ocr_carea' id='block_1_99' title="bbox 1969 3943 3626 4017">
    <p class='ocr_par' dir='ltr' id='par_1_99' title="bbox 1969 3943 3626 4017">
     <span class='ocr_line' id='line_1_99' title="bbox 1969 3943 3626 4017; baseline -0.007 -9"><span class='ocrx_word' id='word_1_735' title='bbox 1969 3959 2025 4008; x_wconf 89' lang='lat' dir='ltr'><strong>et</strong></span> <span class='ocrx_word' id='word_1_736' title='bbox 2045 3962 2239 4007; x_wconf 90' lang='lat' dir='ltr'><strong>cetera</strong></span> <span class='ocrx_word' id='word_1_737' title='bbox 2271 3949 2533 4006; x_wconf 90' lang='lat' dir='ltr'><strong>malitiae</strong></span> <span class='ocrx_word' id='word_1_738' title='bbox 2563 3948 2849 4004; x_wconf 82' lang='lat' dir='ltr'><strong>facinora.</strong></span> <span class='ocrx_word' id='word_1_739' title='bbox 2884 3949 3126 4017; x_wconf 90' lang='lat' dir='ltr'><strong>Oportet</strong></span> <span class='ocrx_word' id='word_1_740' title='bbox 3171 3945 3348 4012; x_wconf 88' lang='lat' dir='ltr'><strong>igitur</strong></span> <span class='ocrx_word' id='word_1_741' title='bbox 3388 3943 3626 4012; x_wconf 90' lang='lat' dir='ltr'><strong>vigilem</strong></span> 
     </span>
    </p>
   </div>
   <div class='ocr_carea' id='block_1_100' title="bbox 1969 4029 3626 4109">
    <p class='ocr_par' dir='ltr' id='par_1_100' title="bbox 1969 4029 3626 4109">
     <span class='ocr_line' id='line_1_100' title="bbox 1969 4029 3626 4109; baseline -0.008 -12"><span class='ocrx_word' id='word_1_742' title='bbox 1969 4057 2098 4097; x_wconf 91' lang='lat' dir='ltr'><strong>esse</strong></span> <span class='ocrx_word' id='word_1_743' title='bbox 2128 4046 2184 4095; x_wconf 91' lang='lat' dir='ltr'><strong>et</strong></span> <span class='ocrx_word' id='word_1_744' title='bbox 2208 4038 2474 4109; x_wconf 88' lang='lat' dir='ltr'><strong>undique</strong></span> <span class='ocrx_word' id='word_1_745' title='bbox 2522 4035 2824 4092; x_wconf 89' lang='lat' dir='ltr'><strong>custodire</strong></span> <span class='ocrx_word' id='word_1_746' title='bbox 2879 4034 3214 4097; x_wconf 90' lang='lat' dir='ltr'><strong>inimicum,</strong></span> <span class='ocrx_word' id='word_1_747' title='bbox 3262 4039 3340 4096; x_wconf 91' lang='lat' dir='ltr'><strong>ut,</strong></span> <span class='ocrx_word' id='word_1_748' title='bbox 3392 4029 3626 4086; x_wconf 90' lang='lat' dir='ltr'><strong>etiamsi</strong></span> 
     </span>
    </p>
   </div>
   <div class='ocr_carea' id='block_1_101' title="bbox 1972 4118 3627 4199">
    <p class='ocr_par' dir='ltr' id='par_1_101' title="bbox 1972 4118 3627 4199">
     <span class='ocr_line' id='line_1_101' title="bbox 1972 4118 3627 4199; baseline -0.008 -14"><span class='ocrx_word' id='word_1_749' title='bbox 1972 4128 2312 4185; x_wconf 88' lang='lat' dir='ltr'><strong>machinam</strong></span> <span class='ocrx_word' id='word_1_750' title='bbox 2345 4124 2657 4199; x_wconf 89' lang='lat' dir='ltr'><strong>quandam</strong></span> <span class='ocrx_word' id='word_1_751' title='bbox 2693 4122 3073 4195; x_wconf 89' lang='lat' dir='ltr'><strong>impudenter</strong></span> <span class='ocrx_word' id='word_1_752' title='bbox 3101 4120 3405 4185; x_wconf 90' lang='lat' dir='ltr'><strong>adhibeat,</strong></span> <span class='ocrx_word' id='word_1_753' title='bbox 3432 4118 3627 4191; x_wconf 85' lang='lat' dir='ltr'><strong>prius-</strong></span> 
     </span>
    </p>
   </div>
   <div class='ocr_carea' id='block_1_102' title="bbox 1969 4210 3628 4290">
    <p class='ocr_par' dir='ltr' id='par_1_102' title="bbox 1969 4210 3628 4290">
     <span class='ocr_line' id='line_1_102' title="bbox 1969 4210 3628 4290; baseline -0.007 -16"><span class='ocrx_word' id='word_1_754' title='bbox 1969 4234 2155 4290; x_wconf 89' lang='lat' dir='ltr'><strong>quam</strong></span> <span class='ocrx_word' id='word_1_755' title='bbox 2186 4216 2453 4272; x_wconf 89' lang='lat' dir='ltr'><strong>animam</strong></span> <span class='ocrx_word' id='word_1_756' title='bbox 2482 4214 2697 4285; x_wconf 89' lang='lat' dir='ltr'><strong>capiat,</strong></span> <span class='ocrx_word' id='word_1_757' title='bbox 2727 4228 2864 4267; x_wconf 91' lang='lat' dir='ltr'><strong>eum</strong></span> <span class='ocrx_word' id='word_1_758' title='bbox 2897 4210 3343 4283; x_wconf 88' lang='lat' dir='ltr'><strong>propulsemus.</strong></span> <span class='ocrx_word' id='word_1_759' title='bbox 3374 4211 3628 4265; x_wconf 77' lang='lat' dir='ltr'><strong>Memen-</strong></span> 
     </span>
    </p>
   </div>
   <div class='ocr_carea' id='block_1_103' title="bbox 1972 4297 3627 4372">
    <p class='ocr_par' dir='ltr' id='par_1_103' title="bbox 1972 4297 3627 4372">
     <span class='ocr_line' id='line_1_103' title="bbox 1972 4297 3627 4372; baseline -0.008 -8"><span class='ocrx_word' id='word_1_760' title='bbox 1972 4315 2088 4364; x_wconf 89' lang='lat' dir='ltr'><strong>tote</strong></span> <span class='ocrx_word' id='word_1_761' title='bbox 2114 4322 2254 4363; x_wconf 87' lang='lat' dir='ltr'><strong>vero</strong></span> <span class='ocrx_word' id='word_1_762' title='bbox 2285 4304 2431 4361; x_wconf 88' lang='lat' dir='ltr'><strong>mihi</strong></span> <span class='ocrx_word' id='word_1_763' title='bbox 2462 4304 2643 4359; x_wconf 90' lang='lat' dir='ltr'><strong>etiam</strong></span> <span class='ocrx_word' id='word_1_764' title='bbox 2692 4316 2947 4372; x_wconf 87' lang='lat' dir='ltr'><strong>semper,</strong></span> <span class='ocrx_word' id='word_1_765' title='bbox 2991 4298 3158 4371; x_wconf 86' lang='lat' dir='ltr'><strong>quod</strong></span> <span class='ocrx_word' id='word_1_766' title='bbox 3201 4297 3350 4354; x_wconf 82' lang='lat' dir='ltr'><strong>Abel</strong></span> <span class='ocrx_word' id='word_1_767' title='bbox 3384 4300 3502 4353; x_wconf 92' lang='lat' dir='ltr'><strong>Deo</strong></span> <span class='ocrx_word' id='word_1_768' title='bbox 3535 4311 3627 4352; x_wconf 86' lang='lat' dir='ltr'><strong>sa-</strong></span> 
     </span>
    </p>
   </div>
   <div class='ocr_carea' id='block_1_104' title="bbox 1971 4384 3623 4464">
    <p class='ocr_par' dir='ltr' id='par_1_104' title="bbox 1971 4384 3623 4464">
     <span class='ocr_line' id='line_1_104' title="bbox 1971 4384 3623 4464; baseline -0.008 -11"><span class='ocrx_word' id='word_1_769' title='bbox 1971 4397 2261 4453; x_wconf 80' lang='lat' dir='ltr'><strong>criﬁcium</strong></span> <span class='ocrx_word' id='word_1_770' title='bbox 2286 4395 2360 4449; x_wconf 93' lang='lat' dir='ltr'><strong>de</strong></span> <span class='ocrx_word' id='word_1_771' title='bbox 2406 4391 2681 4464; x_wconf 89' lang='lat' dir='ltr'><strong>primitiis</strong></span> <span class='ocrx_word' id='word_1_772' title='bbox 2723 4389 2930 4445; x_wconf 89' lang='lat' dir='ltr'><strong>ovium</strong></span> <span class='ocrx_word' id='word_1_773' title='bbox 2977 4396 3034 4444; x_wconf 91' lang='lat' dir='ltr'><strong>et</strong></span> <span class='ocrx_word' id='word_1_774' title='bbox 3090 4387 3340 4459; x_wconf 88' lang='lat' dir='ltr'><strong>adipum</strong></span> <span class='ocrx_word' id='word_1_775' title='bbox 3388 4384 3623 4450; x_wconf 89' lang='lat' dir='ltr'><strong>obtulit,</strong></span> 
     </span>
    </p>
   </div>
   <div class='ocr_carea' id='block_1_105' title="bbox 1896 4471 3629 4547">
    <p class='ocr_par' dir='ltr' id='par_1_105' title="bbox 1896 4471 3629 4547">
     <span class='ocr_line' id='line_1_105' title="bbox 1896 4471 3629 4547; baseline -0.01 -2"><span class='ocrx_word' id='word_1_776' title='bbox 1896 4471 1940 4525; x_wconf 73' lang='grc' dir='ltr'><strong>θ</strong></span> <span class='ocrx_word' id='word_1_777' title='bbox 1972 4489 2115 4544; x_wconf 86' lang='lat' dir='ltr'><strong>Cain</strong></span> <span class='ocrx_word' id='word_1_778' title='bbox 2146 4500 2286 4540; x_wconf 91' lang='lat' dir='ltr'><strong>vero</strong></span> <span class='ocrx_word' id='word_1_779' title='bbox 2316 4484 2391 4539; x_wconf 87' lang='lat' dir='ltr'><strong>de</strong></span> <span class='ocrx_word' id='word_1_780' title='bbox 2421 4482 2710 4538; x_wconf 86' lang='lat' dir='ltr'><strong>fructibus</strong></span> <span class='ocrx_word' id='word_1_781' title='bbox 2742 4485 2953 4547; x_wconf 88' lang='lat' dir='ltr'><strong>terrae,</strong></span> <span class='ocrx_word' id='word_1_782' title='bbox 2979 4477 3081 4533; x_wconf 91' lang='lat' dir='ltr'><strong>sed</strong></span> <span class='ocrx_word' id='word_1_783' title='bbox 3112 4492 3232 4531; x_wconf 92' lang='lat' dir='ltr'><strong>non</strong></span> <span class='ocrx_word' id='word_1_784' title='bbox 3251 4477 3325 4531; x_wconf 89' lang='lat' dir='ltr'><strong>de</strong></span> <span class='ocrx_word' id='word_1_785' title='bbox 3353 4473 3629 4547; x_wconf 90' lang='lat' dir='ltr'><strong>primitiis</strong></span> 
     </span>
    </p>
   </div>
   <div class='ocr_carea' id='block_1_106' title="bbox 1976 4561 3626 4641">
    <p class='ocr_par' dir='ltr' id='par_1_106' title="bbox 1976 4561 3626 4641">
     <span class='ocr_line' id='line_1_106' title="bbox 1976 4561 3626 4641; baseline -0.01 -9"><span class='ocrx_word' id='word_1_786' title='bbox 1976 4577 2266 4632; x_wconf 81' lang='lat' dir='ltr'><strong>fructuum</strong></span> <span class='ocrx_word' id='word_1_787' title='bbox 2278 4573 2373 4628; x_wconf 82' lang='lat' dir='ltr'><strong>.Et</strong></span> <span class='ocrx_word' id='word_1_788' title='bbox 2388 4570 2661 4639; x_wconf 78' lang='lat' dir='ltr'><strong>respexit,</strong></span> <span class='ocrx_word' id='word_1_789' title='bbox 2674 4570 2885 4641; x_wconf 90' lang='lat' dir='ltr'><strong>inquit,</strong></span> <span class='ocrx_word' id='word_1_790' title='bbox 2898 4569 3049 4624; x_wconf 85' lang='lat' dir='ltr'><strong>Deus</strong></span> <span class='ocrx_word' id='word_1_791' title='bbox 3061 4566 3141 4622; x_wconf 85' lang='lat' dir='ltr'><strong>ad</strong></span> <span class='ocrx_word' id='word_1_792' title='bbox 3151 4564 3447 4632; x_wconf 75' lang='lat' dir='ltr'><strong>sacriﬁcia</strong></span> <span class='ocrx_word' id='word_1_793' title='bbox 3461 4564 3507 4617; x_wconf 85' lang='lat' dir='ltr'><strong><em>A</em></strong></span> <span class='ocrx_word' id='word_1_794' title='bbox 3518 4561 3626 4627; x_wconf 81' lang='lat' dir='ltr'><strong>bel,</strong></span> 
     </span>
    </p>
   </div>
   <div class='ocr_carea' id='block_1_107' title="bbox 1974 4652 3630 4728">
    <p class='ocr_par' dir='ltr' id='par_1_107' title="bbox 1974 4652 3630 4728">
     <span class='ocr_line' id='line_1_107' title="bbox 1974 4652 3630 4728; baseline -0.011 -3"><span class='ocrx_word' id='word_1_795' title='bbox 1974 4667 2055 4725; x_wconf 86' lang='lat' dir='ltr'><strong>ad</strong></span> <span class='ocrx_word' id='word_1_796' title='bbox 2078 4679 2329 4721; x_wconf 87' lang='lat' dir='ltr'><strong>munera</strong></span> <span class='ocrx_word' id='word_1_797' title='bbox 2360 4662 2510 4720; x_wconf 81' lang='lat' dir='ltr'><strong>Cain</strong></span> <span class='ocrx_word' id='word_1_798' title='bbox 2523 4667 2851 4718; x_wconf 82' lang='lat' dir='ltr'><strong>autemnon</strong></span> <span class='ocrx_word' id='word_1_799' title='bbox 2875 4658 3130 4725; x_wconf 71' lang='lat' dir='ltr'><strong>respexi:</strong></span> <span class='ocrx_word' id='word_1_800' title='bbox 3147 4657 3245 4728; x_wconf 84' lang='lat' dir='ltr'><strong>(l).</strong></span> <span class='ocrx_word' id='word_1_801' title='bbox 3266 4656 3429 4721; x_wconf 86' lang='lat' dir='ltr'><strong>Quae</strong></span> <span class='ocrx_word' id='word_1_802' title='bbox 3451 4652 3630 4723; x_wconf 89' lang='lat' dir='ltr'><strong>igitur</strong></span> 
     </span>
    </p>
   </div>
   <div class='ocr_carea' id='block_1_108' title="bbox 1978 4742 3629 4820">
    <p class='ocr_par' dir='ltr' id='par_1_108' title="bbox 1978 4742 3629 4820">
     <span class='ocr_line' id='line_1_108' title="bbox 1978 4742 3629 4820; baseline -0.007 -11"><span class='ocrx_word' id='word_1_803' title='bbox 1978 4755 2253 4809; x_wconf 89' lang='lat' dir='ltr'><strong>historiae</strong></span> <span class='ocrx_word' id='word_1_804' title='bbox 2281 4752 2502 4807; x_wconf 88' lang='lat' dir='ltr'><strong>utilitas</strong></span> <span class='ocrx_word' id='word_1_805' title='bbox 2528 4750 2557 4805; x_wconf 71' lang='lat' dir='ltr'><strong>‘l</strong></span> <span class='ocrx_word' id='word_1_806' title='bbox 2591 4751 3047 4820; x_wconf 88' lang='lat' dir='ltr'><strong>Discitur.quam</strong></span> <span class='ocrx_word' id='word_1_807' title='bbox 3078 4743 3480 4817; x_wconf 90' lang='lat' dir='ltr'><strong>beneplacens</strong></span> <span class='ocrx_word' id='word_1_808' title='bbox 3510 4742 3629 4798; x_wconf 91' lang='lat' dir='ltr'><strong>Deo</strong></span> 
     </span>
    </p>
   </div>
   <div class='ocr_carea' id='block_1_109' title="bbox 1977 4834 3630 4913">
    <p class='ocr_par' dir='ltr' id='par_1_109' title="bbox 1977 4834 3630 4913">
     <span class='ocr_line' id='line_1_109' title="bbox 1977 4834 3630 4913; baseline -0.007 -15"><span class='ocrx_word' id='word_1_809' title='bbox 1977 4858 2157 4898; x_wconf 89' lang='lat' dir='ltr'><strong>omne</strong></span> <span class='ocrx_word' id='word_1_810' title='bbox 2183 4843 2273 4906; x_wconf 86' lang='lat' dir='ltr'><strong>sit,</strong></span> <span class='ocrx_word' id='word_1_811' title='bbox 2299 4839 2464 4913; x_wconf 90' lang='lat' dir='ltr'><strong>quod</strong></span> <span class='ocrx_word' id='word_1_812' title='bbox 2496 4855 2631 4896; x_wconf 86' lang='lat' dir='ltr'><strong>cum</strong></span> <span class='ocrx_word' id='word_1_813' title='bbox 2664 4839 2873 4894; x_wconf 86' lang='lat' dir='ltr'><strong>timore</strong></span> <span class='ocrx_word' id='word_1_814' title='bbox 2910 4846 2967 4891; x_wconf 92' lang='lat' dir='ltr'><strong>et</strong></span> <span class='ocrx_word' id='word_1_815' title='bbox 3000 4834 3119 4889; x_wconf 81' lang='lat' dir='ltr'><strong>fide</strong></span> <span class='ocrx_word' id='word_1_816' title='bbox 3145 4834 3229 4899; x_wconf 82' lang='lat' dir='ltr'><strong>ﬁt,</strong></span> <span class='ocrx_word' id='word_1_817' title='bbox 3262 4846 3458 4904; x_wconf 89' lang='lat' dir='ltr'><strong>neque</strong></span> <span class='ocrx_word' id='word_1_818' title='bbox 3488 4844 3630 4886; x_wconf 89' lang='lat' dir='ltr'><strong>vero</strong></span> 
     </span>
    </p>
   </div>
   <div class='ocr_carea' id='block_1_110' title="bbox 1979 4918 3633 5004">
    <p class='ocr_par' dir='ltr' id='par_1_110' title="bbox 1979 4918 3633 5004">
     <span class='ocr_line' id='line_1_110' title="bbox 1979 4918 3633 5004; baseline -0.007 -16"><span class='ocrx_word' id='word_1_819' title='bbox 1979 4932 2038 4988; x_wconf 91' lang='lat' dir='ltr'><strong>id</strong></span> <span class='ocrx_word' id='word_1_820' title='bbox 2063 4931 2229 5004; x_wconf 89' lang='lat' dir='ltr'><strong>quod</strong></span> <span class='ocrx_word' id='word_1_821' title='bbox 2259 4934 2609 5001; x_wconf 89' lang='lat' dir='ltr'><strong>sumptuose</strong></span> <span class='ocrx_word' id='word_1_822' title='bbox 2646 4926 2775 4983; x_wconf 92' lang='lat' dir='ltr'><strong>sine</strong></span> <span class='ocrx_word' id='word_1_823' title='bbox 2798 4940 3003 4981; x_wconf 87' lang='lat' dir='ltr'><strong>amore</strong></span> <span class='ocrx_word' id='word_1_824' title='bbox 3035 4922 3356 4996; x_wconf 84' lang='lat' dir='ltr'><strong>perﬁcitur.</strong></span> <span class='ocrx_word' id='word_1_825' title='bbox 3382 4923 3497 4977; x_wconf 89' lang='lat' dir='ltr'><strong>Nec</strong></span> <span class='ocrx_word' id='word_1_826' title='bbox 3529 4918 3633 4977; x_wconf 77' lang='lat' dir='ltr'><strong>ali~</strong></span> 
     </span>
    </p>
   </div>
   <div class='ocr_carea' id='block_1_111' title="bbox 1980 5012 3633 5077">
    <p class='ocr_par' dir='ltr' id='par_1_111' title="bbox 1980 5012 3633 5077">
     <span class='ocr_line' id='line_1_111' title="bbox 1980 5012 3633 5077; baseline -0.007 -1"><span class='ocrx_word' id='word_1_827' title='bbox 1980 5025 2065 5077; x_wconf 88' lang='lat' dir='ltr'><strong>ter</strong></span> <span class='ocrx_word' id='word_1_828' title='bbox 2094 5018 2396 5075; x_wconf 85' lang='lat' dir='ltr'><strong>Abraham</strong></span> <span class='ocrx_word' id='word_1_829' title='bbox 2429 5034 2465 5072; x_wconf 90' lang='lat' dir='ltr'><strong>a</strong></span> <span class='ocrx_word' id='word_1_830' title='bbox 2499 5014 2921 5073; x_wconf 84' lang='lat' dir='ltr'><strong>Melchisedech</strong></span> <span class='ocrx_word' id='word_1_831' title='bbox 2950 5012 3429 5069; x_wconf 89' lang='lat' dir='ltr'><strong>benedictionem</strong></span> <span class='ocrx_word' id='word_1_832' title='bbox 3462 5024 3633 5066; x_wconf 89' lang='lat' dir='ltr'><strong>acce-</strong></span> 
     </span>
    </p>
   </div>
   <div class='ocr_carea' id='block_1_112' title="bbox 1981 5097 3632 5182">
    <p class='ocr_par' dir='ltr' id='par_1_112' title="bbox 1981 5097 3632 5182">
     <span class='ocr_line' id='line_1_112' title="bbox 1981 5097 3632 5182; baseline -0.007 -18"><span class='ocrx_word' id='word_1_833' title='bbox 1981 5110 2084 5182; x_wconf 91' lang='lat' dir='ltr'><strong>pit,</strong></span> <span class='ocrx_word' id='word_1_834' title='bbox 2113 5106 2413 5163; x_wconf 90' lang='lat' dir='ltr'><strong>nisietiam</strong></span> <span class='ocrx_word' id='word_1_835' title='bbox 2436 5104 2728 5179; x_wconf 86' lang='lat' dir='ltr'><strong>primitias</strong></span> <span class='ocrx_word' id='word_1_836' title='bbox 2750 5110 2805 5159; x_wconf 90' lang='lat' dir='ltr'><strong>et</strong></span> <span class='ocrx_word' id='word_1_837' title='bbox 2827 5103 3033 5176; x_wconf 89' lang='lat' dir='ltr'><strong>opima</strong></span> <span class='ocrx_word' id='word_1_838' title='bbox 3052 5100 3309 5158; x_wconf 76' lang='lat' dir='ltr'><strong>offerens</strong></span> <span class='ocrx_word' id='word_1_839' title='bbox 3336 5097 3632 5156; x_wconf 88' lang='lat' dir='ltr'><strong>sacerdoti</strong></span> 
     </span>
    </p>
   </div>
   <div class='ocr_carea' id='block_1_113' title="bbox 1626 5249 2331 5308">
    <p class='ocr_par' dir='ltr' id='par_1_113' title="bbox 1626 5249 2331 5308">
     <span class='ocr_line' id='line_1_113' title="bbox 1626 5249 2331 5308; baseline -0.006 -1"><span class='ocrx_word' id='word_1_840' title='bbox 1626 5252 1891 5308; x_wconf 83' lang='lat' dir='ltr'><strong>VARIAE</strong></span> <span class='ocrx_word' id='word_1_841' title='bbox 1929 5249 2331 5308; x_wconf 88' lang='lat' dir='ltr'><strong>LECTlONES.</strong></span> 
     </span>
    </p>
   </div>
   <div class='ocr_carea' id='block_1_114' title="bbox 342 5361 3628 5450">
    <p class='ocr_par' dir='ltr' id='par_1_114' title="bbox 342 5361 3628 5450">
     <span class='ocr_line' id='line_1_114' title="bbox 342 5361 3628 5450; baseline -0.011 1"><span class='ocrx_word' id='word_1_842' title='bbox 342 5374 389 5450; x_wconf 88' lang='grc'><strong>¹)</strong></span> <span class='ocrx_word' id='word_1_843' title='bbox 422 5374 568 5450; x_wconf 55' lang='lat'><strong>(3951-</strong></span> <span class='ocrx_word' id='word_1_844' title='bbox 622 5374 949 5450; x_wconf 58' lang='grc' dir='ltr'><strong>καταεϐοᾷλῃο</strong></span> <span class='ocrx_word' id='word_1_845' title='bbox 974 5376 1111 5450; x_wconf 27' lang='grc'><strong>-,²)</strong></span> <span class='ocrx_word' id='word_1_846' title='bbox 1170 5376 1313 5435; x_wconf 90' lang='lat' dir='ltr'><strong>Cod.</strong></span> <span class='ocrx_word' id='word_1_847' title='bbox 1368 5376 1630 5450; x_wconf 54' lang='grc' dir='ltr'><strong>ἀπὼλωλετ</strong></span> <span class='ocrx_word' id='word_1_848' title='bbox 1661 5408 1729 5418; x_wconf 88' lang='grc'><strong><em>-</em></strong></span> <span class='ocrx_word' id='word_1_849' title='bbox 1832 5376 2002 5450; x_wconf 65' lang='grc' dir='ltr'><strong>(30(1.Δ</strong></span> <span class='ocrx_word' id='word_1_850' title='bbox 2030 5377 2293 5448; x_wconf 80' lang='grc' dir='ltr'><strong>ἑπόμενος.</strong></span> <span class='ocrx_word' id='word_1_851' title='bbox 2328 5405 2394 5414; x_wconf 90' lang='grc'><strong><em>-</em></strong></span> <span class='ocrx_word' id='word_1_852' title='bbox 2426 5374 2473 5444; x_wconf 76' lang='grc'><strong>⁵)</strong></span> <span class='ocrx_word' id='word_1_853' title='bbox 2520 5373 2704 5450; x_wconf 76' lang='lat' dir='ltr'><strong>Corr.,</strong></span> <span class='ocrx_word' id='word_1_854' title='bbox 2763 5369 2898 5450; x_wconf 83' lang='lat' dir='ltr'><strong>cod.</strong></span> <span class='ocrx_word' id='word_1_855' title='bbox 2925 5372 3128 5441; x_wconf 76' lang='grc' dir='ltr'><strong>ἔχειν.</strong></span> <span class='ocrx_word' id='word_1_856' title='bbox 3164 5397 3232 5408; x_wconf 88' lang='grc'><strong><em>-</em></strong></span> <span class='ocrx_word' id='word_1_857' title='bbox 3260 5367 3307 5437; x_wconf 73' lang='grc'><strong>⁵)</strong></span> <span class='ocrx_word' id='word_1_858' title='bbox 3355 5361 3628 5425; x_wconf 87' lang='lat' dir='ltr'><strong>Emend.,</strong></span> 
     </span>
    </p>
   </div>
   <div class='ocr_carea' id='block_1_115' title="bbox 270 5443 2881 5521">
    <p class='ocr_par' dir='ltr' id='par_1_115' title="bbox 270 5443 2881 5521">
     <span class='ocr_line' id='line_1_115' title="bbox 270 5443 2881 5521; baseline -0.004 -12"><span class='ocrx_word' id='word_1_859' title='bbox 270 5443 411 5504; x_wconf 74' lang='lat' dir='ltr'><strong>cod.</strong></span> <span class='ocrx_word' id='word_1_860' title='bbox 440 5446 611 5509; x_wconf 78' lang='grc' dir='ltr'><strong>ἄλλος.</strong></span> <span class='ocrx_word' id='word_1_861' title='bbox 640 5476 710 5492; x_wconf 89' lang='grc'><strong>-</strong></span> <span class='ocrx_word' id='word_1_862' title='bbox 737 5448 783 5518; x_wconf 78' lang='grc'>⁵)</span> <span class='ocrx_word' id='word_1_863' title='bbox 813 5443 955 5506; x_wconf 84' lang='lat' dir='ltr'><strong>Cod.</strong></span> <span class='ocrx_word' id='word_1_864' title='bbox 989 5443 1156 5502; x_wconf 68' lang='grc' dir='ltr'><strong>ὅπλων</strong></span> <span class='ocrx_word' id='word_1_865' title='bbox 1187 5479 1253 5491; x_wconf 91' lang='grc'><strong><em>-</em></strong></span> <span class='ocrx_word' id='word_1_866' title='bbox 1278 5450 1324 5521; x_wconf 80' lang='grc' dir='ltr'><strong>τ)</strong></span> <span class='ocrx_word' id='word_1_867' title='bbox 1348 5449 1390 5502; x_wconf 81' lang='grc' dir='ltr'><strong>εἰ</strong></span> <span class='ocrx_word' id='word_1_868' title='bbox 1419 5465 1542 5507; x_wconf 91' lang='lat' dir='ltr'><strong>om.</strong></span> <span class='ocrx_word' id='word_1_869' title='bbox 1568 5443 1870 5513; x_wconf 83' lang='lat' dir='ltr'><strong>librarius,</strong></span> <span class='ocrx_word' id='word_1_870' title='bbox 1903 5447 2031 5507; x_wconf 89' lang='lat' dir='ltr'><strong>sed.</strong></span> <span class='ocrx_word' id='word_1_871' title='bbox 2063 5443 2146 5504; x_wconf 66' lang='lat' dir='ltr'><strong>m&#39;.</strong></span> <span class='ocrx_word' id='word_1_872' title='bbox 2179 5462 2331 5503; x_wconf 89' lang='lat' dir='ltr'><strong>corr.</strong></span> <span class='ocrx_word' id='word_1_873' title='bbox 2363 5443 2548 5517; x_wconf 88' lang='lat' dir='ltr'><strong>supra</strong></span> <span class='ocrx_word' id='word_1_874' title='bbox 2577 5443 2773 5501; x_wconf 91' lang='lat' dir='ltr'><strong>adscr.</strong></span> <span class='ocrx_word' id='word_1_875' title='bbox 2806 5443 2881 5495; x_wconf 89' lang='grc' dir='ltr'><strong>οἱ.</strong></span> 
     </span>
    </p>
   </div>
   <div class='ocr_carea' id='block_1_116' title="bbox 1807 5564 2067 5622">
    <p class='ocr_par' dir='ltr' id='par_1_116' title="bbox 1807 5564 2067 5622">
     <span class='ocr_line' id='line_1_116' title="bbox 1807 5564 2067 5622; baseline -0.015 -2"><span class='ocrx_word' id='word_1_876' title='bbox 1807 5566 1849 5620; x_wconf 87' lang='grc' dir='ltr'>Ν</span> <span class='ocrx_word' id='word_1_877' title='bbox 1857 5564 2067 5622; x_wconf 88' lang='grc' dir='ltr'>ΟΤΑΕ.</span> 
     </span>
    </p>
   </div>
   <div class='ocr_carea' id='block_1_117' title="bbox 346 5652 893 5728">
    <p class='ocr_par' dir='ltr' id='par_1_117' title="bbox 346 5652 893 5728">
     <span class='ocr_line' id='line_1_117' title="bbox 346 5652 893 5728; baseline -0.002 -18"><span class='ocrx_word' id='word_1_878' title='bbox 346 5653 428 5728; x_wconf 80' lang='grc'><strong>(1)</strong></span> <span class='ocrx_word' id='word_1_879' title='bbox 459 5654 676 5714; x_wconf 89' lang='lat' dir='ltr'><strong>Genes.</strong></span> <span class='ocrx_word' id='word_1_880' title='bbox 716 5652 809 5720; x_wconf 88' lang='lat' dir='ltr'><strong>IV,</strong></span> <span class='ocrx_word' id='word_1_881' title='bbox 840 5657 893 5711; x_wconf 76' lang='grc'><strong>4.</strong></span> 
     </span>
    </p>
   </div>
  </div>
