4084 6256
464 240 563 297 431

1783 237 1843 293 S.
1886 236 2186 293 MACARII
2226 235 2561 293 AEGYPTII

3728 234 3835 290 432

458 366 558 423 Dei
588 366 666 438 (l)
695 381 709 433 ;
732 362 941 439 opima
962 369 1161 423 autem
1189 366 1332 422 dicit
1355 369 1412 423 et
1434 365 1726 438 primitias
1747 365 2111 422 substantia-

2226 365 2350 418 Κάῖν
2381 360 2440 417 δε
2470 364 2571 415 ἀπὸ
2600 368 2812 438 καρπῶν
2842 367 2939 423 τῆς
2966 368 3034 431 γῆ
3046 380 3087 425 ς,
3120 359 3227 412 ἀλλ’
3257 360 3351 413 ούκ
3383 359 3483 413 ἀπὸ
3530 368 3629 414 τῶν
3682 365 3823 434 πρῶ-

457 470 594 511 rum
625 457 821 527 ipsam
853 457 1123 513 animam
1149 460 1206 512 et
1228 457 1425 527 ipsam
1475 463 1758 520 mentem,
1800 456 2107 527 imperans

457 544 654 610 nobis,
686 560 759 600 ne
780 544 1245 615 pusillanimiter
1265 546 1650 600 immolemus
1682 545 1800 599 Deo
1824 544 2034 599 laudes
2055 548 2112 599 et

459 648 688 705 preces,
721 649 914 706 neque
943 634 1121 689 obvia
1145 650 1422 706 quaeque
1466 634 1718 689 Domino
1761 632 2110 697 offeramus,

460 722 570 777 sed
601 722 762 793 quod
791 724 1085 794 opiimum
1115 728 1205 778 est
1230 723 1684 787 animae,immo
1702 724 2111 793 potiusipsam

460 816 646 867 totam
666 811 895 867 tradere
945 828 1082 868 cum
1122 813 1287 867 omni
1326 827 1531 867 amore
1577 817 1631 867 et
1671 811 1995 875 alacritate,
2053 815 2117 866 ut

461 914 697 972 semper
728 901 928 955 nutriti
954 901 1204 973 Spiritus
1226 902 1437 972 gratia,
1462 906 1517 956 et
1542 900 1841 966 virtutem,
1860 916 2016 972 quae
2044 916 2118 955 ex

458 988 685 1045 Christo
704 993 811 1054 est,
834 996 1204 1045 assumentes
1232 989 1504 1062 expedite
1536 1005 1849 1044 curramus
1873 1005 2115 1044 cursum

456 1076 684 1141 salutis,
718 1093 978 1150 eumque
1002 1078 1240 1135 facilem
1261 1084 1318 1134 et
1340 1094 1592 1133 suavem
1613 1078 1964 1143 reddamus,
1989 1094 2119 1134 cur-

457 1181 590 1220 sum
614 1165 835 1221 scilicet
861 1167 1137 1233 iustitiae,
1162 1166 1491 1238 opitulante
1509 1167 1682 1222 nobis
1712 1169 1827 1221 Deo
1850 1166 1926 1221 ad
1952 1166 2119 1222 labo-

454 1268 591 1309 rum
616 1254 907 1323 studium,
939 1260 996 1311 et
1027 1256 1369 1327 perﬁciente
1385 1271 1489 1327 per
1502 1271 1611 1319 nos
1621 1256 1887 1326 justitiae
1907 1271 2115 1327 opera.

2221 474 2319 506 των
2348 456 2717 529 καρπῶν,καὶ
2759 447 3008 512 ἐπεῖδε,
3049 454 3231 521 φησί,
3275 450 3300 501 ό
3343 452 3487 511 θεὸς
3522 452 3629 502 ἐπὶ
3683 456 3835 511 ταῖς

2225 544 2490 603 θυσίαις
2540 538 2857 605 τοῦ”Αϐελ,
2927 542 3028 592 ἐπὶ
3089 535 3160 591 δὲ
3215 544 3352 599 τοῖς
3409 535 3651 612 δώροις
3712 546 3833 592 τοῦ

2228 635 2382 685 Κάίν
2422 632 2487 683 ού
2527 633 2873 703 προσεσχε
2903 651 2915 663 ι
2950 633 2999 681 τί
3026 632 3196 681 τοίνυν
3234 636 3329 689 τῆς
3360 630 3596 703 ἱστορίας
3624 632 3683 682 τό
3710 634 3832 703 κέρ-

2226 717 2345 786 δος;
2371 722 2451 773 ὅτι
2476 723 2588 772 ἑστι
2608 721 2809 792 μαθεῖν,
2834 721 2902 778 ὡς
2923 718 3197 791 εὐάρεστον
3220 725 3290 788 τῷ
3316 718 3409 787 θεῷ
3432 718 3765 792 πάντοτε[τό]
3784 718 3831 788 ¹)

2224 812 2356 883 μετά
2379 808 2537 883 φόϐου
2571 814 2660 860 καὶ
2692 814 2937 872 πίστεως,
2972 807 3029 860 ού
3060 810 3119 859 τὸ
3149 806 3437 868 πολυτελῶς
3466 807 3583 860 ἄνευ
3616 807 3830 879 ἀγάπης

2223 904 2509 971 γινόμενον.
2554 894 2678 950 οὐδὲ
2711 896 2952 969 Ἀϐραὰμ
2982 899 3124 970 παρά
3170 902 3261 948 ¹εὀῦ
3293 892 3626 967 Μελχισεδεκ
3668 896 3833 958 ἄλλως

2227 985 2434 1050 ἐδέξατο
2464 991 2557 1045 τὴν
2588 986 2843 1057 εὐλογίαν,
2895 986 3022 1037 ἀλλὰ
3061 989 3150 1037 καὶ
3196 986 3285 1045 τὰς
3332 983 3582 1059 ἀπαρχὰς
3629 990 3721 1038 καὶ
3764 989 3832 1038 τά

2225 1082 2409 1149 καίρια
2436 1078 2785 1150 προσενέγκας
2836 1073 2908 1145 τῷ
2958 1076 3081 1146 ἱερεῖ
3128 1080 3219 1126 τοῦ
3257 1075 3372 1125 θεοῦ
3404 1094 3415 1106 ·
3449 1075 3513 1125 τὰ
3562 1078 3745 1147 καίρια
3770 1072 3831 1127 δὲ

2226 1167 2362 1237 λέγει
2411 1170 2500 1217 καὶ
2556 1167 2622 1216 τά
2676 1162 2949 1235 ἀκροθίνια
2991 1171 3089 1216 τῶν
3138 1164 3484 1235 ὑπαρχόντων
3515 1166 3676 1222 αὐτὴν
3727 1168 3824 1222 τὴν

2226 1256 2412 1327 ψυχὴν
2437 1260 2527 1306 καὶ
2557 1257 2643 1306 τὸν
2672 1261 2789 1305 νοῦν
2837 1252 3013 1322 αὐτόν,
3044 1251 3259 1305 κελεύων
3286 1253 3331 1322 ³)
3362 1252 3510 1323 ἡμῖν,
3542 1256 3613 1324 μὴ
3644 1272 3827 1325 μικρο-

454 1351 661 1415 πρεπῶς
724 1344 860 1395 θύειν
932 1344 1002 1414 τῷ
1063 1346 1160 1415 θεῷ
1230 1348 1323 1406 τὰς
1386 1345 1604 1407 αἰνέσεις
1654 1350 1740 1397 xui
1792 1347 1882 1405 τὰς
1939 1344 2126 1415 εὐχάς,
2181 1341 2320 1416 μηδὲ
2348 1347 2391 1415 8)
2450 1346 2516 1395 τὰ
2562 1346 2794 1415 τυχόντα
2822 1350 2893 1414 τῷ
2937 1339 3167 1414 δεσπότῃ
3201 1342 3506 1414 προσάγειν,
3554 1340 3730 1394 ἀλλἐἴ
3758 1362 3817 1395 τε

455 1435 660 1504 καίριον
710 1440 806 1494 τῆς
851 1432 1058 1505 ψυχῆς,
1109 1433 1297 1505 μᾶλλον
1340 1431 1397 1486 δε
1447 1435 1608 1493 αὐτὴν
1658 1434 1779 1491 ὃλην
1829 1432 2127 1486 ἀνατιθέναι
2194 1436 2325 1505 μετά
2376 1434 2553 1494 πάσης
2626 1431 2831 1503 ἀγάπης
2887 1435 2976 1483 καὶ
3026 1433 3341 1503 προθυμίας,
3387 1432 3524 1492 ὅπως
3584 1430 3665 1483 ἀεὶ
3718 1450 3828 1506 τρε-

458 1523 668 1591 φόμενοι
833 1528 926 1573 τοῦ
980 1525 1270 1593 πνεύματος
1317 1524 1507 1598 χάριτι
1556 1528 1642 1575 καὶ
1677 1520 1901 1595 δύναμιν
1959 1527 2051 1581 τήν
2084 1524 2140 1575 ἐκ
2192 1530 2285 1574 τοῦ
2341 1522 2579 1593 Χριστοῦ
2650 1519 3156 1592 προσλαμϐάνοντες,
3212 1522 3483 1593 τρέχωμεν
3536 1519 3578 1590 ⁸)
3625 1516 3827 1592 ῥᾳδίως

453 1612 541 1661 τὸν
597 1614 859 1683 σωτηρίου
884 1611 928 1680 ⁵)
973 1607 1189 1684 δρόμον,
1260 1620 1449 1684 κοῦφον
1506 1618 1593 1664 καὶ
1645 1610 1779 1671 ἡδύν
1842 1620 2124 1681 ποιοῦντες,
2182 1615 2267 1664 τόν
2334 1612 2460 1683 ὑπὲρ
2514 1619 2605 1671 τῆς
2663 1607 3029 1673 δικαιοσύνης,
3088 1606 3646 1669 συναντιλαμϐάνοντος
3699 1611 3827 1680 ἡμῖν

454 1705 547 1749 τοῦ
581 1699 697 1750 θεοῦ
731 1702 856 1773 πρὸς
885 1704 979 1758 τὴν
1010 1708 1108 1752 τῶν
1138 1705 1305 1753 πόνων
1334 1698 1595 1767 σπουδήν,
1624 1706 1715 1754 καὶ
1740 1702 2113 1763 ἀποτελοῦντος
2142 1698 2217 1755 δι’
2245 1702 2390 1773 ἡμῶν
2416 1702 2485 1752 τά
2508 1708 2599 1759 τῆς
2630 1695 2971 1759 δικαιοσύνης
3002 1700 3149 1771 ἔργα.

528 1788 594 1841 Et
617 1787 765 1843 haec
789 1788 1033 1858 quidem
1066 1790 1379 1845 hactenus.
1404 1792 1482 1846 De
1508 1791 1735 1847 virtutis
1757 1797 1958 1847 autem
1980 1807 2111 1862 par-
2144 1790 2187 1845 D

456 1874 629 1940 tibus,
659 1890 964 1948 quaenam
988 1878 1196 1935 melior
1226 1879 1300 1935 sit
1330 1880 1735 1936 existimanda
1774 1885 1990 1952 etprae
2022 1895 2115 1935 ce-

456 1964 594 2019 teris
620 1964 979 2036 expetenda,
1005 1981 1310 2038 quaenam
1364 1973 1499 2040 post
1548 1984 1682 2025 eam
1724 1969 2009 2034 secunda,
2058 1972 2115 2023 et

456 2057 685 2109 ceterae
709 2054 993 2126 deinceps
1025 2055 1317 2124 singulae,
1347 2057 1463 2113 dici
1494 2060 1719 2129 nequit.
1759 2056 1937 2130 215
1967 2060 2113 2113 Nam

456 2142 585 2213 pari
614 2141 843 2197 honore
869 2143 1019 2198 inter
1058 2159 1121 2199 se
1153 2151 1310 2210 sunt,
1333 2150 1389 2200 et
1415 2146 1666 2201 invicem
1703 2147 2003 2202 studiosos
2036 2146 2113 2201 ad

456 2230 760 2300 fastigium
787 2231 1032 2287 ducunt.
1061 2234 1289 2288 Etenim
1315 2234 1663 2306 simplicitas
1711 2236 1787 2291 ad
1831 2235 2114 2290 obedien—

459 2319 603 2375 tiam
635 2320 924 2390 perducit,
956 2321 1292 2378 obedientia
1309 2324 1384 2378 ad
1410 2323 1610 2387 ﬁdem,
1635 2324 1787 2379 ﬁdes
1811 2324 1888 2378 ad
1917 2339 2109 2396 spem,

460 2423 599 2480 spes
628 2408 707 2463 ad
737 2409 1262 2477 ministrationem,
1292 2416 1347 2467 et
1376 2411 1526 2468 haec
1556 2413 1633 2467 ad
1663 2413 2061 2469 humilitatem
2091 2431 2111 2481 ;

459 2512 497 2552 a
525 2512 647 2567 qua
668 2498 1070 2554 mansuetudo
1092 2500 1388 2570 excipiens
1416 2501 1493 2557 ad
1516 2502 1802 2571 gaudium
1824 2503 2109 2574 perducit,

459 2583 750 2655 gaudium
778 2585 857 2640 ad
886 2586 1217 2651 caritatem,
1250 2589 1466 2646 caritas
1500 2591 1575 2645 ad
1590 2591 2114 2657 orationem,etita

462 2677 672 2727 mutuo
701 2672 1013 2729 devinctae
1027 2679 1083 2730 et
1103 2676 1900 2751 devincienteseum,quieas
1926 2680 2116 2751 possi-

459 2760 579 2825 det,
609 2760 688 2816 ad
708 2761 907 2832 ipsum
932 2762 1267 2833 perducunt
1287 2766 1367 2821 rei
1382 2766 1757 2823 desideratae
1769 2768 2071 2838 fastigium
2098 2786 2110 2824 :

460 2850 613 2905 sicut
640 2865 671 2905 e
695 2853 990 2908 contrario
1011 2854 1277 2926 nequitia
1303 2871 1443 2911 suos
1465 2858 1692 2912 amicos
1718 2872 1824 2929 per
1844 2859 2116 2930 proprias

460 2938 647 3009 ipsius
672 2945 873 3010 partes
892 2940 969 2997 ad
990 2947 1317 2999 extremam
1344 2945 1628 3001 malitiam
1652 2946 1917 3002 deducit.
1934 2949 2115 3017 Opor-

457 3031 538 3084 tet
556 3032 759 3083 autem
779 3044 884 3083 vos
907 3031 1099 3100 magis
1117 3032 1371 3088 orationi
1391 3049 1637 3105 operam
1658 3050 1901 3092 navare.
1928 3037 2113 3108 Siqui.

458 3114 600 3172 dem
637 3132 708 3173 ea
746 3117 870 3173 dux
897 3118 1197 3189 quaedam
1234 3126 1322 3177 est
1353 3122 1411 3176 in
1461 3123 1643 3179 choro
1683 3123 1989 3180 virtutum.
2014 3128 2118 3180 Per
2149 3137 2188 3191 ρ

458 3220 641 3276 quam
657 3210 951 3263 etceteras
966 3208 1202 3265 virtutes
1214 3228 1249 3266 a
1264 3210 1383 3266 Deo
1396 3212 1676 3283 petimus,
1694 3220 1756 3268 ut
1770 3214 2119 3269 communio

460 3298 638 3366 atque
660 3295 1001 3352 coniunctio
1022 3297 1258 3364 existat,
1282 3316 1390 3371 per
1407 3302 1721 3372 mysticam
1744 3303 2118 3359 sanctitatem

460 3388 518 3437 et
534 3382 899 3453 spiritualem
924 3387 1235 3456 quandam
1259 3392 1669 3460 operationem
1686 3391 2117 3447 etineﬂ'abilem

460 3470 936 3541 dispositionem.
988 3473 1118 3529 eius
1163 3477 1263 3547 qui
1322 3478 1380 3531 in
1422 3477 1754 3533 orationem
1804 3480 2115 3537 incumbit.

463 3558 712 3628 Spiritus
744 3560 905 3615 enim
930 3562 1068 3617 inde
1090 3562 1308 3619 ducem
1334 3570 1390 3620 et
1423 3565 1665 3622 militiae
1688 3568 1916 3623 socium
1949 3586 2121 3625 assu-

461 3661 633 3703 mens
664 3648 999 3704 incenditur
1023 3651 1101 3706 ad
1147 3653 1359 3708 Dimini
1391 3670 1682 3719 amorem,
1715 3662 1773 3712 et
1806 3657 1972 3713 ardet
2022 3660 2121 3714 de-

463 3735 698 3803 siderio,
719 3736 1021 3793 fastidium
1042 3741 1328 3797 orationis
1346 3758 1465 3798 non
1492 3744 1823 3815 inveniens,
1840 3749 1944 3801 sed
1970 3764 2121 3803 sem-

462 3839 569 3896 per
588 3824 666 3880 ad
689 3841 959 3883 amorem
994 3829 1134 3885 boni
1160 3830 1568 3887 inﬂammatus
1599 3839 1656 3889 et
1697 3835 1960 3891 animam
1998 3837 2123 3892 ala-

462 3913 665 3969 critate
683 3914 1060 3984 refrigerans,
1091 3918 1243 3974 sicut
1264 3919 1489 3976 dictum
1513 3926 1598 3976 est
1632 3939 1644 3975 :
1682 3924 1988 3989 Quiedunt
2008 3942 2117 3993 me,

461 4003 662 4060 adhuc
675 4005 956 4069 esurient,
977 4010 1029 4063 et
1043 4008 1153 4078 qui
1166 4008 1372 4063 bibunt
1386 4025 1493 4073 me,
1510 4012 1709 4068 adhuc
1720 4013 1924 4070 sitient
1949 4015 2048 4086 (2),
2065 4017 2123 4069 et

463 4091 607 4148 alibi
641 4112 653 4151 :
688 4093 913 4149 Dedisti
942 4096 1228 4153 laetitiam
1260 4098 1325 4153 in
1357 4100 1530 4154 corde
1557 4116 1681 4157 meo
1710 4102 1812 4173 (3),
1845 4109 1900 4157 et
1929 4104 2119 4160 Domi-

461 4195 579 4237 nus
612 4201 625 4240 :
657 4184 920 4253 Regnum
951 4187 1242 4242 caelorum
1266 4190 1427 4245 intra
1450 4204 1542 4245 vos
1564 4196 1648 4245 est
1680 4191 1777 4262 (4).
1801 4193 2118 4256 Quodnam

459 4285 715 4341 regnum
737 4271 881 4327 dicit
899 4273 1055 4329 intra
1080 4289 1192 4330 nos
1206 4292 1354 4343 esse,
1374 4279 1745 4336 nisiomnino
1763 4280 1925 4337 illam
1944 4282 2119 4337 desu-

462 4373 570 4429 per
616 4374 721 4429 per
752 4361 1032 4431 Spiritum
1078 4364 1339 4420 infusam
1386 4367 1710 4422 animabus
1755 4368 2038 4426 laetitiam
2092 4370 2120 4426 Τ

2299 1794 2398 1841 Καὶ
2450 1796 2611 1840 ταῦτα
2669 1790 2759 1859 μὲν
2826 1791 2990 1861 μέχρι
3048 1789 3233 1839 τούτου
3266 1803 3278 1816 ’
3314 1791 3432 1859 περὶ
3486 1782 3545 1838 δε
3596 1794 3695 1838 τῶν
3734 1794 3830 1848 τῆς

2223 1876 2411 1949 ἀρετῆς
2464 1885 2646 1950 μερῶν,
2710 1883 2857 1928 ποῖον
2908 1873 2991 1928 δεῖ
3037 1882 3269 1949 κρεῖττον
3298 1877 3548 1946 ἡγεῖσθαι
3587 1879 3674 1927 καὶ
3728 1878 3830 1947 πρὸ

2230 1976 2327 2019 τῶν
2381 1967 2544 2019 ἄλλων
2595 1963 2939 2032 ἐπιτηδεύειν,
2967 1972 3114 2018 ποῖον
3148 1962 3207 2017 δε
3235 1968 3420 2017 τούτου
3455 1961 3712 2039 δεύτερον,
3740 1967 3833 2017 xui

2222 2059 2286 2109 τά
2359 2056 2487 2108 ἄλλα
2554 2054 2733 2127 ἐφεξῆς
2803 2057 2920 2107 καθ’
2982 2056 3220 2119 ἕκαστον,
3306 2054 3402 2105 ούκ
3468 2056 3609 2106 ἔστιν
3667 2054 3833 2106 εἰπεῖν

2224 2144 2451 2203 ἀλλήλων
2511 2147 2610 2216 γὰρ
2643 2146 2908 2217 ὀμοτίμως
2937 2146 3172 2216 ἔχονται,
3206 2148 3294 2196 καὶ
3328 2139 3402 2196 δι’
3459 2141 3688 2201 ἀλλήλων
3745 2146 3835 2196 ἐπὶ

2221 2238 2316 2291 την
2373 2238 2603 2307 κορυφὴν
2656 2236 2776 2295 τοὺς
2827 2237 3132 2305 χρωμένους
3185 2231 3549 2304 ἀνάγουσιν.η
3583 2235 3672 2304 μὲν
3729 2234 3834 2304 γάρ

2223 2321 2445 2382 ἁπλότης
2496 2328 2558 2393 τῇ
2619 2322 2821 2393 ὑπακοῇ
2878 2318 3274 2394 παραδίδωσιν,
3330 2322 3361 2379 ἡ
3419 2316 3481 2372 δε
3532 2321 3733 2378 ὑπακοὴ

2224 2417 2419 2477 πίστει,
2470 2412 2603 2469 αὕτη
2634 2412 2678 2483 ⁸)
2710 2409 2769 2465 δὲ
2816 2420 2877 2484 τῇ
2927 2408 3123 2477 ἑλπίδι,
3163 2416 3252 2462 καὶ
3298 2413 3329 2468 ἡ
3364 2409 3507 2471 ἐλπὶς
3556 2419 3618 2482 τῇ
3653 2406 3839 2462 διακο-
3888 2442 3897 2450 -

2222 2507 2325 2573 νίᾳ,
2403 2500 2612 2559 κάκείνη
2674 2509 2735 2573 τῇ
2816 2506 3169 2565 ταπεινότητι,
3229 2502 3374 2572 παρὰ
3441 2495 3499 2552 δε
3550 2501 3743 2559 ταύτης
3802 2501 3833 2557 ἡ

2222 2594 2457 2664 πρᾳότης
2505 2589 2990 2662 παραλαμϐάνουσα
3049 2597 3107 2661 τῇ
3170 2595 3320 2662 χαρᾷ
3372 2589 3649 2662 προσάγει,
3690 2589 3719 2645 ἠ
3778 2584 3840 2640 δε

2222 2682 2372 2752 χαρά
2539 2678 2739 2751 ἀγάπῃ,
2798 2684 2887 2730 καὶ
2933 2681 2963 2736 ἡ
3010 2677 3186 2749 ἀγάπη
3246 2685 3309 2749 τῇ
3359 2678 3515 2749 εὐχῇ,
3547 2682 3638 2729 καὶ
3670 2676 3840 2739 οὕτως

2226 2767 2454 2826 ἀλλήλων
2503 2768 2849 2841 ἑξηρτημέναι
2891 2771 2980 2819 καὶ
3029 2766 3391 2841 ἐξαρτήσασαι
3431 2770 3517 2817 τὸν
3563 2764 3835 2837 ἐχόμενον,

2225 2856 2301 2909 ἐπ’
2350 2857 2512 2915 αὐτὴν
2566 2857 2819 2927 ἀνάγουσι
2870 2864 2962 2908 τοῦ
3013 2858 3333 2926 ποθουμνου
3390 2859 3484 2913 τὴν
3542 2858 3762 2925 κορυφήν
3810 2870 3824 2882 ·

2224 2948 2456 3019 καθάπερ
2513 2945 2601 2999 ἀπ’
2661 2946 2895 2997 ἐναντίων
2922 2947 2951 3003 ἡ
3011 2949 3238 3019 πονηρία
3262 2949 3381 3005 τοὺς
3435 2943 3625 3005 ἑαυτῆς
3651 2943 3832 3015 φίλους

2228 3032 2321 3087 διὰ
2362 3042 2461 3086 τῶν
2514 3036 2708 3087 οἰκείων
2766 3036 2931 3096 αὐτῆς
2976 3042 3143 3107 μερῶν
3181 3034 3261 3086 ἐπὶ
3304 3038 3399 3092 τὴν
3439 3036 3674 3105 ἐσχάτην
3708 3052 3844 3086 κατ-

2228 3126 2343 3195 άγει
2389 3128 2596 3180 κακίαν.
2631 3120 2714 3176 δεῖ
2743 3120 2801 3177 δὲ
2853 3125 2991 3196 ὑμᾶς
3018 3123 3169 3175 πλέον
3217 3131 3279 3195 τῇ
3331 3122 3463 3194 εὐχῇ
3516 3141 3843 3198 προσκαρτε-

2227 3219 2353 3288 ρεῖν.
2406 3213 2511 3264 οἷον
2566 3216 2668 3285 γὰρ
2729 3217 3011 3285 κορυφαῖος
3060 3232 3138 3275 τις
3170 3220 3241 3283 τῷ
3292 3219 3440 3286 χορῷ
3493 3220 3592 3263 τῶν
3648 3210 3843 3285 ἀρετῶν

2229 3303 2359 3360 αύτὴ
2417 3303 2671 3373 τυγχάνει
2705 3320 2716 3331 ο
2749 3299 2822 3354 δι’
2871 3303 2934 3363 ἧς
2965 3307 3056 3354 καὶ
3084 3304 3173 3361 τὰς
3202 3301 3389 3363 λοιπὰς
3443 3300 3631 3373 ἀρετὰς
3668 3302 3847 3353 αἰτού-

2230 3394 2361 3464 μεθα
2416 3393 2561 3465 παρὰ
2616 3398 2707 3443 τοῦ
2764 3393 2901 3455 θεοῦ,
2963 3394 3024 3451 ὡς
3071 3398 3304 3443 κοινωνεῖ
3369 3395 3458 3442 καὶ
3526 3391 3847 3443 συνάπτεται

2231 3477 2305 3532 δι’
2350 3480 2628 3551 ἁγιότητος
2677 3487 2946 3549 μυστικῆς
2997 3484 3087 3531 καὶ
3133 3485 3487 3544 πνευματικῆς
3533 3498 3677 3540 τινος
3714 3477 3848 3551 ἐνερ-

2229 3572 2369 3640 γείας
2395 3574 2484 3621 καὶ
2512 3565 2798 3629 διαθέσεως
2830 3567 3061 3643 ἀρρήτου
3090 3569 3115 3619 ό
3147 3576 3208 3640 τῇ
3245 3568 3379 3640 εύχῇ
3415 3576 3841 3643 προσκαρτερῶν.

2230 3663 2288 3710 τὸ
2318 3660 2419 3731 γὰρ
2461 3665 2662 3730 πνεῦμα
2703 3656 2870 3710 λαϐὼν
2914 3656 3138 3710 ἐντεῦθεν
3179 3653 3377 3728 όδηγόν
3421 3662 3512 3709 καὶ
3556 3660 3847 3730 σύμμαχον

2232 3746 2467 3818 φλέγεται
2524 3750 2654 3819 πρὸς
2702 3750 2796 3804 τὴν
2830 3754 2920 3799 τοῦ
2971 3751 3155 3817 κυρίου
3220 3745 3452 3816 ἀγάπην,
3508 3751 3597 3798 καὶ
3638 3746 3743 3806 ζέει
3777 3755 3849 3817 τῷ

2231 3838 2396 3906 πόθῳ,
2436 3839 2585 3908 κόρον
2616 3842 2710 3897 τῆς
2756 3834 2916 3907 εύχῆς
2947 3834 3051 3906 οὐχ
3111 3835 3385 3907 εὑρίσκων,
3419 3833 3527 3885 ἀλλ’
3585 3833 3666 3887 ἀεὶ
3715 3838 3851 3908 πρὸς

2231 3928 2316 3977 τὸν
2364 3927 2530 3997 ἔρωτα
2583 3932 2674 3976 τοῦ
2728 3922 2932 3991 ἀγαθοῦ
2991 3922 3343 3995 ἐκκαιόμενος,
3403 3927 3492 3975 καὶ
3544 3919 3722 3998 ἄρδων
3783 3932 3843 3994 τῇ

2230 4017 2498 4087 προθυμίᾳ
2524 4018 2614 4071 τὴν
2644 4013 2843 4084 ψυχήν,
2888 4014 3057 4072 καθὼς
3088 4015 3293 4086 εἴρηται
3312 4030 3323 4041 ·
3369 4014 3431 4065 οἱ
3470 4032 3538 4085 τρ
3558 4016 3852 4084 ῶγοντές

2231 4123 2302 4175 με
2363 4106 2455 4155 ἔτι
2503 4104 3057 4165 πεινάσουσι,καὶ
3111 4104 3169 4153 οἱ
3222 4103 3695 4173 πίνοντές⁷)με
3752 4105 3851 4155 ἔτι

2232 4189 2739 4263 διψήσουσι-καὶ
2762 4186 3289 4261 ἀλλαχοῦ-ἔδωκας
3319 4193 3730 4265 εὐφροσύνην
3761 4193 3854 4253 εἰς

2230 4285 2340 4339 τὴν
2384 4278 2659 4351 καρδίαν
2698 4299 2838 4352 μου.
2869 4280 3010 4331 καὶὸ
3042 4282 3247 4353 κύριος·
3291 4281 3319 4338 ἠ
3367 4279 3688 4352 βασιλεία
3723 4289 3854 4351 τῶν

2230 4369 2516 4444 οὐρανῶν
2557 4369 2736 4429 ἐντὸς
2774 4370 2947 4440 ὑμῶν
2986 4367 3097 4420 ἔστ
3116 4388 3153 4419 ι.
3183 4373 3299 4421 τίνα
3324 4366 3384 4421 δε
3410 4368 3545 4441 λέγει
3570 4368 3852 4441 βασιλείαν

463 4448 616 4503 Haec
647 4449 805 4504 enim
819 4456 905 4505 est
920 4455 979 4507 ut
994 4451 1140 4507 illud
1154 4457 1212 4508 et
1237 4454 1580 4525 exemplum
1595 4458 1882 4529 etpignus
1896 4460 2117 4515 aeterni

2229 4457 2367 4520 ἐντὸς
2392 4460 2538 4528 ἡμῶν
2569 4456 2717 4518 εἶναι,
2747 4458 2776 4516 ἣ
2806 4459 3008 4517 πάντως
3034 4461 3126 4515 τὴν
3154 4458 3345 4509 ἄνωθεν
3379 4454 3473 4509 διὰ
3500 4465 3593 4509 τοῦ
3616 4461 3855 4529 πνεύμα-

462 4536 689 4606 gaudii,
722 4554 845 4609 quo
871 4545 1214 4597 sanctorum
1246 4544 1485 4600 animae
1511 4547 1571 4600 in
1594 4554 1845 4603 venturo
1877 4550 2117 4606 saeculo

461 4625 863 4696 perfruuntur.
890 4628 1246 4687 Consolatur
1275 4634 1451 4702 igitur
1496 4650 1607 4689 nos
1667 4636 1956 4693 Dominus
2013 4656 2120 4710 per

462 4715 868 4785 operationem
901 4719 1150 4788 Spiritus
1176 4721 1234 4776 in
1265 4724 1430 4777 omni
1474 4724 1856 4781 tribulatione
1892 4734 2116 4794 nostra,

462 4808 526 4857 ut
545 4803 732 4859 salvet
760 4820 896 4870 nos,
944 4813 1001 4862 et
1030 4807 1104 4863 de
1136 4810 1554 4880 spiritualibus
1608 4812 1783 4869 bonis
1831 4822 1887 4871 et
1932 4816 2118 4888 ipsius

462 4889 843 4949 charismatis
865 4894 1039 4951 nobis
1069 4899 1490 4957 communicet.
1536 4901 1648 4968 Qui
1678 4904 1857 4970 enim,
1900 4904 2115 4977 inquit,

2226 4566 2311 4608 τος
2351 4546 2681 4618 ἐγγινομένην
2731 4553 2846 4606 ταῖς
2900 4545 3112 4616 ψυχαῖς
3161 4545 3524 4619 εὐφροσύνην;
3564 4547 3698 4604 αῦτη
3731 4550 3840 4620 γάρ

2227 4634 2367 4688 ἐστιν
2389 4636 2493 4687 οἷον
2522 4634 2694 4707 ἐκείνῳ
2717 4634 2760 4705 ⁸)
2789 4639 2880 4685 καὶ
2903 4630 3097 4705 δεῖγμα
3124 4639 3214 4687 καὶ
3241 4634 3481 4709 ἀρῥαϐὠν
3513 4642 3606 4695 τῆς
3633 4636 3855 4688 αἰωνίου

2225 4732 2416 4798 χαρᾶς,
2450 4725 2513 4786 ἧς
2564 4723 2920 4776 ἀπολαύουσιν
2952 4725 3006 4774 αἱ
3054 4731 3152 4775 τῶν
3205 4724 3367 4794 ἁγίων
3399 4723 3446 4775 ἐν
3497 4732 3569 4794 τῷ
3601 4722 3855 4797 προσδο-

2225 4818 2436 4886 κωμένῳ
2480 4814 2630 4866 αἰῶνι
2674 4812 2872 4883 ψυχαί.
2921 4811 3214 4885 παρακαλεῖ
3267 4808 3354 4864 οὖν
3415 4814 3554 4884 ἡμᾶς
3608 4814 3635 4865 ό
3664 4815 3857 4885 κύριος

2230 4901 2323 4956 διὰ
2366 4912 2461 4965 τῆς
2506 4901 2757 4976 ἐνεργείας
2786 4908 2876 4953 τοῦ
2919 4904 3208 4973 πνεύματος
3240 4901 3324 4954 ἐπὶ
3362 4904 3515 4975 πάσῃ
3564 4909 3625 4974 τῇ
3672 4902 3860 4974 θλίψει

1798 5066 2055 5122 VARIAE
2093 5066 2497 5124 LECTIONES.

535 5189 579 5260 1)
605 5191 664 5242 τὸ
690 5205 822 5275 om_.‘
845 5191 1003 5275 cod,
1031 5193 1241 5275 addidi
1267 5211 1339 5253 ex
1370 5197 1529 5275 coni.
1564 5230 1633 5240 —
1665 5204 1892 5275 1³)(Ξοιϊ.
1924 5203 2059 5258 cod.
2090 5202 2397 5275 κελεύειν.
2430 5201 2565 5275 τε)
2591 5199 2777 5267 Corr.,
2817 5198 2951 5275 co_d.
2984 5203 3058 5257 Εη
3089 5194 3169 5252 δὲ.
3201 5230 3270 5239 -
3302 5200 3343 5270 ⁵)
3369 5200 3553 5275 (ἷφτέτν
3587 5200 3708 5275 (³οά
3730 5207 3858 5275 τρί’

472 5279 662 5334 χομεν.
688 5292 758 5302 -
784 5263 828 5334 ⁵)
883 5265 1070 5337 Corr.,
1123 5266 1255 5322 cod.
1305 5274 1583 5342 σωτηρίον.
1617 5263 1754 5341 -’⁶)
1788 5275 1975 5341 Com,
2014 5273 2150 5331 cod.
2196 5274 2353 5332 αύτὴ.
2380 5304 2448 5313 --
2479 5272 2523 5343 7)
2548 5263 2738 5336 Ὁοη.,
2764 5263 2929 5327 cod.
2979 5275 3260 5334 πείνοντες.
3290 5263 3359 5313 —'
3391 5271 3436 5344 ⁸)
3469 5263 3567 5328 διὸ
3600 5273 3738 5329 cod.
3765 5263 3854 5317 '—

1996 5415 2247 5472 NOTAE.

536 5540 613 5611 (I)
652 5538 871 5598 Genes.
899 5540 1050 5610 XIV,
1084 5545 1168 5600 18.

534 5611 614 5682 (2)
656 5612 829 5668 Eccli.
857 5614 1043 5679 XXIV,
1074 5616 1162 5673 29.

2308 5547 2385 5620 (3)
2420 5544 2782 5620 Psalm.i_I_V,
2814 5549 2865 5620 Ἰ.

2309 5616 2387 5689 (4)
2420 5616 2559 5674 Luc.
2592 5617 2749 5683 XVII,
2784 5617 2873 5671 21.
