4084 6256
277 264 383 321 433

1742 263 2157 322 EPISTOLAE.

3537 267 3644 325 434

274 390 447 462 ἡμῶν,
488 386 560 449 εἰς
599 388 657 440 τὸ
696 393 866 439 σῶσαι
903 390 992 439 καὶ
1024 384 1343 459 μεταδοῦναι
1377 395 1476 440 τῶν
1521 398 1879 461 πνευματικῶν

2011 391 2451 447 ronsolaturnos
2462 390 2526 447 in
2537 391 2700 448 omni
2711 392 2959 450 veritate
2972 395 3274 459 nostra,ut
3284 394 3578 465 possimus
3592 398 3647 450 et

274 478 487 550 ἀγαθῶν
525 481 616 528 καὶ
654 484 753 529 τῶν
793 475 980 528 ἑαυτοῦ
1018 480 1369 550 χαρισμάτων
1400 496 1411 507 ·
1434 480 1459 530 ὁ
1499 480 1879 549 παρακαλῶν

274 568 793 641 γάρ,φησίν,ἡμᾶς
824 564 925 617 ἐπὶ
953 568 1128 639 πάσῃ
1160 575 1233 639 τῇ
1267 566 1543 640 ἀληθείᾳ
1568 570 1763 640 ἡμῶν,
1794 569 1882 631 εἰς

277 662 346 709 τὸ
390 653 721 710 δύνασθαι
757 657 927 726 ἡμᾶς
964 656 1371 729 παρακαλεῖν
1409 660 1555 718 τοὺς
1593 659 1650 709 έν
1702 660 1877 731 πάσῃ

281 744 519 816 θλίψει·
544 751 663 796 καὶ·
689 745 719 802 ἡ
752 740 998 819 καρδία
1027 764 1146 816 μου
1173 750 1281 797 xui
1307 747 1336 803 ἡ
1370 745 1669 819 σάρξμου
1694 746 1881 817 ἠγαλ-

276 832 598 884 λιάσαντο
638 830 737 883 ἐπὶ
772 833 910 883 θεὸν
952 830 1337 894 ξῶντα·καὶ’
1381 835 1505 885 ὡσεὶ
1538 833 1581 905 ¹)
1616 838 1878 893 στέατος

1991 478 2106 549 ipsi
2119 481 2546 547 consolarieos,
2570 484 2751 553 quiin
2779 485 2947 539 omni
2958 499 3243 552 pressura
3258 491 3392 539 sunt
3425 484 3524 555 (1).
3544 483 3643 539 Et:

1994 568 2112 622 Cor
2140 584 2329 624 meum
2361 577 2413 626 et
2444 586 2584 626 caro
2617 587 2743 627 mea
2773 574 3198 629 exultauerunt
3235 573 3296 627 in
3328 575 3513 629 Deum
3559 572 3646 627 vi—

1991 672 2127 713 vum
2145 657 2332 729 ('2).Et:
2348 659 2499 714 sicut
2511 661 2687 730 adipe
2702 670 2753 717 et
2773 662 2824 732 2
2840 664 2881 732 1
2900 662 3325 734 5pinguedine
3340 662 3651 730 repleatur

1992 748 2195 802 anima
2224 761 2351 802 mea
2374 749 2471 819 (3).
2498 751 2648 804 Haec
2664 750 2870 805 omnia
2907 751 3192 806 laetitiam
3216 756 3273 806 et
3293 749 3650 807 consolatio-

1994 849 2134 889 nem
2166 850 2237 889 ex
2268 837 2483 907 Spiritu
2516 854 2620 908 per
2646 841 2989 907 aenigmata
3026 840 3311 895 indicant.

276 926 389 973 xui
430 925 733 980 πιότητος
763 919 1161 978 έκπλησθείη
1196 923 1240 992 ²)
1266 923 1296 979 ἡ
1328 920 1513 992 ψυχή
1546 941 1665 994 μου
1694 942 1706 952 ·
1739 930 1905 974 ταῦτα
1951 925 2121 975 πάντα
2164 929 2257 982 τὴν
2289 926 2345 976 ἐκ
2388 932 2477 977 τοῦ
2511 929 2801 999 πνεύματος
2829 928 3154 1003 εὐφροσύνην
3185 934 3272 981 xui
3320 926 3651 1003 παράκλησιν

279 1007 359 1062 δι’
386 1009 707 1083 αἰνιγμάτων
734 1006 1057 1081 παραδηλοῖ.

354 1094 572 1156 Ἐπειδὴ
642 1102 813 1150 τοίνυν
880 1094 1167 1164 δέδεικται,
1237 1102 1318 1160 τίς
1380 1100 1405 1149 ό
1463 1107 1558 1160 τῆς
1624 1098 1888 1161 εὐσεϐείας

286 1191 501 1253 σκοπός,
542 1189 596 1239 ὃν
632 1192 744 1260 χρή
782 1189 1097 1261 προκεῖσθαι
1123 1192 1232 1249 τοῖς
1260 1190 1345 1239 τὸν
1388 1190 1592 1261 θεοφιλῆ
1639 1187 1755 1260 βίον
1797 1189 1892 1260 ζῇν

280 1279 628 1349 αἱρουμένοις,
697 1278 748 1337 ὃς
822 1275 936 1328 ἔστι
997 1276 1186 1348 ψυχῆς
1258 1278 1584 1351 καθαρισμὸς
1650 1282 1737 1329 καὶ
1802 1284 1893 1329 τοῦ

278 1368 571 1437 πνεύματος
626 1362 698 1418 δι’
756 1368 917 1440 ἔργων
986 1363 1192 1437 ἀγαθῶν
1259 1374 1559 1440 προτροπῆς
1616 1366 1891 1430 ένοίκησις,

277 1456 505 1516 ἕκαστος
534 1456 675 1527 ὑμῶν
704 1457 843 1506 κατὰ
871 1458 957 1505 τὸν
988 1456 1296 1525 ὑπαχθέντα
1327 1459 1521 1508 σκοπὸν
1561 1459 1897 1529 παρασκευά-

285 1564 388 1605 σας
414 1550 507 1602 τὴν
546 1543 753 1615 ψυχήν,
784 1548 873 1596 καὶ
911 1547 1161 1615 μέγιστον
1203 1546 1319 1596 θεοῦ
1357 1550 1588 1607 ποιήσας
1622 1548 1789 1618 ἔρωτα
1827 1546 1891 1618 ³),

281 1635 455 1693 οὕτως
519 1630 759 1685 ἀποδότω
825 1633 1005 1685 ἑαυτόν
1071 1640 1183 1693 ταῖς
1241 1636 1429 1704 εὐχαῖς
1485 1640 1573 1687 καὶ
1629 1639 1896 1697 νηστείαις

282 1725 427 1775 κατά
492 1726 547 1774 τὸ
605 1722 766 1773 αὐτοῦ
834 1721 1050 1793 θέλημα,
1126 1727 1441 1793 μεμνημένοι
1506 1731 1597 1775 τοῦ
1661 1743 1895 1798 παρακα-

282 1813 499 1873 λοῦντος
555 1815 613 1864 τὸ
670 1807 1011 1872 ἀδιαλείπτως
1060 1813 1477 1885 προσεύχεσθαι,
1518 1818 1607 1865 καὶ
1649 1822 1711 1886 τῇ
1759 1814 1890 1886 εὐχῇ

282 1908 793 1973 προσκαρτεροῦντες
849 1905 939 1952 xui
995 1908 1108 1961 ταῖς
1152 1908 1241 1952 τοῦ
1303 1905 1487 1975 κυρίου
1541 1902 1891 1973 ἐπαγγελίαις,

286 1994 401 2067 ἕνῇ
436 1996 479 2064 ἰ)
507 2013 671 2065 φησι·
704 1998 853 2065 πόσῳ
879 1993 1068 2065 μᾶλλον
1099 1998 1364 2051 ποιήσει
1391 1998 1504 2052 τὴν
1536 1992 1892 2053 ἐκδίκησιν

286 2086 319 2135 ὁ
365 2086 502 2144 θεὸς
545 2091 661 2136 τῶν
701 2081 997 2155 βοώντων
1051 2086 1211 2154 πρὸς
1250 2083 1453 2135 αὐτὸν
1492 2088 1725 2144 νυκτός
1778 2090 1890 2136 καὶ

283 2176 571 2245 ἡμέρας·
608 2171 778 2243 ἔλεγε
813 2174 938 2246 γάρ,
981 2175 1131 2243 φησί,
1173 2176 1283 2223 καὶ
1317 2171 1696 2244 παραϐολήν
1736 2178 1897 2247 πρὸς

284 2266 354 2313 τὸ
396 2258 531 2315 δεῖν
572 2263 849 2313 πάντοτε
887 2263 1211 2331 εὔχεσθαι
1258 2266 1363 2313 xui
1406 2266 1487 2333 μὴ
1531 2261 1835 2315 ἓκκακεῖν
1879 2283 1891 2295 ι

286 2352 371 2403 ὃτι
398 2347 457 2403 δὲ
480 2353 510 2409 ἠ
544 2355 663 2422 περὶ
685 2354 777 2408 τὴν
804 2349 969 2421 εὐχὴν
1003 2346 1211 2408 σπουδὴ
1241 2350 1441 2422 μεγάλα
1469 2352 1774 2424 χαρίζεται,
1809 2358 1897 2405 καὶ

286 2440 416 2493 αύτό
442 2443 501 2491 τὸ
533 2447 737 2511 πνεῦμα
762 2446 875 2501 ταῖς
899 2438 1104 2510 ψυχαῖς
1126 2437 1386 2507 ἕνοικίζει,
1420 2437 1576 2497 δηλοῖ
1600 2449 1797 2513 σαφῶς,
1825 2437 1897 2493 δι’

286 2530 356 2581 ὧν
409 2533 689 2604 προτρέπει
733 2530 874 2600 ἡμᾶς
907 2529 932 2580 ὁ
972 2526 1255 2588 ἀπόστολος
1300 2527 1458 2599 λέγων
1486 2546 1499 2557 ·
1534 2525 1651 2581 διά
1687 2532 1898 2595 πάσης

288 2626 671 2692 προσευχῆς
727 2621 841 2669 καὶ
900 2612 1190 2677 δεήσεως
1245 2623 1786 2690 προσευχόμενος
1842 2620 1900 2672 ἐν

290 2712 482 2760 παντὶ
520 2715 725 2781 καιρῷ
763 2705 824 2758 ἐν
855 2707 1197 2777 πνεύματι,
1233 2711 1345 2758 καὶ
1377 2705 1463 2767 εἰς
1518 2707 1673 2760 αύτό
1711 2716 1895 2761 τοῦτο

290 2797 781 2871 ἀγρυπνοῦντες
832 2798 890 2847 ἓν
929 2796 1099 2868 πάσῃ
1152 2801 1729 2870 προσκαρτερήσει
1792 2803 1901 2850 xui

2073 1102 2269 1166 Quum
2296 1103 2472 1172 igitur
2518 1105 2999 1162 demonstratum
3027 1108 3117 1177 sit,
3148 1107 3283 1178 quis
3312 1106 3384 1161 sit
3415 1105 3649 1177 pietatis

2002 1189 2158 1255 ﬁnis,
2183 1207 2365 1263 quem
2397 1208 2731 1264 proponere
2780 1195 2889 1250 sibi
2919 1195 3140 1251 debent
3170 1197 3355 1251 vitam
3385 1196 3502 1250 Deo
3525 1194 3652 1266 pla-

2004 1284 2233 1335 centem
2256 1280 2536 1350 eligentes
2558 1284 2661 1352 qui
2691 1289 2779 1338 est
2813 1284 3052 1338 animae
3081 1283 3356 1354 purgatio
3390 1287 3446 1337 et
3471 1282 3653 1353 Spiri-

2006 1373 2099 1423 tus
2123 1384 2228 1440 per
2257 1368 2731 1426 exhortationem
2760 1372 2835 1427 ad
2862 1372 3025 1427 bona
3056 1386 3238 1443 opera
3269 1370 3649 1435 inhabitatio,

2008 1458 2422 1530 unusquisque
2437 1462 2698 1515 vestrum
2712 1461 2786 1516 ad
2803 1462 3169 1533 propositum
3188 1461 3370 1515 ﬁnem
3387 1460 3653 1515 animum

2007 1554 2340 1619 praeparet,
2372 1553 2427 1603 et
2447 1550 2542 1604 Dei
2568 1565 2839 1606 amorem
2861 1566 3170 1606 summum
3193 1549 3472 1614 reddens,
3491 1548 3570 1603 ita
3591 1564 3653 1602 se

2006 1636 2187 1692 dedat
2204 1638 2572 1693 orationibus
2590 1639 2894 1693 etieiuniis
2925 1639 3259 1694 secundum
3292 1639 3417 1693 eius
3451 1637 3657 1691 volun-

2002 1716 2205 1791 tatem,
2227 1743 2524 1782 memores
2548 1729 2673 1782 eius
2690 1728 2793 1799 qui
2814 1730 3106 1797 hortatur,
3132 1735 3192 1783 ut
3214 1728 3339 1782 sine
3358 1724 3657 1780 intermis-

2006 1815 2170 1870 sione
2219 1831 2458 1870 oremus
2507 1821 2562 1872 et
2592 1816 2648 1870 iu
2683 1818 3015 1872 orationem
3058 1816 3475 1872 incumbentes
3508 1820 3564 1869 et
3593 1814 3655 1868 in

2004 1903 2238 1958 Domini
2255 1905 2569 1975 promissa,
2589 1906 2691 1961 ubi
2715 1922 2727 1959 :
2753 1911 2980 1978 quanto
3000 1907 3214 1974 magis,
3236 1905 3446 1977 inquit,
3465 1904 3655 1973 faciet

2006 1992 2327 2048 vindictam
2342 1995 2495 2049 Deus
2508 1995 2899 2050 clamantium
2912 1996 2992 2050 ad
3003 2009 3061 2050 se
3075 1996 3168 2050 die
3181 2009 3252 2049 ac
3265 1993 3542 2061 noctem.
3560 1992 3655 2045 Di-

2006 2082 2171 2137 cebat
2202 2089 2419 2147 autem,
2455 2082 2666 2154 inquit,
2701 2084 3080 2151 parabotam,
3114 2084 3393 2154 quoniam
3420 2084 3654 2149 oportet

2006 2186 2235 2241 semper
2263 2187 2440 2228 orare
2491 2178 2543 2227 et
2591 2188 2712 2227 non
2741 2173 2991 2239 deﬁcere
3017 2172 3114 2242 (5).
3150 2171 3323 2237 Quod
3356 2186 3496 2225 vero
3524 2183 3656 2223 ora-

2008 2260 2359 2316 tioniszelus
2382 2260 2888 2330 magnalargitur,
2912 2266 2989 2326 et,
3010 2261 3136 2332 ipse
3152 2259 3406 2331 Spiritus
3437 2257 3657 2313 animis

2011 2355 2071 2403 ut
2099 2349 2406 2417 inhabitet,
2422 2349 2573 2414 facit,
2590 2355 2792 2420 aperte
2806 2351 3130 2405 ostendunt
3149 2365 3238 2415 ea,
3255 2349 3475 2421 quibus
3503 2349 3660 2417 Apo-

2011 2438 2197 2493 stolus
2242 2454 2352 2492 nos
2385 2439 2727 2494 exhortatur
2769 2439 3007 2494 dicens:
3037 2454 3146 2507 per
3175 2453 3402 2494 omnem
3437 2435 3660 2492 oratio-

2008 2541 2131 2581 nem
2143 2533 2195 2582 et
2212 2528 2662 2583 obsecrationem
2674 2534 2912 2584 orantes
2924 2527 3072 2583 omni
3088 2534 3338 2595 tempore
3352 2526 3415 2580 in
3431 2524 3658 2593 Spiritu

2011 2616 2134 2672 etin
2150 2616 2277 2686 ipso
2298 2616 2606 2687 vigilantes
2618 2617 2678 2673 in
2710 2618 2871 2672 omni
2896 2617 3189 2673 instantia
3216 2622 3269 2671 et
3297 2614 3658 2670 observatio-

2011 2722 2085 2761 ne
2098 2706 2527 2778 (6).Quisquise
2560 2706 2839 2762 fratribus
2856 2706 2994 2761 huic
3024 2704 3493 2777 parti,orationis
3509 2701 3658 2758 scili-

2014 2800 2124 2860 cet,
2158 2810 2221 2849 se
2243 2794 2423 2859 dedit,
2448 2794 2766 2865 pulchrum
2799 2796 3149 2850 thesaurum
3179 2798 3406 2858 tractat,
3439 2793 3543 2864 qui
3567 2793 3657 2845 est

296 2883 364 2939 δε
380 2892 410 2945 ή
432 2904 550 2939 σει·
578 2888 722 2946 ὅστις
738 2886 788 2955 ⁵)
809 2893 908 2936 τῶν
931 2881 1161 2957 ἀδελφῶν
1183 2887 1349 2956 τούτῳ
1367 2886 1408 2956 ϐ)
1430 2893 1501 2956 τῷ
1522 2891 1664 2958 μέρει
1679 2887 1807 2946 αύτῆ
1822 2888 1896 2957 ςτ]

2014 2884 2297 2939 amatoris
2313 2884 2609 2939 maximae
2624 2884 3027 2955 possessionis
3048 2881 3469 2939 tantummodo
3484 2881 3661 2935 ﬁrma

298 2976 480 3027 ἑαυτὸν
533 2970 859 3039 ἀποδίδωσι,
888 2981 960 3044 τῷ
1008 2982 1103 3034 τῆς
1134 2973 1295 3045 εύχῆς
1338 2974 1489 3044 λέγω,
1522 2975 1677 3027 καλὸν
1705 2978 1903 3033 θησαυ-

297 3066 388 3135 ρὸν
445 3066 667 3136 περιέπει
715 3066 801 3114 καὶ
858 3062 1078 3135 ἐραστοῦ
1132 3068 1384 3134 μεγίστου
1441 3064 1485 3135 ⁸)
1536 3068 1799 3135 κτήματος
1857 3066 1903 3137 9)

310 3156 466 3223 μόνον
517 3155 740 3222 συντόνῳ
785 3156 874 3204 xui
913 3151 1038 3223 ὀρθῇ
1094 3148 1415 3220 συνειδήσει,
1469 3149 1721 3225 μηδαμοῦ
1772 3158 1905 3207 κατά

290 3245 384 3299 τὴν
442 3239 681 3293 διάνοιαν
730 3240 979 3300 ἑκουσίως
1026 3239 1489 3311 περιπλανώμενος,
1539 3238 1681 3311 μηδὲ
1728 3244 1902 3317 ὥσπερ

293 3331 544 3383 ἀκούσιον
575 3325 865 3387 ἀποδιδοὺς
894 3331 959 3397 ¹⁰)
1001 3328 1087 3381 ὑπ’
1121 3328 1353 3400 ἀνάγκης
1389 3334 1564 3404 χρέος,
1600 3330 1705 3383 ἀλλ’
1739 3335 1904 3405 ἔρωτα

295 3423 387 3469 καὶ
441 3412 595 3469 πόθον
641 3416 948 3485 ἀποπληρῶν
994 3425 1085 3481 τῆς
1133 3417 1341 3491 ψυχῆς,
1382 3424 1472 3471 καὶ
1514 3424 1633 3483 τοὺς
1674 3421 1901 3493 ἀγαθοὺς

298 3514 393 3567 τῆς
450 3512 758 3580 παραμονῆς
807 3509 1029 3573 καρποὺς
1081 3514 1243 3559 πᾶσιν
1297 3504 1592 3570 ἐπιδεικνύς
1630 3526 1643 3539 ⁸
1672 3516 1781 3584 χρὴ
1844 3509 1903 3565 δὲ

297 3601 390 3648 xui
444 3598 567 3657 τοὺς
620 3594 830 3657 λοιποὺς
886 3591 1095 3648 διδόναι
1153 3605 1223 3667 τῷ
1278 3600 1495 3669 τοιούτῳ
1552 3606 1750 3671 καιρόν,
1814 3606 1903 3653 καὶ

299 3688 624 3757 συγχαίρειν
683 3691 742 3755 τῆ
792 3692 1064 3757 παραμονῇ
1116 3692 1210 3747 τῆς
1253 3694 1581 3757 προσευχῆς,
1631 3690 1768 3750 ὅπως
1815 3696 1903 3744 καὶ

296 3777 449 3826 αῦτοι
471 3774 786 3845 μετάσχωσι
828 3780 927 3823 τῶν
968 3771 1177 3843 ἀγαθῶν
1215 3783 1447 3847 καρπῶν,
1489 3774 1579 3827 ἁτε
1617 3773 1684 3834 δή
1726 3796 1902 3828 κοινω-

292 3867 373 3914 νοὶ
420 3868 512 3913 τοῦ
550 3864 790 3913 τοιούτου
837 3860 958 3934 βίου
1007 3869 1077 3931 τῷ
1130 3860 1456 3920 συνήδεσθαι
1500 3870 1762 3935 γεγονότες
1809 3866 1900 3937 1¹).

295 3948 459 4003 δώσει
514 3948 573 4003 δε
626 3956 717 4002 xui
771 3950 924 4010 αὐτὸς
982 3952 1008 4002 ὁ
1055 3954 1233 4024 κύριος
1284 3960 1394 4014 τοῖς
1454 3953 1707 4019 αἰτοῦσιν,
1767 3957 1904 4016 ὅπως

296 4041 549 4110 εὔχεσθαι
571 4036 670 4104 δεῖ,
696 4042 831 4091 κατά
856 4042 912 4091 τὸ
934 4040 1196 4114 εἰρημένον
1220 4058 1233 4070 ’
1266 4042 1291 4092 ὁ
1319 4037 1353 4092 δ
1372 4038 1555 4102 ιδούς
1594 4043 1793 4113 εὐχὴν
1824 4046 1904 4115 τῷ

297 4127 652 4199 εύχομένῳ.
710 4124 791 4179 δεῖ
834 4125 919 4179 οὖν
969 4128 1127 4180 αἰτεῖν
1176 4134 1264 4181 καὶ
1308 4126 1521 4196 εἰδέναι,
1568 4132 1633 4191 ὡς
1674 4140 1904 4205 κρεῖττον

2016 2989 2085 3028 ac
2133 2980 2293 3029 recta
2345 2972 2731 3039 conscientia,
2787 2989 3089 3044 nusquam
3139 2974 3197 3027 in
3228 2979 3421 3026 mente
3448 2970 3660 3025 volun-

2017 3064 2156 3117 tarie
2210 3063 2689 3131 circumvagans,
2740 3077 2931 3133 neque
2980 3061 3154 3132 quasi
3212 3060 3466 3115 invitum
3492 3058 3657 3113 debi-

2015 3158 2139 3207 tum
2215 3152 2557 3206 necessario
2620 3151 2874 3212 solvens,
2920 3150 3024 3204 sed
3073 3164 3344 3204 amorem
3393 3154 3449 3202 et
3505 3146 3661 3201 desi-

2012 3241 2245 3295 derium
2271 3239 2455 3295 animi
2507 3238 2773 3311 explens,
2822 3238 3136 3309 bonosque
3187 3235 3660 3308 perseverantiae

2012 3330 2239 3384 fructus
2264 3329 2547 3384 omnibus
2568 3328 2907 3383 ostendens.
2936 3331 3179 3399 Oportet
3198 3330 3397 3382 autem
3431 3330 3487 3379 et
3512 3328 3663 3379 cete-

2013 3433 2110 3473 ros
2136 3417 2231 3473 tali
2258 3418 2400 3472 dare
2420 3422 2680 3488 tempus,
2704 3423 2760 3472 et
2779 3415 3159 3488 congaudere
3180 3412 3661 3487 perseverantiae

2012 3508 2071 3562 in
2098 3511 2385 3572 oratione,
2414 3506 2678 3578 utetipsi
2697 3507 2995 3562 bonorum
3020 3504 3315 3560 fructuum
3339 3502 3661 3575 participes

2010 3597 2388 3666 ﬁant,utpote
2405 3601 2709 3652 consortes
2725 3596 2855 3651 talis
2876 3596 3028 3651 vitae
3042 3594 3177 3650 facti
3193 3590 3657 3663 congaudendo.

2018 3686 2344 3741 Dabitvero
2375 3691 2429 3740 et
2451 3686 2575 3755 ipse
2610 3686 2894 3740 Dominus
2933 3682 3291 3755 petentibus,
3320 3697 3442 3753 quo
3476 3678 3658 3734 modo

2014 3780 2283 3846 oporteat
2300 3789 2486 3839 orare,
2519 3774 2851 3829 secundum
2885 3773 3047 3844 quod
3075 3771 3252 3842 216
3276 3770 3500 3824 dictum
3534 3773 3658 3824 est:

2014 3865 2118 3934 qui
2126 3863 2230 3918 dat
2245 3862 2585 3931 petitionem
2599 3863 2821 3930 petenti
2833 3863 2934 3932 (7).
2959 3860 3251 3916 Debemus
3275 3859 3451 3928 igitur
3467 3862 3662 3928 petere

2014 3958 2070 4007 et
2129 3952 2299 4017 scire,
2359 3958 2585 4022 quanto
2615 3950 2829 4005 melius
2868 3950 2937 4013 is,
2967 3950 3070 4020 qui
3124 3950 3185 4003 in
3215 3948 3545 4002 orationem
3579 3946 3665 3999 in-

2014 4041 2232 4095 cumbit
2245 4040 2547 4109 negotium
2565 4046 2659 4094 tan
2672 4044 2941 4101 tum,cum
2962 4052 3184 4106 magna
3197 4034 3592 4091 sollicitudine
3608 4038 3663 4088 et

2014 4130 2179 4184 omni
2196 4129 2409 4183 virtute
2431 4134 2732 4183 certamen
2762 4127 3083 4191 sustineat;
3120 4138 3343 4193 magna
3362 4123 3521 4177 enim
3542 4137 3665 4177 cer-

293 4224 355 4287 τῇ
403 4216 537 4288 εὐχῇ
584 4225 1091 4290 προσκαρτεροῦντα,
1142 4220 1415 4290 πράγματι
1469 4222 1724 4291 τοσούτῳ,
1776 4224 1896 4292 μετὰ

2017 4217 2243 4273 tamina
2265 4233 2518 4286 magnos
2548 4217 2726 4271 etiam
2753 4215 3058 4287 postulant
3082 4214 3341 4277 labores,
3370 4211 3662 4283 quoniam

295 4304 491 4366 πολλῆς
550 4301 788 4365 σπουδῆς
851 4312 937 4359 καὶ
997 4310 1174 4369 πάσης
1218 4304 1487 4379 δυνάμεως
1553 4308 1776 4361 ἐναθλεῖν
1834 4318 1906 4381 τῷ

300 4392 462 4464 ἀγῶνι
491 4411 503 4422 ·
538 4396 602 4445 τά
622 4396 724 4466 γὰρ
755 4394 953 4465 μεγάλα
984 4390 1115 4447 ἆθλα
1139 4394 1372 4468 μεγάλων
1401 4394 1575 4449 δεῖται
1604 4403 1694 4450 καὶ
1718 4402 1902 4462 πόνων,

300 4479 481 4540 ἐπειδὴ
514 4482 745 4553 μάλιστα
782 4486 811 4541 ἡ
853 4488 1012 4535 κακία
1052 4492 1161 4545 τοῖς
1199 4489 1455 4547 τοιούτοις
1493 4483 1753 4561 ἐφεδρεύει
1784 4507 1907 4538 παν·

301 4573 551 4642 ταχόθεν,
602 4573 1039 4646 περιεργαζομένη
1090 4579 1178 4627 καὶ
1226 4580 1614 4649 περιτρέχουσα
1667 4581 1756 4627 xui
1806 4576 1907 4636 ζη-

306 4667 473 4711 τοῦσα
525 4661 831 4733 περιτρέψαι
885 4666 979 4719 τήν
1029 4660 1307 4722 σπουδήν·
1359 4662 1546 4715 ἐκεῖθεν
1605 4664 1764 4725 ὕπνος
1819 4669 1907 4715 xui

313 4744 542 4820 βάρησις
583 4755 845 4821 σώματος,
886 4754 976 4802 xui
1022 4750 1205 4823 ψυχῆς
1244 4751 1495 4824 μαλακία,
1542 4748 1764 4817 ἀκηδία,
1807 4752 1911 4803 ὀλι-

2018 4307 2279 4361 maxime
2305 4305 2531 4360 malitia
2555 4305 2768 4360 talibus
2799 4303 3063 4374 undique
3086 4303 3415 4366 insidietur,
3434 4300 3666 4355 curiose

2016 4396 2591 4465 agens,circumiens
2605 4400 2659 4449 et
2672 4393 3131 4449 sollicitudinem
3147 4392 3385 4446 demere
3402 4394 3667 4456 tentans;

2018 4484 2153 4539 inde
2186 4500 2434 4539 somnus
2461 4490 2516 4538 et
2540 4483 2796 4553 gravitas
2820 4482 3090 4553 corporis
3119 4487 3176 4535 et
3205 4482 3443 4534 animae
3479 4476 3672 4533 molli-

2018 4574 2144 4637 ties,
2179 4574 2408 4637 acedia,
2433 4572 2681 4633 incuria,
2709 4572 3132 4637 inconstantia,
3166 4575 3224 4625 et
3248 4574 3478 4623 ceterae
3504 4565 3671 4621 mali-

2020 4665 2134 4719 tiae
2181 4664 2496 4735 passiones
2549 4668 2604 4716 et
2665 4662 3061 4732 operationes.
3106 4660 3330 4731 quibus
3380 4655 3671 4712 occiditur

2024 4752 2227 4807 anima
2256 4768 2329 4806 ex
2358 4756 2522 4823 parte
2552 4756 2722 4819 rapta
2748 4756 2803 4804 et
2824 4749 2902 4805 ad
2925 4749 3109 4822 ipsius
3138 4746 3450 4803 inimicum
3477 4749 3671 4800 trans-

1644 4885 1902 4941 VARIAE
1939 4883 2342 4944 LECTIONES.

458 4999 646 5075 Corr_.,
698 4997 832 5075 cod.
882 5002 1159 5075 sim-ixs—
1200 5000 1243 5073 ²)
1274 5002 1652 5075 Corr.,_cod.
1674 5001 2027 5075 Ῠὲμπλησθήη.
2063 5035 2128 5044 -
2182 5004 2227 5073 ³)
2257 5006 2441 5068 Corr.,
2468 5002 2608 5075 cod.
2640 5007 2893 5075 μεγίστην
2922 5004 3061 5053 θείου
3090 5006 3345 5075 ποιήσας⁸
3370 5002 3577 5072 ἔρωτος.
3612 5028 3680 5075 —_—

296 5069 343 5138 ‘)
378 5070 471 5124 Sic
499 5068 633 5124 cod.
673 5100 737 5109 —
770 5070 814 5141 ⁵)
871 5071 1014 5127 Cod.
1048 5073 1112 5133 ὧς
1143 5068 1239 5133 τίςζ
1272 5104 1339 5113 -
1370 5074 1415 5144 ³)
1468 5068 1737 5145 Emend;
1790 5074 1920 5130 cod.
1975 5068 2284 5128 τούτων.’-
2337 5076 2385 5142 ⁷)
2444 5068 2878 5140 Ετηθηᾶ.ζοο‹1.
2932 5082 3042 5135 τῆς.
3101 5104 3165 5112 -
3226 5074 3271 5139 ⁸)
3319 5068 3503 5135 Corn,
3536 5069 3675 5125 cod.

3229 5162 3254 5195 ο

300 5215 539 5283 μεγίτου.
570 5242 635 5254 -
666 5212 711 5282 ⁸)
743 5213 929 5279 Coni.,
973 5214 1107 5270 cod.
1141 5218 1434 5286 Στήματος.
1466 5247 1536 5259 -
1566 5217 1636 5289 1°)
1660 5218 1841 5288 Corr.,
1875 5220 2009 5276 cod.
2043 5213 2329 5279 ἀποδίδως.
2358 5248 2425 5258 —
2458 5218 2529 5289 “)
2561 5216 2835 5281 Emend,
2878 5214 3011 5271 cod.
3045 5220 3278 5286 γεγονότ.

1868 5335 2118 5392 NOTAE.

419 5444 470 5510 l)
508 5443 556 5497 Il
587 5444 716 5500 Cor.
745 5444 790 5510 Ι,
814 5444 871 5502 4.

408 5514 466 5583 2)
508 5514 724 5586 Psalm.
750 5515 1019 5586 LXXXIII,
1050 5519 1106 5573 2.

413 5587 467 5653 3)
509 5585 727 5643 Psalm.
765 5589 918 5653 LXII,
955 5591 1010 5645 6.

409 5658 465 5725 4)
507 5660 647 5715 Luc.
674 5658 857 5725 XVIII,
887 5661 939 5713 ⁸7.

2135 5520 2192 5591 6)
2222 5520 2370 5591 Eph.
2409 5522 2494 5584 VI,
2528 5520 2615 5575 Is.

2140 5454 2169 5505 5
2217 5448 2365 5505 Ibid.
2398 5447 2580 5510 XVIII.
2613 5452 2671 5506 1.

2140 5450 2194 5593 6;
2222 5520 2370 5593 Eph.
2409 5520 2665 5593 H.718.”

2140 5454 2169 5505 5
2217 5451 2365 5505 Ibid.
2398 5451 2580 5510 XVIII.
2613 5452 2671 5506 1.

2112 5451 2194 5662 ζϐζ
2222 5520 2370 5591 Eph.
2409 5522 2494 5584 VI,
2528 5520 2615 5575 18.

2133 5597 2188 5663 7)
2218 5591 2437 5648 Psalm.
2471 5592 2576 5658 CV,
2606 5592 2689 5648 15.
