4084 6256
416 242 525 302 435

1734 253 1790 309 S.
1833 252 2139 310 MAGARII
2178 254 2513 310 AEGYPTII

3662 239 3764 295 436

413 370 577 442 fuga.
613 373 857 447 Oportet
884 373 1063 447 igitur
1087 378 1149 434 in
1178 378 1467 449 oratione,
1494 385 1559 436 ut
1587 381 1922 453 sapientem
1954 397 2064 451 gu-

2182 385 2360 456 γωρία,
2425 381 2839 454 ἀνυπομονησία,
2906 382 2996 431 καὶ
3069 377 3135 428 τά
3197 372 3354 426 λοιπά
3417 378 3510 432 τῆς
3586 369 3771 427 κακίας

419 461 1132 533 bernatorem,collocare
1154 470 1443 535 animum,
1468 487 1575 526 nec
1604 488 1869 543 unquam
1904 488 2066 527 men-

416 554 990 612 temturbationibus
1016 558 1259 627 maligni
1277 561 1520 626 spiritus
1546 561 1852 633 praebere,
1871 577 2064 635 neque

420 641 575 697 illius
626 642 907 700 ﬂuctibus
958 647 1343 715 circumferri,
1402 652 1503 706 sed
1555 653 1724 706 rectis
1769 652 1956 706 oculis
1988 651 2063 707 ad

419 736 658 803 portum
691 734 1006 791 coelestem
1032 738 1324 808 respicere
1376 746 1431 795 et
1458 741 1723 796 animam
1769 742 2063 810 integram

419 819 667 877 reddere
714 823 852 888 Deo,
883 826 982 895 qui
1038 841 1171 882 eam
1205 829 1313 901 ipsi
1342 829 1715 897 congredidit
1750 837 1804 883 et
1834 829 2062 899 repetit.

420 911 620 980 Neque
670 912 825 966 enim
883 915 943 968 in
975 929 1172 983 genua
1202 918 1617 987 procumbere,
1647 924 1701 973 et
1722 918 1780 974 in
1812 918 2062 974 modum

419 1012 624 1053 eorum
639 1000 741 1070 qui
757 1001 946 1057 iacent
959 1003 1019 1057 in
1032 1005 1302 1061 oratione
1315 1007 1572 1073 extendi,
1594 1013 2063 1063 consentaneum

422 1090 513 1141 est
534 1088 869 1159 Scripturae
886 1091 1421 1166 etbeneplacitum,
1440 1103 1636 1152 mente
1656 1096 1863 1168 procul
1888 1113 1923 1151 a
1948 1099 2064 1152 Deo

420 1183 913 1247 vagante,verum
926 1196 1170 1237 omnem
1186 1183 1621 1253 cogitationum
1637 1186 2062 1256 negligentiam

420 1268 478 1320 et
531 1264 821 1336 injustum
873 1284 1118 1325 sensum
1149 1274 1542 1345 expostulare,
1589 1280 1900 1347 totamque
1926 1291 2063 1330 cum

422 1369 671 1424 corpore
693 1356 961 1412 animam
976 1360 1226 1415 orationi
1245 1362 1494 1418 tradere.
1520 1365 1689 1435 Atqui
1706 1364 1883 1418 etiam
1901 1379 2066 1434 prae-

420 1442 602 1513 positi
631 1443 846 1500 debent
878 1447 977 1500 tali
1000 1448 1296 1518 opitulari,
1332 1458 1387 1504 et
1415 1467 1551 1505 cum
1586 1452 1749 1506 omni
1780 1452 2068 1507 sollicitu-

422 1530 560 1585 dine
591 1536 647 1586 et
678 1534 1047 1605 correptione
1081 1539 1300 1593 nutrire
1332 1541 1555 1595 orantis
1583 1540 1659 1595 ad
1690 1541 2065 1613 propositum

422 1619 741 1686 fervorem,
807 1630 862 1677 et
909 1624 1221 1694 diligenter
1274 1627 1427 1683 illius
1475 1630 1737 1684 animam
1787 1645 2065 1701 purgare.

422 1710 638 1763 Eorum
692 1712 875 1777 enim,
910 1714 1012 1784 qui
1045 1714 1128 1769 ita
1158 1731 1219 1770 se
1251 1716 1494 1785 habent,
1528 1718 1754 1774 fructus
1784 1720 2067 1776 virtutum

2182 1725 2299 1784 τούς
2371 1730 2705 1796 προεστῶτας
2788 1716 2847 1771 δὲ
2934 1721 3042 1790 χρή

421 1813 614 1869 quum
644 1798 897 1854 inﬁrmis
928 1804 1282 1871 ostenditur,
1316 1821 1433 1861 non
1482 1808 1676 1862 solum
1707 1810 1779 1874 ei,
1812 1811 1917 1882 qui
1948 1811 2069 1865 iam

421 1887 690 1959 profecit,
709 1889 811 1943 sed
830 1889 1005 1945 etiam
1029 1893 1292 1962 parvulis
1305 1900 1361 1949 et
1377 1895 1646 1952 doctrina
1661 1897 2068 1968 indigentibus

419 1976 488 2032 ﬁt
517 1976 696 2042 utilis,
724 1979 1043 2034 consolans
1066 1997 1167 2036 eos
1200 1988 1252 2037 et
1285 1983 1361 2038 ad
1387 1984 1773 2042 imitationem
1807 1988 2069 2044 excitans

421 2082 650 2133 eorum,
683 2082 840 2139 quae
870 2068 1085 2123 vident.
1149 2073 1390 2126 Fructus
1417 2079 1613 2128 autem
1649 2076 1916 2131 sincerae
1939 2093 2066 2132 ora-

422 2154 598 2211 tionis
647 2160 783 2211 sunt
834 2157 1202 2227 simplicitas,
1247 2160 1501 2225 dilectio,
1541 2163 1867 2230 humilitas,
1906 2165 2070 2220 forti-

428 2243 594 2309 tudo,
620 2244 975 2309 innocentia,
994 2254 1226 2319 etquae
1256 2256 1395 2305 sunt
1416 2251 1733 2317 eiusmodi,
1759 2270 1911 2324 quos
1934 2261 2069 2311 ante

426 2331 707 2388 coelestes
730 2333 953 2389 fructus
970 2337 1239 2406 perhanc
1266 2340 1442 2393 vitam
1470 2340 1701 2396 solliciti
1728 2342 1786 2397 in
1802 2344 2070 2401 oratione

424 2422 867 2479 bominislabor
882 2424 979 2480 hic
996 2428 1310 2495 germinat.
1339 2429 1581 2486 Talibus
1614 2433 1801 2487 oratio
1823 2439 2074 2491 ornatur

424 2510 735 2567 fructibus.
756 2514 985 2579 Quibus
1004 2532 1216 2571 carens
1240 2516 1480 2574 inanem
1503 2520 1748 2591 suscipit
1779 2521 2069 2578 laborem.

431 2600 602 2670 217
640 2603 753 2655 Nec
785 2602 976 2657 solum
1011 2606 1222 2671 oratio,
1257 2607 1359 2662 sed
1381 2610 1558 2664 etiam
1588 2610 1783 2665 omnis
1815 2612 2075 2683 philoso-

425 2689 601 2760 phiae
631 2689 744 2755 via,
779 2706 810 2745 e
832 2692 931 2747 tali
963 2695 1227 2762 germine
1255 2702 1409 2759 nata,
1436 2713 1568 2752 vere
1592 2697 1848 2756 iustitiae
1876 2702 2075 2759 estvia

428 2776 578 2833 etad
605 2783 831 2834 rectum
852 2781 1119 2851 perducit
1141 2783 1346 2840 ﬁnem.
1364 2785 1480 2840 lllis
1506 2792 1706 2843 autem
1735 2789 1834 2859 qui
1860 2791 2075 2861 spolia-

428 2871 521 2921 tus
542 2871 647 2931 est,
679 2868 732 2922 ei
756 2883 979 2924 vanum
1011 2886 1233 2927 nomen
1266 2873 1636 2947 relinquitur,
1670 2882 1723 2933 et
1758 2878 2073 2936 stultarum

428 2956 722 3026 virginum
756 2958 965 3013 similis
996 2967 1106 3026 est,
1152 2962 1370 3034 quibus
1400 2970 1665 3037 tempore
1701 2969 2074 3025 necessitatis

2174 474 2315 528 πάθη
2346 477 2435 524 καὶ
2466 474 2808 544 ἐνεργήματα,
2850 465 2925 522 δι’
2974 467 3009 519 ἄ
3050 463 3334 518 ἀπόλλυται
3373 462 3402 518 ἡ
3435 459 3600 561 ψυχὴ,
3644 457 3780 561 κατά

2174 566 2326 633 μέρος
2367 562 2699 635 ἀρπαζομένη
2741 564 2829 611 καὶ
2870 555 3235 629 αῦτομολοῦσα
3277 554 3401 626 πρὸς
3439 552 3527 601 τὸν
3581 548 3775 619 ἐχθρὸν

2176 650 2404 712 ἑαυτῆς·
2436 656 2545 722 χρὴ
2599 648 2686 703 οὖν
2740 649 3014 721 ἐφεστάναι
3062 653 3123 718 τῇ
3180 647 3480 739 προσευχῇ,
3542 638 3777 739 καθάζπερ

2177 744 2332 812 σοφὸν
2389 721 2727 813 κυϐερνήτην,
2783 742 2866 790 τόν
2916 737 3188 807 λογισμόν,
3235 727 3485 803 μηδαμοῦ
3661 721 3781 776 διά-

2174 850 2313 883 νοιαν
2372 826 2646 882 ἐνδιδόντα
2702 832 2832 900 πρὸς
2893 829 2981 886 τάς
3048 831 3139 877 τοῦ
3200 826 3427 891 πονηροῦ
3489 826 3780 886 πνεύματος

2174 922 2429 992 ταραχάς,
2487 915 2626 991 μηδὲ
2684 924 2787 978 τοῖς
2833 914 3023 968 ἐκείνου
3076 915 3278 983 κύμασι
3338 908 3781 979 συμπεριφερόμε-

2173 1028 2276 1073 νον,
2338 1008 2444 1059 ἀλλ’
2496 1008 2617 1060 εὐθύ
2672 1005 2930 1079 βλέποντα
2977 1006 3109 1076 πρὸς
3150 1004 3236 1054 τὸν
3285 1000 3390 1050 ἄνω
3436 996 3635 1067 λιμένα,
3689 997 3781 1045 καὶ

2173 1098 2358 1170 ψυχὴν
2407 1096 2643 1171 ἀκέραιον
2698 1097 2741 1165 ¹)
2795 1090 3121 1147 ἀποδιδόντα
3166 1097 3239 1159 τῷ
3294 1088 3639 1140 πιστεύσαντι
3690 1087 3782 1134 καὶ

2176 1187 2481 1239 ἀπαιτοῦντι
2513 1188 2608 1257 θεῷ
2633 1202 2646 1216 ⁸
2680 1184 2737 1237 οὗ
2778 1187 2879 1256 γὰρ
2929 1186 2984 1235 τὸ
3041 1188 3209 1234 πεσεῖν
3236 1178 3321 1230 ἐπὶ
3349 1180 3472 1248 γόνυ
3512 1178 3601 1226 καὶ
3641 1176 3783 1243 σχὴ-
3869 1229 3885 1241 _

2174 1298 2303 1350 ματι
2350 1286 2449 1329 τῶν
2499 1274 2569 1329 δι’
2624 1276 2789 1347 εὐχὴν
2832 1277 3073 1345 κειμένων
3122 1268 3434 1323 ἐκτετάσθαι
3493 1258 3781 1316 σπουδαῖον

2175 1375 2236 1440 τῇ
2283 1374 2453 1440 γραφῇ
2500 1370 2590 1417 καὶ
2646 1366 2690 1435 ³)
2750 1363 3044 1437 εὐάρεστον,
3094 1368 3190 1420 τῆς
3247 1355 3484 1416 διανοίας
3538 1352 3631 1415 ἔξω
3687 1357 3782 1402 τοῦ

2180 1457 2294 1506 Θεοῦ
2337 1454 2662 1525 πλανωμένης
2712 1454 2779 1525 ⁸),
2827 1451 2952 1503 ἀλλά
3000 1452 3058 1501 τὸ
3106 1454 3280 1500 πᾶσαν
3328 1442 3642 1497 ἐκκαλοῦντα
3678 1448 3782 1491 τῶν

2175 1542 2441 1616 λογισμῶν
2483 1545 2744 1617 ῥαθυμίαν
2785 1560 2836 1593 τε
2879 1545 2969 1592 καὶ
3011 1535 3197 1590 οἶδικον
3236 1538 3451 1599 ἔννοιαν,
3485 1532 3604 1588 ὅλην
3650 1530 3785 1598 μετὰ

2178 1641 2269 1684 τοῦ
2312 1639 2554 1704 σώματος
2585 1627 2873 1684 ἀποδοῦναι
2922 1634 3015 1687 την
3062 1627 3250 1698 ψυχὴν
3285 1630 3397 1683 ταῖς
3437 1621 3640 1692 εύχαῖς.
3688 1623 3783 1669 καὶ

3137 1710 3623 1783 συναντιλαμϐάνειν
3706 1715 3783 1777 τῷ

2178 1813 2416 1881 τοιούτῳ,
2462 1815 2551 1861 καὶ
2599 1806 2691 1862 διὰ
2719 1810 2891 1867 πάσης
2940 1801 3179 1866 σπουδῆς
3229 1807 3315 1854 καὶ
3354 1802 3625 1859 νουθεσίας
3666 1815 3787 1870 τρε-

2178 1919 2285 1972 φειν
2334 1904 2427 1957 τήν
2479 1904 2597 1973 περὶ
2644 1902 2700 1951 τό
2748 1901 3078 1972 προκείμενον
3134 1900 3225 1945 τοῦ
3279 1891 3561 1962 εὐχομένου
3604 1888 3787 1939 ἐπιθυ-

2177 1994 2319 2059 μίαν,
2370 1993 2459 2040 καὶ
2502 1989 2767 2060 καθαίρειν
2809 1983 3035 2059 ἀκριϐῶς
3073 1987 3167 2041 τὴν
3193 1984 3381 2033 τούτου
3411 1978 3597 2049 ψυχήν
3623 1994 3634 2004 ·
3680 1983 3784 2027 τῶν

2177 2081 2277 2151 γάρ
2320 2076 2482 2137 οὓτως
2532 2076 2788 2149 ἐχομένων
2842 2077 2867 2126 ό
2916 2076 3112 2149 καρπὸς
3159 2079 3257 2123 τῶν
3298 2068 3486 2142 ἀρετῶν
3533 2073 3643 2126 τοῖς
3693 2084 3787 2116 νο-

2503 2162 2520 2169 -
2900 2164 2911 2169 -
3211 2165 3218 2169 .
3243 2159 3254 2169 .
3468 2161 3477 2169 .
3664 2153 3736 2169 ,η
3762 2156 3775 2168 .

2180 2175 2362 2219 σοῦσιν
2403 2162 2819 2238 ἐπιδεικνύμενος
2857 2164 2915 2216 ού
2954 2172 3023 2234 τῷ
3062 2159 3386 2234 προκόψαντι
3417 2161 3589 2229 μόνον,
3656 2154 3790 2205 ἀλλὰ

2178 2262 2266 2308 καὶ
2309 2263 2418 2317 τοῖς
2461 2258 2535 2307 ἔτι
2574 2258 2774 2314 νηπίοις
2813 2258 2901 2305 καὶ
2948 2249 3208 2323 δεομένοις
3250 2245 3603 2304 διδασκαλίας
3646 2247 3790 2316 χρή-

2184 2365 2332 2417 σιμος
2381 2348 2582 2416 γίνεται
2638 2346 2706 2415 ⁴),
2755 2341 3068 2415 παρακαλῶν
3117 2340 3300 2399 αὐτοὺς
3346 2342 3436 2389 καὶ
3483 2332 3792 2407 προτρέπων

2182 2435 2253 2495 εἰς
2300 2439 2547 2507 μίμησιν,
2597 2433 2663 2484 ὧν
2704 2434 2888 2506 ὁρῶσι.
2931 2434 3121 2504 καρποὶ
3166 2425 3224 2481 δὲ
3278 2427 3578 2501 εἰλικρινοῦς
3621 2422 3798 2493 εὐχῆς

2181 2524 2430 2591 ἁπλότης,
2509 2524 2709 2596 ἀγάπη,
2775 2523 3237 2595 ταπεινοφροσύνη,
3314 2520 3581 2590 καρτερία,
3660 2520 3801 2565 ἀκα-

2182 2619 2290 2679 κία,
2346 2619 2434 2666 καὶ
2486 2616 2551 2665 τὰ
2605 2618 2841 2677 τοιαῦτα,
2898 2610 2932 2663 ἅ
2978 2614 3077 2681 πρὸ
3144 2616 3240 2661 τῶν
3303 2606 3520 2657 αἰωνίων
3576 2610 3795 2675 καρπῶν

2183 2706 2325 2775 παρὰ
2353 2706 2436 2754 τόν
2466 2701 2581 2775 βίον
2616 2704 2641 2754 ὁ
2681 2709 2771 2754 τοῦ
2814 2696 3104 2753 σπουδαίου
3144 2700 3262 2768 περὶ
3300 2699 3393 2754 τὴν
3434 2693 3598 2765 εὐχὴν
3636 2698 3800 2752 πόνος

2184 2790 2405 2843 ἐνταῦθα
2471 2789 2773 2863 βλαστάνει.
2843 2792 3040 2848 τούτοις
3101 2787 3235 2858 εὐχὴ
3290 2783 3667 2842 καλλωπίζεται
3741 2780 3793 2849 ⁵)

2182 2888 2291 2941 τοῖς
2344 2886 2563 2954 καρποῖς
2612 2898 2624 2911 ·
2676 2877 2946 2951 ἀποροῦσα
2991 2873 3050 2928 δὲ
3089 2877 3285 2927 τούτων
3316 2874 3537 2945 μάταιον
3569 2872 3670 2941 ἔχει
3696 2870 3786 2919 τόν

2184 2974 2356 3021 πόνον.
2408 2972 2497 3020 καὶ
2541 2968 2635 3020 οὐκ
2680 2968 2812 3039 εὐχὴ
2861 2973 3035 3038 μόνον,
3089 2963 3217 3016 ἀλλά
3254 2967 3343 3014 καὶ
3392 2967 3541 3014 πᾶσα
3588 2958 3799 3031 φιλοσο-

426 3060 548 3101 non
561 3046 976 3104 aderatoleum
993 3049 1050 3104 in
1067 3050 1330 3107 thalamo
1346 3053 1575 3123 (t).Non
1591 3057 1750 3111 enim
1767 3056 2072 3114 habebant

2185 3064 2303 3131 φίας
2356 3054 2495 3124 ὁδός,
2553 3060 2797 3115 τοιαύτην
2856 3059 2944 3128 μὲν
2998 3057 3201 3126 ἔχουσα
3256 3056 3350 3110 τὴν
3397 3049 3684 3140 βλάστην,Δ
3717 3043 3806 3099 δι-

424 3135 485 3191 in
501 3136 718 3192 animis
746 3136 967 3204 lumen,
996 3140 1227 3196 virtutis
1248 3141 1526 3209 fructum,
1548 3160 1743 3217 neque
1763 3145 2073 3204 lucernam

431 3225 679 3295 Spiritus
708 3226 764 3279 in
797 3234 1015 3285 mente.
1049 3230 1239 3293 Quare
1274 3237 1328 3285 et
1359 3233 1567 3288 stultas
1601 3234 1809 3289 merito
1836 3236 2076 3292 vocavit

428 3328 530 3367 eas
547 3315 872 3384 Scriptura,
891 3316 1201 3373 deficiente
1232 3334 1439 3375 earum
1461 3322 1696 3391 virtute,
1719 3323 2074 3396 priusquam

428 3401 657 3457 veniret
678 3420 958 3472 Sponsus,
988 3408 1046 3459 et
1078 3413 1391 3476 propterea
1425 3409 1673 3465 miseras
1694 3411 1960 3468 thalamo
1984 3431 2074 3468 su-

428 3504 616 3561 perno
647 3490 911 3545 exclusit.
947 3495 1070 3547 Non
1105 3496 1261 3549 enim
1288 3496 1344 3551 in
1372 3497 1515 3567 ipsis
1537 3499 1799 3555 studium
1842 3502 2075 3571 virgini-

430 3578 565 3634 tatis
578 3580 889 3649 reputavit,
909 3596 1098 3652 quum
1111 3584 1380 3652 operatio
1399 3587 1802 3660 Spiritusipsis
1824 3590 2074 3647 deesset.

434 3668 499 3722 Et
528 3666 700 3721 valde
732 3669 961 3724 merito.
995 3672 1221 3727 Etenim
1253 3688 1408 3743 quae
1461 3675 1675 3732 utilitas
1709 3679 1837 3733 vitis
1865 3681 2075 3747 cultae,

433 3756 481 3811 si
512 3754 736 3811 fructus
751 3756 984 3824 desunt,
1023 3766 1261 3831 propter
1290 3764 1727 3835 quoslaborem
1755 3770 2079 3837 subitagri-

431 3843 563 3901 cola
586 3844 613 3898 ?
641 3847 800 3909 Quae
841 3845 1061 3902 utilitas
1114 3848 1314 3904 ieiunii
1345 3856 1401 3907 et
1430 3854 1716 3909 orationis
1761 3863 1818 3912 et
1853 3858 2081 3927 vigilia-

431 3948 588 3999 rum,
623 3933 671 3988 si
689 3950 805 4005 pax
824 3933 1064 3992 deestet
1095 3937 1333 3994 dilectio
1362 3943 1419 3995 et
1442 3944 1617 3997 ceteri
1650 3948 1875 4013 gratiae
1896 3948 2079 4018 Spiri-

432 4028 523 4077 tus
583 4020 829 4088 fructus,
888 4040 1041 4096 quos
1074 4032 1316 4083 sanctus
1368 4038 1679 4089 enumerat
1705 4037 2080 4105 Apostolus?

432 4112 667 4168 Omnem
681 4114 838 4169 enim
854 4115 1103 4170 sustinet
1119 4116 1381 4174 laborem
1400 4127 1640 4192 propter
1654 4138 1718 4179 ea
1736 4131 1959 4180 amator
1981 4143 2079 4181 su-

429 4216 647 4272 pernae
666 4203 1129 4275 patriae,quibus
1147 4207 1395 4278 Spiritus
1411 4211 1813 4267 attrahitur.Et
1831 4214 2077 4283 gratiae,

431 4305 586 4361 quae
602 4290 738 4345 inde
752 4293 1346 4367 nascitur,particeps
1361 4298 1553 4354 factus
1569 4300 1827 4357 fructum
1846 4301 2015 4358 affert
2029 4311 2083 4359 et

432 4394 569 4433 cum
603 4380 825 4447 gaudio
860 4380 1067 4437 fruitur
1087 4384 1317 4441 cultura
1350 4387 1494 4455 agri,
1531 4406 1714 4460 quam
1744 4390 1801 4445 in
1845 4392 2083 4448 humili-

435 4473 552 4522 tate
587 4484 696 4524 sua
726 4473 781 4523 et
833 4472 1030 4527 studio
1083 4488 1332 4544 Operum
1365 4478 1610 4546 Spiritus
1640 4479 1820 4535 coluit
1869 4484 2079 4551 gratia.

436 4557 677 4628 Oportet
698 4557 1129 4628 igiturlabores
1159 4564 1444 4619 orationis
1472 4572 1527 4621 et
1556 4566 1756 4623 ieiunii
1783 4577 1837 4623 et
1867 4576 2083 4626 cetero-

433 4661 568 4701 rum
590 4661 841 4717 operum
859 4666 993 4705 cum
1018 4652 1206 4708 multo
1225 4654 1444 4721 gaudio
1467 4661 1522 4710 et
1543 4656 1704 4711 bona
1726 4674 1830 4729 spe
1856 4658 2077 4725 subire,

434 4733 613 4790 ﬂores
662 4752 803 4792 vero
850 4738 1125 4794 laborum
1174 4747 1229 4796 et
1282 4743 1506 4798 fructus
1557 4745 1794 4801 credere
1831 4747 2083 4817 Spiritus

439 4838 569 4878 esse
584 4825 1145 4894 operationes.Quae
1160 4830 1208 4883 si
1220 4831 1353 4901 quis
1368 4831 1475 4885 sibi
1493 4832 1797 4890 adscribat
1810 4840 1864 4890 et
1879 4836 2085 4891 omnia

436 4913 557 4969 suis
580 4912 887 4971 laboribus
910 4916 1213 4985 attribuat,
1228 4935 1336 4991 pro
1356 4920 1431 4975 iui
1446 4923 1951 4981 marcescibilibus
1970 4925 2085 4979 fru-

2186 3149 2471 3209 καιοσύνης
2497 3151 2655 3208 ὄντως
2685 3145 2824 3197 ἐστὶν
2852 3141 2995 3214 ὁδός,
3026 3149 3113 3195 καὶ
3139 3144 3264 3216 πρὸς
3299 3141 3449 3215 ὀρθὸν
3477 3141 3591 3211 ἄγει
3616 3136 3761 3197 τέλος
3788 3157 3802 3169 ·

2184 3240 2377 3288 τούτων
2455 3232 2513 3288 δὲ
2565 3236 2883 3307 ἐστερημένῳ
2958 3236 3098 3299 κενόν
3174 3236 3336 3302 ὄνομα
3409 3227 3806 3293 καταλείπεται,

2155 3330 2274 3377 -καὶ
2334 3332 2448 3385 ταῖς
2508 3333 2708 3396 μωραῖς
2770 3323 2946 3383 ἐοικὼς
3009 3323 3301 3395 παρθένοις,
3364 3320 3442 3380 αἶς
3507 3317 3651 3390 παρὰ
3716 3318 3806 3367 τόν

2186 3417 2364 3487 καιρόν
2395 3422 2485 3475 τῆς
2522 3418 2705 3488 χρείας
2744 3413 2800 3465 οὐ
2842 3420 3012 3487 παρῆν
3053 3410 3101 3462 έν
3132 3419 3201 3482 τῷ
3239 3417 3473 3482 νυμφῶνι
3512 3410 3570 3459 τὸ
3606 3406 3799 3458 ἔλαιον.

2187 3504 2245 3555 ού
2272 3506 2369 3576 γὰρ
2404 3500 2547 3575 εἶχον
2598 3505 2645 3555 ἐν
2689 3510 2799 3564 ταῖς
2841 3501 3049 3573 ψυχαῖς
3101 3503 3158 3552 τὸ
3201 3508 3326 3571 φῶς,
3373 3501 3458 3550 τὸν
3490 3503 3583 3556 τῆς
3615 3493 3806 3568 ἀρετῆς

2187 3596 2404 3666 καρπόν,
2438 3588 2563 3644 οὐδὲ
2586 3596 2672 3644 τὸν
2698 3598 2790 3643 τοῦ
2830 3593 3122 3661 πνεύματος
3160 3591 3207 3640 ἐν
3239 3595 3299 3660 τῇ
3337 3584 3545 3657 διανοίᾳ
3582 3585 3801 3656 λύχνον.

2189 3683 2299 3734 ὅθεν
2356 3686 2445 3734 καὶ
2498 3683 2677 3753 μωρὰς
2727 3680 2938 3741 εἰκότως
2985 3679 3247 3751 ὠνόμασεν
3299 3679 3327 3734 ἡ
3381 3678 3580 3747 γραφή,
3634 3671 3804 3729 συλη-

2190 3774 2407 3833 σθείσης
2446 3772 2489 3840 ⁸⁵)
2530 3770 2697 3821 αὐτῶν
2736 3777 2830 3831 τῆς
2871 3769 3052 3842 ἀρετῆς
3084 3773 3204 3840 πρὶν
3243 3766 3402 3818 ἐλθεῖν
3442 3767 3527 3815 τὸν
3557 3765 3800 3833 νυμφίον,

2188 3866 2278 3913 καὶ
2317 3856 2410 3911 διά
2447 3866 2599 3911 τοῦτο
2638 3867 2725 3915 τνοῦ
2767 3860 2870 3910 οἱνω
2909 3866 3176 3929 νυμφῶνος
3217 3857 3307 3916 τάς
3347 3852 3524 3914 ἀθλίας
3565 3848 3803 3902 ἀπέκλει-

2192 3969 2293 4003 σεν.
2342 3948 2399 4000 οὗ
2429 3951 2530 4019 γὰρ
2563 3947 2833 4019 ἐλογίσατο
2863 3946 3046 4008 αύταίς
3090 3950 3182 4003 τὴν
3237 3939 3476 4000 σπουδὴν
3529 3949 3618 4001 τῆς
3670 3958 3802 4011 παρ-

2192 4041 2359 4099 θενίας
2389 4044 2480 4089 τοῦ
2510 4042 2581 4108 μὴ
2631 4042 2872 4108 παρεῖναι
2901 4041 2994 4093 τὴν
3044 4041 3135 4087 τοῦ
3184 4036 3470 4104 πνεύματος
3519 4033 3797 4102 ἐνέργειαν.

2190 4132 2277 4179 καὶ
2334 4128 2467 4179 πάνυ
2522 4122 2761 4187 δικαίως.
2813 4129 2863 4178 τί
2912 4127 3013 4196 γάρ
3070 4122 3242 4195 ὄφελος
3304 4121 3531 4194 ἀμπέλου
3575 4138 3799 4175 πεπονη·

2190 4221 2367 4288 μένης,
2413 4224 2621 4288 καρπῶν
2666 4221 2736 4287 μή
2787 4220 3075 4286 παρόντων,
3125 4213 3191 4262 ὧν
3231 4212 3389 4264 ἕνεκεν
3422 4211 3664 4281 ὑπομένει
3712 4210 3800 4259 τὸν

2191 4310 2342 4358 πόνον
2389 4306 2413 4356 ὁ
2461 4308 2726 4376 γεωργός;
2773 4308 2823 4355 τί
2853 4299 3040 4375 κέρδος
3080 4305 3325 4362 νηστείας
3355 4304 3444 4351 καὶ
3488 4307 3794 4371 προσευχῆς

2193 4398 2282 4446 καὶ
2326 4392 2633 4465 ἀγρυπνίας,
2663 4394 2864 4467 εἰρήνης
2905 4391 3144 4452 ἀπούσης
3197 4395 3284 4443 καὶ
3333 4387 3539 4460 ἀγάπης
3584 4392 3672 4439 καὶ
3703 4395 3802 4438 τῶν

2191 4481 2380 4534 λοιπῶν
2407 4488 2498 4541 τῆς
2526 4487 2617 4532 τοῦ
2644 4484 2932 4552 πνεύματος
2958 4483 3177 4552 χάριτος
3207 4486 3441 4551 καρπῶν,
3473 4476 3558 4536 οῦς
3597 4477 3621 4526 ὀ
3654 4475 3808 4546 ἅγιος

2194 4570 2567 4644 ἀπαριθμεῖται
2623 4568 2944 4637 ἀπόστολος;
3005 4570 3176 4621 πάντα
3226 4569 3327 4641 γὰρ
3374 4567 3665 4638 ὑφίσταται
3707 4569 3810 4615 πό-

2193 4679 2274 4712 νον
2306 4662 2495 4711 τούτων
2527 4660 2685 4711 ἕνεκεν
2725 4660 2749 4710 ὁ
2803 4667 2895 4719 τῆς
2940 4657 3042 4709 ἆνω
3091 4662 3274 4730 χώρας
3318 4654 3562 4729 ἐραστής,
3611 4650 3686 4705 δι’
3735 4653 3808 4703 ὧν

2196 4747 2451 4819 ἐφέλκεται
2502 4751 2559 4799 τὸ
2615 4753 2832 4817 πνεῦμα.
2884 4751 2973 4799 καὶ
3020 4754 3115 4808 τῆς
3163 4747 3349 4798 ἐκεῖθεν
3397 4741 3809 4816 μεταλαμϐάνων

2194 4839 2417 4909 χάριτος
2447 4844 2764 4909 καρποφορεῖ
2793 4840 2882 4888 καὶ
2922 4834 3169 4888 ἀπολαύει
3207 4833 3317 4906 μετ’
3358 4832 3680 4906 εὐφροσύνης
3710 4838 3809 4893 τῆς

2195 4930 2468 4997 γεωργίας,
2521 4928 2581 4985 ἦν
2621 4925 2668 4978 έν
2719 4933 2780 4998 τῇ
2829 4926 3016 4979 ἑαυτοῦ
3069 4924 3510 4995 ταπεινοφροσύνῃ
3557 4925 3648 4973 καὶ
3698 4920 3807 4972 ἐπι-

1757 5102 2009 5158 VARIAE
2049 5103 2453 5161 LECTIONES.

508 5231 555 5301 ¹)
586 5228 856 5297 Emend,
907 5231 1039 5287 cod.
1098 5232 1390 5320 ἀκριίραιον.
1422 5264 1490 5273 -
1539 5233 1719 5320 ﬂuxa-it
1740 5236 1799 5290 in
1848 5236 1981 5320 cod.
2011 5234 2471 5320 delere‘studhuit
2501 5249 2619 5291 rec.
2651 5250 2765 5320 ,φλ
2787 5265 2856 5275 -
2882 5234 2928 5307 ³)
2970 5232 3193 5320 Emend
3206 5273 3242 5298 .,
3285 5230 3427 5320 cod.
3455 5228 3793 5320 algu-vagiam;

429 5336 499 5344 —
528 5299 573 5373 ⁸)
604 5304 692 5357 An
723 5308 995 5378 γενήσεται
1016 5305 1042 5359 ?
1068 5304 1202 5378 cod.
1223 5299 1468 5378 γεννᾶται.
1500 5299 1572 5345 -’
1596 5307 1642 5377 ⁵)
1678 5306 1943 5373 Emend,
1978 5306 2111 5363 cod.
2140 5307 2528 5367 καλλοπίζεται.
2554 5338 2622 5347 -
2650 5307 2692 5378 ⁸)
2728 5299 2920 5373 (ΞΟΠ-η’
2944 5305 3078 5361 cod.
3112 5324 3169 5361 σ.
3192 5305 3467 5367 ,ισθήσης,
3502 5299 3708 5357 literas
3739 5299 3798 5351 νλ

439 5375 641 5433 blattis
672 5376 991 5433 exstinctas
1024 5376 1181 5433 coni.
1214 5377 1442 5435 addidi.

1982 5511 2237 5569 NOTAE.

440 5637 519 5712 (ι)
550 5636 748 5697 Matth.
778 5637 933 5712 xxv,
963 5642 982 5699 ι
1022 5651 1158 5715 sqq.
