4084 6256
292 315 402 374 437

1778 312 2185 370 EPISTOLAE.

3556 318 3663 374 438

293 442 475 515 μελείᾳ
500 448 599 493 τῶν
628 440 790 513 ἔργων
820 440 850 499 ή
885 446 977 493 τοῦ
1018 444 1309 514 πνεύματος
1356 442 1646 517 έγεώργησε
1694 442 1858 515 χάρις
1882 459 1895 473 θ

2032 441 2206 497 :tibus
2228 442 2341 498 illis
2363 443 2549 501 fastus
2568 446 2664 503 tali
2679 450 2734 502 et
2755 444 3036 517 superbia
3048 443 3348 517 quaedam
3369 444 3657 517 gignitur.

296 528 381 585 δεῖ
411 527 500 584 οὖν
529 534 649 592 τοὺς
688 533 777 601 μεν
823 534 1014 591 πόνους
1052 539 1143 593 τῆς
1187 533 1354 604 εὐχῆς
1401 538 1490 585 καὶ
1518 536 1765 592 νηστείας
1806 533 1896 581 καὶ

294 630 398 674 τῶν
449 620 645 672 λοιπῶν
693 622 854 692 ἔργων
894 623 1024 691 μετά
1075 622 1268 683 πολλῆς
1318 620 1512 683 ἡδονῆς
1562 627 1651 674 καὶ
1703 620 1902 691 ἀγαθῆς

294 706 509 772 ἑλπίδος
538 709 883 781 ὑφίστασθαι,
921 711 988 761 τὰ
1018 705 1079 761 δε
1109 708 1237 768 ἆνθη
1292 719 1391 762 τῶν
1424 716 1610 777 πόνων,
1668 716 1757 762 καὶ
1787 712 1903 769 τοὺς

294 800 553 872 καρπούς,
612 804 703 849 τοῦ
753 800 1044 870 πνεύματος
1116 796 1244 852 εἶναι
1298 803 1559 854 πιστεύειν
1608 798 1856 873 ἐνεργείας
1888 815 1900 827 ·

297 888 344 941 εἰ
392 890 495 962 γὰρ
550 886 712 957 ἐαυτῷ
760 906 837 947 τις
891 886 1155 958 λογίζοιτο
1201 896 1387 955 ταῦτα,
1420 895 1510 941 καὶ
1558 892 1615 941 τὸ
1652 894 1753 941 πᾶν
1785 887 1905 939 ἀνα⁹

298 979 413 1034 θείη
455 983 565 1038 τοῖς
614 980 810 1041 πόνοις,
858 974 972 1028 ἀντὶ
1016 984 1116 1028 τῶν
1148 976 1422 1051 ἀκηράτων
1454 978 1654 1032 ἐκείνων
1694 985 1904 1051 καρπῶν

298 1064 579 1126 ἀλαζονεία
641 1072 715 1136 τῷ
793 1067 1013 1137 τοιούτῳ
1076 1070 1166 1118 καὶ
1215 1070 1454 1140 φρόνημά
1504 1070 1621 1135 τι¹)
1676 1069 1857 1140 φύεται
1888 1082 1902 1095 ·

299 1162 473 1207 ταῦτα
503 1151 562 1207 δε
611 1156 679 1206 τά
722 1155 866 1212 πάθη
916 1157 1149 1229 καθάπερ
1181 1176 1262 1216 τις
1310 1153 1555 1215 σηπεδὼν
1581 1156 1627 1229 ²)
1667 1164 1778 1216 ταῖς
1808 1162 1905 1208 τῶν

302 1244 527 1298 εύκόλων
578 1244 787 1317 ψυχαῖς
834 1244 1129 1318 ἐμφυόμενα
1170 1243 1459 1322 διαφθείρει
1503 1253 1593 1300 καὶ
1651 1245 1908 1299 ἀπόλλυσι

301 1339 428 1395 τοὺς
458 1338 666 1397 πόνους.
711 1340 763 1387 τί
797 1330 884 1387 οὖν
937 1340 1047 1407 χρὴ
1108 1343 1272 1388 ποιεῖν
1328 1340 1416 1389 τόν
1474 1337 1546 1407 τῷ
1580 1339 1675 1405 θεῷ
1728 1341 1902 1407 καί.τῇ

302 1422 501 1477 ἐκείνου
578 1424 748 1484 ζῶντα
807 1420 1021 1491 ἑλπίδι;
1075 1428 1193 1486 τοὺς
1242 1429 1331 1498 μὲν
1387 1428 1513 1500 ὑπὲρ
1578 1434 1668 1486 τῆς
1728 1424 1910 1494 ἀρετῆς

305 1512 516 1584 ἀγῶνας
566 1513 680 1584 μεθ’
739 1510 933 1574 ἡδονῆς
995 1515 1283 1586 ὑπομένειν,
1337 1520 1431 1574 τὴν
1494 1515 1752 1589 λύτρωσιν
1815 1523 1911 1576 τῆς

304 1601 498 1674 ψυχῆς
539 1603 594 1654 ἐκ
650 1610 749 1653 τῶν
803 1603 1001 1667 παθῶν,
1060 1608 1151 1656 καὶ
1209 1608 1333 1679 πρὸς
1385 1608 1479 1663 τὴν
1536 1603 1824 1678 ἀκροτάτην
1865 1605 1909 1674 ³)

306 1697 408 1743 τῶν
488 1689 679 1764 ἀρετῶν
759 1687 946 1743 ἄνοδον
1025 1700 1118 1754 τῆς
1175 1692 1509 1760 τελειότητος,
1584 1694 1661 1745 in”
1739 1692 1913 1765 ἐκείνῳ

2013 530 2178 586 Tales
2211 537 2409 589 autem
2438 538 2751 605 passiones
2780 540 2842 590 ut
2868 534 3119 605 putredo
3149 535 3451 606 quaedam
3475 537 3535 591 in
3562 552 3662 589 so-

2013 620 2295 676 cordibus
2327 624 2543 679 animis
2575 626 2749 680 insita
2783 624 3019 679 labores
3044 623 3403 694 disperdunt
3433 630 3490 679 et
3530 639 3661 679 cor-

2014 718 2320 781 rumpunt.
2345 713 2643 777 Quidnam
2664 714 2843 781 igitur
2863 713 3052 768 facere
3070 713 3249 768 debet
3271 712 3322 766 is
3340 712 3445 784 qui
3468 715 3584 767 Deo
3606 716 3664 769 et

2015 800 2141 870 spei
2163 801 2292 854 eius
2315 802 2495 857 vivit?
2519 803 2852 860 Certamina
2878 802 3106 857 virtutis
3130 817 3265 855 cum
3292 801 3515 872 gaudio
3538 817 3664 855 sus-

2018 889 2220 955 tinere,
2264 890 2679 960 purgationem
2717 892 2951 947 animae
2983 907 3018 945 a
3054 890 3457 962 passionibus,
3492 895 3548 945 et
3585 889 3664 946 ad

2018 993 2325 1033 summum
2348 979 2629 1035 virtutum
2664 982 2920 1050 gradum
2952 978 3352 1052 perfectionis,
3388 978 3567 1049 218
3602 978 3665 1033 in

2016 1065 2148 1138 ipso
2170 1082 2338 1139 spem
2353 1084 2592 1140 ponere,
2616 1074 2669 1124 et
2691 1068 2844 1124 illius
2862 1067 3552 1138 benignitaticonﬁdere.
3578 1066 3665 1122 Ita

2018 1157 2176 1211 enim
2213 1164 2458 1228 paratus
2489 1164 2543 1213 et
2577 1158 2778 1214 fruens
2808 1174 2898 1225 ea,
2929 1173 3113 1230 quam
3149 1156 3413 1222 credidit,
3453 1157 3663 1227 gratia,

2020 1245 2148 1301 sine
2172 1246 2377 1303 labore
2405 1248 2603 1313 currit,
2627 1247 2965 1318 despiciens
2995 1245 3317 1302 adversarii
3348 1245 3664 1310 malitiam,

2019 1336 2242 1407 quippe
2278 1352 2466 1408 quum
2493 1338 2613 1392 iam
2653 1338 2725 1391 sit
2756 1336 3105 1407 peregrinus
3140 1334 3236 1390 ille
3276 1339 3333 1389 et
3364 1334 3592 1389 solutus
3634 1348 3671 1389 a

2019 1427 2403 1498 passionibus
2429 1426 2620 1495 gratia
2642 1426 2868 1481 Christi.
2903 1426 3060 1481 Sicut
3086 1424 3268 1490 enim,
3293 1424 3396 1495 qui
3430 1422 3670 1493 iniquas

2021 1516 2453 1586 passionesper
2466 1515 2798 1585 neglectum
2821 1515 3117 1570 bonorum
3140 1514 3483 1584 inipsarum
3505 1513 3674 1565 natu-

2020 1620 2152 1660 ram
2184 1604 2585 1667 introducunt,
2610 1610 2665 1658 et
2690 1605 2748 1659 in
2780 1603 2925 1675 ipsis
2958 1619 3096 1659 cum
3127 1600 3518 1657 delectatione
3544 1613 3675 1654 ver-

2024 1692 2426 1758 santur,facile
2440 1693 2615 1764 quasi
2628 1694 2896 1749 innatam
2912 1697 2970 1748 et
2982 1693 3288 1765 propriam
3304 1690 3674 1760 voluptatem

309 1780 675 1852 παρίστασθαι
720 1784 815 1837 τήν
873 1777 1079 1849 ἐλπίδα,
1111 1784 1196 1832 καὶ
1244 1789 1304 1854 τῇ
1342 1785 1463 1856 παρ’
1495 1784 1687 1834 ἐκείνου
1740 1783 1909 1854 φιλαν-

2032 1785 2081 1838 in
2098 1799 2161 1838 se
2174 1783 2529 1853 suscipiunt,
2548 1782 2973 1838 fructiﬁcantes
2987 1781 3297 1837 avaritiam
3314 1786 3368 1834 et
3383 1777 3675 1833 invidiam

314 1870 523 1943 θρωπίᾳ
598 1870 878 1923 πιστεύειν.
953 1871 1112 1930 οὕτως
1167 1872 1268 1943 γάρ
1328 1875 1813 1946 παρεσκευασμένος
1868 1873 1913 1943 ⁴>

312 1962 407 2009 καὶ
464 1955 769 2018 ἀπολαύσας
816 1965 931 2023 τῆς,
964 1959 1063 2029 6⁸)
1114 1964 1446 2025 πεπίστευκε,
1494 1962 1736 2034 χάριτος,
1792 1959 1915 2013 ἀπό-

317 2068 414 2109 νως
444 2050 640 2120 τρέχει,
696 2056 1028 2120 καταφρονῶν
1080 2054 1171 2108 τῆς
1212 2056 1303 2101 τοῦ
1335 2051 1532 2122 ἐχθροῦ
1584 2055 1794 2114 κακίας,
1829 2049 1918 2102 ἅτε

318 2133 387 2194 δή
438 2135 575 2199 ξένος
632 2137 816 2197 ἐκεῖνος
874 2141 963 2189 καὶ
1021 2137 1396 2210 λελυτρωμένος
1452 2147 1551 2190 τῶν
1615 2141 1793 2192 παθῶν
1852 2146 1913 2211 τῇ

314 2231 408 2277 τοῦ
448 2232 683 2300 Χριστοῦ
729 2226 917 2297 χάριτι
944 2242 957 2256 ο
994 2228 1167 2300 ὥσπερ
1195 2230 1296 2299 γὰρ
1346 2229 1394 2279 οἱ
1424 2230 1501 2280 τάι
1530 2231 1733 2300 πονηρά
1772 2230 1913 2287 πάθη

315 2311 412 2368 διὰ
439 2323 535 2375 τῆς
585 2323 686 2366 τῶν
736 2315 904 2367 καλῶν
950 2316 1213 2390 ῥαθυμίας
1261 2324 1323 2389 τῇ
1371 2316 1563 2369 ἑαυτῶν
1614 2316 1921 2389 έπεισάγον-

313 2423 395 2466 τες
416 2404 464 2475 δ)
490 2406 663 2475 φύσει,
695 2408 785 2456 καὶ
843 2402 1197 2477 διατρίϐοντες
1248 2405 1296 2457 ἓν
1327 2406 1501 2467 αὐτοῖς
1544 2409 1672 2479 μετά
1715 2414 1917 2481 χαράςι

313 2492 609 2546 ἐπιτελοῦσι
664 2490 862 2566 ῥᾳδίως
915 2495 1087 2568 ὥσπερ
1142 2497 1255 2549 τινὰ
1312 2497 1533 2567 ἔμφυτον
1592 2493 1785 2554 ἡδονήν
1830 2502 1920 2550 καὶ

313 2582 532 2646 οἰκείαν,
578 2585 928 2657 καρπούμενοι
976 2582 1265 2646 πλεονεξίαν
1311 2590 1402 2637 καὶ
1452 2588 1539 2637 τόν
1597 2587 1777 2658 φθόνον
1831 2592 1922 2639 καὶ

320 2677 413 2731 τήν
472 2676 728 2745 πονηρίαν
771 2676 858 2724 καὶ
903 2675 968 2725 τα
1020 2672 1176 2725 λοιπά
1240 2676 1371 2748 μέρη
1422 2682 1516 2737 τῆς
1565 2674 1923 2747 ἀντικειμένης

320 2766 527 2826 κακίας,
560 2761 717 2821 οὕτως
761 2765 853 2813 καὶ
881 2763 930 2813 οἱ
980 2769 1073 2813 τοῦ
1103 2770 1337 2834 Χριστοῦ
1393 2769 1482 2816 καὶ
1534 2772 1629 2836 τῇς
1678 2764 1922 2826 ἀληθείας

316 2849 534 2925 ἐργάται
583 2848 677 2903 διά
724 2870 778 2904 τε
807 2858 902 2912 τῆς
959 2855 1184 2914 πίστεως
1212 2858 1302 2905 καὶ
1355 2861 1454 2905 τῶν
1485 2862 1576 2914 τῆς
1624 2854 1806 2928 ἀρετῆς
1832 2860 1921 2907 πό-

315 2960 413 2991 νων
458 2942 525 2991 τα
549 2942 673 3014 ὑπὲρ
704 2945 797 2998 τὴν
848 2943 1001 3013 φύσιν
1049 2941 1216 2993 αὐτῶν
1271 2940 1445 3013 ἀγαθά
1496 2946 1638 3015 παρὰ
1685 2950 1779 3005 τῆς
1832 2952 1924 2996 τοῦ

324 3030 613 3099 πνεύματος
649 3032 869 3103 χάριτος
912 3028 1026 3103 μεθ’
1074 3026 1269 3092 ἡδονῆς
1310 3030 1537 3106 ἀρρήτου
1577 3040 1921 3106 καρποῦνται,

323 3120 415 3169 καὶ
482 3117 674 3179 ἀπόνως
742 3118 1034 3173 ἐπιτελοῦσι
1092 3123 1183 3178 τήν
1264 3118 1452 3173 ἄδολον
1526 3128 1619 3174 καὶ
1675 3123 1924 3195 ἄτρεπτον

320 3210 523 3275 πίστιν,
574 3212 668 3266 τήν
724 3207 1091 3281 ἀμετάπτωτον
1130 3210 1358 3284 εἰρήνην,
1409 3215 1502 3270 τήν
1534 3215 1691 3274 ὅντως
1735 3212 1925 3284 ἀγαθό-

317 3315 478 3363 τητα,
532 3299 597 3349 τά
652 3316 708 3349 τε
760 3297 917 3350 λοιπά
965 3300 1151 3364 πάντα,
1208 3294 1283 3351 δι’
1349 3298 1414 3351 ὧν
1471 3300 1626 3372 ψυχή
1679 3307 1925 3376 κρείττων

326 3388 522 3446 ἑαυτῆς
576 3390 818 3456 γινομένη
888 3393 975 3454 καί
1032 3396 1126 3450 τῆς
1192 3396 1283 3440 τοῦ
1341 3391 1537 3463 ἐχθροῦ
1597 3388 1927 3466 δυνατωτέρα

327 3476 541 3539 κακίας,
617 3473 913 3548 οἰκητήριον
987 3478 1213 3552 καθαρόν
1295 3478 1481 3537 ἑαυτήν
1558 3484 1780 3555 παρέχει
1856 3492 1927 3553 τῷ

325 3571 675 3635 προσκυνητῷ
731 3568 819 3616 καὶ
849 3563 980 3637 ἁγίῳ
1022 3570 1296 3639 πνεύματι,
1326 3569 1450 3640 παρ’
1500 3568 1560 3620 οὗ
1603 3574 1695 3628 τήν
1738 3570 1927 3623 ἀθάνα-

323 3671 414 3704 τον
466 3660 557 3704 τοῦ
615 3654 840 3725 Χριστοῦ
909 3654 1144 3709 λαϐοῦσα
1200 3657 1428 3731 εἰρήνην,
1485 3660 1801 3711 συνάπτεται
1856 3653 1928 3713 δι’

322 3745 490 3803 αὐτῆς
545 3746 633 3793 καὶ
689 3744 1077 3815 προσκολλάται
1106 3746 1177 3816 τῷ
1207 3751 1371 3820 κυρίῳ
1404 3763 1419 3779 ⁸
1452 3746 1689 3800 λαϐοῦσα
1738 3746 1797 3802 δὲ
1842 3754 1929 3807 τὴν

321 3837 416 3882 τοῦ
464 3833 757 3903 πνεύματος
808 3835 971 3905 χάριν
1019 3839 1109 3886 καὶ
1140 3834 1451 3893 κολληθείσα
1479 3845 1548 3907 τῷ
1590 3839 1705 3900 θεῶ,
1739 3843 1828 3890 καὶ
1859 3838 1931 3900 εἰς

322 3919 373 3971 ἓν
432 3926 638 3990 πνεῦμα
688 3921 798 3991 μετ’
849 3921 1009 3974 αύτοῦ
1061 3928 1328 3994 γενομένη,
1391 3924 1451 3976 ού
1504 3930 1658 3997 μόνον
1710 3929 1775 3978 τα
1840 3935 1931 3988 τῆς

326 4007 524 4071 οἰκείας
576 4007 765 4082 ἀρετῆς
794 4012 922 4081 ἔργα
974 4007 1175 4084 ῥαδίως
1226 4011 1462 4079 ἐπιτελεῖ,
1519 4012 1685 4085 μηδεν
1746 4014 1932 4087 ἀγωνι-

327 4095 517 4166 ζομένη
574 4100 705 4169 πρὸς
763 4101 849 4148 τόν
904 4097 1095 4172 ἐχθρόν
1144 4108 1234 4151 τοῦ
1288 4106 1533 4174 κρείττων
1589 4110 1682 4163 τῆς
1738 4103 1928 4156 ἐκείνου

326 4186 612 4257 τυγχάνειν
675 4185 972 4252 ἐπιϐουλῆς,
1034 4187 1162 4241 ἀλλά
1228 4192 1284 4240 τό
1343 4191 1545 4242 πάντων
1601 4191 1799 4263 μεῖζον,
1869 4196 1935 4246 τὰ

326 4280 421 4325 τοῦ
477 4281 713 4346 σωτῆρος
766 4275 839 4336 εἰς
891 4274 1076 4334 ἑαυτήν
1134 4274 1452 4348 ἀναδέχεται
1497 4280 1662 4345 πάθη,
1715 4286 1803 4333 καὶ
1862 4283 1932 4333 ἐν-

327 4367 502 4433 τρυφᾷ
551 4365 750 4423 τούτοις
793 4364 939 4416 πλέον
993 4366 1023 4423 ἣ
1084 4368 1132 4417 οἱ
1184 4368 1397 4439 ἐρασταὶ
1453 4375 1544 4419 τοῦ
1581 4367 1703 4440 βίου
1746 4374 1932 4424 τούτου

326 4458 444 4511 ταῖς
488 4454 635 4525 παρά
672 4461 771 4504 τῶν
818 4452 1098 4527 ἀνθρὼπων
1138 4463 1313 4527 τιμαῖς
1361 4462 1450 4509 καὶ
1491 4453 1667 4520 δόξαις
1698 4465 1785 4512 καὶ
1837 4458 1934 4513 δυ-

328 4545 594 4600 ναστείαις
642 4556 655 4569 ·
724 4553 1050 4616 χριστιανών
1111 4548 1212 4617 γὰρ
1271 4542 1364 4598 διὰ
1420 4547 1683 4607 πολιτείας
1738 4548 1936 4619 ἀγαθῆς

328 4635 423 4679 καὶ
464 4636 561 4691 τῆς
614 4637 706 4682 τοῦ
745 4635 1035 4703 πνεύματος
1091 4631 1309 4708 δωρεας,
1365 4634 1436 4696 εἰς
1484 4639 1542 4688 τό
1606 4645 1700 4697 τῆς
1750 4648 1936 4700 νοητῆς

336 4714 539 4777 ἡλικίας
579 4724 785 4793 μέτρον,
828 4730 923 4781 τῆς
977 4718 1259 4794 δεδομένης
1309 4723 1473 4785 αὐτῆς
1521 4726 1761 4800 χάριτος,
1814 4747 1935 4799 προ-

340 4805 581 4857 ελθόντων
632 4804 765 4863 δόξα
794 4814 884 4862 καὶ
916 4816 1079 4884 τρυφή
1116 4817 1205 4865 καὶ
1254 4815 1423 4873 πάσης
1466 4810 1663 4876 ἡδονῆς
1692 4820 1935 4888 κρείττων

337 4891 624 4959 ἀπόλαυσις
675 4900 731 4949 τό
760 4901 1037 4969 μισεῖσθαι
1086 4897 1179 4953 διὰ
1232 4906 1484 4978 Χριστόν,
1515 4906 1570 4956 τὸ
1614 4903 1934 4969 ἐλαύνεσθαι,

333 4986 393 5036 τό
452 4989 624 5037 πᾶσαν
676 4984 824 5059 ὕϐριν
875 4993 962 5041 καὶ
994 4988 1258 5061 αἰσχύνην
1297 4992 1423 5063 ὑπὲρ
1466 5001 1560 5055 τῆς
1602 4992 1673 5055 εἰς
1716 4994 1826 5047 θεὸν
1856 4998 1940 5046 πί-

336 5091 497 5133 στεως
544 5074 811 5147 ὑπομένειν
848 5090 861 5103 '
900 5085 990 5138 τῆς
1058 5081 1159 5154 γὰρ
1220 5076 1425 5143 ἐλπίδος
1479 5081 1597 5143 ὅλης
1649 5084 1808 5144 οὔσης
1866 5091 1937 5154 τῷ

2025 1879 2083 1929 et
2102 1871 2388 1928 malitiam
2408 1878 2464 1927 et
2478 1877 2702 1927 ceteras
2724 1877 2922 1943 partes
2941 1870 3319 1926 adversariae
3336 1866 3675 1940 pravitatis;

2028 1962 2105 2018 ita
2133 1970 2186 2017 et
2204 1961 2413 2018 Christi
2440 1968 2494 2015 et
2525 1960 2787 2016 veritatis
2808 1960 3062 2016 cultores
3086 1976 3189 2031 per
3216 1958 3397 2013 fidem
3421 1962 3477 2012 et
3498 1956 3681 2010 virtu-

2028 2051 2102 2105 tis
2128 2050 2365 2106 labores
2391 2050 2551 2105 bona
2576 2066 2687 2104 sua
2719 2048 3195 2121 supernaturalia
3227 2062 3364 2101 cum
3391 2042 3680 2100 ineffabili

2030 2140 2250 2210 gaudio
2281 2138 2657 2203 fructiﬁcant,
2688 2144 2744 2194 et
2773 2138 2899 2193 sine
2925 2137 3130 2193 labore
3154 2136 3452 2191 sinceram
3482 2139 3535 2188 et
3564 2133 3677 2187 im-

2030 2230 2314 2286 mobilem
2330 2228 2509 2283 tidem
2533 2227 2862 2300 perﬁciunt,
2879 2225 3316 2282 immutabilem
3337 2238 3567 2296 pacem,
3586 2237 3680 2275 ve-

2030 2336 2160 2375 ram
2189 2319 2540 2385 bonitatem,
2573 2323 2628 2373 et
2659 2322 2849 2372 cetera
2874 2317 3099 2381 omnia,
3128 2313 3349 2387 quibus
3381 2311 3588 2367 anima
3616 2325 3679 2364 se

2032 2411 2161 2482 ipsa
2182 2407 2573 2472 meliorfacta,
2590 2410 2647 2461 et
2666 2405 2866 2461 fortior
2883 2403 3211 2461 adversarii
3228 2402 3470 2465 malitia,
3490 2399 3682 2454 taber-

2032 2499 2315 2555 naculum
2334 2514 2546 2568 purum
2564 2512 2625 2551 se
2638 2496 2830 2567 ipsam
2846 2494 3083 2549 exhibet
3097 2490 3386 2548 adorabili
3400 2495 3455 2545 et
3472 2492 3681 2543 sancto

2035 2588 2295 2662 Spiritui,
2328 2605 2363 2643 a
2392 2604 2512 2659 quo
2540 2584 2942 2641 immortalem
2974 2581 3183 2637 Christi
3206 2596 3415 2653 pacem
3445 2576 3682 2649 accipit,

2034 2695 2139 2752 per
2168 2694 2352 2750 quam
2391 2676 2654 2746 iungitur
2688 2680 2744 2729 et
2770 2672 3082 2745 copulatur
3122 2669 3393 2752 Domino.
3429 2669 3685 2737 Accepta

2035 2774 2235 2824 autem
2274 2766 2522 2838 Spiritus
2565 2764 2774 2835 gratia,
2816 2769 2872 2817 et
2904 2763 3023 2817 Deo
3072 2760 3391 2815 coniuncta
3430 2759 3489 2811 et
3530 2769 3685 2808 unus

2037 2858 2286 2929 Spiritus
2314 2872 2451 2911 cum
2484 2870 2554 2910 eo
2581 2855 2754 2917 facta,
2784 2868 2904 2907 non
2929 2850 3121 2906 solum
3149 2846 3429 2919 propriae
3455 2841 3686 2899 virtutis

2035 2963 2219 3019 opera
2240 2945 2409 3001 facile
2443 2943 2690 3015 perﬁcit,
2715 2941 2859 2996 nihil
2882 2946 3114 2995 certans
3140 2943 3347 2993 contra
3374 2932 3686 2989 inimicum

2038 3043 2100 3090 ut
2143 3035 2344 3090 fortior
2383 3034 2487 3088 tiat
2533 3032 2688 3087 illius
2726 3029 2979 3095 insidiis,
3020 3027 3146 3092 sed,
3194 3024 3358 3097 quod
3412 3020 3687 3079 omnium

1968 3144 2007 3199 ρ
2040 3125 2370 3181 maximum
2409 3127 2519 3189 est,
2564 3120 2885 3177 Salvatoris
2922 3116 3234 3189 passiones
3275 3114 3333 3168 in
3376 3127 3438 3165 se
3486 3110 3685 3181 ipsam

2036 3215 2308 3286 suscipit,
2328 3212 2454 3270 etin
2475 3210 2585 3267 illis
2603 3208 2796 3279 magis
2810 3206 3153 3270 delectatur,
3173 3217 3355 3275 quam
3382 3202 3682 3255 amatores

2036 3304 2185 3359 vitae
2211 3304 2388 3359 huius
2420 3296 3047 3356 humanishonoribus
3078 3298 3132 3348 et
3158 3291 3349 3362 gloria
3378 3293 3433 3343 et
3462 3286 3684 3356 regnis.

2038 3392 2382 3450 Christianis
2412 3391 2568 3445 enim
2597 3405 2702 3461 per
2725 3388 2946 3443 bonam
2971 3380 3484 3439 conversationem
3508 3382 3563 3431 et
3585 3377 3689 3430 do-

2038 3499 2182 3538 num
2205 3480 2453 3552 Spiritus
2476 3479 2661 3535 sancti
2696 3477 2753 3531 in
2781 3471 3194 3531 intellectualis
3220 3468 3427 3525 aetatis
3451 3480 3691 3521 mensu-

2038 3565 2881 3640 ram,gratiam,inquam,ipsis
2895 3563 3097 3618 datam
3110 3558 3419 3633 ,provectis
3434 3555 3622 3627 gloria
3638 3557 3693 3607 et

2039 3661 2283 3717 deliciae
2296 3664 2353 3714 et
2367 3658 2531 3713 omni
2551 3655 2917 3711 iucunditate
2933 3651 3140 3706 melior
3153 3648 3431 3719 voluptas
3446 3650 3532 3699 est
3551 3642 3689 3699 odio

2038 3750 2246 3805 haberi
2262 3753 2489 3820 propter
2502 3745 2821 3806 Christum,
2838 3743 3263 3807 tundi,omnem
3280 3733 3688 3791 contumeliam

2041 3846 2095 3894 et
2133 3837 2527 3910 ignominiam
2560 3839 2801 3906 propter
2835 3831 3018 3885 ﬁdem
3052 3829 3109 3883 in
3155 3831 3339 3882 Deum
3375 3824 3691 3879 sustinere.

2042 3929 2237 3993 Quum
2262 3926 2422 3981 enim
2455 3940 2591 3996 spes
2612 3920 2811 3977 omnis
2840 3920 2976 3974 huic
3000 3918 3074 3972 sit
3104 3918 3163 3971 in
3186 3912 3614 3969 resurrectione
3639 3914 3694 3963 et

2041 4016 2253 4072 futuris
2269 4014 2442 4069 bouis
2466 4012 2680 4083 posita,
2696 4007 3059 4065 contumelia
3084 4003 3282 4060 omnis
3305 4006 3362 4057 et
3379 3998 3614 4069 ﬂagella
3637 4004 3695 4052 et

2045 4106 2222 4177 219
2256 4102 2693 4175 persecutiones
2724 4104 2780 4152 et
2806 4103 3035 4151 ceterae
3065 4094 3375 4165 passiones
3401 4101 3591 4159 usque
3616 4084 3695 4140 ad

2043 4175 2280 4250 crucem
2312 4206 2524 4247 omnes
2555 4188 2801 4243 deliciae
2830 4191 2885 4240 et
2921 4184 3153 4256 requies
3184 4185 3240 4237 et
3270 4180 3524 4251 pignora
3555 4175 3696 4229 sunt

2044 4282 2384 4339 coelestium
2418 4280 2856 4333 thesaurorum.
2901 4272 3074 4328 Beati
3103 4271 3262 4326 enim
3293 4267 3443 4330 estis,
3477 4261 3692 4335 inquit,

2044 4389 2175 4428 cum
2187 4368 2598 4427 τηαιεάίτενὶηι
2616 4365 2767 4421 vobis
2781 4372 2829 4421 et
2842 4361 3129 4435 persecuti
3143 4375 3238 4416 vos
3247 4356 3479 4429 fuerint
3496 4367 3696 4410 omnes

2044 4461 2318 4517 homines
2332 4466 2383 4514 et
2397 4457 2842 4513 dixerintomne
2855 4453 3079 4507 malum
3092 4450 3409 4505 adversum
3427 4460 3525 4499 vos
3538 4458 3698 4498 men-

2047 4554 2264 4611 tientes.
2281 4555 2604 4619 propterme
2614 4566 2636 4614 ;
2645 4544 2888 4613 gaudete
2900 4546 2953 4598 et
2967 4541 3250 4601 exultate,
3266 4534 3533 4606 quoniam
3548 4545 3700 4586 mer-

2046 4654 2136 4695 ces
2154 4644 2350 4694 vestra
2364 4636 2599 4703 copiosa
2612 4642 2692 4690 est
2708 4633 2770 4687 in
2792 4631 2965 4688 caelis
2987 4630 3089 4700 (t).
3118 4630 3179 4682 Et
3194 4622 3538 4696 Apostolus:
3564 4620 3698 4674 Non

2046 4729 2234 4783 solum
2250 4733 2468 4789 autem,
2485 4724 2586 4780 sed
2602 4730 2655 4778 et
2669 4723 2996 4793 gloriantes
3013 4718 3074 4773 in
3092 4711 3579 4772 tribulationibus
3594 4708 3697 4779 (2);

2046 4827 2103 4872 et
2119 4816 2261 4872 alibi
2280 4833 2293 4871 :
2321 4815 2598 4870 Libenter
2617 4812 2804 4882 igitur
2829 4807 3140 4880 gloriabor
3155 4805 3217 4860 in
3241 4798 3697 4871 inﬁrmitatibus

2048 4905 2209 4973 meis,
2232 4910 2293 4959 ut
2315 4903 2604 4961 inhabitet
2615 4902 2677 4956 in
2696 4916 2785 4956 me
2798 4899 2983 4955 virtus
3003 4894 3249 4953 Christi.
3271 4887 3698 4962 Propterquod

2044 4995 2255 5065 placeo
2273 4991 2419 5048 mihi
2437 4992 2497 5046 in
2522 4987 2989 5057 inﬁrmitatibus,
3011 4986 3074 5041 in
3096 4979 3489 5042 contumeliis.
3513 4978 3576 5033 in
3598 4991 3701 5033 ne-

2050 5081 2434 5147 cessitatibus,
2452 5083 2514 5135 in
2528 5079 2893 5143 carceribus;
2913 5090 3043 5131 cum
3064 5074 3217 5129 enim
3238 5071 3533 5140 inﬁrmor,
3558 5074 3701 5122 tunc

1670 5225 1926 5280 VARIAE
1968 5224 2255 5281 LECTION
2266 5227 2343 5281 ES
2356 5266 2369 5280 .

416 5349 611 5405 ‘Cod.
675 5354 1139 5436 ypbvﬁpattrl)
1197 5354 1651 5436 Emend.,“cod.
1704 5354 2027 5436 τισηττεδῲν.
2062 5389 2129 5436 --Τ
2159 5358 2204 5429 3)
2256 5356 2526 5425 Emend.,
2584 5355 2719 5412 cod.
2770 5352 3079 5426 ἀκρότατον,
3124 5379 3190 5391 -ο
3241 5350 3286 5421 ι)
3342 5350 3522 5408 Corn,
3569 5342 3699 5400 cod.

335 5425 858 5496 παρασκωασμένος.
888 5456 958 5467 -
987 5425 1032 5488 ⁵)
1062 5425 1178 5483 Sic.
1210 5426 1347 5484 cod.
1383 5459 1449 5469 —
1477 5429 1525 5500 ⁸)
1557 5429 1741 5500 C0rr.,
1771 5430 1905 5487 cod.
1940 5425 2326 5502 ἐπεισάγονται.

1902 5572 2152 5631 NOTAE.

415 5688 495 5763 (ι)
526 5689 701 5750 Math.
728 5692 792 5761 ν,
830 5692 917 5750 tt.

2133 5697 2211 5770 (2)
2242 5698 2410 5757 Rom.
2441 5695 2509 5764 V,
2535 5698 2592 5754 3.
