4084 6256
385 294 491 351 439

1671 293 1731 349 S.
1780 290 2085 349 MACARII
2131 286 2464 344 AEGYPTII

3639 286 3740 341 440

384 426 597 492 potens
618 434 746 475 sum
761 417 931 491 (l).Et
950 419 1354 475 iterum:Sicut
1377 420 1485 476 Dei
1495 420 1756 475 ministri
1765 420 1828 474 in
1850 418 2043 473 multa

2163 416 2372 483 τοιούτῳ
2418 414 2544 486 πρὸς
2569 420 2629 485 τῇ
2680 410 2965 465 ἀναστάσει
3012 418 3101 465 καὶ
3153 421 3257 473 τοὶς
3304 411 3575 484 μέλλουσιν
3626 411 3754 481 ἀγα-

383 509 677 580 patienlia
690 509 953 580 (2).Haec
967 510 1117 563 enim
1135 510 1322 579 gratia
1339 510 1582 581 Spiritus
1599 516 1772 564 totam
1788 510 2043 564 animam

387 612 717 669 occupans,
750 604 805 652 et
844 596 1098 667 implens
1125 597 1556 652 habitationem
1596 598 1820 667 gaudio
1852 601 1908 651 et
1938 596 2045 649 vir-

387 689 533 750 tute,
565 685 770 741 dulces
797 686 987 740 reddit
1034 685 1269 740 animae
1310 686 1540 741 Domini
1577 686 1909 758 passiones,
1942 699 2046 754 spe

388 774 723 829 futurorum
757 774 1088 846 praesentis
1110 774 1331 829 doloris
1356 792 1598 829 sensum
1632 776 2044 843 exstinguens.

390 863 454 917 In
474 868 596 918 tam
618 863 918 918 excelsam
944 865 1120 933 igitur
1147 864 1416 918 virtutem
1443 871 1493 918 et
1515 863 1805 919 honorem
1830 877 2050 933 coope-

386 952 616 1007 ratione
649 953 901 1022 Spiritus
933 953 1240 1023 pervenire
1272 953 1579 1023 cupientes
1612 954 1690 1007 ita
1720 966 2046 1007 conversa-

388 1040 556 1105 mini,
602 1056 845 1095 omnem
886 1041 1157 1096 laborem
1191 1046 1248 1096 et
1296 1047 1600 1096 certamen
1642 1057 1778 1096 cum
1825 1039 2049 1109 gaudio

394 1131 742 1198 subeuntes,
760 1130 1335 1199 utdignivideamini
1350 1130 1782 1186 inhabitatione
1800 1129 2049 1201 Spiritus

389 1218 452 1274 in
470 1218 667 1285 nobis,
683 1224 738 1273 et
754 1218 1079 1274 hereditate
1102 1234 1241 1273 cum
1256 1219 1481 1275 Christo
1505 1234 1891 1291 nequaquam
1912 1218 2047 1273 elati

387 1322 585 1379 neque
598 1307 832 1363 levitate
848 1307 1140 1373 dissoluti,
1158 1314 1219 1363 nt
1244 1324 1435 1380 neque
1450 1309 1562 1378 ipsi
1578 1308 1828 1377 cadatis,
1854 1322 2047 1378 neque

392 1396 522 1451 aliis
568 1403 841 1451 auctores
875 1396 1098 1466 peccati
1150 1396 1324 1451 ﬁalis.
1363 1398 1415 1451 Si
1445 1396 1549 1466 qui
1592 1412 1730 1451 vero
1777 1396 2046 1451 nondum

392 1500 667 1539 summae
699 1485 987 1539 orationis
1012 1484 1301 1540 habentes
1333 1489 1624 1547 tenorem,
1659 1499 1853 1554 neque
1884 1483 2045 1537 debi-

395 1576 519 1627 tam
545 1571 683 1627 huic
706 1573 868 1643 operi
894 1573 1265 1641 diligentiam
1293 1578 1348 1629 et
1373 1573 1670 1637 virtutem,
1701 1572 1814 1627 hac
1841 1573 2048 1626 virtute

393 1660 837 1716 destituuntur:
867 1662 924 1716 in
948 1662 1156 1717 ceteris
1184 1662 1917 1732 impleantobedientiam,
1940 1675 2049 1732 pro

394 1748 619 1804 viribus
666 1750 1007 1813 servientes,
1049 1750 1322 1806 lubenter
1360 1757 1701 1822 operantes,
1737 1750 2049 1818 diligenter
2083 1770 2119 1822 Β

393 1838 800 1894 ministrantes
850 1855 988 1893 cum
1021 1839 1263 1907 gaudio,
1298 1856 1417 1894 non
1463 1839 1735 1895 mercede
1779 1837 2043 1903 honoris,

390 1942 587 1998 neque
617 1934 858 2000 propter
890 1928 1221 1984 humanam
1257 1928 1531 1998 gloriam,
1576 1944 1769 1999 neque
1804 1933 2048 1999 propter

395 2014 712 2071 mollitiam
732 2016 819 2072 vel
835 2018 1171 2072 socordiam
1192 2016 1429 2073 labores
1450 2019 1834 2079 remittentes,
1855 2032 2047 2088 neque

392 2107 462 2158 ut
482 2103 690 2159 alienis
711 2104 1068 2174 corporibus
1087 2111 1142 2160 et
1158 2105 1481 2161 animabus
1504 2106 1680 2176 220
1706 2105 2045 2167 servientes,

396 2192 504 2247 sed
537 2197 599 2247 ut
631 2192 843 2248 Christi
875 2194 1086 2256 servis,
1116 2199 1177 2249 ut
1208 2195 1426 2249 nostris
1461 2194 1813 2258 visceribus,
1856 2199 1915 2248 ut
1940 2210 2050 2265 pu-

394 2295 530 2335 rum
580 2285 635 2336 et
665 2282 963 2336 sincerum
1007 2299 1163 2353 opus
1209 2290 1470 2338 vestrum
1515 2290 1805 2356 appareat
1845 2298 2048 2339 coram

396 2369 535 2424 Deo.
556 2372 741 2425 Nemo
760 2386 897 2425 vero
912 2371 984 2426 de
1006 2371 1299 2426 bonorum
1320 2388 1570 2443 operum
1598 2372 1794 2426 studio
1807 2372 2045 2435 dictitet,

394 2473 520 2513 non
568 2474 746 2529 posse
782 2474 843 2513 se
876 2459 1157 2531 perﬁcere
1188 2476 1258 2514 ea
1302 2477 1457 2530 quae
1491 2462 1755 2516 animam
1799 2460 2046 2515 salvent.

396 2549 598 2617 Neque
629 2547 788 2601 enim
823 2550 972 2602 Deus
994 2547 1391 2617 impossibilia
1418 2550 1669 2619 iniungit
1701 2550 1912 2618 servis,
1944 2550 2048 2604 sed

393 2639 517 2689 tam
540 2634 954 2691 abundantem
979 2642 1032 2690 et
1054 2636 1288 2704 largum
1308 2639 1855 2694 ostenditamorem
1880 2644 1933 2692 et
1951 2639 2052 2693 bo-
2100 2634 2105 2637 “

395 2722 644 2777 nitatem
686 2724 947 2789 Deitatis,
990 2731 1045 2780 et
1087 2726 1409 2797 unicuique
1447 2742 1555 2797 pro
1595 2727 1898 2782 voluntate
1943 2744 2053 2783 sua

400 2810 625 2865 tribuat
640 2811 785 2866 boni
808 2812 1036 2883 aliquid
1059 2814 1252 2869 facere
1272 2830 1471 2885 posse,
1495 2821 1552 2870 et
1574 2831 1773 2880 nemo,
1801 2816 1903 2887 qui
1930 2821 2052 2871 stu-

399 2898 568 2953 dium
600 2899 781 2955 habet
818 2901 1045 2964 salutis,
1079 2908 1369 2973 potestate
1409 2909 1623 2958 careat.
1669 2904 2050 2974 Quicumque,

398 2987 813 3060 inquit,potum
828 2990 1053 3047 dederit
1072 3006 1265 3062 aquae
1278 2992 1546 3061 frigidae
1559 2994 1619 3048 in
1637 2994 1871 3049 nomine
1881 2993 2055 3048 disci-

2161 505 2285 567 θοῖς,
2318 500 2467 575 ὕϐρις
2513 507 2661 553 πᾶσα
2690 506 2778 553 καὶ
2827 512 3082 573 μάστιγες
3132 507 3221 554 καὶ
3272 497 3499 573 διωγμοὶ
3556 505 3649 552 καὶ
3693 503 3760 553 τὰ

2156 591 2314 643 λοιπά
2343 592 2482 647 πάθη
2523 594 2687 662 μέχρι
2726 598 2818 642 τοῦ
2850 599 3081 663 σταυροῦ
3111 594 3281 643 πάντα
3313 593 3478 665 τρυφὴ
3511 593 3601 640 καὶ
3635 586 3756 639 ἀνά-

2156 700 2353 741 παυσις
2378 685 2467 732 καὶ
2505 688 2604 731 τῶν
2634 679 2884 754 οὐρανίων
2929 679 3153 755 ἐνέχυρα
3202 682 3478 751 θησαυρῶν
3502 695 3514 707 ·
3549 680 3751 749 μακά-

2156 789 2297 842 ριοι
2334 772 2433 843 γάρ
2467 771 2631 840 ἐστε,
2688 774 2864 840 φησίν,
2919 771 3066 821 ὅταν
3106 766 3533 822 ὀνειδίσωσιν
3591 768 3757 837 ὑμᾶς

2157 864 2263 911 xui
2298 855 2516 920 διώξω
2536 877 2599 909 σι
2628 861 2811 919 πάντες
2852 861 2900 910 οἱ
2930 860 3210 932 ἄνθρωποι,
3236 864 3343 910 καὶ
3374 860 3605 909 εἴπωσι
3636 862 3748 907 πᾶν

2157 952 2441 1020 πονηρόν
2476 948 2657 1019 ῥῆμα
2694 949 2826 999 καθ’
2872 949 3061 1020 ὑμῶν,
3088 944 3511 1019 ψευδόμεν[οι,
3543 946 3756 997 ἕνεκεν

2158 1036 2422 1108 έ]μοῦ¹)⁶
2455 1038 2797 1107 χαίρετε²)
2828 1042 2939 1088 καὶ
2979 1035 3401 1108 ἀγαλλιᾶσθε,
3435 1034 3535 1086 ὁτι
3564 1034 3591 1085 ὁ
3620 1052 3763 1104 μισ-

2162 1127 2269 1186 θός
2308 1126 2479 1195 ὑμῶν
2520 1125 2719 1187 πολὺς
2760 1125 2817 1176 έν
2857 1131 2994 1186 τοῖς
3033 1125 3340 1198 οὐρανοῖς
3373 1145 3385 1156 ·
3420 1122 3566 1174 καὶὸ
3597 1119 3765 1174 ἀπόσ-

2160 1213 2331 1273 τολος·
2389 1213 2455 1265 οὐ
2495 1218 2687 1285 μόνον
2727 1210 2817 1279 δέ,
2872 1213 3026 1265 ἀλλά
3075 1218 3183 1265 xui
3220 1218 3638 1283 καυχώμενοι
3698 1209 3755 1262 έν

2160 1310 2301 1361 ταῖς
2340 1301 2624 1372 θλίψεσι.
2657 1307 2745 1355 καὶ
2775 1302 3009 1374 ἀλλαχοῦ
3035 1320 3047 1332 ·
3078 1298 3330 1361 ἣδιστα
3367 1296 3476 1352 οὖν
3514 1304 3761 1370 καυχή-

2164 1411 2360 1462 σομαι
2405 1391 2461 1442 έν
2500 1398 2642 1453 ταῖς
2681 1390 3051 1451 ἀσθενείαις
3080 1410 3219 1462 μου,
3252 1392 3353 1441 ἵνα
3390 1391 3757 1445 ἐπισκηνώ-

2164 1500 2238 1553 σῃ
2280 1479 2550 1552 ἐτι-’ἐμὲή
2587 1476 2866 1552 δύναμις
2905 1488 3017 1532 τοῦ
3058 1474 3513 1551 Χριστοῦ·διὸ
3544 1474 3763 1529 εῦδκῶ

2161 1569 2217 1621 ἐν
2254 1568 2646 1633 ἀσθενείαις,
2682 1568 2738 1621 έν
2778 1568 3064 1640 ὕϐρεσιν,
3095 1568 3153 1620 ἐν
3194 1568 3526 1638 ἀνάγκαις,
3559 1564 3616 1617 έν
3654 1585 3757 1637 φυ-

2160 1658 2414 1720 λακαῖς⁶
2446 1660 2588 1711 ὅταν
2625 1662 2743 1732 γάρ
2786 1658 3056 1719 ἀσθενῶ,
3090 1662 3231 1709 τότε
3270 1654 3547 1717 δυνατός
3585 1655 3749 1725 εἰμι·

2160 1753 2249 1800 xui
2276 1748 2452 1799 πάλιν·
2483 1750 2560 1808 ὡς
2593 1750 2735 1799 θεοῦ
2767 1744 3067 1799 διάκονοι
3105 1746 3162 1799 έν
3193 1747 3481 1817 ὑπομονῇ
3524 1744 3757 1815 πολλῇο

2160 1838 2292 1895 αῦτη
2325 1840 2423 1909 γὰρ
2452 1840 2481 1895 ἡ
2510 1839 2672 1909 χάρις
2698 1844 2787 1889 τοῦ
2808 1840 3097 1907 πνεύματος
3137 1836 3256 1893 ὃλην
3281 1842 3637 1905 κατασχοῦσα
3660 1837 3755 1889 τὴν

2159 1928 2344 1998 ψυχὴν
2375 1932 2461 1978 xui
2488 1926 2818 1997 πληρώσασα
2837 1929 2893 1977 τό
2920 1924 3222 1997 οἰκητήριον
3246 1932 3337 1986 τῆς
3362 1924 3683 1997 εὐφροσύνης
3702 1940 3757 1973 τε

2159 2022 2247 2067 καὶ
2274 2013 2561 2087 δυνάμεως,
2592 2014 2786 2085 γλυκέα
2807 2015 2850 2081 ³)
2881 2022 3018 2066 ποιεῖ
3047 2021 3108 2085 τῇ
3143 2013 3297 2085 ψυχῇ
3350 2014 3415 2063 τά
3453 2019 3545 2063 τοῦ
3576 2015 3767 2085 κυρίου

2161 2108 2467 2175 παθήματα,
2500 2111 2560 2176 τῇ
2595 2112 2692 2155 τῶν
2714 2102 2995 2175 μελλόντων
3026 2099 3203 2155 ἑλπίδι
3228 2110 3320 2161 τῆς
3346 2104 3617 2174 παρούσης
3644 2096 3777 2151 ὁδὺο

2159 2214 2251 2256 νης
2272 2194 2566 2265 ἀφαιροῦσα
2586 2196 2678 2250 τὴν
2702 2194 2973 2250 αἴσθησιν,
3001 2194 3071 2253 ὡς
3096 2187 3183 2243 οὖν
3210 2190 3295 2262 ἐφ’.
3311 2191 3476 2252 οὕτως
3498 2188 3706 2260 ὑψηλὴν
3726 2188 3771 2258 ⁸)

2165 2281 2384 2354 δύναμιν
2417 2286 2503 2333 καὶ
2535 2278 2691 2343 δόξαν
2722 2280 2983 2353 μέλλοντες
3036 2279 3228 2332 ἀνιέναι
3258 2285 3317 2351 τῇ
3354 2282 3626 2351 συνεργείᾳ
3672 2284 3769 2328 τοῦ

2160 2374 2470 2442 πνεύματος,
2543 2369 2723 2441 ο[ὗ]τω
2805 2369 3136 2421 πολιτεύεσθε
3169 2369 3234 2437 ⁵),
3315 2364 3538 2440 πάντ[α]
3614 2370 3773 2417 πόνον

2160 2465 2248 2511 καὶ
2322 2458 2497 2529 ἀγῶνα
2550 2456 2729 2531 με[τά]
2786 2457 3011 2531 χα[ρᾶ]ς
3069 2457 3431 2528 ὑφιστάμενοι,
3502 2458 3627 2528 πρὸς
3684 2452 3776 2527 [τὸ

2161 2548 2332 2619 οῐξι]οι
2367 2556 2587 2620 φανῆναι
2636 2548 2752 2618 τῆ[ς
2791 2546 2864 2620 ἐ]ν
2917 2549 3041 2618 ἡμῖν
3089 2542 3371 2617 ἐπιδημίας
3401 2552 3492 2596 τοῦ
3544 2546 3779 2614 πνεύμα-

2162 2657 2269 2701 τος,
2322 2641 2411 2688 καὶ
2456 2646 2549 2697 τῆς
2580 2638 2711 2708 μετὰ
2740 2644 2830 2688 τοῦ
2888 2637 3119 2707 Χριστοῦ
3150 2633 3541 2707 κλη[ρονομίας]
3570 2632 3612 2703 ⁸)
3663 2652 3777 2704 μη-

2164 2723 2338 2798 δαμοῦ
2387 2728 2757 2797 χαυνούμενοι,
2809 2722 2948 2797 μηδὲ
2980 2724 3293 2797 ἐκλυόμενοι,
3352 2722 3452 2775 ἀπὸ
3483 2723 3772 2796 ῥαθυμίας,

2164 2818 2293 2889 πρὸς
2324 2819 2378 2867 τό
2423 2820 2551 2886 μήτε
2594 2814 2744 2865 αὐτοὶ
2796 2821 2989 2879 πεσεῖν,
3050 2822 3181 2885 μητι
3226 2819 3335 2874 τοῖς
3386 2810 3557 2871 ἄλλοις
3604 2813 3767 2862 αἴτιοι

2165 2912 2256 2957 τοῦ
2308 2905 2621 2977 ἁμαρτάνειν
2668 2905 2931 2975 γενέσθαι.
2989 2903 3033 2954 εἰ
3064 2899 3123 2955 δέ
3174 2922 3299 2962 τινες
3346 2907 3507 2974 μήπω
3538 2903 3616 2952 τὸν
3667 2906 3763 2960 τῆς

2167 2996 2333 3067 ἄκρας
2393 2994 2555 3065 εὐχῆς
2613 2996 2819 3065 ἔχοντες
2878 2998 3038 3056 τόνον,
3101 2988 3241 3063 μηδὲ
3296 2996 3387 3048 τὴν
3443 2990 3775 3062 οφειλομένην

395 3078 544 3147 puli,
559 3092 731 3134 amen
747 3078 878 3134 dico
896 3080 1072 3135 vobis.
1090 3096 1210 3136 non
1221 3082 1419 3150 perdet
1435 3081 1750 3138 mercedem
1766 3097 1934 3137 suam
1949 3081 2050 3153 (3).

2168 3104 2238 3155 τῳ
2281 3085 2556 3154 πράγματι
2601 3079 2841 3140 σπουδήν
2873 3101 2925 3134 τε
2955 3086 3045 3133 καὶ
3092 3078 3337 3152 δύναμιν,
3392 3078 3781 3150 ἀπολιμπάνονο

402 3164 554 3228 Quid
568 3165 681 3221 hoc
696 3167 984 3223 mandato
1002 3169 1300 3239 potentius
1315 3170 1342 3224 εἶ
1359 3170 1657 3239 Frigidum
1674 3176 1881 3242 potum
1903 3187 2056 3226 mer-

400 3269 496 3308 ces
526 3255 799 3310 coelestis
842 3259 1130 3328 sequitur.
1168 3262 1229 3313 Et
1268 3258 1395 3313 vide
1434 3259 1575 3314 mihi
1616 3259 1837 3314 amoris
1868 3260 2056 3315 homi-

398 3356 544 3396 num
578 3342 963 3399 immensum.
1001 3347 1318 3412 Quamdiu,
1353 3348 1565 3420 inquit,
1594 3349 1821 3419 fecistis
1848 3352 1956 3404 uni
1982 3364 2058 3405 ea:

405 3429 518 3495 his,
532 3431 913 3499 mihifecistis
929 3435 1026 3504 (4).
1043 3436 1384 3491 Mandatum
1399 3438 1641 3509 quidem
1658 3454 1732 3508 pa
1744 3455 1840 3492 rvu
1853 3454 1931 3503 m,
1950 3438 2055 3493 sed

402 3517 776 3574 obedientiae
802 3521 1016 3576 utilitas
1034 3539 1275 3593 magna,
1304 3541 1459 3597 quae
1483 3543 1518 3580 a
1539 3528 1657 3581 Deo
1680 3527 2057 3582 abundanter

402 3607 693 3662 redditur.
726 3610 929 3682 Itaque
958 3611 1102 3666 nihil
1125 3612 1277 3668 ultra
1301 3614 1451 3669 vires
1478 3614 1760 3686 postulat.
1797 3615 1909 3671 Sed
1933 3617 2055 3671 sive

409 3711 663 3768 parvum
695 3698 815 3753 sive
848 3715 1135 3769 magnum
1162 3701 1326 3767 iacis,
1358 3708 1408 3758 te
1433 3705 1701 3776 sequitur
1724 3720 1828 3775 pro
1857 3705 2057 3760 volun-

406 3791 521 3840 tate
551 3802 800 3841 merces.
834 3788 888 3843 Si
924 3790 979 3842 in
1011 3791 1254 3845 nomine
1286 3807 1355 3847 ac
1388 3793 1597 3848 timore
1628 3794 1752 3865 Dei,
1789 3794 2055 3866 splendi-

401 3873 548 3929 dum
562 3881 742 3946 atque
757 3877 1155 3933 inamissibile
1177 3880 1689 3948 advenitdonum;
1712 3884 1800 3938 sin
1826 3900 1963 3939 vero
1979 3883 2056 3938 ad

401 3964 859 4020 ostentationem
905 3972 960 4021 et
1003 3966 1255 4037 gloriam
1292 3969 1626 4037 hominum,
1672 3972 1811 4027 audi
1857 3972 2057 4043 ipsum

403 4053 722 4108 Dominum
745 4055 1040 4111 iurantem
1068 4075 1079 4111 ε
1117 4059 1302 4114 Amen
1325 4059 1457 4114 dico
1492 4061 1677 4131 vobis,
1707 4066 2057 4131 receperunt

403 4142 725 4197 mercedem
744 4144 1026 4215 suam(5).
1044 4147 1122 4200 Ne
1146 4145 1321 4215 igitur
1335 4146 1449 4202 hoc
1468 4148 1787 4218 patiamur,
1812 4150 2059 4205 mandat

404 4228 714 4301 discipulis
745 4233 869 4287 suis
901 4240 957 4288 et
982 4234 1153 4289 nobis
1187 4252 1291 4306 per
1314 4236 1441 4291 illos
1475 4253 1487 4288 :
1522 4236 1837 4301 Attendite,
1872 4254 1945 4293 ne
1978 4238 2058 4293 fa-

407 4318 572 4373 ciatis
622 4320 1093 4377 misericordiam
1147 4331 1399 4380 vestram
1433 4330 1536 4381 aut
1582 4327 1909 4381 orationem
1957 4332 2060 4383 aut

408 4405 693 4461 ieiunium
720 4414 976 4464 vestrum
997 4426 1197 4466 coram
1218 4412 1598 4479 hominibus;
1624 4414 1893 4486 alioquin
1913 4431 2059 4471 mer-

409 4494 603 4551 cedem
636 4512 757 4551 non
791 4498 1078 4555 habebitis
1109 4500 1269 4570 apud
1288 4508 1521 4571 patrem
1554 4509 1834 4569 vestrum,
1863 4506 1968 4575 qui
1996 4507 2058 4560 in

409 4586 587 4641 caelis
614 4590 701 4642 est
737 4586 836 4658 (6).
868 4589 947 4642 lta
979 4588 1283 4659 despicere
1313 4590 1475 4645 iubet
1508 4598 1687 4663 atque
1717 4593 1920 4663 fugere
1948 4594 2059 4649 hos

411 4675 694 4732 mortales
711 4676 1176 4749 mortaliumque
1198 4678 1425 4746 laudes,
1445 4686 1500 4736 et
1517 4688 1981 4739 marcescentem
2004 4689 2058 4739 et

2167 3194 2254 3225 ται
2302 3176 2497 3233 ταύτης
2542 3179 2635 3232 τῆς
2686 3170 2893 3245 ἀρετῆς,
2943 3170 2993 3221 ἐν
3024 3177 3126 3229 τοῖς
3172 3169 3343 3230 ἄλλοις
3394 3168 3779 3241 πληροῦτωσαν

2167 3266 2261 3320 τὴν
2300 3263 2555 3324 ὑπακοήν,
2605 3262 2741 3312 κατὰ
2790 3256 3012 3331 δύναμιν
3060 3256 3436 3321 διακονοῦντες,
3489 3258 3779 3330 προθύμως

2167 3350 2525 3422 ἐργαζόμενοι,
2600 3345 2905 3409 σπουδαίως
2959 3350 3321 3420 θεραπεύοντες
3373 3346 3485 3418 μεθ’
3558 3342 3774 3414 ἡδονῆς,

2166 3445 2236 3511 μὴ
2297 3442 2382 3491 ἐπὶ
2437 3441 2610 3508 μισθῷ
2658 3447 2833 3509 τιμῆς,
2894 3432 3033 3508 μηδὲ
3085 3444 3176 3496 τῆς
3232 3435 3554 3509 ἀνθρωπίνης
3611 3430 3778 3496 δόξης

2169 3528 2330 3590 ἕνεκα,
2407 3523 2545 3598 μηδὲ
2601 3522 2895 3587 ἐνδιδόντες
2952 3526 3052 3577 ὑπὸ
3109 3523 3365 3596 μαλακίας
3423 3526 3452 3581 ἧ
3512 3523 3779 3595 ῥαθυμίας

2169 3624 2274 3676 τοῖς
2305 3620 2500 3680 πόνοις,
2554 3611 2695 3687 μηδὲ
2755 3617 2824 3676 ὡς
2857 3612 3139 3686 ἀλλοτρίοις
3186 3618 3399 3684 σώμασι
3428 3617 3517 3663 καὶ
3570 3611 3778 3682 ψυχαῖς

2168 3706 2591 3779 ὑπηρετοῦμενοι,
2654 3702 2760 3755 ἀλλ’
2811 3706 2875 3763 ὡς
2931 3710 3169 3778 Χριστοῦ
3222 3698 3449 3764 δούλοις,
3488 3704 3558 3761 ὡς
3584 3701 3776 3771 ἡμετέ-

2166 3815 2277 3868 ροις
2305 3796 2351 3865 ⁷)
2383 3794 2731 3865 σπλάγχνοις,
2788 3794 2871 3844 ἶνα
2925 3795 3152 3863 καθαρόν
3186 3793 3329 3863 ὑμῶν
3382 3793 3438 3842 τὸ
3486 3792 3632 3863 ἔργον
3689 3793 3780 3841 καὶ

2168 3881 2355 3936 ἄδολον
2409 3882 2677 3954 ἀποφανθῇ
2729 3890 2800 3952 τῷ
2860 3883 2976 3951 θεῷ.
3009 3880 3418 3952 προφασιζέσθω
3472 3875 3531 3930 δὲ
3587 3874 3780 3950 μηδεὶς

2166 3976 2297 4047 πρὸς
2339 3972 2506 4024 καλῶν
2562 3974 2719 4045 ἔργων
2776 3966 3035 4034 σποῦδὴν,
3093 3972 3157 4029 ὡς
3212 3965 3470 4029 ἀδύνατος
3528 3966 3777 4019 ἐπιτελεῖν

2168 4064 2233 4113 τά
2282 4061 2519 4121 σώζοντα
2571 4065 2664 4117 τὴν
2715 4059 2923 4129 ψυχήν.
2978 4055 3102 4110 οὐδε
3157 4060 3257 4130 γὰρ
3306 4059 3330 4108 ὁ
3364 4059 3478 4117 θεὸς
3520 4054 3781 4109 ἀδνύατον

2170 4149 2429 4201 ἐπιτάττει
2478 4156 2587 4211 τοῖς
2634 4144 2861 4213 δούλοις,
2914 4146 3019 4197 ἀλλ’
3070 4147 3235 4208 οὕτως
3286 4145 3639 4218 έκκεχυμένην
3690 4150 3782 4197 καὶ

2168 4239 2425 4291 πλουσίαν
2480 4234 2643 4290 ἔδειξε
2690 4242 2781 4295 τὴν
2827 4235 3035 4305 ἀγάπην
3085 4240 3175 4288 καὶ
3212 4234 3516 4306 ἀγαθότητα
3556 4242 3645 4294 τῆς
3678 4236 3785 4287 θεόο

2169 4347 2349 4389 τητος,
2410 4330 2476 4388 ὡς
2533 4327 2737 4397 ἑκάστῳ
2793 4328 2925 4379 κατὰ
2984 4330 3041 4377 τὸ
3102 4324 3300 4397 θέλημα
3368 4322 3673 4398 παρασχεῖν
3727 4327 3784 4375 τὸ

2169 4419 2413 4489 πράττειν
2436 4436 2486 4468 τι
2518 4412 2780 4469 δύνασθαι
2812 4414 3025 4486 ἀγαθόν,
3056 4419 3144 4466 καὶ
3176 4410 3379 4487 μηδένα
3408 4422 3507 4466 τῶν
3541 4410 3784 4471 σπουδὴν

2171 4506 2396 4578 ἐχόντων
2430 4507 2657 4563 σωθῆναι
2711 4502 3021 4576 διαμαρτεῖν
3054 4510 3142 4555 τοῦ
3171 4500 3437 4556 δύνασθαι
3475 4518 3490 4532 ’
3529 4503 3586 4562 ὃς
3610 4503 3654 4572 8)
3681 4503 3773 4567 οἶν,

2172 4616 2321 4669 φησι,
2356 4600 2591 4669 ποτίσῃ
2626 4601 2938 4668 ποτήριον
2979 4594 3241 4668 ψυχροῦ
3281 4597 3489 4664 μόνον,
3523 4591 3614 4653 εἰς
3654 4596 3782 4644 ὄνο-

2171 4706 2253 4758 μα
2283 4687 2602 4758 μαθητοῦ,
2637 4684 2801 4758 ἀμὴν
2845 4683 3007 4754 λέγω
3036 4683 3204 4755 ὑμῖν,
3234 4681 3302 4734 οῦ
3347 4685 3427 4753 μὴ
3460 4679 3776 4733 ἀπολέσει

1729 4828 1988 4882 VARIAE
2031 4828 2318 4886 LECTION
2329 4831 2429 4885 ES.

485 4921 762 5008 ’)_l.iterte
788 4926 959 5008 uncis
989 4926 1248 5008 inclusae,
1280 4928 1339 5008 in
1373 4930 1577 5008 codice
1617 4929 1817 4987 blattis
1859 4950 2047 5004 paene
2077 4937 2423 5001 exstinctae,
2452 4934 2748 5008 probabili
2780 4950 2816 4989 a
2846 4933 3043 5008 nobis
3075 4933 3417 5008 coniectura
3440 4931 3501 5008 i_n
3551 4934 3789 5008 textum

411 4999 715 5078 ustilatae
748 5002 1002 5078 “nl-.—
1031 4999 1075 5069 ²)
1122 5000 1388 5078 Emend»
1444 5002 1599 5078 90d:
1637 4999 1903 5078 χαίρεταὶο
1936 5008 2071 5078 -³)
2106 5009 2377 5064 Emend--
2410 4999 2571 5063 'éod.
2625 5007 2865 5078 γλυκεῖα,
2903 5037 2972 5078 ί-
3008 5005 3064 5078 ⁴),
3094 5004 3297 5078 _Coni.,
3359 5002 3492 5078 ch-
3544 5001 3788 5075 έφόῦτως

414 5064 721 5137 ἐφ’ὑψηλὴν.
749 5096 820 5111 -
850 5070 893 5139 ⁸)
926 5064 1197 5137 Emend.,
1231 5064 1784 5127 οοάζπολιτεύιὲθαὶ.
1816 5108 1879 5116 -
1909 5078 1953 5149 θ)
1980 5064 2203 5135 Literae
2224 5081 2392 5135 uncis
2423 5064 2687 5135 inclusae
2719 5079 2777 5133 in
2805 5077 3012 5133 codice
3036 5064 3253 5131 'blattis
3284 5064 3554 5130 mutilato
3576 5064 3789 5146 'paene

3029 5167 3059 5204 η

417 5207 749 5292 exstinctae
766 5215 939 5292 sunt,
990 5212 1093 5268 sed
1121 5213 1423 5292 probabili
1453 5215 1793 5275 coniectura
1821 5232 1856 5274 a
1882 5218 2059 5275 nobis
2092 5220 2151 5276 in
2200 5226 2426 5277 textum
2456 5222 2781 5277 restitutae.
2817 5250 2887 5262 —
2910 5220 2956 5291 ⁷)
2979 5218 3265 5292 ὑμετέροις,
3295 5236 3325 5274 η
3358 5231 3543 5289 supra
3571 5214 3776 5273 adscr.

415 5278 551 5335 ead.
579 5295 661 5335 m.
695 5282 809 5352 -⁸)
841 5285 997 5351 Cor.,
1026 5278 1161 5340 cod.
1182 5284 1293 5348 Ὠς.

1968 5389 2216 5446 NOTAE.

669 5505 799 5581 ρον.
834 5506 940 5581 ξςῃ,
971 5506 1005 5561 9
1028 5524 1121 5581 sq.

598 5576 642 5629 11
670 5576 799 5632 Cor.
834 5578 921 5644 VI,
948 5582 1003 5635 4.

601 5646 796 5704 Matth.
830 5651 891 5717 X,
925 5651 1014 5708 42.

486 5499 570 5717 iii

2279 5513 2336 5655 4;
2373 5513 2577 5569 Matth.
2612 5513 2769 5576 XXV,

2279 5590 2309 5639 5
2362 5584 2567 5642 Matth.
2602 5584 2694 5650 VI,
2720 5589 2774 5640 2.

2279 5513 2333 5576 4)
2373 5513 2577 5569 Matth.
2612 5513 2769 5576 XXV,
2801 5513 2889 5569 40.

2279 5513 2336 5655 4ζ
2373 5513 2577 5569 Matth.
2612 5513 2765 5576 XXV,

2279 5590 2309 5639 5
2362 5584 2567 5642 Matth.
2602 5584 2694 5650 VI,
2720 5589 2765 5639 2.

2252 5513 2331 5729 ἑὸ)
2361 5656 2564 5713 Matth.
2592 5655 2690 5722 VI,
2714 5657 2765 5712 1.
