4084 6256
296 279 398 338 Mt
1813 275 1907 330 ΕΡ]

2022 271 2219 331 OLAE.
3609 279 3714 337 442

302 410 408 458 τὸν
442 407 681 477 μισθόν
713 404 938 456 αὐτοῦ’
970 408 1022 455 τί
1051 410 1146 464 τῆς
1176 402 1382 461 ἐντολῆς
1407 403 1602 461 ταύτης
1627 397 1907 452 δυνατώτε-

2022 400 2345 469 fugientem
2365 416 2472 455 nos
2495 398 2769 469 gloriam,
2789 401 2954 456 illam
2984 416 3122 456 vero
3148 401 3336 456 solam
3363 417 3674 473 quaerere,

309 515 401 570 ρον
429 512 441 560 ;
499 494 698 568 ψυχρῷ
746 498 975 566 ποτηρίῳ
1006 494 1196 563 μισθὸς
1226 492 1528 564 ἐπουράνιος
1572 491 1746 540 ἕπεται
1776 507 1788 517 ·
1820 494 1909 541 καὶ

313 603 406 656 μοι
435 588 618 634 σκόπει
658 589 751 643 τῆς
801 580 1185 653 φιλανθρωπίας
1233 583 1289 630 τὸ
1338 581 1556 650 οἷμετρον
1587 597 1598 608 ·
1626 576 1706 649 ἐφ’
1758 580 1909 628 ὅσον

295 671 390 724 ἐνὶ
422 674 690 734 τούτων,
720 675 901 742 φησίν,
935 668 1316 733 ἐποιήσατε,
1351 667 1501 739 ἐμοὶ
1532 667 1904 724 ἐποιήσατε.

292 765 352 813 τὸ
407 764 498 831 μὲν
542 764 806 830 ἐπίταγμα
854 763 1057 832 μικρὸν,
1113 762 1168 809 τὸ
1215 755 1272 808 δὲ
1316 764 1405 816 τῆς
1451 758 1685 816 ὑπακοῆς
1726 753 1909 827 κέρδος

291 849 445 913 πολύ,
525 855 614 900 καὶ
689 851 831 920 παρὰ
909 849 1004 916 θεῷ
1081 847 1337 904 πλουσίως
1410 841 1906 915 ἀνταποδιδόμενον.

2020 490 2190 545 cuius
2227 506 2418 561 neque
2453 490 2833 562 pulchritudo
2865 490 2980 544 dici
3018 505 3208 561 neque
3251 490 3387 545 ﬁnis
3427 492 3677 548 inveniri

2022 585 2229 649 potest,
2258 595 2362 649 per
2386 596 2573 651 quam
2602 584 2656 633 et
2685 579 2795 648 ipsi
2829 579 3158 650 poterimus
3192 579 3514 650 participes
3552 581 3679 635 ﬁeri

2021 667 2411 722 ineffabilium
2448 668 2684 722 illorum
2724 667 3143 738 mysteriorum
3183 668 3240 722 in
3276 668 3506 723 Christo
3541 670 3682 726 Jesu

2025 757 2276 811 Domino
2314 765 2535 824 nostro,
2569 759 2661 812 cui
2693 757 2882 828 gloria
2909 757 2965 812 in
3001 757 3241 812 saecula
3276 757 3676 814 saeculorum-

2022 849 2232 900 Amen.

292 942 430 990 ὥστε
480 935 631 990 οὐδὲν
683 939 808 1006 ὑπὲρ
870 933 1093 1006 δύναμιν
1137 934 1363 986 ἀπαιτεῖ.
1418 933 1544 984 ἀλλὰ
1595 935 1690 984 κοῖν
1742 937 1927 1006 μικρὸν
1980 936 2074 986 κοῖν
2123 939 2257 1005 μέγα
2319 943 2499 996 ποιεῖς,
2557 935 2732 986 ἕπεταί
2790 954 2872 986 σοι
2939 938 3075 986 κατὰ
3134 939 3226 992 τὴν
3284 940 3587 1009 προαίρεσιν
3654 937 3680 988 ὁ

292 1029 490 1100 μισθός
524 1045 536 1055 ·

295 1113 552 1178 ἐπίδειξιν
602 1120 691 1167 καὶ
738 1112 892 1176 δόξαν
943 1112 1245 1186 ἀνθρώπων,
1296 1114 1520 1164 ἄκουσον
1578 1111 1823 1182 ὀμνύντος
1874 1113 2034 1163 αὐτοῦ
2089 1119 2179 1164 τοῦ
2230 1118 2411 1184 κυρίου
2441 1134 2451 1144 ·

299 1207 538 1277 μισθὸν
573 1205 781 1256 αὐτῶν
812 1222 824 1231 '

576 1029 660 1078 ἐὰν
713 1030 801 1098 μὲν
849 1027 949 1099 γὰρ
1003 1025 1074 1085 εἰς
1129 1028 1291 1095 ὄνομα
1344 1027 1432 1073 καὶ
1500 1021 1651 1092 φοϐον
1711 1025 1847 1084 θεοῦ,
1924 1022 2138 1096 λαμπρὰ
2193 1029 2281 1074 καὶ
2357 1022 2693 1095 ἀναφαίρετος
2754 1020 2900 1080 ἦλθεν
2977 1026 3005 1080 η
3071 1021 3277 1098 δωρεάο
3341 1023 3424 1075 ἐὰν
3484 1022 3542 1077 δὲ
3616 1025 3685 1086 εἰς

2505 1117 2672 1183 ἀμην
2725 1112 2884 1182 λέγω
2939 1115 3113 1182 ύμῖν,
3177 1113 3510 1184 ἀπέχουσι
3577 1118 3683 1165 τὸν

888 1204 970 1254 ἵνα
1023 1199 1109 1254 οὖν
1173 1207 1243 1272 μὴ
1306 1209 1460 1252 τοῦτο
1515 1202 1777 1271 πάθωμεν,
1848 1201 2191 1274 παραγγελλει
2251 1209 2354 1260 τοῖς
2415 1204 2670 1272 μαθηταῖς
2739 1201 2918 1265 αὐτοῦ,
2977 1207 3065 1252 καὶ
3124 1198 3194 1252 δι’
3256 1201 3455 1253 ἐκείνων
3510 1205 3677 1274 ἡμῖν·

297 1294 535 1367 βλέπετε,
594 1299 664 1364 μὴ
726 1300 907 1350 ποιῆτε
962 1297 1054 1349 τὴν
1116 1291 1464 1361 ἐλεημοσύνην
1541 1291 1680 1361 ὑμῶν
1756 1290 1785 1347 η
1845 1295 1935 1348 τὴν
1994 1290 2157 1361 εύχην
2234 1295 2262 1348 ἤ
2324 1295 2410 1346 τὴν
2468 1295 2710 1347 νηστείαν
2769 1292 2909 1361 ὑμῶν
2966 1293 3251 1363 ἔμπροσθεν
3304 1299 3402 1341 τῶν
3480 1290 3679 1360 ἀνθρὼ-

299 1404 448 1436 πων.
485 1382 536 1434 εἰ
567 1379 847 1454 δὲμηγε,
881 1380 1257 1452 μισθόνούκ
1290 1382 1480 1450 ἔχετε
1519 1382 1704 1450 παρὰ
1733 1387 1812 1448 τῷ
1852 1385 2062 1452 πατρὶ
2103 1381 2376 1449 ύμώντῷ
2409 1377 2470 1429 ἐν
2509 1386 2657 1439 τοῖς
2698 1379 3041 1452 ούρανοῖς⁸
3077 1379 3678 1450 ούτωςάποστρέφεσθαι

295 1472 489 1524 κελεύει
541 1477 631 1522 καὶ
690 1474 887 1542 φεύγειν
942 1475 1062 1528 τοὺς
1118 1471 1332 1529 θνητούς
1388 1471 1604 1526 τούτους
1662 1472 1750 1518 καὶ
1810 1470 1950 1538 παρὰ
2006 1471 2200 1524 θνητῶν
2251 1468 2509 1532 ἐπαίνους,
2577 1471 2666 1518 καὶ
2725 1472 2818 1524 τὴν
2877 1472 3261 1539 μαραινομένην
3310 1473 3397 1518 καὶ
3453 1472 3671 1538 φεύγου-

302 1582 399 1613 σαν
429 1564 476 1630 ¹)
527 1563 665 1632 ἡμᾶς
711 1557 890 1624 δόξαν,
923 1563 1095 1621 ζητεῖν
1155 1555 1213 1610 δὲ
1265 1562 1416 1629 μόνον
1450 1556 1664 1620 ἐκείνην,
1693 1557 1754 1616 ἧς
1789 1560 1830 1626 ²)
1877 1553 2000 1608 οὐδὲ
2039 1557 2219 1616 κάλλος
2248 1559 2386 1608 ἔστιν
2416 1557 2571 1608 εἰπεῖν
2630 1553 2754 1608 οὐδὲ
2803 1557 2846 1626 ³)
2903 1561 3061 1629 πέρας
3108 1558 3290 1628 εὑρεῖν,
3358 1553 3430 1608 δι’
3485 1557 3548 1618 ἧς
3593 1563 3682 1610 καὶ

303 1651 457 1702 αύτοὶ
505 1647 841 1720 δυνησόμεθα
885 1655 1066 1720 τυχεῖν
1124 1656 1222 1698 τῶν
1268 1646 1500 1721 ἀρρήτων
1557 1651 1862 1718 μυστηρίων
1919 1645 2144 1711 ἐκείνων,
2198 1645 2246 1696 ἐν
2305 1653 2520 1719 Χριστῷ
2574 1644 2752 1704 Ἰησοῦ
2809 1654 2880 1716 τῷ
2928 1651 3090 1721 κυρίῳ
3152 1648 3313 1718 ἡμῶν,

306 1740 373 1801 εἰς
400 1744 524 1801 τούς
549 1740 738 1801 αἰῶνας
761 1747 858 1791 τῶν
888 1744 1084 1790 αιωνων
1111 1754 1122 1766 ’
1159 1735 1314 1809 ἀμήν.

3476 1649 3505 1703 ἡ
3557 1643 3688 1708 δόξα

1655 1851 1909 1905 VARIAE
1952 1849 2352 1906 LECTIONES.

389 1999 433 2069 1)
465 1997 560 2054 Sic
587 1997 723 2053 cod.
755 2028 823 2038 —
849 1999 894 2066 ²)
919 1998 1103 2064 Corr.,
1133 1994 1267 2050 cod.
1301 1995 1382 2052 ἣν.
1427 2025 1492 2034 --
1524 1994 1568 2064 ³)
1603 1992 1690 2048 Sic
1721 1992 1853 2048 cod.
1888 1990 2011 2046 ούδὶ
2043 1990 2269 2046 -ούδὶ
2304 1995 2470 2048 Forte
2495 1993 2918 2063 corrigendum
2953 1996 3070 2046 οὔτε
3105 2025 3166 2035 -
3190 1997 3324 2047 οὔτε.

1920 2407 2090 2500 ΙΙΙ.

927 2620 1452 2711 EPISTOLA
1537 2621 2094 2709 CUIUSDAM
2180 2622 2509 2709 BEATI
2596 2622 3060 2710 MACARII

1571 2817 1647 2862 UT
1693 2815 1954 2860 VlDETUR
2005 2815 2413 2861 ALEXANDRINI
2425 2848 2436 2860 .

966 3059 1140 3110 Lucae
1175 3059 1433 3108 Holstenii
1468 3059 1637 3108 codex
1669 3057 1990 3122 Regularum
2027 3061 2296 3122 Augustae
2323 3058 2531 3108 Vindel.
2568 3060 2685 3107 1759
2714 3059 2776 3112 Τ,
2807 3059 2846 3114 Ι,
2881 3074 2936 3121 ρ.
2974 3061 3052 3107 21.

385 3179 570 3227 Exstat
599 3177 726 3226 haec
763 3175 986 3237 epistola
1010 3176 1062 3223 in
1094 3174 1225 3223 Bibl.
1251 3174 1620 3237 Burgundicae
1640 3173 1995 3237 Bruxeliensis
2020 3174 2120 3222 cod
2145 3188 2245 3222 ms.
2284 3174 2350 3220 N°
2383 3175 2534 3223 15010
2573 3175 2806 3224 chartae.
2831 3175 2981 3224 Saec.
3019 3177 3110 3223 XV
3135 3176 3226 3225 fol.
3259 3178 3337 3232 67,
3360 3178 3405 3225 2.
3445 3177 3716 3227 Codicem-

317 3243 449 3305 quin
479 3241 776 3292 conferrem
797 3235 1056 3288 Bruxellis
1086 3251 1304 3287 versans
1335 3235 1624 3300 impeditus
1655 3250 1788 3285 sum.
1819 3236 1893 3285 Ct".
1924 3235 2296 3284 PRAEHONENDA
2321 3251 2483 3299 supra
2515 3237 2614 3286 col.
2653 3238 2872 3285 103-404.

289 3549 778 3620 Inmpitepistola
793 3547 1404 3604 beatiMachariidata
1418 3548 1942 3619 admonachos(t).
1979 3549 2025 3604 A
2055 3549 2422 3604 absconsum
2456 3564 2717 3620 namque
2750 3550 2809 3605 in
2841 3551 2923 3604 eis
2945 3554 3032 3605 est
3058 3565 3357 3605 venenum
3385 3550 3714 3607 bestiarum

360 3639 686 3707 Lignorum
706 3638 877 3708 copia
893 3638 1193 3706 ingentem
1207 3638 1420 3692 excitat
1436 3637 1777 3703 ﬂammam,
1794 3637 1947 3692 mul-

285 3728 482 3784 titudo
539 3732 739 3782 autem
787 3742 1066 3781 escarum
1117 3726 1327 3780 emittit
1374 3726 1943 3796 concupiscentiam.

285 3817 550 3872 Pessima
590 3815 1076 3886 concupiscentia
1130 3830 1407 3868 escarum
1459 3820 1515 3869 et
1563 3814 1942 3870 inobedienta

291 3910 539 3975 generat
578 3910 852 3960 mortem.
897 3903 1173 3973 [ndigens
1214 3911 1415 3959 venter
1466 3905 1523 3958 in
1572 3904 1944 3958 orationibus

287 3995 658 4064 vigilantiam
686 3997 948 4064 praestat
974 3998 1336 4047 etcoronam
1379 3993 1619 4047 animae
1671 3992 1944 4064 acquirit,

284 4084 547 4154 repletus
606 4086 808 4138 autem
868 4097 1150 4136 somnum
1212 4081 1440 4136 inducit
1498 4081 1942 4149 gravissimum.

284 4172 505 4229 Oculus
560 4170 753 4242 gulosi
805 4171 1077 4226 convivia
1128 4174 1445 4236 scrutatur,
1486 4171 1697 4225 oculus
1746 4177 1946 4226 autem

282 4260 629 4332 sapientum
664 4259 985 4315 meditatur
1016 4259 1464 4314 continentiam.
1502 4259 1945 4314 Formidolosus

283 4349 455 4405 miles
494 4350 783 4405 horrescit
821 4349 898 4404 ad
932 4347 1138 4403 tubam
1178 4363 1333 4418 quae
1373 4347 1594 4403 bellum
1627 4348 1944 4418 signiﬁcat,

280 4438 624 4510 etgulosus,
659 4439 705 4493 si
739 4436 1163 4493 abstinentiam
1192 4437 1637 4507 praedicantem
1671 4436 1942 4502 audierit,

280 4543 405 4583 non
444 4527 696 4583 libenter
735 4526 1050 4582 auscultat.
1107 4525 1379 4581 Flamma
1422 4541 1558 4580 cum
1609 4528 1943 4595 marcescit,

281 4615 564 4670 elucescit
616 4615 827 4670 iterum
891 4614 939 4669 si
993 4614 1287 4684 acceperit
1349 4614 1602 4683 lignum,
1651 4620 1705 4669 et
1763 4613 1946 4672 libido

289 4702 485 4773 30pita
511 4719 753 4758 rursum
777 4703 989 4758 crescit
1007 4703 1066 4757 in
1099 4701 1429 4758 saturitate.
1457 4705 1583 4758 Non
1606 4705 1944 4760 miserearis

2056 3638 2516 3708 nequissimum.
2578 3639 2760 3709 Magis
2823 3640 3248 3711 appropinqua
3290 3640 3414 3708 igni
3455 3640 3709 3706 ardenti,

2055 3741 2238 3796 quam
2273 3727 2506 3782 mulieri
2534 3727 2822 3782 novellae.
2853 3731 2999 3782 Cum
3034 3729 3113 3781 sis
3149 3729 3402 3793 iuvenis,
3438 3728 3574 3800 fuge
3609 3731 3717 3785 im-

2055 3820 2259 3884 petum
2288 3814 2551 3870 libidinis
2593 3821 2651 3871 et
2689 3815 3236 3871 confabulationem
3281 3817 3562 3872 mulieris.
3606 3817 3717 3883 Qui

2056 3903 2432 3973 repleverunt
2485 3911 2770 3968 ventrem,
2813 3909 2870 3958 et
2910 3905 3315 3975 promiserunt
3355 3906 3713 3973 castitatem,

2056 3992 2166 4046 sibi
2201 3993 2584 4046 mentiuntur.
2621 3995 2830 4047 Forma
2853 3992 3313 4062 pulchritudinis
3334 3993 3502 4063 peius
3526 4011 3713 4066 quam

2056 4080 2318 4152 procella
2373 4081 2720 4151 submergit.
2783 4083 3019 4150 Species
3075 4081 3360 4146 mulieris,
3419 4082 3469 4136 si
3531 4083 3716 4139 semel

2057 4173 2316 4225 mentem
2350 4169 2710 4234 contriverit,
2739 4171 2916 4224 etiam
2949 4171 3138 4240 ipsam
3169 4176 3426 4225 mentem
3453 4177 3717 4228 contem-

2055 4275 2194 4314 nere
2222 4258 2560 4331 persuadet.
2587 4261 2653 4314 Ut
2678 4259 2859 4323 enim,
2892 4259 2938 4313 si
2968 4258 3154 4330 paleis
3176 4265 3507 4315 remoretur
3536 4261 3711 4330 ignis,

2055 4349 2269 4404 excitat
2285 4349 2618 4414 ﬂammam;
2643 4349 2725 4403 sic
2743 4349 3031 4403 memoria
3065 4347 3327 4403 mulieris
3350 4365 3712 4420 permanens

2056 4437 2361 4492 succendit
2402 4438 3045 4508 concupiscentiam.Ut
3082 4437 3242 4491 enim
3282 4438 3588 4494 cumulata
3607 4455 3714 4497 na-

2057 4525 2141 4580 vis
2179 4533 2482 4581 undarum
2523 4526 2641 4580 ictu
2679 4524 2970 4588 obruitur,
3015 4525 3096 4578 sic
3150 4524 3340 4579 multa
3396 4527 3712 4596 possidens

2057 4615 2388 4670 monachus
2419 4631 2538 4670 non
2581 4614 2928 4670 salvabitur.
2961 4613 3114 4668 Nihil
3155 4613 3473 4684 possidens
3504 4631 3712 4673 mona-

2053 4704 2204 4758 chus
2237 4703 2456 4759 athleta
2477 4702 2925 4774 insuperabilis,
2957 4702 3100 4756 nihil
3145 4702 3469 4774 possidens
3500 4720 3708 4763 mona-

286 4790 538 4860 corpori,
559 4791 608 4846 si
640 4791 990 4847 lassitudine
1004 4791 1282 4847 defecerit
1311 4808 1321 4844 :
1355 4807 1546 4863 equus
1562 4792 1942 4849 consentiens
1980 4785 2025 4839 Β
2055 4793 2203 4848 chus
2231 4807 2441 4847 cursor
2464 4791 2630 4856 levis,
2667 4791 2944 4847 velociter
2965 4791 3044 4846 ad
3067 4791 3340 4848 bravium
3374 4792 3706 4850 vocationis

282 4877 558 4948 indigens
588 4895 810 4952 corpus
848 4895 956 4936 nec
991 4896 1374 4937 ascensorem
1415 4880 1610 4936 deiicit
1651 4897 1940 4953 unquam.

2054 4881 2338 4953 pervenit.
2363 4885 2588 4938 Avarus
2610 4881 2946 4937 monachus
2970 4881 3204 4952 operari
3236 4880 3484 4951 negligit
3510 4898 3524 4948 ;
3559 4883 3709 4941 nihil

280 4967 780 5039 Concupiscentia
813 4969 988 5038 gulae
1024 4974 1216 5025 mater
1262 4975 1353 5026 est
1395 4969 1695 5025 libidinis.
1733 4969 1942 5028 Oleum
2050 4970 2366 5040 possidens
2392 4969 2728 5025 monachus
2751 4973 2888 5040 post
2904 4984 3057 5040 opus
3078 4969 3457 5025 moderatum
3488 4973 3707 5029 oratio-

275 5055 466 5112 nutrit
489 5056 778 5128 lampada
815 5057 1095 5114 lucernae
1127 5063 1181 5114 et
1211 5059 1411 5128 ignem
1436 5058 1772 5115 reaccendit
1803 5074 1942 5115 con-

275 5145 568 5202 fabulatio
611 5145 896 5202 mulieris.
930 5147 1134 5204 Facies
1168 5148 1432 5203 mulieris
1463 5149 1676 5218 sagitta
1708 5153 1796 5203 est
1820 5153 1939 5204 tru-

274 5235 533 5304 culenta,
551 5235 975 5305 inﬁgitvulnus
1001 5237 1062 5293 in
1084 5237 1376 5294 animam.
1400 5239 1775 5294 Utvenenum
1799 5237 1936 5307 fuge

273 5323 834 5382 contabulationem
853 5325 1140 5393 mulieris,
1172 5327 1440 5384 sicastus
1467 5339 1602 5383 esse
1627 5325 1884 5383 volueris
1917 5343 1931 5393 ;

2049 5059 2226 5114 nibus
2243 5066 2297 5113 et
2325 5058 2678 5114 lectionibus
2709 5063 2899 5114 vacat.
2933 5061 3165 5113 Avarus
3193 5059 3546 5127 ;monachus
3579 5060 3708 5118 the-

2049 5149 2308 5205 saurizat
2338 5147 2453 5203 sibi
2479 5147 2628 5203 iram
2659 5147 2714 5202 in
2750 5147 2844 5202 die
2878 5146 3118 5202 ultionis
3153 5163 3166 5211 ;
3200 5146 3346 5201 nihil
3380 5147 3701 5218 possidens

2046 5237 2382 5294 monachus
2428 5236 2782 5292 thesaurizat
2819 5236 2880 5290 in
2920 5234 3086 5291 coelo
3135 5239 3191 5291 et
3237 5234 3407 5290 dabit
3452 5235 3698 5292 laudem

2045 5342 2183 5382 cum
2224 5324 2451 5397 angelis
2488 5325 2625 5382 Deo.
2668 5323 2947 5382 Gloriatio
2987 5323 3267 5392 monachi
3305 5323 3590 5395 patientia
3637 5324 3700 5381 in

1859 5451 2113 5507 NOTAE.

348 5573 427 5646 (1)
467 5572 561 5632 Sic
597 5570 942 5635 inscribitur
970 5574 1227 5651 epistola
1252 5574 1312 5633 in
1353 5575 1486 5634 cod.
1544 5593 1658 5634 ms.
1715 5574 2073 5632 Bruxellensi
2118 5574 2207 5632 N°.
2265 5573 2453 5631 15010.
2511 5577 2726 5631 Vocem
2790 5572 3004 5643 Incipit
3058 5588 3180 5632 om.
3237 5571 3338 5631 Ed.
3382 5567 3695 5630 Holstenii.

275 5665 434 5720 EDlT.
