  <div class='ocr_page' id='page_1' title='image "/cluster/home/n/w/nwhite01/storage/ocr_20150623/34/mdp.39015041165401/261.png"; bbox 0 0 4084 6256; ppageno 0'>
   <div class='ocr_carea' id='block_1_1' title="bbox 367 235 473 292">
    <p class='ocr_par' dir='ltr' id='par_1_1' title="bbox 367 235 473 292">
     <span class='ocr_line' id='line_1_1' title="bbox 367 235 473 292; baseline 0.009 -1"><span class='ocrx_word' id='word_1_1' title='bbox 367 235 473 292; x_wconf 76' lang='grc'>443</span> 
     </span>
    </p>
   </div>
   <div class='ocr_carea' id='block_1_2' title="bbox 1647 218 2435 284">
    <p class='ocr_par' dir='ltr' id='par_1_2' title="bbox 1647 218 2435 284">
     <span class='ocr_line' id='line_1_2' title="bbox 1647 218 2435 284; baseline -0.003 -3"><span class='ocrx_word' id='word_1_2' title='bbox 1647 228 1702 284; x_wconf 93' lang='lat' dir='ltr'>S.</span> <span class='ocrx_word' id='word_1_3' title='bbox 1746 225 1845 283; x_wconf 89' lang='lat' dir='ltr'><strong>MA</strong></span> <span class='ocrx_word' id='word_1_4' title='bbox 1857 224 2053 283; x_wconf 83' lang='lat' dir='ltr'>CARII</span> <span class='ocrx_word' id='word_1_5' title='bbox 2094 218 2435 281; x_wconf 79' lang='lat' dir='ltr'>AEGYPTII</span> 
     </span>
    </p>
   </div>
   <div class='ocr_carea' id='block_1_3' title="bbox 3678 225 3787 283">
    <p class='ocr_par' dir='ltr' id='par_1_3' title="bbox 3678 225 3787 283">
     <span class='ocr_line' id='line_1_3' title="bbox 3678 225 3787 283; baseline 0 0"><span class='ocrx_word' id='word_1_6' title='bbox 3678 225 3787 283; x_wconf 69' lang='grc'>444</span> 
     </span>
    </p>
   </div>
   <div class='ocr_carea' id='block_1_4' title="bbox 367 348 3793 422">
    <p class='ocr_par' dir='ltr' id='par_1_4' title="bbox 367 348 3793 422">
     <span class='ocr_line' id='line_1_4' title="bbox 367 348 3793 422; baseline -0.003 -6"><span class='ocrx_word' id='word_1_7' title='bbox 367 357 851 416; x_wconf 82' lang='lat' dir='ltr'>tribulationibus</span> <span class='ocrx_word' id='word_1_8' title='bbox 867 354 1303 413; x_wconf 88' lang='lat' dir='ltr'>eius.Gloriatio</span> <span class='ocrx_word' id='word_1_9' title='bbox 1318 352 1586 411; x_wconf 89' lang='lat' dir='ltr'>monachi</span> <span class='ocrx_word' id='word_1_10' title='bbox 1600 351 2018 422; x_wconf 88' lang='lat' dir='ltr'>longanimitas</span> <span class='ocrx_word' id='word_1_11' title='bbox 2057 350 2104 404; x_wconf 84' lang='lat' dir='ltr'><strong>A</strong></span> <span class='ocrx_word' id='word_1_12' title='bbox 2133 365 2297 405; x_wconf 90' lang='lat' dir='ltr'>suae.</span> <span class='ocrx_word' id='word_1_13' title='bbox 2329 348 2747 421; x_wconf 87' lang='lat' dir='ltr'>Sicutpondus</span> <span class='ocrx_word' id='word_1_14' title='bbox 2779 349 2921 407; x_wconf 88' lang='lat' dir='ltr'>salis</span> <span class='ocrx_word' id='word_1_15' title='bbox 2952 349 3793 421; x_wconf 87' lang='lat' dir='ltr'>deprimitviruminﬁrmum,</span> 
     </span>
    </p>
   </div>
   <div class='ocr_carea' id='block_1_5' title="bbox 369 442 2020 511">
    <p class='ocr_par' dir='ltr' id='par_1_5' title="bbox 369 442 2020 511">
     <span class='ocr_line' id='line_1_5' title="bbox 369 442 2020 511; baseline -0.005 -7"><span class='ocrx_word' id='word_1_16' title='bbox 369 463 507 504; x_wconf 88' lang='lat' dir='ltr'>cum</span> <span class='ocrx_word' id='word_1_17' title='bbox 536 447 843 504; x_wconf 89' lang='lat' dir='ltr'>charitate.</span> <span class='ocrx_word' id='word_1_18' title='bbox 877 446 1153 502; x_wconf 89' lang='lat' dir='ltr'>Gloriatio</span> <span class='ocrx_word' id='word_1_19' title='bbox 1186 443 1464 499; x_wconf 87' lang='lat' dir='ltr'>monachi</span> <span class='ocrx_word' id='word_1_20' title='bbox 1499 442 1692 498; x_wconf 88' lang='lat' dir='ltr'>nullas</span> <span class='ocrx_word' id='word_1_21' title='bbox 1714 457 1807 497; x_wconf 90' lang='lat' dir='ltr'>res</span> <span class='ocrx_word' id='word_1_22' title='bbox 1848 456 2020 511; x_wconf 87' lang='lat' dir='ltr'>prae-</span> 
     </span>
    </p>
   </div>
   <div class='ocr_carea' id='block_1_6' title="bbox 371 528 2020 607">
    <p class='ocr_par' dir='ltr' id='par_1_6' title="bbox 371 528 2020 607">
     <span class='ocr_line' id='line_1_6' title="bbox 371 528 2020 607; baseline -0.004 -16"><span class='ocrx_word' id='word_1_23' title='bbox 371 538 553 593; x_wconf 90' lang='lat' dir='ltr'>sentis</span> <span class='ocrx_word' id='word_1_24' title='bbox 590 536 746 591; x_wconf 91' lang='lat' dir='ltr'>vitae</span> <span class='ocrx_word' id='word_1_25' title='bbox 785 534 1115 607; x_wconf 89' lang='lat' dir='ltr'>possidere.</span> <span class='ocrx_word' id='word_1_26' title='bbox 1159 532 1435 588; x_wconf 90' lang='lat' dir='ltr'>Gloriatio</span> <span class='ocrx_word' id='word_1_27' title='bbox 1476 530 1754 586; x_wconf 86' lang='lat' dir='ltr'>monachi</span> <span class='ocrx_word' id='word_1_28' title='bbox 1786 528 2020 598; x_wconf 82' lang='lat' dir='ltr'>vigiliae</span> 
     </span>
    </p>
   </div>
   <div class='ocr_carea' id='block_1_7' title="bbox 371 619 2023 682">
    <p class='ocr_par' dir='ltr' id='par_1_7' title="bbox 371 619 2023 682">
     <span class='ocr_line' id='line_1_7' title="bbox 371 619 2023 682; baseline -0.006 0"><span class='ocrx_word' id='word_1_29' title='bbox 371 630 429 682; x_wconf 85' lang='lat' dir='ltr'>et</span> <span class='ocrx_word' id='word_1_30' title='bbox 464 626 638 681; x_wconf 85' lang='lat' dir='ltr'>ﬂetus</span> <span class='ocrx_word' id='word_1_31' title='bbox 676 626 733 680; x_wconf 88' lang='lat' dir='ltr'>in</span> <span class='ocrx_word' id='word_1_32' title='bbox 774 624 1159 681; x_wconf 78' lang='lat' dir='ltr'>orationibus.</span> <span class='ocrx_word' id='word_1_33' title='bbox 1204 621 1485 678; x_wconf 88' lang='lat' dir='ltr'>Gloriatio</span> <span class='ocrx_word' id='word_1_34' title='bbox 1529 619 1809 675; x_wconf 85' lang='lat' dir='ltr'>monachi</span> <span class='ocrx_word' id='word_1_35' title='bbox 1852 634 2023 674; x_wconf 90' lang='lat' dir='ltr'>man-</span> 
     </span>
    </p>
   </div>
   <div class='ocr_carea' id='block_1_8' title="bbox 372 707 2021 770">
    <p class='ocr_par' dir='ltr' id='par_1_8' title="bbox 372 707 2021 770">
     <span class='ocr_line' id='line_1_8' title="bbox 372 707 2021 770; baseline -0.006 0"><span class='ocrx_word' id='word_1_36' title='bbox 372 716 629 770; x_wconf 87' lang='lat' dir='ltr'>suetudo</span> <span class='ocrx_word' id='word_1_37' title='bbox 671 722 727 770; x_wconf 90' lang='lat' dir='ltr'>et</span> <span class='ocrx_word' id='word_1_38' title='bbox 783 713 977 769; x_wconf 81' lang='lat' dir='ltr'>cordis</span> <span class='ocrx_word' id='word_1_39' title='bbox 1038 712 1357 767; x_wconf 89' lang='lat' dir='ltr'>silentium.</span> <span class='ocrx_word' id='word_1_40' title='bbox 1403 709 1679 765; x_wconf 87' lang='lat' dir='ltr'>Gloriatio</span> <span class='ocrx_word' id='word_1_41' title='bbox 1722 707 2021 769; x_wconf 84' lang='lat' dir='ltr'>monachi,</span> 
     </span>
    </p>
   </div>
   <div class='ocr_carea' id='block_1_9' title="bbox 374 797 2025 876">
    <p class='ocr_par' dir='ltr' id='par_1_9' title="bbox 374 797 2025 876">
     <span class='ocr_line' id='line_1_9' title="bbox 374 797 2025 876; baseline -0.006 -16"><span class='ocrx_word' id='word_1_42' title='bbox 374 804 624 876; x_wconf 82' lang='lat' dir='ltr'>quando</span> <span class='ocrx_word' id='word_1_43' title='bbox 649 803 970 859; x_wconf 89' lang='lat' dir='ltr'>Dominum</span> <span class='ocrx_word' id='word_1_44' title='bbox 994 818 1066 857; x_wconf 84' lang='lat' dir='ltr'>ex</span> <span class='ocrx_word' id='word_1_45' title='bbox 1102 807 1218 856; x_wconf 83' lang='lat' dir='ltr'>toto</span> <span class='ocrx_word' id='word_1_46' title='bbox 1240 799 1418 855; x_wconf 90' lang='lat' dir='ltr'>corde</span> <span class='ocrx_word' id='word_1_47' title='bbox 1440 799 1729 864; x_wconf 83' lang='lat' dir='ltr'>dilexerit,</span> <span class='ocrx_word' id='word_1_48' title='bbox 1754 802 1807 852; x_wconf 90' lang='lat' dir='ltr'>et</span> <span class='ocrx_word' id='word_1_49' title='bbox 1830 797 2025 868; x_wconf 82' lang='lat' dir='ltr'>proxi-</span> 
     </span>
    </p>
   </div>
   <div class='ocr_carea' id='block_1_10' title="bbox 372 885 2024 963">
    <p class='ocr_par' dir='ltr' id='par_1_10' title="bbox 372 885 2024 963">
     <span class='ocr_line' id='line_1_10' title="bbox 372 885 2024 963; baseline -0.005 -14"><span class='ocrx_word' id='word_1_50' title='bbox 372 909 543 949; x_wconf 91' lang='lat' dir='ltr'>mum</span> <span class='ocrx_word' id='word_1_51' title='bbox 575 909 753 948; x_wconf 89' lang='lat' dir='ltr'>suum</span> <span class='ocrx_word' id='word_1_52' title='bbox 782 899 1072 963; x_wconf 81' lang='lat' dir='ltr'>tanquam</span> <span class='ocrx_word' id='word_1_53' title='bbox 1101 890 1392 961; x_wconf 90' lang='lat' dir='ltr'>seipsum.</span> <span class='ocrx_word' id='word_1_54' title='bbox 1426 886 1707 943; x_wconf 87' lang='lat' dir='ltr'>Gloriatio</span> <span class='ocrx_word' id='word_1_55' title='bbox 1747 885 2024 941; x_wconf 87' lang='lat' dir='ltr'>monachi</span> 
     </span>
    </p>
   </div>
   <div class='ocr_carea' id='block_1_11' title="bbox 374 974 2022 1047">
    <p class='ocr_par' dir='ltr' id='par_1_11' title="bbox 374 974 2022 1047">
     <span class='ocr_line' id='line_1_11' title="bbox 374 974 2022 1047; baseline -0.006 -10"><span class='ocrx_word' id='word_1_56' title='bbox 374 980 739 1037; x_wconf 80' lang='lat' dir='ltr'>abstinentia</span> <span class='ocrx_word' id='word_1_57' title='bbox 779 995 1053 1036; x_wconf 87' lang='lat' dir='ltr'>escarum</span> <span class='ocrx_word' id='word_1_58' title='bbox 1102 984 1157 1033; x_wconf 91' lang='lat' dir='ltr'>et</span> <span class='ocrx_word' id='word_1_59' title='bbox 1208 992 1279 1032; x_wconf 91' lang='lat' dir='ltr'>ea</span> <span class='ocrx_word' id='word_1_60' title='bbox 1338 975 1715 1047; x_wconf 91' lang='lat' dir='ltr'>multiloquio</span> <span class='ocrx_word' id='word_1_61' title='bbox 1763 974 2022 1044; x_wconf 85' lang='lat' dir='ltr'>linguae.</span> 
     </span>
    </p>
   </div>
   <div class='ocr_carea' id='block_1_12' title="bbox 374 1062 2028 1138">
    <p class='ocr_par' dir='ltr' id='par_1_12' title="bbox 374 1062 2028 1138">
     <span class='ocr_line' id='line_1_12' title="bbox 374 1062 2028 1138; baseline -0.006 -13"><span class='ocrx_word' id='word_1_62' title='bbox 374 1069 657 1132; x_wconf 88' lang='lat' dir='ltr'>Gloriatio</span> <span class='ocrx_word' id='word_1_63' title='bbox 688 1067 990 1132; x_wconf 89' lang='lat' dir='ltr'>monachi,</span> <span class='ocrx_word' id='word_1_64' title='bbox 1023 1066 1273 1138; x_wconf 88' lang='lat' dir='ltr'>quando</span> <span class='ocrx_word' id='word_1_65' title='bbox 1300 1064 1641 1137; x_wconf 88' lang='lat' dir='ltr'>proximum</span> <span class='ocrx_word' id='word_1_66' title='bbox 1671 1078 1847 1117; x_wconf 92' lang='lat' dir='ltr'>suum</span> <span class='ocrx_word' id='word_1_67' title='bbox 1880 1062 2028 1117; x_wconf 91' lang='lat' dir='ltr'>sicut</span> 
     </span>
    </p>
   </div>
   <div class='ocr_carea' id='block_1_13' title="bbox 376 1150 2030 1236">
    <p class='ocr_par' dir='ltr' id='par_1_13' title="bbox 376 1150 2030 1236">
     <span class='ocr_line' id='line_1_13' title="bbox 376 1150 2030 1236; baseline -0.009 -14"><span class='ocrx_word' id='word_1_68' title='bbox 376 1166 639 1236; x_wconf 89' lang='lat' dir='ltr'>seipsum</span> <span class='ocrx_word' id='word_1_69' title='bbox 665 1160 901 1231; x_wconf 89' lang='lat' dir='ltr'>patitur.</span> <span class='ocrx_word' id='word_1_70' title='bbox 933 1155 1209 1212; x_wconf 89' lang='lat' dir='ltr'>Gloriatio</span> <span class='ocrx_word' id='word_1_71' title='bbox 1239 1153 1536 1223; x_wconf 88' lang='lat' dir='ltr'>monachi,</span> <span class='ocrx_word' id='word_1_72' title='bbox 1569 1151 1817 1223; x_wconf 89' lang='lat' dir='ltr'>quando</span> <span class='ocrx_word' id='word_1_73' title='bbox 1848 1150 2030 1207; x_wconf 86' lang='lat' dir='ltr'>verba</span> 
     </span>
    </p>
   </div>
   <div class='ocr_carea' id='block_1_14' title="bbox 376 1240 2030 1323">
    <p class='ocr_par' dir='ltr' id='par_1_14' title="bbox 376 1240 2030 1323">
     <span class='ocr_line' id='line_1_14' title="bbox 376 1240 2030 1323; baseline -0.011 -11"><span class='ocrx_word' id='word_1_74' title='bbox 376 1256 500 1313; x_wconf 90' lang='lat' dir='ltr'>eius</span> <span class='ocrx_word' id='word_1_75' title='bbox 518 1249 800 1323; x_wconf 88' lang='lat' dir='ltr'>operibus</span> <span class='ocrx_word' id='word_1_76' title='bbox 813 1242 1450 1301; x_wconf 90' lang='lat' dir='ltr'>consonant.Gloriatio</span> <span class='ocrx_word' id='word_1_77' title='bbox 1467 1240 1768 1304; x_wconf 86' lang='lat' dir='ltr'>monachi,</span> <span class='ocrx_word' id='word_1_78' title='bbox 1781 1240 2030 1312; x_wconf 89' lang='lat' dir='ltr'>quando</span> 
     </span>
    </p>
   </div>
   <div class='ocr_carea' id='block_1_15' title="bbox 374 1331 2029 1406">
    <p class='ocr_par' dir='ltr' id='par_1_15' title="bbox 374 1331 2029 1406">
     <span class='ocr_line' id='line_1_15' title="bbox 374 1331 2029 1406; baseline -0.01 -8"><span class='ocrx_word' id='word_1_79' title='bbox 374 1344 435 1399; x_wconf 91' lang='lat' dir='ltr'>in</span> <span class='ocrx_word' id='word_1_80' title='bbox 458 1342 591 1398; x_wconf 91' lang='lat' dir='ltr'>loco</span> <span class='ocrx_word' id='word_1_81' title='bbox 618 1352 727 1392; x_wconf 88' lang='lat' dir='ltr'>suo</span> <span class='ocrx_word' id='word_1_82' title='bbox 761 1338 1070 1406; x_wconf 84' lang='lat' dir='ltr'>permanet</span> <span class='ocrx_word' id='word_1_83' title='bbox 1096 1339 1152 1387; x_wconf 93' lang='lat' dir='ltr'>et</span> <span class='ocrx_word' id='word_1_84' title='bbox 1180 1332 1297 1386; x_wconf 89' lang='lat' dir='ltr'>huc</span> <span class='ocrx_word' id='word_1_85' title='bbox 1328 1331 1587 1401; x_wconf 90' lang='lat' dir='ltr'>illucque</span> <span class='ocrx_word' id='word_1_86' title='bbox 1611 1345 1732 1383; x_wconf 89' lang='lat' dir='ltr'>non</span> <span class='ocrx_word' id='word_1_87' title='bbox 1755 1334 2029 1397; x_wconf 79' lang='lat' dir='ltr'>vagatur.</span> 
     </span>
    </p>
   </div>
   <div class='ocr_carea' id='block_1_16' title="bbox 377 1416 2034 1489">
    <p class='ocr_par' dir='ltr' id='par_1_16' title="bbox 377 1416 2034 1489">
     <span class='ocr_line' id='line_1_16' title="bbox 377 1416 2034 1489; baseline -0.009 -3"><span class='ocrx_word' id='word_1_88' title='bbox 377 1427 656 1486; x_wconf 86' lang='lat' dir='ltr'>Gloriatio</span> <span class='ocrx_word' id='word_1_89' title='bbox 700 1421 979 1478; x_wconf 90' lang='lat' dir='ltr'>monachi</span> <span class='ocrx_word' id='word_1_90' title='bbox 1013 1419 1457 1489; x_wconf 82' lang='lat' dir='ltr'>longanimitas.</span> <span class='ocrx_word' id='word_1_91' title='bbox 1501 1417 1663 1471; x_wconf 89' lang='lat' dir='ltr'>Sicut</span> <span class='ocrx_word' id='word_1_92' title='bbox 1700 1416 1936 1486; x_wconf 86' lang='lat' dir='ltr'>lampas</span> <span class='ocrx_word' id='word_1_93' title='bbox 1975 1416 2034 1471; x_wconf 88' lang='lat' dir='ltr'>in</span> 
     </span>
    </p>
   </div>
   <div class='ocr_carea' id='block_1_17' title="bbox 376 1504 2034 1576">
    <p class='ocr_par' dir='ltr' id='par_1_17' title="bbox 376 1504 2034 1576">
     <span class='ocr_line' id='line_1_17' title="bbox 376 1504 2034 1576; baseline -0.01 -2"><span class='ocrx_word' id='word_1_94' title='bbox 376 1520 510 1575; x_wconf 90' lang='lat' dir='ltr'>loco</span> <span class='ocrx_word' id='word_1_95' title='bbox 553 1514 886 1576; x_wconf 88' lang='lat' dir='ltr'>tenebroso,</span> <span class='ocrx_word' id='word_1_96' title='bbox 929 1512 1079 1565; x_wconf 87' lang='lat' dir='ltr'>sicut</span> <span class='ocrx_word' id='word_1_97' title='bbox 1118 1509 1206 1564; x_wconf 88' lang='lat' dir='ltr'>sol</span> <span class='ocrx_word' id='word_1_98' title='bbox 1245 1508 1512 1575; x_wconf 86' lang='lat' dir='ltr'>radians,</span> <span class='ocrx_word' id='word_1_99' title='bbox 1567 1506 1649 1560; x_wconf 89' lang='lat' dir='ltr'>sic</span> <span class='ocrx_word' id='word_1_100' title='bbox 1700 1504 2034 1560; x_wconf 89' lang='lat' dir='ltr'>monachus</span> 
     </span>
    </p>
   </div>
   <div class='ocr_carea' id='block_1_18' title="bbox 380 1594 2035 1671">
    <p class='ocr_par' dir='ltr' id='par_1_18' title="bbox 380 1594 2035 1671">
     <span class='ocr_line' id='line_1_18' title="bbox 380 1594 2035 1671; baseline -0.011 -6"><span class='ocrx_word' id='word_1_101' title='bbox 380 1612 577 1665; x_wconf 88' lang='lat' dir='ltr'>mente</span> <span class='ocrx_word' id='word_1_102' title='bbox 606 1603 809 1657; x_wconf 88' lang='lat' dir='ltr'>sobria</span> <span class='ocrx_word' id='word_1_103' title='bbox 838 1606 893 1655; x_wconf 92' lang='lat' dir='ltr'>et</span> <span class='ocrx_word' id='word_1_104' title='bbox 924 1600 1100 1655; x_wconf 87' lang='lat' dir='ltr'>corde</span> <span class='ocrx_word' id='word_1_105' title='bbox 1132 1596 1399 1671; x_wconf 78' lang='lat' dir='ltr'>pervigili</span> <span class='ocrx_word' id='word_1_106' title='bbox 1442 1598 1503 1651; x_wconf 88' lang='lat' dir='ltr'>in</span> <span class='ocrx_word' id='word_1_107' title='bbox 1545 1601 1810 1666; x_wconf 88' lang='lat' dir='ltr'>tempore</span> <span class='ocrx_word' id='word_1_108' title='bbox 1830 1594 2035 1650; x_wconf 88' lang='lat' dir='ltr'>salutis</span> 
     </span>
    </p>
   </div>
   <div class='ocr_carea' id='block_1_19' title="bbox 2133 437 3800 512">
    <p class='ocr_par' dir='ltr' id='par_1_19' title="bbox 2133 437 3800 512">
     <span class='ocr_line' id='line_1_19' title="bbox 2133 437 3800 512; baseline 0.002 -20"><span class='ocrx_word' id='word_1_109' title='bbox 2133 437 2216 492; x_wconf 91' lang='lat' dir='ltr'>sic</span> <span class='ocrx_word' id='word_1_110' title='bbox 2257 453 2509 493; x_wconf 85' lang='lat' dir='ltr'>somnus</span> <span class='ocrx_word' id='word_1_111' title='bbox 2550 438 2940 494; x_wconf 88' lang='lat' dir='ltr'>monachum.</span> <span class='ocrx_word' id='word_1_112' title='bbox 2985 440 3145 496; x_wconf 90' lang='lat' dir='ltr'>Sicut</span> <span class='ocrx_word' id='word_1_113' title='bbox 3207 440 3419 512; x_wconf 88' lang='lat' dir='ltr'>spinae</span> <span class='ocrx_word' id='word_1_114' title='bbox 3476 445 3535 496; x_wconf 87' lang='lat' dir='ltr'>et</span> <span class='ocrx_word' id='word_1_115' title='bbox 3592 440 3800 496; x_wconf 83' lang='lat' dir='ltr'>tribuli</span> 
     </span>
    </p>
   </div>
   <div class='ocr_carea' id='block_1_20' title="bbox 2133 526 3799 600">
    <p class='ocr_par' dir='ltr' id='par_1_20' title="bbox 2133 526 3799 600">
     <span class='ocr_line' id='line_1_20' title="bbox 2133 526 3799 600; baseline 0.003 -19"><span class='ocrx_word' id='word_1_116' title='bbox 2133 542 2278 596; x_wconf 87' lang='lat' dir='ltr'>agro</span> <span class='ocrx_word' id='word_1_117' title='bbox 2309 526 2535 599; x_wconf 89' lang='lat' dir='ltr'>opimo,</span> <span class='ocrx_word' id='word_1_118' title='bbox 2556 527 2641 582; x_wconf 92' lang='lat' dir='ltr'>sic</span> <span class='ocrx_word' id='word_1_119' title='bbox 2672 534 2727 583; x_wconf 87' lang='lat' dir='ltr'>et</span> <span class='ocrx_word' id='word_1_120' title='bbox 2756 528 3147 599; x_wconf 88' lang='lat' dir='ltr'>cogitationes</span> <span class='ocrx_word' id='word_1_121' title='bbox 3179 535 3382 600; x_wconf 88' lang='lat' dir='ltr'>turpes</span> <span class='ocrx_word' id='word_1_122' title='bbox 3408 529 3707 600; x_wconf 86' lang='lat' dir='ltr'>pessimae</span> <span class='ocrx_word' id='word_1_123' title='bbox 3734 531 3799 586; x_wconf 86' lang='lat' dir='ltr'>in</span> 
     </span>
    </p>
   </div>
   <div class='ocr_carea' id='block_1_21' title="bbox 2132 614 3802 673">
    <p class='ocr_par' dir='ltr' id='par_1_21' title="bbox 2132 614 3802 673">
     <span class='ocr_line' id='line_1_21' title="bbox 2132 614 3802 673; baseline 0.001 -2"><span class='ocrx_word' id='word_1_124' title='bbox 2132 614 2311 671; x_wconf 91' lang='lat' dir='ltr'>corde</span> <span class='ocrx_word' id='word_1_125' title='bbox 2352 616 2649 671; x_wconf 86' lang='lat' dir='ltr'>monachi.</span> <span class='ocrx_word' id='word_1_126' title='bbox 2692 616 2856 672; x_wconf 89' lang='lat' dir='ltr'>Sicut</span> <span class='ocrx_word' id='word_1_127' title='bbox 2896 618 3053 673; x_wconf 88' lang='lat' dir='ltr'>tinea</span> <span class='ocrx_word' id='word_1_128' title='bbox 3092 618 3444 673; x_wconf 86' lang='lat' dir='ltr'>exterminat</span> <span class='ocrx_word' id='word_1_129' title='bbox 3481 620 3802 673; x_wconf 86' lang='lat' dir='ltr'>vestimen-</span> 
     </span>
    </p>
   </div>
   <div class='ocr_carea' id='block_1_22' title="bbox 2133 704 3799 766">
    <p class='ocr_par' dir='ltr' id='par_1_22' title="bbox 2133 704 3799 766">
     <span class='ocr_line' id='line_1_22' title="bbox 2133 704 3799 766; baseline 0.002 -7"><span class='ocrx_word' id='word_1_130' title='bbox 2133 708 2281 766; x_wconf 87' lang='lat' dir='ltr'>tum,</span> <span class='ocrx_word' id='word_1_131' title='bbox 2323 704 2408 758; x_wconf 92' lang='lat' dir='ltr'>sic</span> <span class='ocrx_word' id='word_1_132' title='bbox 2448 704 2864 760; x_wconf 87' lang='lat' dir='ltr'>distractiones</span> <span class='ocrx_word' id='word_1_133' title='bbox 2902 706 3171 761; x_wconf 88' lang='lat' dir='ltr'>animam</span> <span class='ocrx_word' id='word_1_134' title='bbox 3227 706 3527 761; x_wconf 89' lang='lat' dir='ltr'>monachi.</span> <span class='ocrx_word' id='word_1_135' title='bbox 3571 705 3695 763; x_wconf 85' lang='lat' dir='ltr'>Noli</span> <span class='ocrx_word' id='word_1_136' title='bbox 3741 713 3799 763; x_wconf 85' lang='lat' dir='ltr'>te</span> 
     </span>
    </p>
   </div>
   <div class='ocr_carea' id='block_1_23' title="bbox 2132 793 3799 867">
    <p class='ocr_par' dir='ltr' id='par_1_23' title="bbox 2132 793 3799 867">
     <span class='ocr_line' id='line_1_23' title="bbox 2132 793 3799 867; baseline 0.003 -19"><span class='ocrx_word' id='word_1_137' title='bbox 2132 793 2276 848; x_wconf 90' lang='lat' dir='ltr'>dare</span> <span class='ocrx_word' id='word_1_138' title='bbox 2304 793 2375 848; x_wconf 88' lang='lat' dir='ltr'>ad</span> <span class='ocrx_word' id='word_1_139' title='bbox 2407 793 2775 865; x_wconf 89' lang='lat' dir='ltr'>colloquium</span> <span class='ocrx_word' id='word_1_140' title='bbox 2808 795 3147 861; x_wconf 87' lang='lat' dir='ltr'>mulierum,</span> <span class='ocrx_word' id='word_1_141' title='bbox 3178 811 3251 850; x_wconf 90' lang='lat' dir='ltr'>ne</span> <span class='ocrx_word' id='word_1_142' title='bbox 3272 795 3383 851; x_wconf 83' lang='lat' dir='ltr'>ﬁas</span> <span class='ocrx_word' id='word_1_143' title='bbox 3409 802 3729 867; x_wconf 89' lang='lat' dir='ltr'>separatus</span> <span class='ocrx_word' id='word_1_144' title='bbox 3758 812 3799 853; x_wconf 67' lang='grc' dir='ltr'>α</span> 
     </span>
    </p>
   </div>
   <div class='ocr_carea' id='block_1_24' title="bbox 2134 883 3798 956">
    <p class='ocr_par' dir='ltr' id='par_1_24' title="bbox 2134 883 3798 956">
     <span class='ocr_line' id='line_1_24' title="bbox 2134 883 3798 956; baseline 0.002 -19"><span class='ocrx_word' id='word_1_145' title='bbox 2134 897 2319 950; x_wconf 87' lang='lat' dir='ltr'>regno</span> <span class='ocrx_word' id='word_1_146' title='bbox 2354 883 2450 937; x_wconf 91' lang='lat' dir='ltr'>Dei</span> <span class='ocrx_word' id='word_1_147' title='bbox 2484 898 2498 947; x_wconf 89' lang='lat'>;</span> <span class='ocrx_word' id='word_1_148' title='bbox 2532 888 2586 939; x_wconf 88' lang='lat' dir='ltr'>et</span> <span class='ocrx_word' id='word_1_149' title='bbox 2608 898 2681 938; x_wconf 92' lang='lat' dir='ltr'>ne</span> <span class='ocrx_word' id='word_1_150' title='bbox 2707 883 2844 938; x_wconf 86' lang='lat' dir='ltr'>velis</span> <span class='ocrx_word' id='word_1_151' title='bbox 2870 884 3066 940; x_wconf 89' lang='lat' dir='ltr'>dicere</span> <span class='ocrx_word' id='word_1_152' title='bbox 3096 901 3107 939; x_wconf 88' lang='lat'>:</span> <span class='ocrx_word' id='word_1_153' title='bbox 3140 885 3353 956; x_wconf 90' lang='lat' dir='ltr'>loquar</span> <span class='ocrx_word' id='word_1_154' title='bbox 3378 901 3515 940; x_wconf 91' lang='lat' dir='ltr'>cum</span> <span class='ocrx_word' id='word_1_155' title='bbox 3546 884 3798 941; x_wconf 88' lang='lat' dir='ltr'>muliere</span> 
     </span>
    </p>
   </div>
   <div class='ocr_carea' id='block_1_25' title="bbox 2135 970 3796 1045">
    <p class='ocr_par' dir='ltr' id='par_1_25' title="bbox 2135 970 3796 1045">
     <span class='ocr_line' id='line_1_25' title="bbox 2135 970 3796 1045; baseline 0.002 -20"><span class='ocrx_word' id='word_1_156' title='bbox 2135 970 2478 1026; x_wconf 86' lang='lat' dir='ltr'>etmundus</span> <span class='ocrx_word' id='word_1_157' title='bbox 2510 988 2664 1027; x_wconf 88' lang='lat' dir='ltr'>sum.</span> <span class='ocrx_word' id='word_1_158' title='bbox 2706 973 3027 1029; x_wconf 80' lang='lat' dir='ltr'>Monachus</span> <span class='ocrx_word' id='word_1_159' title='bbox 3067 974 3305 1045; x_wconf 88' lang='lat' dir='ltr'>sapiens</span> <span class='ocrx_word' id='word_1_160' title='bbox 3347 975 3471 1029; x_wconf 91' lang='lat' dir='ltr'>suis</span> <span class='ocrx_word' id='word_1_161' title='bbox 3512 974 3796 1031; x_wconf 87' lang='lat' dir='ltr'>manibus</span> 
     </span>
    </p>
   </div>
   <div class='ocr_carea' id='block_1_26' title="bbox 2136 1061 3801 1135">
    <p class='ocr_par' dir='ltr' id='par_1_26' title="bbox 2136 1061 3801 1135">
     <span class='ocr_line' id='line_1_26' title="bbox 2136 1061 3801 1135; baseline 0.002 -20"><span class='ocrx_word' id='word_1_162' title='bbox 2136 1065 2417 1131; x_wconf 85' lang='lat' dir='ltr'>operatur</span> <span class='ocrx_word' id='word_1_163' title='bbox 2456 1066 2513 1116; x_wconf 91' lang='lat' dir='ltr'>et</span> <span class='ocrx_word' id='word_1_164' title='bbox 2550 1062 2768 1117; x_wconf 89' lang='lat' dir='ltr'>victum</span> <span class='ocrx_word' id='word_1_165' title='bbox 2811 1061 2919 1117; x_wconf 89' lang='lat' dir='ltr'>sibi</span> <span class='ocrx_word' id='word_1_166' title='bbox 2971 1062 3394 1134; x_wconf 90' lang='lat' dir='ltr'>quotidianum</span> <span class='ocrx_word' id='word_1_167' title='bbox 3442 1064 3695 1135; x_wconf 88' lang='lat' dir='ltr'>acquirit</span> <span class='ocrx_word' id='word_1_168' title='bbox 3740 1069 3801 1120; x_wconf 91' lang='lat' dir='ltr'>et</span> 
     </span>
    </p>
   </div>
   <div class='ocr_carea' id='block_1_27' title="bbox 2137 1150 3797 1219">
    <p class='ocr_par' dir='ltr' id='par_1_27' title="bbox 2137 1150 3797 1219">
     <span class='ocr_line' id='line_1_27' title="bbox 2137 1150 3797 1219; baseline 0.002 -13"><span class='ocrx_word' id='word_1_169' title='bbox 2137 1150 2402 1206; x_wconf 86' lang='lat' dir='ltr'>lucratus</span> <span class='ocrx_word' id='word_1_170' title='bbox 2433 1158 2519 1205; x_wconf 90' lang='lat' dir='ltr'>est</span> <span class='ocrx_word' id='word_1_171' title='bbox 2539 1151 2840 1206; x_wconf 88' lang='lat' dir='ltr'>orationes</span> <span class='ocrx_word' id='word_1_172' title='bbox 2872 1156 2928 1206; x_wconf 93' lang='lat' dir='ltr'>et</span> <span class='ocrx_word' id='word_1_173' title='bbox 2954 1150 3180 1207; x_wconf 87' lang='lat' dir='ltr'>ieiunia</span> <span class='ocrx_word' id='word_1_174' title='bbox 3206 1168 3314 1207; x_wconf 88' lang='lat' dir='ltr'>sua</span> <span class='ocrx_word' id='word_1_175' title='bbox 3356 1170 3369 1219; x_wconf 89' lang='lat'><strong>;</strong></span> <span class='ocrx_word' id='word_1_176' title='bbox 3412 1153 3460 1207; x_wconf 92' lang='lat' dir='ltr'>si</span> <span class='ocrx_word' id='word_1_177' title='bbox 3490 1158 3690 1209; x_wconf 86' lang='lat' dir='ltr'>autem</span> <span class='ocrx_word' id='word_1_178' title='bbox 3717 1154 3797 1209; x_wconf 91' lang='lat' dir='ltr'>ab</span> 
     </span>
    </p>
   </div>
   <div class='ocr_carea' id='block_1_28' title="bbox 2140 1237 3799 1312">
    <p class='ocr_par' dir='ltr' id='par_1_28' title="bbox 2140 1237 3799 1312">
     <span class='ocr_line' id='line_1_28' title="bbox 2140 1237 3799 1312; baseline 0.003 -18"><span class='ocrx_word' id='word_1_179' title='bbox 2140 1237 2257 1294; x_wconf 88' lang='lat' dir='ltr'>alio</span> <span class='ocrx_word' id='word_1_180' title='bbox 2297 1238 2590 1309; x_wconf 89' lang='lat' dir='ltr'>acceperit</span> <span class='ocrx_word' id='word_1_181' title='bbox 2630 1240 2871 1304; x_wconf 85' lang='lat' dir='ltr'>victum,</span> <span class='ocrx_word' id='word_1_182' title='bbox 2913 1240 3057 1312; x_wconf 89' lang='lat' dir='ltr'>quid</span> <span class='ocrx_word' id='word_1_183' title='bbox 3091 1241 3332 1310; x_wconf 89' lang='lat' dir='ltr'>prodest</span> <span class='ocrx_word' id='word_1_184' title='bbox 3369 1240 3534 1312; x_wconf 88' lang='lat' dir='ltr'>quod</span> <span class='ocrx_word' id='word_1_185' title='bbox 3571 1247 3702 1299; x_wconf 90' lang='lat' dir='ltr'>orat</span> <span class='ocrx_word' id='word_1_186' title='bbox 3738 1247 3799 1299; x_wconf 88' lang='lat' dir='ltr'>et</span> 
     </span>
    </p>
   </div>
   <div class='ocr_carea' id='block_1_29' title="bbox 2140 1326 3794 1398">
    <p class='ocr_par' dir='ltr' id='par_1_29' title="bbox 2140 1326 3794 1398">
     <span class='ocr_line' id='line_1_29' title="bbox 2140 1326 3794 1398; baseline 0.003 -18"><span class='ocrx_word' id='word_1_187' title='bbox 2140 1326 2400 1395; x_wconf 88' lang='lat' dir='ltr'>vigilat?</span> <span class='ocrx_word' id='word_1_188' title='bbox 2431 1328 2588 1383; x_wconf 88' lang='lat' dir='ltr'>Sicut</span> <span class='ocrx_word' id='word_1_189' title='bbox 2626 1330 3029 1383; x_wconf 86' lang='lat' dir='ltr'>mercenarius</span> <span class='ocrx_word' id='word_1_190' title='bbox 3066 1328 3263 1384; x_wconf 89' lang='lat' dir='ltr'>malus</span> <span class='ocrx_word' id='word_1_191' title='bbox 3303 1330 3503 1384; x_wconf 89' lang='lat' dir='ltr'>nudus</span> <span class='ocrx_word' id='word_1_192' title='bbox 3542 1330 3739 1386; x_wconf 86' lang='lat' dir='ltr'>evadit</span> <span class='ocrx_word' id='word_1_193' title='bbox 3778 1348 3794 1398; x_wconf 91' lang='lat'><strong>;</strong></span> 
     </span>
    </p>
   </div>
   <div class='ocr_carea' id='block_1_30' title="bbox 2143 1416 3796 1490">
    <p class='ocr_par' dir='ltr' id='par_1_30' title="bbox 2143 1416 3796 1490">
     <span class='ocr_line' id='line_1_30' title="bbox 2143 1416 3796 1490; baseline 0.004 -20"><span class='ocrx_word' id='word_1_194' title='bbox 2143 1416 2285 1488; x_wconf 91' lang='lat' dir='ltr'>quia</span> <span class='ocrx_word' id='word_1_195' title='bbox 2299 1416 2586 1486; x_wconf 91' lang='lat' dir='ltr'>scriptum</span> <span class='ocrx_word' id='word_1_196' title='bbox 2601 1423 2714 1471; x_wconf 88' lang='lat' dir='ltr'>est:</span> <span class='ocrx_word' id='word_1_197' title='bbox 2735 1416 2947 1472; x_wconf 82' lang='lat' dir='ltr'>Melius</span> <span class='ocrx_word' id='word_1_198' title='bbox 2959 1424 3043 1473; x_wconf 90' lang='lat' dir='ltr'>est</span> <span class='ocrx_word' id='word_1_199' title='bbox 3059 1418 3204 1474; x_wconf 84' lang='lat' dir='ltr'>dare</span> <span class='ocrx_word' id='word_1_200' title='bbox 3220 1433 3397 1490; x_wconf 88' lang='lat' dir='ltr'>quam</span> <span class='ocrx_word' id='word_1_201' title='bbox 3410 1419 3679 1488; x_wconf 83' lang='lat' dir='ltr'>accipere</span> <span class='ocrx_word' id='word_1_202' title='bbox 3692 1422 3796 1489; x_wconf 80' lang='lat'>(2).</span> 
     </span>
    </p>
   </div>
   <div class='ocr_carea' id='block_1_31' title="bbox 2146 1504 3797 1578">
    <p class='ocr_par' dir='ltr' id='par_1_31' title="bbox 2146 1504 3797 1578">
     <span class='ocr_line' id='line_1_31' title="bbox 2146 1504 3797 1578; baseline 0.004 -20"><span class='ocrx_word' id='word_1_203' title='bbox 2146 1505 2259 1570; x_wconf 88' lang='lat' dir='ltr'>Qui</span> <span class='ocrx_word' id='word_1_204' title='bbox 2297 1504 2463 1574; x_wconf 87' lang='lat' dir='ltr'>legis,</span> <span class='ocrx_word' id='word_1_205' title='bbox 2507 1505 2766 1575; x_wconf 84' lang='lat' dir='ltr'>intelligo</span> <span class='ocrx_word' id='word_1_206' title='bbox 2796 1507 2855 1560; x_wconf 94' lang='lat' dir='ltr'>in</span> <span class='ocrx_word' id='word_1_207' title='bbox 2916 1507 3168 1562; x_wconf 92' lang='lat' dir='ltr'>Domino</span> <span class='ocrx_word' id='word_1_208' title='bbox 3222 1523 3481 1578; x_wconf 89' lang='lat' dir='ltr'>semper.</span> <span class='ocrx_word' id='word_1_209' title='bbox 3521 1508 3797 1576; x_wconf 73' lang='lat' dir='ltr'>Explicit</span> 
     </span>
    </p>
   </div>
   <div class='ocr_carea' id='block_1_32' title="bbox 2147 1593 3789 1669">
    <p class='ocr_par' dir='ltr' id='par_1_32' title="bbox 2147 1593 3789 1669">
     <span class='ocr_line' id='line_1_32' title="bbox 2147 1593 3789 1669; baseline 0.001 -19"><span class='ocrx_word' id='word_1_210' title='bbox 2147 1594 2385 1663; x_wconf 79' lang='lat' dir='ltr'>epistola</span> <span class='ocrx_word' id='word_1_211' title='bbox 2404 1593 2557 1650; x_wconf 82' lang='lat' dir='ltr'>beati</span> <span class='ocrx_word' id='word_1_212' title='bbox 2569 1594 2866 1652; x_wconf 79' lang='lat' dir='ltr'>Macharii</span> <span class='ocrx_word' id='word_1_213' title='bbox 2877 1596 3107 1652; x_wconf 78' lang='lat' dir='ltr'>abbatis</span> <span class='ocrx_word' id='word_1_214' title='bbox 3121 1596 3263 1653; x_wconf 88' lang='lat' dir='ltr'>data</span> <span class='ocrx_word' id='word_1_215' title='bbox 3274 1596 3355 1654; x_wconf 89' lang='lat' dir='ltr'>ad</span> <span class='ocrx_word' id='word_1_216' title='bbox 3366 1597 3762 1669; x_wconf 64' lang='lat' dir='ltr'>monac/103(3)</span> <span class='ocrx_word' id='word_1_217' title='bbox 3775 1638 3789 1652; x_wconf 95' lang='lat'>.</span> 
     </span>
    </p>
   </div>
   <div class='ocr_carea' id='block_1_33' title="bbox 1950 1718 2202 1773">
    <p class='ocr_par' dir='ltr' id='par_1_33' title="bbox 1950 1718 2202 1773">
     <span class='ocr_line' id='line_1_33' title="bbox 1950 1718 2202 1773; baseline 0.004 -1"><span class='ocrx_word' id='word_1_218' title='bbox 1950 1718 2202 1773; x_wconf 75' lang='lat' dir='ltr'>NOTAE.</span> 
     </span>
    </p>
   </div>
   <div class='ocr_carea' id='block_1_34' title="bbox 458 1826 955 1897">
    <p class='ocr_par' dir='ltr' id='par_1_34' title="bbox 458 1826 955 1897">
     <span class='ocr_line' id='line_1_34' title="bbox 458 1826 955 1897; baseline -0.01 -16"><span class='ocrx_word' id='word_1_219' title='bbox 458 1827 539 1897; x_wconf 78' lang='grc'>(2)</span> <span class='ocrx_word' id='word_1_220' title='bbox 586 1826 708 1897; x_wconf 84' lang='lat' dir='ltr'>Act.</span> <span class='ocrx_word' id='word_1_221' title='bbox 736 1840 837 1897; x_wconf 79' lang='lat' dir='ltr'>xx,</span> <span class='ocrx_word' id='word_1_222' title='bbox 866 1827 955 1897; x_wconf 59' lang='lat'>95.</span> 
     </span>
    </p>
   </div>
   <div class='ocr_carea' id='block_1_35' title="bbox 461 1885 2987 1969">
    <p class='ocr_par' dir='ltr' id='par_1_35' title="bbox 461 1885 2987 1969">
     <span class='ocr_line' id='line_1_35' title="bbox 461 1885 2987 1969; baseline -0.005 -16"><span class='ocrx_word' id='word_1_223' title='bbox 582 1896 671 1953; x_wconf 91' lang='lat' dir='ltr'>Sic</span> <span class='ocrx_word' id='word_1_224' title='bbox 696 1885 830 1951; x_wconf 80' lang='lat' dir='ltr'>cod.</span> <span class='ocrx_word' id='word_1_225' title='bbox 864 1890 1261 1949; x_wconf 86' lang='lat' dir='ltr'>Bruxellensis</span> <span class='ocrx_word' id='word_1_226' title='bbox 1286 1912 1304 1960; x_wconf 85' lang='lat'>,-</span> <span class='ocrx_word' id='word_1_227' title='bbox 1328 1888 1558 1945; x_wconf 76' lang='lat' dir='ltr'>abbatis</span> <span class='ocrx_word' id='word_1_228' title='bbox 1584 1888 1730 1944; x_wconf 89' lang='lat' dir='ltr'>data</span> <span class='ocrx_word' id='word_1_229' title='bbox 1758 1886 1839 1944; x_wconf 91' lang='lat' dir='ltr'>ad</span> <span class='ocrx_word' id='word_1_230' title='bbox 1867 1885 2189 1943; x_wconf 82' lang='lat' dir='ltr'>monachos</span> <span class='ocrx_word' id='word_1_231' title='bbox 2214 1902 2336 1943; x_wconf 92' lang='lat' dir='ltr'>om.</span> <span class='ocrx_word' id='word_1_232' title='bbox 2374 1887 2476 1943; x_wconf 88' lang='lat' dir='ltr'>Ed.</span> <span class='ocrx_word' id='word_1_233' title='bbox 2504 1887 2806 1945; x_wconf 88' lang='lat' dir='ltr'>Holstenii.</span> <span class='ocrx_word' id='word_1_234' title='bbox 2837 1888 2987 1945; x_wconf 74' lang='lat' dir='ltr'>Eon.</span> 
     </span>
    </p>
   </div>
   <div class='ocr_carea' id='block_1_36' title="bbox 2007 2248 2159 2337">
    <p class='ocr_par' dir='ltr' id='par_1_36' title="bbox 2007 2248 2159 2337">
     <span class='ocr_line' id='line_1_36' title="bbox 2007 2248 2159 2337; baseline -0.013 0"><span class='ocrx_word' id='word_1_235' title='bbox 2007 2248 2159 2337; x_wconf 89' lang='lat' dir='ltr'>IV.</span> 
     </span>
    </p>
   </div>
   <div class='ocr_carea' id='block_1_37' title="bbox 1410 2471 2769 2564">
    <p class='ocr_par' dir='ltr' id='par_1_37' title="bbox 1410 2471 2769 2564">
     <span class='ocr_line' id='line_1_37' title="bbox 1410 2471 2769 2564; baseline 0.001 -3"><span class='ocrx_word' id='word_1_236' title='bbox 1410 2472 1926 2562; x_wconf 82' lang='lat' dir='ltr'>EPISTOLA</span> <span class='ocrx_word' id='word_1_237' title='bbox 2016 2471 2769 2564; x_wconf 77' lang='lat' dir='ltr'>SUPPUSITICIA</span> 
     </span>
    </p>
   </div>
   <div class='ocr_carea' id='block_1_38' title="bbox 775 2672 3385 2742">
    <p class='ocr_par' dir='ltr' id='par_1_38' title="bbox 775 2672 3385 2742">
     <span class='ocr_line' id='line_1_38' title="bbox 775 2672 3385 2742; baseline -0.002 -6"><span class='ocrx_word' id='word_1_238' title='bbox 775 2679 881 2736; x_wconf 87' lang='lat' dir='ltr'>sub</span> <span class='ocrx_word' id='word_1_239' title='bbox 909 2678 1146 2734; x_wconf 83' lang='lat' dir='ltr'>nomine</span> <span class='ocrx_word' id='word_1_240' title='bbox 1176 2674 1481 2731; x_wconf 84' lang='lat' dir='ltr'>Macharii</span> <span class='ocrx_word' id='word_1_241' title='bbox 1508 2690 1544 2730; x_wconf 91' lang='lat' dir='ltr'>a</span> <span class='ocrx_word' id='word_1_242' title='bbox 1574 2672 1927 2729; x_wconf 84' lang='lat' dir='ltr'>Petitdidier</span> <span class='ocrx_word' id='word_1_243' title='bbox 1955 2673 2135 2738; x_wconf 83' lang='lat' dir='ltr'>edita,</span> <span class='ocrx_word' id='word_1_244' title='bbox 2167 2672 2248 2729; x_wconf 91' lang='lat' dir='ltr'>ad</span> <span class='ocrx_word' id='word_1_245' title='bbox 2277 2674 2451 2742; x_wconf 80' lang='lat' dir='ltr'>ﬁdem</span> <span class='ocrx_word' id='word_1_246' title='bbox 2476 2674 2739 2730; x_wconf 83' lang='lat' dir='ltr'>codicum</span> <span class='ocrx_word' id='word_1_247' title='bbox 2773 2674 2867 2731; x_wconf 81' lang='lat' dir='ltr'>hic</span> <span class='ocrx_word' id='word_1_248' title='bbox 2894 2674 3087 2731; x_wconf 89' lang='lat' dir='ltr'>denuo</span> <span class='ocrx_word' id='word_1_249' title='bbox 3117 2689 3385 2732; x_wconf 73' lang='lat' dir='ltr'>excussa.</span> 
     </span>
    </p>
   </div>
   <div class='ocr_carea' id='block_1_39' title="bbox 458 2921 3803 2983">
    <p class='ocr_par' dir='ltr' id='par_1_39' title="bbox 458 2921 3803 2983">
     <span class='ocr_line' id='line_1_39' title="bbox 458 2921 3803 2983; baseline -0.002 -1"><span class='ocrx_word' id='word_1_250' title='bbox 458 2930 584 2983; x_wconf 90' lang='lat' dir='ltr'>Cod.</span> <span class='ocrx_word' id='word_1_251' title='bbox 618 2944 717 2979; x_wconf 90' lang='lat' dir='ltr'>ms.</span> <span class='ocrx_word' id='word_1_252' title='bbox 751 2928 881 2978; x_wconf 88' lang='lat' dir='ltr'>Bibl.</span> <span class='ocrx_word' id='word_1_253' title='bbox 909 2927 1054 2977; x_wconf 85' lang='lat' dir='ltr'>Caes.</span> <span class='ocrx_word' id='word_1_254' title='bbox 1093 2924 1481 2979; x_wconf 68' lang='lat' dir='ltr'>Vindob.4800,</span> <span class='ocrx_word' id='word_1_255' title='bbox 1514 2923 1642 2971; x_wconf 90' lang='lat' dir='ltr'>olim</span> <span class='ocrx_word' id='word_1_256' title='bbox 1671 2921 1789 2971; x_wconf 91' lang='lat' dir='ltr'>cod.</span> <span class='ocrx_word' id='word_1_257' title='bbox 1820 2921 1979 2971; x_wconf 90' lang='lat' dir='ltr'>theol.</span> <span class='ocrx_word' id='word_1_258' title='bbox 2008 2924 2116 2977; x_wconf 85' lang='grc'>361.</span> <span class='ocrx_word' id='word_1_259' title='bbox 2144 2922 2505 2973; x_wconf 85' lang='lat' dir='ltr'>membranac.</span> <span class='ocrx_word' id='word_1_260' title='bbox 2532 2923 2677 2972; x_wconf 88' lang='lat' dir='ltr'>Saec.</span> <span class='ocrx_word' id='word_1_261' title='bbox 2708 2923 2822 2973; x_wconf 82' lang='lat' dir='ltr'>XIV</span> <span class='ocrx_word' id='word_1_262' title='bbox 2852 2923 2947 2976; x_wconf 86' lang='lat' dir='ltr'>fol.</span> <span class='ocrx_word' id='word_1_263' title='bbox 3019 2958 3032 2971; x_wconf 92' lang='lat'>.</span> <span class='ocrx_word' id='word_1_264' title='bbox 3103 2961 3114 2973; x_wconf 90' lang='lat'>.</span> <span class='ocrx_word' id='word_1_265' title='bbox 3185 2961 3197 2973; x_wconf 96' lang='lat'>.</span> <span class='ocrx_word' id='word_1_266' title='bbox 3268 2961 3281 2975; x_wconf 94' lang='lat'>.</span> <span class='ocrx_word' id='word_1_267' title='bbox 3351 2962 3361 2974; x_wconf 96' lang='lat'>.</span> <span class='ocrx_word' id='word_1_268' title='bbox 3432 2962 3445 2975; x_wconf 93' lang='lat'>.</span> <span class='ocrx_word' id='word_1_269' title='bbox 3517 2962 3528 2974; x_wconf 94' lang='lat'>.</span> <span class='ocrx_word' id='word_1_270' title='bbox 3599 2963 3611 2975; x_wconf 92' lang='lat'>.</span> <span class='ocrx_word' id='word_1_271' title='bbox 3678 2964 3689 2974; x_wconf 96' lang='lat'>.</span> <span class='ocrx_word' id='word_1_272' title='bbox 3758 2933 3803 2975; x_wconf 77' lang='grc' dir='ltr'><strong>Α</strong></span> 
     </span>
    </p>
   </div>
   <div class='ocr_carea' id='block_1_40' title="bbox 459 2985 3810 3051">
    <p class='ocr_par' dir='ltr' id='par_1_40' title="bbox 459 2985 3810 3051">
     <span class='ocr_line' id='line_1_40' title="bbox 459 2985 3810 3051; baseline -0.002 -9"><span class='ocrx_word' id='word_1_273' title='bbox 459 2995 583 3045; x_wconf 90' lang='lat' dir='ltr'>Cod.</span> <span class='ocrx_word' id='word_1_274' title='bbox 615 3008 712 3041; x_wconf 90' lang='lat' dir='ltr'>ms.</span> <span class='ocrx_word' id='word_1_275' title='bbox 752 2992 879 3040; x_wconf 90' lang='lat' dir='ltr'>Bibl.</span> <span class='ocrx_word' id='word_1_276' title='bbox 919 2988 1289 3051; x_wconf 84' lang='lat' dir='ltr'>Burgundicae</span> <span class='ocrx_word' id='word_1_277' title='bbox 1328 2985 1684 3051; x_wconf 71' lang='lat' dir='ltr'>Bruxeliensis</span> <span class='ocrx_word' id='word_1_278' title='bbox 1715 2985 1960 3051; x_wconf 47' lang='lat'>11315011</span> <span class='ocrx_word' id='word_1_279' title='bbox 1996 2985 2229 3051; x_wconf 77' lang='lat' dir='ltr'>chartac.</span> <span class='ocrx_word' id='word_1_280' title='bbox 2284 2986 2430 3035; x_wconf 89' lang='lat' dir='ltr'>Saec.</span> <span class='ocrx_word' id='word_1_281' title='bbox 2462 2986 2554 3033; x_wconf 84' lang='lat' dir='ltr'>XV</span> <span class='ocrx_word' id='word_1_282' title='bbox 2594 2986 2689 3039; x_wconf 87' lang='lat' dir='ltr'>fol.</span> <span class='ocrx_word' id='word_1_283' title='bbox 2766 3023 2777 3034; x_wconf 96' lang='lat'>.</span> <span class='ocrx_word' id='word_1_284' title='bbox 2848 3022 2859 3033; x_wconf 92' lang='lat'>.</span> <span class='ocrx_word' id='word_1_285' title='bbox 2933 3022 2945 3034; x_wconf 94' lang='lat'>.</span> <span class='ocrx_word' id='word_1_286' title='bbox 3017 3022 3028 3034; x_wconf 94' lang='lat'>.</span> <span class='ocrx_word' id='word_1_287' title='bbox 3099 3022 3112 3035; x_wconf 95' lang='lat'>.</span> <span class='ocrx_word' id='word_1_288' title='bbox 3183 3024 3194 3034; x_wconf 94' lang='lat'>.</span> <span class='ocrx_word' id='word_1_289' title='bbox 3266 3023 3278 3035; x_wconf 94' lang='lat'>.</span> <span class='ocrx_word' id='word_1_290' title='bbox 3351 3024 3362 3035; x_wconf 92' lang='lat'>.</span> <span class='ocrx_word' id='word_1_291' title='bbox 3435 3026 3445 3035; x_wconf 92' lang='lat'>.</span> <span class='ocrx_word' id='word_1_292' title='bbox 3517 3023 3530 3037; x_wconf 94' lang='lat'>.</span> <span class='ocrx_word' id='word_1_293' title='bbox 3603 3024 3614 3036; x_wconf 91' lang='lat'>.</span> <span class='ocrx_word' id='word_1_294' title='bbox 3688 3025 3699 3036; x_wconf 91' lang='lat'>.</span> <span class='ocrx_word' id='word_1_295' title='bbox 3766 2988 3810 3038; x_wconf 81' lang='grc' dir='ltr'><strong>Β</strong></span> 
     </span>
    </p>
   </div>
   <div class='ocr_carea' id='block_1_41' title="bbox 457 3046 2205 3108">
    <p class='ocr_par' dir='ltr' id='par_1_41' title="bbox 457 3046 2205 3108">
     <span class='ocr_line' id='line_1_41' title="bbox 457 3046 2205 3108; baseline -0.007 -1"><span class='ocrx_word' id='word_1_296' title='bbox 457 3058 631 3108; x_wconf 87' lang='lat' dir='ltr'>Editio</span> <span class='ocrx_word' id='word_1_297' title='bbox 668 3053 975 3105; x_wconf 86' lang='lat' dir='ltr'>Petitdidier</span> <span class='ocrx_word' id='word_1_298' title='bbox 1010 3046 1190 3104; x_wconf 48' lang='lat' dir='ltr'>e&#39;cod.</span> <span class='ocrx_word' id='word_1_299' title='bbox 1234 3064 1332 3099; x_wconf 88' lang='lat' dir='ltr'>ms.</span> <span class='ocrx_word' id='word_1_300' title='bbox 1369 3048 1614 3098; x_wconf 84' lang='lat' dir='ltr'>abbatiae</span> <span class='ocrx_word' id='word_1_301' title='bbox 1644 3048 1700 3097; x_wconf 84' lang='lat'>8.</span> <span class='ocrx_word' id='word_1_302' title='bbox 1738 3048 1918 3096; x_wconf 88' lang='lat' dir='ltr'>Vitoni</span> <span class='ocrx_word' id='word_1_303' title='bbox 1943 3046 2205 3097; x_wconf 87' lang='lat' dir='ltr'>adornata</span> 
     </span>
    </p>
   </div>
   <div class='ocr_carea' id='block_1_42' title="bbox 462 3180 3797 3290">
    <p class='ocr_par' dir='ltr' id='par_1_42' title="bbox 462 3180 3797 3290">
     <span class='ocr_line' id='line_1_42' title="bbox 462 3180 3797 3290; baseline -0.002 -49"><span class='ocrx_word' id='word_1_304' title='bbox 462 3191 663 3241; x_wconf 86' lang='lat' dir='ltr'>Prodiit</span> <span class='ocrx_word' id='word_1_305' title='bbox 688 3188 913 3253; x_wconf 87' lang='lat' dir='ltr'>epistola</span> <span class='ocrx_word' id='word_1_306' title='bbox 946 3186 1076 3236; x_wconf 88' lang='lat' dir='ltr'>haec</span> <span class='ocrx_word' id='word_1_307' title='bbox 1102 3200 1130 3258; x_wconf 87' lang='lat' dir='ltr'>_e</span> <span class='ocrx_word' id='word_1_308' title='bbox 1153 3199 1250 3258; x_wconf 79' lang='lat' dir='ltr'>ms.</span> <span class='ocrx_word' id='word_1_309' title='bbox 1276 3183 1394 3233; x_wconf 91' lang='lat' dir='ltr'>cod.</span> <span class='ocrx_word' id='word_1_310' title='bbox 1432 3180 1673 3231; x_wconf 88' lang='lat' dir='ltr'>abbatiae</span> <span class='ocrx_word' id='word_1_311' title='bbox 1793 3181 1991 3230; x_wconf 85' lang='lat' dir='ltr'>Vitonii</span> <span class='ocrx_word' id='word_1_312' title='bbox 2020 3180 2541 3290; x_wconf 33' lang='lat' dir='ltr'>tS-Vannepnolibro</span> <span class='ocrx_word' id='word_1_313' title='bbox 2574 3182 2666 3246; x_wconf 87' lang='lat' dir='ltr'>qui</span> <span class='ocrx_word' id='word_1_314' title='bbox 2697 3182 3006 3256; x_wconf 80' lang='lat' dir='ltr'>inscribitur</span> <span class='ocrx_word' id='word_1_315' title='bbox 3040 3200 3054 3232; x_wconf 91' lang='lat'><strong><em>:</em></strong></span> <span class='ocrx_word' id='word_1_316' title='bbox 3085 3183 3395 3247; x_wconf 81' lang='lat' dir='ltr'>Remarques</span> <span class='ocrx_word' id='word_1_317' title='bbox 3420 3198 3510 3233; x_wconf 84' lang='lat' dir='ltr'>sur</span> <span class='ocrx_word' id='word_1_318' title='bbox 3530 3184 3581 3233; x_wconf 81' lang='lat' dir='ltr'>ta</span> <span class='ocrx_word' id='word_1_319' title='bbox 3612 3184 3797 3257; x_wconf 78' lang='lat' dir='ltr'>biblio-</span> 
     </span>
     <span class='ocr_line' id='line_1_43' title="bbox 462 3242 3796 3290; baseline 0 0"><span class='ocrx_word' id='word_1_320' title='bbox 462 3270 574 3290; x_wconf 73' lang='lat' dir='ltr'>mm</span> <span class='ocrx_word' id='word_1_321' title='bbox 598 3255 680 3290; x_wconf 68' lang='lat' dir='ltr'><strong><em>An</em></strong></span> <span class='ocrx_word' id='word_1_322' title='bbox 710 3257 915 3290; x_wconf 75' lang='lat' dir='ltr'>autmn</span> <span class='ocrx_word' id='word_1_323' title='bbox 942 3249 1336 3290; x_wconf 69' lang='lat' dir='ltr'>enclénnstmues</span> <span class='ocrx_word' id='word_1_324' title='bbox 1358 3246 1417 3290; x_wconf 85' lang='lat' dir='ltr'>de</span> <span class='ocrx_word' id='word_1_325' title='bbox 1444 3245 1515 3290; x_wconf 79' lang='grc' dir='ltr'>Μ.</span> <span class='ocrx_word' id='word_1_326' title='bbox 1553 3244 1631 3290; x_wconf 87' lang='lat' dir='ltr'>Du</span> <span class='ocrx_word' id='word_1_327' title='bbox 1660 3244 1775 3290; x_wconf 75' lang='lat' dir='ltr'>Pin.</span> <span class='ocrx_word' id='word_1_328' title='bbox 1807 3259 1904 3290; x_wconf 80' lang='lat' dir='ltr'>nar</span> <span class='ocrx_word' id='word_1_329' title='bbox 1930 3243 1993 3290; x_wconf 92' lang='lat' dir='ltr'>D.</span> <span class='ocrx_word' id='word_1_330' title='bbox 2030 3242 2259 3290; x_wconf 73' lang='lat' dir='ltr'>Mathieu</span> <span class='ocrx_word' id='word_1_331' title='bbox 2330 3244 2604 3290; x_wconf 75' lang='lat' dir='ltr'>etitdtdier.</span> <span class='ocrx_word' id='word_1_332' title='bbox 2626 3244 2795 3290; x_wconf 79' lang='lat' dir='ltr'>Paris-</span> <span class='ocrx_word' id='word_1_333' title='bbox 2817 3247 2956 3290; x_wconf 77' lang='grc'>1692.</span> <span class='ocrx_word' id='word_1_334' title='bbox 2985 3246 3041 3290; x_wconf 89' lang='grc' dir='ltr'>Τ.</span> <span class='ocrx_word' id='word_1_335' title='bbox 3079 3245 3118 3290; x_wconf 87' lang='lat' dir='ltr'>ll</span> <span class='ocrx_word' id='word_1_336' title='bbox 3149 3261 3199 3290; x_wconf 73' lang='grc' dir='ltr'>[ι.</span> <span class='ocrx_word' id='word_1_337' title='bbox 3226 3247 3316 3290; x_wconf 77' lang='lat'>220</span> <span class='ocrx_word' id='word_1_338' title='bbox 3346 3260 3498 3290; x_wconf 77' lang='lat' dir='ltr'>sena-</span> <span class='ocrx_word' id='word_1_339' title='bbox 3533 3247 3716 3290; x_wconf 61' lang='lat' dir='ltr'>Exstat</span> <span class='ocrx_word' id='word_1_340' title='bbox 3743 3261 3796 3290; x_wconf 81' lang='lat' dir='ltr'>in</span> 
     </span>
    </p>
   </div>
   <div class='ocr_carea' id='block_1_43' title="bbox 399 3242 2259 3305">
    <p class='ocr_par' dir='ltr' id='par_1_43' title="bbox 399 3242 2259 3305">
     <span class='ocr_line' id='line_1_44' title="bbox 399 3242 2259 3305; baseline -0.008 0"><span class='ocrx_word' id='word_1_341' title='bbox 399 3256 574 3305; x_wconf 71' lang='lat' dir='ltr'>theaue</span> <span class='ocrx_word' id='word_1_342' title='bbox 598 3255 680 3301; x_wconf 71' lang='lat' dir='ltr'>de:</span> <span class='ocrx_word' id='word_1_343' title='bbox 710 3242 915 3300; x_wconf 65' lang='lat' dir='ltr'>duteurs</span> <span class='ocrx_word' id='word_1_344' title='bbox 942 3249 1336 3305; x_wconf 81' lang='lat' dir='ltr'>ecclésiastiques</span> <span class='ocrx_word' id='word_1_345' title='bbox 1358 3246 1417 3293; x_wconf 85' lang='lat' dir='ltr'>de</span> <span class='ocrx_word' id='word_1_346' title='bbox 1444 3245 1515 3292; x_wconf 78' lang='grc' dir='ltr'>Μ.</span> <span class='ocrx_word' id='word_1_347' title='bbox 1553 3244 1631 3293; x_wconf 88' lang='lat' dir='ltr'>Du</span> <span class='ocrx_word' id='word_1_348' title='bbox 1660 3244 1775 3302; x_wconf 84' lang='lat' dir='ltr'>Pin,</span> <span class='ocrx_word' id='word_1_349' title='bbox 1806 3259 1904 3303; x_wconf 85' lang='lat' dir='ltr'>par</span> <span class='ocrx_word' id='word_1_350' title='bbox 1930 3243 1993 3291; x_wconf 92' lang='lat' dir='ltr'>D.</span> <span class='ocrx_word' id='word_1_351' title='bbox 2030 3242 2259 3291; x_wconf 79' lang='lat' dir='ltr'>Mathieu</span> 
     </span>
    </p>
   </div>
   <div class='ocr_carea' id='block_1_44' title="bbox 395 3311 1186 3373">
    <p class='ocr_par' dir='ltr' id='par_1_44' title="bbox 395 3311 1186 3373">
     <span class='ocr_line' id='line_1_45' title="bbox 395 3311 1186 3373; baseline -0.014 -4"><span class='ocrx_word' id='word_1_352' title='bbox 395 3311 521 3370; x_wconf 78' lang='lat' dir='ltr'>cod.</span> <span class='ocrx_word' id='word_1_353' title='bbox 554 3318 597 3364; x_wconf 82' lang='grc' dir='ltr'><strong>Α</strong></span> <span class='ocrx_word' id='word_1_354' title='bbox 624 3314 715 3365; x_wconf 90' lang='lat' dir='ltr'>fol.</span> <span class='ocrx_word' id='word_1_355' title='bbox 747 3316 855 3373; x_wconf 75' lang='grc'>146,</span> <span class='ocrx_word' id='word_1_356' title='bbox 891 3314 957 3369; x_wconf 82' lang='lat'>2;</span> <span class='ocrx_word' id='word_1_357' title='bbox 989 3313 1043 3360; x_wconf 87' lang='lat' dir='ltr'>in</span> <span class='ocrx_word' id='word_1_358' title='bbox 1070 3311 1186 3361; x_wconf 91' lang='lat' dir='ltr'>cod.</span> 
     </span>
    </p>
   </div>
   <div class='ocr_carea' id='block_1_45' title="bbox 2330 3244 3798 3312">
    <p class='ocr_par' dir='ltr' id='par_1_45' title="bbox 2330 3244 3798 3312">
     <span class='ocr_line' id='line_1_46' title="bbox 2330 3244 3798 3312; baseline 0.003 -21"><span class='ocrx_word' id='word_1_359' title='bbox 2330 3244 2795 3312; x_wconf 38' lang='lat' dir='ltr'>etitdidierI‘Paris,</span> <span class='ocrx_word' id='word_1_360' title='bbox 2817 3247 2956 3295; x_wconf 77' lang='grc'>1692.</span> <span class='ocrx_word' id='word_1_361' title='bbox 2985 3246 3041 3295; x_wconf 92' lang='grc' dir='ltr'>Τ.</span> <span class='ocrx_word' id='word_1_362' title='bbox 3079 3245 3118 3294; x_wconf 86' lang='lat' dir='ltr'>ll</span> <span class='ocrx_word' id='word_1_363' title='bbox 3147 3261 3199 3310; x_wconf 91' lang='lat' dir='ltr'>p.</span> <span class='ocrx_word' id='word_1_364' title='bbox 3225 3244 3316 3294; x_wconf 71' lang='lat'>220</span> <span class='ocrx_word' id='word_1_365' title='bbox 3346 3260 3498 3312; x_wconf 86' lang='lat' dir='ltr'>seqq.</span> <span class='ocrx_word' id='word_1_366' title='bbox 3533 3247 3716 3298; x_wconf 79' lang='lat' dir='ltr'>Exstat</span> <span class='ocrx_word' id='word_1_367' title='bbox 3742 3248 3798 3296; x_wconf 93' lang='lat' dir='ltr'>in</span> 
     </span>
    </p>
   </div>
   <div class='ocr_carea' id='block_1_46' title="bbox 1278 3306 2681 3369">
    <p class='ocr_par' dir='ltr' id='par_1_46' title="bbox 1278 3306 2681 3369">
     <span class='ocr_line' id='line_1_47' title="bbox 1278 3306 2681 3369; baseline -0.001 -11"><span class='ocrx_word' id='word_1_368' title='bbox 1278 3309 1368 3358; x_wconf 80' lang='lat' dir='ltr'>fol.</span> <span class='ocrx_word' id='word_1_369' title='bbox 1400 3309 1478 3363; x_wconf 86' lang='lat'>68,</span> <span class='ocrx_word' id='word_1_370' title='bbox 1516 3308 1561 3355; x_wconf 89' lang='grc'><strong>1.</strong></span> <span class='ocrx_word' id='word_1_371' title='bbox 1595 3306 1669 3357; x_wconf 81' lang='lat' dir='ltr'>Cf.</span> <span class='ocrx_word' id='word_1_372' title='bbox 1709 3307 2083 3355; x_wconf 68' lang='grc' dir='ltr'>ΡιιΑωιοΝειωΑ</span> <span class='ocrx_word' id='word_1_373' title='bbox 2118 3320 2283 3369; x_wconf 85' lang='lat' dir='ltr'>supra</span> <span class='ocrx_word' id='word_1_374' title='bbox 2303 3307 2408 3359; x_wconf 90' lang='lat' dir='ltr'>col.</span> <span class='ocrx_word' id='word_1_375' title='bbox 2445 3308 2681 3356; x_wconf 76' lang='grc'>403-404.</span> 
     </span>
    </p>
   </div>
   <div class='ocr_carea' id='block_1_47' title="bbox 466 3518 3815 3601">
    <p class='ocr_par' dir='ltr' id='par_1_47' title="bbox 466 3518 3815 3601">
     <span class='ocr_line' id='line_1_48' title="bbox 466 3518 3815 3601; baseline -0.001 -15"><span class='ocrx_word' id='word_1_376' title='bbox 466 3528 673 3601; x_wconf 88' lang='lat' dir='ltr'>Incipit</span> <span class='ocrx_word' id='word_1_377' title='bbox 701 3524 953 3597; x_wconf 90' lang='lat' dir='ltr'>epistola</span> <span class='ocrx_word' id='word_1_378' title='bbox 992 3522 1149 3579; x_wconf 89' lang='lat' dir='ltr'>beati</span> <span class='ocrx_word' id='word_1_379' title='bbox 1180 3523 1197 3557; x_wconf 73' lang='grc' dir='ltr'>ί</span> <span class='ocrx_word' id='word_1_380' title='bbox 1233 3521 1505 3579; x_wconf 83' lang='lat' dir='ltr'>Macharii</span> <span class='ocrx_word' id='word_1_381' title='bbox 1536 3520 1613 3578; x_wconf 91' lang='lat' dir='ltr'>ad</span> <span class='ocrx_word' id='word_1_382' title='bbox 1648 3519 1979 3576; x_wconf 90' lang='lat' dir='ltr'>monachos</span> <span class='ocrx_word' id='word_1_383' title='bbox 2003 3521 2047 3577; x_wconf 89' lang='grc'><strong>².</strong></span> <span class='ocrx_word' id='word_1_384' title='bbox 2079 3519 2129 3578; x_wconf 93' lang='grc' dir='ltr'>Β</span> <span class='ocrx_word' id='word_1_385' title='bbox 2162 3518 2418 3589; x_wconf 87' lang='lat' dir='ltr'>auferre,</span> <span class='ocrx_word' id='word_1_386' title='bbox 2459 3524 2517 3577; x_wconf 90' lang='lat' dir='ltr'>et</span> <span class='ocrx_word' id='word_1_387' title='bbox 2566 3520 2728 3578; x_wconf 89' lang='lat' dir='ltr'>dicat</span> <span class='ocrx_word' id='word_1_388' title='bbox 2766 3536 3003 3595; x_wconf 89' lang='lat' dir='ltr'>semper</span> <span class='ocrx_word' id='word_1_389' title='bbox 3044 3538 3057 3578; x_wconf 88' lang='lat'><strong>:</strong></span> <span class='ocrx_word' id='word_1_390' title='bbox 3100 3524 3393 3595; x_wconf 87' lang='lat' dir='ltr'>quoniam</span> <span class='ocrx_word' id='word_1_391' title='bbox 3434 3523 3815 3597; x_wconf 87' lang='lat' dir='ltr'>iniquitatem</span> 
     </span>
    </p>
   </div>
   <div class='ocr_carea' id='block_1_48' title="bbox 464 3610 2050 3690">
    <p class='ocr_par' dir='ltr' id='par_1_48' title="bbox 464 3610 2050 3690">
     <span class='ocr_line' id='line_1_49' title="bbox 464 3610 2050 3690; baseline -0.008 -15"><span class='ocrx_word' id='word_1_392' title='bbox 464 3616 743 3690; x_wconf 88' lang='lat' dir='ltr'>Inprimis</span> <span class='ocrx_word' id='word_1_393' title='bbox 778 3613 1023 3686; x_wconf 89' lang='lat' dir='ltr'>quidem</span> <span class='ocrx_word' id='word_1_394' title='bbox 1038 3610 1516 3683; x_wconf 87' lang='lat' dir='ltr'>siceperithomo</span> <span class='ocrx_word' id='word_1_395' title='bbox 1531 3610 1794 3681; x_wconf 90' lang='lat' dir='ltr'>seipsum</span> <span class='ocrx_word' id='word_1_396' title='bbox 1820 3611 1841 3645; x_wconf 85' lang='grc'><em>³</em></span> <span class='ocrx_word' id='word_1_397' title='bbox 1865 3623 2050 3679; x_wconf 87' lang='lat' dir='ltr'>agno-</span> 
     </span>
    </p>
   </div>
   <div class='ocr_carea' id='block_1_49' title="bbox 398 3697 2048 3771">
    <p class='ocr_par' dir='ltr' id='par_1_49' title="bbox 398 3697 2048 3771">
     <span class='ocr_line' id='line_1_50' title="bbox 398 3697 2048 3771; baseline -0.008 -3"><span class='ocrx_word' id='word_1_398' title='bbox 398 3724 563 3768; x_wconf 88' lang='lat' dir='ltr'>scere</span> <span class='ocrx_word' id='word_1_399' title='bbox 588 3722 693 3762; x_wconf 87' lang='lat' dir='ltr'>cur</span> <span class='ocrx_word' id='word_1_400' title='bbox 718 3708 953 3760; x_wconf 88' lang='lat' dir='ltr'>creatus</span> <span class='ocrx_word' id='word_1_401' title='bbox 982 3702 1075 3765; x_wconf 90' lang='lat' dir='ltr'>sit,</span> <span class='ocrx_word' id='word_1_402' title='bbox 1104 3706 1159 3755; x_wconf 92' lang='lat' dir='ltr'>et</span> <span class='ocrx_word' id='word_1_403' title='bbox 1192 3698 1535 3771; x_wconf 84' lang='lat' dir='ltr'>exquisierit</span> <span class='ocrx_word' id='word_1_404' title='bbox 1560 3697 1842 3754; x_wconf 89' lang='lat' dir='ltr'>factorem</span> <span class='ocrx_word' id='word_1_405' title='bbox 1868 3714 2048 3754; x_wconf 89' lang='lat' dir='ltr'>suum</span> 
     </span>
    </p>
   </div>
   <div class='ocr_carea' id='block_1_50' title="bbox 399 3786 2053 3861">
    <p class='ocr_par' dir='ltr' id='par_1_50' title="bbox 399 3786 2053 3861">
     <span class='ocr_line' id='line_1_51' title="bbox 399 3786 2053 3861; baseline -0.008 -6"><span class='ocrx_word' id='word_1_406' title='bbox 399 3802 583 3856; x_wconf 90' lang='lat' dir='ltr'>deum</span> <span class='ocrx_word' id='word_1_407' title='bbox 604 3796 648 3861; x_wconf 81' lang='grc'>⁴,</span> <span class='ocrx_word' id='word_1_408' title='bbox 674 3802 813 3850; x_wconf 91' lang='lat' dir='ltr'>tunc</span> <span class='ocrx_word' id='word_1_409' title='bbox 836 3792 978 3846; x_wconf 92' lang='lat' dir='ltr'>sciet</span> <span class='ocrx_word' id='word_1_410' title='bbox 1006 3791 1027 3824; x_wconf 77' lang='grc'><strong>⁵</strong></span> <span class='ocrx_word' id='word_1_411' title='bbox 1061 3789 1322 3861; x_wconf 91' lang='lat' dir='ltr'>penitere</span> <span class='ocrx_word' id='word_1_412' title='bbox 1352 3787 1427 3843; x_wconf 90' lang='lat' dir='ltr'>de</span> <span class='ocrx_word' id='word_1_413' title='bbox 1448 3786 1582 3850; x_wconf 90' lang='lat' dir='ltr'>hiis,</span> <span class='ocrx_word' id='word_1_414' title='bbox 1607 3802 1723 3858; x_wconf 90' lang='lat' dir='ltr'>que</span> <span class='ocrx_word' id='word_1_415' title='bbox 1750 3786 2053 3843; x_wconf 89' lang='lat' dir='ltr'>commisit</span> 
     </span>
    </p>
   </div>
   <div class='ocr_carea' id='block_1_51' title="bbox 397 3875 2051 3958">
    <p class='ocr_par' dir='ltr' id='par_1_51' title="bbox 397 3875 2051 3958">
     <span class='ocr_line' id='line_1_52' title="bbox 397 3875 2051 3958; baseline -0.008 -13"><span class='ocrx_word' id='word_1_416' title='bbox 397 3890 460 3946; x_wconf 90' lang='lat' dir='ltr'>in</span> <span class='ocrx_word' id='word_1_417' title='bbox 483 3892 744 3958; x_wconf 87' lang='lat' dir='ltr'>tempore</span> <span class='ocrx_word' id='word_1_418' title='bbox 773 3878 1139 3951; x_wconf 89' lang='lat' dir='ltr'>negligencie</span> <span class='ocrx_word' id='word_1_419' title='bbox 1159 3893 1284 3941; x_wconf 91' lang='lat' dir='ltr'>sue,</span> <span class='ocrx_word' id='word_1_420' title='bbox 1306 3882 1361 3933; x_wconf 91' lang='lat' dir='ltr'>et</span> <span class='ocrx_word' id='word_1_421' title='bbox 1382 3876 1463 3931; x_wconf 88' lang='lat' dir='ltr'>sic</span> <span class='ocrx_word' id='word_1_422' title='bbox 1486 3875 1731 3931; x_wconf 89' lang='lat' dir='ltr'>demum</span> <span class='ocrx_word' id='word_1_423' title='bbox 1754 3875 2051 3947; x_wconf 89' lang='lat' dir='ltr'>benignus</span> 
     </span>
    </p>
   </div>
   <div class='ocr_carea' id='block_1_52' title="bbox 398 3966 2054 4040">
    <p class='ocr_par' dir='ltr' id='par_1_52' title="bbox 398 3966 2054 4040">
     <span class='ocr_line' id='line_1_53' title="bbox 398 3966 2054 4040; baseline -0.008 -5"><span class='ocrx_word' id='word_1_424' title='bbox 398 3978 550 4035; x_wconf 90' lang='lat' dir='ltr'>deus</span> <span class='ocrx_word' id='word_1_425' title='bbox 573 3977 594 4011; x_wconf 79' lang='grc'>⁸</span> <span class='ocrx_word' id='word_1_426' title='bbox 621 3974 724 4029; x_wconf 89' lang='lat' dir='ltr'>dat</span> <span class='ocrx_word' id='word_1_427' title='bbox 750 3971 830 4028; x_wconf 91' lang='lat' dir='ltr'>illi</span> <span class='ocrx_word' id='word_1_428' title='bbox 866 3967 1172 4025; x_wconf 90' lang='lat' dir='ltr'>tristiciam</span> <span class='ocrx_word' id='word_1_429' title='bbox 1209 3982 1319 4040; x_wconf 89' lang='lat' dir='ltr'>pro</span> <span class='ocrx_word' id='word_1_430' title='bbox 1359 3966 1635 4037; x_wconf 89' lang='lat' dir='ltr'>peccatis,</span> <span class='ocrx_word' id='word_1_431' title='bbox 1678 3970 1735 4021; x_wconf 90' lang='lat' dir='ltr'>et</span> <span class='ocrx_word' id='word_1_432' title='bbox 1774 3970 1913 4037; x_wconf 81' lang='lat' dir='ltr'>p0st</span> <span class='ocrx_word' id='word_1_433' title='bbox 1948 3966 2054 4023; x_wconf 87' lang='lat' dir='ltr'>ite-</span> 
     </span>
    </p>
   </div>
   <div class='ocr_carea' id='block_1_53' title="bbox 398 4053 2050 4137">
    <p class='ocr_par' dir='ltr' id='par_1_53' title="bbox 398 4053 2050 4137">
     <span class='ocr_line' id='line_1_54' title="bbox 398 4053 2050 4137; baseline -0.007 -13"><span class='ocrx_word' id='word_1_434' title='bbox 398 4082 536 4125; x_wconf 88' lang='lat' dir='ltr'>rum</span> <span class='ocrx_word' id='word_1_435' title='bbox 574 4080 679 4137; x_wconf 91' lang='lat' dir='ltr'>per</span> <span class='ocrx_word' id='word_1_436' title='bbox 718 4077 891 4117; x_wconf 90' lang='lat' dir='ltr'>suam</span> <span class='ocrx_word' id='word_1_437' title='bbox 930 4057 1357 4127; x_wconf 87' lang='lat' dir='ltr'>benignitatem</span> <span class='ocrx_word' id='word_1_438' title='bbox 1398 4055 1501 4111; x_wconf 90' lang='lat' dir='ltr'>dat</span> <span class='ocrx_word' id='word_1_439' title='bbox 1549 4054 1629 4110; x_wconf 89' lang='lat' dir='ltr'>illi</span> <span class='ocrx_word' id='word_1_440' title='bbox 1670 4053 2050 4112; x_wconf 85' lang='lat' dir='ltr'>afﬂictionem</span> 
     </span>
    </p>
   </div>
   <div class='ocr_carea' id='block_1_54' title="bbox 400 4144 2052 4227">
    <p class='ocr_par' dir='ltr' id='par_1_54' title="bbox 400 4144 2052 4227">
     <span class='ocr_line' id='line_1_55' title="bbox 400 4144 2052 4227; baseline -0.008 -14"><span class='ocrx_word' id='word_1_441' title='bbox 400 4154 670 4227; x_wconf 90' lang='lat' dir='ltr'>corporis</span> <span class='ocrx_word' id='word_1_442' title='bbox 691 4154 751 4208; x_wconf 93' lang='lat' dir='ltr'>in</span> <span class='ocrx_word' id='word_1_443' title='bbox 781 4152 801 4186; x_wconf 79' lang='lat'><strong><em>&quot;</em></strong></span> <span class='ocrx_word' id='word_1_444' title='bbox 832 4146 1089 4212; x_wconf 88' lang='lat' dir='ltr'>ieiuniis,</span> <span class='ocrx_word' id='word_1_445' title='bbox 1125 4147 1186 4201; x_wconf 92' lang='lat' dir='ltr'>in</span> <span class='ocrx_word' id='word_1_446' title='bbox 1215 4145 1260 4179; x_wconf 77' lang='grc'>⁷·</span> <span class='ocrx_word' id='word_1_447' title='bbox 1297 4144 1533 4214; x_wconf 90' lang='lat' dir='ltr'>vigiliis,</span> <span class='ocrx_word' id='word_1_448' title='bbox 1563 4148 1619 4200; x_wconf 92' lang='lat' dir='ltr'>et</span> <span class='ocrx_word' id='word_1_449' title='bbox 1647 4145 1998 4201; x_wconf 92' lang='lat' dir='ltr'>oracionum</span> <span class='ocrx_word' id='word_1_450' title='bbox 2031 4147 2052 4180; x_wconf 80' lang='grc'>⁸</span> 
     </span>
    </p>
   </div>
   <div class='ocr_carea' id='block_1_55' title="bbox 399 4233 2053 4306">
    <p class='ocr_par' dir='ltr' id='par_1_55' title="bbox 399 4233 2053 4306">
     <span class='ocr_line' id='line_1_56' title="bbox 399 4233 2053 4306; baseline -0.008 -3"><span class='ocrx_word' id='word_1_451' title='bbox 399 4243 757 4303; x_wconf 90' lang='lat' dir='ltr'>instanciam</span> <span class='ocrx_word' id='word_1_452' title='bbox 790 4241 834 4306; x_wconf 75' lang='grc' dir='ltr'><strong>θ,</strong></span> <span class='ocrx_word' id='word_1_453' title='bbox 858 4244 914 4294; x_wconf 89' lang='lat' dir='ltr'>et</span> <span class='ocrx_word' id='word_1_454' title='bbox 942 4238 1354 4305; x_wconf 87' lang='lat' dir='ltr'>contemptum</span> <span class='ocrx_word' id='word_1_455' title='bbox 1396 4234 1445 4269; x_wconf 82' lang='grc'>¹⁰</span> <span class='ocrx_word' id='word_1_456' title='bbox 1484 4233 1714 4299; x_wconf 91' lang='lat' dir='ltr'>mundi,</span> <span class='ocrx_word' id='word_1_457' title='bbox 1758 4239 1821 4289; x_wconf 88' lang='lat' dir='ltr'>ut</span> <span class='ocrx_word' id='word_1_458' title='bbox 1859 4234 2053 4290; x_wconf 89' lang='lat' dir='ltr'>libens</span> 
     </span>
    </p>
   </div>
   <div class='ocr_carea' id='block_1_56' title="bbox 399 4321 2055 4392">
    <p class='ocr_par' dir='ltr' id='par_1_56' title="bbox 399 4321 2055 4392">
     <span class='ocr_line' id='line_1_57' title="bbox 399 4321 2055 4392; baseline -0.011 0"><span class='ocrx_word' id='word_1_459' title='bbox 399 4335 597 4392; x_wconf 88' lang='lat' dir='ltr'>illatas</span> <span class='ocrx_word' id='word_1_460' title='bbox 626 4330 874 4387; x_wconf 89' lang='lat' dir='ltr'>iniurias</span> <span class='ocrx_word' id='word_1_461' title='bbox 906 4328 950 4362; x_wconf 82' lang='grc'>¹¹</span> <span class='ocrx_word' id='word_1_462' title='bbox 984 4324 1242 4389; x_wconf 81' lang='lat' dir='ltr'>sufferat,</span> <span class='ocrx_word' id='word_1_463' title='bbox 1287 4328 1342 4378; x_wconf 90' lang='lat' dir='ltr'>et</span> <span class='ocrx_word' id='word_1_464' title='bbox 1371 4322 1511 4377; x_wconf 91' lang='lat' dir='ltr'>odio</span> <span class='ocrx_word' id='word_1_465' title='bbox 1548 4321 1769 4378; x_wconf 90' lang='lat' dir='ltr'>habeat</span> <span class='ocrx_word' id='word_1_466' title='bbox 1797 4324 1843 4359; x_wconf 81' lang='grc'>¹²</span> <span class='ocrx_word' id='word_1_467' title='bbox 1875 4338 2055 4379; x_wconf 88' lang='lat' dir='ltr'>omne</span> 
     </span>
    </p>
   </div>
   <div class='ocr_carea' id='block_1_57' title="bbox 399 4412 2055 4491">
    <p class='ocr_par' dir='ltr' id='par_1_57' title="bbox 399 4412 2055 4491">
     <span class='ocr_line' id='line_1_58' title="bbox 399 4412 2055 4491; baseline -0.016 -9"><span class='ocrx_word' id='word_1_468' title='bbox 399 4420 774 4491; x_wconf 86' lang='lat' dir='ltr'>refrigerium</span> <span class='ocrx_word' id='word_1_469' title='bbox 800 4415 1192 4489; x_wconf 87' lang='lat' dir='ltr'>corporale,et</span> <span class='ocrx_word' id='word_1_470' title='bbox 1211 4412 1417 4484; x_wconf 88' lang='lat' dir='ltr'>diligat</span> <span class='ocrx_word' id='word_1_471' title='bbox 1446 4414 1491 4447; x_wconf 69' lang='grc'>1³</span> <span class='ocrx_word' id='word_1_472' title='bbox 1537 4412 1844 4484; x_wconf 90' lang='lat' dir='ltr'>planclum</span> <span class='ocrx_word' id='word_1_473' title='bbox 1865 4412 2055 4483; x_wconf 76' lang='lat' dir='ltr'>magis</span> 
     </span>
    </p>
   </div>
   <div class='ocr_carea' id='block_1_58' title="bbox 402 4500 2058 4585">
    <p class='ocr_par' dir='ltr' id='par_1_58' title="bbox 402 4500 2058 4585">
     <span class='ocr_line' id='line_1_59' title="bbox 402 4500 2058 4585; baseline -0.007 -17"><span class='ocrx_word' id='word_1_474' title='bbox 402 4526 590 4585; x_wconf 89' lang='lat' dir='ltr'>quam</span> <span class='ocrx_word' id='word_1_475' title='bbox 615 4508 824 4564; x_wconf 90' lang='lat' dir='ltr'>risum.</span> <span class='ocrx_word' id='word_1_476' title='bbox 870 4506 1009 4561; x_wconf 88' lang='lat' dir='ltr'>Post</span> <span class='ocrx_word' id='word_1_477' title='bbox 1046 4504 1157 4558; x_wconf 89' lang='lat' dir='ltr'>hec</span> <span class='ocrx_word' id='word_1_478' title='bbox 1198 4501 1413 4557; x_wconf 88' lang='lat' dir='ltr'>tribuet</span> <span class='ocrx_word' id='word_1_479' title='bbox 1451 4500 1532 4556; x_wconf 89' lang='lat' dir='ltr'>illi</span> <span class='ocrx_word' id='word_1_480' title='bbox 1571 4500 1958 4567; x_wconf 90' lang='lat' dir='ltr'>desiderium,</span> <span class='ocrx_word' id='word_1_481' title='bbox 2002 4506 2058 4557; x_wconf 87' lang='lat' dir='ltr'>et</span> 
     </span>
    </p>
   </div>
   <div class='ocr_carea' id='block_1_59' title="bbox 402 4589 2056 4663">
    <p class='ocr_par' dir='ltr' id='par_1_59' title="bbox 402 4589 2056 4663">
     <span class='ocr_line' id='line_1_60' title="bbox 402 4589 2056 4663; baseline -0.01 -3"><span class='ocrx_word' id='word_1_482' title='bbox 402 4602 631 4663; x_wconf 89' lang='lat' dir='ltr'>ﬂetum,</span> <span class='ocrx_word' id='word_1_483' title='bbox 664 4602 721 4654; x_wconf 92' lang='lat' dir='ltr'>et</span> <span class='ocrx_word' id='word_1_484' title='bbox 740 4593 1133 4652; x_wconf 87' lang='lat' dir='ltr'>humilitatem</span> <span class='ocrx_word' id='word_1_485' title='bbox 1160 4591 1207 4625; x_wconf 74' lang='grc'>¹⁴</span> <span class='ocrx_word' id='word_1_486' title='bbox 1239 4589 1436 4645; x_wconf 89' lang='lat' dir='ltr'>cordis</span> <span class='ocrx_word' id='word_1_487' title='bbox 1467 4591 1535 4657; x_wconf 81' lang='grc'>¹⁵,</span> <span class='ocrx_word' id='word_1_488' title='bbox 1558 4594 1620 4644; x_wconf 90' lang='lat' dir='ltr'>ut</span> <span class='ocrx_word' id='word_1_489' title='bbox 1643 4589 1871 4645; x_wconf 89' lang='lat' dir='ltr'>trahem</span> <span class='ocrx_word' id='word_1_490' title='bbox 1899 4589 2056 4646; x_wconf 92' lang='lat' dir='ltr'>oculi</span> 
     </span>
    </p>
   </div>
   <div class='ocr_carea' id='block_1_60' title="bbox 404 4678 2053 4751">
    <p class='ocr_par' dir='ltr' id='par_1_60' title="bbox 404 4678 2053 4751">
     <span class='ocr_line' id='line_1_61' title="bbox 404 4678 2053 4751; baseline -0.01 -2"><span class='ocrx_word' id='word_1_491' title='bbox 404 4693 495 4749; x_wconf 81' lang='lat' dir='ltr'>sui</span> <span class='ocrx_word' id='word_1_492' title='bbox 530 4686 885 4751; x_wconf 89' lang='lat' dir='ltr'>consideret,</span> <span class='ocrx_word' id='word_1_493' title='bbox 914 4697 1036 4738; x_wconf 90' lang='lat' dir='ltr'>non</span> <span class='ocrx_word' id='word_1_494' title='bbox 1076 4682 1123 4716; x_wconf 83' lang='grc'>¹⁶</span> <span class='ocrx_word' id='word_1_495' title='bbox 1155 4679 1395 4736; x_wconf 88' lang='lat' dir='ltr'>alterius</span> <span class='ocrx_word' id='word_1_496' title='bbox 1428 4678 1716 4735; x_wconf 87' lang='lat' dir='ltr'>festucam</span> <span class='ocrx_word' id='word_1_497' title='bbox 1758 4680 1979 4734; x_wconf 88' lang='lat' dir='ltr'>nitatur</span> <span class='ocrx_word' id='word_1_498' title='bbox 2011 4680 2053 4714; x_wconf 69' lang='grc'><strong>1⁷</strong></span> 
     </span>
    </p>
   </div>
   <div class='ocr_carea' id='block_1_61' title="bbox 2158 3610 3817 3684">
    <p class='ocr_par' dir='ltr' id='par_1_61' title="bbox 2158 3610 3817 3684">
     <span class='ocr_line' id='line_1_62' title="bbox 2158 3610 3817 3684; baseline 0.004 -20"><span class='ocrx_word' id='word_1_499' title='bbox 2158 3623 2358 3665; x_wconf 90' lang='lat' dir='ltr'>meam</span> <span class='ocrx_word' id='word_1_500' title='bbox 2399 3623 2512 3679; x_wconf 84' lang='lat' dir='ltr'>ego</span> <span class='ocrx_word' id='word_1_501' title='bbox 2553 3610 2598 3645; x_wconf 70' lang='grc'><strong>1⁸</strong></span> <span class='ocrx_word' id='word_1_502' title='bbox 2638 3624 2940 3679; x_wconf 91' lang='lat' dir='ltr'>cognosco</span> <span class='ocrx_word' id='word_1_503' title='bbox 2971 3612 3039 3678; x_wconf 72' lang='grc' dir='ltr'>υ,</span> <span class='ocrx_word' id='word_1_504' title='bbox 3072 3616 3131 3669; x_wconf 90' lang='lat' dir='ltr'>et</span> <span class='ocrx_word' id='word_1_505' title='bbox 3170 3618 3479 3684; x_wconf 89' lang='lat' dir='ltr'>peccatum</span> <span class='ocrx_word' id='word_1_506' title='bbox 3520 3615 3568 3649; x_wconf 78' lang='grc' dir='ltr'>³ο</span> <span class='ocrx_word' id='word_1_507' title='bbox 3608 3629 3817 3670; x_wconf 90' lang='lat' dir='ltr'>meum</span> 
     </span>
    </p>
   </div>
   <div class='ocr_carea' id='block_1_62' title="bbox 2161 3701 3819 3771">
    <p class='ocr_par' dir='ltr' id='par_1_62' title="bbox 2161 3701 3819 3771">
     <span class='ocr_line' id='line_1_63' title="bbox 2161 3701 3819 3771; baseline 0.004 -18"><span class='ocrx_word' id='word_1_508' title='bbox 2161 3703 2369 3754; x_wconf 90' lang='lat' dir='ltr'>contra</span> <span class='ocrx_word' id='word_1_509' title='bbox 2402 3714 2495 3754; x_wconf 92' lang='lat' dir='ltr'>me</span> <span class='ocrx_word' id='word_1_510' title='bbox 2522 3704 2610 3755; x_wconf 90' lang='lat' dir='ltr'>est</span> <span class='ocrx_word' id='word_1_511' title='bbox 2647 3716 2906 3771; x_wconf 91' lang='lat' dir='ltr'>semper,</span> <span class='ocrx_word' id='word_1_512' title='bbox 2937 3706 2993 3756; x_wconf 89' lang='lat' dir='ltr'>et</span> <span class='ocrx_word' id='word_1_513' title='bbox 3019 3706 3083 3757; x_wconf 88' lang='lat' dir='ltr'>ut</span> <span class='ocrx_word' id='word_1_514' title='bbox 3108 3701 3228 3758; x_wconf 88' lang='lat' dir='ltr'>diei</span> <span class='ocrx_word' id='word_1_515' title='bbox 3254 3703 3297 3739; x_wconf 82' lang='grc'>²¹</span> <span class='ocrx_word' id='word_1_516' title='bbox 3341 3702 3532 3759; x_wconf 81' lang='lat' dir='ltr'>exitus</span> <span class='ocrx_word' id='word_1_517' title='bbox 3562 3704 3654 3759; x_wconf 91' lang='lat' dir='ltr'>sui</span> <span class='ocrx_word' id='word_1_518' title='bbox 3698 3718 3819 3759; x_wconf 88' lang='lat' dir='ltr'>me-</span> 
     </span>
    </p>
   </div>
   <div class='ocr_carea' id='block_1_63' title="bbox 2163 3787 3820 3863">
    <p class='ocr_par' dir='ltr' id='par_1_63' title="bbox 2163 3787 3820 3863">
     <span class='ocr_line' id='line_1_64' title="bbox 2163 3787 3820 3863; baseline 0.004 -21"><span class='ocrx_word' id='word_1_519' title='bbox 2163 3802 2294 3843; x_wconf 86' lang='lat' dir='ltr'>mor</span> <span class='ocrx_word' id='word_1_520' title='bbox 2324 3787 2419 3852; x_wconf 89' lang='lat' dir='ltr'>sit,</span> <span class='ocrx_word' id='word_1_521' title='bbox 2453 3795 2508 3843; x_wconf 89' lang='lat' dir='ltr'>et</span> <span class='ocrx_word' id='word_1_522' title='bbox 2534 3788 2845 3860; x_wconf 93' lang='lat' dir='ltr'>quomodo</span> <span class='ocrx_word' id='word_1_523' title='bbox 2875 3789 2935 3844; x_wconf 90' lang='lat' dir='ltr'>in</span> <span class='ocrx_word' id='word_1_524' title='bbox 2966 3795 3293 3863; x_wconf 90' lang='lat' dir='ltr'>conspectu</span> <span class='ocrx_word' id='word_1_525' title='bbox 3323 3791 3419 3847; x_wconf 90' lang='lat' dir='ltr'>dei</span> <span class='ocrx_word' id='word_1_526' title='bbox 3448 3793 3495 3827; x_wconf 85' lang='grc'><strong><em>²²</em></strong></span> <span class='ocrx_word' id='word_1_527' title='bbox 3528 3807 3820 3848; x_wconf 90' lang='lat' dir='ltr'>occursu-</span> 
     </span>
    </p>
   </div>
   <div class='ocr_carea' id='block_1_64' title="bbox 2160 3877 3819 3953">
    <p class='ocr_par' dir='ltr' id='par_1_64' title="bbox 2160 3877 3819 3953">
     <span class='ocr_line' id='line_1_65' title="bbox 2160 3877 3819 3953; baseline 0.002 -21"><span class='ocrx_word' id='word_1_528' title='bbox 2160 3892 2264 3932; x_wconf 89' lang='lat' dir='ltr'>rus</span> <span class='ocrx_word' id='word_1_529' title='bbox 2298 3878 2391 3941; x_wconf 87' lang='lat' dir='ltr'>sit,</span> <span class='ocrx_word' id='word_1_530' title='bbox 2424 3882 2482 3933; x_wconf 90' lang='lat' dir='ltr'>et</span> <span class='ocrx_word' id='word_1_531' title='bbox 2502 3877 2722 3933; x_wconf 88' lang='lat' dir='ltr'>iudicia</span> <span class='ocrx_word' id='word_1_532' title='bbox 2747 3885 3003 3950; x_wconf 87' lang='lat' dir='ltr'>etpenas</span> <span class='ocrx_word' id='word_1_533' title='bbox 3023 3880 3325 3937; x_wconf 78' lang='lat' dir='ltr'>describat</span> <span class='ocrx_word' id='word_1_534' title='bbox 3343 3882 3389 3917; x_wconf 77' lang='lat'>“</span> <span class='ocrx_word' id='word_1_535' title='bbox 3415 3882 3475 3937; x_wconf 90' lang='lat' dir='ltr'>in</span> <span class='ocrx_word' id='word_1_536' title='bbox 3490 3887 3819 3953; x_wconf 88' lang='lat' dir='ltr'>conspectu</span> 
     </span>
    </p>
   </div>
   <div class='ocr_carea' id='block_1_65' title="bbox 2162 3965 3817 4031">
    <p class='ocr_par' dir='ltr' id='par_1_65' title="bbox 2162 3965 3817 4031">
     <span class='ocr_line' id='line_1_66' title="bbox 2162 3965 3817 4031; baseline 0.002 -11"><span class='ocrx_word' id='word_1_537' title='bbox 2162 3965 2379 4021; x_wconf 89' lang='lat' dir='ltr'>mentis</span> <span class='ocrx_word' id='word_1_538' title='bbox 2420 3981 2547 4031; x_wconf 90' lang='lat' dir='ltr'>sue,</span> <span class='ocrx_word' id='word_1_539' title='bbox 2586 3981 2695 4022; x_wconf 90' lang='lat' dir='ltr'>nec</span> <span class='ocrx_word' id='word_1_540' title='bbox 2734 3983 2855 4024; x_wconf 92' lang='lat' dir='ltr'>non</span> <span class='ocrx_word' id='word_1_541' title='bbox 2895 3968 3085 4024; x_wconf 88' lang='lat' dir='ltr'>eciam</span> <span class='ocrx_word' id='word_1_542' title='bbox 3125 3970 3172 4005; x_wconf 72' lang='grc'>³⁸</span> <span class='ocrx_word' id='word_1_543' title='bbox 3211 3969 3424 4026; x_wconf 90' lang='lat' dir='ltr'>merita</span> <span class='ocrx_word' id='word_1_544' title='bbox 3462 3974 3518 4026; x_wconf 93' lang='lat' dir='ltr'>et</span> <span class='ocrx_word' id='word_1_545' title='bbox 3553 3969 3817 4027; x_wconf 89' lang='lat' dir='ltr'>honores</span> 
     </span>
    </p>
   </div>
   <div class='ocr_carea' id='block_1_66' title="bbox 2161 4053 3821 4131">
    <p class='ocr_par' dir='ltr' id='par_1_66' title="bbox 2161 4053 3821 4131">
     <span class='ocr_line' id='line_1_67' title="bbox 2161 4053 3821 4131; baseline 0.003 -23"><span class='ocrx_word' id='word_1_546' title='bbox 2161 4053 2461 4126; x_wconf 91' lang='lat' dir='ltr'>quidandi</span> <span class='ocrx_word' id='word_1_547' title='bbox 2478 4058 2616 4110; x_wconf 90' lang='lat' dir='ltr'>sunt</span> <span class='ocrx_word' id='word_1_548' title='bbox 2639 4056 2861 4112; x_wconf 86' lang='lat' dir='ltr'>sanctis</span> <span class='ocrx_word' id='word_1_549' title='bbox 2877 4058 3076 4129; x_wconf 30' lang='lat' dir='ltr'>(‘1).Sic</span> <span class='ocrx_word' id='word_1_550' title='bbox 3089 4063 3288 4113; x_wconf 88' lang='lat' dir='ltr'>autem</span> <span class='ocrx_word' id='word_1_551' title='bbox 3302 4058 3821 4131; x_wconf 87' lang='lat' dir='ltr'>cognoverit,quia</span> 
     </span>
    </p>
   </div>
   <div class='ocr_carea' id='block_1_67' title="bbox 2162 4142 3820 4218">
    <p class='ocr_par' dir='ltr' id='par_1_67' title="bbox 2162 4142 3820 4218">
     <span class='ocr_line' id='line_1_68' title="bbox 2162 4142 3820 4218; baseline 0.004 -21"><span class='ocrx_word' id='word_1_552' title='bbox 2162 4158 2265 4198; x_wconf 90' lang='lat' dir='ltr'>cor</span> <span class='ocrx_word' id='word_1_553' title='bbox 2302 4142 2456 4199; x_wconf 90' lang='lat' dir='ltr'>illius</span> <span class='ocrx_word' id='word_1_554' title='bbox 2498 4143 2741 4201; x_wconf 86' lang='lat' dir='ltr'>ﬁrmum</span> <span class='ocrx_word' id='word_1_555' title='bbox 2790 4152 2877 4202; x_wconf 90' lang='lat' dir='ltr'>est</span> <span class='ocrx_word' id='word_1_556' title='bbox 2914 4147 2974 4201; x_wconf 92' lang='lat' dir='ltr'>in</span> <span class='ocrx_word' id='word_1_557' title='bbox 3028 4146 3237 4203; x_wconf 87' lang='lat' dir='ltr'>timore</span> <span class='ocrx_word' id='word_1_558' title='bbox 3294 4147 3543 4218; x_wconf 90' lang='lat' dir='ltr'>domini,</span> <span class='ocrx_word' id='word_1_559' title='bbox 3586 4151 3644 4204; x_wconf 91' lang='lat' dir='ltr'>et</span> <span class='ocrx_word' id='word_1_560' title='bbox 3695 4163 3820 4204; x_wconf 89' lang='lat' dir='ltr'>non</span> 
     </span>
    </p>
   </div>
   <div class='ocr_carea' id='block_1_68' title="bbox 2162 4232 3823 4307">
    <p class='ocr_par' dir='ltr' id='par_1_68' title="bbox 2162 4232 3823 4307">
     <span class='ocr_line' id='line_1_69' title="bbox 2162 4232 3823 4307; baseline 0.002 -19"><span class='ocrx_word' id='word_1_561' title='bbox 2162 4232 2401 4289; x_wconf 88' lang='lat' dir='ltr'>dimittit</span> <span class='ocrx_word' id='word_1_562' title='bbox 2423 4233 2622 4289; x_wconf 91' lang='lat' dir='ltr'>locum</span> <span class='ocrx_word' id='word_1_563' title='bbox 2656 4251 2853 4302; x_wconf 91' lang='lat' dir='ltr'>suum,</span> <span class='ocrx_word' id='word_1_564' title='bbox 2888 4235 2990 4291; x_wconf 92' lang='lat' dir='ltr'>sed</span> <span class='ocrx_word' id='word_1_565' title='bbox 3022 4235 3245 4292; x_wconf 87' lang='lat' dir='ltr'>fortiter</span> <span class='ocrx_word' id='word_1_566' title='bbox 3270 4236 3489 4293; x_wconf 89' lang='lat' dir='ltr'>resistit</span> <span class='ocrx_word' id='word_1_567' title='bbox 3515 4237 3588 4307; x_wconf 81' lang='lat'>(2)</span> <span class='ocrx_word' id='word_1_568' title='bbox 3612 4236 3823 4293; x_wconf 90' lang='lat' dir='ltr'>adver-</span> 
     </span>
    </p>
   </div>
   <div class='ocr_carea' id='block_1_69' title="bbox 2165 4321 3822 4395">
    <p class='ocr_par' dir='ltr' id='par_1_69' title="bbox 2165 4321 3822 4395">
     <span class='ocr_line' id='line_1_70' title="bbox 2165 4321 3822 4395; baseline 0.004 -20"><span class='ocrx_word' id='word_1_569' title='bbox 2165 4321 2322 4377; x_wconf 88' lang='lat' dir='ltr'>sario</span> <span class='ocrx_word' id='word_1_570' title='bbox 2344 4337 2472 4388; x_wconf 89' lang='lat' dir='ltr'>suo,</span> <span class='ocrx_word' id='word_1_571' title='bbox 2498 4321 2591 4378; x_wconf 89' lang='lat' dir='ltr'>ille</span> <span class='ocrx_word' id='word_1_572' title='bbox 2618 4322 2913 4395; x_wconf 88' lang='lat' dir='ltr'>perfectus</span> <span class='ocrx_word' id='word_1_573' title='bbox 2941 4324 3277 4381; x_wconf 87' lang='lat' dir='ltr'>monachus</span> <span class='ocrx_word' id='word_1_574' title='bbox 3302 4331 3357 4381; x_wconf 86' lang='lat' dir='ltr'>et</span> <span class='ocrx_word' id='word_1_575' title='bbox 3397 4324 3569 4381; x_wconf 87' lang='lat' dir='ltr'>miles</span> <span class='ocrx_word' id='word_1_576' title='bbox 3612 4323 3822 4382; x_wconf 87' lang='lat' dir='ltr'>Christi</span> 
     </span>
    </p>
   </div>
   <div class='ocr_carea' id='block_1_70' title="bbox 2164 4412 3821 4471">
    <p class='ocr_par' dir='ltr' id='par_1_70' title="bbox 2164 4412 3821 4471">
     <span class='ocr_line' id='line_1_71' title="bbox 2164 4412 3821 4471; baseline 0.003 -7"><span class='ocrx_word' id='word_1_577' title='bbox 2164 4414 2426 4466; x_wconf 87' lang='lat' dir='ltr'>vocatur.</span> <span class='ocrx_word' id='word_1_578' title='bbox 2462 4413 2530 4468; x_wconf 91' lang='lat' dir='ltr'>Ut</span> <span class='ocrx_word' id='word_1_579' title='bbox 2560 4412 2723 4468; x_wconf 89' lang='lat' dir='ltr'>enim</span> <span class='ocrx_word' id='word_1_580' title='bbox 2754 4413 3060 4471; x_wconf 88' lang='lat' dir='ltr'>cumulata</span> <span class='ocrx_word' id='word_1_581' title='bbox 3088 4415 3135 4449; x_wconf 76' lang='grc'>³⁵</span> <span class='ocrx_word' id='word_1_582' title='bbox 3166 4414 3339 4470; x_wconf 88' lang='lat' dir='ltr'>navis</span> <span class='ocrx_word' id='word_1_583' title='bbox 3374 4413 3676 4470; x_wconf 89' lang='lat' dir='ltr'>undarum</span> <span class='ocrx_word' id='word_1_584' title='bbox 3700 4414 3821 4470; x_wconf 89' lang='lat' dir='ltr'>ictu</span> 
     </span>
    </p>
   </div>
   <div class='ocr_carea' id='block_1_71' title="bbox 2166 4500 3823 4574">
    <p class='ocr_par' dir='ltr' id='par_1_71' title="bbox 2166 4500 3823 4574">
     <span class='ocr_line' id='line_1_72' title="bbox 2166 4500 3823 4574; baseline 0.002 -20"><span class='ocrx_word' id='word_1_585' title='bbox 2166 4500 2456 4566; x_wconf 90' lang='lat' dir='ltr'>obruitur,</span> <span class='ocrx_word' id='word_1_586' title='bbox 2484 4500 2566 4557; x_wconf 92' lang='lat' dir='ltr'>sic</span> <span class='ocrx_word' id='word_1_587' title='bbox 2601 4501 2791 4559; x_wconf 88' lang='lat' dir='ltr'>multa</span> <span class='ocrx_word' id='word_1_588' title='bbox 2805 4502 3124 4574; x_wconf 82' lang='lat' dir='ltr'>possidens</span> <span class='ocrx_word' id='word_1_589' title='bbox 3141 4502 3475 4559; x_wconf 87' lang='lat' dir='ltr'>monachus</span> <span class='ocrx_word' id='word_1_590' title='bbox 3487 4518 3610 4559; x_wconf 91' lang='lat' dir='ltr'>non</span> <span class='ocrx_word' id='word_1_591' title='bbox 3633 4503 3823 4561; x_wconf 86' lang='lat' dir='ltr'>salva-</span> 
     </span>
    </p>
   </div>
   <div class='ocr_carea' id='block_1_72' title="bbox 2165 4589 3819 4665">
    <p class='ocr_par' dir='ltr' id='par_1_72' title="bbox 2165 4589 3819 4665">
     <span class='ocr_line' id='line_1_73' title="bbox 2165 4589 3819 4665; baseline 0.001 -20"><span class='ocrx_word' id='word_1_592' title='bbox 2165 4589 2346 4645; x_wconf 89' lang='lat' dir='ltr'>bitur.</span> <span class='ocrx_word' id='word_1_593' title='bbox 2363 4589 2514 4645; x_wconf 88' lang='lat' dir='ltr'>Nihil</span> <span class='ocrx_word' id='word_1_594' title='bbox 2532 4591 2856 4662; x_wconf 91' lang='lat' dir='ltr'>possidens</span> <span class='ocrx_word' id='word_1_595' title='bbox 2883 4591 3217 4647; x_wconf 88' lang='lat' dir='ltr'>monachus</span> <span class='ocrx_word' id='word_1_596' title='bbox 3229 4592 3427 4649; x_wconf 87' lang='lat' dir='ltr'>viator</span> <span class='ocrx_word' id='word_1_597' title='bbox 3439 4593 3754 4665; x_wconf 90' lang='lat' dir='ltr'>expeditus</span> <span class='ocrx_word' id='word_1_598' title='bbox 3771 4593 3819 4627; x_wconf 76' lang='grc'>³⁸</span> 
     </span>
    </p>
   </div>
   <div class='ocr_carea' id='block_1_73' title="bbox 2167 4677 3825 4754">
    <p class='ocr_par' dir='ltr' id='par_1_73' title="bbox 2167 4677 3825 4754">
     <span class='ocr_line' id='line_1_74' title="bbox 2167 4677 3825 4754; baseline 0.002 -21"><span class='ocrx_word' id='word_1_599' title='bbox 2167 4682 2275 4733; x_wconf 90' lang='lat' dir='ltr'>est.</span> <span class='ocrx_word' id='word_1_600' title='bbox 2305 4677 2455 4734; x_wconf 90' lang='lat' dir='ltr'>Nihil</span> <span class='ocrx_word' id='word_1_601' title='bbox 2480 4679 2798 4750; x_wconf 89' lang='lat' dir='ltr'>possidens</span> <span class='ocrx_word' id='word_1_602' title='bbox 2827 4680 3161 4737; x_wconf 86' lang='lat' dir='ltr'>monachus</span> <span class='ocrx_word' id='word_1_603' title='bbox 3191 4680 3367 4753; x_wconf 90' lang='lat' dir='ltr'>quasi</span> <span class='ocrx_word' id='word_1_604' title='bbox 3400 4680 3602 4754; x_wconf 87' lang='lat' dir='ltr'>aquila</span> <span class='ocrx_word' id='word_1_605' title='bbox 3626 4681 3702 4737; x_wconf 85' lang='lat' dir='ltr'>ad</span> <span class='ocrx_word' id='word_1_606' title='bbox 3726 4695 3825 4737; x_wconf 89' lang='lat' dir='ltr'>ex-</span> 
     </span>
    </p>
   </div>
   <div class='ocr_carea' id='block_1_74' title="bbox 1758 4776 2458 4836">
    <p class='ocr_par' dir='ltr' id='par_1_74' title="bbox 1758 4776 2458 4836">
     <span class='ocr_line' id='line_1_75' title="bbox 1758 4776 2458 4836; baseline 0.009 -6"><span class='ocrx_word' id='word_1_607' title='bbox 1758 4776 2015 4831; x_wconf 83' lang='lat' dir='ltr'>VABIAE</span> <span class='ocrx_word' id='word_1_608' title='bbox 2054 4776 2345 4832; x_wconf 81' lang='lat' dir='ltr'>LECTION</span> <span class='ocrx_word' id='word_1_609' title='bbox 2357 4779 2458 4836; x_wconf 86' lang='lat' dir='ltr'>ES.</span> 
     </span>
    </p>
   </div>
   <div class='ocr_carea' id='block_1_75' title="bbox 485 4873 2677 4945">
    <p class='ocr_par' dir='ltr' id='par_1_75' title="bbox 485 4873 2677 4945">
     <span class='ocr_line' id='line_1_76' title="bbox 485 4873 2677 4945; baseline -0.004 -5"><span class='ocrx_word' id='word_1_610' title='bbox 485 4886 504 4921; x_wconf 81' lang='grc'>¹</span> <span class='ocrx_word' id='word_1_611' title='bbox 542 4882 697 4940; x_wconf 87' lang='lat' dir='ltr'>beati</span> <span class='ocrx_word' id='word_1_612' title='bbox 726 4896 847 4937; x_wconf 93' lang='lat' dir='ltr'>om.</span> <span class='ocrx_word' id='word_1_613' title='bbox 883 4880 928 4933; x_wconf 85' lang='lat' dir='ltr'><strong>A</strong></span> <span class='ocrx_word' id='word_1_614' title='bbox 1034 4881 1053 4913; x_wconf 83' lang='grc'>²</span> <span class='ocrx_word' id='word_1_615' title='bbox 1084 4876 1123 4929; x_wconf 90' lang='grc' dir='ltr'>Β</span> <span class='ocrx_word' id='word_1_616' title='bbox 1155 4874 1366 4945; x_wconf 90' lang='lat' dir='ltr'>Incipit</span> <span class='ocrx_word' id='word_1_617' title='bbox 1395 4874 1521 4929; x_wconf 82' lang='lat' dir='ltr'>alia</span> <span class='ocrx_word' id='word_1_618' title='bbox 1545 4874 1791 4944; x_wconf 81' lang='lat' dir='ltr'>epistola</span> <span class='ocrx_word' id='word_1_619' title='bbox 1817 4875 2073 4931; x_wconf 79' lang='lat' dir='ltr'>eiusdem</span> <span class='ocrx_word' id='word_1_620' title='bbox 2105 4873 2410 4931; x_wconf 74' lang='lat' dir='ltr'>Macharii</span> <span class='ocrx_word' id='word_1_621' title='bbox 2428 4875 2677 4941; x_wconf 85' lang='lat' dir='ltr'>abbatis,</span> 
     </span>
    </p>
   </div>
   <div class='ocr_carea' id='block_1_76' title="bbox 1900 4947 2413 5013">
    <p class='ocr_par' dir='ltr' id='par_1_76' title="bbox 1900 4947 2413 5013">
     <span class='ocr_line' id='line_1_77' title="bbox 1900 4947 2413 5013; baseline -0.002 -12"><span class='ocrx_word' id='word_1_622' title='bbox 1900 4950 1919 4981; x_wconf 81' lang='grc'>³</span> <span class='ocrx_word' id='word_1_623' title='bbox 1951 4948 1992 5001; x_wconf 90' lang='grc' dir='ltr'><strong>Β</strong></span> <span class='ocrx_word' id='word_1_624' title='bbox 2018 4947 2413 5013; x_wconf 85' lang='lat' dir='ltr'>semetipsum.</span> 
     </span>
    </p>
   </div>
   <div class='ocr_carea' id='block_1_77' title="bbox 1948 5018 2501 5074">
    <p class='ocr_par' dir='ltr' id='par_1_77' title="bbox 1948 5018 2501 5074">
     <span class='ocr_line' id='line_1_78' title="bbox 1948 5018 2501 5074; baseline -0.007 -1"><span class='ocrx_word' id='word_1_625' title='bbox 1948 5019 1968 5052; x_wconf 84' lang='grc'><strong>⁸</strong></span> <span class='ocrx_word' id='word_1_626' title='bbox 2017 5018 2057 5073; x_wconf 88' lang='lat' dir='ltr'>C</span> <span class='ocrx_word' id='word_1_627' title='bbox 2113 5018 2501 5074; x_wconf 84' lang='lat' dir='ltr'>orationibus.</span> 
     </span>
    </p>
   </div>
   <div class='ocr_carea' id='block_1_78' title="bbox 413 4945 1807 5016">
    <p class='ocr_par' dir='ltr' id='par_1_78' title="bbox 413 4945 1807 5016">
     <span class='ocr_line' id='line_1_79' title="bbox 413 4945 1807 5016; baseline -0.011 -2"><span class='ocrx_word' id='word_1_628' title='bbox 413 4954 774 5015; x_wconf 85' lang='lat' dir='ltr'>venientiam</span> <span class='ocrx_word' id='word_1_629' title='bbox 820 4950 994 5007; x_wconf 84' lang='lat' dir='ltr'>habet</span> <span class='ocrx_word' id='word_1_630' title='bbox 1045 4962 1178 5003; x_wconf 86' lang='lat' dir='ltr'>cum</span> <span class='ocrx_word' id='word_1_631' title='bbox 1219 4946 1494 5016; x_wconf 81' lang='lat' dir='ltr'>predicta</span> <span class='ocrx_word' id='word_1_632' title='bbox 1539 4945 1807 5014; x_wconf 84' lang='lat' dir='ltr'>epistola.</span> 
     </span>
    </p>
   </div>
   <div class='ocr_carea' id='block_1_79' title="bbox 416 5016 1848 5083">
    <p class='ocr_par' dir='ltr' id='par_1_79' title="bbox 416 5016 1848 5083">
     <span class='ocr_line' id='line_1_80' title="bbox 416 5016 1848 5083; baseline -0.01 1"><span class='ocrx_word' id='word_1_633' title='bbox 416 5031 437 5065; x_wconf 82' lang='grc'>⁶</span> <span class='ocrx_word' id='word_1_634' title='bbox 470 5029 510 5083; x_wconf 92' lang='lat' dir='ltr'>C</span> <span class='ocrx_word' id='word_1_635' title='bbox 548 5025 847 5081; x_wconf 86' lang='lat' dir='ltr'>dominus.</span> <span class='ocrx_word' id='word_1_636' title='bbox 978 5020 1082 5074; x_wconf 71' lang='lat' dir='ltr'>7in</span> <span class='ocrx_word' id='word_1_637' title='bbox 1119 5034 1243 5073; x_wconf 92' lang='lat' dir='ltr'>om.</span> <span class='ocrx_word' id='word_1_638' title='bbox 1267 5017 1325 5071; x_wconf 90' lang='lat' dir='ltr'>C.</span> <span class='ocrx_word' id='word_1_639' title='bbox 1430 5016 1474 5049; x_wconf 73' lang='grc' dir='ltr'>τ’</span> <span class='ocrx_word' id='word_1_640' title='bbox 1503 5016 1563 5069; x_wconf 92' lang='lat' dir='ltr'>in</span> <span class='ocrx_word' id='word_1_641' title='bbox 1616 5032 1737 5072; x_wconf 92' lang='lat' dir='ltr'>om.</span> <span class='ocrx_word' id='word_1_642' title='bbox 1788 5016 1848 5071; x_wconf 92' lang='lat' dir='ltr'>C.</span> 
     </span>
    </p>
   </div>
   <div class='ocr_carea' id='block_1_80' title="bbox 416 5091 973 5152">
    <p class='ocr_par' dir='ltr' id='par_1_80' title="bbox 416 5091 973 5152">
     <span class='ocr_line' id='line_1_81' title="bbox 416 5091 973 5152; baseline -0.016 2"><span class='ocrx_word' id='word_1_643' title='bbox 416 5101 459 5136; x_wconf 78' lang='lat'>“</span> <span class='ocrx_word' id='word_1_644' title='bbox 496 5099 535 5152; x_wconf 91' lang='lat' dir='ltr'><strong>B</strong></span> <span class='ocrx_word' id='word_1_645' title='bbox 564 5091 973 5152; x_wconf 85' lang='lat' dir='ltr'>contumelias.</span> 
     </span>
    </p>
   </div>
   <div class='ocr_carea' id='block_1_81' title="bbox 420 5230 1542 5299">
    <p class='ocr_par' dir='ltr' id='par_1_81' title="bbox 420 5230 1542 5299">
     <span class='ocr_line' id='line_1_82' title="bbox 420 5230 1542 5299; baseline -0.014 0"><span class='ocrx_word' id='word_1_646' title='bbox 420 5243 649 5299; x_wconf 78' lang='lat' dir='ltr'>(ictum.</span> <span class='ocrx_word' id='word_1_647' title='bbox 756 5237 798 5271; x_wconf 82' lang='grc'>²¹</span> <span class='ocrx_word' id='word_1_648' title='bbox 827 5234 870 5287; x_wconf 88' lang='lat' dir='ltr'>C</span> <span class='ocrx_word' id='word_1_649' title='bbox 900 5233 1077 5289; x_wconf 88' lang='lat' dir='ltr'>diem.</span> <span class='ocrx_word' id='word_1_650' title='bbox 1154 5233 1199 5266; x_wconf 85' lang='grc'><strong><em>²²</em></strong></span> <span class='ocrx_word' id='word_1_651' title='bbox 1232 5231 1271 5286; x_wconf 88' lang='lat' dir='ltr'>C</span> <span class='ocrx_word' id='word_1_652' title='bbox 1298 5230 1542 5285; x_wconf 77' lang='lat' dir='ltr'>domini.</span> 
     </span>
    </p>
   </div>
   <div class='ocr_carea' id='block_1_82' title="bbox 2708 4877 3824 4948">
    <p class='ocr_par' dir='ltr' id='par_1_82' title="bbox 2708 4877 3824 4948">
     <span class='ocr_line' id='line_1_83' title="bbox 2708 4877 3824 4948; baseline 0.002 -17"><span class='ocrx_word' id='word_1_653' title='bbox 2708 4891 2822 4947; x_wconf 91' lang='lat' dir='ltr'>que</span> <span class='ocrx_word' id='word_1_654' title='bbox 2848 4880 3043 4933; x_wconf 86' lang='lat' dir='ltr'>tamen</span> <span class='ocrx_word' id='word_1_655' title='bbox 3064 4877 3126 4931; x_wconf 85' lang='lat' dir='ltr'>in</span> <span class='ocrx_word' id='word_1_656' title='bbox 3151 4877 3358 4933; x_wconf 81' lang='lat' dir='ltr'>multis</span> <span class='ocrx_word' id='word_1_657' title='bbox 3379 4891 3661 4948; x_wconf 85' lang='lat' dir='ltr'>magnam</span> <span class='ocrx_word' id='word_1_658' title='bbox 3688 4894 3824 4935; x_wconf 84' lang='lat' dir='ltr'>con-</span> 
     </span>
    </p>
   </div>
   <div class='ocr_carea' id='block_1_83' title="bbox 2506 4948 3819 5007">
    <p class='ocr_par' dir='ltr' id='par_1_83' title="bbox 2506 4948 3819 5007">
     <span class='ocr_line' id='line_1_84' title="bbox 2506 4948 3819 5007; baseline 0.001 -5"><span class='ocrx_word' id='word_1_659' title='bbox 2506 4949 2526 4981; x_wconf 76' lang='grc'><strong>⁴</strong></span> <span class='ocrx_word' id='word_1_660' title='bbox 2555 4948 2594 5002; x_wconf 89' lang='lat' dir='ltr'>C</span> <span class='ocrx_word' id='word_1_661' title='bbox 2618 4949 2949 5004; x_wconf 86' lang='lat' dir='ltr'>dominum.</span> <span class='ocrx_word' id='word_1_662' title='bbox 3042 4949 3062 4984; x_wconf 74' lang='grc'>⁸</span> <span class='ocrx_word' id='word_1_663' title='bbox 3095 4949 3207 5003; x_wconf 91' lang='lat' dir='ltr'>Pro</span> <span class='ocrx_word' id='word_1_664' title='bbox 3242 4954 3383 5005; x_wconf 88' lang='lat' dir='ltr'>tunc</span> <span class='ocrx_word' id='word_1_665' title='bbox 3440 4950 3581 5006; x_wconf 83' lang='lat' dir='ltr'>sciet</span> <span class='ocrx_word' id='word_1_666' title='bbox 3630 4949 3721 5005; x_wconf 86' lang='lat' dir='ltr'>AB</span> <span class='ocrx_word' id='word_1_667' title='bbox 3747 4954 3819 5007; x_wconf 88' lang='lat' dir='ltr'>et.</span> 
     </span>
    </p>
   </div>
   <div class='ocr_carea' id='block_1_84' title="bbox 2606 5019 3819 5090">
    <p class='ocr_par' dir='ltr' id='par_1_84' title="bbox 2606 5019 3819 5090">
     <span class='ocr_line' id='line_1_85' title="bbox 2606 5019 3819 5090; baseline 0.002 -17"><span class='ocrx_word' id='word_1_668' title='bbox 2606 5020 2625 5052; x_wconf 77' lang='lat'><strong>9</strong></span> <span class='ocrx_word' id='word_1_669' title='bbox 2658 5020 2743 5074; x_wconf 89' lang='lat' dir='ltr'>BC</span> <span class='ocrx_word' id='word_1_670' title='bbox 2790 5019 3111 5076; x_wconf 83' lang='lat' dir='ltr'>instancia.</span> <span class='ocrx_word' id='word_1_671' title='bbox 3216 5022 3262 5055; x_wconf 91' lang='grc'>¹⁰</span> <span class='ocrx_word' id='word_1_672' title='bbox 3308 5021 3391 5076; x_wconf 89' lang='lat' dir='ltr'>BC</span> <span class='ocrx_word' id='word_1_673' title='bbox 3465 5028 3819 5090; x_wconf 86' lang='lat' dir='ltr'>contemptu.</span> 
     </span>
    </p>
   </div>
   <div class='ocr_carea' id='block_1_85' title="bbox 1082 5086 3824 5158">
    <p class='ocr_par' dir='ltr' id='par_1_85' title="bbox 1082 5086 3824 5158">
     <span class='ocr_line' id='line_1_86' title="bbox 1082 5086 3824 5158; baseline 0.001 -15"><span class='ocrx_word' id='word_1_674' title='bbox 1082 5090 1127 5123; x_wconf 81' lang='grc'>¹²</span> <span class='ocrx_word' id='word_1_675' title='bbox 1170 5091 1207 5143; x_wconf 89' lang='grc' dir='ltr'>Β</span> <span class='ocrx_word' id='word_1_676' title='bbox 1239 5094 1316 5158; x_wconf 10' lang='lat' dir='ltr'>et?</span> <span class='ocrx_word' id='word_1_677' title='bbox 1348 5086 1468 5142; x_wconf 84' lang='lat' dir='ltr'>idio</span> <span class='ocrx_word' id='word_1_678' title='bbox 1526 5086 1718 5143; x_wconf 81' lang='lat' dir='ltr'>habet.</span> <span class='ocrx_word' id='word_1_679' title='bbox 1796 5090 1840 5123; x_wconf 85' lang='grc'>¹³</span> <span class='ocrx_word' id='word_1_680' title='bbox 1896 5089 1980 5144; x_wconf 88' lang='lat' dir='ltr'>BC</span> <span class='ocrx_word' id='word_1_681' title='bbox 2027 5089 2245 5158; x_wconf 84' lang='lat' dir='ltr'>diligit.</span> <span class='ocrx_word' id='word_1_682' title='bbox 2328 5090 2373 5124; x_wconf 72' lang='grc'>1⁸</span> <span class='ocrx_word' id='word_1_683' title='bbox 2408 5089 2452 5143; x_wconf 92' lang='grc' dir='ltr'>Β</span> <span class='ocrx_word' id='word_1_684' title='bbox 2485 5089 2988 5158; x_wconf 82' lang='lat' dir='ltr'>humiliacionem,</span> <span class='ocrx_word' id='word_1_685' title='bbox 3024 5094 3063 5147; x_wconf 87' lang='lat' dir='ltr'><strong>C</strong></span> <span class='ocrx_word' id='word_1_686' title='bbox 3098 5091 3581 5149; x_wconf 83' lang='lat' dir='ltr'>humiliacionem</span> <span class='ocrx_word' id='word_1_687' title='bbox 3629 5086 3824 5149; x_wconf 45' lang='lat' dir='ltr'>et&#39;hu-</span> 
     </span>
    </p>
   </div>
   <div class='ocr_carea' id='block_1_86' title="bbox 414 5157 2357 5226">
    <p class='ocr_par' dir='ltr' id='par_1_86' title="bbox 414 5157 2357 5226">
     <span class='ocr_line' id='line_1_87' title="bbox 414 5157 2357 5226; baseline -0.006 0"><span class='ocrx_word' id='word_1_688' title='bbox 414 5169 749 5226; x_wconf 86' lang='lat' dir='ltr'>militatem.</span> <span class='ocrx_word' id='word_1_689' title='bbox 828 5165 875 5199; x_wconf 86' lang='grc'>¹⁵</span> <span class='ocrx_word' id='word_1_690' title='bbox 916 5161 1112 5217; x_wconf 85' lang='lat' dir='ltr'>cordis</span> <span class='ocrx_word' id='word_1_691' title='bbox 1138 5176 1259 5214; x_wconf 87' lang='lat' dir='ltr'>om.</span> <span class='ocrx_word' id='word_1_692' title='bbox 1294 5157 1353 5213; x_wconf 91' lang='lat' dir='ltr'>C.</span> <span class='ocrx_word' id='word_1_693' title='bbox 1435 5160 1482 5193; x_wconf 82' lang='grc'>¹⁶</span> <span class='ocrx_word' id='word_1_694' title='bbox 1524 5158 1561 5211; x_wconf 91' lang='lat' dir='ltr'>C</span> <span class='ocrx_word' id='word_1_695' title='bbox 1600 5163 1820 5215; x_wconf 89' lang='lat' dir='ltr'>etnon.</span> <span class='ocrx_word' id='word_1_696' title='bbox 1901 5161 1943 5194; x_wconf 79' lang='lat'>“</span> <span class='ocrx_word' id='word_1_697' title='bbox 1974 5161 2017 5213; x_wconf 89' lang='lat' dir='ltr'><strong>A</strong></span> <span class='ocrx_word' id='word_1_698' title='bbox 2047 5157 2357 5217; x_wconf 86' lang='lat' dir='ltr'>desideret.</span> 
     </span>
    </p>
   </div>
   <div class='ocr_carea' id='block_1_87' title="bbox 1647 5228 2143 5287">
    <p class='ocr_par' dir='ltr' id='par_1_87' title="bbox 1647 5228 2143 5287">
     <span class='ocr_line' id='line_1_88' title="bbox 1647 5228 2143 5287; baseline 0 -2"><span class='ocrx_word' id='word_1_699' title='bbox 1647 5231 1694 5266; x_wconf 69' lang='grc'>⁸³</span> <span class='ocrx_word' id='word_1_700' title='bbox 1721 5228 1808 5285; x_wconf 90' lang='lat' dir='ltr'><strong>BC</strong></span> <span class='ocrx_word' id='word_1_701' title='bbox 1840 5231 2143 5287; x_wconf 83' lang='lat' dir='ltr'>describit.</span> 
     </span>
    </p>
   </div>
   <div class='ocr_carea' id='block_1_88' title="bbox 2466 5160 3823 5232">
    <p class='ocr_par' dir='ltr' id='par_1_88' title="bbox 2466 5160 3823 5232">
     <span class='ocr_line' id='line_1_89' title="bbox 2466 5160 3823 5232; baseline 0.003 -17"><span class='ocrx_word' id='word_1_702' title='bbox 2466 5160 2512 5195; x_wconf 78' lang='grc'>¹⁹</span> <span class='ocrx_word' id='word_1_703' title='bbox 2588 5176 2692 5230; x_wconf 90' lang='lat' dir='ltr'>ego</span> <span class='ocrx_word' id='word_1_704' title='bbox 2720 5176 2841 5216; x_wconf 91' lang='lat' dir='ltr'>om.</span> <span class='ocrx_word' id='word_1_705' title='bbox 2876 5163 2934 5217; x_wconf 93' lang='lat' dir='ltr'>C.</span> <span class='ocrx_word' id='word_1_706' title='bbox 3014 5164 3061 5197; x_wconf 77' lang='grc'>¹¹</span> <span class='ocrx_word' id='word_1_707' title='bbox 3117 5162 3157 5216; x_wconf 93' lang='lat' dir='ltr'>C</span> <span class='ocrx_word' id='word_1_708' title='bbox 3187 5178 3464 5232; x_wconf 85' lang='lat' dir='ltr'>agnosco.</span> <span class='ocrx_word' id='word_1_709' title='bbox 3544 5165 3588 5203; x_wconf 77' lang='grc' dir='ltr'>³ο</span> <span class='ocrx_word' id='word_1_710' title='bbox 3616 5164 3703 5219; x_wconf 87' lang='lat' dir='ltr'><strong>BC</strong></span> <span class='ocrx_word' id='word_1_711' title='bbox 3729 5164 3823 5220; x_wconf 87' lang='lat' dir='ltr'>de-</span> 
     </span>
    </p>
   </div>
   <div class='ocr_carea' id='block_1_89' title="bbox 2240 5232 3812 5306">
    <p class='ocr_par' dir='ltr' id='par_1_89' title="bbox 2240 5232 3812 5306">
     <span class='ocr_line' id='line_1_90' title="bbox 2240 5232 3812 5306; baseline 0.002 -19"><span class='ocrx_word' id='word_1_712' title='bbox 2240 5235 2285 5268; x_wconf 74' lang='lat'>“</span> <span class='ocrx_word' id='word_1_713' title='bbox 2312 5232 2497 5306; x_wconf 81' lang='lat' dir='ltr'>eciam</span> <span class='ocrx_word' id='word_1_714' title='bbox 2527 5246 2648 5287; x_wconf 90' lang='lat' dir='ltr'>om.</span> <span class='ocrx_word' id='word_1_715' title='bbox 2677 5234 2748 5287; x_wconf 78' lang='grc' dir='ltr'>Α.</span> <span class='ocrx_word' id='word_1_716' title='bbox 2849 5235 2896 5271; x_wconf 71' lang='grc'>’⁸</span> <span class='ocrx_word' id='word_1_717' title='bbox 2927 5235 3008 5289; x_wconf 85' lang='lat' dir='ltr'>Ex</span> <span class='ocrx_word' id='word_1_718' title='bbox 3060 5234 3242 5305; x_wconf 91' lang='lat' dir='ltr'>conj.,</span> <span class='ocrx_word' id='word_1_719' title='bbox 3277 5249 3388 5306; x_wconf 89' lang='lat' dir='ltr'>pro</span> <span class='ocrx_word' id='word_1_720' title='bbox 3428 5236 3742 5293; x_wconf 86' lang='lat' dir='ltr'>cumulata</span> <span class='ocrx_word' id='word_1_721' title='bbox 3770 5238 3812 5290; x_wconf 79' lang='grc' dir='ltr'>Α</span> 
     </span>
    </p>
   </div>
   <div class='ocr_carea' id='block_1_90' title="bbox 414 5301 2584 5373">
    <p class='ocr_par' dir='ltr' id='par_1_90' title="bbox 414 5301 2584 5373">
     <span class='ocr_line' id='line_1_91' title="bbox 414 5301 2584 5373; baseline -0.006 -1"><span class='ocrx_word' id='word_1_722' title='bbox 414 5314 770 5373; x_wconf 84' lang='lat' dir='ltr'>multarum,</span> <span class='ocrx_word' id='word_1_723' title='bbox 804 5308 846 5361; x_wconf 89' lang='lat' dir='ltr'><strong>B</strong></span> <span class='ocrx_word' id='word_1_724' title='bbox 878 5321 1012 5362; x_wconf 89' lang='lat' dir='ltr'>cum</span> <span class='ocrx_word' id='word_1_725' title='bbox 1043 5304 1235 5360; x_wconf 74' lang='lat' dir='ltr'>multa</span> <span class='ocrx_word' id='word_1_726' title='bbox 1260 5305 1534 5371; x_wconf 80' lang='lat' dir='ltr'>portans,</span> <span class='ocrx_word' id='word_1_727' title='bbox 1566 5301 1606 5357; x_wconf 92' lang='lat' dir='ltr'>C</span> <span class='ocrx_word' id='word_1_728' title='bbox 1638 5317 1771 5360; x_wconf 88' lang='lat' dir='ltr'>cum</span> <span class='ocrx_word' id='word_1_729' title='bbox 1798 5303 2011 5360; x_wconf 85' lang='lat' dir='ltr'>multa.</span> <span class='ocrx_word' id='word_1_730' title='bbox 2090 5304 2137 5338; x_wconf 76' lang='grc'>³⁸</span> <span class='ocrx_word' id='word_1_731' title='bbox 2167 5309 2212 5359; x_wconf 84' lang='grc' dir='ltr'>Α</span> <span class='ocrx_word' id='word_1_732' title='bbox 2238 5302 2584 5373; x_wconf 69' lang='lat' dir='ltr'>expeditior.</span> 
     </span>
    </p>
   </div>
   <div class='ocr_carea' id='block_1_91' title="bbox 1943 5402 2172 5457">
    <p class='ocr_par' dir='ltr' id='par_1_91' title="bbox 1943 5402 2172 5457">
     <span class='ocr_line' id='line_1_92' title="bbox 1943 5402 2172 5457; baseline 0.004 -1"><span class='ocrx_word' id='word_1_733' title='bbox 1943 5402 2172 5457; x_wconf 77' lang='lat' dir='ltr'>NOTAE</span> 
     </span>
    </p>
   </div>
   <div class='ocr_carea' id='block_1_92' title="bbox 484 5498 2068 5637">
    <p class='ocr_par' dir='ltr' id='par_1_92' title="bbox 484 5498 2068 5637">
     <span class='ocr_line' id='line_1_93' title="bbox 484 5498 2068 5637; baseline -0.007 -72"><span class='ocrx_word' id='word_1_734' title='bbox 484 5510 562 5637; x_wconf 53' lang='lat' dir='ltr'>Si)</span> <span class='ocrx_word' id='word_1_735' title='bbox 592 5507 735 5589; x_wconf 78' lang='lat' dir='ltr'>Hinc</span> <span class='ocrx_word' id='word_1_736' title='bbox 768 5501 1322 5584; x_wconf 73' lang='lat' dir='ltr'>incipitdiscrepare</span> <span class='ocrx_word' id='word_1_737' title='bbox 1334 5499 1483 5556; x_wconf 88' lang='lat' dir='ltr'>haec</span> <span class='ocrx_word' id='word_1_738' title='bbox 1500 5498 1578 5556; x_wconf 89' lang='lat' dir='ltr'>ab</span> <span class='ocrx_word' id='word_1_739' title='bbox 1592 5513 1683 5566; x_wconf 90' lang='lat' dir='ltr'>ea,</span> <span class='ocrx_word' id='word_1_740' title='bbox 1703 5513 1890 5572; x_wconf 90' lang='lat' dir='ltr'>quam</span> <span class='ocrx_word' id='word_1_741' title='bbox 1909 5498 2022 5555; x_wconf 89' lang='lat' dir='ltr'>sub</span> <span class='ocrx_word' id='word_1_742' title='bbox 2048 5502 2068 5554; x_wconf 93' lang='lat' dir='ltr'>l</span> 
     </span>
     <span class='ocr_line' id='line_1_94' title="bbox 484 5572 1114 5637; baseline -0.014 0"><span class='ocrx_word' id='word_1_743' title='bbox 484 5598 494 5637; x_wconf 89' lang='grc' dir='ltr'>ι</span> <span class='ocrx_word' id='word_1_744' title='bbox 520 5594 815 5637; x_wconf 63' lang='lat' dir='ltr'>cavimus.</span> <span class='ocrx_word' id='word_1_745' title='bbox 842 5572 1114 5637; x_wconf 82' lang='lat' dir='ltr'>epistola.</span> 
     </span>
    </p>
   </div>
   <div class='ocr_carea' id='block_1_93' title="bbox 397 5598 494 5640">
    <p class='ocr_par' dir='ltr' id='par_1_93' title="bbox 397 5598 494 5640">
     <span class='ocr_line' id='line_1_95' title="bbox 397 5598 494 5640; baseline -0.021 0"><span class='ocrx_word' id='word_1_746' title='bbox 397 5598 494 5640; x_wconf 58' lang='lat' dir='ltr'>*vu</span> 
     </span>
    </p>
   </div>
   <div class='ocr_carea' id='block_1_94' title="bbox 520 5572 1114 5657">
    <p class='ocr_par' dir='ltr' id='par_1_94' title="bbox 520 5572 1114 5657">
     <span class='ocr_line' id='line_1_96' title="bbox 520 5572 1114 5657; baseline -0.015 -20"><span class='ocrx_word' id='word_1_747' title='bbox 520 5572 831 5657; x_wconf 71' lang='lat' dir='ltr'>gavimus,_</span> <span class='ocrx_word' id='word_1_748' title='bbox 842 5572 1114 5657; x_wconf 73' lang='lat' dir='ltr'>epistola.</span> 
     </span>
    </p>
   </div>
   <div class='ocr_carea' id='block_1_95' title="bbox 488 5642 2059 5728">
    <p class='ocr_par' dir='ltr' id='par_1_95' title="bbox 488 5642 2059 5728">
     <span class='ocr_line' id='line_1_97' title="bbox 488 5642 2059 5728; baseline -0.006 -20"><span class='ocrx_word' id='word_1_749' title='bbox 488 5642 566 5728; x_wconf 65' lang='grc' dir='ltr'>(ξ)</span> <span class='ocrx_word' id='word_1_750' title='bbox 589 5651 751 5718; x_wconf 87' lang='lat' dir='ltr'>Quae</span> <span class='ocrx_word' id='word_1_751' title='bbox 779 5642 999 5709; x_wconf 79' lang='lat' dir='ltr'>abhinc</span> <span class='ocrx_word' id='word_1_752' title='bbox 1022 5659 1215 5720; x_wconf 88' lang='lat' dir='ltr'>usque</span> <span class='ocrx_word' id='word_1_753' title='bbox 1242 5642 1321 5703; x_wconf 87' lang='lat' dir='ltr'>ad</span> <span class='ocrx_word' id='word_1_754' title='bbox 1343 5642 1528 5700; x_wconf 88' lang='lat' dir='ltr'>ﬁnem</span> <span class='ocrx_word' id='word_1_755' title='bbox 1552 5643 1906 5719; x_wconf 77' lang='lat' dir='ltr'>sequuntur,</span> <span class='ocrx_word' id='word_1_756' title='bbox 1922 5655 2059 5717; x_wconf 90' lang='lat' dir='ltr'>spu-</span> 
     </span>
    </p>
   </div>
   <div class='ocr_carea' id='block_1_96' title="bbox 2181 5499 3821 5575">
    <p class='ocr_par' dir='ltr' id='par_1_96' title="bbox 2181 5499 3821 5575">
     <span class='ocr_line' id='line_1_98' title="bbox 2181 5499 3821 5575; baseline 0.002 -20"><span class='ocrx_word' id='word_1_757' title='bbox 2181 5499 2270 5555; x_wconf 90' lang='lat' dir='ltr'>ria</span> <span class='ocrx_word' id='word_1_758' title='bbox 2302 5505 2455 5575; x_wconf 84' lang='lat' dir='ltr'>sunt.</span> <span class='ocrx_word' id='word_1_759' title='bbox 2488 5504 2544 5556; x_wconf 90' lang='lat' dir='ltr'>et</span> <span class='ocrx_word' id='word_1_760' title='bbox 2573 5516 2604 5556; x_wconf 91' lang='lat' dir='ltr'>e</span> <span class='ocrx_word' id='word_1_761' title='bbox 2636 5500 2871 5559; x_wconf 75' lang='lat' dir='ltr'>Macarii</span> <span class='ocrx_word' id='word_1_762' title='bbox 2916 5500 3346 5574; x_wconf 82' lang='lat' dir='ltr'>(Alexandrini)</span> <span class='ocrx_word' id='word_1_763' title='bbox 3376 5500 3629 5575; x_wconf 88' lang='lat' dir='ltr'>epistola</span> <span class='ocrx_word' id='word_1_764' title='bbox 3657 5502 3731 5559; x_wconf 83' lang='lat' dir='ltr'>N0</span> <span class='ocrx_word' id='word_1_765' title='bbox 3752 5501 3821 5559; x_wconf 90' lang='lat' dir='ltr'><strong>III</strong></span> 
     </span>
    </p>
   </div>
   <div class='ocr_carea' id='block_1_97' title="bbox 2175 5570 2519 5643">
    <p class='ocr_par' dir='ltr' id='par_1_97' title="bbox 2175 5570 2519 5643">
     <span class='ocr_line' id='line_1_99' title="bbox 2175 5570 2519 5643; baseline 0.003 -17"><span class='ocrx_word' id='word_1_766' title='bbox 2175 5570 2519 5643; x_wconf 83' lang='lat' dir='ltr'>oompilata.</span> 
     </span>
    </p>
   </div>
  </div>
