4084 6256
245 268 348 325 445
1804 262 1858 321 Ρ]

2048 265 2095 321 3.
3558 270 3661 326 446

241 393 404 448 celsa
428 394 475 429 ³⁷
498 391 786 464 pervolat.
808 394 971 447 Tunc
990 390 1310 447 descendit
1331 390 1408 448 ad
1431 405 1624 456 escas,
1649 390 1898 462 quando
1930 390 1975 445 A
2014 391 2265 461 optimo,
2289 390 2371 445 sic
2392 390 2791 463 cogitationes
2821 396 3027 466 turpes
3055 394 3115 451 in
3147 396 3325 452 corde
3351 396 3659 454 monachi.

237 481 545 553 compellit
577 482 930 536 necessitas.
961 481 1228 536 Prudens
1251 480 1583 536 monachus
1610 495 1731 535 non
1761 478 1903 534 adu-
2017 480 2175 534 Sicut
2204 480 2363 535 tinea
2412 482 2766 537 exterminat
2789 482 3231 549 vestimentum,
3263 486 3343 540 sic
3373 486 3661 543 detractio

236 571 463 627 labitur
492 576 739 642 propter
763 569 1131 625 voluntatem
1165 571 1388 625 ventris
1418 569 1725 624 divitibus.
1754 566 1903 624 Nihil
2014 564 2344 624 animam‘0
2368 571 2647 626 monachi
2669 572 2737 625 ‘1.
2764 572 2957 628 Nolite
2971 572 3114 629 dare
3137 576 3211 628 ad
3228 574 3601 646 colloquium
3615 578 3663 612 “

234 658 559 733 possidens
587 658 924 714 monachus
950 674 1157 714 cursor
1182 659 1325 714 levis
1354 659 1630 728 sagacius
1674 658 1746 712 ad
1772 657 1905 711 bra-
2017 658 2280 713 mulieris
2312 660 2379 723 ‘3,
2414 675 2487 714 ne
2541 660 2620 714 sis
2655 667 2969 732 separatus
2996 678 3030 717 a
3057 678 3241 733 regno
3271 664 3363 718 dei
3407 666 3474 729 ⁸⁸,
3508 671 3565 720 et
3588 680 3663 721 ne

236 750 400 805 vium
436 763 694 819 superne
722 748 1063 804 vocacionis
1105 747 1334 803 domini
1366 749 1414 782 '3
1445 747 1768 819 perveniet.
1804 746 1905 799 Ve-
2014 746 2160 801 velis
2192 746 2386 801 dicere
2418 764 2429 802 :
2486 746 2700 819 loquor
2727 766 2860 804 cum
2924 751 3169 806 muliere
3202 752 3247 786 ‘5
3292 757 3348 808 et
3402 753 3665 809 mundus

235 855 342 895 rus
360 837 698 893 monachus
713 843 1019 908 postopus
1041 837 1415 892 moderatum
1441 834 1828 892 oracionibus
1852 837 1908 888 et
2017 850 2171 889 sum.
2207 835 2536 891 Monachus
2564 837 2802 909 sapiens
2834 840 2961 894 suis
2992 840 3275 895 manibus
3307 845 3591 913 operatur
3612 845 3667 898 et

236 928 610 984 leccionibus
640 931 833 981 vacat.
884 926 1036 981 Nihil
1064 926 1380 997 possidens
1414 926 1753 981 monachus
1782 924 1903 979 the-
2016 923 2240 978 victum
2265 923 2374 979 sibi
2401 926 2793 981 cottidianum
2850 929 2896 963 ⁴⁶
2931 929 3181 1000 acquirit
3236 931 3278 964 ‘7
3322 935 3377 985 et
3404 930 3667 987 lucratus

238 1017 501 1073 saurizat
527 1018 573 1051 "
605 1016 664 1070 in
697 1014 844 1080 celo,
908 1015 1067 1070 canit
1121 1014 1371 1070 domino
1395 1016 1442 1050 ³ο
1482 1014 1691 1069 laudes
1713 1013 1808 1069 die
1839 1028 1907 1067 ac
2017 1016 2109 1067 est
2133 1013 2446 1068 oraciones
2476 1021 2532 1069 et
2564 1015 2785 1071 ieiunia
2802 1032 2917 1072 sua
2966 1018 3032 1071 ‘3.
3089 1018 3145 1072 Si
3186 1024 3384 1074 autem
3444 1020 3522 1075 ab
3546 1020 3664 1077 alio

235 1105 488 1163 noctein
509 1105 719 1160 timore
741 1103 990 1159 domini.
1022 1102 1312 1159 Gloriacio
1338 1102 1620 1159 monachi
1666 1102 1907 1174 pacien-
2020 1103 2315 1173 acceperit
2344 1103 2390 1137 ‘9
2422 1103 2666 1171 victum,
2699 1106 2846 1176 quid
2889 1106 3153 1177 prodest,
3187 1108 3351 1179 quod
3378 1108 3582 1178 vigilat
3612 1114 3669 1165 et

238 1196 334 1252 cia
358 1197 401 1230 ³¹
433 1210 573 1249 cum
604 1193 913 1248 charitate.
948 1192 1241 1248 Gloriacio
1275 1191 1579 1256 monachi,
1613 1206 1750 1246 cum
1778 1189 1910 1244 nul-
2020 1195 2151 1246 orat
2178 1191 2205 1246 ‘I
2257 1190 2351 1246 Sic
2408 1198 2495 1246 est
2528 1197 2587 1247 ut
2618 1194 3024 1249 mercenarius
3052 1195 3239 1250 durus
3270 1202 3323 1252 et
3369 1197 3565 1253 malus
3596 1200 3667 1253 ⁵ο.

236 1286 331 1342 las
358 1298 453 1338 res
497 1281 801 1338 desiderat
843 1282 1137 1352 presentis
1182 1282 1294 1336 vite
1338 1280 1647 1353 possidere
1678 1282 1746 1331 ³³.
1783 1278 1912 1335 Glo-
2021 1278 2171 1346 Quia
2196 1282 2481 1351 scriptum
2505 1288 2629 1336 est:
2674 1281 2889 1338 melius
2942 1288 3029 1338 est
3083 1284 3227 1340 dare
3279 1299 3462 1357 quam
3519 1287 3671 1342 acci-

236 1374 426 1429 riacio
475 1370 755 1426 monachi
812 1369 1217 1426 mansuetudo
1261 1375 1317 1425 et
1372 1369 1545 1424 ﬁdes.
1611 1368 1911 1424 Gloriacio
2021 1368 2522 1439 pere.Lignorum
2553 1385 2795 1441 quoque
2824 1372 2867 1405 ⁵¹
2891 1370 3066 1441 copia
3092 1372 3393 1441 ingentem
3419 1376 3673 1430 suscitat

238 1461 528 1518 monachi
552 1461 744 1528 vigilie
777 1464 834 1514 et
860 1460 906 1493 ³⁸
937 1458 1107 1513 ﬂetus
1136 1460 1192 1513 in
1242 1458 1651 1513 oracionibus.
1686 1457 1911 1512 Gloria-
2022 1456 2373 1522 ﬂammam;
2402 1457 2721 1513 multitudo
2769 1465 2970 1513 autem
3018 1475 3293 1515 escarum
3328 1462 3676 1518 inobedien-

238 1551 342 1607 cio
396 1549 700 1614 monachi,
746 1547 995 1620 quando
1047 1548 1227 1603 deum
1291 1548 1339 1581 ³⁴
1376 1563 1445 1601 ex
1481 1553 1599 1601 toto
1626 1546 1804 1602 corde
1827 1545 1911 1598 di-
2020 1546 2173 1600 ciam
2210 1546 2360 1617 parit
2388 1552 2445 1601 et
2494 1554 2766 1602 mortem.
2818 1548 3095 1618 [ndigens
3127 1556 3329 1605 venter
3357 1553 3403 1585 δ’
3453 1551 3512 1606 in
3544 1568 3677 1611 ora-

238 1640 474 1704 lexerit,
510 1643 565 1693 et
591 1638 939 1708 proximum
994 1652 1173 1690 suum
1220 1636 1372 1690 sicut
1426 1652 1486 1691 se
1514 1635 1735 1702 ipsum.
1782 1634 1912 1689 Glo-
2021 1634 2296 1690 cionibus
2329 1635 2708 1704 vigilanciam
2740 1639 2786 1672 ⁵³
2819 1643 3041 1709 prestat
3074 1645 3130 1693 et
3153 1655 3440 1695 coronam
3472 1642 3672 1697 anime

237 1728 431 1785 riacio
493 1724 773 1781 monachi
828 1724 1201 1780 abstinencia
1233 1724 1280 1758 ³⁸
1308 1738 1585 1779 escarum
1617 1730 1674 1778 et
1696 1739 1814 1777 non
1862 1723 1910 1758 ⁸⁸
1941 1716 1979 1770 Β
2021 1724 2305 1795 acquirit;
2365 1724 2622 1796 repletus
2654 1731 2856 1781 autem
2888 1726 3040 1782 escis
3071 1743 3397 1799 sompnum
3446 1730 3678 1787 inducit

236 1815 701 1887 multiloquium
734 1814 955 1883 tingue.
991 1813 1287 1868 Gloriacio
1319 1812 1623 1877 monachi,
1662 1811 1911 1884 quando
2022 1816 2078 1867 et
2109 1812 2713 1881 gravitatem.Oculus
2728 1814 3217 1883 gulosiconvivia
3245 1824 3667 1887 perscrutatur,

239 1905 435 1961 verba
455 1904 586 1974 ejus
610 1904 894 1974 operibus
911 1907 1266 1958 consonant.
1295 1901 1588 1958 Gloriacio
1605 1901 1909 1970 monachi,
2022 1901 2230 1955 oculus
2262 1906 2464 1956 autem
2499 1903 2860 1973 sapientium
2920 1905 2966 1939 ⁵⁸
3020 1904 3338 1962 meditatur
3363 1909 3674 1964 continen-

240 1993 573 2068 quandoin
599 1991 733 2047 loco
761 2008 873 2047 suo
893 1992 941 2026 ³⁷
970 1991 1489 2063 permanetethuc
1511 1990 1773 2061 illucque
1791 2004 1913 2045 non
2023 1989 2177 2044 ciam
2211 1994 2566 2060 martyrum.
2618 1990 3063 2047 Formidolosus
3100 1992 3268 2048 miles
3310 1994 3599 2053 horrescit
3626 1999 3674 2033 ⁵⁵

239 2081 835 2154 vagatur.b‘loriacio
849 2081 1128 2137 monachi
1143 2079 1563 2151 longanimitas
1580 2078 1915 2135 cumhumi-
2024 2078 2256 2144 tubam,
2281 2094 2398 2149 que
2420 2078 2644 2134 bellum
2671 2081 2719 2115 ⁵⁵
2744 2080 3039 2150 signiﬁcat
3063 2098 3076 2143 ;
3110 2087 3163 2136 et
3190 2083 3439 2150 gulosus
3466 2101 3681 2142 mona-

242 2175 412 2230 litate
443 2178 500 2229 et
520 2172 735 2241 gratia.
780 2173 939 2227 Sicut
987 2170 1224 2241 lampas
1258 2171 1304 2207 ³⁸
1340 2168 1662 2241 splendida
1689 2168 1751 2223 in
1781 2168 1914 2224 loco
2026 2167 2174 2221 chus
2195 2166 2243 2222 si
2274 2166 2713 2223 abstinenciam
2739 2169 3147 2239 predicantem
3173 2172 3219 2206 ⁸⁷
3249 2172 3527 2240 audierit,
3555 2191 3679 2231 non

243 2262 592 2328 tenebroso,
637 2266 695 2317 et
742 2262 893 2316 sicut
946 2258 1036 2314 sol
1088 2259 1335 2314 radians
1400 2257 1755 2330 splendidus
1799 2263 1912 2326 est,
2025 2255 2280 2310 libenter
2308 2256 2625 2312 auscultat.
2658 2257 2947 2328 Flamma,
2979 2275 3117 2314 cum
3145 2260 3356 2317 arserit
3385 2262 3458 2328 ⁵⁸,
3486 2262 3679 2319 eluce-

245 2354 338 2409 sic
369 2350 708 2407 monachus
741 2349 1039 2422 perfectus
1100 2351 1158 2402 in
1193 2347 1511 2403 sobrietate
1537 2353 1593 2402 et
1642 2347 1914 2402 castitate
2025 2346 2135 2399 scit
2156 2346 2370 2400 iterum
2404 2344 2451 2399 si
2485 2346 2741 2417 accipiat
2792 2346 3043 2417 lignum,
3078 2355 3134 2405 et
3170 2351 3367 2420 sopita
3412 2350 3599 2408 libido
3629 2352 3676 2388 ⁵9

245 2448 311 2499 et
340 2441 521 2497 corde
550 2438 815 2511 pervigili
866 2438 926 2492 in
956 2442 1222 2508 tempore
1250 2436 1623 2508 psalmorum
1652 2437 1718 2489 ⁸9.
1756 2436 1914 2493 Sicut
2022 2450 2262 2489 rursum
2286 2434 2535 2503 ignescit
2563 2437 2610 2471 ⁸ο
2633 2435 2693 2490 in
2734 2438 3040 2493 saturitate
3070 2454 3370 2495 escarum.
3400 2441 3677 2511 Explicit

246 2530 495 2605 pondus
513 2528 656 2584 salis
672 2525 1911 2599 deprimitviruminﬁrmum,sicsompnus
2019 2523 2271 2592 epistola
2296 2522 2602 2581 Macharii
2629 2525 2775 2582 data
2804 2525 2885 2582 ad
2912 2528 3232 2584 monachos
3263 2529 3332 2583 ⁸1.

250 2621 317 2675 in
369 2618 557 2676 oculis
608 2615 915 2673 monachi.
944 2615 1104 2672 Sicut
1134 2613 1306 2686 spina
1328 2618 1384 2669 et
1437 2613 1639 2670 tribuli
1670 2612 1730 2668 in
1761 2628 1909 2683 agro

1609 2738 1870 2794 VABIAE
1916 2738 2204 2794 LECTION
2214 2739 2312 2794 ES.

277 2871 303 2881 “
332 2873 374 2907 ²¹¹
400 2870 480 2927 ad
506 2868 741 2927 excelsa
766 2883 888 2924 om.
920 2869 986 2923 A.
1064 2867 1111 2901 ’⁸
1144 2868 1179 2920 Β
1209 2864 1323 2921 dei.
1398 2867 1444 2900 ³³
1476 2866 1512 2919 Β
1546 2865 1929 2921 thesaurizat.
2010 2866 2057 2936 ἕο
2094 2867 2128 2918 Β
2150 2863 2274 2919 deo.
2355 2865 2397 2899 ³¹
2434 2867 2486 2936 Α
2507 2863 2581 2920 sit
2607 2865 2934 2936 paciencia.
3013 2867 3059 2902 ³³
3093 2869 3128 2922 Β
3165 2883 3303 2922 cum
3337 2868 3531 2925 nullas
3572 2884 3667 2926 res

260 2945 552 3012 presentis
600 2941 714 2996 vite
759 2940 1079 3012 desiderat,
1135 2939 1174 3012 β
1229 2952 1367 3012 cum
1413 2936 1607 3012 nullas
1638 2951 1728 2991 res
1768 2935 2062 3012 presentis
2113 2938 2228 3012 gite
2283 2934 2978 3012 p')ssidere_desiderat._
3035 2939 3081 2972 ³³
3113 2938 3312 3012 vigitie
3356 2947 3412 2995 et
3464 2956 3582 2995 om.
3619 2943 3681 2998 C.

266 3006 315 3047 '3‘
344 3015 385 3068 C
412 3012 732 3068 dominum.
836 3011 883 3044 ³⁵
916 3012 956 3066 C
997 3008 1374 3081 abstinencia.
1454 3009 1654 3081 "non
1675 3023 1796 3081 om.
1833 3009 1941 3063 AC.
2020 3008 2062 3081 ῗτ
2099 3008 2138 3062 C
2166 3006 2227 3061 in
2273 3006 2465 3061 locum
2494 3024 2690 3081 suum.
2737 3008 2816 3081 )3
2843 3011 2922 3064 BC
2958 3006 3271 3081 lampada.
3346 3013 3391 3045 89
3426 3014 3464 3063 t‘.
3493 3013 3683 3081 pervi-

269 3082 369 3153 gili
398 3084 1123 3152 interpretaturpsalmos.
1202 3080 1251 3114 4ο
1281 3080 1319 3132 Β
1342 3080 1404 3153 in
1427 3078 1650 3153 anima.
1729 3080 1771 3153 ft
1804 3081 1956 3153 sicut
1988 3077 2142 3153 tinea
2175 3107 2237 3117 «-
2264 3077 2542 3153 monachi
2571 3079 2783 3153 om._Q.
2865 3080 2908 3114 ⁸³
2942 3081 2987 3153 Α
3013 3080 3331 3150 colloquia.
3411 3082 3457 3115 ‘3
3491 3077 3528 3137 C
3550 3098 3686 3137 mu-

269 3149 427 3211 lieri.
506 3154 554 3190 “
578 3154 617 3208 C
646 3149 887 3209 domin—1‘.
986 3153 1032 3186 ‘5
1054 3153 1093 3205 Β
1114 3168 1246 3207 cum
1273 3150 1642 3206 mulieribus.
1720 3151 1768 3185 ⁴⁶
1804 3150 1883 3204 BC
1912 3149 2301 3222 cotidianum.
2352 3149 2422 3222 Α⁴⁷
2455 3151 2492 3203 C
2522 3150 2811 3219 adquirit,
2845 3157 2897 3205 et
2931 3150 3017 3204 sic
3050 3149 3290 3222 ubique.
3371 3152 3419 3187 ‘3
3435 3168 3539 3208 sua
3558 3169 3684 3208 om.

264 3233 331 3283 A.
366 3227 476 3282 Pro
497 3233 553 3281 et
585 3225 854 3282 lucratus
876 3232 957 3280 est
976 3225 1284 3279 oraciones
1298 3230 1350 3278 et
1367 3222 1585 3276 ieiunia
1606 3236 1714 3275 sua
1747 3225 1780 3274 Β
1801 3227 1856 3275 et
1884 3219 2499 3293 lucraktur(orationes
2522 3228 2573 3276 et
2603 3222 2832 3277 ieiunia
2857 3237 2965 3293 sua
2992 3238 3112 3276 om.
3146 3219 3230 3288 Β).
3308 3224 3357 3258 ⁴⁹
3388 3227 3423 3278 Β
3449 3239 3687 3293 accepe-

265 3301 347 3354 rit
381 3297 459 3355 ab
489 3298 632 3353 aiio.
711 3297 758 3330 ⁵ο
788 3296 867 3349 BC
892 3295 1088 3351 malus
1115 3300 1165 3351 et
1194 3294 1406 3349 durus.
1486 3293 1528 3327 ⁵1
1565 3308 1795 3363 quoque
1829 3308 1949 3346 om.
1988 3290 2095 3347 BC.
2172 3292 2218 3325 ⁵²
2252 3293 2289 3346 (3
2328 3306 2552 3347 veram.
2629 3292 2674 3326 ⁵³
2700 3296 2743 3346 Α
2786 3292 3077 3362 vigiliam.
3159 3294 3207 3328 5‘
3252 3299 3296 3348 A
3324 3290 3683 3363 sapientum.

266 3370 316 3404 ⁵⁵
377 3372 421 3422 Α
480 3366 901 3434 perhorrescit.
978 3367 1025 3401 ⁵⁸
1071 3365 1111 3420 C
1157 3365 1331 3421 bella.
1411 3363 1453 3397 ⁵⁷
1514 3366 1559 3417 Α
1611 3363 1983 3434 predicare,
2025 3363 2072 3396 ⁸⁸
2120 3363 2158 3417 C
2209 3363 2541 3434 marcescit.
2618 3364 2665 3398 5°
2738 3365 2785 3418 A
2837 3365 3032 3419 subito
3098 3364 3297 3431 libido,
3357 3369 3419 3422 C.
3499 3365 3672 3424 libid.

269 3441 318 3475 σο
346 3433 601 3509 ignescit
626 3451 746 3492 om.
773 3435 812 3489 C
885 3437 929 3472 ⁶¹
960 3436 1101 3495 data
1131 3438 1212 3493 ad
1230 3434 1549 3492 monachos
1572 3439 1764 3503 om.A;
1800 3433 2070 3503 Etpticit
2083 3434 2336 3502 epistola
2358 3433 2657 3491 Macharii
2681 3435 2826 3492 data
2853 3436 2932 3491 ad
2962 3438 3282 3493 monachos
3317 3453 3444 3493 om.
3473 3437 3532 3492 C.

964 3814 1766 3934 ΜΑΚΑΡΙΟΥ
1844 3812 2150 3933 ΤΟΥ
2224 3810 3061 3929 ΑΙΓΥΠΤΙΟΥ

1816 4056 2157 4148 ΕΥΧΑΙ

1029 4415 1542 4541 SANCTI
1644 4411 2259 4535 MACARII
2344 4408 2980 4532 fEGYPTII

1780 4710 2232 4801 PRECES.

292 5102 358 5168 (E
388 5101 729 5168 bibliothecae
763 5101 1016 5168 Caesareus
1050 5098 1479 5168 Vindobonen‘sis
1508 5098 1689 5168 codice
1722 5115 1823 5150 ms.
1855 5098 2017 5168 theol.
2054 5112 2215 5168 grtec.
2249 5095 2507 5168 QCXX_X1_,
2541 5095 3251 5168 Aol_ianX_XVl,‘cl_1artaceo_.
3278 5103 3521 5168 antiquo,
3578 5102 3685 5153 in-4

352 5144 521 5229 satis
529 5144 1481 5229 ⁷12Ξῖιῖἔθοῖἶῖἑᾜο”ωὦέιῖᾇιῖἷῖῖῐζ
1511 5144 1803 5229 ἒῖίῗᾙιᾷἇ
1812 5144 2160 5229 ’ρῖέῖιῖξίῖᾲξ
2171 5144 2236 5210 de
2257 5144 3015 5229 ᾗξὶἶεῆῐξὸεᾳιῖῐξρῗῖξῤζειἑῆ
3024 5144 3547 5229 ”ἑᾲῖῃῖζῌεέξιῖίέ6¹ιῖιῖἰ;
3578 5144 3647 5215 "Ii
3656 5144 3707 5217 Εἰ

369 5224 544 5277 ’τθοθε
566 5228 782 5277 Macarii
812 5228 903 5277 t‘ol.
931 5229 1010 5284 60,
1036 5228 1057 5275 1
1083 5241 1163 5290 sq.
1192 5227 1463 5290 leguntur,
1486 5240 1541 5276 se
1583 5224 2069 5277 uentibuscanticis
2087 5224 2153 5274 ad
2171 5228 2416 5274 sanctum
2430 5224 2723 5273 Antonium
2747 5227 2798 5272 et
2829 5224 2894 5273 ad
2911 5224 3159 5274 sanctum
3204 5225 3487 5277 Onufrium
3539 5240 3708 5291 quare

352 5243 577 5340 giacarii
607 5290 848 5340 .‘Eavntii
881 5290 1000 5339 illas
1030 5303 1147 5340 esse
1178 5289 1464 5339 verisimile
1484 5242 1613 5339 mihi
1670 5290 1845 5339 visum
1903 5289 2026 5340 est.)

413 5291 577 5342 acarii
607 5290 848 5354 Egyptii
881 5290 1000 5339 illas
1030 5289 1147 5340 esse
1178 5289 1464 5339 verisimile
1484 5289 1613 5339 mihi
1670 5290 1845 5339 visum
1903 5289 2026 5349 est.)

653 5405 833 5478 Εὐχή
872 5413 982 5459 τοῦ
1022 5405 1218 5478 ἁγίου
1258 5410 1626 5481 Μακαρίου.
2522 5401 2726 5458 Oratio
2748 5402 3239 5461 sanctiMacarii.

360 5490 433 5547 Ὧ
484 5497 635 5560 Θεὸς,
703 5494 824 5547 ἰλάσ
853 5496 974 5553 emt
1024 5513 1116 5567 μοι
1164 5502 1237 5565 τῷ
1292 5493 1602 5569 ἁμαρτωλῷ,
1667 5495 1750 5547 ὅτι
1798 5488 1949 5545 οὐδὲν
2131 5491 2377 5554 ODeus,
2399 5490 2674 5545 miserere
2701 5490 2817 5546 mei
2844 5492 3194 5562 peccatoris,
3222 5492 3369 5565 quia
3389 5491 3537 5548 nihil
3561 5492 3709 5550 boni

288 5580 521 5642 incinat:
587 5582 781 5655 ἀγαθὸν
827 5582 1040 5637 ἕνώπιὸν
1095 5603 1214 5642 σου.
1258 5584 1549 5657 ’Δναρῦσαί
1596 5602 1660 5656 με
1705 5581 1807 5635 ἀπὸ
1855 5588 1948 5634 τοῦ
2059 5580 2169 5636 feci
2194 5594 2401 5637 coram
2447 5582 2517 5634 te.
2572 5580 2719 5634 Erue
2765 5594 2861 5635 me
2899 5596 2935 5636 a
2983 5580 3147 5646 Malo,
3200 5587 3256 5636 et
3302 5580 3553 5651 dignare
3610 5595 3708 5638 me

288 5679 558 5748 Πονηροῦ,
619 5676 706 5725 καὶ
772 5672 996 5737 ἀξίωσὸν
1059 5692 1126 5747 με
1191 5672 1544 5750 ἀκατακρίτους
1602 5671 1825 5746 ἀνοίγειν
1886 5672 1946 5724 τὸ
2058 5669 2379 5730 clementer
2406 5668 2637 5741 aperire
2666 5682 2735 5727 os
2787 5683 2995 5727 meum
3020 5668 3360 5741 indignum,
3386 5672 3445 5728 et
3468 5675 3714 5730 cantare
