4084 6256
513 308 620 365 447

513 436 975 491 sacrosanctum
1028 444 1251 487 nomen
1299 433 1465 485 tuum
1518 426 1701 483 Patris
1729 430 1784 482 et
1807 425 1928 482 Filii
1957 431 2012 482 et
2037 426 2161 499 Spi-

509 525 661 580 ritus
712 522 922 578 sancti.
996 520 1245 589 Ignosce
1322 517 1487 582 mihi,
1550 515 1816 581 Domine,
1894 514 2165 571 illicitum

512 628 817 685 quemque
851 614 1075 665 motum
1130 607 1347 671 cordis,
1404 606 1506 678 qui
1561 606 1842 659 scrutaris
1878 604 2061 659 corda
2111 609 2168 660 et

516 702 726 758 renes'.
751 703 832 756 Tu
864 699 1043 763 enim,
1092 696 1342 751 Domine
1386 694 1682 758 omnium,
1712 694 1824 748 scis
1857 709 1951 748 me
1982 692 2165 747 invito

512 790 657 846 ﬁeri.
713 790 959 859 Ignosce
1009 786 1151 841 mihi
1184 784 1429 854 indigne
1463 783 1540 838 ad
1574 787 1627 837 te
1659 782 1985 847 accedenti,
2020 798 2165 853 quo-

517 881 681 935 niam
734 877 1060 932 desideravi
1112 880 1164 929 te
1192 878 1245 928 et
1293 872 1589 927 desidero.
1618 872 1865 941 Ignosce
1890 871 2031 926 mihi
2063 869 2168 942 qui

516 969 630 1023 sim
659 972 953 1039 peccator,
1008 964 1275 1035 iniquus,
1327 960 1608 1027 mendax,
1665 960 2004 1031 impatiens,
2062 975 2169 1029 pu-

514 1055 872 1119 sillanimns,
906 1054 1273 1116 inconstans,
1308 1066 1531 1115 socors,
1574 1064 1882 1103 sacrorum
1917 1047 2169 1103 manda-

514 1153 710 1202 torum
743 1151 979 1199 tuorum
1007 1141 1332 1210 negligens,
1362 1139 1462 1210 qui
1490 1138 1696 1193 omnia
1721 1144 1773 1193 et
1814 1136 2171 1193 omnimodo.

512 1240 761 1307 peccata
816 1230 1257 1301 injustitiasque
1304 1227 1671 1298 perfecerim,
1724 1226 2165 1289 fornicationes,

522 1324 699 1395 232
722 1320 1031 1381 adulteria,
1068 1316 1365 1379 mollitias,
1400 1317 1457 1371 in
1494 1322 1669 1379 terra,
1693 1316 1751 1370 in
1786 1315 2171 1380 mari,omni-

514 1428 633 1485 que
662 1409 891 1480 imperii
923 1408 1005 1462 tui
1044 1406 1198 1468 loco,
1244 1406 1510 1468 Domine,
1544 1420 1749 1459 coram
1796 1404 2005 1458 ocultis
2033 1404 2167 1469 tuis,

515 1516 671 1573 quos
701 1497 844 1552 nihil
874 1496 1033 1559 latet,
1085 1510 1207 1550 non
1249 1492 1443 1547 destiti
1496 1493 1701 1547 omnia
1754 1492 1962 1563 iniqua
1989 1498 2169 1564 atque

516 1590 708 1660 turpia
735 1577 1098 1658 perpetrare.
1153 1585 1214 1637 Et
1242 1583 1573 1637 etiamnum
1598 1580 1981 1636 adversarius
2004 1597 2170 1636 com-

516 1675 921 1736 essationibus
966 1678 1021 1728 et
1048 1671 1452 1741 voluptatibus
1487 1675 1541 1725 et
1580 1669 1798 1740 iniquis
1834 1670 2170 1741 cupiditati-

513 1769 650 1832 bus,
678 1766 829 1820 dolis
858 1768 916 1819 et
937 1777 1093 1818 vana
1114 1761 1301 1830 gloria
1324 1765 1380 1814 et
1407 1759 1799 1830 blasphemiis
1822 1775 1916 1814 me
1944 1759 2166 1815 irretire

514 1872 637 1913 non
669 1852 905 1909 desinit.
930 1854 1011 1907 Tu
1042 1856 1266 1913 autem,
1289 1848 1391 1920 qui
1420 1847 1581 1903 solus
1602 1864 1663 1902 es
1695 1847 1893 1903 bonus
1915 1852 1971 1904 et
1994 1848 2169 1904 mise-

514 1947 717 2009 ricors,
769 1940 1055 1999 auxiliare
1104 1939 1245 1994 mihi
1295 1943 1353 1992 et
1408 1938 1576 1992 salva
1603 1953 1698 1992 me
1738 1941 1938 2008 utpote
1977 1938 2170 2009 perdi-

518 2038 666 2099 tum,
696 2035 898 2102 utpote
948 2028 1365 2100 publicanum,
1399 2030 1603 2097 utpote
1635 2030 2047 2092 scortatorem,
2078 2030 2167 2081 ut-

516 2128 652 2197 pote
688 2126 1010 2193 raptorem.
1060 2117 1182 2181 Eia,
1235 2117 1505 2181 Domine,
1552 2115 1868 2171 hominum
1915 2121 2166 2182 amator,

518 2213 762 2285 optime,
788 2225 860 2264 ne
892 2222 1140 2279 spernas
1168 2222 1261 2260 me
1284 2210 1655 2277 peccatorem
1677 2210 1733 2259 et
1764 2203 2034 2259 inutilem
2054 2221 2171 2260 ser-

516 2318 657 2358 vum
678 2305 868 2363 tuum,
885 2296 1166 2369 precibus
1185 2292 1761 2349 immaculatissimee
1776 2293 2043 2350 Dominae
2066 2310 2171 2351 no-

519 2396 654 2449 straa
680 2389 969 2461 Deiparte,
998 2390 1055 2443 et
1084 2384 1357 2442 omnium
1388 2388 1735 2440 sanctorum
1778 2389 2039 2441 tuorum.

1797 301 1857 360 S.
1902 298 2203 358 MACARII
2244 300 2579 359 AEGYP’I‘II

3754 306 3846 365 448

2206 429 2251 482 Α
2283 431 2453 500 στόμα
2481 448 2581 500 μου
2612 431 2669 480 τὸ
2696 429 2902 491 ἀνάξιον
2957 433 3044 481 xui
3092 427 3323 501 ἁνυμνείν
3344 431 3402 481 τὸ
3432 430 3679 502 πανάγιον
3708 435 3852 505 ὄνομα

2281 536 2375 569 σου
2404 525 2493 570 τοῦ
2528 520 2727 593 Πατρός
2753 522 2842 570 καὶ
2871 524 2963 570 τοῦ
2992 519 3117 570 Υἱοῦ
3143 522 3233 570 καὶ
3257 525 3345 570 τοῦ
3377 518 3529 589 ἁγίου
3558 523 3852 593 ῐΙνεύματος.

2278 610 2635 680 Συγχῳρησόν
2661 626 2770 677 μοι,
2810 608 2986 677 Κύριε,
3027 611 3127 658 πᾶν
3162 607 3350 658 ἄτοπον
3382 607 3595 679 ὅρμημα
3624 617 3715 671 τῆς
3740 629 3858 683 καρ-

2279 692 2398 755 δίας
2430 713 2552 765 μου,
2586 695 2610 745 ὁ
2650 693 2844 755 ἕτάζων
2870 690 3097 765 καρδίας
3127 698 3216 746 καὶ
3240 697 3465 768 νεφρούς.
3496 698 3563 748 Σὺ
3592 697 3690 769 γὰρ
3719 703 3858 767 γινώ-

2282 801 2439 846 σκεις,
2490 787 2724 834 Δέσποτα
2761 791 2859 834 τῶν
2907 782 3165 848 ἁπάντων,
3214 784 3292 834 ὅτι
3330 784 3560 835 ἀκούσιοί
3596 786 3692 855 μού
3741 784 3857 841 εἰσι.

2280 878 2637 942 Συγχωρησον
2674 891 2765 943 μοι
2805 870 3024 934 ἀναξίως
3056 876 3462 946 προσερχομένῳ
3504 892 3605 937 σοι,
3648 870 3780 925 διότι
3809 878 3860 927 σὲ

2279 958 2516 1017 ἐπὸθησα
2568 965 2657 1012 καὶ
2699 962 2862 1013 ποθῶ.
2916 966 3273 1035 Συγχώρησόν
3322 981 3413 1031 μοι
3456 970 3529 1031 τῷ
3570 961 3857 1035 ἁμαρτωλῷ,

2279 1058 2350 1120 τῷ
2392 1058 2621 1124 πονηρῷ,
2660 1058 2732 1121 τῷ
2762 1049 2990 1123 ψεύστῃ,
3031 1059 3103 1121 τῷ
3150 1048 3543 1122 ἁνυπομονήτῳ,
3590 1060 3660 1121 τῷ
3711 1050 3861 1123 ὀλιγο-

2277 1138 2461 1209 ψὺχῳ,
2522 1147 2594 1210 τῷ
2640 1137 2943 1210 ἁσυστάτῳ,
3000 1148 3069 1210 τῷ
3114 1139 3355 1213 ῥᾳθύμῳ,
3418 1148 3491 1209 τῷ
3546 1138 3713 1208 ἁμιλεῖ
3776 1148 3860 1192 τῶν

2280 1226 2440 1298 ἁγίων
2493 1248 2587 1280 σου
2628 1228 2860 1295 ἐντολῶν,
2898 1236 2969 1299 τῷ
2996 1235 3170 1281 πᾶσαν
3211 1233 3299 1281 καὶ
3330 1234 3580 1281 παντοίαν
3627 1228 3861 1303 ἁμαρτίαν

2279 1322 2367 1369 καὶ
2426 1316 2640 1389 ἀνομίαν
2684 1317 2963 1383 τελέσαντι,
3010 1322 3266 1391 πορνείας,
3316 1322 3590 1390 μοιχείας,
3628 1317 3862 1389 μαλακίας

2280 1404 2327 1457 ἓν
2364 1414 2452 1478 γῇ,
2487 1405 2534 1457 ἐν
2578 1407 2817 1479 θαλάσσῃ
2858 1412 2947 1459 καὶ
2986 1406 3034 1459 ἔν
3073 1412 3226 1460 παντὶ
3257 1413 3402 1478 τόπῳ
3442 1415 3537 1470 τῆς
3579 1402 3863 1468 δεσποτείας

2282 1514 2395 1548 σου.
2455 1498 2631 1568 Κύριε,
2696 1495 2935 1548 ἒννώπιον
2977 1505 3076 1548 τῶν
3135 1495 3409 1554 ἁλαθήτων
3466 1516 3559 1549 σου
3613 1494 3862 1567 ὀφθαλμῶν

2280 1584 2373 1636 οὐκ
2430 1584 2737 1657 ἐπαυσάμην
2794 1588 2963 1639 πάντα
3027 1585 3348 1658 ἐργάζεσθαι
3415 1588 3484 1637 τὰ
3543 1588 3737 1658 πονηρὰ
3784 1590 3861 1637 καὶ

2280 1673 2507 1747 αἰσχροί.
2543 1679 2641 1726 Καὶ
2681 1674 2851 1747 ἀκμὴν
2882 1677 2907 1727 ὁ
2933 1676 3128 1747 ἐχθρὸς
3155 1680 3610 1751 γαστριμαργίαις
3636 1678 3720 1726 καὶ
3754 1670 3864 1732 ndo-

2210 1742 2390 1824 Βναῖς
2441 1767 2530 1815 καὶ
2594 1771 2848 1838 πονηραῖς
2900 1742 3217 1836 ἐπιθυμίαίς,
3275 1742 3552 1825 δόλοιςντε
3614 1767 3700 1814 καὶ
3747 1781 3864 1815 κενο-

2282 1848 2480 1913 δοξίαις
2532 1858 2620 1905 καὶ
2674 1851 3033 1926 βλασφημίαις
3090 1853 3357 1926 ἐμπλέκειν
3406 1873 3473 1926 με
3534 1852 3593 1905 οὗ
3648 1854 3861 1905 παύεται.

2280 1941 2440 1994 Ἀλλὰ
2493 1946 2580 2012 σὺ,
2633 1944 2703 2005 ὡς
2749 1948 2903 2015 μόνος
2958 1944 3025 1994 ὧν
3080 1942 3274 2015 ἁγαθός
3326 1948 3420 1996 καὶ
3472 1941 3704 2014 ἐλεήμων,
3752 1939 3864 2013 βοή·

2283 2032 2442 2087 θησόν
2497 2050 2587 2103 μοι
2644 2036 2733 2084 καὶ
2802 2036 2970 2084 σῶσόν
3024 2051 3087 2105 με
3135 2034 3199 2093 ὡς
3248 2035 3334 2084 τὸν
3396 2032 3622 2097 ἄσωτον,
3680 2032 3744 2090 ὡς
3790 2032 3863 2081 τὸν

2280 2119 2519 2190 τελώνην,
2570 2123 2635 2181 ὡς
2681 2126 2774 2180 τὴν
2826 2126 3040 2195 πόρνην,
3098 2124 3167 2185 ὡς
3220 2124 3307 2174 τὸν
3368 2122 3589 2194 λῃστήν.
3633 2124 3751 2187 Ναὶ,
3796 2121 3867 2169 Δί-

2283 2228 2472 2274 σποτα,
2526 2210 2869 2284 φιλάνθρωπε,
2921 2212 3236 2285 ὑπεράγαθε,
3286 2215 3362 2283 μὴ
3420 2207 3647 2283 βδελύξη
3694 2226 3751 2281 με
3794 2209 3865 2257 τὸν

2281 2296 2583 2371 ἁμαρτωλὸν
2632 2303 2721 2351 καὶ
2766 2298 2980 2372 ἀχρεῖον
3030 2300 3234 2359 οἰκέτην
3282 2318 3408 2366 σου,
3462 2297 3753 2372 πρεσϐείαις
3792 2303 3869 2356 τῆς

2278 2389 2651 2460 παναχράντου
2702 2393 2986 2452 Δεσποίνης
3029 2390 3176 2462 ἡμῶν
3226 2393 3517 2458 Θεοτὸκου,
3567 2392 3653 2440 καὶ
3695 2386 3865 2439 πάντων

2283 2494 2376 2528 σου
2404 2485 2501 2527 τῶν
2531 2476 2691 2549 ἁγίων
2701 2518 2713 2532 .

595 2613 739 2679 Quae
750 2614 1084 2681 sequuntur
1098 2606 1178 2663 ad
1190 2607 1467 2681 angelum
1483 2606 1775 2663 custodem
1788 2622 1997 2681 preces
2005 2613 2143 2664 ante
2153 2609 2367 2665 cedunt
2379 2609 2445 2665 in
2457 2610 2850 2680 codicesupra
2862 2613 3177 2680 descripto.
3188 2612 3375 2680 Quam
3387 2613 3481 2669 m‘s
3493 2612 3723 2669 nultum
3735 2621 3853 2664 auc-

520 2678 675 2742 toris
696 2678 905 2752 prae—se
935 2680 1145 2749 ferant
1179 2693 1405 2743 nomen,
1441 2678 1535 2733 hic
1560 2685 1759 2734 tamen
1786 2679 2089 2747 appositas
2128 2681 2294 2737 haud
2322 2681 2578 2752 ingrate,
2602 2678 2795 2751 spero,
2834 2684 3018 2739 lector
3038 2678 3317 2741 inveniet.

565 2835 769 2893 Oratio
792 2834 871 2890 ad
893 2837 1163 2888 sanctum
1183 2830 1463 2900 angelum
1493 2844 1529 2885 a
1548 2830 1666 2885 Deo
1696 2829 2037 2886 ordinatam
2056 2830 2136 2887 ad

847 2908 1167 2960 servandos
1193 2908 1248 2958 et
1279 2900 1689 2957 custodiendos
1721 2917 1846 2957 nos.

602 3033 814 3087 Sancte
842 3026 1072 3096 angele,
1127 3031 1327 3081 custos
1368 3040 1513 3079 meae
1567 3025 1795 3080 miserae
1850 3025 2068 3080 animae
2120 3029 2175 3080 et

530 3103 781 3159 infelicis
815 3102 941 3155 vitae
959 3114 1127 3161 meae,
1154 3113 1226 3152 ne
1244 3096 1624 3167 derelinquas
1656 3111 1748 3150 me
1773 3102 2170 3166 peccatorem,

530 3190 679 3230 neve
709 3172 954 3227 recedas
970 3186 1005 3225 a
1025 3186 1117 3223 me
1142 3174 1383 3239 propter
1398 3184 1593 3239 meam
1617 3167 2086 3232 immunditiam,
2103 3182 2175 3221 ne

532 3247 638 3301 des
680 3244 880 3300 locum
937 3241 1200 3309 maligno
1231 3238 1461 3309 spiritui
1507 3238 1820 3294 dominare
1866 3240 1924 3293 in
1953 3255 2049 3293 me
2074 3240 2176 3293 do-

532 3317 863 3372 minatione
912 3311 1179 3366 mortalis
1210 3311 1388 3379 hujus
1436 3311 1726 3380 corporis.
1776 3310 2176 3381 Complectere

528 3388 815 3444 miseram
833 3389 1011 3453 atque
1024 3382 1407 3450 languentem
1421 3396 1670 3435 manum
1692 3381 2178 3453 m_eam,etdeduc

532 3474 629 3515 me
651 3458 709 3511 in
737 3456 895 3509 viam
915 3450 1153 3507 salutis.
1189 3454 1305 3513 Eia,
1338 3458 1540 3506 sancte
1588 3450 1797 3520 angele
1825 3453 1942 3516 Dei,
1976 3458 2177 3506 custos

535 3544 685 3584 mete
717 3526 950 3580 miserae
969 3524 1185 3577 animae
1212 3529 1266 3577 et
1285 3523 1569 3594 corporis,
1588 3523 1794 3594 omnia
1818 3523 1960 3577 mihi
1978 3523 2178 3594 ignos-

538 3616 624 3664 ce,
639 3594 939 3670 quidquid
954 3602 1006 3647 te
1018 3592 1362 3670 contristavi
1376 3594 1604 3670 cunctis
1618 3593 1831 3670 diebus
1854 3594 1989 3670 vitae
2006 3592 2178 3670 ineas,

536 3676 594 3727 et
614 3663 680 3723 si
703 3663 848 3740 quid
881 3665 1120 3735 peccavi
1151 3663 1441 3740 hodierna
1489 3664 1895 3740 die.‘_C_ustodi
1941 3680 2038 3720 me
2070 3666 2183 3719 hac

534 3734 745 3804 nocte,—
763 3745 818 3793 et
845 3734 1014 3791 serva
1041 3752 1135 3790 me
1158 3734 1236 3790 ab
1257 3735 1422 3788 omni
1457 3735 1751 3790 maleﬁcio
1774 3742 1827 3790 et
1853 3736 2179 3791 insusurra-

538 3813 698 3869 tione
728 3805 1072 3872 adversarii,
1105 3821 1179 3861 ne
1214 3805 1331 3860 ullo
1364 3810 1610 3876 peccato
1653 3806 1945 3862 lacessam
1974 3810 2180 3863 Deum.

539 3886 605 3962 Et
630 3897 735 3937 ora
756 3896 876 3962 pro_
918 3894 1014 3933 me
1040 3877 1137 3962 ad
1170 3878 1508 3962 Dominum,
1535 3883 1595 3962 ut
1626 3878 1968 3934 corroboret
2000 3894 2094 3933 me
2120 3879 2181 3959 in

539 3948 979 4022 timoreipsius,
1000 3955 1053 4004 et
1075 3950 1325 4019 dignum
1354 3950 1676 4005 reddatme
1703 3965 1942 4005 servum
1976 3948 2187 4006 sancti-

541 4027 678 4083 tatis
707 4040 853 4079 suaa.
882 4026 1095 4077 Amen.

2289 2814 2466 2887 Εὐχή
2500 2814 2583 2876 εἰς
2619 2818 2723 2868 τὸν
2763 2817 2951 2888 ἅγιον
2979 2816 3254 2888 ἄγγελον
3294 2819 3409 2888 τὸν
3445 2815 3566 2869 ἀπὸ
3602 2818 3749 2888 Θεοῦ
3781 2829 3867 2861 τα-

2357 2885 2601 2959 χθέντα
2630 2885 2892 2941 σκεπείν
2925 2894 2944 2924 ²
2972 2885 3087 2941 καῖ
3111 2885 3600 2960 διαφυλάττειν
3634 2887 3796 2957 ἡμᾶς·

2356 3009 2506 3083 Ἀγιε
2559 3011 2761 3084 ἄγγελε,
2815 3014 2840 3064 ὁ
2892 3010 3111 3085 ἐφεστὼς
3158 3020 3254 3074 τῆς
3294 3011 3501 3085 ’ἀθλίας
3551 3029 3649 3082 μου
3704 3006 3859 3085 ψυχῆς

2287 3090 2374 3137 καὶ
2431 3076 2783 3158 ταλιαιπῶρου-
2810 3076 3112 3158 μου’ζωῆς,
3162 3089 3239 3158 μὴ,
3286 3076 3647 3158 ἐγκαταλίπης
3678 3076 3861 3158 ιμεΑτόν

2288 3157 2612 3229 ἁμαρτωλὸν,
2653 3148 2785 3229 μηδ’
2810 3148 3053 3228 ¹ἀποστῇς
3092 3148 3179 3208 ἀπ’
3220 3148 3344 3227 ἐμοῦ
3386 3153 3500 3229 διὰΔ
3526 3148 3617 3212 τὴν
3666 3148 3862 3217 ἀκαθαρ-

2290 3224 2409 3281 σ’ίαῦ
2440 3248 2561 3299 μου,
2590 3224 2663 3300 μη
2693 3224 2796 3297 δῷς
2835 3230 2857 3263 ³
2888 3224 3071 3301 χώραν
3110 3236 3182 3298 τῷ
3213 3224 3427 3301 πονηρῷ
3471 3224 3697 3297 δαίμονι,
3726 3235 3861 3301 κατα-

2286 3292 2560 3372 κυριιῦσαί
2590 3292 2703 3372 ’μου
2741 3292 2813 3371 ’τῇ
2866 3292 3289 3372 έάτάδυναάτελίᾳ
3334 3292 3431 3351 τοῦ
3489 3292 3669 3357 θνητοῦ
3705 3292 3861 3372 τοήτου

2291 3364 2546 3444 σώματος.
2603 3364 2902 3444 ’Κράτησον
2994 3378 3084 3431 τῆς
3158 3364 3346 3444 ἀθλίας
3420 3375 3511 3423 xui
3585 3364 3863 3444 παρειμ-ἐςδης

2217 3450 2257 3505 C
2287 3433 2621 3530 XlipégJLOU‘,
2661 3433 2750 3494 xui
2776 3439 3055 3527 odn'raa'év'
3081 3462 3143 3529 με
3182 3444 3247 3503 εἰς
3286 3439 3414 3495 ὁδόν
3450 3433 3861 3530 σωτηρξᾲςζΝαὶν

2288 3510 2404 3586 ἆγιὶ
2453 3510 2637 3587 ἄγγελε
2689 3522 2779 3566 τοῦ
2839 3510 2992 3579 Θεοῦ,
3034 3510 3340 3587 ὀ’ἐφεστὼς
3397 3524 3496 3577 τῆς
3556 3510 3729 3587 ἀθλίας
3779 3519 3863 3574 μου

2287 3584 2636 3659 {anxiae-xui
2673 3594 2768 3659 τοῦ
2820 3592 3077 3657 σώματος,
3135 3584 3306 3639 πάντα
3360 3605 3458 3657 μοι
3516 3584 3862 3659 συγχώρησον,

2291 3656 2405 3711 ὅσα
2440 3678 2524 3711 σοι
2570 3657 2757 3731 ἓθλιψα
2807 3656 2977 3717 πάσας
3029 3660 3123 3719 τὰς
3170 3656 3367 3731 ημρας
3420 3666 3514 3716 τῆς
3568 3656 3722 3731 ζωῆς.
3761 3662 3864 3724 μον,

2292 3737 2402 3803 καὶ,
2433 3733 2476 3782 εἴ
2536 3749 2587 3783 τι
2646 3723 2877 3801 ἥμαρτον
2929 3734 3023 3787 τὴν
3082 3723 3307 3803 σήμέρόν
3351 3730 3582 3803 Αὴμρρω,
3634 3723 3870 3803 zamia“?

2293 3822 2355 3875 με
2386 3801 2433 3853 έν
2459 3809 2538 3876 ,τῇ
2597 3792 2834 3876 naiades
2862 3805 3014 3876 νιξκτέ
3050 3792 3507 3876 κ.αί’δίαφύλᾲξάν
3557 3792 3753 3876 μ⁸-ἀπ⁶
3792 3792 3874 3876 Ἶάέ

2296 3871 2395 3934 an;
2452 3871 2829 3946 ἐπηρείας-καὶ
2878 3872 3171 3946 ,ἐπιϐουλῆς
3222 3871 3314 3926 τοῦ
3378 3871 3744 3946 ἀντικειμένου,
3790 3871 3875 3946 ,ινα

2295 3933 2390 4018 μὴί
2428 3946 2475 4019 εξ)
2528 3933 2630 3998 τίνι
2678 3933 3029 4018 γάμαρτηματι
3079 3949 3387 4019 παροργίσω
3448 3946 3536 3997 τὸν
3578 3933 3734 4019 θεὸν.
3790 3933 3875 4019 ῐςοξὶ

2296 4011 2560 4091 πρέσϐευε-
2593 4011 2736 4088 ὑπερ’
2760 4011 3062 4091 ἐμοῦ’πρρς
3112 4011 3225 4068 τὸν’
3254 4011 3450 4091 Rufio»
3499 4020 3592 4091 τοῦ
3626 4011 3876 4091 ἐπεστηρξῖ

2300 4076 2385 4160 ξὰι
2432 4108 2493 4160 με
2541 4087 2589 4139 ἐν
2641 4076 2713 4160 τῷ
2762 4076 2901 4160 φόϐῳ
2956 4076 3115 4139 ἁὺτοῦ
3161 4093 3252 4140 xui
3308 4076 3455 4149 ἄξιον
3514 4076 3775 4139 ἀναδεῖξαι
3823 4083 3875 4141 με

2301 4143 2490 4214 δοῦλον
2517 4168 2607 4221 τῆς
2632 4143 2791 4212 animi}
2823 4143 3162 4231 ἁγαθιὴητος.
3195 4143 3381 4231 Ἀμήν..

1884 4304 2145 4360 VARIAE
2178 4302 2562 4359 LECTIONES

611 4434 628 4469 ¹
665 4430 756 4489 Sic
785 4430 917 4487 cod.
997 4433 1017 4464 ³
1041 4428 1131 4485 Sic
1161 4428 1296 4486 cod.
1307 4470 1321 4495 ,
1349 4428 1495 4486 forte
1527 4435 1737 4483 σκοπεῖν
1765 4427 1859 4485 vel
1888 4433 2092 4482 σκέπειν
2120 4427 2149 4483 Ῡ

2224 4428 2246 4463 ³
2273 4430 2457 4493 Corr.,
2494 4426 2627 4483 cod.
2667 4422 2829 4498 δῴης.

2080 4564 2332 4620 NOTAE.

614 4687 628 4702 '
658 4684 805 4740 Psal.
838 4701 940 4750 v11,
972 4689 1057 4741 lO.
