4084 6256
241 278 347 337 449

1497 291 1840 353 HOMILLE.
1881 326 1947 337 —
1991 297 2166 353 HOM.
2207 299 2252 354 Ι.

3498 312 3605 368 450

1354 471 3591 500 m

1414 680 1545 729 ΤΟΥ
1581 682 1666 729 ΕΝ
1707 682 1924 733 ΔΓΙΟΙΣ
1953 684 2208 735 ΠΑΤΡΟΣ
2241 689 2434 737 ΗΜΩΝ

890 861 1694 984 ΜΑΚΑΡΙΟΥ
1771 870 2076 989 ΤΟΥ
2152 872 2984 993 ΑΙΓΥΠΤΙΟΥ

1208 1103 1670 1192 ΟΜΙΛΙΑΙ
1787 1107 1955 1197 HN
1967 1108 2627 1212 ΕΥΜΑΤΙΚΑΙ,

1190 1309 1375 1362 ΠΑΝΥ
1411 1315 1692 1365 ΠΟΛΛΗΣ
1727 1319 2055 1368 ΩΦΕΛΕΙΑΣ
2096 1321 2653 1382 ΠΕΠΛΗΡΩΜΕΝΑΙ,

524 1488 675 1539 ΠΕΡΙ
715 1490 843 1539 ΤΗΣ
887 1490 1365 1541 ΟΦΕΙΛΟΜΕΝΗΣ
1409 1492 1521 1541 ΚΑΙ
1563 1495 2136 1547 ΣΠΟΥΔΑΖΟΜΕΝΗΣ
2175 1500 2325 1549 ΤΟΙΣ
2364 1501 2786 1550 ΧΡΙΣΤΙΑΝΟΙΣ
2825 1501 3306 1554 ΤΕΛΕΙΟΤΗΤΟΣ.

666 1852 798 1995 S.
924 1853 1072 2000 P.
1155 1859 1320 1998 Ν.
1414 1859 2230 2002 MACARII
2349 1862 3210 2008 [EGYTPII

1241 2195 1756 2286 HOMlLl/E
1841 2196 2602 2318 SPlRlTUALES,

1245 2438 1676 2500 PERMAGNA
1721 2439 2132 2500 UTILITATE
2179 2442 2577 2518 REFERT/E,

377 2624 478 2687 DE
525 2622 1039 2685 INTEGRITATE
1083 2624 1266 2696 QU/E
1311 2624 1556 2686 DECET
1600 2625 2130 2703 CHRISTIANOS,
2176 2627 2461 2697 CUIQUE
2506 2628 2823 2688 OPERAM
2869 2627 3082 2688 DARE
3127 2629 3451 2690 DEBENT.

1163 2806 1472 2872 (GALLAND.
1513 2805 1634 2861 Vet.
1667 2805 1923 2862 Patrum
1957 2805 2245 2862 Biblioth.
2284 2808 2322 2862 t.
2351 2807 2459 2872 Vll,
2492 2821 2553 2878 p.
2591 2806 2667 2877 3.)

773 3185 1020 3236 ΟΜΙΛΙΑ
1063 3185 1304 3233 ΠΡΩΤΗ.

230 3270 670 3343 Ἀλληγορικὴ
708 3273 1136 3343 παράφρασις
1164 3276 1280 3329 τῆς
1308 3270 1484 3343 παρ-ὰ
1523 3275 1604 3337 τῷ
1641 3268 1842 3329 Ἐζεκ-

310 3341 414 3400 ιήλ
576 3360 655 3412 πρ
676 3340 1770 3414 οφήτῃγεγραμμένης’ὀπτασίας.

309 3446 388 3499 Α’.
440 3445 540 3498 ’Πν
596 3445 834 3505 Ἐζεκιὴλ
901 3451 1166 3518 προφήτης
1216 3446 1469 3499 ὀπτασίαν
1517 3451 1607 3498 καὶ
1662 3449 1845 3520 ὅρασιν

236 3538 402 3589 ἔνθεον
445 3539 535 3587 καὶ
585 3531 792 3597 ἔνδοξον
837 3536 1116 3609 θεωρήσας,
1177 3533 1515 3606 διηγήσατο·
1549 3541 1638 3588 καὶ
1693 3539 1844 3609 ἔγρα-

230 3625 327 3697 ψεν
386 3624 647 3677 ὀπτασίαν
710 3630 1012 3698 μυστηρίων
1076 3625 1340 3684 ἀλαλήτων
1391 3630 1676 3697 γέμουσαν.
1725 3622 1847 3678 Εἶδε

228 3719 329 3788 γὰρ
386 3717 434 3767 ἓν
510 3722 582 3785 τῷ
647 3710 813 3785 πεδίῳ
871 3714 1015 3786 ἂρμα
1075 3714 1363 3787 Χερουϐὶμ,
1442 3721 1680 3789 τέσσαρα
1737 3716 1848 3775 ζῶα

230 3805 596 3876 πνευματικά*
649 3807 700 3855 ἒν
778 3802 980 3874 ἑκάστῳ
1051 3803 1166 3874 ζώῳ
1248 3808 1479 3878 τέσσαρα
1568 3809 1843 3878 πρόσωπα,

235 3896 446 3965 ἔχοντα,
505 3895 564 3944 τὸ
615 3891 664 3944 ἓν
729 3895 1009 3963 πρόσωπον
1060 3891 1278 3958 λέοντος,
1340 3897 1430 3944 καὶ
1478 3895 1536 3944 τὸ
1585 3894 1633 3944 ἓν
1682 3897 1849 3965 προσ..

237 4001 375 4035 ωπον
433 3980 586 4034 ἀετοῦ
624 3985 715 4032 καὶ
762 3984 822 4032 τὸ
879 3981 1047 4054 ἕτερον
1077 3986 1312 4053 μόσχου,
1372 3986 1462 4033 καὶ
1508 3981 1629 4033 ἄλλο
1682 3987 1849 4053 προσ-

235 4091 372 4125 ωπον
440 4070 735 4145 ἀνθρώπου.
790 4074 892 4122 Καὶ
945 4074 1195 4143 πτέρυγες
1269 4071 1608 4122 καθ’ἓκαστον
1687 4074 1850 4140 πρόσ-

236 4179 374 4213 ωπον
431 4162 495 4219 ὡς
540 4163 610 4231 μὴ
668 4159 953 4210 ἐννοεῖσθαὶ
1007 4178 1109 4211 τινι
1157 4161 1225 4210 τὰ
1277 4161 1588 4231 ἔμπροσθεν,
1647 4160 1675 4218 ὴ
1738 4158 1850 4211 ὀπί-

239 4251 387 4304 σθια.
433 4249 511 4300 Τὰ
558 4255 698 4299 νῶτα
749 4246 916 4299 αὐτῶν
967 4246 1239 4320 ὀφθαλμῶν
1284 4249 1460 4319 ἔγεμον
1489 4266 1502 4279 ·
1537 4252 1625 4300 καὶ
1653 4249 1708 4299 αἱ
1735 4266 1850 4299 κοι-

235 4339 346 4390 λίαι
419 4338 609 4408 ὁμοίως
686 4334 1051 4410 πεπλήρωνται
1123 4336 1390 4408 ὀμμάτων.
1458 4342 1558 4390 Καὶ
1639 4336 1732 4388 οὐκ
1790 4334 1849 4394 ἧν

235 4431 401 4489 τόπος
430 4445 533 4493 τις,
580 4426 634 4486 ὃς
678 4425 771 4476 οὐκ
819 4427 993 4497 ἔγεμεν
1039 4424 1333 4497 ὀφθαλμῶν.
1370 4431 1469 4479 Καὶ
1498 4429 1688 4500 τροχοὶ
1734 4427 1849 4476 καθ’

2381 3179 2521 3250 1-3
2553 3180 2838 3236 eorum
2871 3181 3105 3236 PRIMA.

2148 3269 2495 3338 Allegorz'ca
2527 3268 2941 3334 interpretatio
2971 3269 3212 3325 visionis
3238 3269 3405 3340 apud

2410 3340 2776 3396 Ezechielem
2810 3341 3138 3410 descripta.

2027 3446 2067 3500 Ι.
2096 3447 2286 3512 Quam
2312 3447 2570 3502 Ezechiel
2591 3447 2882 3518 propheta
2902 3448 3170 3504 divinam
3193 3448 3604 3521 illustremque

1957 3534 2243 3590 visionem
2257 3536 2665 3604 viderat1,eam
2682 3535 3008 3592 litterarum
3026 3538 3421 3593 monumentis
3434 3553 3607 3594 man-

1957 3623 2124 3679 davit
2153 3640 2222 3679 ac
2263 3625 2591 3695 descripsit,
2625 3626 2926 3696 mysteriis
2967 3626 3249 3682 humanae
3281 3628 3466 3682 menti
3497 3627 3607 3683 im-

1958 3712 2174 3783 perviis
2217 3713 2515 3768 refertam.
2564 3713 2712 3768 Vidit
2772 3715 2931 3769 enim
2979 3715 3040 3768 in
3100 3731 3320 3786 campo
3367 3731 3610 3771 currum

1960 3801 2295 3866 Cherubim,
2337 3807 2597 3872 quatuor
2627 3801 2912 3858 animalia
2952 3803 3298 3873 spiritualia.
3344 3805 3610 3868 Quorum

1959 3889 2210 3958 singulis
2253 3896 2420 3946 erant
2449 3895 2709 3961 quatuor
2738 3890 2938 3956 facies,
2976 3892 3073 3946 uni
3108 3892 3353 3963 quidem
3390 3892 3602 3962 leonis,

1958 3978 2123 4034 alteri
2163 3978 2398 4050 aquilae,
2442 3980 2610 4034 tertio
2651 3980 2833 4043 vituli,
2878 3985 3091 4050 quarto
3131 3980 3391 4035 hominis
3431 3980 3610 4036 facies

1959 4074 2100 4123 erat.
2129 4067 2386 4136 Singulis
2411 4083 2654 4139 quoque
2679 4068 2945 4122 faciebus
2968 4073 3135 4124 erant
3166 4069 3294 4134 alte,
3328 4073 3390 4124 ut
3413 4084 3610 4139 neque

1959 4157 2274 4222 anteriora,
2325 4172 2520 4229 neque
2575 4157 2902 4228 posteriora
2949 4158 3229 4226 cognosci
3291 4159 3607 4228 potuerint.

1959 4249 2144 4315 Terga
2188 4245 2426 4301 illorum
2472 4245 2661 4301 oculis
2711 4245 2936 4317 plena:
2984 4252 3040 4302 et
3074 4251 3316 4317 pectora
3346 4246 3614 4302 similiter

1960 4334 2148 4390 oculis
2170 4333 2583 4399 abundabant,
2609 4351 2718 4389 nec
2746 4334 2899 4388 ullus
2924 4339 3047 4390 erat
3074 4333 3263 4399 locus,
3291 4334 3396 4406 qui
3423 4333 3612 4389 oculis

1963 4423 2268 4478 nonfuerit
2287 4423 2687 4494 plenissimus.
2714 4425 2932 4479 Etrotas
2956 4423 3290 4478 secundum
3305 4438 3612 4496 quamque

239 4517 289 4569 ἔν
315 4518 599 4589 πρόσωπον
628 4519 788 4585 τρεῖς,
841 4515 904 4573 ὡς
936 4512 983 4565 ἐν
1014 4522 1218 4589 τροχῷ.
1253 4518 1352 4568 Καὶ
1402 4514 1450 4565 ἐν
1501 4521 1609 4576 τοῖς
1637 4521 1849 4587 τροχοῖς

1967 4511 2174 4568 faciem
2201 4518 2332 4578 tres,
2363 4513 2423 4566 in
2450 4513 2699 4567 modum
2731 4517 2875 4568 rotas
2901 4532 2912 4570 :
2948 4518 3003 4568 et
3028 4513 3086 4567 in
3110 4513 3253 4568 rotis
3281 4514 3470 4568 inerat
3497 4512 3614 4583 spi-

242 4601 305 4663 ἧν
331 4611 554 4675 πνεῦμα,
588 4607 678 4654 καὶ
729 4598 862 4655 εἶδεν
890 4605 954 4663 ὡς
1007 4605 1248 4676 ὁμοίωμα
1305 4603 1600 4676 ἀνθρώπου,
1645 4609 1736 4655 καὶ
1788 4605 1854 4655 τὰ

244 4695 349 4743 ὑπὸ
406 4695 520 4752 τοὺς
575 4687 747 4753 πόδας
798 4691 978 4758 αὐτοῦ,
1057 4695 1126 4754 ὡς
1178 4695 1322 4766 ἔργον
1383 4697 1688 4764 σαπφείρου.
1753 4695 1852 4744 Καὶ

249 4782 395 4851 ἔφερε
443 4783 502 4830 τὸ
553 4780 698 4852 ἅρμα
751 4781 817 4832 τὰ
875 4779 1172 4854 Χερουϐὶμ,
1234 4787 1323 4833 καὶ
1369 4783 1437 4833 τὰ
1487 4782 1597 4841 ζῶα
1638 4784 1723 4833 τὸν
1769 4779 1853 4832 ἐπ-

248 4870 536 4941 οχούμενον
567 4873 856 4927 Δεσπότην.
893 4870 969 4921 Οὖ
1000 4869 1059 4921 ἂν
1093 4869 1324 4923 ἐϐούλετο
1353 4872 1686 4942 πορεύεσθαι,
1719 4872 1855 4922 κατὰ

244 4961 528 5030 πρόσωπόν
581 4961 716 5015 ἐστι.
770 4963 872 5010 Καὶ
931 4955 1065 5011 εἶδεν
1109 4961 1352 5011 ὑποκάτω
1412 4968 1509 5012 τῶν
1565 4959 1850 5034 Χερουϐὶμ,

245 5049 316 5109 ὡς
373 5054 536 5119 χεῖρα
593 5046 864 5120 ἀνθρώπου
920 5046 1393 5111 ὑποϐαστάζουσαν
1440 5054 1529 5101 καὶ
1575 5052 1849 5121 φέρουσαν.

320 5135 395 5190 B'.
448 5136 552 5190 Καὶ
612 5143 768 5189 τοῦτο
818 5137 939 5208 ὅπερ
996 5134 1130 5189 εἶδεν
1181 5139 1205 5189 ὁ
1246 5143 1519 5211 προφήτης
1572 5137 1619 5189 ἐν
1669 5136 1851 5191 ἐκστά-

246 5245 350 5291 σει,
407 5223 650 5283 ἀληθινὸν
717 5223 778 5284 ἧν
837 5231 927 5277 καὶ
982 5225 1216 5298 βέϐαιον,
1280 5225 1643 5280 Ὑπεδείκνυτο
1689 5223 1748 5280 δέ
1804 5247 1855 5279 τι

243 5316 414 5388 ἓτερον
443 5319 534 5367 καὶ
576 5322 930 5388 προετυποῦτο
969 5318 1225 5387 μυστικὸν
1275 5321 1364 5369 καὶ
1406 5319 1572 5369 θεῑκὸν
1613 5323 1852 5391 πρᾶγμα,

243 5410 540 5480 μυστήριον
590 5404 1045 5477 ἀποκεκρυμμένον
1095 5405 1301 5467 ἀληθῶς
1349 5405 1449 5458 ἀπὸ
1497 5415 1596 5457 τῶν
1647 5415 1854 5477 γενεῶν,

244 5493 323 5548 ἐπ’
369 5493 614 5568 ἐσχάτων
662 5491 722 5547 δὲ
768 5502 864 5548 τῶν
913 5499 1105 5568 χρόνον
1160 5497 1442 5568 φανερωθὲν
1488 5494 1573 5548 ἐπὶ
1618 5503 1715 5557 τῆς
1746 5493 1856 5547 ἔπι-

320 5664 338 5701 ¹
379 5661 592 5721 Ezech.
623 5678 660 5730 ι,
699 5666 722 5718 1
756 5677 908 5735 seq.;
939 5678 1000 5734 x,
1034 5665 1067 5716 2
1095 5675 1223 5734 seq.

540 5769 781 5825 PATROL.
821 5769 925 5828 Cm.
968 5768 1216 5826 XXXIV.

1961 4601 2130 4657 ritus.
2163 4604 2226 4656 Et
2252 4601 2392 4656 vidit
2419 4607 2708 4672 tanquam
2741 4600 3192 4656 similitudinem
3233 4601 3515 4664 hominis,
3558 4607 3613 4656 et

1961 4706 2094 4762 quae
2127 4690 2334 4744 subtus
2370 4689 2552 4760 pedes
2591 4689 2721 4759 ejus
2753 4694 2923 4744 erant
2964 4694 3249 4761 tanquam
3283 4705 3435 4761 opus
3479 4704 3618 4760 sap-

1961 4779 2137 4850 phiri.
2173 4781 2236 4833 Et
2267 4778 2490 4833 ferebat
2521 4793 2730 4832 currus
2773 4777 3114 4843 Cherubim,
3147 4778 3433 4833 animalia
3471 4793 3613 4833 vero

1963 4869 2322 4924 insidentem
2351 4869 2690 4924 Dominum.
2721 4869 3090 4939 Quocunque
3132 4868 3410 4938 progredi
3451 4867 3616 4923 vole-

1964 4958 2126 5023 bant,
2174 4958 2234 5012 in
2285 4956 2494 5012 faciem
2543 4963 2687 5011 erat.
2737 4959 2801 5011 Et
2841 4956 2987 5011 vidit
3036 4956 3248 5010 subtus
3293 4957 3613 5012 Cherubim

1962 5046 2142 5101 veluti
2167 5061 2415 5100 manum
2437 5044 2718 5109 hominis,
2743 5049 3070 5115 gestantem
3099 5051 3151 5098 et
3175 5045 3540 5100 fulcientem.

2033 5136 2094 5189 ll.
2148 5137 2213 5190 Et
2251 5135 2364 5189 hoc
2403 5134 2568 5204 quod
2612 5132 2762 5187 vidit
2805 5133 3100 5204 propheta
3144 5133 3202 5187 in
3249 5134 3467 5189 ecstasi
3511 5149 3618 5188 seu

1963 5231 2204 5296 stupore
2257 5223 2632 5288 constitutus,
2678 5237 2887 5276 verum
2938 5237 3008 5276 ac
3059 5228 3287 5276 certum
3338 5227 3482 5277 erat.
3537 5223 3618 5278 Si-

1965 5314 2364 5385 gniﬁcabatur
2384 5313 2543 5367 enim
2572 5327 2641 5366 ac
2663 5310 3142 5366 adumbrabatur
3163 5311 3283 5366 alia
3309 5313 3615 5383 quaedam,

1965 5420 2087 5459 non
2120 5402 2319 5457 minus
2359 5417 2601 5470 arcana,
2644 5415 2828 5472 quam
2871 5399 3077 5453 divina
3115 5414 3230 5466 res,
3268 5400 3619 5470 mysterium

1916 5526 1924 5533 -
1969 5492 2188 5548 scilicet
2216 5507 2252 5547 a
2281 5489 2767 5561 generationibus
2790 5503 2994 5545 revera
3019 5487 3459 5552 absconditum|
3496 5500 3620 5541 ma-

3280 5768 3337 5819 t5
