4084 6256
177 355 283 412 453

1450 345 1789 404 HOMILLE.
1830 373 1900 389 --
1941 344 2114 400 HOM.
2158 345 2196 399 Ι.

3442 346 3549 402 454

175 481 503 545 ἔπιϐεϐηκὼς
544 479 676 553 αὐτῇ
726 482 817 533 καὶ
866 480 1094 552 ἡνιοχῶν
1119 484 1234 541 ταῖς
1280 480 1451 539 ἡνίαις
1498 484 1590 530 τοῦ
1624 476 1783 528 Πνεύ-

1897 487 2070 543 super
2101 470 2562 537 illam,habenis
2592 470 2842 542 Spiritus
2868 485 3004 526 eam
3026 485 3260 541 regens,
3294 475 3351 528 et
3370 475 3549 543 prout

175 591 359 645 ματος,
410 576 503 625 καὶ
545 573 718 633 καθὼς
765 569 1058 634 ἐπίσταται,
1104 565 1314 640 ὁδηγῶν
1359 568 1541 625 αὑτήν.
1582 565 1780 637 Ὥσπερ

174 664 277 736 γὰρ
339 663 406 713 τὰ
461 662 574 722 ζῶα
627 664 694 713 τά
752 662 1097 733 πνευματικὰ,
1156 658 1262 731 ούχ
1319 660 1447 711 ὅπου
1515 655 1783 709 ἐϐούλοντο

172 752 491 823 πορεύεσθαι
534 749 857 823 ἐπορεύοντο,
911 748 1019 801 ἀλλ’
1072 750 1201 801 ὅπου
1248 744 1371 807 ἤδει
1400 752 1489 800 καὶ
1536 746 1707 805 ἢθελεν
1756 744 1782 795 6

174 840 557 913 ἐπικαθήμενος
606 845 696 893 καὶ
744 841 987 892 εὐθύνων.
1044 838 1196 892 Ούτω
1261 842 1351 890 καὶ
1399 838 1637 902 ἐνταῦθα,
1692 834 1781 886 αύ-

174 934 264 992 τὸς
312 932 521 1001 ἡνιοχεῖ
572 934 662 983 καὶ
717 927 835 1000 ἆγει
882 925 1092 999 ὁδηγῶν
1139 934 1209 997 τῷ
1262 929 1525 997 Πνεύματι
1579 925 1736 978 αὑτοῦ
1765 937 1777 951 ⁸

177 1019 343 1083 οὑτως
399 1024 493 1072 καὶ
548 1021 874 1092 πορεύονται,
942 1017 1000 1071 ού
1057 1019 1193 1070 κατά
1246 1020 1303 1069 τό
1366 1018 1533 1069 αὑτῶν
1587 1014 1784 1087 θελημα

176 1111 259 1163 ὅτε
310 1107 592 1181 βούλονται
649 1107 697 1160 ἓν
753 1115 825 1179 τῷ
892 1107 1131 1181 οὐρανῷ·
1188 1111 1275 1160 καὶ
1325 1105 1629 1180 ἐρριμμένου
1690 1112 1782 1158 τοῦ

179 1203 420 1270 σώματος
472 1199 681 1269 ἡνιοχεῖ
733 1202 824 1250 καὶ
875 1195 1071 1250 ἐλαύνει
1138 1195 1186 1248 ἓν
1248 1202 1359 1256 τοῖς
1423 1195 1657 1269 οὐρανοῖς
1711 1191 1782 1264 τῷ

174 1292 474 1361 φρονήματι
529 1291 617 1345 τὴν
667 1284 853 1358 ψυχήν
880 1302 892 1316 ·
944 1290 1034 1338 καὶ
1076 1286 1229 1338 πάλιν
1269 1287 1351 1338 ὅτε
1396 1283 1664 1357 βούλεται,
1706 1286 1784 1357 ἔρ-

175 1396 335 1449 χεται
382 1375 432 1428 ἕν
456 1383 528 1446 τῷ
577 1381 784 1449 σώματι
824 1380 915 1428 καὶ
944 1382 1055 1437 τοῖς
1100 1374 1373 1447 λογισμοῖς
1398 1392 1410 1404 ·
1446 1376 1525 1425 ὅτε
1569 1369 1627 1425 δὲ
1661 1370 1784 1445 βού-

175 1465 319 1519 λεται
370 1465 443 1527 εἰς
480 1468 547 1518 τὰ
590 1469 788 1541 πέρατα
829 1472 924 1528 τῆς
972 1472 1094 1536 γῆς,
1138 1469 1228 1516 καὶ
1278 1461 1632 1533 ἀποκαλύψεις
1684 1482 1785 1533 μυ-

178 1559 410 1628 στηρίων
451 1550 717 1608 δείκνυσιν
756 1554 915 1626 αὐτῇ.
954 1553 1025 1606 Ὠ
1061 1560 1152 1606 τοῦ
1191 1553 1348 1606 καλοῦ
1387 1558 1476 1605 καὶ
1514 1558 1780 1623 χρηστοῦ,

170 1649 339 1717 μόνου
397 1646 621 1716 ἡνιόχου
674 1642 955 1703 ἀληθινοῦι
1001 1642 1152 1696 Ούτω
1192 1640 1251 1696 δε
1298 1642 1785 1704 καταξιωθήσονται

170 1738 267 1786 καὶ
316 1735 384 1786 τὰ
440 1738 662 1805 σώματα
709 1731 758 1785 ἐν
802 1740 862 1806 τῇ
915 1731 1222 1797 ἀναστάσει,
1276 1739 1371 1793 τῆς
1421 1730 1605 1802 ψυχῆς
1650 1731 1784 1783 οὑτω

172 1829 265 1875 νῦν
327 1818 813 1896 προδοξαζομίνης,
876 1826 968 1876 καὶ
1024 1830 1098 1893 τῷ
1172 1823 1435 1891 Πνεύματι
1504 1819 1785 1893 ἀνακιρνω-
1822 1861 1863 1916 Β

171 1931 304 1985 μενη
315 1932 357 1973 ς.

250 2035 330 2094 Δ’.
365 2034 490 2088 Ὀτι
540 2031 599 2088 δε
645 2036 881 2109 οὑράνιον
912 2041 1011 2108 φῶς
1038 2038 1306 2107 γίγνονται
1352 2035 1407 2085 αἱ
1458 2032 1638 2105 ψυχαὶ
1685 2040 1782 2084 τῶν

172 2122 417 2191 δικὸιίων,
481 2124 634 2186 αὐτὸς
690 2126 715 2177 6
780 2127 971 2200 Κύριος
1033 2131 1144 2185 τοῖς
1210 2122 1511 2183 ἀποστόλοις
1576 2121 1781 2193 ἔλεγεν·

167 2214 386 2286 Ὑμεῖς
425 2217 572 2267 ἐστε
611 2216 677 2266 τὸ
717 2222 837 2286 φῶς
876 2220 985 2267 τοῦ
1024 2218 1295 2285 κόσμου.
1326 2212 1605 2284 Αύτὸςγὰρ
1631 2211 1784 2286 ἀπερ-

169 2306 476 2377 γασάμενος
531 2302 722 2365 αὑτοὺς
790 2310 914 2375 φῶς,
980 2300 1053 2356 δι’
1104 2302 1270 2355 αὐτῶν
1325 2303 1645 2375 φωτίζεσθαι
1694 2304 1781 2352 τόν

168 2399 374 2466 κόσμον
396 2392 685 2468 προσέταξε
708 2398 850 2459 ’καὶ,
885 2393 973 2445 Ού
1010 2398 1305 2458 καίουσι,
1337 2397 1489 2465 φησὶ,
1520 2391 1777 2462 λύχνον,

168 2488 285 2536 καὶ
322 2485 626 2536 τιθέασιν
663 2484 783 2535 ὑπὸ
812 2485 921 2534 τὸν
959 2479 1219 2555 μόδιον,
1253 2481 1376 2533 ἀλλ’
1417 2480 1657 2538 ἐπὶτὴν
1688 2479 1781 2531 λυ-

172 2575 515 2645 χνίαν,καὶ
543 2570 792 2643 λάμπει
822 2577 988 2623 πᾶσι
1018 2578 1151 2633 τοῖς
1180 2570 1337 2643 ίνλτῇ
1372 2570 1583 2641 οἰκίᾳ·
1618 2569 1780 2621 οὑτω

170 2660 495 2733 λαμψάτω
530 2663 599 2712 τό
629 2668 749 2732 φῶς
779 2661 951 2733 ὑμῶν
983 2659 1355 2733 ἔμπροσθεν
1395 2668 1513 2711 τῶν
1546 2658 1779 2729 ἀνθρώ-

170 2770 304 2802 πων
338 2765 351 2778 ·
386 2748 499 2802 ἀντὶ
536 2756 649 2814 τοῦ,
697 2753 783 2807 Μὴ
835 2748 1069 2821 κρύψατε
1106 2752 1164 2800 τό
1200 2746 1341 2820 δόμα
1370 2749 1396 2800 ὅ
1426 2746 1626 2800 ἐλάϐετε
1655 2735 1777 2819 παρ’

175 2838 324 2910 ἕμοῡ,
368 2837 495 2891 ἀλλά
538 2835 660 2892 δότε
700 2844 835 2891 πᾶσι
885 2845 993 2898 τοῖς
1042 2836 1408 2910 βουλομένοις·
1446 2842 1535 2890 καὶ
1586 2837 1773 2889 πάλιν·

172 2932 232 2980 '0
290 2927 535 3000 λύχνος
582 2936 696 2981 τοῦ
750 2934 1073 3000 σώματος,
1134 2926 1311 2980 ἐστὶν
1351 2928 1377 2979 ὁ
1430 2926 1776 2999 ὀφθαλμός.

176 3004 373 3088 Ἐάνῇ
405 3016 781 3089 όὸφθαλμός
812 3036 928 3070 σου
960 3020 1291 3089 φωτείνός,
1328 3016 1469 3069 ὅλον
1502 3020 1569 3069 τὸ
1603 3018 1783 3089 σῶμά

185 3120 301 3155 σου
340 3108 787 3176 πεφὼτισταιο
824 3105 879 3158 εἰ
918 3101 987 3159 δι
1021 3106 1046 3158 ό
1087 3104 1415 3177 ὀφθαλμός
1440 3125 1557 3157 σου
1600 3125 1783 3164 πονη-

176 3195 307 3265 ρός,
339 3192 479 3245 ὅλον
517 3196 585 3246 τό
621 3196 801 3266 σῶμά
837 3212 953 3248 σου
985 3198 1329 3255 σκοτεινὸν
1360 3197 1570 3249 ἔσται.
1606 3192 1782 3248 Εἰοῦν
1823 3218 1861 3276 C

175 3286 247 3335 τό
304 3290 429 3354 φῶς
466 3286 534 3335 τό
575 3285 637 3336 ἓν
680 3287 802 3349 σοὶ,
849 3287 1107 3349 σκότος,
1148 3287 1217 3336 τὸ
1258 3289 1486 3344 σκότος
1535 3288 1780 3351 πόσον;

175 3370 383 3445 Ὠσπερ
412 3374 516 3445 γάρ
539 3378 634 3423 τοῦ
664 3376 898 3443 σώματος
922 3374 972 3425 οἱ
992 3372 1245 3445 ὀφθαλμοὶ
1272 3382 1377 3445 φῶς
1394 3374 1518 3443 εἱσι,
1549 3380 1638 3427 καὶ
1660 3377 1783 3427 ἓπάν

177 3462 228 3513 οἰ
269 3458 529 3530 ὀφθαλμοὶ
574 3459 739 3527 ὑγιεῖς
792 3456 935 3525 ὦσιν,
976 3460 1086 3514 ὅλον
1129 3465 1187 3514 τό
1238 3470 1392 3534 σῶμα
1429 3468 1781 3536 πεφώτισται·

178 3548 312 3601 ἰπάν
370 3542 432 3599 δε
488 3550 793 3620 παρεμπέση
851 3567 899 3600 τι
948 3554 1036 3602 καὶ
1114 3553 1484 3618 σκοτισθῶσιν,
1564 3553 1674 3605 ὅλον
1728 3556 1784 3605 τὸ

181 3645 340 3710 σῶμα
379 3640 641 3690 σκοτεινόν
681 3635 851 3689 ἔστιν·
892 3637 1051 3700 οὑτως
1091 3641 1140 3692 οἱ
1188 3640 1490 3708 ἀπόστολοι,
1533 3642 1786 3716 ὀφθαλμοὶ

172 3731 266 3779 καὶ
297 3734 405 3799 φῶς
450 3726 570 3778 ὅλου
619 3733 710 3778 τοῦ
739 3731 939 3800 κόσμου
981 3727 1251 3786 ἐτέθησαν.
1307 3730 1517 3802 Ἔλεγεν
1561 3729 1649 3784 οὖν
1693 3732 1785 3785 αύ-

175 3823 287 3877 τοῖς
339 3815 708 3890 παραγγέλλων
752 3818 785 3869 ό
823 3820 1054 3892 Κύριος·
1120 3817 1261 3874 Ἐὰν
1320 3822 1509 3892 ὑμεῖς
1564 3829 1781 3886 στῆτέ,

176 3910 394 3978 καὶμὴ
432 3915 928 3981 παρατραπῆτε,
989 3914 1111 3979 φῶς
1148 3913 1324 3972 ὄντες
1363 3917 1472 3962 τοῦ
1512 3916 1784 3982 κόσμου,

178 3990 333 4046 ἰδοὺ
380 3994 530 4048 ὅλον
558 3998 628 4047 τὸ
681 4003 866 4067 σῶμα
890 4003 1293 4069 πεφώτισται
1338 4005 1451 4052 τοῦ
1499 4004 1776 4073 κόσμου.

179 4082 251 4136 Εἰ
283 4080 357 4136 δὲ
386 4086 577 4156 ὑμεῖς
614 4086 676 4137 οἱ
706 4089 884 4147 ὄντες
924 4096 1039 4159 φῶς
1069 4091 1509 4156 σκοτισθῆτε,
1537 4095 1605 4143 τὸ
1649 4096 1787 4145 σκό-

177 4194 289 4236 τος
314 4179 556 4241 πόσον,
586 4177 612 4229 ὅ
640 4174 830 4229 ἔστιν
860 4178 885 4229 6
916 4180 1155 4250 κόσμος
1179 4193 1194 4243 ;
1219 4184 1325 4239 Φὼς
1346 4175 1434 4230 οὖν
1455 4183 1786 4251 γενόμενοιοὶ

180 4265 486 4332 ἀπόστολοι,
537 4273 643 4337 φῶς
686 4263 1011 4325 διηκόνησαν
1059 4274 1168 4328 τοῖς
1210 4270 1548 4333 πιστεύσασι,
1590 4272 1683 4332 τὰς
1728 4267 1787 4322 δὲ

179 4351 409 4429 καρδίας
454 4354 627 4408 αὐτῶν
674 4360 989 4427 φωτίσαντες
1035 4365 1107 4428 τῷ
1151 4355 1439 4430 ἕπουρανίῳ
1480 4365 1570 4411 τοῦ
1624 4362 1786 4412 ΙΙνεύ-

178 4463 345 4517 ματος
400 4448 552 4516 φωτὶ,
629 4443 766 4519 ᾧπερ
823 4450 912 4499 καὶ
985 4445 1135 4499 αὐτοὶ
1207 4451 1587 4521 πεφωτισμένοι
1642 4447 1788 4521 ἐτύγ-

178 4552 346 4606 χανον
358 4574 374 4589 ο

1823 4577 1868 4632 D

251 4640 327 4693 ε’·
385 4643 490 4693 Καὶ
520 4639 643 4702 ἅλας
684 4639 835 4694 αὐτοὶ
881 4641 1207 4717 ὑπάρχοντες
1237 4645 1425 4717 ἤρτυον
1472 4649 1561 4697 καὶ
1607 4644 1787 4708 ἤλιζον

180 4734 363 4782 πᾶσαν
394 4727 580 4799 ψυχὴν
616 4732 971 4783 πιστεύουσαν
1009 4740 1082 4803 τῷ
1119 4731 1273 4784 ἅλατι
1310 4741 1401 4785 τού
1441 4733 1593 4805 ἁγίου
1633 4736 1789 4787 Πνεύ-

182 4833 378 4891 ματος.
435 4814 611 4889 Ἔλεγε
664 4820 767 4894 γὰρ
818 4819 997 4880 αὐτοῖς
1036 4825 1061 4872 ό
1113 4824 1347 4896 Κύριοςο
1378 4822 1580 4896 Ὑμεῖς
1647 4822 1789 4876 ἐστε

181 4910 254 4959 τὸ
312 4904 468 4967 ἅλας
511 4914 622 4968 τῆς
648 4916 790 4979 γῆς,
842 4916 943 4980 γῆν
985 4911 1079 4972 τὰς
1126 4908 1314 4982 ψυχὰς
1358 4920 1459 4963 τῶν
1508 4911 1790 4986 ἀνθρώπων

184 4995 382 5048 καλῶν.
437 5001 761 5055 Διηκόνησαν
809 4999 910 5070 γὰρ
938 4998 989 5050 ἂν
1036 5005 1151 5061 ταῖς
1176 4999 1383 5071 ψυχαῖς
1444 5008 1543 5053 τῶν
1596 5001 1790 5075 ἀνθρώ-

182 5104 293 5138 πων
342 5088 402 5136 τό
442 5086 743 5158 ἐπουράνιον
795 5086 922 5150 οἶλας
971 5095 1062 5141 τοῦ
1114 5092 1429 5161 Πνεύματος,
1478 5089 1791 5166 ἀρτύσαντες

182 5174 397 5239 αὐτοὺς,
447 5179 537 5227 καὶ
588 5173 855 5237 ἀσήπτους
901 5182 991 5230 καὶ
1034 5177 1232 5238 ἀσινεῖς
1287 5178 1707 5253 ἀπεργασάμενοι
1735 5184 1790 5233 ἐκ

184 5262 376 5324 ποὶλῆς
433 5259 731 5325 δυσωδίας.
784 5262 986 5338 ’Ὥσπερ
1040 5268 1142 5339 γὰρ
1192 5270 1366 5339 κρέας,
1426 5266 1508 5321 ἐὰν
1564 5275 1636 5342 μὴ
1688 5274 1786 5343 ἔχη

185 5351 331 5419 ἃλας,
389 5356 677 5420 σίσηπται,
730 5358 821 5406 καὶ
870 5354 1058 5416 πολλῆς
1115 5352 1391 5417 δυσωδίας
1439 5364 1788 5431 μεμέστωται,

183 5443 319 5495 ὥστε
344 5444 546 5505 πάντας
598 5441 1020 5518 ἀποστρέφεσθαι
1049 5444 1106 5497 ἐκ
1134 5454 1229 5507 τῆς
1265 5451 1524 5509 κακίστης
1577 5448 1746 5522 ὀσμῆς
1774 5490 1787 5505 .

183 5535 273 5585 καὶ
332 5531 602 5594 σκώληκες
652 5532 899 5605 ἕρπουσιν
952 5533 1024 5596 εἰς
1075 5537 1134 5587 τὸ
1189 5538 1418 5599 σεσηπός
1472 5541 1642 5609 κρέας,
1702 5543 1792 5592 καὶ

262 5727 506 5787 ‘Matth.
539 5743 596 5795 v,
634 5728 718 5786 14.

796 5728 819 5765 ⁵
860 5727 1011 5787 ibid.
1052 5730 1136 5788 15.
1156 5731 1245 5789 16.

1326 5732 1398 5768 οοτ
1430 5732 1627 5791 Matth.
1658 5733 1855 5802 v1,22,
1885 5736 1952 5791 23
1988 5750 2002 5801 ;
2035 5734 2176 5792 Luc.
2203 5749 2281 5800 ιι»
2311 5733 2398 5790 34-

1894 562 2058 617 novit
2096 561 2219 616 dux
2260 562 2368 617 vim
2408 561 2460 617 ei
2499 561 2812 617 exsistens.
2842 562 3364 626 Quemadmodum
3387 564 3545 618 enim

1893 650 2179 706 animalia
2231 650 2580 721 spiritualia,
2641 665 2763 705 non
2815 666 3180 723 quocunque
3245 650 3544 717 volebant,

1894 739 2451 810 progrediebantur,
2495 739 2601 796 sed
2641 754 2711 795 eo
2750 755 2872 811 quo
2922 740 3148 796 sciebat
3207 746 3264 796 et
3314 740 3550 796 volebat

1892 828 2007 894 ille,
2049 830 2151 899 qui
2192 828 2492 884 insidebat
2542 833 2597 883 et
2634 828 2931 897 dirigebat
2972 846 2984 884 :
3028 830 3111 884 sic
3162 845 3401 901 quoque
3456 829 3549 885 hic

1893 917 2021 989 ipse
2058 916 2331 973 habenas
2371 921 2525 972 tenet
2564 932 2634 973 ac
2674 916 3036 982 moderatur,
3079 923 3134 973 et
3173 918 3336 973 viam
3377 934 3548 974 mon-

1894 1010 2086 1061 strans
2106 1005 2343 1060 ducitin
2365 1004 2585 1076 Spiritu
2606 1021 2743 1060 suo:
2763 1006 2844 1060 sic
2876 1021 3120 1078 quoque
3152 1006 3547 1078 progrediun-

1894 1100 1986 1150 tur
2024 1110 2134 1167 pro
2174 1110 2296 1151 non
2337 1111 2445 1150 suo
2485 1094 2713 1159 habitu,
2743 1110 2864 1166 quo
2899 1095 3127 1161 volunt,
3168 1096 3228 1151 in
3268 1097 3438 1152 caelo.
3483 1098 3548 1152 Et

1893 1183 2127 1253 abjecto
2151 1199 2401 1253 corpore
2427 1182 2592 1238 ducit
2621 1189 2676 1238 et
2700 1184 2848 1251 regit
2874 1184 2933 1237 in
2967 1184 3133 1239 caelis
3159 1186 3425 1240 animam
3456 1202 3549 1241 sa-

1894 1273 2116 1342 pientia
2145 1287 2156 1325 :
2182 1276 2239 1327 et
2269 1287 2476 1327 rursus
2506 1272 2754 1343 quando
2777 1271 2941 1335 libet,
2969 1273 3129 1327 venit
3155 1273 3213 1327 in
3242 1289 3462 1344 corpus
3493 1278 3551 1329 et

1894 1360 2317 1429 cogitationes;
2343 1360 2591 1431 quando
2613 1364 2813 1415 autem
2838 1358 2984 1415 libet
3010 1360 3071 1414 in
3103 1360 3253 1415 ﬁnes
3275 1367 3463 1426 terrae,
3496 1366 3553 1416 et

1893 1448 2287 1505 revelationes
2321 1448 2740 1519 mysteriorum
2766 1448 3023 1503 ostendit
3045 1448 3145 1503 illi.
3171 1451 3214 1505 Ο
3239 1450 3467 1505 bonum
3498 1454 3555 1505 et

1895 1537 2097 1592 utilem
2131 1544 2186 1593 et
2212 1537 2408 1593 solum
2448 1554 2652 1593 verum
2676 1538 3027 1606 agitatorem
3062 1538 3072 1592 ι
3108 1538 3328 1593 Eodem
3352 1544 3551 1594 autem

1895 1629 1953 1681 et
1981 1641 2234 1697 corpora
2255 1627 2314 1682 in
2344 1626 2777 1682 resurrectione
2795 1625 2979 1695 digna
2996 1626 3427 1696 judicabuntur
3452 1627 3554 1683 ho-

1895 1728 2061 1781 nore,
2081 1731 2263 1786 quem
2291 1731 2450 1772 nunc
2471 1715 2695 1781 anima,
2720 1731 2854 1787 quae
2878 1714 3119 1787 Spiritui
3138 1717 3424 1788 permista
3442 1720 3549 1783 est,

1895 1805 2061 1876 prius
2091 1803 2362 1876 percipit.

1965 2035 2051 2089 IV.
2086 2034 2258 2099 Quod
2293 2037 2494 2089 autem
2522 2033 2581 2089 in
2610 2032 2848 2090 cmleste
2886 2032 3089 2090 lumen
3132 2034 3389 2092 evadant
3426 2036 3549 2092 ani-

1894 2139 2006 2179 mae
2033 2125 2353 2194 justorum,
2384 2123 2511 2195 ipse
2561 2124 2848 2179 Dominus
2891 2123 3180 2196 apostolis
3215 2124 3357 2181 dicit
3387 2145 3399 2185 :
3451 2134 3550 2182 Vos

1893 2212 2028 2269 estis
2043 2214 2152 2268 lux
2186 2212 2397 2267 mundi
2428 2213 2471 2267 ‘.
2501 2210 2632 2283 Ipse
2661 2212 2841 2278 enim,
2864 2212 2967 2284 qui
2990 2211 3180 2268 effecit
3198 2229 3301 2269 eos
3330 2213 3546 2281 lucem,

1891 2317 1998 2373 per
2036 2301 2167 2356 illos
2206 2300 2531 2355 illuminari
2574 2301 2868 2356 mundum
2905 2301 3085 2371 jussit
3138 2318 3208 2357 ac
3247 2305 3547 2374 praecepit.

1889 2390 2027 2447 Non
2057 2390 2395 2446 accendunt
2433 2390 2754 2454 lucernam,
2786 2389 2997 2461 inquit,
3031 2396 3084 2445 et
3118 2397 3351 2459 ponunt
3377 2392 3551 2448 illam

1890 2480 2090 2535 subter
2109 2479 2391 2543 modium,
2412 2479 2514 2534 sed
2534 2494 2715 2547 super
2731 2479 3182 2542 candelabrum,
3198 2484 3249 2535 et
3265 2481 3418 2536 lucet
3435 2496 3551 2537 om-

1889 2569 2084 2634 nibus,
2101 2568 2205 2640 qui
2227 2574 2368 2622 sunt
2390 2569 2450 2623 in
2469 2568 2672 2623 domo:
2686 2569 2771 2623 sic
2788 2569 2984 2624 luceat
3010 2570 3119 2625 tua:
3132 2575 3327 2624 vestra
3349 2585 3549 2627 coram

1891 2656 2221 2713 hominibus
2262 2658 2301 2722 ⁵,
2340 2656 2455 2712 hoc
2494 2660 2601 2721 est,
2639 2672 2712 2711 ne
2770 2656 3041 2711 ocultetis
3094 2656 3345 2722 donum,
3386 2660 3553 2729 quod

1889 2745 2255 2817 accepistisa
2295 2760 2410 2807 me,
2448 2744 2556 2799 sed
2598 2744 2735 2800 date
2775 2746 3059 2800 omnibus
3098 2746 3455 2801 volentibus.
3488 2751 3553 2803 Et

1886 2850 2093 2892 rursus
2127 2850 2138 2888 :
2168 2835 2443 2890 Lucerna
2476 2834 2742 2901 corporis
2780 2838 2865 2889 est
2902 2834 3127 2891 oculus.
3172 2834 3319 2890 Cum
3365 2836 3551 2906 igitur

1889 2925 2097 2981 oculus
2113 2928 2246 2978 tuus
2256 2924 2444 2992 fuerit
2458 2923 2709 2987 lucidus,
2720 2926 2901 2979 totum
2915 2939 3146 2995 quoque
3157 2940 3370 2995 corpus
3384 2929 3549 2982 tuum

1897 3014 1948 3085 5
1965 3013 2224 3069 lucidum
2241 3015 2371 3068 erit.
2384 3011 2551 3080 Quod
2562 3012 2612 3066 si
2626 3013 2825 3067 malus
2839 3012 2969 3077 erit,
2980 3019 3161 3067 totum
3180 3029 3411 3085 quoque
3421 3030 3552 3070 cor—

1887 3119 2003 3173 pus
2035 3106 2199 3157 tuum
2229 3102 2599 3157 tenebrosum
2618 3101 2751 3156 erit.
2775 3100 2840 3155 Si
2860 3102 3051 3170 igitur
3070 3102 3289 3166 lumen,
3313 3103 3472 3172 quod
3484 3103 3547 3158 in

1895 3196 1948 3249 te
1995 3195 2097 3257 est,
2144 3190 2396 3247 tenebrae
2433 3196 2593 3253 sunt,
2638 3190 2892 3246 tenebrw
2930 3196 3172 3260 quantae
3197 3191 3550 3260 futurae“?

1894 3280 2417 3347 Quemadmodum
2444 3280 2604 3335 enim
2626 3278 3281 3351 oculicorporislumen
3308 3287 3465 3346 sunt,
3494 3285 3551 3337 et

1893 3370 2143 3442 quando
2173 3368 2332 3425 oculi
2370 3369 2705 3424 incolumes
2738 3384 2807 3424 ac
2839 3370 2968 3423 sani
3002 3375 3161 3437 sunt,
3207 3374 3395 3425 totum
3427 3387 3551 3426 cor-

1894 3474 2008 3531 pus
2033 3458 2404 3514 illuminatur
2436 3473 2449 3524 ;
2485 3458 2530 3512 si
2565 3472 2703 3513 vero
2733 3457 2879 3529 quid
2918 3457 3161 3528 incidat,
3200 3462 3260 3514 ut
3291 3460 3549 3514 tenebris

1895 3547 2303 3613 oﬁ‘undantur,
2337 3552 2529 3603 totum
2559 3562 2778 3618 corpus
2812 3547 3193 3602 tenebrosum
3235 3547 3502 3605 redditur
3535 3565 3547 3603 :

1896 3637 1982 3691 sic
2013 3636 2289 3707 apostoli,
2313 3634 2467 3692 oculi
2498 3642 2553 3691 et
2579 3635 2783 3691 lumen
2810 3636 2986 3691 totius
3011 3636 3221 3691 mundi
3251 3638 3554 3694 constituti

1896 3742 1967 3783 ac
1993 3726 2250 3781 ordinati
2270 3730 2413 3779 sunt
2445 3742 2456 3780 :
2483 3725 2629 3779 dixit
2658 3726 2834 3794 igitur
2864 3726 2934 3779 iis
2977 3725 3326 3796 praecipiens
3362 3727 3555 3782 Domi-

1896 3831 2010 3872 nus
2043 3832 2054 3870 :
2091 3814 2157 3870 Si
2188 3830 2305 3877 vos,
2338 3816 2443 3885 qui
2465 3816 2600 3869 estis
2631 3814 2736 3870 tua:
2756 3816 2987 3878 mundi,
3004 3817 3550 3884 perseveraveritis,

1896 3920 2003 3961 nec
2014 3905 2365 3973 deﬂectatis,
2382 3917 2511 3959 ecce
2523 3907 2706 3958 totum
2726 3919 2942 3973 corpus
2956 3904 3166 3957 mundi
3177 3905 3549 3960 illustratum

1896 4000 1979 4051 est
2010 4012 2030 4049 :
2060 3993 2110 4047 si
2140 4008 2269 4047 vero
2292 4007 2410 4056 vos,
2446 3992 2548 4063 qui
2567 3993 2706 4047 estis
2732 3992 2859 4055 lux,
2886 3992 3149 4061 caligine
3170 3992 3411 4047 obducti
3422 3997 3557 4061 fue-

1895 4082 2044 4147 ritis,
2072 4086 2313 4152 quantae
2340 4082 2566 4149 futura
2588 4080 2861 4143 tenebrw,
2897 4094 3024 4150 quae
3054 4086 3191 4135 sunt
3241 4081 3499 4136 mundus
3526 4081 3554 4137 ?

1899 4174 2019 4226 Lux
2044 4171 2220 4240 igitur
2250 4185 2388 4225 cum
2416 4173 2613 4224 essent
2652 4168 2790 4224 facti
2843 4168 3118 4239 apostoli,
3167 4168 3360 4224 lucem
3408 4185 3557 4240 prae-

1896 4260 2155 4315 buerunt
2220 4256 2621 4323 credentibus,
2663 4257 3064 4313 illuminantes
3113 4256 3351 4312 illorum
3408 4274 3559 4329 prae-

1896 4348 2101 4405 cordia
2130 4346 2353 4403 caelesti
2386 4346 2636 4418 Spiritus
2662 4345 2907 4416 lumine,
2943 4362 3067 4418 quo
3095 4351 3151 4402 et
3182 4346 3294 4418 ipsi
3339 4346 3559 4403 illumi-

1897 4437 2018 4494 nati
2051 4442 2237 4494 erant.

1971 4652 2031 4705 V.
2077 4652 2139 4704 Et
2181 4649 2268 4705 sal
2301 4665 2437 4705 cum
2480 4652 2679 4705 essent
2718 4648 2851 4720 ipsi,
2892 4648 3256 4705 condiebant
3295 4653 3351 4704 et
3390 4648 3560 4704 salie-

1898 4739 2043 4795 bant
2065 4754 2311 4795 omnem
2329 4738 2596 4794 animam
2621 4738 2986 4807 credentem,
3014 4738 3137 4794 sale
3159 4739 3406 4811 Spiritus
3427 4754 3563 4793 san-

1899 4829 1995 4884 cti.
2028 4828 2181 4883 Dixit
2210 4829 2369 4883 enim
2398 4827 2469 4882 iis
2524 4827 2811 4881 Dominus
2837 4843 2849 4879 :
2885 4829 2992 4883 Vos
3022 4828 3159 4883 estis
3188 4829 3282 4899 sal
3316 4835 3490 4884 terra:
3518 4830 3560 4894 ⁸,

1901 4920 2116 4973 terram
2167 4932 2389 4972 vocans
2421 4916 2654 4971 animas
2683 4915 3561 4986 proborum,hominum;sub-

1899 5004 2326 5062 ministrabant
2364 5004 2524 5058 enim
2568 5004 2786 5058 animis
2826 5005 3143 5059 hominum
3178 5005 3264 5061 sal
3316 5006 3564 5077 Spiritus

1898 5094 2156 5159 cmleste,
2197 5092 2544 5148 condientes
2577 5092 2732 5157 illos,
2778 5098 2835 5147 et
2875 5110 2909 5148 a
2950 5093 3268 5163 putredine
3308 5110 3376 5148 ac
3404 5110 3565 5150 noxa

1900 5182 2177 5256 exmulto
2205 5180 2384 5236 fetore
2411 5181 2807 5236 vindicantes.
2846 5182 3371 5246 Quemadmodum
3399 5184 3558 5237 enim

1901 5290 2063 5339 caro,
2092 5272 2138 5327 si
2172 5270 2295 5325 sale
2322 5286 2441 5325 non
2465 5270 2537 5325 sit
2562 5286 2907 5341 conspersa,
2950 5273 3251 5340 putrescit,
3278 5276 3335 5326 et
3375 5271 3564 5326 multo

1901 5362 2081 5418 fetore
2109 5360 2387 5431 repletur,
2421 5358 2573 5413 adeo
2604 5365 2665 5412 ut
2694 5374 2904 5413 omnes
2943 5364 3285 5415 avertantur
3325 5359 3404 5414 ob
3436 5374 3567 5428 gra-

1900 5467 2037 5507 vem
2068 5449 2313 5505 odorem
2338 5464 2351 5513 ;
2381 5453 2437 5502 et
2466 5462 2699 5502 vermes
2729 5446 2999 5519 irrepunt
3022 5448 3081 5502 in
3108 5464 3350 5503 carnem
3384 5446 3569 5517 putri-

1901 5541 2064 5611 dam,
2090 5538 2331 5608 illicque
2360 5542 2708 5608 pascuntur,
2736 5535 3084 5601 comedunt,
3112 5541 3168 5594 et
3196 5538 3257 5592 in
3284 5549 3571 5591 cavernu-

2476 5732 2497 5766 ⁸
2528 5727 2723 5788 Matth.
2759 5743 2816 5795 v,
2846 5730 2933 5785 13.
