4084 6256
586 314 689 369 455

1898 308 1956 364 S.
2001 304 2303 364 MACARII
2350 300 2658 361 ASGYPTII
3845 304 3943 362 456

581 433 655 489 lis
712 433 1068 490 delitescunt
1108 449 1120 488 :
1165 449 1214 488 si
1236 448 1378 489 vero
1409 431 1818 505 supervenerit
1846 431 1954 498 sal,
2018 431 2232 487 interﬁ-

2352 428 2453 481 ἐκεῖ
2507 428 2795 499 ἐννέμονται
2843 433 2929 481 καὶ
2981 430 3221 482 ἑσθίουσι
3276 432 3362 481 καὶ
3416 428 3767 501 φωλεύουσιν·
3828 431 3940 484 ἐπὰν

585 522 823 579 ciuntur
870 528 927 579 et
982 527 1231 594 pereunt
1282 521 1398 577 illic
1458 521 1851 593 depascentes
1901 537 2151 585 vermes,
2186 526 2241 575 et

585 613 780 681 gravis
820 612 971 667 odor
1001 611 1200 667 fetoris
1229 616 1425 667 cessat
1458 626 1470 665 :
1505 616 1723 667 natura
1758 610 2057 683 siquidem
2095 608 2239 665 salis

585 705 697 767 est,
722 709 781 757 ut
811 702 1109 757 interimat
1129 716 1381 765 vermes,
1410 706 1465 756 et
1498 700 1745 755 fetorem
1766 699 1929 755 tollat
1970 715 1983 752 :
2026 699 2240 754 eodem

585 806 829 864 quoque
872 790 1053 845 modo
1093 790 1291 846 omnis
1332 790 1557 853 anima,
1583 806 1701 845 non
1741 789 1983 845 condita
2022 789 2241 859 Spiritu

585 885 814 945 sancto,
864 878 1240 951 ccelestisque
1294 878 1453 949 salis,
1496 879 1611 935 hoc
1660 882 1773 947 est,
1815 878 2093 950 potentiae
2143 879 2243 933 Dei

583 968 884 1040 particeps
920 983 1043 1025 non
1084 968 1261 1033 facta,
1304 968 1619 1040 putredine
1659 968 1920 1031 vitiatur,
1951 983 2021 1023 ac
2059 965 2242 1023 fetore

584 1072 908 1130 pravarum
941 1058 1375 1127 cogitationum
1407 1057 1653 1129 copioso
1684 1056 1962 1129 repletur,
1996 1056 2148 1112 adeo
2180 1060 2244 1112 ut

582 1151 881 1204 avertatur
920 1146 1103 1202 facies
1154 1146 1256 1202 Dei
1295 1163 1331 1203 a
1384 1146 1551 1216 gravi
1603 1145 1783 1202 fetore
1834 1162 2123 1201 vanarum
2173 1161 2242 1202 ac

583 1237 1039 1293 tenebrosarum
1074 1235 1528 1305 cogitationum,
1557 1240 1613 1291 et
1642 1234 2026 1291 aﬂ'ectionum
2048 1234 2241 1290 eidem

587 1325 804 1381 animae
828 1325 1268 1380 inhaerentium.
1314 1325 1376 1380 Et
1414 1324 1579 1380 noxii
1609 1330 1788 1395 atque
1828 1323 2086 1396 improbi
2118 1340 2243 1379 ver-

584 1429 732 1477 mes,
773 1414 878 1485 qui
916 1418 1054 1469 sunt
1074 1414 1312 1484 spiritus
1354 1412 1614 1478 malitiae,
1655 1419 1710 1468 et
1738 1419 2055 1483 potestates
2085 1419 2242 1467 tene-

584 1502 911 1557 brarumin
943 1518 1011 1557 ea
1044 1502 1442 1567 inambulant,
1483 1501 1599 1556 illic
1642 1508 1987 1572 pascuntur,
2030 1501 2240 1557 delite-

586 1596 761 1646 scunt
799 1597 853 1645 et
892 1597 1126 1663 repunt,
1170 1599 1350 1663 atque
1382 1606 1516 1646 eam
1557 1590 1931 1645 devorantet
1969 1606 2241 1645 corrum-

583 1684 733 1750 punt
766 1696 778 1733 :
810 1680 1080 1735 Fetorem
1118 1681 1275 1735 enim
1322 1680 1731 1748 praebuerunt,
1762 1682 1816 1734 et
1869 1683 2241 1747 pulruerunt

582 1748 795 1823 in‘bices
825 1767 938 1823 mei
958 1770 998 1821 9.
1033 1766 1095 1823 Si
1119 1783 1254 1822 vero
1288 1767 1366 1821 ad
1387 1768 1573 1821 Deum
1601 1766 1929 1835 confugiat,
1963 1767 2242 1822 credatet
2277 1748 2317 1801 Β

580 1862 743 1929 petat
773 1856 960 1912 salem
989 1856 1145 1925 vitae,
1176 1856 1407 1911 bonum
1438 1872 1507 1912 ac
1546 1856 1883 1911 humanum
1930 1855 2235 1926 Spiritum,

582 1952 707 2001 tum
736 1947 978 2001 veniens
1014 1945 1101 2001 sal
1143 1945 1381 2001 cmleste
1409 1946 1692 2001 interimit
1727 1951 1904 2000 tetros
1944 1944 2072 2000 illos
2113 1961 2237 2001 ver-

582 2050 728 2100 mes,
755 2040 810 2090 et
843 2034 1081 2090 sublato
1112 2035 1376 2106 pessimo
1416 2035 1621 2099 fetore,
1645 2034 1969 2103 exstinguit
1991 2050 2231 2103 graveo~

579 2122 824 2179 tentiam
856 2125 1066 2179 virtute
1098 2125 1373 2193 potentiae
1398 2123 1539 2178 salis
1571 2140 1583 2178 :
1610 2128 1664 2179 et
1686 2124 1768 2178 sic
1799 2122 1896 2178 illa
1922 2122 2238 2179 incolumis

581 2217 637 2268 et
665 2213 854 2268 illaesa
874 2212 1085 2268 effecta
1108 2229 1211 2283 per
1234 2229 1441 2268 verum
1465 2211 1573 2276 sal,
1601 2214 1661 2267 in
1692 2229 1869 2267 usum
1897 2217 1952 2267 et
1978 2213 2239 2267 ministe-

579 2301 737 2357 rium
767 2301 1021 2357 ccelestis
1056 2301 1293 2357 Domini
1334 2302 1663 2357 ordinatur.
1705 2304 2019 2373 Propterea
2057 2302 2238 2357 etiam

579 2390 640 2446 in
691 2390 838 2463 lege,
883 2391 1161 2461 exemplo
1222 2396 1395 2447 utens
1454 2392 1631 2456 Deus,
1671 2391 1844 2461 jussit
1891 2406 2104 2446 omnes
2160 2390 2238 2445 vi-

582 2481 794 2535 ctimas
822 2480 945 2535 sale
973 2480 1136 2534 saliri
1167 2481 1235 2534 ¹⁰.

2352 516 2411 570 δὲ
2439 518 2558 589 ἔλθη
2610 522 2668 570 τό
2699 518 2845 583 ἅλας,
2881 518 3213 592 ἀναιροῦνται
3259 522 3347 570 καὶ
3394 517 3714 570 ἀπόλλυνται
3761 521 3808 571 οἱ
3853 519 3945 572 ἐκεῖ

2349 612 2613 680 νεμόμενοι
2662 607 2947 674 σκώληκες,
3012 614 3100 661 καὶ
3153 608 3291 679 ὀσμὴ
3341 616 3438 668 τῆς
3483 603 3757 670 δυσωδίας
3802 612 3944 662 παύε-

2350 716 2458 763 ται,
2510 697 2561 768 (ὁ
2608 700 2709 772 γὰρ
2759 700 2910 769 φύσις
2957 705 3049 750 τοῦ
3091 698 3296 763 οἷλατος,
3347 696 3647 771 ἀναιρετική
3706 699 3816 749 ἐστι
3855 706 3941 750 τῶν

2354 786 2657 851 σκωλήκων,
2690 792 2779 839 καὶ
2810 797 2902 849 τῆς
2943 783 3224 848 δυσωδίας
3263 786 3609 859 ἀφανιστική)
3643 801 3657 815 ⁸
3687 789 3772 838 τὸν
3801 786 3941 839 αὐτὸν

2351 880 2535 949 τρόπον
2601 880 2691 927 καὶ
2741 884 2890 930 πᾶσα
2946 876 3101 949 ψυχὴ
3170 878 3199 935 ἡ
3257 881 3329 947 μη
3389 877 3645 947 ἡλισμένη
3700 885 3770 947 τῷ
3824 875 3941 948 ἁγίῳ

2352 967 2631 1036 Πνεύματι,
2680 972 2769 1019 καὶ
2815 972 2886 1039 μὴ
2942 971 3245 1038 μετέχουσα
3286 973 3379 1019 τοῦ
3429 965 3623 1025 ἄλατος
3668 972 3758 1017 τοῦ
3806 964 3943 1018 ἐπου-

2351 1058 2552 1127 ρανίου,
2605 1056 2745 1106 τοῦτ’
2799 1058 2913 1107 ἔστι
2966 1064 3057 1115 τῆς
3110 1052 3375 1127 δυνάμεως
3435 1062 3530 1106 τοῦ
3582 1062 3737 1121 Θεοῦ,
3797 1058 3941 1112 σέση-

2350 1162 2498 1209 πται,
2551 1149 2642 1196 καὶ
2684 1141 2960 1205 δυσωδίας
3000 1144 3190 1207 πολλῆς
3228 1144 3498 1216 λογισμῶν
3538 1151 3773 1217 πονηρῶν
3810 1143 3940 1215 ἐμπέ-

2350 1232 2451 1289 πλη
2475 1231 2553 1304 [σ]
2588 1253 2693 1299 ται,
2722 1236 2855 1286 ὥστε
2882 1234 3301 1306 ἀποστρέφεσθαι
3322 1236 3382 1285 τὸ
3410 1237 3693 1307 πρόσωπον
3717 1238 3802 1284 τοῦ
3822 1238 3937 1284 Θεοῦ

2352 1320 2453 1373 ἀπὸ
2509 1330 2605 1382 τῆς
2663 1320 2839 1384 δεινῆς
2897 1318 3175 1383 δυσωδίας
3231 1330 3331 1374 τῶν
3391 1326 3633 1394 ματαίων
3698 1320 3937 1392 λογισμῶν

2350 1418 2439 1462 τοῦ
2498 1415 2739 1476 σκότους,
2808 1416 2898 1463 καὶ
2954 1420 3050 1463 τῶν
3109 1413 3288 1464 παθῶν
3346 1419 3452 1462 τῶν
3512 1409 3561 1461 ἐν
3618 1418 3677 1481 τῇ
3741 1414 3933 1481 τοιαύτη

2350 1499 2503 1571 ψυχῇ
2547 1503 2893 1555 ἐνοικούντων.
2936 1507 3035 1554 Καὶ
3066 1503 3114 1553 οἱ
3155 1506 3308 1552 κακοὶ
3338 1505 3432 1552 καὶ
3476 1497 3639 1552 δεινοὶ
3680 1499 3933 1568 σκώληκες,

2348 1589 2384 1640 οἱ
2427 1592 2538 1641 ἐστι
2592 1594 2658 1642 τὰ
2700 1594 2968 1661 πνεύματα
3010 1600 3106 1652 τῆς
3152 1594 3430 1664 πονηρίας,
3483 1594 3575 1641 xui
3622 1591 3675 1641 αἱ
3715 1585 3934 1661 δῦνάμεις

2349 1686 2441 1730 τοῦ
2492 1684 2728 1743 σκότους,
2779 1679 2985 1752 ἐναύτῇ
3038 1678 3480 1754 ἕμπεριπατοῦσι,
3530 1678 3680 1731 κάκεῖ
3733 1677 3933 1748 ὸνέμον-

2349 1787 2453 1832 ται,
2486 1773 2575 1820 καὶ
2618 1769 2926 1840 φωλεύουσι,
2970 1773 3059 1819 καὶ
3088 1769 3328 1841 ἓρπουσι,
3392 1774 3484 1821 καὶ
3514 1768 3678 1826 αὐτὴν
3730 1766 3930 1819 ὶσθίονσι

2348 1861 2437 1909 καὶ
2469 1858 2762 1931 φθείρουσι.
2796 1859 3242 1933 Προσὼζεσαν
3281 1861 3432 1931 γὰρ,
3479 1862 3634 1930 φησὶ,
3660 1861 3769 1907 καὶ
3804 1857 3931 1907 ἐσά-

2348 1965 2564 2003 πησαν
2626 1950 2688 1999 οἱ
2743 1948 3051 2019 μώλωπές
3114 1967 3256 2020 μου.
3299 1948 3463 2001 Ἐπὰν
3494 1944 3553 1999 δὲ
3582 1948 3841 2021 προσφύγῃ
3870 1951 3927 2013 τῷ

2350 2042 2483 2105 Θεῷ,
2514 2041 2604 2088 καὶ
2656 2040 2941 2109 πιστεύσῃ,
2990 2042 3078 2089 καὶ
3132 2037 3325 2109 αἰτήσῃ
3361 2040 3422 2089 τό
3473 2036 3603 2097 ἅλας
3654 2042 3741 2094 τῆς
3790 2034 3923 2096 ζωῆς,

2347 2127 2404 2175 τό
2458 2124 2650 2195 ἀγαθὸν
2696 2131 2784 2178 καὶ
2839 2126 3194 2197 φιλάνθρωπον
3250 2131 3485 2196 Πνεῦμα,
3547 2129 3661 2176 τότε
3705 2121 3834 2174 ἐλθὸν
3878 2122 3922 2171 τὸ

2347 2211 2471 2275 ἃλας
2502 2218 2560 2265 τό
2613 2214 2848 2285 οὐράνιον
2882 2213 3079 2289 ἀναιρεῖ
3133 2218 3255 2275 τοὺς
3289 2209 3493 2275 δεινούς
3527 2212 3803 2280 σκώληκας,
3852 2213 3923 2260 καὶ

2349 2300 2584 2373 ἀφανίζει
2612 2308 2706 2361 τὴν
2750 2307 2979 2377 πονηρὰν
3030 2301 3328 2367 δυσωδίαν,
3382 2308 3475 2356 καὶ
3528 2304 3762 2373 καθαίρει
3790 2298 3922 2355 αὐτὴν

2347 2399 2408 2447 τῆ
2461 2390 2688 2465 ἐνεργείᾳ
2738 2401 2832 2453 τῆς
2884 2390 3148 2456 δυνάμεως
3200 2393 3365 2445 αὑτοῦ
3396 2410 3407 2423 ⁸
3446 2397 3537 2444 καὶ
3596 2391 3749 2449 οὕτως
3794 2390 3921 2458 ὑγιὴς

2348 2485 2437 2531 καὶ
2487 2479 2671 2542 ἀσινὴς
2727 2480 3141 2555 ἀπεργασθεῖσα,
3183 2483 3282 2534 ύπό
3342 2489 3438 2534 τοῦ
3497 2479 3680 2541 ἁλατος
3710 2484 3790 2529 τοῦ
3820 2474 3917 2532 ἄλη·

590 2570 753 2631 θινοῦ,
813 2568 879 2628 εἰς
929 2577 1131 2643 χρῆσιν
1186 2573 1273 2621 καὶ
1314 2570 1601 2642 ὑπηρεσίαν
1655 2570 1723 2639 τῷ
1774 2567 2059 2642 ἐπουρανίῳ
2120 2572 2364 2641 Λεσπότῃ
2418 2568 2864 2625 ἀποκαθίσταται.
2924 2573 3020 2625 Διὰ
3075 2590 3230 2623 τουτο
3286 2572 3395 2644 γὰρ
3458 2574 3551 2623 καὶ
3594 2567 3641 2620 ἐν
3696 2566 3762 2636 τῷ
3796 2570 3909 2635 νόμῳ

582 2653 935 2730 ὑποδείγματι
964 2664 1232 2731 χρώμενον
1264 2659 1289 2710 ό
1322 2662 1472 2724 Θεὸς,
1505 2657 1698 2711 ἐκέλευε
1732 2664 1904 2711 πᾶσαν
1938 2661 2123 2711 θυσίαν
2154 2658 2305 2710 ἅλατι
2336 2658 2627 2719 ἁλίζεσθαι.

657 2782 743 2837 Vl.
774 2784 1016 2855 Oportet
1043 2783 1221 2855 igitur
1259 2785 1521 2856 primum
1563 2784 1868 2839 victimam
1911 2784 2156 2839 mactari
2196 2799 2231 2839 a

581 2872 911 2941 sacerdote,
933 2878 988 2928 et
1019 2874 1189 2941 mori,
1222 2878 1279 2929 et
1304 2878 1442 2929 tunc
1463 2873 1787 2929 dissectam
1824 2873 1945 2929 sale
1984 2873 2232 2936 condiri,

579 2960 799 3017 deinde
865 2963 947 3017 sic
974 2963 1096 3032 igni
1156 2962 1412 3034 imponi.
1442 2963 1557 3018 Nisi
1600 2962 1759 3017 enim
1808 2962 1972 3033 prius
2021 2966 2237 3017 mactet

578 3055 633 3106 et
658 3052 893 3108 occidat
937 3067 1113 3107 ovem
1146 3053 1444 3117 sacerdos,
1488 3066 1610 3107 non
1662 3051 1888 3117 salitur,
1917 3066 2112 3122 neque
2156 3050 2233 3106 ad

577 3140 1000 3197 holocaustum
1040 3142 1291 3197 Domino
1323 3140 1644 3196 adducitur
1685 3158 1698 3196 :

577 3230 846 3286 animam
884 3228 1267 3286 accedentem
1299 3245 1437 3285 vero
1478 3228 1737 3284 Pontiﬁci
1774 3229 2017 3293 Christo,
2062 3244 2236 3299 opor-

579 3322 659 3374 tet
700 3320 949 3374 mactari
989 3318 1067 3373 ab
1109 3333 1200 3383 eo,
1242 3324 1299 3373 et
1343 3318 1805 3389 cogitationibus
1847 3334 1916 3373 ac
1954 3318 2234 3388 pessimae

576 3406 733 3472 vitae,
768 3407 865 3462 cui
900 3406 1157 3472 vivebat,
1198 3407 1313 3462 hoc
1354 3414 1466 3472 est,
1500 3412 1743 3477 peccato
1798 3408 1969 3470 mori,
2010 3412 2065 3462 et
2104 3411 2230 3461 tan-

577 3510 767 3567 quam
795 3496 978 3549 vitam
992 3500 1225 3564 oportet
1237 3511 1307 3550 ex
1324 3512 1396 3550 ea
1417 3496 1617 3563 egredi
1637 3511 1855 3566 pravas
1869 3494 2231 3551 affectiones.

576 3583 1104 3648 Quemadmodum
1146 3583 1306 3638 enim
1336 3600 1572 3655 corpus,
1618 3590 1939 3655 postquam
1979 3580 2235 3639 evolavit

578 3671 802 3735 anima,
833 3676 1132 3727 mortuum
1183 3678 1288 3738 est,
1316 3688 1423 3727 nec
1466 3674 1724 3743 amplius
1769 3674 1907 3727 vivit
1945 3673 2080 3737 vita,
2110 3688 2233 3744 qua

576 3761 833 3827 vivebat,
851 3776 1043 3832 neque
1062 3760 1248 3826 audit,
1283 3778 1478 3833 neque
1491 3762 1789 3817 ambulat:
1808 3762 1892 3816 sic
1906 3768 2231 3833 postquam

582 3851 861 3905 mactavit
891 3856 947 3905 et
990 3851 1183 3919 gratia
1239 3851 1471 3905 virtutis
1512 3867 1630 3906 suae
1668 3852 1963 3907 interemit
2002 3852 2230 3906 mundo

572 3940 759 3995 vitam
788 3944 1054 3995 nostram
1092 3939 1341 3995 ccelestis
1374 3940 1637 3995 Pontifex
1666 3941 1948 4003 Christus,
1980 3942 2231 3996 moritur

572 4028 675 4084 illa
702 4030 834 4084 vita:
860 4028 1726 4101 perversae,secundumquam
1742 4030 1998 4095 vivebat,
2032 4036 2087 4085 et
2106 4046 2229 4085 am-

572 4117 731 4188 plius
744 4118 801 4189 6
818 4133 1009 4189 neque
1024 4118 1212 4183 audit,
1227 4134 1419 4189 neque
1442 4118 1722 4190 loquitur,
1741 4134 1933 4190 neque
1959 4124 2229 4174 versatur

570 4206 632 4260 in
664 4206 923 4283 tenebris
974 4205 1203 4276 peccati
1229 4223 1242 4272 ;
1266 4207 1407 4277 quia
1440 4222 1546 4275 per
1584 4207 1840 4275 gratiam
1891 4206 2222 4271 discedunt,

571 4293 732 4348 velut
752 4296 958 4350 anima
986 4296 1139 4364 ejus,
1171 4294 1342 4349 malas
1400 4294 1765 4350 affectiones.
1811 4298 1871 4351 Et
1905 4296 2224 4365 Apostolus

570 4382 864 4437 exclamat
879 4383 1106 4448 ,dicens
1124 4403 1136 4440 :
1155 4383 1575 4440 Mihimundus
1601 4385 1926 4451 cruciﬁxus
1940 4392 2040 4449 est,
2057 4389 2111 4440 et
2123 4400 2225 4454 ego

569 4471 793 4527 mundo
824 4473 887 4526 ¹¹.
917 4474 1130 4527 Anima
1155 4474 1335 4537 enim,
1370 4489 1503 4544 quae
1533 4472 1593 4527 in
1629 4474 1857 4528 mundo
1888 4480 1944 4528 et
1968 4474 2224 4529 tenebris

569 4567 953 4632 peccatorum
977 4561 1173 4616 adhuc
1206 4561 1368 4625 vivit,
1401 4561 1480 4617 ab
1504 4578 1694 4634 eoque
1725 4578 1844 4617 non
1868 4568 1955 4617 est
1986 4564 2226 4618 mortiﬁ-

566 4658 718 4715 cata,
767 4651 872 4706 sed
907 4651 1105 4706 adhuc
1132 4652 1401 4706 animam
1430 4652 1691 4716 malitiae,
1716 4651 1830 4707 hoc
1882 4658 1988 4721 est,
2018 4663 2225 4724 poten-

568 4739 709 4795 tiam
734 4739 1185 4793 teuebrosarum
1208 4742 1432 4810 peccati
1461 4740 1842 4795 atfectionum
1860 4742 1917 4795 in
1944 4757 2007 4795 se
2020 4742 2222 4809 habet,

570 4827 723 4882 etab
746 4827 848 4883 illa
868 4830 1143 4891 nutritur,
1174 4843 1296 4882 non
1326 4833 1413 4883 est
1438 4829 1511 4882 de
1551 4845 1800 4900 corpore
1850 4830 2080 4898 Christi,
2116 4847 2223 4887 nec

564 4916 749 4972 estde
788 4932 1036 4987 corpore
1074 4915 1243 4981 lucis,
1276 4917 1381 4971 sed
1429 4925 1519 4971 est
1563 4934 1779 4989 corpus
1838 4920 2221 4976 tenebrarum

562 5010 618 5061 et
674 5021 746 5061 ex
799 5005 1067 5077 portione
1108 5005 1492 5061 tenebrarum
1542 5007 1741 5062 adhuc
1781 5015 1888 5063 est.
1930 5010 2209 5074 Quemad-

561 5094 810 5149 modum
834 5111 864 5149 e
891 5109 1207 5159 converso,
1235 5095 1337 5167 qui
1361 5094 1582 5150 habent
1606 5097 1875 5152 animam
1906 5097 2077 5163 lucis,
2106 5099 2220 5155 hoc

560 5188 667 5248 est,
722 5184 999 5239 virtutem
1056 5181 1307 5255 Spiritus
1356 5184 1566 5250 sancti,
1608 5200 1679 5241 ex
1738 5188 2010 5257 portione
2070 5187 2220 5244 lucis

564 5276 726 5330 sunt.

631 5450 748 5507 VII.
788 5448 902 5507 Sed
930 5449 1089 5508 dicat
1108 5449 1348 5523 aliquis,
1383 5466 1506 5525 quo
1534 5457 1711 5525 pacto
1752 5454 2019 5512 animam
2068 5454 2217 5513 dicis

624 5676 645 5719 9
690 5673 851 5732 Psal.
892 5690 1113 5744 xxxvn,
1147 5680 1199 5732 6.
1294 5676 1340 5713 ιο
1374 5674 1513 5736 Lev.
1548 5693 1610 5745 ιι,
1635 5679 1690 5748 2,
1721 5678 1803 5736 t3.

1884 5679 1927 5716 ¹¹
1961 5678 2085 5738 Gal.
2114 5693 2191 5747 vn,
2223 5679 2312 5741 14.

2412 2783 2483 2847 ς’.
2539 2789 2623 2836 Δεῖ
2668 2780 2755 2835 οὖν
2802 2791 3005 2855 πρῶτον
3068 2786 3287 2842 τυθῆναι
3325 2785 3441 2836 ὑπὸ
3492 2790 3583 2836 τοῦ
3633 2784 3805 2855 ἱερέως,
3846 2780 3917 2833 καὶ

2345 2871 2638 2935 ἀποθανεῖν,
2693 2877 2781 2924 καὶ
2833 2877 2948 2925 τότε
2992 2873 3272 2932 ἁλισθῆναι
3324 2873 3597 2944 μελισθεν,
3656 2869 3740 2924 εἷθ’
3781 2867 3912 2925 οὕτως

2346 2960 2412 3021 εἰς
2438 2964 2494 3013 τό
2543 2968 2645 3035 πῦρ
2677 2963 3022 3016 ἐπιτίθεσθαι.
3073 2964 3193 3014 Ἐὰν
3222 2964 3323 3035 γὰρ
3381 2968 3463 3034 μὴ
3524 2966 3758 3034 πρότερον
3801 2956 3908 3025 θύσῃ

2344 3055 2434 3101 καὶ
2479 3052 2748 3123 θανατώση
2799 3054 2858 3102 τό
2913 3050 3173 3125 πρόϐατον
3222 3052 3248 3102 ό
3304 3054 3499 3123 ἱερεὺς,
3551 3051 3653 3122 οὐχ
3698 3046 3909 3106 ἁλίζεται,

1743 3140 1829 3195 sic
1868 3146 1921 3195 et
1962 3145 2232 3196 nostram

2344 3143 2460 3191 οὔτε
2486 3140 2558 3201 εἰς
2597 3140 2954 3213 όλοκάρπωσιν
3011 3149 3083 3211 τῷ
3129 3146 3357 3213 Δεσπότη
3424 3142 3753 3215 προσάγεται.
3790 3132 3910 3186 Οὕτω

2344 3234 2434 3282 καὶ
2462 3232 2556 3286 τὴν
2607 3231 2861 3300 ἡμετέραν
2893 3229 3081 3300 ψυχὴν
3133 3235 3575 3304 προσερχομένην
3627 3235 3695 3299 τῷ
3722 3223 3911 3287 ἀληθινῷ

2345 3317 2583 3391 ἀρχιερεῖ
2636 3321 2861 3391 Χριστῷ,
2923 3315 3005 3370 δεῖ
3052 3320 3271 3379 τυθῆναι
3331 3321 3429 3372 ὑπ’
3496 3319 3671 3382 αὐτοῦ,
3724 3316 3801 3365 καὶ
3854 3312 3908 3373 τῷ

2346 3412 2637 3478 φρονήματι
2690 3406 2981 3474 ἀποθανεῖν,
3042 3412 3131 3460 xui
3184 3417 3246 3480 τῇ
3279 3415 3514 3482 κακίστη
3570 3408 3695 3478 ζωῇ,
3817 3398 3907 3459 ἔζη»

2343 3499 2580 3548 τουτέστι
2632 3504 2691 3568 τῇ
2744 3496 2998 3571 ἁμαρκίᾳ,
3052 3502 3142 3550 καὶ
3197 3497 3375 3569 ὥσπερ
3430 3500 3564 3560 ζωὴν
3612 3494 3805 3557 ἐξελθεῖν
3846 3482 3909 3536 δεῖ

2344 3583 2396 3647 ἐξ
2445 3584 2625 3649 αὐτῆς,
2671 3591 2757 3643 τὴν
2788 3595 2887 3637 τῶν
2926 3589 3104 3639 παθῶν
3153 3592 3438 3659 πονηρίαν.
3495 3586 3689 3656 Ὠσπερ
3735 3580 3824 3651 γὰρ
3862 3575 3905 3624 τό

2346 3682 2515 3746 σῶμα,
2550 3673 2673 3726 ἐπάν
2717 3674 2889 3749 ἐξελθῃ
2937 3677 2966 3733 ἠ
3023 3675 3202 3747 ψυχὴ,
3238 3676 3485 3743 ἀπέθανε,
3537 3679 3624 3727 καὶ
3662 3672 3817 3724 ούκέτι
3853 3663 3901 3731 ζῇ

2341 3771 2401 3835 τῇ
2439 3765 2545 3835 cf”?
2597 3764 2645 3815 έν
2700 3765 2876 3835 ᾖέξη.
2912 3768 3029 3817 οὔτε
3077 3765 3272 3831 ἀκούει,
3328 3770 3452 3820 οὔτε
3502 3766 3758 3837 περιπατεῖ
3800 3772 3811 3784 ·
3839 3750 3903 3803 οὗ·

2342 3872 2440 3913 τως
2479 3855 2601 3904 ἐπὰν
2643 3856 2775 3926 θύσῃ
2836 3860 2926 3906 καὶ
2968 3856 3243 3928 θανατώση
3304 3863 3379 3925 τῷ
3429 3860 3608 3926 κόσμῳ
3659 3853 3745 3907 τὴν
3792 3843 3901 3903 ζωὴν

2341 3942 2365 3991 ό
2419 3940 2717 4015 ἐπουράνιος
2764 3942 3040 4016 ἀρχιερεὺς
3092 3926 3320 4018 Χριστὸς
3367 3954 3432 4017 τῇ
3481 3946 3664 4017 χάριτι
3708 3942 3792 3993 τῆς
3832 3926 3900 4018 δυς

2337 4014 2551 4101 νάμεωςν
2587 4031 2769 4099 αὐτοῦ,
2798 4014 3150 4090 -ἀποθνήσκει,
3186 4041 3245 4105 τῇ
3309 4014 3420 4107 ζωῇ
3608 4014 3896 4107 πονηρίας-ᾖ

2338 4120 2450 4183 ἔζη.
2493 4126 2579 4173 καὶ
2624 4120 2797 4173 ούκίτι
2836 4125 2950 4173 οὔτε
2990 4120 3187 4186 ἀκούει,
3249 4126 3367 4175 οὔτε
3421 4121 3579 4185 λαλεῖ,
3630 4117 3737 4168 οὔτε
3784 4104 3897 4160 πολι⁶

2337 4212 2536 4261 τεύεται
2575 4212 2624 4261 ἐν
2657 4218 2726 4280 τῷ
2768 4215 2940 4263 σκότει
2980 4219 3075 4272 τῆς
3113 4211 3372 4283 ἁμαρτίας
3398 4227 3412 4242 ·
3458 4212 3539 4263 ὅτι
3578 4203 3668 4259 διὰ
3701 4208 3783 4259 τῆς
3816 4211 3895 4265 κα·

2336 4318 2478 4370 ριτος
2516 4298 2803 4371 ἐξέρχεται,
2845 4299 3018 4372 ὥσπερ
3049 4298 3204 4371 ψυχὴ
3260 4300 3445 4367 αὐτῆς,
3502 4300 3531 4356 ἡ
3564 4293 3773 4365 πονηρία
3816 4288 3894 4333 τῶν

2335 4389 2534 4441 παθῶν.
2569 4393 2667 4440 Καὶ
2692 4390 2717 4439 ό
2750 4387 3065 4449 Ἀπόστολος
3098 4387 3203 4461 βοᾷ
3230 4389 3390 4462 λέγων
3419 4428 3431 4441 .
3470 4388 3646 4458 Ἐμοὶ
3683 4383 3893 4462 κόσμιρς

2336 4476 2767 4549 ἐσταύρωται,
2812 4476 2982 4548 κάγὼ
3022 4460 3105 4547 τῷ
3141 4460 3381 4550 κόσμῳ,
3409 4480 3564 4549 Ψυχὴ
3587 4460 3892 4545 γάρὴὰκμὺν

2337 4567 2485 4625 ζῶσα
2532 4565 2579 4617 ἐν
2635 4574 2707 4636 τῷ
2765 4570 2967 4638 κόσμῳ,
3016 4572 3106 4619 καὶ
3156 4568 3227 4637 τῷ
3282 4572 3457 4620 σκότει
3514 4572 3600 4623 τῆς
3655 4551 3888 4638 ἁμαρτίας,

2334 4660 2423 4707 καὶ
2460 4660 2531 4727 μὴ
2577 4658 2933 4707 θανατωθεῖσα
2984 4654 3071 4708 ἀπ’
3136 4656 3318 4722 αὐτοῦ,
3362 4656 3467 4709 ἀλλ’
3507 4656 3579 4705 ἔτι
3616 4653 3703 4705 τὴν
3738 4641 3890 4711 ψυχην

2334 4752 2424 4804 τῆς
2475 4750 2681 4812 κακίας,
2736 4744 2875 4797 τοῦτ’
2938 4743 3047 4797 ἔστι
3109 4750 3203 4803 τὴν
3261 4745 3513 4819 ἐνέργειαν
3568 4745 3656 4791 τοῦ
3712 4738 3889 4825 σκοτονξ

2333 4842 2432 4886 τῶν
2477 4837 2652 4886 παθῶν
2693 4842 2786 4895 τῆς
2835 4832 3095 4907 ἁμαρτίας
3141 4835 3191 4886 ἐν
3231 4835 3385 4909 ἑαυτῇ
3429 4836 3645 4904 ἔχουσα,
3694 4822 3773 4873 xui
3818 4827 3875 4862 υπ

3780 4908 3887 4971 Χρι-

2335 5021 2481 5077 στοῦ,
2534 5013 2628 5064 οῦκ
2685 5014 2795 5064 ἔστι
2844 5018 2934 5063 τοῦ
2986 5018 3227 5084 σώματος
3256 5022 3347 5065 τοῦ
3404 5013 3564 5084 φωτός
3592 5022 3605 5035 ·
3652 4995 3747 5051 ἀλλ’
3795 5001 3885 5041 εστι

2334 5109 2487 5174 σῶμα
2524 5110 2615 5155 τοῦ
2657 5106 2874 5162 σκότους
2914 5106 3004 5153 καὶ
3057 5121 3111 5154 εκ
3165 5111 3256 5164 τῆς
3306 5096 3521 5177 μερίδος
3570 5098 3655 5145 τοῦ
3703 5088 3882 5177 exoratis

2330 5189 2501 5263 ἀκμὴν
2555 5190 2719 5246 ἐστιν.
2795 5188 2995 5264 Ὠσπερ
3053 5196 3143 5243 καὶ
3218 5192 3389 5257 πάλιν,
3445 5190 3492 5240 οἱ
3562 5184 3752 5253 ἔχοντες
3805 5164 3880 5259 τήξ

2334 5278 2514 5351 ψυχὴν
2590 5287 2682 5331 τοῦ
2734 5283 2914 5351 φωτός,
2995 5280 3133 5333 τοῦτ’
3194 5282 3305 5333 ἔστι
3378 5282 3467 5336 τὴν
3542 5268 3743 5336 δύναμιν
3805 5265 3878 5350 Ἴου

2331 5367 2483 5440 ἁγίου
2538 5372 2857 5441 Πνεῦματος,
2911 5369 2966 5422 ἐκ
3022 5378 3114 5430 τῆς
3164 5366 3380 5444 μερίδος
3432 5365 3532 5419 εἶσί
3586 5360 3670 5444 τολῦ
3720 5352 3873 5444 φωτί)ξῖ

2400 5457 2472 5511 Ζ’.
2508 5456 2647 5513 Ἀλλ’
2672 5427 2778 5533 ερεῖ
2904 5476 2916 5489 ·
2954 5427 3078 5521 Πῶς
3099 5427 3252 5532 ἑταίμὲι
3279 5427 3376 5513 τοῦ.
3400 5457 3608 5510 σκότους
3635 5442 3775 5509 λέγεις
3799 5427 3874 5480 τὴν

2334 4924 2495 4986 αὐτῆς
2547 4926 2943 4995 ποιμαινομένη,
2986 4923 3079 4975 οῦκ
3117 4926 3231 4976 ἔστι
3270 4932 3360 4977 τοῦ
3402 4928 3629 4992 σώματος
3665 4914 3745 4963 τοῦ
