4084 6256
263 254 372 311 457

1549 254 1892 311 ΗΟΜῙΙιῐιΕ.
1939 289 2005 300 -
2045 258 2219 319 HOM.
2256 262 2298 319 Ι.

3527 272 3634 330 458

260 381 472 453 ψυχὴν,
505 379 576 450 μὴ
605 375 767 429 οὖσαν
798 374 957 429 αύτοῦ
986 379 1188 449 κτίσμα
1215 393 1228 444 ;
1259 375 1393 431 Ὧδε
1434 383 1732 453 προσέχων,
1784 386 1861 434 κα]

1983 400 2201 457 corpus
2243 388 2643 457 tenebrarum,
2686 408 2823 449 cum
2854 408 2976 451 non
3018 396 3090 451 sit
3119 395 3196 452 ab
3230 395 3344 453 illis
3383 398 3636 468 genita?

262 470 432 544 ὀρθῶς
469 473 657 524 νόησον
687 486 698 499 -
732 464 931 537 Ὠσπερ
964 464 1165 539 ἔνδυμα
1218 470 1442 539 ἱμάτιον,
1477 471 1503 521 ὃ
1552 479 1749 544 φορεῖς,
1784 472 1871 523 οἳλ-

258 560 346 620 λος
374 559 751 623 κατεσκεύασε,
782 560 872 607 καὶ
902 559 966 607 σὺ
999 554 1121 608 ἆύτό
1152 555 1484 630 ἒν[δέ]δυσαι
1516 576 1527 589 '
1565 561 1756 631 ὁμοίως
1780 567 1869 614 καὶ

259 648 400 702 οἶκον
432 648 599 718 ἔτερος
630 641 942 717 ᾠκοδόμησε
994 651 1084 697 καὶ
1138 649 1332 710 ἔκτισε,
1365 653 1455 700 καὶ
1488 652 1552 700 σύ
1611 652 1771 712 οἰκεῖς
1820 653 1868 702 έν

261 739 403 809 αύτῷ
431 757 443 769 ·
477 741 564 789 τὸν
623 735 778 787 αύτὸν
835 740 1025 806 τρόπον
1071 738 1160 787 καὶ
1210 734 1445 808 όἈδάμ
1497 738 1735 813 παραϐὰς
1775 743 1867 797 τὴν

262 827 471 885 ἐντολὴν
520 832 615 878 τοῦ
645 831 800 889 Θεοῦ,
833 828 923 875 καὶ
972 822 1208 887 ἀκούσας
1252 834 1344 878 τοῦ
1400 836 1629 900 πονηροῦ
1689 832 1865 899 ὄφεως,

258 917 463 989 ἐπράθη
515 919 605 967 καὶ
658 913 918 971 ἐπώλησεν
972 912 1151 965 ἑαυτὸν
1207 923 1279 983 τῷ
1343 912 1572 987 διαϐόλῳ
1601 934 1612 947 ’
1646 922 1737 969 καὶ
1794 917 1867 969 έν-

258 1002 489 1059 εδύσατο
540 1008 632 1061 τὴν
679 1003 867 1074 ψυχὴν
898 1003 924 1053 6
952 1006 1195 1077 πονηρός,
1254 1008 1311 1056 τό
1356 1004 1511 1056 καλὸν
1567 1010 1788 1078 κτίσμα,
1839 1007 1865 1058 6

258 1096 645 1148 κατεσκεύασεν
704 1094 730 1144 ό
784 1094 933 1156 Θεὸς,
988 1095 1119 1165 πρὸς
1175 1096 1269 1151 τὴν
1325 1095 1484 1145 αὑτοῦ
1543 1094 1734 1160 εἰκόνα,
1798 1098 1864 1157 ὡς

258 1190 352 1237 καὶ
384 1186 410 1235 6
439 1181 760 1241 Ἀπόστολος
793 1181 928 1251 λέγει
960 1200 972 1212 ·
1018 1178 1583 1253 Ἀπεκδυσάμενος
1624 1186 1727 1243 τὰς
1768 1182 1867 1256 ἀρ-

256 1277 388 1346 χὰς
444 1277 552 1324 καὶ
605 1270 926 1334 ἐξουσίας,
993 1269 1474 1343 ἐθριάμϐευσεν
1533 1271 1770 1333 αύτούς
1808 1274 1864 1323 ἑν

257 1371 343 1433 τῷ
387 1368 675 1433 σταυρῷ.
706 1361 799 1412 Διὰ
832 1367 983 1411 τοῦτο
1012 1361 1113 1432 γὰρ
1145 1367 1235 1411 καὶ
1256 1363 1285 1417 ἦ
1319 1360 1521 1422 ἔλευσις
1546 1368 1637 1411 τοῦ
1671 1364 1862 1432 Κυρίου

254 1456 555 1524 γεγένηται,
618 1450 701 1501 ἱνα
765 1447 955 1521 ἕκϐάλῃ
1030 1448 1240 1513 αύτούς,
1296 1454 1384 1501 καὶ
1468 1448 1701 1522 ἀπολάϐῃ
1776 1454 1862 1502 τόν

257 1539 400 1594 ἶδιον
442 1539 583 1592 οἶκον
634 1542 723 1591 καὶ
769 1541 912 1607 ναὸν,
961 1540 1047 1589 τόν
1106 1538 1394 1612 ἄνθρωπον.
1442 1541 1639 1590 Τούτου
1696 1542 1862 1590 τοίνυν

257 1634 422 1683 ἕνεκεν
463 1637 617 1701 σῶμα
652 1628 853 1699 λέγεται
882 1629 912 1684 ἡ
962 1625 1116 1697 ψυχὴ
1150 1634 1243 1679 τοῦ
1286 1647 1509 1688 σκοτους
1561 1636 1651 1688 τῆς
1699 1647 1864 1686 πονη-

1983 476 2124 532 Huic
2142 478 2435 536 adhibens
2458 487 2718 539 mentem
2739 483 2890 540 bene
2907 486 3216 551 attendito,
3234 488 3630 558 quemadmo-

1979 564 2125 621 dum
2160 574 2380 625 vestem
2413 577 2515 627 aut
2546 572 2988 639 indumentum,
3029 575 3196 647 quod
3227 580 3449 647 gestas,
3476 577 3630 633 alius

1979 656 2251 721 confecit,
2299 666 2355 715 et
2393 665 2455 715 tu
2499 676 2569 716 eo
2611 662 2913 728 indueris;
2969 663 3237 719 similiter
3281 672 3337 720 et
3378 664 3630 722 domum

1979 742 2129 798 alius
2157 746 2475 805 aediﬁcavit
2504 754 2559 805 et
2587 752 2896 817 exstruxit,
2930 758 2987 808 et
3024 757 3085 807 tu
3116 753 3511 809 nihilominus
3547 754 3634 809 in-

1978 832 2214 889 habitas
2248 836 2413 892 illam
2450 854 2461 892 :
2504 839 2718 895 eodem
2765 841 2943 896 modo
2984 842 3176 897 Adam
3218 847 3632 913 transgressus

1978 923 2333 980 mandatum
2353 926 2471 990 Dei,
2500 932 2555 982 et
2574 928 2999 1001 obtemperans
3025 930 3322 987 malitioso
3349 931 3629 1003 serpenti,

1975 1011 2247 1067 vendidit
2271 1014 2536 1084 seipsum
2559 1016 2822 1081 diabolo,
2857 1018 3170 1091 induitque
3202 1026 3327 1075 tum
3358 1021 3628 1076 animam

1976 1097 2070 1153 ille
2095 1101 2461 1157 malitiosus:
2488 1104 2994 1174 elegantissimum
3020 1107 3239 1163 scilicet
3266 1114 3627 1176 creaturam,

1975 1203 2161 1259 quam
2206 1191 2554 1248 condiderat
2601 1197 2752 1248 Deus
2803 1195 2880 1251 ad
2927 1196 3021 1250 sui
3068 1196 3415 1266 imaginem,
3468 1204 3529 1253 ut
3572 1202 3631 1254 et

1974 1279 2291 1348 Apostolus
2316 1280 2488 1336 dicit:
2522 1282 2887 1351 Exspctians
2904 1285 3288 1355 principatus
3305 1292 3359 1342 et
3374 1292 3629 1355 potesta-

1976 1372 2111 1433 tem,
2132 1368 2524 1436 triumphavit
2541 1372 2613 1427 de
2634 1371 2758 1427 illis
2778 1375 2838 1427 in
2854 1388 3029 1429 cruce
3047 1374 3117 1428 η.
3142 1376 3453 1445 Propterea
3466 1376 3629 1430 enim

1974 1462 2031 1511 et
2068 1456 2362 1515 adventus
2404 1460 2635 1515 Domini
2682 1462 2929 1532 contigit
2970 1468 3033 1517 ut
3070 1462 3309 1531 ejiceret
3345 1463 3533 1533 ipsos,
3573 1468 3632 1520 et

1972 1546 2259 1616 reciperet
2286 1549 2593 1617 propriam
2623 1550 2873 1605 domum
2898 1557 2953 1605 et
2975 1550 3287 1623 templum,
3321 1552 3627 1608 hominem

1975 1633 2215 1690 scilicet.
2258 1637 2546 1700 Quocirca
2588 1638 2805 1693 dicitur
2847 1640 3050 1695 anima
3091 1656 3313 1711 corpus
3358 1642 3627 1697 tenebra-

252 1728 515 1801 ρίας,ἒως
569 1724 628 1777 ού
676 1722 815 1775 ἔστιν
847 1721 894 1773 ἐν
926 1722 1056 1795 αὐτῇ
1090 1726 1149 1774 τό
1201 1729 1388 1783 σκότος
1436 1732 1528 1784 τῆς
1577 1724 1858 1798 ἁμαρτίας,

1973 1738 2104 1777 rum
2133 1723 2390 1789 malitiae,
2423 1727 2693 1797 quandiu
2721 1728 2782 1782 in
2814 1727 2913 1783 illa
2932 1735 3068 1783 sunt
3091 1729 3352 1784 tenebraa
3378 1730 3625 1800 peccati.

255 1816 337 1868 ὃτι
370 1814 475 1867 ἐκεῖ
512 1815 577 1886 ζῇ
636 1813 707 1874 εἰς
736 1815 823 1864 τόν
872 1812 1033 1864 αἰῶνα
1084 1816 1171 1865 τόν
1219 1817 1445 1885 πονηρόν
1477 1821 1568 1865 τοῦ
1620 1819 1858 1879 σκότους,

251 1911 346 1958 καὶ
396 1903 496 1956 ἐκεῖ
544 1903 879 1974 κεκράτηται,
934 1902 1109 1961 καθὼς
1179 1906 1269 1953 καὶ
1325 1904 1350 1953 ό
1407 1901 1630 1971 Παῦλος,
1711 1912 1863 1975 σῶμα

250 1994 537 2068 ἁμαρτίας,
568 1997 658 2044 καὶ
691 1999 842 2062 σῶμα
874 1992 1095 2043 θανάτου
1135 1990 1302 2042 καλῶν
1351 1990 1484 2062 λέγει
1513 2005 1526 2019 ·
1554 1990 1684 2044 Ἰνα
1722 2012 1860 2045 κατ-

251 2085 507 2159 αργηθῇ
551 2084 618 2134 τό
661 2088 839 2152 σῶμα
877 2088 948 2139 τῆ
975 2101 997 2142 ς
1036 2080 1388 2152 ἁμαρτίας.
1420 2085 1519 2133 Καὶ
1548 2082 1724 2147 πάλιν,
1753 2087 1859 2143 Τίς

250 2192 325 2246 με
361 2172 640 2247 ῥύσεται
669 2169 731 2221 ἐκ
760 2177 869 2223 τοῦ
910 2176 1211 2241 σώματος
1250 2178 1359 2221 τοῦ
1402 2171 1678 2222 θανάτου
1721 2173 1862 2222 τού-

249 2282 366 2316 του
402 2278 416 2328 ς
460 2260 686 2333 ὀμοίως
711 2258 863 2312 πάλιν
894 2260 923 2317 ἡ
957 2261 1294 2311 πιστεύσασα
1342 2267 1412 2329 τῷ
1440 2267 1554 2330 Θεῷ
1582 2259 1738 2331 ψυχὴ
1771 2265 1859 2313 καὶ

253 2351 311 2404 ἐκ
340 2359 437 2412 τῆς
485 2350 747 2421 ἁμαρτίας
797 2348 1076 2423 ῥυσθεῖσα,
1132 2352 1220 2399 καὶ
1270 2350 1632 2400 θανατωθεῖσα
1687 2347 1742 2399 ἐκ
1766 2356 1860 2409 τῆς

255 2444 392 2505 ζωῆς
437 2446 530 2492 τοῦ
580 2443 816 2500 σκότους,
870 2441 960 2489 καὶ
999 2439 1057 2488 τὸ
1090 2444 1197 2507 φῶς
1227 2443 1319 2488 τοῦ
1352 2434 1504 2506 ἀγίου
1562 2439 1858 2509 Πνεύματος

250 2530 427 2601 ὥσπερ
458 2529 597 2587 ζωὴν
650 2524 903 2589 λαϐοῦσα,
940 2530 1029 2577 καὶ
1086 2524 1272 2576 ἐκεῖθεν
1305 2525 1542 2591 ζήσασα,
1599 2524 1701 2577 ἐκεῖ
1756 2526 1859 2577 λοι-

248 2622 349 2673 πὸν
405 2613 686 2692 διατρίϐει,
750 2616 829 2667 ὅτι
885 2613 988 2666 ἐκεῖ
1045 2615 1364 2687 κεκράτηται
1436 2622 1506 2683 τῷ
1565 2619 1695 2685 φωτὶ
1769 2622 1858 2674 τῆς

255 2710 515 2767 θεότητος.
571 2708 706 2758 Οῦτε
752 2706 853 2777 γὰρ
909 2706 1110 2774 φύσεως
1164 2710 1261 2764 τῆς
1321 2704 1558 2763 θεότητός
1630 2701 1770 2755 ἐστιν
1823 2705 1853 2761 ἡ

252 2796 431 2867 ψυχὴ,
473 2799 589 2847 οῦτε
619 2796 823 2865 φύσεως
873 2799 964 2844 τοῦ
1003 2795 1218 2853 σκότους
1272 2801 1365 2853 τῆς
1415 2795 1690 2863 πονηρίας,
1750 2790 1856 2843 ἀλλ’

254 2888 366 2939 ἔστι
414 2890 615 2957 κτίσμα
665 2902 717 2935 τι
769 2885 961 2953 νοερόν,
1015 2884 1099 2931 καὶ
1149 2882 1358 2952 ὡραῖον,
1418 2884 1504 2932 καὶ
1556 2885 1709 2952 μέγα,
1768 2885 1857 2933 καὶ

258 2976 581 3045 θαυμαστὸν,
637 2976 725 3024 καὶ
783 2970 938 3022 καλὸν
1002 2971 1242 3041 ὁμοίωμα
1298 2974 1384 3022 καὶ
1455 2969 1602 3021 εἰκὼν
1675 2977 1807 3021 Θεοῦ
1841 2986 1853 2999 ·

260 3066 354 3114 καὶ
403 3058 497 3113 διὰ
543 3066 636 3118 τὴν
687 3058 987 3132 παράϐασιν
1036 3058 1270 3116 εἰσῆλθεν
1327 3058 1398 3119 εἰς
1447 3058 1609 3117 αὐτὴν
1640 3061 1669 3116 ἡ
1702 3077 1858 3116 πονη-
1890 3106 1930 3161 C

250 3155 348 3226 ρία
375 3158 473 3203 τῶν
500 3151 674 3203 παθῶν
705 3156 796 3201 τοῦ
829 3153 1066 3207 σκότους.

327 3257 406 3312 H'.
454 3260 523 3310 T6
553 3256 757 3324 λοιπὸν,
899 3258 1274 3329 συγκέκραται,
1334 3258 1423 3306 καὶ
1480 3258 1771 3312 συνήνωται
1823 3257 1853 3313 ἡ

252 3347 411 3418 ψυχὴ
474 3345 521 3397 ἐν
553 3351 659 3404 τοῖς
693 3343 992 3415 θελήμασιν.
1039 3350 1193 3395 Ἤτοι
1222 3339 1309 3395 οὖν
1362 3346 1419 3395 τὸ
1452 3351 1552 3415 φῶς
1601 3351 1692 3395 τοῦ
1724 3351 1857 3397 Θεοῦ

256 3434 306 3487 έν
362 3436 490 3505 αὐτῇ
550 3436 774 3505 ἔχουσα,
808 3436 895 3484 καὶ
946 3432 991 3483 ἓν
1044 3432 1183 3503 αύτῷ
1237 3435 1384 3495 ζῶσα
1413 3431 1463 3483 ἐν
1497 3434 1694 3494 πάσαις
1748 3441 1857 3495 ταῖς

258 3524 486 3599 ἀρεταῖς,
538 3529 631 3574 τοῦ
680 3524 842 3593 φωτός
884 3529 978 3583 τῆς
1030 3520 1365 3582 ἀναπαύσεώς
1423 3520 1562 3573 ἐστιν
1598 3539 1608 3551 ·
1639 3526 1757 3581 ἤτοι
1799 3526 1856 3574 τὸ

256 3618 445 3674 σκότος
490 3618 587 3673 τῆς
636 3610 897 3685 ἁμαρτίας
947 3614 1169 3683 ἔχουσα,
1203 3618 1293 3671 τῆς
1346 3616 1702 3685 κατακρίσεως
1730 3632 1858 3684 τυγ-

249 3706 427 3777 χάνει.
464 3706 654 3773 Ψυχὴν
683 3702 784 3773 γὰρ
830 3705 923 3759 τὴν
978 3699 1225 3753 θέλουσαν
1279 3701 1442 3761 ζῆσαι
1475 3703 1617 3774 παρά
1665 3710 1777 3772 Θεῷ
1809 3705 1857 3753 ἐν

252 3792 545 3846 ἀναπαύσει
622 3794 712 3842 καὶ
769 3794 897 3862 φωτὶ
969 3788 1183 3860 αἰωνίῳ,
1240 3790 1540 3862 προσελθεῖν
1610 3788 1709 3856 δεῖ,
1791 3794 1859 3853 ὡς

250 3886 582 3956 προείρηται,
641 3887 715 3950 τῷ
768 3877 996 3948 ἀληθινῷ
1048 3877 1287 3953 ἀρχιερεῖ
1340 3886 1573 3953 Χριστῷ,
1628 3885 1717 3933 καὶ
1761 3900 1855 3933 τυ-

258 3973 411 4031 θῆναι
438 3974 529 4022 καὶ
583 3968 854 4021 ἀποθανεῖν
892 3975 964 4038 τῷ
996 3971 1201 4039 κόσμῳ,
1233 3973 1321 4019 καὶ
1380 3976 1438 4041 τῇ
1475 3973 1698 4043 προτέρᾳ
1747 3970 1853 4043 ζωῇ

253 4068 348 4114 τοῦ
390 4064 613 4118 σκότους
670 4064 765 4118 τῆς
812 4060 1083 4130 πονηρίας,
1137 4061 1225 4108 καὶ
1255 4059 1599 4128 μετατεθῆναι
1631 4060 1679 4109 ἐν
1709 4057 1858 4133 ἑτέρᾳ

255 4152 363 4222 ζωῇ
398 4153 486 4201 καὶ
526 4147 785 4219 ἀνατροφῇ
840 4148 970 4218 θείᾳ.
1003 4152 1200 4221 ’Ὠσπερ
1249 4147 1333 4198 ἐάν
1381 4166 1460 4209 τις
1509 4144 1744 4219 ἀποθάνῃ
1807 4146 1855 4198 ἐν

254 4239 420 4303 πόλει,
478 4240 597 4289 οὔτε
654 4244 819 4308 φωνῆς
875 4242 971 4286 τῶν
1026 4236 1131 4287 ἐκεῖ
1205 4233 1400 4300 ἀκούει,
1467 4238 1583 4287 οὔτε
1654 4235 1852 4302 λαλιᾶς,

255 4332 372 4381 οὔτε
403 4331 573 4399 ἤχων,
620 4323 751 4377 ἀλλὰ
799 4323 1044 4386 καθάπαξ
1092 4322 1332 4390 ἀπέθανε,
1379 4329 1468 4377 καὶ
1526 4327 1858 4396 μετατίθεται

257 4416 306 4469 ἐν
339 4416 491 4490 ἑτέρῳ
534 4419 696 4485 τόπῳ,
732 4415 853 4466 ἔνθα
883 4413 977 4465 ούκ
1011 4412 1115 4465 εἰσὶ
1146 4418 1308 4485 φωναὶ
1356 4418 1443 4465 καὶ
1490 4418 1718 4488 κραυγαὶ
1765 4422 1858 4477 τῆς

256 4505 450 4567 πόλεως
502 4504 736 4563 ἐκείνης·
772 4503 907 4555 ούτω
959 4506 1048 4554 καὶ
1098 4504 1127 4560 ἡ
1174 4502 1351 4575 ψυχὴ,
1408 4502 1531 4554 ἐπὰν
1584 4504 1714 4575 τυθῇ
1771 4508 1860 4555 καὶ

256 4594 517 4667 ἀποθάνῃ,
573 4591 620 4644 έν
674 4593 705 4666 ᾖ
766 4588 1028 4663 διατρίϐει
1082 4596 1169 4644 καὶ
1223 4592 1287 4655 ζῇ
1356 4592 1500 4644 πόλει
1552 4600 1643 4653 τῆς
1675 4597 1859 4655 κακίας

258 4692 358 4735 τῶν
413 4684 606 4753 παθῶν,
654 4681 829 4734 ούκέτι
890 4679 1065 4733 ἀκούει
1114 4679 1162 4732 iv
1213 4681 1366 4753 ἑαυτῇ
1417 4689 1508 4742 τῆς
1557 4688 1723 4752 φωνῆς
1763 4690 1861 4732 τῶν

265 4768 618 4843 διαλογισμῶν
650 4777 742 4822 τοῦ
785 4774 1003 4832 σκότους
1039 4789 1050 4801 ·
1087 4769 1180 4822 ούκ
1213 4772 1285 4822 ἔτι
1318 4769 1560 4822 ἀκούεται
1590 4769 1742 4821 λαλιὰ
1774 4775 1862 4823 καὶ

259 4864 467 4935 κραυγὴ
521 4863 746 4932 ματαίου
798 4856 1173 4930 διαλογισμοῦ,
1207 4865 1296 4911 καὶ
1354 4868 1597 4931 ταραχῆς
1627 4861 1863 4931 πνευμά-

258 4969 361 5002 των
408 4953 625 5011 σκότους
655 4965 667 4978 ⁶
726 4945 853 4999 ἀλλά
903 4950 1236 5019 μετατίθεται
1280 4947 1346 5008 εἰς
1401 4947 1546 5000 πόλιν
1609 4947 1865 5019 ἀγαθότη-

260 5058 348 5101 τος
403 5043 494 5090 καὶ
543 5037 749 5111 εἰρήνης
801 5041 1019 5109 μεστὴν,
1074 5037 1147 5097 εἰς
1200 5036 1345 5090 πόλιν
1395 5040 1562 5110 φωτός
1604 5039 1862 5104 θεότητος,

259 5135 410 5181 κακεῖ
464 5128 528 5199 ζῇ
599 5131 689 5179 καὶ
742 5125 940 5195 ἀκούει,
990 5125 1141 5178 κάκεῖ
1190 5126 1513 5179 πολιτεύεται
1561 5132 1651 5179 καὶ
1703 5126 1862 5192 λαλεῖ,

259 5222 350 5271 καὶ
410 5213 794 5288 διαλογίζεται,
842 5215 992 5269 κάκεῖ
1042 5218 1319 5291 ἔργάζεται
1368 5218 1493 5288 ἔργα
1541 5217 1868 5288 πνευματικά

260 5311 353 5360 καὶ
396 5312 532 5361 Θεοῦ
558 5305 701 5369 ἄξια.

332 5672 381 5708 ¹²
412 5668 644 5727 Coloss.
681 5684 737 5735 ιι,
774 5669 865 5727 15.
944 5669 990 5705 ¹³
1026 5668 1192 5723 Rom.
1228 5680 1305 5730 v1,
1339 5667 1391 5719 6.

1894 4463 1939 4519 D

1972 1813 2115 1883 quia
2143 1812 2257 1867 illic
2294 1814 2434 1869 vivit
2463 1816 2522 1869 in
2557 1815 2776 1870 saeculo
2820 1816 3201 1873 tenebrarum
3235 1833 3539 1889 perverso,
3573 1823 3632 1874 et

1972 1900 2087 1955 illic
2118 1905 2292 1972 capta
2315 1908 2545 1958 tenetur
2572 1919 2583 1957 :
2618 1905 3139 1976 quemadmodum
3168 1911 3225 1962 et
3258 1906 3478 1963 Paulus
3502 1923 3630 1964 cor-

1973 2006 2085 2062 pus
2116 1992 2342 2061 peccati
2373 1999 2429 2047 et
2455 2008 2674 2064 corpus
2707 1993 2914 2049 mortis
2947 1994 3227 2065 appellat,
3256 1996 3462 2052 dicens
3498 2014 3510 2052 :
3552 1998 3626 2054 Ut

1970 2080 2320 2136 destruatur
2356 2097 2570 2151 corpus
2592 2083 2829 2152 peccati
2865 2084 2933 2137 ¹³.
2968 2084 3033 2138 Et
3070 2098 3275 2139 rursus
3308 2105 3319 2138 :
3364 2085 3504 2151 Quis
3538 2102 3629 2144 me

1974 2169 2247 2225 liberabit
2274 2184 2348 2226 ea:
2372 2185 2621 2240 corpore
2646 2172 2854 2227 mortis
2876 2171 3060 2241 hujus
3083 2174 3131 2208 ιι
3158 2174 3185 2229 ?
3213 2173 3489 2229 Similiter
3514 2180 3573 2230 et
3593 2190 3625 2231 θ

1971 2274 2262 2315 converso
2288 2259 2492 2315 anima
2514 2261 2633 2315 Deo
2654 2260 2927 2325 credens,
2958 2267 3013 2317 et
3034 2276 3070 2316 a
3088 2262 3315 2332 peccati
3344 2263 3626 2319 sordibus

1972 2348 2186 2414 soluta,
2211 2364 2280 2404 ac
2308 2363 2413 2419 per
2436 2355 2689 2403 mortem
2712 2348 2951 2405 sublata
2976 2365 3048 2404 ex
3068 2351 3190 2407 vita
3217 2351 3623 2417 tenebrarum,

1968 2442 2292 2508 postquam
2332 2436 2535 2491 lumen
2574 2436 2828 2507 Spiritus
2871 2438 3061 2493 sancti
3104 2442 3395 2511 tanquam
3434 2440 3623 2496 vitam

1969 2525 2284 2596 acceperit,
2332 2524 2447 2581 illic
2507 2526 2709 2581 vivens
2752 2525 3050 2598 reliquum
3100 2528 3234 2583 vitas
3286 2528 3435 2594 terit,
3480 2530 3625 2601 quia

1968 2613 2066 2668 llic
2105 2620 2284 2685 capta
2321 2620 2550 2670 tenetur
2588 2631 2625 2671 a
2662 2614 2895 2671 lumine
2940 2616 3170 2671 divino.
3215 2619 3415 2689 Neque
3456 2619 3618 2674 enim

1968 2709 2195 2759 natura:
2225 2703 2443 2758 divinas
2482 2708 2572 2759 est
2594 2704 2817 2772 anima,
2854 2719 3049 2776 neque
3090 2708 3319 2761 natura:
3351 2706 3624 2763 tenebra-

1968 2808 2102 2847 rum
2144 2792 2408 2858 malitim,
2451 2792 2554 2847 sed
2588 2796 2675 2848 est
2703 2792 2850 2864 quid
2882 2798 3168 2858 creatum,
3202 2794 3621 2865 intellectuale,

1968 2881 2311 2952 pulchrum,
2333 2881 2586 2952 insigne,
2614 2886 2672 2937 et
2693 2881 3145 2945 admirandum,
3180 2888 3359 2953 atque
3381 2883 3625 2953 elegans

1970 2970 2302 3026 similitudo
2342 2976 2399 3026 et
2436 2972 2637 3040 imago
2673 2972 2793 3039 Dei,
2824 2971 2886 3025 in
2927 2986 3113 3042 quam
3149 2978 3389 3043 propter
3426 2977 3623 3027 trans-

1970 3060 2338 3131 gressionem
2372 3059 2591 3115 invasit
2622 3059 2849 3116 malitia
2875 3058 3280 3125 atfectionum,
3311 3076 3448 3131 quas
3484 3066 3626 3118 sunt

1970 3149 2376 3205 tenebrarum.

2040 3257 2176 3311 VIII.
2220 3254 2555 3327 Reliquum,
2592 3271 2731 3311 cum
2770 3270 2894 3328 quo
2936 3255 3360 3312 rommiscetur
3394 3256 3619 3324 anima,

1968 3346 2263 3417 cujusque
2294 3349 2521 3399 tenetur
2546 3344 2835 3409 dominio,
2880 3360 3016 3399 cum
3046 3360 3117 3399 eo
3146 3361 3386 3417 quoque
3418 3346 3624 3402 volun-

1970 3434 2192 3488 tatibus
2231 3432 2552 3503 conjuncta
2591 3436 2696 3488 est.
2732 3431 2865 3489 Sive
2893 3432 3070 3503 igitur
3095 3431 3291 3487 lucem
3334 3432 3432 3487 Dei
3458 3432 3517 3487 in
3560 3449 3622 3489 se

1970 3522 2207 3585 habeat,
2257 3526 2313 3576 et
2361 3521 2421 3576 in
2464 3520 2563 3576 illa
2602 3521 2763 3576 vivat
2807 3536 3053 3576 omnem
3090 3522 3372 3577 virtutum
3410 3522 3621 3578 orbem

1969 3611 2304 3683 complexa,
2336 3610 2468 3665 luce
2499 3609 2954 3681 acquiescentiaa
2976 3609 3248 3666 abundat
3277 3626 3290 3665 :
3321 3610 3442 3665 sive
3469 3616 3622 3666 tene-

1968 3701 2092 3757 bris
2112 3702 2337 3772 peccati
2355 3699 2641 3754 obvoluta
2659 3700 2752 3764 sit,
2777 3699 3301 3755 condemnationis
3322 3699 3621 3771 particeps

1968 3795 2074 3845 est.
2104 3791 2382 3844 Animam
2405 3788 2601 3858 igitur,
2625 3804 2761 3859 quas
2783 3787 2911 3843 vult
2934 3789 3129 3843 vivere
3161 3788 3325 3859 apud
3354 3791 3536 3843 Deum
3558 3789 3620 3844 in

1968 3878 2170 3951 requie
2197 3883 2251 3933 et
2271 3876 2400 3932 luce
2429 3881 2672 3941 aeterna,
2705 3878 2989 3932 accedere
3018 3881 3269 3947 oportet,
3298 3882 3359 3931 ut.
3388 3877 3615 3933 dictum

1968 3974 2075 4032 est,
2125 3968 2200 4022 ad
2246 3982 2452 4021 verum
2495 3965 2842 4021 Pontiﬁcem
2885 3966 3199 4030 Christum,
3243 3966 3511 4029 mactari,
3561 3972 3619 4021 et

1966 4057 2118 4112 mori
2152 4054 2380 4110 mundo
2407 4069 2477 4110 ac
2504 4054 2683 4125 priori
2710 4053 2843 4108 vita;
2871 4053 3252 4109 tenebrarum
3280 4059 3337 4108 et
3367 4053 3621 4110 malitia-

1966 4162 2122 4210 rum,
2165 4150 2346 4216 atque
2379 4142 2689 4214 transponi
2726 4142 2785 4196 in
2818 4140 3070 4197 alteram
3103 4142 3284 4198 vitam
3325 4146 3382 4197 et
3405 4142 3622 4197 educa-

1968 4236 2190 4290 tionem
2223 4232 2511 4287 divinam.
2548 4230 3100 4297 Quemadmodum,
3131 4231 3178 4284 si
3205 4230 3339 4302 quis
3370 4231 3623 4285 moritur

1970 4323 2031 4378 in
2070 4322 2319 4387 civitate,
2356 4336 2549 4391 neque
2592 4335 2765 4375 voces
2804 4318 3065 4383 illorum,
3100 4319 3207 4390 qui
3247 4318 3332 4375 ibi
3371 4320 3619 4388 degunt,

1969 4427 2162 4483 neque
2182 4425 2543 4475 sermonem,
2567 4424 2759 4481 neque
2784 4423 3000 4463 sonum
3023 4407 3210 4464 ullum
3234 4407 3492 4479 exaudit,
3519 4406 3625 4463 sed

1972 4518 2215 4575 prorsus
2256 4504 2530 4555 mortuus
2559 4502 2665 4564 est,
2699 4503 2755 4553 et
2794 4498 3202 4568 transponitur
3230 4497 3291 4552 in
3321 4496 3505 4553 alium
3535 4496 3628 4552 lo-

1970 4608 2129 4657 cum,
2175 4590 2275 4646 ubi
2316 4588 2494 4644 nullae
2536 4594 2673 4644 sunt
2715 4602 2913 4654 voces,
2956 4586 3102 4642 nulli
3141 4586 3434 4643 clamores
3470 4585 3626 4641 illius

1972 4681 2218 4736 civitatis
2249 4698 2260 4731 :
2295 4678 2379 4733 sic
2410 4684 2466 4733 et
2491 4677 2717 4744 anima,
2751 4680 3072 4748 postquam
3098 4680 3360 4732 mactata
3388 4680 3444 4731 et
3472 4690 3632 4730 mor-

1972 4775 2077 4825 tua
2127 4768 2298 4823 fuerit
2347 4766 2566 4822 civitati
2608 4764 2906 4821 malarum
2946 4763 3354 4830 affectionum,
3396 4765 3455 4820 in
3508 4779 3630 4836 qua

1973 4858 2229 4927 degebat
2260 4873 2328 4912 ac
2360 4855 2597 4910 vivebat
2636 4854 2821 4925 prius,
2855 4870 2975 4909 non
3007 4853 3267 4926 amplius
3298 4852 3541 4910 exaudit
3569 4853 3630 4909 in

1975 4965 2035 5003 se
2068 4948 2196 5019 ipsa
2220 4960 2428 5001 vocem
2456 4944 2888 5012 cogitationum
2922 4943 3330 4999 tenebrarum.
3356 4945 3483 4999 Non
3508 4958 3632 4999 am-

1974 5038 2128 5110 plius
2152 5035 2390 5091 auditur
2421 5048 2618 5088 sermo
2650 5045 2708 5088 et
2737 5031 2965 5087 clamor
2992 5031 3339 5087 frivolarum
3369 5032 3635 5103 disputa-

1976 5126 2228 5189 tionum,
2270 5124 2319 5193 7
2369 5126 2424 5177 et
2465 5121 2653 5177 turbae
2693 5120 3011 5192 spirituum
3053 5120 3437 5176 tenebrarum
3472 5140 3484 5173 :
3528 5120 3635 5174 sed

1976 5213 2326 5271 transfertur
2353 5210 2413 5266 in
2444 5210 2743 5265 civitatem
2771 5208 3055 5265 bonitatis
3086 5214 3143 5266 et
3169 5208 3330 5280 pacis
3363 5208 3629 5280 plenam,

1978 5305 2037 5359 in
2071 5302 2365 5359 civitatem
2407 5298 2624 5355 divinae
2662 5297 2849 5367 lucis;
2884 5298 3000 5353 illic
3033 5297 3176 5353 vivit
3207 5300 3263 5353 et
3300 5296 3491 5360 audit,
3518 5294 3637 5351 illic

1978 5397 2381 5455 conversatur,
2408 5387 2670 5460 loquitur
2695 5392 2751 5443 et
2780 5387 3188 5454 ratiocinatur,
3218 5385 3334 5442 illic
3356 5388 3637 5457 operatur

1982 5496 2167 5555 opera
2198 5476 2532 5551 spiritualia
2562 5479 2618 5534 et
2648 5478 2764 5533 Deo
2796 5475 3002 5546 digna.

1473 5664 1521 5700 ¹⁴
1554 5674 1722 5734 Hom.
1751 5676 1847 5727 vn,
1881 5660 1971 5715 24.
