4084 6256
518 254 622 311 459

1820 252 1880 308 S.
1927 244 2235 305 MACABII
2282 243 2593 300 EGYPTII

3754 250 3851 309 460

589 381 671 437 IX.
714 381 964 437 Oremus
1002 378 1179 447 igitur
1211 380 1267 433 et
1304 391 1435 441 nos,
1480 380 1541 432 ut
1580 393 1687 449 per
1720 378 1999 435 virtutem
2038 375 2168 447 ejus

2353 371 2436 424 8’.
2498 371 2943 447 Παρακαλίσωμεν
3018 373 3189 425 τοίνυν
3256 374 3345 425 καὶ
3404 373 3575 445 ἡμεῖς,
3653 376 3857 434 τυθῆναι

518 476 871 532 mactemur.
916 472 972 523 et
1002 468 1330 522 moriamur
1369 468 1587 523 saeculo
1626 467 1867 523 malitiae
1898 466 2171 522 tenebra-

518 575 676 623 rum,
726 559 908 629 inque
960 556 1130 611 nobis
1175 556 1590 623 exstinguatur
1634 557 1878 627 spiritus
1922 554 2169 627 peccati,

521 648 962 717 induamurque
990 650 1045 700 et
1074 645 1444 715 accipiamus
1474 646 1744 702 animam
1777 646 2027 716 Spiritus
2058 659 2174 698 coe-

522 736 703 799 lestis,
740 752 808 789 ac
851 734 1282 790 transferamur
1323 749 1395 788 ex
1428 734 1654 790 malitia
1696 734 2077 790 tenebrarum
2115 732 2175 786 in

523 825 726 880 lumen
762 824 990 888 Christi,
1028 822 1104 879 ad
1140 823 1638 893 requiescendum
1675 824 1735 878 in
1767 824 1888 878 vita
1913 839 2018 894 per
2051 838 2177 878 om-

523 913 626 969 nia
657 912 903 968 saecula.
932 911 1117 965 Veluti
1141 911 1298 965 enim
1326 912 1382 965 in
1414 927 1590 966 cursu
1616 910 1946 967 stadiorum
1971 926 2177 965 currus

522 1006 895 1058 antevertens
940 1000 1206 1071 impedit,
1250 1002 1519 1070 reprimit
1561 1006 1740 1072 atque
1782 1000 2058 1073 prohibet
2097 998 2179 1054 a1-

523 1095 736 1156 terum,
771 1106 844 1145 ne
874 1089 1293 1162 progrediatur
1324 1094 1380 1144 et
1410 1090 1675 1161 palmam
1716 1089 2020 1162 praeripiat
2047 1106 2059 1143 :
2095 1087 2179 1142 sic

524 1185 581 1236 et
618 1180 1007 1251 cogitationes
1052 1179 1269 1233 animas
1308 1184 1364 1233 et
1404 1180 1635 1249 peccati
1677 1184 1924 1234 currunt
1971 1180 2032 1233 in
2077 1177 2181 1231 ho-

526 1269 708 1325 mine.
739 1270 794 1325 Si
826 1283 968 1337 ergo
992 1267 1302 1335 contingat
1327 1268 1748 1335 cogitationem
1778 1268 2004 1339 peccati
2033 1281 2179 1337 pras-

528 1358 758 1425 cedere,
802 1357 861 1411 id
904 1356 1172 1427 impedit,
1215 1356 1425 1411 avertit
1473 1362 1529 1411 et
1575 1356 1848 1427 prohibet
1888 1357 2178 1422 animam,

528 1461 603 1501 ne
636 1445 1083 1517 appropinquet
1118 1448 1255 1510 Deo,
1289 1450 1344 1501 et
1376 1446 1687 1501 victoriam
1721 1445 2010 1501 adversus
2045 1458 2183 1515 pec-

530 1540 732 1590 catum
763 1538 1057 1606 reportet;
1096 1535 1197 1589 ubi
1226 1550 1362 1590 vero
1395 1534 1681 1589 Dominus
1718 1535 1843 1606 ipse
1870 1532 2184 1589 inscendat

531 1629 587 1678 et
626 1623 918 1694 gubernet
954 1623 1246 1687 animam,
1292 1638 1529 1694 semper
1560 1623 1657 1677 illa
1696 1623 2006 1678 victoriam
2039 1638 2180 1677 con-

2284 457 2377 513 διά
2423 469 2520 522 τῆς
2569 458 2839 534 δυνάμεως
2898 461 3077 526 αὐτοῦ,
3136 465 3226 514 καὶ
3280 461 3552 515 ἀποθανεῖν
3608 471 3678 534 τῷ
3730 466 3862 519 αἰῶνι

2282 559 2379 611 τῆς
2406 554 2656 622 πονηρίας
2702 558 2795 603 τοῦ
2827 555 3068 620 σκότους,
3124 554 3213 602 καὶ
3266 549 3597 623 ἀναιρεθῆναι
3650 555 3696 605 ἓν
3749 556 3862 626 ἡμῖν

2284 643 2342 691 τό
2389 646 2590 711 πνεῦμα
2635 649 2733 702 τῆς
2778 642 3061 714 ἁμαρτίας,
3120 644 3211 691 καὶ
3239 636 3565 692 ἑνδύσασθαι
3595 646 3682 694 καὶ
3708 641 3865 695 λαϐεῖν

2284 728 2465 799 ψυχὴν
2514 732 2805 802 Πνεῦματος
2847 730 3114 805 οὐρανίου,
3166 733 3256 781 καὶ
3303 732 3645 801 μετατεθῆναι
3692 729 3742 782 ἐκ
3782 740 3869 790 τῆς

2286 821 2474 879 κακίας
2531 826 2622 870 τοῦ
2678 822 2896 880 σκότους
2954 819 3021 878 εἰς
3081 821 3141 870 τό
3193 825 3296 889 φῶς
3350 825 3444 870 τοῦ
3497 826 3746 892 Χριστοῦ,
3788 826 3867 873 καὶ

2289 906 2650 964 ἀναπαυθῆναι
2701 910 2752 959 ἓν
2806 911 2911 980 ζωῇ
2970 907 3118 969 ὅλους
3168 907 3375 967 αἰῶνας.
3425 905 3625 980 ’Ὠσπερ
3676 911 3768 983 γὰρ
3826 912 3868 962 ἓν

2292 992 2494 1067 σταδίῳ
2534 999 2600 1048 τὰ
2645 995 2856 1069 ἅρματα
2907 1001 3162 1072 τρέχουσι
3213 1001 3303 1049 καὶ
3327 995 3687 1069 προλαμϐάνον
3732 1000 3871 1071 ἃμπο-

2292 1081 2433 1145 δίζει
2469 1090 2560 1137 καὶ
2609 1084 2785 1156 ἐπίχει
2828 1090 2917 1138 καὶ
2964 1085 3150 1137 κωλύει
3178 1087 3235 1137 τό
3280 1084 3469 1157 ἕτερον,
3515 1093 3607 1138 τοῦ
3652 1090 3720 1157 μή
3760 1106 3870 1161 προ-

2290 1173 2472 1244 κόψαι,
2523 1179 2611 1226 καὶ
2655 1173 2927 1248 προλαϐεῖν
2980 1175 3048 1235 εἰς
3103 1181 3243 1236 νῖκος
3272 1190 3287 1204 ⁹
3338 1173 3505 1237 οὓτως
3553 1176 3601 1227 οἱ
3657 1171 3869 1247 διαλογι-

2294 1268 2419 1333 σμοὶ
2451 1272 2547 1324 τῆς
2602 1262 2786 1335 ψυχῆς
2836 1268 2925 1316 καὶ
2982 1271 3074 1324 τῆς
3121 1263 3383 1336 ἁμαρτίας
3436 1265 3869 1336 τρίχουσινέντῷ

2292 1351 2544 1426 ἀνθρώπῳ
2575 1368 2588 1382 ·
2646 1352 2729 1405 ἐὰν
2773 1356 2862 1424 μεν
2919 1355 3062 1425 τύχη
3101 1351 3379 1425 προλαϐεῖν
3428 1355 3516 1405 τὸν
3556 1349 3871 1426 διαλογισμὸν

2292 1450 2382 1501 τῆς
2438 1441 2714 1513 ἁμαρτίας,
2794 1438 3070 1514 ἓμποδίζει
3141 1447 3231 1495 καὶ
3285 1440 3501 1513 ἀπέχει,
3558 1446 3645 1495 καὶ
3712 1442 3873 1495 κωλύει

2292 1537 2385 1590 τὴν
2441 1532 2649 1603 ψυχὴν,
2705 1539 2796 1583 τοῦ
2847 1537 2919 1604 μὴ
2980 1536 3333 1603 προσεγγίσαι
3384 1540 3459 1602 τῷ
3514 1539 3644 1603 Θεῷ,
3696 1537 3777 1585 καὶ
3822 1534 3872 1585 τὸ

2292 1620 2409 1672 κατ’
2458 1620 2621 1682 αὐτῆς
2667 1628 2808 1681 νῖκος
2859 1622 3091 1695 ἄρασθαι
3118 1622 3286 1673 ’ὅπου
3339 1618 3401 1674 δὲ
3432 1620 3587 1683 αὐτὸς
3640 1622 3664 1672 ὁ
3704 1623 3874 1691 Κύριος

535 1713 823 1784 sequitur,
848 1726 1059 1781 regens
1088 1712 1386 1766 etducens
1412 1713 1664 1767 scienter
1692 1728 1933 1767 currum
1965 1712 2182 1767 animm

2300 1709 2544 1764 ἓπιϐαίνει
2573 1716 2662 1763 καὶ
2690 1712 2899 1782 ἡνιοχεῖ
2928 1714 3021 1769 τὴν
3050 1710 3257 1783 ψυχὴν,
3304 1718 3528 1764 πάντοτε
3570 1710 3715 1770 αὐτὸς
3749 1715 3870 1780 νικᾷ,

533 1816 639 1873 per
669 1801 872 1856 omnia
889 1800 963 1855 ad
988 1800 1253 1855 cmlestes
1280 1816 1348 1854 ac
1366 1800 2179 1872 divinascontemplationes.

534 1893 660 1946 Non
692 1890 850 1943 enim
882 1889 1105 1944 bellum
1137 1890 1283 1959 gerit
1314 1894 1523 1945 contra
1556 1890 1866 1955 malitiam,
1909 1889 2015 1944 sed
2046 1905 2185 1943 cum

535 1994 645 2051 pro
700 1978 944 2034 arbitrio
997 1983 1053 2033 et
1100 1978 1451 2034 auctoritate
1503 1994 1607 2034 sua
1662 1978 1903 2050 quidvis
1965 1977 2186 2047 agendi

532 2073 884 2141 potestatem
916 2067 1156 2132 habeat,
1192 2068 1497 2123 victoriam
1532 2070 1659 2139 ipse
1694 2073 1885 2139 parat.
1920 2071 2188 2137 Aguntur

532 2156 715 2225 igitur
753 2155 1094 2219 Cherubim,
1138 2170 1261 2210 non
1295 2172 1417 2227 quo
1462 2156 1743 2226 progredi
1785 2156 2027 2219 volunt;
2083 2154 2187 2209 sed

537 2260 661 2317 qua
692 2259 892 2299 sessor
918 2249 973 2298 et
1007 2244 1272 2313 dirigens
1308 2244 1490 2309 ducit,
1531 2260 1773 2316 quoque
1812 2243 2049 2299 libuerit
2083 2244 2183 2309 illi,

538 2348 610 2389 eo
646 2332 1128 2404 progrediuntur,
1175 2338 1231 2388 et
1279 2332 1409 2388 illos
1455 2333 1703 2402 bajulat.
1754 2333 1970 2388 Manus
2009 2334 2186 2394 enim.

538 2423 750 2493 inquit,
774 2428 901 2477 erat
922 2422 1029 2476 sub
1050 2422 1175 2477 illis
1200 2423 1267 2475 1⁵.
1301 2425 1605 2477 Ducuntur
1627 2422 1843 2478 anima:
1866 2428 2107 2487 sanctae,
2135 2426 2190 2479 et

536 2516 824 2579 reguntur
867 2527 903 2564 a
950 2510 1171 2579 Spiritu
1211 2510 1442 2573 Christi,
1480 2511 1582 2580 qui
1634 2510 1833 2580 dirigit
1879 2511 2027 2577 illas,
2068 2526 2190 2583 quo

540 2599 687 2663 vult,
724 2604 779 2653 et
818 2598 1115 2653 interdum
1157 2615 1265 2670 pro
1296 2600 1599 2655 voluntate
1630 2616 1741 2656 sua
1779 2616 1884 2671 per
1922 2601 2191 2656 cmlestes

542 2688 954 2757 cogitationes,
1008 2687 1302 2743 interdum
1346 2704 1451 2760 per
1492 2705 1712 2759 corpus
1748 2705 1761 2743 :
1794 2690 1893 2745 ubi
1932 2689 2188 2754 libuerit,

542 2776 659 2833 illic
707 2777 757 2831 ei
811 2775 1169 2831 ministrant.
1227 2776 1753 2842 Quemadmodum
1799 2778 1958 2834 enim
2011 2778 2193 2849 pedes

540 2865 855 2921 volucrum
902 2870 1040 2920 sunt
1093 2865 1244 2920 alae:
1295 2867 1380 2920 sic
1420 2866 1659 2922 cmleste
1698 2866 1903 2922 lumen
1940 2868 2190 2938 Spiritus

543 2954 895 3024 accipitalas
908 2954 1334 3024 cogitationum
1351 2955 1673 3027 dignarum
1691 2956 2192 3029 animee,eamque

543 3044 745 3115 dirigit
769 3060 838 3100 ac
866 3044 1027 3100 ducit
1054 3051 1229 3116 prout
1259 3045 1384 3117 ipse
1412 3045 1595 3101 novit.

619 3277 681 3330 X.
717 3277 801 3331 Tu
844 3274 1041 3344 igitur.
1083 3277 1329 3347 quando
1373 3278 1582 3333 auditu
1627 3278 1754 3334 haec
1789 3280 2067 3352 percipis,
2109 3295 2196 3336 re-

544 3364 708 3433 spice
756 3367 810 3417 te
851 3363 1072 3433 ipsum,
1121 3380 1197 3419 an
1240 3366 1553 3437 possideas
1593 3367 1719 3423 haec
1765 3368 1960 3439 reipsa
2000 3372 2055 3424 et
2102 3385 2197 3424 re-

542 3466 685 3505 vera
714 3452 772 3504 in
812 3452 1017 3506 anima
1045 3457 1143 3506 tua
1177 3471 1189 3506 :
1236 3469 1355 3508 non
1392 3456 1551 3510 enim
1584 3462 1723 3511 sunt
1754 3456 1933 3513 verba
1973 3457 2197 3529 simpli-

544 3540 688 3594 citer
736 3554 805 3593 ac
849 3539 1008 3592 nude
1065 3541 1316 3610 prolata,
1368 3543 1472 3596 sed
1513 3559 1665 3614 opus
1716 3560 1847 3599 vere
1887 3545 1947 3601 in
1994 3548 2197 3602 anima

546 3627 819 3683 efﬁcitur.
860 3629 924 3681 Et
963 3626 1008 3680 si
1051 3644 1169 3682 non
1204 3630 1539 3699 possideas,
1585 3648 1651 3687 ac
1682 3637 1979 3688 tantorum
2025 3636 2197 3706 spiri-

544 3715 794 3772 tualium
820 3714 1119 3771 bonorum
1143 3733 1369 3787 egenus
1398 3720 1497 3788 sis,
1528 3721 1845 3787 tristitiam,
1882 3739 2199 3781 maerorem

545 3821 614 3861 ac
636 3804 863 3859 luctum
890 3812 1246 3876 perpetuum
1268 3807 1508 3875 habeto,
1531 3809 1687 3865 velut
1711 3811 1907 3867 adhuc
1932 3818 2200 3868 mortuus

546 3909 582 3950 a
625 3908 830 3965 regno,
878 3898 934 3950 et
973 3894 1131 3950 velut
1177 3897 1505 3962 sauciatus,
1551 3900 1834 3955 continuo
1882 3902 2080 3957 clama
2124 3903 2202 3958 ad

548 3983 886 4047 Dominum,
916 3989 970 4038 et
1007 3990 1135 4053 pete
1169 3985 1556 4054 conﬁdenter,
1596 3992 1653 4042 ut
1696 3994 1746 4043 te
1778 4006 2019 4062 quoque
2065 4007 2205 4048 vera

543 4070 656 4127 hac
704 4070 824 4127 vita
878 4072 1175 4141 dignetur.
1233 4076 1761 4139 Quemadmodum
1812 4079 1973 4134 enim
2028 4081 2201 4150 Deus,

544 4161 645 4232 qui
672 4160 785 4215 hoc
808 4176 1026 4232 corpus
1049 4163 1342 4229 condidit,
1372 4180 1492 4218 non
1520 4180 1591 4219 ex
1621 4182 1731 4221 sua
1756 4167 1940 4237 ipsius
1965 4175 2202 4236 natura,

544 4264 738 4321 neque
790 4266 860 4305 ex
906 4266 1154 4322 corpore
1186 4251 1350 4307 dedit
1389 4252 1440 4307 ei
1476 4253 1699 4309 habere
1727 4255 1934 4322 vitam,
1977 4257 2202 4314 cibum,

542 4344 773 4409 potum,
830 4340 1183 4395 indumenta
1243 4345 1299 4395 et
1356 4341 1765 4399 calceamenta
1822 4364 1834 4399 :
1888 4345 2012 4413 sed,
2067 4362 2205 4403 cum

2294 1802 2527 1872 ἡνιοχῶν
2571 1805 2659 1852 καὶ
2708 1796 2919 1870 ὁδηγῶν
2968 1799 3335 1872 ἐπιστημόνως
3381 1803 3440 1852 τό
3492 1799 3634 1873 ἅρμα
3678 1806 3765 1860 τῆς
3789 1798 3875 1869 ψυ-

2295 1898 2404 1961 χῆς
2461 1890 2531 1951 εἰς
2591 1893 2647 1941 τὸ
2680 1889 2918 1963 οὐράνιον
2962 1894 3052 1942 καὶ
3082 1891 3246 1942 ἔνθεον
3296 1894 3543 1964 φρόνημα
3573 1885 3663 1941 διὰ
3689 1891 3872 1949 παντὸς.

2298 1982 2431 2031 Οὔτε
2487 1981 2588 2050 γὰρ
2642 1978 2853 2050 πολεμεῖ
2894 1982 3026 2052 πρὸς
3077 1984 3172 2037 τὴν
3222 1984 3438 2043 κακίαν,
3500 1977 3605 2030 ἀλλ’
3654 1977 3876 2037 αὐθέντης

2296 2072 2386 2118 καὶ
2416 2066 2761 2131 ἐξουσιαστὴς
2793 2070 3070 2140 τυγχάνων
3120 2066 3217 2133 ἀεὶ,
3251 2072 3349 2127 τὴν
3378 2073 3527 2126 νίκην
3557 2067 3710 2128 αὐτὸς
3736 2065 3870 2137 ἔργά-

2300 2156 2463 2216 ζεται.
2508 2156 2723 2229 Ἀγεται
2752 2163 2920 2210 τοίνυν
2952 2160 3018 2211 τὰ
3058 2156 3332 2231 Χερουϐὶμ
3384 2156 3490 2229 οὐχ
3524 2156 3650 2209 ὃπου
3692 2154 3870 2208 θέλουσι

2297 2249 2631 2319 πορεύεσθαι,
2675 2246 2781 2299 ἀλλ’
2813 2250 2941 2299 ὅπου
2972 2249 2997 2299 ὁ
3029 2246 3352 2309 ἕπιϐεϐηκὼς
3382 2252 3474 2299 καὶ
3504 2248 3531 2298 ό
3555 2247 3772 2317 ἡνιοχῶν
3797 2240 3872 2296 ὁδ-

2300 2344 2436 2407 ηγεῖ,
2477 2342 2565 2388 καὶ
2605 2338 2732 2389 ὅπου
2767 2336 2896 2389 θίλει
2926 2337 3099 2401 αύτὸς,
3130 2335 3235 2389 ἐκεῖ
3273 2339 3603 2411 πορεύονται,
3644 2339 3725 2386 καὶ
3759 2332 3871 2386 αὐτὰ

2302 2424 2580 2497 βαστάζει.
2618 2431 2773 2497 Χεὶρ
2816 2428 2955 2498 γὰρ,
2993 2430 3167 2498 φησιν,
3204 2424 3551 2501 ἀνθρώπου
3589 2425 3872 2477 ὑποκάτω

2302 2514 2503 2567 αὐτῶν
2545 2512 2635 2573 ἦν.
2687 2514 2941 2587 Ἀγονται
2970 2518 3025 2567 αἱ
3069 2516 3220 2586 ἅγιαι
3250 2515 3437 2587 ψυχαὶ
3467 2518 3556 2567 καὶ
3585 2509 3871 2583 όδηγοῦνται

2300 2606 2400 2657 ύπό
2424 2611 2513 2656 τοῦ
2534 2607 2876 2676 ἡνιοχοῦντος
2906 2607 3201 2677 Πνεύματος
3222 2612 3315 2657 τοῦ
3338 2610 3602 2680 Χριστοῦ,
3630 2604 3749 2655 ὅπου
3771 2598 3875 2673 βού-

2301 2694 2460 2755 λεται,
2489 2696 2571 2747 ὅτε
2602 2693 2864 2766 βούλεται,
2896 2695 2946 2746 ἐν
2976 2694 3238 2766 οὐρανίοις
3266 2694 3559 2766 λογισμοῖς
3584 2714 3597 2727 ·
3625 2694 3703 2744 ὅτε
3728 2688 3882 2763 βούλε-

2302 2802 2389 2835 ται
2419 2782 2466 2833 ἐν
2497 2791 2569 2853 τῷ
2618 2788 2843 2855 σώματι,
2886 2784 3006 2835 ἔνθα
3060 2782 3323 2855 βούλεται,
3377 2783 3497 2836 ἐκεῖ
3544 2782 3680 2852 αὐτῷ
3729 2775 3877 2832 διακο-

2303 2880 2499 2926 νοῦσιν.
2527 2872 2725 2946 Ὠσπερ
2773 2874 2874 2944 γὰρ
2921 2878 3015 2924 τοῦ
3065 2880 3295 2925 πετεινοῦ
3343 2875 3405 2925 οἱ
3455 2869 3613 2932 πόδες
3654 2871 3714 2923 τὰ
3745 2864 3875 2939 πτερά

2306 2961 2435 3014 εἰσιν
2469 2982 2482 2994 ι
2512 2959 2646 3012 ούτω
2698 2963 2756 3012 τὸ
2788 2960 3025 3034 ούράνιον
3074 2970 3178 3032 φῶς
3207 2968 3297 3013 τοῦ
3350 2968 3655 3033 ΙῙνεῦματος
3683 2955 3875 3024 ἀναλαμ-

2234 3086 2273 3142 C
2305 3050 2443 3102 ϐάνει
2472 3052 2537 3102 τὰ
2564 3051 2728 3123 πτερὰ
2773 3058 2870 3101 τῶν
2902 3049 3166 3121 λογισμῶν
3215 3058 3315 3102 τῶν
3360 3050 3528 3116 ἀξίων
3570 3049 3763 3123 ψυχῆς,
3802 3037 3877 3095 ὁδ-

2306 3147 2465 3212 ηγοῦν
2495 3144 2584 3192 καὶ
2623 3141 2874 3212 ἡνιοχοῦν
2906 3142 2973 3203 ὡς
3005 3136 3146 3193 οἶδεν
3178 3139 3328 3193 αύτό.

2374 3274 2427 3331 1’.
2457 3278 2523 3327 Σύ
2584 3278 2754 3327 τοίνυν
2808 3276 2928 3327 ὅταν
2977 3273 3174 3347 ἀκούῃς
3222 3281 3417 3341 ταῦτα,
3473 3278 3701 3349 πρόσχες
3752 3285 3876 3322 σεαυ-

2304 3374 2396 3437 τῷ,
2424 3365 2467 3417 εἰ
2517 3368 2771 3421 κέκτησαι
2824 3370 2992 3415 ταῦτα
3042 3362 3090 3415 ἕν
3149 3366 3278 3437 ἔργῳ
3335 3370 3434 3418 καὶ
3489 3363 3698 3433 ἀληθείᾳ
3747 3356 3790 3409 ἕν
3824 3360 3873 3425 τῇ

2303 3455 2457 3526 ψυχῇ
2519 3473 2651 3505 σου·
2708 3452 2765 3504 ού
2818 3454 2918 3527 γάρ
2974 3452 3103 3504 εἰσιν
3156 3452 3329 3514 ἁπλῶς
3386 3453 3540 3525 λόγοι
3590 3450 3876 3519 λαλούμενοιν

2306 3543 2411 3596 ἀλλ’
2445 3546 2590 3617 ἔργον
2644 3542 2885 3603 ἀληθείας
2916 3541 3051 3594 ἐστὶν
3092 3540 3139 3593 ἒν
3165 3549 3224 3614 τῇ
3252 3541 3414 3615 ψυχῇ
3462 3544 3767 3615 γιγνόμενον.
3796 3534 3877 3585 Καὶ

2308 3636 2350 3685 εἰ
2389 3633 2446 3685 ού
2499 3636 2773 3696 κέκτησαι,
2828 3630 2954 3683 ἀλλὰ
3000 3632 3293 3703 πτωχέύεις
3346 3633 3404 3683 ἐκ
3451 3640 3550 3685 τῶν
3597 3625 3877 3686 τηλικούτων

2308 3729 2664 3795 πνευματικῶν
2737 3720 2963 3793 ἀγαθῶν,
3018 3719 3184 3778 λύπην
3253 3724 3342 3772 καὶ
3392 3724 3577 3782 πένθος
3622 3721 3705 3769 καὶ
3749 3714 3877 3764 πόνον

2311 3811 2644 3865 ἀδιάλειπτον
2695 3809 2907 3882 ὀφείλεις
2950 3811 3090 3880 ἔχειν
3119 3825 3132 3839 ·
3168 3809 3231 3869 ὡς
3280 3808 3456 3881 ἀκμὴν
3499 3810 3672 3881 νεκρὸς
3696 3806 3757 3855 ὧν
3794 3796 3876 3849 ἀπὸ

2311 3911 2406 3964 τῆς
2438 3899 2731 3973 βασιλείας,
2766 3904 2855 3951 καὶ
2899 3901 2967 3959 ὡς
3005 3902 3343 3970 τραυματίας,
3395 3898 3478 3952 ἀεὶ
3526 3896 3627 3971 βόα
3661 3894 3780 3967 πρὸς
3805 3888 3875 3936 τὸν

2317 3993 2524 4062 Κύριον,
2556 3993 2645 4039 καὶ
2695 3991 2825 4040 αἴτει
2856 3995 3075 4053 πιστῶς,
3111 3987 3194 4039 ἶνα
3240 3992 3330 4039 καὶ
3374 3988 3531 4049 αὐτὸς
3580 3983 3761 4040 ταύτης
3798 3981 3878 4031 τῆς

2316 4079 2563 4139 ἀληθινῆς
2616 4078 2750 4137 ζωῆς
2806 4076 3157 4147 καταξιωθῇς.
3216 4074 3421 4149 Ὠσπερ
3488 4078 3586 4150 γὰρ
3643 4074 3697 4123 τὸ
3750 4073 3880 4133 σῶμα

2315 4176 2466 4220 τοῦτο
2522 4167 2805 4227 ποιήσαςό
2855 4169 2994 4230 Θεὸς,
3063 4165 3156 4217 ούκ
3206 4164 3260 4216 ἔκ
3317 4173 3414 4228 τῆς
3472 4166 3629 4217 αὑτοῦ
3684 4158 3875 4231 φύσεως»

2316 4254 2439 4309 οὐδὲ
2468 4258 2521 4308 ἐκ
2574 4262 2665 4307 τοῦ
2719 4260 2961 4326 σώματος
3009 4251 3195 4307 ἔδωκεν
3245 4252 3385 4327 αύτῷ
3438 4258 3576 4327 ἔχειν
3612 4253 3699 4308 τὴν
3744 4244 3875 4327 ζωὴν)

2314 4350 2406 4403 τὴν
2441 4343 2659 4415 βρῶσιν,
2703 4348 2791 4394 καὶ
2845 4348 2937 4401 τὴν
2981 4347 3157 4409 πόσιν,
3188 4348 3277 4396 καὶ
3324 4346 3392 4396 τὰ
3421 4340 3683 4415 ἕνδύματα
3718 4334 3799 4385 καὶ
3824 4326 3879 4377 τὰ

545 4441 763 4497 corpus
813 4434 1070 4485 creasset
1118 4444 1224 4501 per
1262 4444 1324 4483 se
1369 4431 1622 4495 nudum,
1671 4437 1723 4487 et
1766 4432 1879 4487 tale
1927 4435 2190 4505 quidem,

2312 4430 2650 4505 ὑποδήματα,
2724 4430 2852 4484 ἀλλά
2907 4438 3079 4485 πᾶσαν
3138 4437 3224 4490 τὴν
3283 4432 3576 4506 οἰκονομίαν
3624 4433 3710 4485 τῆς
3760 4420 3879 4480 ζωῆς

542 4515 708 4586 quod
736 4518 966 4589 absque
1000 4518 1131 4583 illis,
1159 4534 1294 4590 quae
1323 4524 1490 4574 extra
1522 4536 1739 4592 corpus
1762 4528 1919 4588 sunt,
1953 4523 2065 4579 hoc
2092 4530 2199 4593 est,

545 4604 775 4677 absque
810 4607 963 4676 cibo,
994 4613 1139 4678 potu
1167 4612 1220 4661 et
1253 4609 1645 4675 vestimentis,
1682 4610 1873 4666 vivere
1905 4627 2025 4667 non
2067 4630 2201 4685 pos-

542 4699 648 4763 set,
682 4710 924 4750 omnem
970 4697 1464 4752 sustentationem
1498 4698 1631 4754 vitae
1662 4700 2027 4757 extrinsecus
2065 4718 2201 4757 con-

540 4781 757 4836 cessit:
788 4784 954 4854 quod
988 4784 1036 4837 si
1068 4786 1126 4838 in
1152 4801 1261 4840 sua
1291 4785 1481 4856 ipsius
1512 4792 1730 4841 natura
1756 4789 1951 4845 solum
1980 4792 2197 4846 consti-

542 4870 691 4936 terit,
752 4871 913 4927 nullo
958 4872 1230 4927 exteriori
1285 4880 1616 4945 assumpto,
1678 4881 2080 4950 corrumpitur
2128 4897 2198 4936 ac

541 4957 736 5013 interit
788 4975 799 5013 :
854 4959 1068 5014 eodem
1112 4959 1292 5015 modo
1341 4965 1397 5017 et
1440 4962 1664 5027 anima,
1716 4965 1920 5021 divino
1973 4967 2197 5023 lumine

541 5046 841 5113 destituta,
882 5048 1124 5104 condita
1169 5064 1309 5103 vero
1362 5052 1693 5106 secundum
1728 5054 2053 5124 imaginem
2103 5057 2197 5111 Dei

542 5135 650 5205 (sic
691 5137 851 5191 enim
889 5139 1005 5191 Deo
1052 5154 1122 5191 ex
1159 5138 1608 5209 dispensatione
1643 5142 1885 5211 placuit,
1922 5161 2055 5200 eam
2097 5147 2199 5203 ha-

541 5224 681 5279 bere
718 5224 897 5281 vitam
929 5228 1236 5298 ueternum)
1261 5243 1380 5282 non
1416 5244 1506 5295 ex,
1532 5231 1775 5300 propria
1809 5237 2043 5298 natura,
2092 5238 2197 5291 sed

542 5328 615 5369 ex
650 5313 841 5384 ipsius
888 5315 986 5369 Dei
1029 5315 1359 5383 divinitate,
1404 5334 1472 5372 ex
1517 5319 1797 5390 peculiari
1842 5322 2079 5393 Spiritu,
2130 5340 2199 5380 ac

542 5402 828 5475 peculiari
854 5403 1100 5473 lumine,
1133 5405 1313 5462 habet
1345 5407 1547 5463 cibum
1581 5423 1651 5464 ac
1682 5414 1891 5481 potum
1924 5412 2199 5483 spiritua-

618 5628 661 5662 ¹³
692 5627 896 5685 Ezech.
929 5644 988 5699 κ,
1024 5628 1111 5685 21.

2311 4524 2490 4586 ἔξωθεν
2571 4518 2759 4574 ἔδωκεν
2841 4524 3002 4593 ἔχειν,
3075 4521 3200 4574 αύτό
3266 4522 3388 4575 καθ’
3438 4524 3587 4576 ἑαυτό
3641 4518 3695 4568 τὸ
3747 4514 3878 4577 σῶμα

2309 4616 2500 4685 γυμνόν
2532 4617 2779 4678 ποιήσας,
2835 4616 2926 4664 καὶ
2969 4616 3134 4685 χωρὶς
3164 4620 3263 4664 τῶν
3309 4613 3489 4676 ἔξωθεν
3532 4615 3621 4662 τοῦ
3669 4607 3877 4672 σώματος

2311 4706 2466 4753 ὄντων
2524 4704 2685 4763 ζῆσαι
2739 4704 2797 4752 τὸ
2849 4708 3001 4772 σῶμα
3038 4697 3317 4767 ἀδύνατον,
3376 4699 3516 4754 τοῦτ’
3553 4700 3681 4757 ἕστε»
3729 4685 3877 4761 χωρίς

2310 4790 2559 4865 βρώσεως
2582 4795 2673 4842 καὶ
2708 4794 2922 4861 πόσεως,
2961 4794 3047 4843 καὶ
3091 4788 3392 4862 ἐνδυμάτων
3435 4806 3448 4820 ⁸
3486 4789 3567 4842 ἐὰν
3612 4781 3668 4837 δι
3711 4777 3771 4837 εἰς
3797 4774 3875 4865 τήν

2310 4880 2495 4932 ἑαυτοῦ
2536 4882 2688 4952 φύσιν
2736 4884 2888 4951 μόνον
2936 4887 3055 4952 στῇ,
3106 4876 3274 4950 μηδὲν
3314 4888 3411 4932 τῶν
3451 4878 3626 4942 ἔξωθεν
3671 4862 3873 4941 προσλοι⁴

2310 4968 2418 5035 ϐὰν,
2472 4965 2831 5040 διαφθείρεται
2882 4973 2972 5021 καὶ
3019 4968 3302 5021 ἀπόλλυται
3335 4989 3347 5002 '
3377 4972 3461 5021 τόν
3515 4965 3661 5018 αὐτὸν
3708 4956 3872 5049 τρόπον

2308 5057 2581 5129 καὶψυχὴ
2627 5060 2656 5115 ἡ
2698 5062 2766 5129 μὴ
2798 5060 3002 5129 ἔχουσα
3040 5066 3144 5130 φῶς
3191 5060 3343 5123 θεῖον,
3391 5057 3660 5111 κτισθεῖσα
3696 5041 3750 5097 δὲ

2310 5150 2483 5200 εἰκόνα
2529 5152 2661 5199 Θέοῦ
2688 5164 2698 5176 '
2736 5146 2898 5207 οὕτως
2935 5150 3035 5222 γὰρ
3092 5148 3252 5206 αὐτὴν
3282 5149 3580 5220 ᾠκονόμησε
3610 5140 3693 5191 καὶ
3740 5121 3868 5227 εύδῗ’

2312 5256 2470 5294 κησεν
2525 5238 2665 5306 ἔχειν
2710 5241 2797 5294 τὴν
2838 5236 3041 5289 αἰώνιον
3077 5237 3215 5298 ζωήν
3241 5254 3253 5267 ⁶
3286 5238 3380 5290 ούκ
3411 5240 3464 5290 ἐκ
3493 5241 3587 5293 τῆς
3624 5222 3871 5315 ἰδίαςήξν·

2318 5344 2460 5388 σεως,
2524 5323 2629 5375 ἀλλ’
2687 5325 2743 5375 ἐκ
2801 5333 2890 5385 τῆς
2944 5325 3127 5377 ἑαυτοῦ
3192 5328 3448 5392 θεότητος,
3515 5323 3566 5373 ἐκ
3615 5319 3697 5368 τοῦ
3749 5300 3868 5397 ιδιοξδ

2314 5416 2625 5485 πνεύματος,
2682 5412 2735 5465 ἔκ
2781 5421 2871 5466 τοῦ
2905 5411 3040 5468 ἰδίου
3070 5419 3252 5488 φωτός,
3306 5418 3418 5489 ἔχει
3451 5412 3646 5491 βρῶσιν
3674 5399 3754 5451 καί
3795 5404 3873 5440 πο·
