4084 6256
246 297 351 353 461

1530 302 1870 359 HOMILIE.
1906 332 1975 343 —
2016 302 2190 359 HOM.
2234 304 2278 361 Ι.

3516 308 3623 366 462

246 441 330 477 σιν
380 426 760 495 πνευματικὴν,
813 427 905 477 καὶ
957 420 1222 499 ἰνδύματα
1267 445 1502 503 ουρανια,
1556 427 1591 481 ἃ
1633 428 1773 481 ἐστιν
1821 430 1841 485 ἦ

1965 427 2104 495 lem,
2140 435 2196 487 et
2239 432 2590 493 vestimenta
2632 435 2915 502 cmlestia,
2959 449 3098 506 qum
3131 437 3271 491 sunt
3312 447 3451 492 vera
3492 434 3620 492 vita

242 511 400 574 ὅντως
435 512 545 573 ζωὴ
587 520 683 574 τῆς
719 513 925 585 ψυχῆς⁵

313 636 400 691 ῙΑ’
436 659 447 669 ·
493 636 692 710 *Ωσπερ
725 635 812 690 οὖν
840 637 914 711 τῷ
964 646 1188 714 σώματι,
1235 644 1405 703 καθὼς
1454 646 1763 715 προείρηται
1818 644 1846 700 ἠ

240 725 349 786 ζωὴ
398 726 494 778 οὐκ
541 726 595 790 ἐξ
646 727 830 780 ἑαυτοῦ
880 729 1044 795 ἔστιν,
1090 731 1197 781 ἀλλ’
1250 732 1428 793 ἔξωθεν
1477 732 1658 796 αὑτοῦ,
1711 732 1853 783 τοῦτ’

239 817 383 866 ἔστιν
442 814 543 867 ἀπὸ
600 824 695 877 τῆς
744 826 865 888 γῆς,
925 824 1014 871 καὶ
1070 825 1241 894 χωρὶς
1294 828 1392 871 τῶν
1457 821 1636 882 ἔξωθεν
1692 820 1850 872 αὐτοῦ

238 907 417 967 ὄντων,
453 901 709 957 ἀδύνατον
747 907 885 978 αὐτῷ
925 908 1089 969 ζῆσαι
1123 931 1136 943 ·
1171 909 1305 961 οὕτω
1344 914 1434 962 καὶ
1472 912 1502 968 ἡ
1544 909 1723 980 ψυχὴ,
1766 908 1850 961 ἐὰν

238 997 310 1061 μὴ
377 996 601 1066 γεννηθῇ
654 994 754 1048 ἀπὸ
818 1004 908 1049 τοῦ
960 1005 1049 1049 νῦν
1102 998 1169 1059 εἰς
1212 998 1407 1056 ἐκείνην
1459 1002 1549 1057 τὴν
1600 1006 1699 1069 γῆν
1752 1007 1850 1049 τῶν

237 1081 465 1147 ζώντων,
544 1082 779 1138 κάκεῖθεν
851 1094 1016 1161 τραφῇ
1094 1096 1453 1160 πνευματικῶς
1527 1096 1599 1159 τῷ
1676 1092 1851 1163 Κυρίῳ

234 1176 633 1243 προκόπτουσα,
688 1180 777 1227 καὶ
826 1174 1097 1248 ἀμφιασθῇ
1154 1177 1208 1229 ἐκ
1240 1188 1329 1238 τῆς
1364 1179 1600 1238 θεότητος
1648 1176 1854 1252 ἀρῥητα

235 1261 413 1333 ἄμφια
465 1262 709 1335 οὐρανίου
764 1265 997 1335 κάλλους,
1054 1272 1223 1339 χωρὶς
1270 1267 1468 1328 ἐκείνης
1520 1274 1615 1329 τῆς
1658 1274 1852 1337 τροφῆς

239 1350 410 1409 ζῆσαι
460 1352 623 1411 αὐτὴν
682 1352 729 1405 ἓν
758 1354 1044 1407 ἀπολαύσει
1083 1361 1172 1408 καὶ
1205 1355 1493 1408 ἀναπαύσει
1521 1354 1605 1426 ἀφ’
1661 1354 1851 1418 ἑαυτῆς

236 1435 519 1495 ἀδύνατον.
571 1440 725 1512 Ἔχει
762 1446 864 1517 γὰρ
911 1445 941 1502 ἡ
996 1446 1104 1496 θεία
1140 1446 1295 1517 φύσις
1341 1449 1431 1496 καὶ
1482 1446 1636 1517 ἄρτον
1688 1444 1847 1505 ζωῆς»

236 1530 326 1579 τὸν
359 1529 582 1595 εἰπόντα,
643 1531 789 1602 Ἐγώ
842 1532 976 1603 εἰμι
1015 1534 1265 1605 ὀσῖρτός
1323 1542 1431 1593 τῆς
1495 1533 1662 1593 ζωῆς
1699 1536 1846 1596 ’καὶο

234 1614 448 1689 ’Υδωρ
483 1619 602 1678 ζῶν
634 1637 643 1646 '

236 1703 586 1780 ἀνθρώπου
610 1726 622 1739 ·
658 1715 765 1775 καὶ,
797 1710 1281 1781 Ἀγαλλιοίσεως
1322 1714 1563 1776 ἔλαιον,
1596 1715 1683 1763 καὶ
1710 1730 1847 1782 παμ-

698 1625 808 1687 καὶ,
844 1620 1029 1674 Οἶνον
1070 1623 1518 1695 εὐφραίνοντα
1556 1618 1848 1695 καρδίαν

232 1796 465 1847 ποίκιλον
515 1802 708 1872 τροφὴν
761 1799 1004 1872 οὐρανίου
1060 1803 1373 1873 Πνεῦματος,
1430 1805 1519 1852 καὶ
1578 1786 1922 1871 ἐνδύματαΒ

234 1888 403 1955 φωτὸς
443 1886 658 1959 οὐράνια
696 1887 751 1940 ἐκ
792 1897 882 1942 τοῦ
915 1897 1048 1943 Θεοῦ
1096 1892 1448 1961 τυγχάνοντα.
1503 1888 1585 1941 Ἐν
1640 1891 1846 1949 τούτοις

232 1971 375 2026 ἐστὶν
408 1977 437 2031 ἡ
470 1976 676 2039 αἰώνιος
726 1981 830 2040 ζωὴ
884 1987 974 2039 τῆς
1021 1978 1227 2051 ψυχῆς.
1279 1980 1413 2031 Οὐαὶ
1468 1984 1693 2050 σώματι,
1751 1979 1844 2029 ὀπ-

230 2066 355 2115 όταν
388 2064 459 2127 εἰς
496 2070 589 2124 τὴν
630 2066 815 2118 ἑαυτοῦ
856 2070 1010 2139 φύσιν
1068 2068 1285 2141 ἑστήκῃ,
1350 2069 1430 2119 ὅτι
1487 2064 1846 2140 διαφθείρεται

236 2156 326 2204 καὶ
370 2151 688 2212 ἀποθνήσκει
723 2173 735 2185 '
792 2160 881 2208 καὶ
930 2156 1047 2208 οὐαὶ
1093 2156 1273 2229 ψυχῇ,
1322 2156 1364 2208 εἰ
1414 2156 1479 2216 εἰς
1506 2160 1599 2213 τὴν
1659 2154 1849 2216 ἑαυτῆς

235 2245 395 2313 φύσιν
451 2248 604 2315 μόνον
654 2245 857 2310 ἔστηκε,
908 2250 998 2297 καὶ
1047 2245 1119 2307 εἰς
1166 2248 1231 2298 τὰ
1278 2246 1459 2306 ἑαυτῆς
1511 2248 1638 2320 ἔργα
1693 2250 1846 2318 μόνον

233 2333 473 2392 πέποιθε,
512 2336 585 2405 μὴ
630 2335 833 2404 ἔχουσα
893 2336 1029 2386 θείου
1094 2337 1392 2407 Πνεῦματος
1430 2338 1720 2397 κοινωνίαν,
1764 2335 1845 2386 ὅτι

235 2418 558 2478 ἀποθνήσκει
614 2421 753 2482 ζωῆς
806 2422 1016 2475 αἰωνίου
1077 2425 1315 2485 θεότητος
1370 2428 1440 2494 μὴ
1510 2421 1843 2484 καταξιωθεῖ-

236 2528 326 2561 σα.
377 2508 578 2583 Ὠσπερ
622 2512 724 2583 γὰρ
779 2511 863 2564 ἐπὶ
920 2520 1020 2563 τῶν
1072 2514 1445 2577 ἀσθενούντων,
1499 2511 1622 2563 ὶπὰν
1652 2514 1840 2582 μηκέτι

231 2602 291 2650 τὸ
355 2606 509 2671 σῶμα
566 2596 789 2658 δύνηται
835 2600 1007 2654 λαϐεῖν
1058 2607 1270 2677 τροφὴν,
1325 2600 1700 2661 ἀπελπίζουσιν
1750 2600 1841 2650 αὑ-

232 2691 374 2751 τοὺς,
422 2692 510 2740 καὶ
561 2688 805 2742 κλαίουσι
856 2692 1043 2752 πάντες
1092 2696 1301 2761 γνήσιοι
1357 2690 1513 2761 φίλοι,
1574 2696 1840 2760 συγγενεῖς

233 2781 325 2829 καὶ
358 2775 659 2847 ἀγαπητοίο
714 2778 849 2831 οὕτω
902 2778 1068 2831 κλαίει
1099 2780 1123 2830 ὁ
1154 2783 1284 2841 Θεὸς
1324 2785 1413 2831 καὶ
1470 2780 1518 2831 οἱ
1547 2778 1691 2850 οἶγιοι
1748 2779 1840 2849 ἆγ-

232 2865 374 2936 γελοι
429 2869 518 2927 τὰς
580 2866 763 2939 ψυχὰς
813 2871 907 2929 τὰς
958 2872 1029 2939 μὴ
1089 2873 1393 2943 τρεφομένας
1440 2872 1633 2940 τροφὴν
1687 2868 1837 2940 οὐρα-

233 2973 341 3005 νιον
371 2963 464 3006 τοῦ
510 2960 819 3029 Πνεῦματος,
852 2962 943 3009 καὶ
997 2956 1044 3008 ἐν
1077 2956 1343 3031 ἀφθαρσίᾳ
1388 2958 1651 3018 ζησάσας.
1706 2962 1839 3009 Ταῦ-

238 3060 305 3094 τα
337 3039 394 3094 δε
440 3049 529 3095 καὶ
555 3045 704 3097 πάλιν
759 3051 911 3118 φημὶ,
968 3046 1061 3098 οὐκ
1092 3047 1220 3099 εἰσὶν
1271 3047 1445 3109 ἁπλῶς
1486 3046 1632 3117 λόγοι
1659 3046 1839 3099 λαλού-

235 3150 401 3203 μενοι,
458 3130 567 3185 ἀλλ’
627 3137 771 3207 ἔργον
845 3144 1196 3207 πνευματικῆς
1248 3136 1410 3204 ζωῆς,
1487 3139 1635 3210 ἔργον
1711 3135 1910 3193 ἄλη-Ο

235 3224 397 3288 θείας,
476 3223 547 3285 εἰς
602 3228 695 3282 τὴν
750 3224 897 3287 ἀξίαν
949 3230 1039 3277 καὶ
1087 3229 1280 3284 πιστὴν
1354 3225 1541 3298 ψυχὴν
1596 3229 1837 3297 γιγνόμε-

232 3329 342 3365 νον.

311 3436 417 3491 ῙΒ’.
453 3436 511 3489 Εἰ
550 3440 722 3488 τοίνυν
780 3436 948 3508 ἐγένου
982 3439 1158 3511 θρόνος
1205 3444 1295 3491 τοῦ
1322 3445 1476 3503 Θεοῦ,
1527 3443 1616 3491 καὶ
1671 3438 1836 3492 ἐπιϐέη

235 3525 392 3585 ϐηκεν
422 3524 506 3579 ἐπὶ
535 3528 593 3579 σε
622 3527 648 3577 ὁ
702 3526 932 3600 οὐράνιος
961 3529 1198 3599 ἡνίοχος,
1229 3533 1319 3580 καὶ
1366 3526 1560 3599 ἐγένετο
1592 3530 1621 3587 ἡ
1677 3528 1833 3601 ψυχὴ

232 3636 329 3669 σου
371 3615 462 3674 ὅλη
504 3615 766 3689 ὀφθαλμὸς
802 3621 1164 3689 πνευματικὸς,
1207 3623 1296 3670 καὶ
1336 3618 1425 3676 ὅλη
1468 3628 1574 3689 φῶς
1616 3637 1626 3648 ·

229 3708 453 3781 ἐτράφης
505 3704 699 3765 ἐκείνην
739 3711 833 3764 τὴν
890 3714 981 3759 τοῦ
1037 3709 1333 3779 Πνεύματος
1386 3712 1597 3780 τροφὴν,
1651 3714 1740 3760 καὶ
1794 3709 1837 3760 εἰ

1666 3624 1755 3671 καὶ
1795 3620 1837 3672 εἰ

228 3797 508 3855 ὶποτίσθης
537 3795 592 3847 ἐκ
642 3803 734 3848 τοῦ
794 3796 983 3857 ζῶντος
1029 3792 1241 3859 ὓδατος,
1274 3802 1363 3849 καὶ
1416 3796 1459 3849 εἰ
1488 3793 1714 3850 ἑνεδύσω
1772 3800 1836 3849 τά

224 3892 319 3937 τοῦ
348 3883 576 3958 ἀρρήτου
636 3888 803 3956 φωτός
854 3881 1124 3956 ἐνδύματα
1156 3906 1167 3919 ·

228 3976 331 4026 ἔσω
401 3993 496 4027 σου
559 3976 824 4047 ἄνθρωπος
878 3973 926 4026 ἐν
986 3978 1139 4047 πείρᾳ
1186 3981 1274 4027 καὶ
1330 3975 1655 4049 πληροφορίᾳ
1710 3978 1834 4027 καθ-

228 4062 459 4133 έστηκεν,
520 4060 636 4116 ἰδοῦ
688 4064 786 4135 ζῇς
828 4068 916 4116 καὶ
948 4068 1041 4122 τὴν
1082 4068 1236 4125 ὅντως
1268 4064 1471 4115 αἰώνιον
1522 4064 1683 4130 ζωὴν,
1731 4063 1831 4117 ἀπὸ

227 4158 317 4203 τοῦ
363 4158 452 4202 νῦν
502 4154 634 4223 μετά
684 4158 776 4204 τοῦ
824 4156 1017 4225 Κυρίου
1068 4150 1459 4223 ἀναπαυομένης
1496 4159 1590 4214 τῆς
1644 4150 1830 4223 ψυχῆς

231 4258 346 4294 σου.
412 4236 552 4292 Ἰδοὺ
604 4243 859 4298 κέκτησαι
934 4245 1024 4293 καὶ
1073 4240 1248 4303 ἔλαϐες
1300 4248 1468 4292 ταῦτα
1541 4243 1684 4315 παρὰ
1741 4248 1830 4292 τοῦ

230 4334 425 4402 Κυρίου
479 4328 528 4382 ἐν
582 4328 796 4402 ἀληθείᾳ
846 4332 928 4383 ῐνα
986 4330 1082 4403 ζῇς
1140 4330 1279 4390 ζωὴν
1337 4329 1604 4388 ἀληθινήν.
1659 4330 1716 4383 Εἰ
1773 4329 1830 4383 δὲ

226 4417 394 4493 μηδὲν
433 4422 628 4471 τούτων
670 4416 921 4483 σύνοιδας
966 4427 1188 4490 σεαυτῷ,
1229 4419 1373 4472 κλαῖε
1402 4424 1491 4472 καὶ
1533 4419 1697 4472 λυποῦ
1741 4424 1827 4472 καὶ

1216 3885 1258 3937 εἰ
1288 3888 1481 3937 τούτων
1513 3885 1749 3938 ἁπάντων
1809 3888 1834 3938 ὁ

1864 4484 1909 4538 D

227 4506 447 4584 ὀδύρου,
510 4510 590 4561 ὄτι
646 4515 738 4561 τοῦ
803 4509 1013 4561 αἰωνίου
1064 4514 1153 4561 καὶ
1211 4516 1557 4580 πνευματικοῦ
1606 4509 1828 4562 πλούτου

227 4596 399 4669 ἀκμὴν
474 4593 680 4651 οὐδέπω
754 4600 1068 4669 τετύχηκας,
1145 4602 1234 4651 καὶ
1291 4602 1385 4656 τὴν
1460 4601 1617 4659 ὅντως
1692 4598 1830 4658 ζωὴν

230 4686 401 4757 ἀκμὴν
432 4683 637 4740 οὐδέπω
689 4684 865 4750 ἐδέξω.
926 4692 1083 4741 Πόνον
1135 4683 1221 4739 οὖν
1252 4690 1343 4759 ἔχε
1378 4692 1493 4759 περὶ
1548 4695 1643 4747 τῆς
1689 4707 1829 4739 πτω-

229 4778 388 4847 χείας
417 4793 527 4838 σου,
580 4772 820 4847 δεόμενος
862 4783 956 4828 τοῦ
1002 4777 1198 4848 Κυρίου
1246 4780 1427 4837 νυκτός
1478 4781 1567 4828 καὶ
1612 4778 1826 4850 ἡμέρας,

228 4865 312 4916 ὅτι
369 4863 437 4924 εἰς
487 4869 576 4922 τὴν
624 4861 799 4923 δεινὴν
863 4869 1038 4917 πενίαν
1096 4873 1191 4928 τῆς
1265 4866 1525 4938 ἁμαρτίας
1577 4866 1823 4928 ἕστηκας.

224 4955 347 5007 Εἴθε
412 4949 472 5006 δὲ
526 4952 621 5005 κᾶν
674 4958 828 5006 πόνον
876 4972 955 5015 τις
1011 4956 1273 5019 ἐκέκτητο,
1335 4951 1429 5007 διὰ
1490 4959 1583 5014 τὴν
1641 4955 1826 5008 ἑαυτοῦ

224 5046 534 5114 πτωχείαν⁹
588 5045 647 5094 τό
700 5046 771 5113 μὴ
823 5043 996 5117 ὥσπερ
1046 5047 1404 5117 κεκορεσμένοι
1456 5042 1503 5096 έν
1549 5043 1829 5117 ἀμεριμνίᾳ

226 5130 494 5205 διήγομεν,
538 5132 618 5183 ὄτι
647 5132 672 5183 ὁ
710 5135 863 5184 πόνον
894 5134 1052 5203 ἔχων,
1092 5137 1181 5185 καὶ
1221 5132 1391 5192 ζητῶν
1431 5138 1517 5184 καὶ
1560 5133 1712 5185 αἰτῶν
1742 5138 1827 5186 τὸν

225 5224 415 5295 Κύριον
474 5218 844 5285 ἀδιαλείπτως,
885 5225 1090 5291 ταχέως
1129 5220 1361 5283 τεύξεται
1400 5230 1489 5281 τῆς
1528 5220 1831 5294 ἀπολυτρώ-

226 5330 374 5380 σεως,
426 5315 516 5361 καὶ
567 5316 657 5361 τοῦ
699 5308 1006 5383 ἐπουρανίου
1054 5309 1301 5375 πλούτου,
1356 5312 1529 5372 καθὼς
1573 5311 1597 5362 ὁ
1646 5315 1830 5384 Κύριος

224 5399 380 5470 ἔλεγε,
416 5402 537 5474 περὶ
576 5405 667 5450 τοῦ
709 5395 898 5450 ἀδίκου
937 5406 1119 5471 κριτοῦ
1157 5402 1245 5450 καὶ
1284 5405 1377 5459 τῆς
1416 5404 1595 5473 χήρας
1634 5396 1833 5473 διεξερ-

226 5490 553 5563 χόμενοςτόν
574 5487 724 5559 λόγον
760 5504 772 5517 ·
808 5491 990 5560 Πόσῳ
1029 5487 1264 5561 μᾶλλον
1304 5488 1329 5539 ό
1371 5492 1525 5548 Θεὸς
1564 5492 1831 5546 ποιήσει

1420 5675 1465 5711 ¹⁸
1494 5675 1642 5731 Psal.
1672 5690 1785 5739 Civ,
1822 5679 1905 5731 l5.

301 5682 349 5717 ιο
372 5679 551 5734 Joan.
579 5691 661 5743 v1,
692 5676 783 5733 35.
865 5678 910 5713 ιτ
941 5676 1111 5734 Joan.
1144 5692 1222 5743 1v,
1259 5676 1341 5732 l0.

1964 518 2204 575 animae.

2038 646 2119 701 ΧΙ.
2164 650 2691 713 Quemadmodum
2731 651 2907 721 igitur
2935 664 3173 721 corpus,
3218 652 3283 705 ut
3312 663 3496 720 supra
3530 647 3618 702 di-

1962 739 2143 801 ctum,
2197 738 2378 795 vitam
2420 756 2539 795 non
2583 757 2653 795 ex
2699 756 2786 808 se,
2822 739 2926 794 sed
2964 737 3205 795 aliunde
3252 737 3457 802 habet,
3499 737 3616 792 hoc

1963 829 2053 879 est
2091 842 2127 879 a
2159 832 2330 892 terra,
2364 833 2420 883 et
2443 829 2672 901 absque
2710 829 2801 893 iis,
2833 844 2970 900 quas
2999 833 3165 883 extra
3196 831 3353 891 sunt,
3396 826 3620 897 impos-

1961 912 2129 969 sibile
2159 923 2245 971 est
2270 916 2323 971 ei
2356 917 2537 973 vitam
2569 918 2785 973 ducere
2816 934 2827 973 :
2862 918 2946 973 ita
2973 922 3029 973 et
3055 916 3277 979 anima,
3311 914 3427 970 nisi
3453 913 3530 970 ab
3557 913 3615 984 8

1962 1002 2077 1057 hoc
2119 1009 2385 1075 tempore
2424 1012 2804 1079 regeneretur
2840 1008 2897 1062 in
2938 1006 3103 1062 illam
3148 1005 3473 1059 viventium
3507 1006 3621 1058 ter-

1968 1107 2114 1161 ram,
2174 1098 2233 1148 et
2278 1094 2394 1149 illic
2439 1096 2820 1167 spiritualiter
2863 1095 3073 1165 alatur,
3125 1099 3182 1149 et
3232 1090 3619 1165 spiritualiter

1966 1182 2216 1237 Domino
2256 1184 2572 1254 proﬁciens
2613 1189 2857 1249 crescat,
2889 1188 2944 1239 et
2971 1182 3205 1240 arcanis
3244 1179 3621 1236 vestimentis

1964 1270 2220 1326 cmlestis
2250 1272 2707 1343 pulchritudinis
2737 1290 2805 1328 ex
2836 1272 3139 1327 divinitate
3160 1269 3493 1340 desumptis
3526 1268 3616 1323 in-

1962 1358 2198 1425 duatur,
2231 1360 2461 1433 absque
2490 1362 2588 1417 illo
2616 1363 2750 1418 cibo
2790 1363 2849 1417 in
2883 1360 3105 1432 gaudio
3136 1364 3191 1413 et
3220 1358 3416 1428 quiete
3448 1372 3519 1411 ex
3551 1370 3613 1409 se

1962 1446 2094 1517 ipsa
2130 1450 2324 1505 vivere
2373 1450 2548 1522 plane
2598 1467 2719 1507 non
2760 1454 2971 1523 potest.
3017 1447 3204 1505 Habet
3238 1446 3396 1502 enim
3434 1444 3613 1500 etiam

1962 1536 2160 1593 divina
2194 1544 2404 1594 natura
2423 1556 2642 1612 panem
2674 1540 2827 1605 vitae,
2862 1540 2965 1612 qui
2989 1538 3130 1593 dicit
3159 1554 3171 1591 :
3204 1539 3333 1607 Ego
3358 1550 3485 1591 sum
3512 1548 3618 1601 pa-

1960 1625 2051 1681 nis
2077 1627 2289 1692 vitae“,
2320 1632 2375 1683 et
2403 1651 2413 1682 :
2449 1630 2684 1701 Aquam
2714 1628 3001 1685 viventem
3025 1628 3094 1693 ¹⁷,
3127 1631 3181 1682 et
3215 1644 3228 1682 :
3270 1625 3482 1681 Vinum
3519 1623 3617 1678 la?-

1960 1715 2195 1783 tiﬁcans
2222 1733 2323 1772 cor
2354 1717 2607 1773 hominis
2632 1718 2699 1784 η,
2732 1723 2819 1773 et:
2866 1718 3071 1773 Oleum
3103 1711 3612 1775 exsultationis“,

1959 1812 2012 1860 et
2054 1806 2445 1875 multiplicem
2485 1806 2736 1862 crelestis
2787 1806 3037 1878 Spiritus
3072 1806 3295 1869 cibum,
3343 1806 3398 1858 et
3441 1800 3617 1855 vesti-

1958 1899 2159 1949 menta
2206 1894 2449 1950 luminis
2498 1895 2777 1959 coelestia,
2826 1912 2860 1951 a
2916 1897 3030 1950 Deo
3075 1892 3360 1966 profecta.
3407 1890 3472 1943 In
3519 1888 3613 1943 his

1958 1982 2226 2039 consistit
2255 1989 2477 2039 aeterna
2500 1985 2716 2039 animae
2746 1984 2880 2040 vita.
2916 1984 3016 2039 Va:
3048 1982 3303 2053 corpori,
3334 1978 3383 2034 si
3414 1979 3474 2034 in
3505 1992 3617 2033 sua

1957 2073 2145 2144 ipsius
2177 2079 2390 2129 natura
2424 2073 2768 2139 constiterit,
2800 2073 2944 2145 quia
2974 2070 3375 2142 corrumpitur
3403 2072 3459 2125 et
3489 2081 3615 2122 mo-

1958 2161 2120 2215 ritur.
2170 2163 2262 2216 Vae
2306 2162 2484 2217 etiam
2530 2161 2770 2228 animae,
2822 2162 2869 2215 si
2914 2161 2973 2215 in
3020 2176 3129 2215 sua
3167 2158 3355 2230 ipsius
3398 2160 3615 2211 natura

1954 2251 2261 2316 consistat,
2285 2256 2341 2305 et
2366 2251 2488 2305 suis
2516 2250 2797 2322 operibus
2820 2250 3011 2305 solum
3035 2248 3200 2311 ﬁdat,
3230 2262 3349 2301 non
3378 2244 3612 2300 habens

1953 2339 2475 2410 participationem
2510 2339 2759 2411 Spiritus
2788 2338 2994 2403 divini,
3027 2337 3170 2409 quia
3200 2334 3468 2403 moritur,
3503 2347 3615 2388 nec

1953 2428 2086 2483 vitae
2126 2433 2360 2483 reternaa
2400 2444 2469 2484 ac
2500 2428 2720 2483 divinae
2763 2427 2982 2483 idonea
3014 2430 3272 2498 putatur.
3315 2420 3613 2489 Quemad-

1953 2517 2202 2572 modum
2224 2518 2380 2572 enim
2410 2517 2661 2572 inﬁrmis
2679 2516 2915 2582 accidit,
2942 2521 3020 2584 ut,
3046 2515 3093 2570 si
3115 2528 3332 2585 corpus
3349 2509 3611 2582 amplius

1950 2605 2155 2661 cibum
2173 2622 2384 2677 capere
2404 2612 2680 2679 nequeat,
2702 2621 2946 2661 omnem
2968 2605 3042 2660 de
3069 2618 3278 2659 eorum
3294 2601 3417 2656 vita
3438 2614 3608 2671 spem

1950 2694 2256 2766 abjiciant,
2275 2710 2606 2766 omnesque
2624 2694 2745 2750 veri
2764 2693 2962 2759 amici,
2985 2692 3221 2762 cognati
3247 2694 3424 2761 atque
3440 2686 3611 2743 fami-

1950 2782 2127 2839 liares
2159 2783 2431 2855 plorent:
2467 2783 2551 2837 sic
2591 2782 2863 2853 deplorat
2900 2781 3055 2836 Deus
3094 2786 3151 2835 et
3183 2778 3370 2834 sancti
3411 2774 3608 2846 angeli

1952 2874 2207 2940 animas,
2249 2888 2369 2928 non
2408 2877 2716 2928 vescentes
2757 2870 2983 2925 caelesti
3015 2869 3152 2925 cibo
3191 2866 3462 2938 Spiritus,
3498 2878 3609 2919 nec

1950 2962 2009 3016 in
2042 2961 2485 3033 incorruptione
2534 2961 2819 3016 viventes.
2864 2962 2996 3014 Haec
3026 2972 3168 3013 vero
3200 2970 3407 3011 rursus
3447 2953 3605 3019 dico,

1949 3066 2072 3106 non
2117 3056 2255 3105 sunt
2292 3050 2473 3106 verba
2507 3049 2667 3105 nude
2706 3054 2762 3104 et
2810 3046 3159 3119 simpliciter
3197 3043 3449 3116 prolata,
3501 3040 3607 3096 sed

1950 3155 2104 3211 opus
2141 3140 2276 3195 vita:
2307 3139 2645 3210 spiritualis,
2687 3153 2840 3210 opus
2878 3151 3109 3201 verum,
3147 3132 3311 3207 quod
3351 3130 3605 3187 efﬁcitur

1948 3230 2009 3285 in
2040 3230 2244 3286 anima
2273 3228 2460 3300 digna
2488 3232 2546 3284 et
2574 3226 2755 3283 ﬁdeli.

2018 3442 2120 3497 XII.
2174 3442 2229 3497 Si
2270 3440 2445 3511 igitur
2485 3440 2734 3496 thronus
2780 3438 2881 3495 Dei
2926 3438 3170 3493 effectus
3216 3450 3300 3500 es,
3346 3438 3402 3489 et
3444 3433 3603 3489 inse-

1945 3530 2097 3586 derit
2120 3531 2181 3586 in
2209 3536 2261 3586 te
2287 3530 2536 3586 ccelestis
2558 3530 2785 3601 auriga,
2817 3532 2876 3584 et
2897 3528 3100 3582 anima
3118 3531 3219 3582 tua
3246 3528 3366 3580 tota
3390 3522 3601 3579 oculus

1947 3620 2294 3691 spiritualis,
2336 3625 2390 3674 et
2435 3625 2557 3675 tota
2595 3619 2798 3673 lumen
2838 3616 3050 3672 effecta
3092 3620 3218 3673 est:
3271 3614 3320 3668 si
3359 3625 3604 3685 quoque

1947 3709 2166 3765 caelesti
2206 3709 2304 3764 illo
2342 3708 2593 3779 Spiritus
2622 3708 2757 3763 cibo
2788 3707 3079 3761 enutritus
3118 3720 3206 3769 es,
3240 3708 3294 3757 et
3328 3717 3401 3756 ex
3441 3715 3604 3773 aqua

1946 3798 2081 3853 vitae
2114 3797 2339 3861 bibisti,
2380 3802 2559 3868 atque
2613 3797 2969 3851 vestimenta
2996 3793 3199 3849 arcani
3234 3791 3479 3846 luminis
3517 3789 3602 3844 in-

1945 3886 2162 3942 duisti:
2210 3886 2257 3942 si
2289 3886 2548 3956 denique
2578 3888 2713 3939 tuus
2744 3883 2985 3939 interior
3023 3881 3206 3937 homo
3237 3880 3365 3934 haec
3395 3878 3601 3933 omnia

1944 3982 2224 4047 expertus
2271 3991 2340 4029 ac
2380 3974 2439 4028 in
2484 3972 2625 4027 ﬁdei
2672 3972 3047 4027 abundantia
3095 3968 3447 4023 constitutus
3492 3970 3599 4032 est,

1942 4081 2077 4121 ecce
2102 4064 2250 4119 vivis
2280 4063 2459 4118 vitam
2487 4077 2694 4116 revera
2715 4066 3022 4123 aeternam,
3052 4057 3458 4129 requiescente
3477 4054 3599 4109 ani-

1945 4170 2045 4209 ma
2068 4159 2167 4209 tua
2192 4152 2268 4208 ab
2300 4152 2414 4207 hoc
2441 4154 2747 4205 momento
2765 4165 2901 4203 cum
2934 4146 3204 4202 Domino.
3243 4146 3322 4199 En
3344 4143 3598 4213 adeptus

1939 4259 2004 4298 es
2037 4250 2090 4298 et
2130 4241 2408 4312 accepisti
2437 4239 2565 4295 Ι]ωο
2596 4254 2631 4294 a
2661 4237 2911 4292 Domino
2948 4237 3005 4291 in
3029 4235 3291 4299 veritate,
3321 4236 3384 4287 ut
3414 4231 3595 4287 vitam

1942 4349 2143 4389 veram
2177 4331 2365 4386 vivas.
2399 4330 2459 4384 Si
2491 4344 2627 4383 vero
2657 4326 2802 4382 nihil
2833 4326 3050 4381 horum
3080 4323 3179 4379 tibi
3211 4321 3485 4377 conscius
3510 4336 3594 4386 es,

1940 4423 2129 4493 plora,
2175 4418 2522 4475 contristare
2562 4433 2632 4472 ac
2675 4431 2869 4485 geme,
2915 4413 3081 4486 quod
3124 4416 3485 4467 aeternarum
3524 4425 3595 4465 ac

1942 4509 2338 4583 spiritualium
2379 4507 2722 4563 divitiarum
2763 4504 3061 4576 particeps
3098 4501 3284 4557 tactus
3322 4498 3594 4555 nondum

1941 4616 2023 4667 es,
2070 4606 2126 4654 et
2169 4614 2367 4654 veram
2411 4598 2592 4651 vitam
2632 4594 2905 4650 nondum
2950 4590 3250 4663 accepisti.
3299 4588 3592 4645 Sollicitus

1940 4704 2081 4759 ergo
2104 4694 2233 4743 esto
2259 4687 2333 4741 de
2356 4685 2562 4757 inopia
2590 4682 3077 4754 tua,supplicans
3108 4679 3357 4735 Domino
3389 4681 3594 4732 noctes

1939 4783 1995 4833 et
2036 4777 2183 4843 dies,
2226 4792 2297 4831 eo
2345 4774 2510 4847 quod
2556 4774 2614 4828 in
2652 4772 2819 4842 gravi
2869 4774 3220 4843 paupertate
3265 4766 3491 4840 peccati
3530 4781 3596 4820 es

1937 4866 2308 4923 constitutus.
2336 4864 2572 4920 Utinam
2603 4878 2739 4917 vero
2768 4861 2840 4916 sit
2864 4859 3080 4932 aliquis
3108 4858 3212 4930 qui
3242 4856 3315 4911 de
3344 4854 3596 4928 penuria.

1937 4973 2043 5011 sua
2073 4955 2289 5010 anxius
2322 4953 2393 5007 sit
2422 4953 2433 5007 l
2477 4956 2533 5007 et
2563 4966 2682 5006 non
2712 4949 2873 5005 velut
2902 4948 3147 5006 saturati
3188 4946 3246 5001 in
3279 4945 3597 5001 securitate

1940 5046 2212 5099 vivamus
2252 5042 2263 5096 !
2315 5042 2458 5113 quia
2506 5039 2610 5112 qui
2657 5038 2926 5093 laborem
2975 5034 3273 5107 ejusmodi
3318 5033 3592 5097 sustinet,

1938 5133 2149 5206 quaerit
2197 5137 2253 5187 et
2300 5128 2699 5184 indesinenter
2746 5127 3060 5181 Dominum
3110 5124 3409 5188 obsecrat,
3456 5137 3598 5177 mox

1941 5225 2339 5291 consequetur
2379 5217 2853 5288 redemptionem
2908 5230 2978 5269 ac
3022 5213 3287 5269 caelestes
3334 5211 3593 5272 divitias,

1940 5308 2461 5381 quemadmodum
2504 5305 2790 5361 Dominus
2820 5302 2992 5368 dixit,
3029 5302 3103 5357 de
3143 5301 3364 5371 injusto
3388 5298 3595 5371 judice

1942 5404 1998 5454 et
2036 5399 2219 5452 vidua
2249 5410 2590 5450 sermonem
2628 5393 2858 5448 habens
2889 5407 2900 5447 :
2946 5391 3179 5457 Quanto
3211 5389 3399 5457 magis
3440 5389 3596 5441 Deus

1942 5486 2267 5544 vindictam
2306 5483 2487 5554 faciet
2522 5481 2911 5539 clamantium
2944 5479 3025 5535 ad
3060 5494 3119 5534 se
3152 5484 3323 5535 nocte
3356 5483 3407 5533 et
3438 5474 3533 5529 die
3570 5472 3597 5524 Υ

1986 5676 2031 5710 ¹⁹
2062 5672 2216 5729 Psal.
2246 5688 2376 5737 XLV,
2404 5674 2456 5728 8.
