4084 6256
548 308 652 367 463

1835 303 1897 359 S.
1939 302 2039 359 MA
2048 300 2242 359 GABII
2282 300 2593 358 [EGYPTII

3786 307 3877 364 464

543 442 705 493 corte
715 434 846 491 dico
862 434 1042 499 vobis,
1055 434 1198 506 quia
1209 432 1266 490 ci
1272 439 1328 488 to
1334 430 1518 503 faciet
1532 429 1854 488 vindictam
1866 429 2112 486 illorum
2126 430 2191 485 ³ο.

2308 432 2417 486 τὴν
2445 423 2789 485 ἐκδίκησιν
2812 431 2927 478 τῶν
2960 422 3257 497 βοώντων
3286 426 3444 499 πρὸς
3466 426 3657 481 αὐτὸν
3678 432 3881 494 νυκτὸς

546 525 651 583 Cui
682 525 871 597 gloria
894 530 951 581 et
982 524 1243 597 potentia
1271 524 1330 578 in
1363 520 1600 578 saecula.
1635 525 1848 577 Amen.

1180 808 1469 866 HOMILIA
1499 809 1561 863 ΙΙ.

546 922 633 977 De
676 935 857 989 regno
886 918 1285 979 tenebrarum,
1324 917 1433 972 hoc
1465 922 1567 980 est,
1598 917 1840 989 peccato
1869 932 1890 968 :
1919 917 1973 970 et
2011 913 2198 989 Deum

616 982 806 1048 solum
829 1006 999 1063 posse
1017 1006 1053 1046 a
1074 990 1240 1063 nobis
1266 995 1580 1063 peccatum
1598 982 1871 1063 auferre,
1903 1000 1973 1063 a_c
2002 999 2107 1063 nos
2133 982 2201 1038 li-

618 1057 1033 1134 berare'ejugo
1062 1057 1362 1119 servitutis
1373 1058 1668 1131 principis
1692 1057 2054 1129 nequissimi.

617 1316 658 1368 Ι.
692 1314 964 1382 Regnum
996 1308 1399 1373 tenebrarum,
1435 1307 1765 1364 malitiosus
1792 1304 2076 1361 nimirum
2107 1301 2203 1357 ille

545 1401 846 1474 princeps,
895 1399 1139 1455 homine
1193 1399 1270 1453 ab
1318 1397 1482 1452 initio
1530 1397 1765 1467 captivo
1814 1393 2066 1457 reddito,
2120 1392 2201 1449 sic

546 1488 939 1547 circumdedit
967 1492 1021 1544 et
1048 1486 1244 1544 induit
1272 1487 1539 1542 animam
1569 1490 1855 1557 tanquam
1890 1483 2199 1540 hominem

547 1582 838 1652 potestate
881 1576 1309 1633 tenebrarum:
1361 1577 1436 1631 Et
1483 1578 1680 1632 creent
1720 1590 1849 1631 eum
1881 1590 2094 1643 regem,
2146 1578 2201 1629 et

549 1669 808 1724 induant
823 1682 952 1723 eum
967 1667 1220 1723 vestibus
1236 1666 1618 1736 regalibus,et
1632 1680 1667 1720 a
1682 1665 1875 1735 capite
1886 1664 1962 1718 ad
1977 1678 2199 1734 ungues

2309 523 2413 570 καὶ
2444 521 2682 593 ἡμέρας
2712 532 2725 547 '
2759 521 2861 569 ναὶ
2890 515 3071 587 λέγω,
3098 520 3252 574 ποιή
3275 535 3380 569 σει
3409 521 3522 575 τὴν
3552 514 3881 577 ἐκδίκησιν

2309 606 2511 658 αὐτῶν
2576 606 2634 658 ἐν
2694 608 2896 678 τάχει
2929 626 2941 639 ι
3039 607 3069 663 ἡ
3102 601 3234 669 δόξα
3262 608 3439 659 καὶτὸ
3471 608 3659 681 κράτος
3687 606 3751 669 εἰς
3777 612 3882 672 τοὺς

2309 694 2516 759 αἰῶνας.
2549 695 2737 767 Ἀμὴν,

2934 801 3183 857 ΟΜΙΛΙΑ
3208 799 3287 854 Β’.

2312 914 2464 983 Περὶ
2495 918 2615 983 τῆς
2655 907 3007 981 βασιλείας
3031 915 3143 983 τοῦ
3186 910 3484 983 σκότους,
3536 907 3703 983 τοῦ-τ’
3737 911 3880 975 ἔστι,

2384 977 2497 1042 ¹ἑῆς
2522 977 2881 1054 ἁμαρτίας·
2912 985 3020 1033 καὶ
3050 980 3414 1054 ότι-μόνοςό
3438 982 3600 1041 Θεὸς
3628 977 3885 1054 δύναται

2386 1052 2595 1125 αἴρειν
2637 1052 2727 1125 ἀφ’
2762 1055 2940 1126 ,ἡμῶν
2979 1056 3092 1126 την
3134 1052 3496 1126 ἁμαρτίαν,
3538 1056 3647 1126 καὶ
3702 1052 3882 1126 ῥύσα-

2387 1120 2824 1197 σθάιὴμᾶςὲκ
2870 1134 2979 1185 τῆς
3032 1120 3347 1184 δουλείας
3404 1130 3515 1176 τοῦ
3572 1120 3884 1199 ἄρχοντος

2384 1203 2497 1249 τοῦ
2531 1203 2841 1270 πονηροῦ.

2382 1304 2461 1360 A’.
2514 1305 2573 1358 Ἠ
2622 1303 2869 1377 βασιλεία
2915 1309 3010 1355 τοῦ
3069 1306 3311 1370 σκότους,
3345 1303 3371 1354 ὁ
3429 1304 3648 1378 πονηρὸς
3698 1303 3881 1375 ἅρχων,

2311 1391 2749 1464 αἰχμαλωτεύσας
2802 1395 2889 1443 τὸν
2936 1392 3204 1464 ἄνθρωπον
3259 1389 3536 1463 ἁτε-αρχῆς,
3597 1390 3723 1443 οὕτω
3766 1408 3888 1461 περι-

2310 1484 2461 1540 έθηκε
2485 1486 2572 1534 καὶ
2619 1479 2828 1535 ἐνέδυσε
2858 1485 2950 1540 τὴν
2979 1480 3165 1553 ψυχὴν
3197 1479 3245 1532 ἓν
3297 1488 3363 1553 τῇ
3400 1480 3615 1552 ἐξουσίᾳ
3662 1486 3745 1532 τοῦ
3786 1481 3889 1530 σκό-

2310 1592 2431 1634 τους
2474 1575 2661 1624 ὠσανεὶ
2718 1573 2986 1645 ἄνθρωπον
3022 1588 3035 1601 ’
3098 1576 3218 1623 Καὶ
3284 1573 3665 1628 ποιήσωσιν
3720 1572 3889 1623 αὐτὸν

2313 1661 2612 1734 βασιλέα,
2644 1667 2750 1714 καὶ
2790 1658 3160 1714 ἑνδύσωσιν
3191 1660 3396 1713 αὐτὸν
3436 1657 3764 1733 ἐνδύματα
3800 1660 3889 1733 βα·

548 1757 778 1828 regalia
815 1757 979 1825 ferat
1022 1756 1380 1812 vestimenta.
1426 1756 1510 1810 Ita
1558 1756 1847 1819 animam,
1896 1769 1967 1808 ac
2016 1758 2191 1808 totam

2313 1751 2545 1817 σιλικὰ,
2587 1755 2694 1803 καὶ
2732 1750 2853 1803 ἀπὸ
2906 1751 3192 1822 κεφαλῆς
3244 1750 3367 1812 ἕως
3424 1749 3676 1822 ὀνύχων
3727 1748 3889 1821 βασι-

548 1846 680 1917 ejus
713 1845 1110 1901 substantiam
1139 1850 1382 1918 peccato
1410 1842 1603 1898 induit
1632 1858 1895 1915 nequam
1922 1842 2014 1897 ille
2044 1842 2199 1913 prin-

545 1950 706 2007 ceps,
750 1939 934 1990 totam
979 1933 1330 2005 inquinavit,
1374 1937 1429 1987 et
1478 1938 1665 1988 totam
1711 1932 2009 2003 captivam
2050 1931 2110 1986 in
2142 1931 2199 2002 9

546 2038 802 2094 regnum
847 2039 1027 2078 suum
1080 2021 1349 2087 abduxit,
1392 2036 1500 2076 nec
1546 2020 1783 2091 reliquit
1828 2019 2014 2074 ullum
2069 2020 2198 2090 ejus

547 2112 889 2170 membrum
941 2128 976 2167 a
1020 2128 1083 2167 se
1138 2111 1413 2175 liberum,
1462 2125 1582 2165 non
1626 2109 2036 2180 cogitationes,
2080 2123 2198 2164 non

548 2209 827 2265 mentem,
864 2216 986 2257 non
1028 2216 1265 2273 corpus,
1310 2198 1416 2255 sed
1457 2198 1717 2255 amicivit
1763 2213 1895 2253 eam
1933 2213 2203 2270 purpura

548 2290 955 2349 tenebrarum.
1001 2287 1528 2356 Quemadmodum
1568 2287 1726 2342 enim
1772 2287 2035 2359 corporis
2079 2302 2200 2342 non

549 2395 673 2437 una
700 2395 867 2452 pars,
900 2383 1003 2435 aut
1033 2394 1219 2434 unum
1240 2376 1579 2433 membrum
1607 2377 1845 2448 patitur,
1876 2375 1979 2430 sed
2010 2380 2199 2432 totum

547 2469 796 2526 omnino
821 2467 1089 2540 passioni
1115 2467 1446 2523 obnoxium
1490 2471 1574 2522 est
1600 2483 1611 2521 :
1648 2466 1730 2521 sic
1761 2470 1815 2521 et
1848 2470 1967 2522 tota
1997 2466 2200 2521 anima

546 2557 965 2615 affectionibus
988 2556 1225 2612 malitias
1249 2561 1304 2610 et
1325 2557 1571 2627 peccati.
1600 2556 1792 2611 Induit
1814 2554 1990 2625 igitur
2014 2559 2199 2609 totam

551 2646 1218 2717 animam,preecipuum
1230 2644 1491 2701 hominis
1508 2645 1846 2700 membrum
1860 2659 1928 2699 ac
1943 2647 2196 2716 partem,

544 2734 861 2807 improbus
908 2734 1000 2789 ille
1039 2734 1266 2791 malitia
1306 2750 1434 2798 sua,
1481 2734 1595 2789 hoc
1638 2739 1744 2800 est,
1791 2739 2037 2805 peccato
2084 2752 2095 2791 :
2145 2735 2200 2786 et

548 2826 632 2881 sic
659 2840 876 2897 corpus
903 2823 1171 2896 passioni
1204 2838 1273 2880 ac
1305 2822 1669 2895 corruptioni
1696 2821 2031 2893 subjectum
2054 2825 2158 2877 est.

618 3022 680 3076 ll.
725 3019 870 3077 Cum
905 3020 1064 3077 enim
1104 3020 1423 3091 Apostolus
1457 3019 1638 3075 dicit:
1686 3017 1911 3075 Ezuite
1949 3024 2198 3077 veterem

2309 1841 2457 1893 λικὰ
2485 1849 2667 1914 φορῇ.
2702 1841 2879 1901 Οὕτως
2907 1843 3000 1898 τὴν
3037 1839 3248 1912 ψυχὴν,
3288 1843 3383 1892 καὶ
3413 1839 3535 1897 ὅλην
3573 1843 3663 1898 τὴν
3692 1840 3891 1892 ὑπόσται

2312 1951 2412 1996 σιν,
2444 1934 2601 1991 αὐτῆς
2641 1928 2849 1983 ἐνέδυσε
2888 1933 2979 1988 τὴν
3019 1928 3278 2001 ἁμαρτίαν
3320 1930 3347 1981 ό
3381 1930 3565 2002 ἄρχων
3606 1929 3631 1980 ὁ
3669 1930 3881 2002 πονηρὸς,

2309 2025 2399 2073 καὶ
2430 2020 2550 2078 ὃλην
2580 2020 2770 2093 ἐμίανε,
2804 2024 2893 2071 καὶ
2921 2019 3040 2078 ὅλην
3081 2018 3496 2092 ᾐχμαλώτευσεν
3524 2018 3589 2079 εἰς
3626 2022 3714 2076 τὴν
3745 2016 3872 2089 βασιι

2308 2109 2444 2162 λείαν
2476 2110 2655 2175 αὐτοῦ,
2684 2114 2772 2161 καὶ
2794 2109 2886 2161 οὐκ
2916 2107 3107 2181 ἁφῆκεν
3139 2106 3255 2160 οὒτε
3278 2108 3329 2160 ἓν
3361 2107 3517 2182 μέλος
3546 2107 3704 2168 αὐτῆς
3725 2106 3870 2158 ἑλεύθε

2308 2217 2396 2273 ρον
2438 2196 2526 2250 ἀπ’
2564 2198 2746 2264 αὐτοῦ,
2778 2196 2837 2249 ού
2877 2196 3179 2269 λογισμοὺς,
3215 2195 3275 2248 οὗ
3321 2202 3463 2261 νοῦν,
3507 2195 3565 2249 ού
3597 2203 3761 2267 σῶμα,
3797 2192 3884 2245 ἀλλ’

2310 2283 2544 2339 ἐνέδυσεν
2602 2286 2764 2346 αὐτὴν
2802 2282 3106 2359 πορφυρίδα
3142 2292 3235 2338 τοῦ
3278 2290 3523 2348 σκότους.
3555 2284 3744 2356 Ὠσπερ
3801 2283 3883 2354 γὰρ

2307 2380 2362 2429 τὸ
2396 2384 2549 2449 σῶμα
2600 2375 2726 2448 ούχὶ
2757 2378 2805 2428 ἓν
2862 2379 3035 2451 μέρος,
3083 2376 3113 2434 ἢ
3146 2374 3317 2446 μέλος,
3376 2377 3600 2447 πάσχει,
3646 2372 3747 2425 ἁλλ’
3792 2369 3883 2423 ὅλον

2309 2466 2363 2528 ἐξ
2394 2466 2510 2519 ὅλου
2548 2467 2776 2523 παθητόν
2816 2464 2954 2517 ἐστιν
2999 2481 3011 2493 ·
3046 2464 3210 2526 οὕτως
3237 2468 3329 2517 καὶ
3371 2466 3401 2523 ἠ
3444 2464 3599 2536 ψυχή
3640 2461 3723 2519 όλη
3756 2460 3885 2513 ἔπαθε

2308 2559 2375 2609 τὰ
2403 2563 2497 2617 τῆς
2524 2560 2711 2617 κακίας
2740 2556 2880 2612 πάθη
2928 2558 3019 2606 καὶ
3048 2552 3332 2627 ἁμαρτίας.
3375 2550 3649 2609 Ἐνέδυσεν
3694 2546 3774 2602 οὖν
3802 2551 3877 2605 τὴν

2307 2645 2493 2718 ψυχὴν
2524 2644 2661 2711 ὅλην,
2717 2647 2775 2696 τὸ
2815 2642 3094 2715 ἀναγκαῖον
3147 2649 3238 2695 τοῦ
3295 2642 3578 2718 ἀνθρώπου
3633 2638 3770 2713 μέλος
3816 2640 3887 2689 καὶ

2307 2735 2513 2808 μέροςό
2567 2737 2792 2808 πονηρός
2838 2737 2931 2791 τὴν
2977 2736 3164 2784 κακίαν
3222 2732 3420 2798 αὐτοῦ,
3476 2730 3614 2783 τοῦτ’
3646 2732 3766 2793 εστι,
3812 2729 3886 2783 τὴν

2308 2824 2588 2899 ἁμαρτίαν,
2615 2828 2701 2875 καὶ
2760 2822 2924 2883 οὓτως
2953 2826 3010 2875 τὸ
3060 2829 3213 2895 σῶμα
3261 2823 3511 2881 παθητὸν
3562 2823 3649 2873 καὶ
3697 2816 3881 2892 φθαρτόν

2309 2911 2521 2984 ἐγένετο.

2380 3019 2451 3073 B’.
2504 3019 2662 3073 Ὅταν
2691 3020 2788 3093 γὰρ
2820 3018 2940 3091 λέγῃ
2998 3017 3023 3070 ό
3078 3015 3447 3082 Ἀπόστολος·
3507 3010 3877 3071 Ἐκδύσασθε

546 3112 839 3169 hominem
872 3112 938 3177 ³1,
972 3111 1269 3181 integrum
1303 3110 1461 3173 dicit,
1491 3108 1812 3167 habentem
1844 3108 2048 3165 oculos
2078 3109 2191 3165 suis

2309 3113 2412 3162 τὸν
2470 3109 2748 3162 παλαιόν
2807 3110 3162 3181 ἄνθρωπον,
3209 3107 3405 3160 τέλειον
3444 3107 3598 3180 λέγει,
3626 3102 3877 3189 ὀφθαλμοὺς

543 3202 731 3258 oculis
748 3200 1035 3271 adjectos,
1054 3205 1234 3271 caput
1258 3199 1457 3271 capiti,
1486 3214 1662 3255 aures
1686 3198 1951 3264 auribus,
1977 3214 2195 3254 manus

546 3289 847 3353 manibus,
892 3289 1076 3360 pedes
1112 3289 1389 3360 pedibus.
1426 3291 1637 3344 Totum
1671 3288 1830 3343 enim
1866 3288 2195 3355 hominem,

545 3378 810 3433 animam
830 3382 886 3432 et
910 3392 1150 3448 corpus,
1170 3376 1482 3447 improbus
1501 3376 1593 3430 ille
1610 3377 1822 3447 polluit
1838 3376 2193 3440 etdistraxit,

546 3465 843 3535 subiitque
868 3465 1196 3525 hominem,
1233 3470 1486 3520 veterem
1515 3464 1844 3531 hominem,
1876 3464 2193 3535 pollutum,

549 3553 858 3623 impurum
902 3558 1082 3623 atque
1122 3554 1221 3607 Dei
1260 3553 1512 3619 hostem,
1555 3568 1678 3608 non
1710 3552 2048 3623 subjectum
2080 3553 2195 3623 legi

545 3641 669 3706 Dei,
702 3642 816 3696 hoc
844 3645 948 3706 est,
984 3642 1179 3712 ipsum
1214 3644 1547 3711 peccatum,
1579 3642 1659 3696 ita
1689 3648 1751 3697 ut
1784 3641 2044 3711 amplius
2076 3657 2195 3698 nou

539 3729 745 3785 videat
788 3730 971 3785 homo
1027 3745 1132 3801 pro
1174 3730 1366 3785 lubitu
1424 3746 1554 3797 suo,
1615 3729 1720 3784 sed
1766 3735 1828 3785 ut
1878 3746 2194 3802 perperam

541 3817 757 3883 videat,
798 3833 1113 3890 perperam
1147 3819 1371 3885 audiat,
1407 3823 1463 3873 et
1496 3819 1679 3890 pedes
1714 3819 1933 3875 habeat
1958 3821 2033 3875 ad
2061 3835 2194 3891 per-

535 3908 898 3979 petrandum
936 3909 1163 3964 facinus
1199 3908 1678 3973 accelerantes“,
1717 3924 1785 3964 ac
1828 3925 2046 3965 manus
2090 3910 2195 3965 ini-

533 3996 823 4070 quitatem
859 4003 1202 4068 operantes,
1250 4002 1306 4053 et
1341 4014 1443 4053 cor
1486 3999 1757 4067 cogitans
1794 3998 1973 4055 mala.
2016 3999 2195 4055 Obse—

532 4102 768 4143 cremus
796 4086 979 4155 igitur
1013 4092 1069 4142 et
1109 4103 1219 4142 nos
1247 4090 1453 4150 Deum,
1494 4092 1553 4143 ut
1593 4092 1771 4143 exuat
1800 4103 1909 4143 nos
1948 4088 2191 4144 homine

530 4175 735 4239 veteri,
762 4177 907 4247 quia
940 4176 1064 4247 ipse
1102 4176 1265 4230 solus
1291 4192 1326 4231 a
1362 4176 1537 4232 nobis
1563 4176 1793 4231 auferre
1830 4182 2027 4248 potest
2057 4194 2191 4248 pec-

528 4269 728 4320 catum
758 4280 770 4319 :
799 4264 942 4336 quia
969 4265 1239 4320 fortiores
1258 4271 1412 4334 sunt,
1446 4266 1547 4337 qui
1571 4280 1681 4320 nos
1704 4267 1973 4337 captivos
2001 4267 2190 4323 abdu-

525 4356 762 4417 xerunt,
785 4353 921 4408 etin
947 4368 1132 4423 regno
1150 4369 1260 4409 suo
1287 4354 1571 4409 detinent.
1602 4355 1729 4425 Ipse
1753 4371 1892 4410 vero
1912 4357 2188 4426 promisit

529 4456 592 4496 se
628 4440 1019 4498 liberaturum
1049 4458 1158 4498 nos
1197 4459 1269 4498 ex
1298 4443 1576 4499 servitute
1616 4444 1748 4498 hac.
1784 4444 2185 4509 Quemadmoo

526 4528 673 4585 dum
714 4532 872 4585 enim
922 4530 1011 4586 sol
1059 4548 1197 4587 cum
1241 4532 1415 4598 lucet,
1464 4538 1520 4587 et
1572 4538 1783 4587 ventus
1834 4534 2038 4603 spirat,
2096 4538 2184 4591 sol

523 4619 769 4690 quidem
816 4621 1127 4691 proprium
1175 4637 1394 4693 corpus
1444 4627 1499 4677 et
1545 4623 1851 4693 propriam
1903 4629 2180 4680 naturam

521 4706 725 4777 habet,
768 4709 906 4764 item
945 4714 1001 4765 et
1040 4715 1249 4764 ventus
1289 4712 1595 4781 prOpriam
1639 4717 1915 4767 naturam
1953 4718 2008 4767 et
2047 4728 2180 4785 pro-

520 4795 716 4867 prium
751 4812 968 4868 corpus
1000 4797 1199 4865 habet,
1233 4804 1287 4853 et
1310 4814 1487 4855 nemo
1509 4805 1701 4870 potest
1730 4815 2009 4871 separare
2042 4817 2180 4858 ven-

518 4888 703 4941 tuma
746 4886 889 4947 sole,
922 4887 1035 4941 nisi
1086 4887 1249 4942 solus
1302 4889 1454 4943 Deus
1496 4894 1758 4955 ventum,
1790 4905 1863 4943 ne
1917 4891 2179 4961 amplius

515 4972 718 5044 spirat,
752 4974 1044 5031 sedaverit
1070 4995 1080 5034 :
1130 4976 1213 5030 sic
1244 4982 1298 5031 et
1330 4982 1644 5048 peccatum
1674 4978 1891 5034 animae
1923 4982 2171 5037 commi-

512 5065 671 5117 stum
704 5067 812 5128 est,
843 5066 1093 5136 utroque
1118 5064 1512 5121 nihilominus
1552 5066 1864 5139 propriam
1896 5073 2174 5126 naturam

510 5150 796 5208 habente.

582 5349 671 5403 ΙΙΙ.
719 5348 1095 5420 Impossibile
1138 5350 1316 5421 igitur
1355 5356 1441 5409 est
1496 5368 1776 5426 separare
1822 5353 2088 5410 animam
2139 5370 2173 5411 a

503 5441 770 5511 peccato,
807 5437 923 5494 nisi
954 5440 1103 5495 Deus
1131 5439 1297 5497 sedet
1326 5444 1380 5497 et
1412 5443 1580 5499 sistat
1613 5442 1979 5499 malitiosum
2010 5444 2170 5499 hunc

504 5536 772 5595 ventum,
806 5526 1179 5587 habitantem
1209 5529 1269 5587 in
1308 5531 1513 5589 anima
1546 5536 1601 5588 et
1638 5547 1907 5604 corpore.
1944 5534 2009 5590 Et
2042 5548 2168 5589 rur-

579 5686 621 5720 ²⁰
654 5686 787 5743 Luc.
817 5704 977 5755 mu,
1006 5695 1058 5747 7.
1138 5693 1180 5729 ²¹
1211 5690 1424 5765 Ephcs.
1462 5707 1542 5759 Iv,
1571 5695 1660 5749 22.

1740 5695 1785 5729 ²²
1818 5692 1972 5753 Psal.
2009 5709 2161 5760 LVIII,
2196 5696 2250 5753 3.

2309 3200 2500 3270 ἔχοντα
2573 3200 2703 3271 πρὸς
2777 3196 3085 3270 ὀφθαλμοὺς,
3164 3196 3390 3269 κεφαλὴν
3468 3198 3598 3270 πρὸς
3667 3188 3873 3263 κεφαλὴν,

2308 3288 2415 3339 ὦτα
2447 3290 2568 3362 πρὸς
2597 3287 2724 3351 ὦτα,
2779 3294 2961 3361 χεῖρας
3015 3288 3145 3359 πρὸς
3170 3292 3382 3359 χεῖρας,
3438 3282 3607 3347 πόδας
3637 3283 3754 3355 πρὸς
3799 3278 3876 3329 πό·

2310 3374 2425 3439 δας.
2501 3375 2653 3429 Ὀλον
2708 3378 2810 3447 γὰρ
2887 3380 2971 3427 τόν
3028 3376 3295 3448 ἄνθρωπον
3369 3376 3563 3448 ψυχήν
3614 3375 3698 3424 καὶ
3750 3372 3877 3427 σῶμα

2308 3468 2505 3538 ἐμίανεν
2558 3468 2582 3518 ό
2623 3468 2865 3537 πονηρὸς,
2914 3468 3002 3517 καὶ
3049 3468 3369 3533 κατέσπασε,
3426 3468 3516 3518 καὶ
3566 3456 3759 3514 ἐνέδυσε
3805 3455 3876 3505 τὸν

2306 3557 2594 3629 ἄνθρωπον,
2670 3554 2889 3608 παλαιὸν
2963 3555 3254 3627 ἄνθρωπον,
3330 3559 3426 3608 καὶ
3498 3553 3699 3626 μιαρόν,
3770 3541 3875 3595 ἀκά-

2309 3647 2511 3717 θαρτον,
2587 3650 2676 3697 καὶ
2753 3645 3034 3715 θεομάχον,
3092 3647 3181 3695 καὶ
3232 3646 3303 3715 μὴ
3349 3643 3762 3708 ὑποτασσόμενον
3814 3636 3872 3699 τῷ

2304 3741 2442 3809 νόμῳ
2493 3742 2582 3787 τοῦ
2640 3740 2793 3798 Θεοῦ,
2851 3736 3008 3790 αὐτὴν
3069 3736 3162 3791 τὴν
3221 3731 3506 3804 ἁμαρτίαν,
3585 3730 3662 3780 ἵνα
3714 3722 3875 3796 μηκέτι

2307 3819 2495 3894 βλέπῃ,
2575 3822 2641 3880 ὡς
2701 3818 2828 3871 θέλει
2887 3818 2913 3869 ό
2988 3816 3274 3891 ἅνθρωπος,
3329 3816 3441 3870 ἀλλ’
3517 3814 3598 3867 ἵνα
3667 3809 3874 3894 πονηρῶς

2305 3893 2421 3982 όρᾷ,
2453 3914 2543 3961 καὶ
2586 3915 2816 3982 πονηρῶς
2847 3906 3030 3979 ἁκούῃ,
3077 3911 3167 3959 καὶ
3214 3902 3386 3969 πόδας
3437 3909 3535 3978 ἔχῃ
3590 3893 3875 3954 σπεύδοντας

2305 3998 2390 4052 ἐπὶ
2454 4002 2781 4061 κακοποιίαν,
2850 4000 2940 4048 καὶ
2989 4002 3171 4069 χεῖρας
3245 3994 3596 4070 ἐργαζομένας
3665 3985 3873 4054 ἀνομίαν,

2302 4093 2393 4141 καὶ
2452 4083 2676 4159 καρδίαν
2742 4086 2945 4158 πονηρὰ
3006 4081 3459 4156 διαλογιζομένην,
3531 4070 3879 4165 Παρακαλέσοῖι-

2301 4196 2390 4250 μεν
2441 4172 2528 4229 οὖν
2575 4178 2665 4227 καὶ
2714 4175 2864 4245 ἡμεῖς
2915 4175 3000 4225 τὸν
3050 4176 3199 4239 Θεὸν,
3257 4173 3339 4225 ἵνα
3383 4168 3583 4242 ἐκδύσῃ
3632 4165 3768 4250 ἡμᾶς.
3804 4170 3874 4250 τξν

2299 4267 2517 4319 παλαιόν
2567 4266 2857 4335 ἄνθρωπον,
2909 4263 2989 4314 ὅτι
3047 4264 3205 4322 αὐτὸς
3257 4266 3411 4333 μόνος
3461 4256 3585 4335 ἆραι
3634 4250 3715 4324 ἀφ’
3750 4248 3873 4335 ἡμῶν

2298 4360 2392 4415 τήν
2445 4355 2701 4427 ἁμαρτίαν
2754 4349 3012 4404 δύναται⁶
3054 4352 3135 4403 ὃτι
3190 4350 3530 4426 ἰσχυρότεροι
3577 4331 3872 4427 ἡμῶν-εἰσιν

2297 4446 2345 4497 οἱ
2406 4441 2931 4514 αἰχμαλωτεύσαντες
2992 4438 3151 4510 ἡμᾶς,
3210 4444 3298 4492 καὶ
3363 4442 3667 4509 κατέχοντες
3816 4420 3869 4485 τῇ

2298 4533 2543 4606 βασιλείᾳ
2602 4529 2793 4586 αὐτῶν.
2853 4529 3021 4589 Αύτὸς
3076 4524 3134 4581 δὲ
3200 4526 3546 4599 ἐπηγγείλατο
3598 4524 3687 4573 τοῦ
3733 4512 3872 4607 ῥύσει-

2298 4624 2421 4674 σθαι
2477 4622 2616 4691 ἡμᾶς
2677 4618 2731 4669 ἐκ
2793 4626 2887 4679 τῆς
2953 4615 3193 4677 δουλείας
3259 4619 3453 4677 ταύτης
3486 4631 3498 4645 ·
3554 4608 3868 4691 ὥσπερῌξωφ

2294 4712 2413 4763 ὅταν
2445 4680 2586 4770 illo;
2615 4704 2667 4780 ᾖ,
2721 4712 2811 4760 καὶ
2843 4708 3024 4777 ἄνεμός
3067 4725 3148 4767 τις
3177 4710 3324 4779 πνέῃ,
3373 4706 3398 4757 ὁ
3444 4707 3533 4777 μὲν
3560 4698 3695 4757 ἣλιος
3725 4680 3871 4780 Δἴδιον

2294 4808 2447 4871 σῶμα
2492 4802 2606 4870 ἔχει
2657 4801 2746 4849 καὶ
2803 4792 2944 4847 ἰδίαν
2998 4796 3174 4866 φύσιν,
3245 4796 3439 4866 ὁμοίως
3494 4793 3582 4843 καὶ
3630 4778 3869 4871 ό-ᾶνεμος

2294 4886 2434 4942 ἰδίαν
2465 4891 2619 4959 φύσιν
2660 4888 2771 4957 ἔχει
2802 4889 2890 4937 καὶ
2928 4880 2987 4937 ’ίδ
2994 4902 3066 4935 ιον
3100 4891 3255 4955 σῶμα
3288 4901 3299 4913 ⁸
3344 4887 3430 4935 καὶ
3460 4875 3632 4936 οὐδεὶς
3669 4866 3865 4955 δύναται

2289 4982 2527 5050 χωρίσαι
2573 4979 2659 5028 τόν
2707 4975 2889 5039 ἄνεμον
2938 4971 3039 5025 ἀπὸ
3079 4980 3170 5025 τοῦ
3221 4972 3394 5039 ἡλίου,
3446 4970 3487 5025 εἰ
3538 4968 3609 5040 μὴ
3659 4960 3799 5050 μόνος
3823 4961 3861 5049 ὀ

2289 5069 2412 5127 Θεὸς
2456 5066 2656 5136 παύσῃ,
2689 5063 2771 5115 ἶνα
2821 5064 3011 5134 μηκέτι
3040 5064 3164 5134 πνέῃ
3198 5078 3210 5091 ⁸
3257 5060 3412 5127 οὓτω,
3446 5060 3532 5112 καὶ
3565 5055 3593 5111 ἦ
3654 5046 3862 5140 ἀμθξξῖια

2288 5164 2349 5227 τῇ
2405 5154 2559 5227 ψυχῇ
2607 5156 2895 5225 μεμιγμένη
2955 5150 3119 5219 ἔστὶν,
3179 5150 3414 5223 ἐχούσης
3472 5145 3690 5201 ἑκάστης
3740 5122 3863 5180 ἰδίαν

2288 5245 2467 5316 φύσιν.

2358 5348 2435 5403 Γ’.
2499 5344 2784 5401 Ἀδύνατον
2833 5344 2921 5400 οὖν
2969 5345 3081 5399 ἔστι
3122 5350 3360 5420 χωρίσαι
3410 5348 3497 5404 τὴν
3545 5332 3720 5410 ψυχὴν
3766 5332 3851 5419 “mf

2284 5447 2377 5501 τῆς
2417 5428 2696 5512 ἁμαρτίας,
2734 5437 2818 5489 ἐὰν
2866 5442 2938 5509 μὴ
2972 5439 2997 5489 ό
3051 5440 3178 5499 Θεὸς
3223 5439 3402 5509 παύσῃ
3437 5437 3522 5488 καὶ
3579 5425 3737 5512 “id?
3786 5421 3860 5512 “Av

2282 5532 2505 5604 πονηρὸν
2547 5534 2726 5583 τοῦτον
2764 5529 2968 5602 ἄνεμον,
3025 5530 3110 5582 τόν
3157 5526 3454 5582 ἐνοικοῦντα
3492 5526 3553 5594 τῇ
3595 5509 3737 5587 ψυχῇ
3779 5510 3839 5548 κα
