4084 6256
314 323 422 380 465
1569 320 1904 378 ΗΟΜΙΙᾸᾸΞ.

2055 320 2228 377 HOM.
2275 322 2339 379 Il.
3559 327 3664 384 466

290 454 364 518 τῷ
396 450 626 518 σώματι.
685 444 786 496 Kui
838 441 1012 507 πάλιν,
1077 442 1251 517 ὥσπερ
1308 463 1389 507 τις
1435 447 1615 521 θεωρεῖ
1675 448 1901 499 πετεινὸν

2050 462 2172 512 um,
2191 448 2712 519 quemadmodum
2729 451 2778 506 si
2793 451 2928 525 quis
2945 451 3130 510 cernit
3147 468 3319 508 avem
3336 453 3660 519 volantem,

295 541 592 608 πετόμενον,
642 537 732 584 xui
774 531 1015 606 βούλεται
1077 537 1166 584 xui
1198 533 1356 594 αὐτὸς
1398 545 1612 602 πτῆναι,
1660 542 1730 610 μὴ
1765 540 1901 609 ἔχων

2057 535 2138 591 ult
2189 541 2244 591 et
2274 536 2403 608 ipse
2452 540 2672 605 volare,
2730 541 2841 596 alis
2895 558 3035 598 vero
3099 542 3410 598 destitutus
3464 543 3663 599 volare

299 623 358 678 di
409 626 577 696 πτερά
629 618 902 682 ἀδυνάτως
959 624 1070 693 ἔχει
1126 626 1425 676 πέτασθαι·
1485 625 1619 679 οὕτω
1680 632 1770 680 καὶ
1829 635 1900 696 τῷ

2055 625 2219 695 equit
2246 642 2255 680 :
2288 627 2370 680 sic
2397 643 2639 700 quoque
2664 630 2893 686 homini
2911 632 3081 687 adest
3102 631 3396 697 voluntas,
3418 648 3659 702 purum,

290 713 570 789 ἀνθρώπῳ,
618 715 677 766 τὸ
725 715 814 783 μεν
869 711 1024 764 θελειν
1082 714 1397 786 παράκειται
1473 723 1564 768 τοῦ
1617 716 1744 770 εἶναι
1801 735 1901 767 xu-

2051 715 2592 785 reprehensibilem
2644 723 2699 774 et
2750 720 3132 791 impollutum
3177 737 3328 786 esse,
3363 720 3511 776 nihil
3543 738 3664 777 ma-

293 805 472 878 θαρόν,
529 807 620 854 xui
676 803 911 873 ἄμωμον,
973 805 1063 853 xui
1123 801 1366 870 ἄσπιλον,
1424 809 1512 857 xui
1556 810 1625 878 μὴ
1670 809 1809 877 ἔχειν
1849 805 1899 857 ἓν

2057 802 2147 857 tim
2174 803 2233 858 in
2266 819 2326 858 se
2354 805 2483 875 ipso
2513 806 2754 874 habere,
2787 809 2892 864 sed
2937 825 3172 880 semper
3209 827 3345 864 cum
3380 813 3495 865 Deo
3527 826 3664 865 con-

288 892 456 963 ἐαυτῷ
481 896 577 950 τὴν
607 895 817 954 κακίαν,
873 889 979 942 ἀλλ’
1039 890 1116 943 ἀεὶ
1161 895 1293 962 μετὰ
1334 901 1426 946 τοῦ
1484 903 1617 948 Θεοῦ
1658 893 1805 960 εἶναι,
1841 898 1898 947 τὸ

2044 894 2254 958 'ersari,
2275 893 2613 950 facultatem
2641 913 2779 952 vero
2797 914 2915 953 non
2945 899 3143 955 habet.
3180 899 3386 955 Volare
3410 899 3657 970 quidem

289 979 556 1034 δύνασθαι
604 977 664 1034 δε
710 981 803 1033 οὐκ
853 983 967 1051 ἔχει
1001 999 1013 1011 ·
1048 983 1375 1040 πετασθῆναι
1414 987 1503 1054 μεν
1536 984 1606 1046 εἰς
1637 987 1722 1035 τὸν
1775 984 1900 1059 ἀέρα

2046 996 2070 1034 1
2105 997 2303 1037 aerem
2325 983 2595 1039 divinum
2622 990 2798 1058 atque
2829 987 3160 1043 libertatem
3195 988 3444 1059 Spiritus
3473 990 3659 1044 sancti

286 1073 374 1122 τὸν
417 1072 584 1122 θεῑχόν
633 1074 723 1122 καὶ
768 1074 860 1127 τὴν
918 1068 1206 1141 ἐλευθερίαν
1254 1078 1346 1123 τοῦ
1396 1072 1549 1143 ἁγίου
1609 1075 1899 1146 Πνεύματος

2049 1071 2190 1140 upit,
2219 1071 2344 1136 sed,
2372 1072 2482 1127 nisi
2511 1074 2771 1145 acceptis
2792 1076 2921 1140 alis,
2949 1092 3066 1130 non
3101 1082 3315 1148 potest.
3346 1078 3662 1132 Precemur

300 1158 453 1225 Θίλει,
509 1157 616 1210 ἀλλ’
649 1157 732 1211 ἐὰν
763 1162 834 1230 μὴ
884 1157 1015 1230 λάϐῃ
1068 1161 1346 1231 πτέρυγας,
1400 1164 1458 1213 ού
1510 1159 1750 1216 δύναται.
1787 1170 1897 1215 Πα-

2043 1159 2186 1228 gitur
2210 1162 2415 1226 Deum,
2471 1168 2531 1217 ut
2577 1164 2867 1220 concedat
2911 1165 3084 1220 nobis
3129 1166 3254 1220 alas
3287 1166 3582 1221 columbm
3612 1168 3656 1200 ’³

282 1248 650 1320 ρακαλέσωμεν
713 1244 799 1300 οὖν
852 1250 938 1300 τὸν
989 1251 1132 1313 Θεὸν,
1191 1247 1276 1300 ἱνα
1331 1245 1408 1320 δῷ
1462 1253 1588 1323 ἡμῖν
1637 1255 1895 1323 πτέρυγας

2047 1249 2200 1303 ancti
2229 1249 2499 1320 Spiritus,
2559 1257 2620 1307 ut
2665 1253 2933 1308 volemus
2963 1254 3040 1309 ad
3072 1269 3209 1310 eum
3233 1258 3290 1309 et
3319 1256 3660 1326 requiesca-

282 1343 600 1410 περιστερᾶς
653 1344 744 1390 τοῦ
797 1337 949 1408 ἁγίου
1026 1340 1345 1410 Πνεύματος,
1417 1342 1501 1392 ἱνα
1561 1344 1895 1414 πετασθῶμεν

2043 1353 2165 1401 aus,
2200 1343 2258 1393 ut
2290 1339 2468 1396 etiam
2519 1346 2787 1410 segreget
2817 1347 2872 1397 et
2903 1343 3068 1398 tollat
3110 1342 3188 1398 ab
3216 1344 3419 1398 anima
3448 1349 3504 1399 et
3534 1360 3656 1399 cor-

280 1430 412 1501 πρὸς
452 1426 605 1479 αὐτὸν
658 1431 746 1479 xui
799 1429 1239 1499 καταπαύσωμεν,
1298 1434 1388 1481 xui
1458 1430 1539 1482 ἶνα
1587 1427 1893 1505 διαχωρίσῃ

2045 1442 2151 1481 ιοτθ
2177 1435 2380 1484 nostro
2404 1429 2749 1500 improbum
2775 1437 3038 1496 ventum,
3060 1433 3257 1503 ipsum
3287 1432 3509 1487 scilicet
3527 1448 3658 1504 pec-

277 1522 371 1568 xui
400 1519 580 1589 παύσῃ
639 1515 739 1568 ἀπὸ
787 1525 884 1576 τῆς
939 1515 1125 1587 ψυχῆς
1164 1522 1254 1569 καὶ
1300 1526 1392 1570 τοῦ
1444 1524 1687 1590 σώματος
1746 1522 1890 1592 ἡμῶν

2044 1520 2208 1570 atum
2239 1516 2296 1570 in
2324 1518 2606 1572 membris
2641 1520 2857 1574 animm
2890 1526 2944 1575 et
2975 1521 3242 1592 corporis
3277 1521 3455 1576 nostri
3488 1520 3657 1575 habi-

275 1608 364 1656 τὸν
413 1608 639 1678 πονηρὸν
689 1604 893 1676 ἄνεμον,
945 1605 1106 1663 αὐτὴν
1143 1610 1231 1664 τὴν
1286 1607 1545 1680 ἁμαρτίαν
1574 1613 1666 1667 τὴν
1722 1626 1888 1662 κατοι·

2040 1620 2163 1659 ans.
2187 1605 2470 1675 lpsienim
2491 1606 2604 1661 hoc
2620 1607 2813 1663 facere
2833 1609 3026 1664 solum
3043 1614 3133 1665 est
3153 1609 3456 1680 possibile.
3479 1609 3653 1676 Ecce,

272 1700 476 1746 κοῦσαν
515 1693 565 1746 ἐν
617 1701 723 1754 τοῖς
777 1693 955 1761 με’λεσι
1006 1702 1101 1756 τῆς
1147 1694 1332 1766 ψυχῆς
1382 1701 1472 1749 καὶ
1510 1705 1601 1749 τοῦ
1651 1703 1885 1770 σώματος

2040 1694 2087 1749 .it
2116 1693 2298 1759 enim,
2329 1697 2536 1764 Agnus
2567 1697 2693 1764 Dei,
2736 1698 2839 1768 qui
2881 1699 3036 1754 tollit
3068 1705 3313 1768 peccata
3345 1699 3554 1753 mundi
3584 1701 3653 1751 ²⁴.

271 1782 443 1854 ἡμῶν.
475 1780 621 1853 Αύτῷ
661 1786 761 1856 γὰρ
817 1788 956 1854 μόνῳ
1005 1779 1229 1836 δυνατόν
1284 1793 1439 1838 τοῦτο
1483 1795 1725 1846 ποιῆσαι.
1759 1788 1805 1842 Ἰ
1831 1787 1865 1841 δ

2042 1799 2139 1852 pse
2189 1783 2354 1838 solus
2406 1786 2875 1842 misericordiam
2908 1788 3085 1855 hanc,
3135 1787 3299 1860 quod
3332 1804 3367 1843 a
3411 1792 3655 1859 peccato

270 1875 398 1946 γὰρ,
425 1874 638 1943 φησὶν,ό
667 1872 898 1944 Ἀμνός
931 1880 1044 1924 τοῦ
1077 1881 1240 1926 Θεοῦ
1272 1875 1296 1925 ὁ
1328 1878 1524 1946 αἷρων
1555 1881 1665 1934 τὴν
1701 1862 1883 1956 ἁμαρξ

2038 1873 2281 1936 edimat,
2331 1873 2600 1929 exhibuit
2656 1875 3006 1931 hominibus
3062 1877 3123 1931 in
3158 1893 3218 1933 se
3251 1877 3650 1944 credentibus,

269 1967 415 2014 τίαν
454 1969 564 2013 τοῦ
600 1966 871 2034 κόσμου.
905 1966 1068 2022 Αὐτὸς
1094 1968 1248 2034 μόνος
1272 1968 1366 2020 τὴν
1396 1963 1748 2037 ἐλεημοσύνην
1774 1972 1882 2038 ταύ-

2045 1967 2061 2016 t
2108 1961 2264 2016 hanc
2312 1962 2774 2019 inenarrabilem
2832 1965 3081 2020 salutem
3136 1966 3363 2022 confert
3415 1981 3653 2036 semper

268 2070 366 2109 την
399 2049 612 2109 ἐποίησε
642 2059 742 2103 τῶν
775 2050 1054 2126 ἀνθρώπων
1084 2060 1192 2115 τοῖς
1225 2056 1567 2106 πιστεύουσιν
1613 2057 1777 2127 αὐτῷ,
1811 2059 1881 2118 ὅτι

2040 2051 2514 2121 xspectantibus,
2575 2056 2632 2108 et
2675 2053 2913 2108 assidue
2957 2055 3362 2125 qumrentibus
3398 2070 3558 2121 eum,
3592 2055 3650 2109 in

266 2137 556 2212 λυτροῦται
613 2139 713 2192 ἀπὸ
763 2149 859 2202 τῆς
901 2141 1182 2214 ἁμαρτίας,
1239 2148 1329 2194 xui
1378 2150 1481 2204 τοῖς
1522 2142 1879 2217 προσδοκῶσιν

1396 2150 1481 2204 ὀῖς
1522 2142 1893 2217 προσδοκῶσιν
2005 2153 2196 2210 eoque
2227 2155 2394 2210 spem
2424 2157 2596 2196 suam
2630 2142 3009 2212 ponentibus.

281 2228 363 2282 ἀεὶ
411 2234 500 2281 xui
553 2228 847 2295 ἐλπίζουσι,
901 2235 990 2283 xui
1032 2231 1284 2291 ζητοῦσιν
1339 2229 1706 2300 ἀδιαλείπτως,
1756 2233 1897 2290 ποιεῖ

276 2323 376 2376 τήν
409 2323 673 2391 σωτηρίαν
699 2321 893 2378 ταύτην
920 2324 1014 2378 τὴν
1055 2317 1456 2391 ἀνεκδιήγητον.

365 2442 437 2496 A'.
469 2443 668 2515 Ὠσπερ
726 2443 773 2496 ἓν
837 2449 985 2496 νυκτὶ
1069 2446 1261 2520 ζοφερᾷ
1311 2451 1401 2499 xui
1457 2448 1666 2521 μελαίνῃ
1752 2456 1888 2504 πνέει

2073 2444 2159 2498 IV.
2177 2443 2771 2509 Quemadmodumin
2787 2447 2957 2499 nocte
2971 2443 3301 2513 caliginosa
3315 2450 3368 2500 et
3389 2444 3647 2502 obscura

275 2535 464 2605 ἄνεμός
516 2553 598 2596 τις
649 2535 849 2606 ἄγριος,
881 2538 970 2587 καὶ
1019 2537 1190 2587 πάντα
1239 2539 1302 2587 τά
1332 2539 1468 2608 φυτὰ
1496 2543 1585 2589 xui
1633 2541 1697 2590 τὰ
1729 2545 1888 2616 σπέρ-

2034 2534 2321 2588 ΘῘΙΘΠΊΘΠΒ
2343 2533 2594 2604 quidam
2620 2539 2822 2588 ventus
2851 2532 3056 2604 spirat,
3086 2539 3141 2589 et
3167 2550 3378 2589 omnes
3407 2535 3647 2605 plantas

272 2642 417 2695 ματα
469 2630 616 2688 κινεῖ,
660 2628 748 2676 καὶ
787 2623 984 2696 ἕρευνᾴ,
1036 2630 1125 2677 καὶ
1181 2629 1306 2678 σείει
1335 2648 1347 2658 ·
1380 2627 1514 2678 οὕτω
1572 2631 1659 2680 xui
1717 2631 1742 2681 6
1791 2632 1885 2682 οἶν-

2037 2637 2066 2676 c
2092 2623 2322 2677 semina
2348 2624 2627 2687 concutit,
2654 2627 2994 2678 commovet
3019 2629 3074 2678 et
3135 2624 3355 2692 agitat:
3390 2625 3471 2678 sic
3502 2641 3650 2695 quo-

285 2713 490 2784 θρωπος
539 2718 710 2764 πεσὼν
750 2714 850 2765 ὑπὸ
881 2717 975 2771 τὴν
1007 2713 1246 2776 ἐξουσίαν
1274 2724 1364 2775 τῆς
1395 2719 1575 2777 νυκτὸς
1623 2724 1714 2770 τοῦ
1764 2726 1884 2773 σκό-

2031 2727 2112 2766 "ue
2127 2711 2309 2766 homo
2336 2711 2542 2783 lapsus
2558 2711 2669 2766 sub
2692 2715 3043 2782 potestatem
3059 2712 3248 2766 noctis
3266 2712 3644 2769 tenebrarum

280 2819 420 2866 τους,
482 2808 572 2853 τοῦ
637 2798 906 2870 διαϐόλου,
965 2808 1054 2856 καὶ
1108 2807 1174 2854 ὧν
1232 2803 1279 2855 ἐν
1332 2810 1480 2857 νυκτὶ
1530 2811 1619 2858 xui
1688 2813 1881 2878 σκότει,

2040 2801 2237 2865 iaboli,
2287 2806 2343 2855 et
2397 2800 2456 2855 in
2515 2809 2686 2855 nocte
2736 2800 3116 2871 tenebrisque
3178 2801 3425 2872 degens,
3482 2803 3648 2870 gravi

277 2888 537 2942 κλονεῖται
605 2888 674 2962 τῷ
751 2887 903 2962 δεινῷ
963 2890 1130 2964 ἀνέμῳ
1190 2900 1286 2955 τῆς
1343 2894 1600 2969 ἁμαρτίας
1657 2901 1880 2968 πνέοντι,

2038 2893 2172 2945 ento
2228 2891 2455 2962 peccati
2512 2889 2693 2944 ﬂante
2747 2894 3180 2955 commovetur,
3233 2891 3564 2945 concutitur
3595 2896 3651 2946 et

272 2983 364 3030 xui
421 2983 634 3043 σείεται,
679 2985 765 3032 xui
816 2987 1056 3034 κινεῖται.
1110 2985 1210 3034 Καὶ
1263 2981 1529 3056 ἒρευνᾶται
1578 2991 1751 3038 πᾶσαν
1788 2992 1880 3047 τὴν

2031 2983 2335 3048 fuassatur,
2365 2979 2466 3050 qui
2491 2993 2736 3033 omnem
2767 2982 3067 3042 naturam,
3106 2978 3373 3032 animam
3404 2978 3644 3044 scilicet,

283 3067 458 3136 φύσιν,
509 3071 601 3124 τὴν
655 3068 857 3141 ψυχὴν,
922 3073 1040 3132 τοὺς
1105 3069 1387 3143 λογισμοὺς
1438 3073 1600 3126 αὐτοῦ
1652 3081 1741 3128 καὶ
1797 3079 1880 3129 τὸν

2034 3068 2110 3137 ,ο
2137 3067 2520 3135 cogitationes
2542 3071 2596 3120 et
2640 3071 2898 3120 mentem
2943 3071 3385 3135 perscrutatur:
3443 3068 3647 3122 omnia

277 3161 414 3209 νοῦν.
480 3161 578 3208 Καὶ
628 3159 797 3210 πάντα
854 3164 1050 3211 σείεται
1107 3161 1171 3210 τά
1227 3165 1504 3233 σωματικὰ
1563 3163 1688 3234 μελη
1721 3187 1731 3198 -
1792 3172 1879 3220 xui

2036 3155 2250 3226 enique
2295 3155 2718 3210 concutiuntur
2791 3154 3058 3224 corporis
3108 3153 3397 3218 membra,
3450 3170 3645 3226 neque

272 3240 425 3295 οὐδὲν
474 3241 752 3320 ἐλεύθερον,
796 3244 920 3299 οὑδὲ
956 3246 1150 3307 ἀπαθὲς
1217 3249 1362 3319 μέλος
1399 3249 1582 3321 ψυχῆς
1630 3256 1659 3309 ἦ
1703 3261 1880 3326 σώμα-

2034 3243 2179 3298 llum
2205 3244 2544 3298 membrum
2565 3244 2780 3298 animm
2799 3249 2902 3298 aut
2927 3242 3194 3313 corporis
3220 3243 3510 3308 immune,
3535 3260 3644 3298 nec

265 3335 351 3391 τός
402 3331 542 3383 ἐστιν
595 3333 695 3384 ἀπὸ
751 3343 846 3395 τῆς
901 3334 1203 3397 ἑνοιχούσης
1267 3337 1316 3389 ἓν
1372 3339 1497 3409 ἡμῖν
1561 3339 1822 3413 ἁμαρτίας
1864 3364 1874 3375 ·

2033 3332 2178 3387 llum
2207 3333 2283 3387 ab
2310 3332 2725 3388 affectionibus
2743 3331 2990 3403 peccati,
3014 3332 3074 3386 in
3095 3332 3270 3387 nobis
3290 3331 3641 3403 habitantis,

273 3420 470 3491 ὁμοίως
527 3423 668 3473 ἱστὶν
725 3424 892 3494 ἡμέρα
973 3429 1132 3496 φωτὸς
1195 3430 1278 3478 xui
1351 3428 1534 3500 ἄνεμος
1602 3431 1729 3491 θεῖος
1786 3440 1878 3484 τοῦ

2032 3421 2242 3476 berum
2303 3427 2419 3476 est:
2477 3422 2685 3476 similis
2733 3423 2930 3491 itaque
2983 3420 3110 3475 dies
3165 3420 3302 3485 luci,
3347 3426 3404 3475 et
3432 3425 3642 3476 ventus

269 3508 425 3579 ἁγίου
482 3512 798 3581 Πνεύματος,
853 3517 1008 3564 πνέων
1061 3521 1150 3567 xui
1204 3514 1493 3587 ἀναψύχων
1534 3521 1628 3580 τὰς
1669 3519 1873 3592 ψυχὰς,

2034 3511 2225 3565 ivinus
2256 3510 2492 3581 Spiritui
2549 3514 2779 3573 sancto,
2831 3510 3172 3581 perspirans
3196 3513 3252 3564 et
3305 3509 3641 3564 refocillans

263 3599 361 3659 τάς
391 3601 557 3659 οὔσας
609 3597 656 3650 ἐν
712 3601 878 3674 ἡμέρᾳ
908 3611 998 3655 τοῦ
1038 3608 1200 3675 φωτὸς
1257 3613 1350 3656 τοῦ
1400 3609 1570 3660 θεῑκοῦ
1604 3626 1616 3638 ·
1651 3615 1738 3662 xui
1798 3609 1876 3663 δι-

2028 3599 2241 3664 nimas,
2295 3615 2429 3671 qum
2480 3599 2539 3653 in
2588 3598 2682 3653 die
2736 3598 2882 3653 lucis
2908 3598 3127 3653 divinm
3168 3599 3386 3664 vivunt,
3423 3604 3476 3654 et
3506 3614 3639 3669 per-

269 3693 569 3762 ικνούμενος
595 3696 768 3743 πᾶσαν
798 3696 891 3750 τὴν
919 3693 1212 3746 ὑπόστασιν
1261 3703 1354 3757 τῆς
1387 3695 1594 3768 ψυχῆς,
1627 3705 1716 3751 xui
1761 3706 1877 3762 τοὺς

2024 3689 2277 3743 'ansiens
2301 3704 2542 3742 omnem
2580 3694 2854 3742 naturam
2890 3688 3106 3743 animm
3141 3693 3196 3743 et
3227 3689 3637 3757 cogitationes,

255 3778 542 3850 λογισμοὺς
608 3785 696 3832 xui
756 3787 931 3833 πᾶσαν
985 3788 1075 3840 τὴν
1137 3787 1341 3852 οὐσίαν,
1412 3791 1500 3837 xui
1564 3790 1733 3840 πάντα
1810 3792 1868 3842 τὰ

2026 3794 2053 3831 c
2085 3793 2328 3832 omnem
2379 3776 2796 3842 substantiam,
2831 3781 2886 3831 et
2937 3777 3142 3832 omnia
3197 3779 3469 3832 membra
3514 3793 3639 3833 cor-

254 3867 384 3940 μέλη
416 3875 508 3920 τοῦ
559 3874 802 3938 σώματος
861 3870 1150 3944 ἀναψύχων
1194 3877 1283 3925 xui
1327 3872 1602 3927 ἀναπαύων
1640 3875 1867 3930 ἀναπαύ-

2027 3867 2144 3921 oris
2172 3881 2448 3921 recreans
2482 3873 2537 3919 et
2562 3865 2899 3920 refocillans
2931 3865 3136 3921 divina
3167 3871 3221 3919 et
3253 3865 3637 3922 inenarrabili

263 3976 344 4010 σει
397 3959 538 4029 θεῐκῇ
573 3963 663 4010 xui
718 3957 980 4031 ἀλαλὴτῳ,
1041 3968 1204 4014 Τοῦτο
1244 3962 1405 4034 ἔλεγεν
1445 3965 1469 4015 ὁ
1509 3966 1823 4028 Ἀπόστολος
1856 3988 1867 4000 ·

2022 3953 2296 4025 equie.Id
2354 3953 2514 4025 quod
2563 3953 2710 4008 dixit
2737 3952 3054 4024 Apostolus
3085 3954 3243 4008 :Nos
3287 3968 3406 4008 non
3434 3969 3635 4010 sumus

271 4044 491 4116 Ἡμεῖς
530 4043 598 4098 δὲ
646 4047 757 4099 οὐκ
797 4051 986 4118 ἐσμεν
1025 4055 1213 4103 τέκνα
1249 4056 1497 4117 νυκτὸς,
1541 4052 1695 4108 οὐδὲ
1735 4062 1872 4109 σκό-

2029 4043 2095 4098 lii
2119 4047 2327 4107 noctis,
2350 4058 2538 4112 neque
2560 4042 2937 4098 tenebrarum
2961 4060 2979 4096 :
3007 4057 3204 4097 omnes
3218 4043 3372 4097 enim
3407 4057 3503 4097 vos
3522 4043 3637 4110 ﬁlii

264 4153 448 4194 τους·
480 4143 715 4197 πάντες
752 4139 870 4210 γὰρ
912 4139 1095 4209 ὑμεῖς
1136 4141 1269 4191 υἱοὶ
1310 4146 1519 4212 φωτός
1557 4141 1720 4210 ἐστε,
1764 4150 1868 4198 xui

2021 4134 2132 4188 κείς
2152 4135 2285 4188 estis
2312 4139 2364 4187 et
2393 4131 2507 4198 ﬁlii
2533 4131 2648 4187 diei
2678 4132 2744 4184 ³⁵.
2772 4133 2835 4185 Et
2870 4131 3389 4200 quemadmodum
3415 4130 3548 4195 illic,
3576 4132 3634 4187 in

255 4225 395 4275 υἱοὶ
435 4225 704 4297 ἡμέρας.
741 4230 836 4278 Καὶ
871 4228 1042 4301 ὥσπερ
1077 4226 1178 4279 ἐκεῖ
1208 4231 1256 4280 ἓν
1292 4237 1353 4301 τῇ
1389 4229 1554 4303 πλάνῃ
1600 4234 1868 4306 ἄνθρωπον

2022 4221 2078 4276 ia
2094 4237 2364 4286 erronea,
2380 4221 2687 4276 hominem
2711 4221 3007 4288 integrum
3027 4236 3095 4274 ac
3116 4219 3443 4290 perfectum
3476 4220 3635 4276 exuit

253 4313 445 4364 τέλειον
469 4309 771 4365 ἀπεδύσατο
796 4316 820 4366 ὁ
844 4314 1064 4376 παλαιὸς
1086 4318 1369 4389 ἅνθρωπος,
1397 4325 1484 4370 xui
1508 4328 1651 4392 φορεῖ
1671 4319 1866 4395 ἔνδυμα

2021 4326 2161 4364 omo
2195 4313 2380 4373 vetus,
2413 4314 2468 4363 et
2500 4313 2689 4377 gestat
2715 4307 3133 4362 indumentum
3162 4309 3328 4375 regni
3363 4309 3631 4364 tenebra-

263 4397 540 4472 βασιλείας
610 4407 846 4468 σκότους,
906 4401 1107 4477 ἔνδυμα
1169 4404 1528 4480 βλασφημίας,
1595 4410 1864 4480 ἀπιστίας,

2018 4417 2133 4466 um,
2189 4400 2608 4455 vestimentum
2667 4397 3084 4469 blasphemiae,
3127 4397 3499 4463 difﬁdentim,
3529 4415 3631 4455 au-

263 4490 505 4560 αφοϐίας,
600 4489 918 4556 κενοδοξίας,
1031 4494 1397 4568 ὑπερηφανίας,
1501 4499 1862 4573 φιλαργυρίας,

2022 4490 2184 4553 acim,
2241 4489 2436 4544 inanis
2484 4487 2704 4558 glorim,
2758 4486 3070 4558 superbim,
3106 4488 3370 4542 avaritim
3402 4492 3455 4543 et
3495 4505 3630 4544 con-

261 4575 541 4650 ἒπιθυμίας
571 4596 581 4607 ·
615 4585 704 4632 xui
751 4585 814 4633 τὰ
862 4581 991 4634 ἄλλα
1041 4585 1232 4654 ὁμοίως
1286 4593 1376 4646 τῆς
1441 4585 1714 4658 βασιλείας
1773 4601 1863 4644 τοῦ

2014 4577 2379 4648 upiscentim,
2411 4581 2466 4632 et
2497 4576 2613 4632 alia
2645 4575 2862 4632 similia
2904 4575 3070 4644 regni
3103 4575 3483 4632 tenebrarum
3526 4593 3625 4647 ge-

255 4671 475 4730 σκότους
497 4673 763 4742 φορέματα
786 4668 1003 4744 ῥακώδη
1043 4677 1130 4724 xui
1181 4673 1473 4747 ἀκάθαρτα,
1529 4683 1618 4730 xui
1643 4683 1810 4751 μιαρά
1847 4700 1858 4712 ·

2013 4667 2231 4721 lamina
2261 4681 2556 4737 pannosa,
2609 4665 2849 4736 impura
2897 4671 2951 4718 et
2982 4664 3433 4720 contaminata:
3489 4667 3571 4720 sic
3597 4683 3626 4721 e

255 4755 393 4807 οὕτω
448 4759 596 4810 πάλιν
654 4758 875 4812 ἐνταῦθα
928 4761 1042 4813 ὅσοι
1104 4760 1438 4817 ἁπεδύσαντο
1490 4769 1576 4818 τὸν
1640 4768 1861 4822 παλαιόν

2014 4771 2261 4810 onverso
2292 4755 2635 4826 quicunque
2684 4759 2978 4809 exuerunt
3030 4759 3286 4808 veterem
3345 4759 3402 4809 et
3455 4759 3627 4810 terre-

252 4849 346 4896 xui
396 4849 765 4917 καταχθόνιον,
813 4850 1083 4922 ἄνθρωπον
1133 4857 1222 4904 xui
1279 4856 1435 4916 ὅσους
1464 4854 1526 4906 ἂν
1569 4854 1858 4918 ἐξέδυσενό

2013 4849 2150 4898 trem
2177 4845 2484 4898 hominem
2513 4850 2587 4909 et,
2616 4858 3013 4914 quoscunque
3069 4843 3230 4897 exuit
3259 4845 3430 4898 Jesus
3453 4845 3626 4900 vesti-

251 4933 463 4994 Ἰησοῦς
519 4938 584 4988 τὰ
662 4934 929 5009 ἐνδύματα
985 4948 1075 5000 τῆς
1128 4940 1406 5013 βασιλείας
1459 4951 1550 4996 τοῦ
1613 4951 1852 5015 σκότους,

2012 4934 2183 4988 lentis
2217 4932 2384 5001 regni
2417 4933 2820 4998 tenebrarum,
2851 4932 3174 4988 induerunt
3205 4931 3286 4988 illi
3323 4949 3546 4989 novum
3567 4938 3625 4990 et

247 5019 562 5076 ἔνεδύσαντο
613 5029 701 5078 τὸν
755 5031 862 5079 νέον
931 5033 1019 5080 xui
1079 5031 1379 5104 ἐπουράνιον
1431 5034 1700 5106 ἄνθρωπον
1755 5037 1854 5097 Ἰη-

2009 5021 2267 5077 mlestem
2326 5021 2633 5077 hominem
2685 5021 2886 5076 Jesum
2939 5021 3259 5087 Christum,
3318 5026 3381 5077 ut
3417 5039 3622 5078 rursus

251 5120 375 5165 σοῦν
425 5117 676 5184 Χριστὸν,
735 5116 887 5168 πάλιν
935 5118 1122 5188 ὁμοίως
1175 5119 1470 5192 ὀφθαλμοὺς
1498 5129 1627 5197 πρὸς
1659 5125 1851 5198 ὀφθαλ-

2007 5111 2120 5198 culi
2149 5110 2356 5178 oculis,
2386 5127 2560 5166 aures
2618 5109 2885 5173 auribus,
2920 5115 3098 5180 caput
3152 5111 3331 5182 capiti
3370 5113 3620 5182 conjun-

244 5205 398 5273 μοὺς,
454 5199 562 5256 ὦτα
613 5207 738 5278 πρὸς
803 5202 933 5270 ὦτα,
991 5207 1213 5278 κεφαλὴν
1270 5213 1400 5283 πρὸς
1464 5184 1706 5285 κειραλὴν,
1771 5218 1853 5270 ἵνα

2008 5184 2200 5266 ᾶηῒητ,
2235 5205 2298 5255 ut
2326 5205 2483 5256 totus
2513 5215 2697 5272 purus
2723 5199 2814 5266 sit,
2858 5205 3102 5269 gestans
3150 5199 3477 5271 imaginem
3509 5217 3621 5257 cm-

246 5291 362 5352 ὅλος
391 5293 623 5364 καθαρὸς
652 5290 707 5366 ᾖ,
736 5299 826 5347 xui
856 5302 1023 5369 φορῶν
1053 5301 1146 5354 τὴν
1178 5295 1481 5370 ἐπουράνιον
1510 5301 1704 5362 εἰκόνα.
1960 5288 2194 5345 193mm-

319 5378 396 5434 E'.
456 5385 554 5434 Kui
611 5379 848 5437 ὶνέδυσεν
879 5387 1066 5448 αὐτοὺς
1107 5389 1347 5463 ὀΚύριος
1390 5389 1657 5466 ἐνδύματα
1687 5394 1851 5467 βασι-

2034 5398 2094 5452 V.
2129 5399 2194 5452 Et
2249 5395 2441 5451 induit
2494 5396 2656 5466 ipsos
2687 5395 2975 5450 Dominus
3033 5394 3398 5450 indumentis
3446 5394 3614 5463 regni

253 5467 389 5531 λείας
446 5474 611 5540 φωτὸς
687 5471 938 5547 ἀρῥήτου,
992 5473 1262 5551 ἐνδύματα
1314 5487 1557 5549 πίστεως,
1614 5483 1844 5552 ἐλπίδος,

2000 5485 2109 5542 icis
2155 5500 2412 5550 arcanm,
2469 5485 2834 5541 indumentis
2865 5483 3027 5548 ﬁdei,
3076 5485 3222 5554 spei,
3261 5481 3613 5542 dilectionis,

338 5699 390 5736 ’³
446 5701 595 5762 Psal.
624 5719 713 5771 Lv,
745 5710 798 5764 7.
879 5707 924 5745 ³⁸
954 5709 1122 5769 Joan.
1155 5725 1194 5785 ι,
1248 5713 1349 5770 29.-
1414 5713 1459 5752 ι’
1487 5713 1508 5771 I
1537 5714 1740 5774 Thess.
1773 5732 1831 5786 ν,
1867 5723 1924 5779 5.
