4084 6256
513 269 620 326 467

1811 267 1869 323 S.
1914 263 2221 323 MACARII
2261 261 2576 319 IEGYPTII

3754 261 3847 316 468

510 394 736 466 gaudii,
772 393 958 467 pacis,
998 392 1305 457 bonitatis,
1346 392 1736 449 humanitatis
1774 398 1831 448 et
1868 392 2153 449 omnibus

2276 388 2495 460 ἀγάπης,
2527 406 2719 467 χαρας,
2774 386 3000 461 εἰρήνης,
3056 386 3418 460 ἀγαθωσύνης,
3484 388 3851 458 χρηστότητος,

510 485 736 541 caeteris
761 483 1127 539 indumentis
1155 482 1324 547 lucis,
1352 483 1506 546 vitas,
1530 482 1766 545 divinis,
1796 481 2153 546 viventibus,

508 573 731 645 requiei
773 572 1189 628 inenarrabilis
1222 592 1233 631 ;
1270 579 1331 625 ut
1360 571 1609 642 perinde
1640 587 1709 626 ac
1738 574 1890 626 Deus
1922 570 2157 625 dilectio

510 668 615 731 est,
649 668 706 717 et
735 661 1039 731 gaudium,
1074 666 1130 716 et
1158 676 1296 732 pax,
1326 665 1382 716 et
1411 660 1773 729 benignitas,
1806 667 1861 715 et
1896 659 2153 725 bonitas,

512 752 647 809 talis
676 756 733 805 et
765 766 956 805 novus
979 751 1160 805 homo
1191 749 1294 804 ﬁat
1319 766 1422 821 per
1452 750 1726 817 gratiam.
1762 752 1825 804 Et
1855 750 2155 820 quemad-

510 840 762 897 modum
793 856 1044 910 regnum
1066 839 1447 894 tenebrarum
1469 843 1523 894 et
1540 844 1855 910 peccatum
1877 840 1936 893 in
1954 838 2161 893 anima

509 944 701 1001 usque
748 928 823 984 ad
873 929 1033 984 diem
1081 927 1527 983 resurrectionis
1576 928 1997 983 absconditum
2049 930 2157 991 est,

508 1018 755 1090 quando
795 1018 994 1089 ipsum
1034 1032 1253 1089 corpus
1290 1022 1675 1088 peccatorum
1715 1032 1850 1071 cum
1904 1016 2160 1071 tenebris

509 1121 670 1161 nunc
684 1107 744 1161 in
758 1107 1284 1163 animaoccultatis
1296 1105 1655 1161 revelabitur
1680 1126 1690 1164 :
1721 1106 1805 1160 sic
1821 1110 1877 1161 et
1904 1120 2161 1174 regnum

508 1194 682 1261 lucis,
724 1200 780 1250 et
821 1195 1071 1270 ccelestis
1110 1195 1329 1266 imago,
1370 1196 1541 1250 Jesus
1581 1195 1870 1259 Christus,
1912 1193 2160 1266 mystice

508 1299 671 1339 nunc
694 1285 959 1339 animam
992 1283 1306 1347 illuminat,
1331 1290 1387 1338 et
1413 1284 1756 1339 dominatur
1778 1284 1994 1339 animis
2024 1300 2161 1339 san-

510 1378 763 1428 ctorum.
820 1373 1220 1428 Absconditus
1263 1387 1401 1427 vero
1451 1372 1528 1428 ab
1594 1373 1780 1428 oculis
1845 1373 2162 1428 hominum

512 1461 951 1527 Christus,solis
981 1461 1169 1515 oculis
1198 1463 1414 1516 animae
1446 1477 1581 1516 vere
1595 1462 2164 1532 conspiciturusque

513 1550 591 1605 ad
622 1549 781 1605 diem
820 1550 1288 1617 resurrectionis,
1329 1549 1576 1622 quando
1616 1555 1673 1605 et
1714 1550 1913 1621 ipsum
1946 1566 2165 1621 corpus

511 1638 887 1704 revelabitur,
938 1645 992 1695 et
1052 1639 1481 1710 gloriﬁcabitur
1536 1640 1667 1695 luce
1719 1641 1976 1709 Domini,
2025 1656 2162 1711 qum

511 1743 673 1784 nunc
710 1734 798 1784 est
829 1729 887 1784 in
928 1730 1132 1785 anima
1170 1729 1450 1795 hominis,
1494 1740 1555 1784 ut
1592 1735 1649 1783 et
1697 1730 1896 1800 ipsum
1942 1745 2163 1800 corpus

512 1824 718 1887 regnet
770 1834 908 1873 cum
964 1818 1188 1880 anima,
1241 1834 1374 1889 quae
1433 1833 1593 1873 nunc
1649 1835 1902 1889 regnum
1954 1818 2161 1873 Christi

512 1911 851 1970 consecuta,
896 1907 1208 1979 requiescit
1248 1912 1303 1963 et
1340 1907 1472 1962 luce
1510 1908 1717 1963 divina
1761 1908 2158 1962 illuminatur.

513 1994 709 2051 Gloria
742 1996 1837 2052 sitcommiserationietmisericordiae
1853 1996 2164 2067 ejus,quia

516 2084 831 2139 miseretur
871 2100 1180 2139 servorum
1220 2101 1489 2145 suorum.
1523 2085 1836 2150 illuminat,
1864 2093 1921 2141 et
1952 2085 2166 2140 liberat

514 2189 619 2228 eos
656 2189 727 2228 ex
755 2188 940 2243 regno
972 2177 1376 2233 tenebrarum.
1411 2190 1479 2229 ac
1507 2174 1694 2229 donat
1719 2191 1819 2229 eos
1849 2174 2077 2229 lumine
2108 2178 2165 2227 et

514 2274 709 2332 regno
742 2278 872 2325 suo,
897 2262 990 2316 cui
1012 2261 1198 2331 gloria
1219 2268 1276 2317 et
1308 2263 1568 2333 potentia
1594 2263 1650 2317 in
1683 2262 1923 2318 saecula.
1949 2267 2158 2317 Amen.

2266 484 2355 531 xui
2412 481 2581 531 πάντα
2639 480 2825 550 ὁμοίως
2882 480 2948 529 τὰ
3004 477 3123 540 ἑξῆς
3174 475 3441 549 ἐνδύματα
3496 478 3681 548 φωτὸς,
3730 475 3853 535 ζωῆς

2271 570 2435 635 θεῑκὰ,
2497 569 2685 633 ζῶντα,
2736 569 3075 629 αναπαύσεως
3131 565 3503 629 ἀνεκλαλήτου,
3546 566 3629 617 ἱνα
3672 566 3852 635 ὥσπερ,

2267 658 2292 708 ό
2324 661 2456 719 Θεὸς
2503 655 2677 728 ἀγάπη
2738 656 2871 721 ἐστὶ,
2934 662 3024 708 καὶ
3052 658 3221 728 χαρὰ,
3255 658 3343 707 καὶ
3376 654 3575 729 εἰρήνη,
3604 657 3693 704 xui
3729 668 3855 726 χρη-

2271 753 2483 811 στότης,
2540 752 2629 799 xui
2679 744 2989 817 ἀγαθωσύνη
3024 760 3039 775 '
3082 744 3213 798 οὓτω
3267 749 3360 797 καὶ
3391 745 3417 795 ὁ
3446 747 3553 803 νέος
3605 743 3859 813 ἅνθρωπος

2268 841 2481 907 γένηται
2551 837 2687 888 κατὰ
2745 837 2929 907 χάριν.
2986 839 3087 888 Καὶ
3150 836 3329 906 ὥσπερ
3397 835 3427 891 ἡ
3482 829 3725 903 βασιλεία
3773 836 3856 880 τοῦ

2273 929 2492 984 σκότους
2551 928 2640 976 καὶ
2684 925 2713 982 ἡ
2770 923 3006 995 ἁμαρτία
3058 923 3346 995 κέκρυπται
3406 921 3475 980 εἰς
3540 923 3631 976 τὴν
3686 916 3855 989 ψυχὴν

2269 1015 2361 1075 ἕως
2409 1016 2605 1087 ἡμέρας
2646 1022 2737 1073 τῆς
2766 1014 3120 1079 ἀναστάσεως,
3164 1014 3285 1065 ὅταν
3335 1015 3423 1063 xui
3469 1009 3593 1061 αύτό
3633 1010 3690 1059 τὸ
3718 1015 3857 1077 σῶμα

2269 1112 2368 1155 τῶν
2424 1101 2741 1177 ἁμαρτωλῶν
2795 1110 2867 1172 τῷ
2919 1107 3094 1154 σκότει
3139 1100 3380 1172 καλυφθῇ
3434 1106 3509 1169 τῷ
3539 1096 3638 1148 ἀπὸ
3667 1102 3753 1147 τοῦ
3777 1101 3855 1145 νῦν

2269 1196 2605 1265 κεκρυμμένῳ
2664 1190 2736 1252 εἰς
2788 1195 2881 1249 τὴν
2927 1190 3115 1261 ψυχήν
3145 1206 3161 1223 ·
3194 1189 3333 1241 οὕτω
3379 1190 3473 1239 καὶ
3532 1188 3562 1244 ἠ
3630 1182 3857 1257 βασιλεία

2271 1288 2363 1334 τοῦ
2403 1282 2586 1353 φωτὸς,
2631 1285 2721 1331 καὶ
2761 1282 2789 1337 ἡ
2835 1278 3139 1353 ἐπουράνιος
3188 1278 3340 1330 εἰκὼν
3390 1278 3599 1336 Ἰησοῦς
3645 1274 3857 1346 Χριστός

2273 1377 2543 1442 μυστικῶς
2587 1376 2675 1421 νῦν
2726 1373 2821 1426 τὴν
2850 1368 3037 1440 ψυχὴν
3083 1367 3320 1440 φωτίζει,
3351 1370 3445 1418 καὶ
3496 1363 3755 1437 βασιλεύει
3796 1360 3855 1420 εἰς

2272 1463 2363 1517 τὴν
2416 1458 2603 1529 ψυχῆν
2654 1465 2754 1510 τῶν
2817 1457 2977 1528 ἁγίων
3007 1477 3019 1489 ·

2275 1547 2548 1620 ὀφθαλμῶν
2590 1554 2689 1599 τῶν
2744 1545 3045 1619 ἀνθρώπων,
3094 1550 3266 1617 μόνοις
3319 1544 3438 1597 ἐστὶ
3489 1543 3713 1615 Χριστὸς
3765 1544 3857 1597 τοῖς

2275 1646 2370 1699 τῆς
2417 1636 2603 1707 ψυχῆς
2672 1635 2956 1707 ὀφθαλμοῖς
3011 1637 3354 1707 θεωρούμενος
3418 1632 3468 1683 ἐν
3516 1630 3726 1699 ἀληθείᾳ
3774 1626 3857 1683 ἕως

2204 1737 2242 1790 Β
2275 1727 2472 1799 ἡμέρας
2514 1733 2609 1787 τῆς
2672 1723 3021 1789 ἀναστάσεως,
3078 1725 3161 1777 ὅτε
3225 1728 3319 1775 xui
3400 1721 3527 1774 αὐτὸ
3599 1722 3655 1770 τὸ
3722 1723 3858 1786 σῶμα

2272 1815 2662 1887 καλυφθήσεται
2701 1820 2791 1865 καὶ
2832 1810 3225 1877 δοξασθήσεται
3255 1821 3330 1884 τῷ
3359 1818 3451 1864 τοῦ
3499 1812 3690 1881 Κυρίου
3721 1809 3855 1877 φωτὶ,

3072 1460 3427 1531 κεκρυμμένος
3501 1450 3559 1505 δι
3627 1450 3723 1503 ἀπὸ
3767 1456 3853 1499 τῶν

2273 1906 2343 1975 τῷ
2384 1908 2491 1956 ὄντι
2548 1903 2648 1955 ἀπὸ
2684 1910 2775 1955 τοῦ
2813 1910 2900 1954 νῦν
2943 1904 2991 1954 ἓν
3031 1900 3103 1975 τῷ
3145 1901 3405 1974 ἀνθρώπῳ
3447 1900 3514 1959 εἰς
3551 1902 3642 1955 τὴν
3670 1894 3855 1965 ψυχὴν,

2273 1994 2358 2046 ἳνα
2407 1998 2495 2046 καὶ
2527 1992 2652 2045 αύτό
2702 1997 2759 2045 τὸ
2806 2000 2957 2063 σῶμα
3007 1990 3412 2063 συμϐασιλεύσῃ
3468 1996 3531 2061 τῇ
3587 1986 3759 2057 ψυχῇ,
3802 1988 3854 2054 τῇ

2274 2083 2375 2135 ἀπὸ
2414 2090 2506 2134 τοῦ
2529 2090 2617 2133 νῦν
2664 2081 3001 2153 λαμϐανούσῃ
3036 2086 3128 2140 τὴν
3175 2079 3458 2154 βασιλείαν
3504 2084 3594 2130 τοῦ
3630 2077 3879 2146 Χριστοῦ,

2273 2170 2632 2243 ἀναπαυομένη
2703 2175 2791 2223 καὶ
2858 2171 3180 2242 φωτιζομένῃ
3254 2174 3389 2241 φωτὶ
3462 2167 3669 2235 αἰωνίῳ.
3744 2159 3859 2221 Δόξα

2277 2267 2379 2320 τοῖς
2421 2260 2713 2331 οἰκτιρμοίς
2764 2264 2853 2311 xui
2893 2267 2953 2331 τῇ
3012 2258 3386 2329 εύσπλαγχνίᾳ
3417 2256 3599 2317 αὐτοῦ,
3634 2252 3707 2304 ὃτι
3751 2248 3857 2300 ἐλεεῖ

515 2354 637 2412 τοὺς
685 2347 903 2414 δούλους
942 2351 1145 2416 ἑαυτοῦ,
1185 2356 1273 2403 καὶ
1314 2354 1546 2423 φωτίζει,
1586 2356 1674 2403 xui
1712 2352 1890 2425 ῥύεται
1930 2351 2121 2411 αὐτοὺς
2163 2348 2219 2400 ἐκ
2265 2357 2355 2408 τῆς
2396 2346 2677 2421 βασιλείας
2723 2355 2819 2399 τοῦ
2857 2352 3090 2416 σκότους,
3132 2352 3221 2399 καὶ
3262 2346 3557 2420 χαρίζεται
3603 2341 3772 2400 αὐτοῖς
3804 2338 3852 2388 τὸ

521 2439 707 2493 ἑαυτοῦ
739 2448 859 2512 φῶς,
902 2445 991 2493 καὶ⁵
1016 2445 1110 2499 τὴν
1138 2441 1322 2493 ἑαυτοῦ
1360 2439 1630 2511 βασιλείαν
1657 2439 1695 2512 ᾧ
1720 2443 1749 2499 ἡ
1796 2438 1948 2509 δόξα,
1989 2440 2078 2492 καί
2108 2442 2166 2491 τὸ
2196 2439 2406 2513 κράτος,
2441 2437 2511 2500 εἰς
2541 2441 2661 2499 τοὺς
2693 2437 2905 2499 αἰῶνας.
2948 2436 3137 2508 Ἀμήν.

1132 2565 1421 2620 HOMILIA
1450 2565 1542 2619 Ill.

520 2652 689 2720 Quod
710 2654 937 2721 fratres
962 2653 1024 2707 in
1050 2653 1409 2716 sinceritate,
1438 2653 1836 2724 simplicitate,
1861 2654 2170 2711 dilectione

588 2738 658 2779 ac
688 2739 833 2796 pace
860 2724 1016 2796 inter
1043 2740 1104 2781 se
1129 2740 1233 2780 con
1245 2725 1491 2792 versari,
1518 2741 1589 2780 ac
1617 2725 1680 2781 in
1711 2728 2166 2796 cogitationibus

589 2795 840 2850 internis
874 2795 1088 2853 bellum
1119 2811 1325 2865 gerere
1352 2797 1622 2853 debeant.

2895 2566 3142 2615 OMIAIA
3183 2557 3254 2616 Γ.

2273 2649 2412 2703 Ὀτι
2469 2652 2529 2702 οἱ
2577 2646 2867 2723 ,ἀδελφοὶ
2908 2649 2964 2702 ἄν
3004 2650 3439 2723 εἱλικρινείᾳ,
3492 2645 3548 2723 ἐν
3586 2641 3851 2723 dispend-

2349 2742 2518 2797 τητει
2569 2721 2629 2773 έν
2671 2712 3083 2797 ἀγάπῃ,,καὶ
3123 2712 3523 2797 εἰρήνῃ-μετ’
3582 2712 3848 2797 ἀλῌλῆἳλω]

2351 2790 2751 2865 συνδιάγειν,
2785 2790 2890 2845 xui
2931 2791 2989 2843 ἐν
3027 2790 3697 2865 τοίςίέσωλογισμοῖς
3722 2790 3849 2852 ἀγῶ·

2347 2885 2418 2917 να
2456 2870 2564 2917 καὶ
2602 2864 2877 2937 πόλεμον
2919 2872 3130 2916 ποιεῖν
3171 2864 3577 2936 ὀφείλουσιν.

587 2992 629 3044 Ι.
662 2991 890 3047 Fratres
907 2991 963 3045 in
981 3006 1221 3046 summa
1233 2990 1544 3047 dilectione
1557 2989 1807 3047 invicem
1825 2991 2165 3047 conversari

2346 2989 2426 3046 A'.
2481 2992 2546 3041 Οἱ
2595 2985 2807 3061 ἀδελφοὶ
2845 2987 3135 3061 ὀφείλουσιν
3189 2986 3236 3039 ἓν
3280 2988 3470 3059 ἀγάπῃ
3512 2983 3665 3041 πολλῆ
3711 2982 3852 3031 συνεὶ-

515 3078 755 3146 debent,
788 3080 911 3135 sive
944 3096 1146 3151 preces
1171 3080 1409 3145 faciant,
1440 3080 1563 3136 sive
1587 3079 2162 3151 legantScripturas,

516 3170 640 3225 sive
670 3169 867 3241 operis
887 3170 1033 3241 quid
1052 3170 1290 3235 faciant,
1307 3176 1371 3226 ut
1386 3169 1844 3225 fundamentum
1860 3169 2165 3226 charitatis

518 3264 795 3314 mutuum
827 3259 1092 3314 habeant
1114 3278 1129 3329 ;
1165 3264 1221 3315 et
1250 3259 1331 3315 ita
1360 3259 1680 3330 approbari
1721 3265 1996 3330 poterunt
2026 3258 2161 3314 illo-

514 3361 651 3401 rum
681 3346 947 3402 instituta
978 3363 1082 3402 seu
1121 3348 1339 3411 studia,
1362 3354 1419 3402 et
1454 3348 1558 3419 qui
1596 3347 1876 3420 precibus
1916 3363 2164 3418 operam

518 3435 685 3500 dant,
721 3440 773 3490 et
803 3436 907 3506 qui
935 3436 1157 3505 legunt,
1192 3440 1248 3492 et
1276 3437 1377 3507 qui
1404 3443 1748 3507 operantur,
1780 3453 1990 3492 omnes
2022 3453 2165 3508 pos-

518 3527 659 3577 sunt
687 3524 746 3576 in
797 3524 1129 3578 sinceritate
1178 3528 1233 3579 et
1288 3526 1665 3594 simplicitate
1729 3525 2011 3594 degentes
2042 3542 2071 3580 a
2106 3541 2167 3581 se

518 3610 776 3666 invicem
822 3612 1117 3683 adjuvari.
1164 3614 1278 3668 Cur
1323 3612 1483 3667 enim
1530 3613 1813 3683 scriptum
1878 3620 1984 3680 est,
2029 3616 2166 3670 Fiat

519 3701 797 3756 voluntas
829 3704 931 3756 tua
944 3701 1094 3757 sicut
1118 3702 1180 3757 in
1198 3702 1343 3757 ειειο
1364 3703 1490 3757 etin
1506 3704 1728 3758 terra"
1752 3703 1781 3754 ?
1810 3705 1852 3773 ι
1871 3705 1913 3773 1
1929 3708 2166 3776 'utquo-

520 3787 704 3844 modo
744 3789 939 3859 angeli
977 3790 1035 3844 in
1076 3789 1239 3845 ccelis
1278 3790 1429 3845 inter
1479 3806 1540 3845 se
1589 3792 2060 3861 congrediuntur
2108 3794 2169 3847 in

519 3878 907 3933 unanimitate
938 3894 1198 3943 summa,
1216 3878 1274 3933 in
1291 3894 1435 3950 pace
1461 3879 1844 3935 etdilectione
1857 3882 2165 3950 degentes,

521 3981 630 4022 nec
660 3974 745 4023 est
786 3967 938 4023 ullus
970 3967 1084 4022 illic
1114 3967 1301 4023 fastus
1342 3973 1444 4023 aut
1481 3968 1708 4024 invidia
1738 3984 1753 4034 ;
1790 3970 1891 4024 sed
1935 3971 1993 4025 in
2025 3969 2172 4025 dile—

521 4056 713 4111 ctione
752 4061 807 4111 et
847 4056 1183 4112 sinceritate
1217 4060 1426 4112 mutua
1455 4064 1880 4113 conversantur
1912 4074 1924 4110 :
1956 4057 2170 4114 eodem

522 4144 705 4200 modo
732 4144 939 4200 fratres
980 4144 1129 4200 inter
1159 4160 1221 4200 se
1243 4145 1379 4200 sint.
1416 4144 1716 4215 Contingit
1750 4146 2052 4217 quosdam
2094 4147 2172 4202 ad

521 4233 755 4303 triginta
780 4233 838 4287 in
874 4249 1058 4288 unum
1090 4234 1430 4299 convenire,
1458 4239 1646 4290 totum
1668 4235 1827 4290 diem
1850 4251 1918 4291 ac
1938 4241 2171 4291 noctem

2274 3099 2357 3131 ναι
2389 3078 2646 3143 ἀλλήλοις,
2706 3081 2805 3129 εἴτε
2853 3080 3117 3149 εὔχονται,
3169 3080 3266 3129 εἴτε
3321 3075 3739 3147 ἀναγινώσκουσι
3777 3066 3851 3123 τὰς

2276 3170 2497 3242 Γραφὰς,
2546 3170 2643 3219 εἴτε
2688 3169 2833 3238 ἔργον
2863 3185 2915 3218 τι
2959 3174 3219 3231 ποιοῦσιν,
3254 3166 3338 3218 ἵνα
3387 3169 3561 3237 ἔχωσι
3606 3164 3688 3213 τόν
3728 3155 3852 3226 θεμέ-

2275 3256 2381 3309 λιον
2424 3265 2516 3318 τῆς
2569 3254 2780 3327 ἀγάπης
2829 3258 2954 3328 πρὸς
2985 3254 3272 3316 ἀλλήλους’
3301 3258 3398 3306 καὶ
3450 3254 3608 3310 οὕτως
3659 3245 3854 3301 δύναται

2276 3343 2496 3398 εὐδοκία
2548 3347 2789 3415 γενέσθαι
2846 3347 2917 3407 εἱς
2970 3343 3163 3406 ἐκείνας
3228 3346 3323 3405 τὰς
3382 3344 3728 3419 προαιρέσεις,
3777 3334 3854 3383 καὶ

2277 3436 2325 3486 οἱ
2375 3434 2668 3506 εὐχόμενοι,
2706 3438 2794 3485 καὶ
2854 3434 2901 3484 οἱ
2949 3431 3414 3504 ἀναγινώσκοντες,
3465 3435 3554 3482 xui
3582 3430 3628 3480 οἱ
3668 3420 3854 3499 ἑργαξά·

2278 3544 2441 3597 μενοι,
2474 3525 2656 3585 πάντες
2711 3519 2960 3574 δύνανται
3015 3522 3062 3573 ἐν
3112 3522 3454 3595 ἀκεραιότητι
3495 3523 3583 3571 καὶ
3630 3513 3853 3568 ἁπλότητι

2280 3611 2549 3684 διάγοντες
2606 3609 2715 3683 μετ’
2757 3610 2985 3669 ἀλλήλων
3040 3610 3385 3683 ὠφεληθῆναι.
3447 3615 3510 3663 Τί
3556 3610 3651 3680 γὰρ
3686 3605 3849 3675 γέγρα·

2279 3722 2421 3767 πται,
2464 3701 2810 3757 Γενηθήτω
2848 3705 2920 3751 τό
2964 3700 3203 3770 θέλημά
3246 3718 3358 3751 σου
3402 3703 3484 3761 ὡς
3538 3696 3593 3748 ἐν
3634 3691 3850 3764 οὐρανῷ

2279 3796 2389 3842 καὶ
2428 3789 2529 3842 ἐπὶ
2565 3797 2636 3849 τῆ
2659 3810 2679 3851 ς
2719 3798 2874 3860 γῆς;
2906 3791 2987 3839 ἱνα
3008 3790 3059 3840 ὃν
3091 3794 3283 3862 τρόπον
3310 3789 3357 3839 οἱ
3390 3786 3440 3839 ἐν
3475 3786 3699 3857 οὐρανοῖς
3724 3779 3855 3847 ἅγγε-

2278 3879 2359 3931 λοι
2390 3881 2618 3931 σύνεισιν
2648 3878 2907 3942 ἀλλήλοις,
2953 3877 2999 3928 ἐν
3041 3878 3257 3947 ὁμονοίᾳ
3280 3875 3476 3948 πολλῇ,
3509 3875 3557 3927 ἐν
3583 3872 3746 3947 εἰρήνῃ
3782 3866 3855 3915 καί

2282 3968 2457 4041 ἀγάπη
2513 3964 2803 4040 διάγοντες,
2849 3973 2938 4018 xui
2972 3966 3064 4018 οὐκ
3111 3969 3249 4018 ἔστιν
3285 3964 3390 4018 ἐκεῖ
3429 3959 3720 4037 ἔπαρσις,ἦ
3752 3954 3854 4026 φθά·

2281 4076 2365 4118 νος
2398 4074 2409 4085 ·
2467 4055 2574 4107 ἀλλ’
2632 4055 2680 4107 ἐν
2750 4058 2926 4128 ἀγάπῃ
2992 4060 3080 4106 καὶ
3134 4055 3433 4126 εἰλικρινείᾳ
3489 4051 3597 4126 μετ’
3652 4042 3850 4102 ἀλλήλων

2286 4146 2433 4211 εἰσὶν,
2490 4146 2654 4206 οὕτως
2712 4146 2795 4196 ἱνα
2845 4150 2929 4196 xui
2990 4146 3037 4195 οἱ
3070 4140 3282 4215 ἀδελφοὶ
3331 4141 3431 4195 ὦσι
3472 4141 3584 4226 μετ’
3631 4133 3850 4190 ἀλλήλωνο

2286 4234 2561 4306 Συμϐαίνει
2611 4236 2755 4295 τινὰς
2810 4231 2936 4285 εἶναι
2968 4234 3247 4307 τριάκοντα
3286 4233 3385 4283 ὑπό
3434 4237 3497 4285 τὸ
3540 4232 3607 4298 ἓν,
3638 4225 3748 4282 ὅλην
3772 4222 3851 4274 τὴν

524 4338 645 4377 una
674 4338 1059 4394 perseuerare
1084 4338 1202 4379 non
1231 4330 1515 4394 possunt;
1541 4324 1642 4379 sed
1674 4324 1920 4396 quidam
1963 4340 2166 4381 eorum

2285 4326 2481 4398 ἡμέραν
2529 4328 2618 4374 καὶ
2668 4328 2761 4382 τὴν
2808 4326 2970 4374 νύκτα
3022 4322 3080 4373 ού
3133 4318 3380 4374 δύνανται
3430 4315 3848 4395 προσκαρτερεῖν

523 4410 669 4465 dant
699 4425 942 4480 operam
976 4412 1253 4482 precibus
1281 4428 1384 4467 sex
1412 4411 1613 4478 horas,
1642 4418 1697 4467 et
1717 4412 1917 4468 volunt
1944 4413 2171 4484 legere:

526 4497 774 4570 quidam
815 4514 954 4554 vero
1017 4506 1291 4572 prompte
1346 4516 1416 4556 ac
1474 4500 1763 4557 benevole
1808 4502 2174 4569 ministrant,

527 4587 721 4644 creteri
750 4604 822 4645 ex
853 4588 997 4660 ipsis
1028 4590 1225 4660 operis
1265 4589 1411 4661 quid
1442 4590 1688 4646 faciunt.

597 4711 665 4764 ΙΙ.
700 4710 925 4767 Debent
958 4712 1134 4783 igitur
1171 4713 1402 4780 fratres,
1435 4715 1482 4769 si
1521 4716 1665 4787 quid
1706 4716 1903 4787 operis
1935 4716 2172 4782 faciunt,

529 4798 587 4853 in
622 4800 906 4855 charitate
946 4807 1001 4856 et
1052 4801 1256 4858 Iustitia
1305 4803 1455 4858 inter
1485 4820 1544 4857 se
1573 4806 1913 4859 conversari
1948 4820 1962 4870 ;
1995 4811 2049 4860 et
2074 4806 2176 4877 qui

528 4893 833 4957 operatur,
860 4888 934 4942 de
974 4904 1065 4955 eo,
1098 4891 1201 4961 qui
1245 4907 1450 4962 preces
1481 4890 1641 4958 facit,
1670 4894 1756 4947 sic
1785 4892 1943 4947 dicat
1976 4910 1988 4948 :
2030 4895 2178 4951 The-

527 4990 775 5032 saurum
790 4993 957 5047 quem
971 4979 1335 5048 [ratermeus
1347 4980 1618 5051 possidet,
1634 4982 1911 5052 quoniam
1926 4998 2179 5039 commu-

530 5066 623 5120 nis
653 5068 754 5134 est,
787 5071 841 5121 et
886 5081 990 5137 ego
1035 5067 1218 5123 habeo
1247 5085 1265 5133 ;
1297 5074 1353 5123 et
1377 5069 1477 5140 qui
1527 5078 1824 5140 precatur,
1856 5072 1929 5126 de
1956 5087 2047 5135 eo,
2075 5072 2178 5143 qui

528 5153 687 5224 legit,
718 5153 800 5207 sic
830 5154 987 5210 dicat
1022 5173 1033 5210 :
1065 5157 1233 5223 Quod
1260 5158 1366 5214 ille
1407 5160 1663 5228 percipit
1700 5161 2063 5216 commodum
2105 5176 2181 5217 ea:

534 5243 802 5308 lectione,
834 5245 896 5299 in
926 5260 1117 5301 meum
1170 5246 1320 5302 cedit
1348 5248 1603 5303 lucrum.
1654 5248 1717 5301 Et
1747 5250 1846 5318 qui
1880 5255 2181 5320 operatur,

530 5347 740 5387 rursus
794 5332 877 5388 sic
923 5332 1080 5390 dicat
1136 5349 1148 5388 :
1195 5335 1595 5392 Ministerium
1642 5337 1795 5408 quod
1845 5345 2085 5407 prastos,
2116 5339 2180 5393 in

530 5436 892 5479 commnenm
923 5424 1075 5480 cedit
1099 5424 1435 5481 utilitatem.
1470 5426 1997 5492 Quemadmodum
2023 5429 2183 5484 enim

533 5514 806 5571 membra
856 5515 1125 5586 corporis
1172 5514 1361 5574 multa
1391 5531 1528 5572 cum
1574 5517 1710 5586 sint,
1739 5532 1928 5574 unum
1967 5533 2183 5590 corpus

608 5649 654 5685 ιε
680 5648 879 5705 Matth.
911 5664 987 5717 vr,
1028 5652 1108 5706 ιο.

2459 4414 2591 4473 τινες
2628 4415 2717 4483 μὲν
2769 4412 2937 4464 αὐτῶν
2987 4411 3316 4483 σχολάζουσι
3356 4418 3416 4483 τῇ
3463 4412 3595 4482 εὐχῇ
3643 4406 3763 4478 ὧρας
3788 4395 3849 4458 ἒξ»

2285 4505 2374 4552 xui
2430 4498 2708 4572 βούλονται
2766 4499 3055 4572 ἀναγνῶναι
3092 4517 3102 4528 ·
3131 4499 3277 4551 α’λλοι
3326 4495 3385 4551 δὲ
3433 4500 3702 4574 προθύμως
3753 4483 3851 4539 δια-

2285 4596 2546 4659 κονοῦσιν,
2573 4589 2718 4641 οἰλλοι
2751 4586 2800 4642 δ’
2831 4589 2885 4652 ἑξ
2920 4588 3084 4642 αὐτῶν
3119 4589 3428 4661 ἐργάζονταί
3458 4608 3510 4641 τι
3540 4590 3700 4658 ἔργον.

2358 4714 2428 4769 Β’.
2462 4713 2786 4786 Ὀφείλουσιν
2838 4710 2926 4766 οὖν
2973 4716 3022 4766 οἱ
3069 4710 3304 4786 ἀδελφοὶ,
3355 4716 3399 4765 εἶ
3446 4732 3500 4765 τι
3540 4712 3758 4765 ποιοῦσι,
3810 4712 3849 4745 εν

2286 4803 2460 4875 ἀγάπῃ
2512 4785 2601 4856 καὶ
2644 4809 2793 4878 χαρᾷ
2838 4804 2965 4855 εἶναι
3012 4804 3121 4875 μετ’
3172 4801 3399 4859 ἀλλήλων
3430 4820 3444 4831 ·
3471 4806 3560 4853 καὶ
3598 4800 3622 4850 ὁ
3663 4785 3851 4878 ἔργειξρ-

2287 4912 2435 4965 μενος
2460 4897 2678 4967 περὶτοῦ
2706 4893 2989 4964 εὐχομένου
3004 4892 3137 4944 οὕτω
3160 4891 3366 4963 λεγέτω,
3383 4892 3464 4945 ὅτι
3489 4897 3591 4943 Ὄν
3628 4886 3652 4936 ὁ
3690 4880 3717 4933 ἀ
3735 4872 3849 4929 δελ⁶

2288 4988 2394 5055 φός
2431 5002 2552 5054 μου
2606 4988 2840 5035 κτᾶται
2882 4983 3228 5055 θησαυρὸς,
3260 4980 3392 5033 ἐπεὶ
3430 4981 3641 5036 κοινός
3676 4970 3845 5023 ἔστιν,

2287 5070 2458 5142 κάγὼ
2489 5073 2634 5140 ἔχω.
2674 5075 2768 5125 Καὶ
2799 5072 2825 5123 ό
2858 5071 3137 5143 εὐχόμενος
3168 5075 3285 5144 περὶ
3323 5076 3415 5121 τοῦ
3448 5065 3849 5138 ἀναγινώσκοντος

2289 5160 2422 5213 οὕτω
2474 5160 2682 5231 λεγέτω,
2738 5161 2815 5213 ὃτι
2868 5159 2934 5212 Ὃ
2974 5159 3221 5219 ἐκεῖνος
3259 5158 3601 5230 ὠφελεῖται
3637 5150 3715 5206 εἰς
3748 5144 3847 5237 “ii:

2289 5248 2678 5319 ἀνάγνωσιν,
2711 5249 2799 5310 εἰς
2838 5248 2985 5320 ἐμὸν
3023 5255 3402 5321 προσχωρεί
3439 5240 3681 5318 κέρδος.
3714 5234 3845 5287 Xa”

2290 5337 2632 5409 ἐργαζόμενος
2661 5334 2810 5400 αὖθις
2836 5344 2989 5391 τοῦτο
3018 5337 3223 5409 λεγέτω,
3257 5338 3337 5389 ὅτι
3366 5341 3490 5395 Τὴν
3530 5324 3843 5409 διακονίαν

2293 5426 2362 5485 ἢν
2422 5434 2601 5492 ποιῶ,
2660 5432 2852 5486 κοινὴ
2916 5426 3111 5480 ἐστιν
3170 5425 3471 5498 ὠφέλεια.
3525 5407 3845 5498 ὨσπερὛάρ

2292 5519 2360 5571 τὰ
2403 5516 2529 5591 μέλη
2572 5525 2663 5571 τοῦ
2714 5524 2948 5592 σώματος
2990 5518 3152 5572 πολλά
3198 5521 3319 5569 ὄντα
3347 5516 3395 5570 ἓν
3441 5518 3553 5570 ἔστι
3587 5516 3742 5580 σῶμα,
3770 5513 3847 5550 καί
