4084 6256
245 292 354 348 469

1525 283 1866 341 HOMILI/E.
1907 311 1975 324 -—
2017 281 2190 339 HOM.
2233 283 2327 340 ΙΙΙ.

3489 291 3596 347 470

220 426 515 502 βοηθοῦσιν
571 423 825 490 ἀλλήλοις,
884 427 974 476 xui
1044 422 1260 475 ἕκαστον
1313 416 1448 472 ἴδιον
1502 417 1691 471 ἐκτελεῖ
1749 419 1825 489 έρ-

1938 419 2094 480 sunt,
2122 421 2178 472 et
2208 433 2270 472 se
2296 422 2504 476 mutuo
2535 421 2849 492 adjuvant,
2878 427 2933 480 et
2965 425 3448 498 unumquodque
3481 439 3592 480 suo

215 536 307 588 γον
340 533 354 546 ·
382 515 518 574 πλήν
550 515 574 566 ὁ
605 514 868 586 ὀφθαλμὸς
894 515 1020 584 ὑπὲρ
1063 511 1180 563 ὅλου
1219 516 1311 562 τοῦ
1346 514 1588 579 σώματος
1623 505 1820 578 βλέπει,

215 611 306 658 καὶ
358 607 389 663 ἡ
441 611 560 678 χεὶρ
606 604 732 676 ὑπερ
784 603 909 655 ὅλων
961 610 1059 654 τῶν
1090 601 1252 673 μελῶν
1305 599 1595 671 ἐργάζεται,
1652 601 1741 648 καὶ
1798 597 1824 646 6

213 698 346 756 ποὺς
401 700 700 767 περιπατεῖ,
787 691 880 745 ὅλα
939 693 1004 743 τά
1079 694 1207 764 μέρη
1294 688 1670 761 ἐπιφερόμενος,
1733 690 1822 737 καὶ

214 783 340 836 ἄλλο
381 785 695 854 συμπασχει
729 802 742 817 ο
780 781 915 833 ούτω
946 785 1035 831 καὶ
1084 781 1132 830 οἱ
1180 775 1392 849 ἀδελφοὶ
1433 778 1540 848 μετ’
1594 774 1822 832 ἀλλήλων

215 875 472 926 ἔστωσαν.
527 877 628 924 Καὶ
681 875 811 942 μήτε
866 871 892 921 6
941 869 1218 940 εὐχόμενος
1266 869 1480 940 κρινέτω
1534 868 1618 916 τὸν
1667 863 1823 938 ἐργα-

216 962 448 1034 ζομενον,
485 957 627 1014 διότι
669 961 763 1012 οὐκ
813 963 1028 1030 εὔχεται
1059 977 1071 990 ·
1119 961 1250 1029 μήτε
1284 957 1308 1007 6
1340 955 1684 1027 ἐργαζόμενος
1712 973 1822 1025 κρι-

211 1056 339 1104 νέτω
396 1053 484 1101 τὸν
541 1049 840 1120 εὐχόμενον,
902 1049 983 1099 ὃτι
1042 1046 1228 1106 ἐκεῖνος
1284 1048 1563 1116 παραμένει
1607 1083 1618 1104 ,
1676 1040 1820 1112 κάγὼ

213 1142 510 1214 ἐργάζομαι
561 1154 573 1167 ·
631 1143 762 1210 μήτε
811 1140 836 1188 6
897 1133 1153 1188 διακονῶν
1205 1137 1415 1207 κρινέτω
1458 1136 1544 1184 τόν
1597 1132 1760 1204 ἕτερον
1803 1172 1816 1184 .

212 1228 351 1279 Ἀλλ’
402 1229 621 1288 ἕκαστος
660 1230 703 1278 εἴ
749 1245 801 1278 τι
854 1232 992 1277 ποιεῖ
1048 1225 1119 1285 εἰς
1176 1220 1333 1286 δόξαν
1392 1229 1526 1276 Θεοῦ
1586 1222 1817 1272 ποιείτω.

209 1299 270 1369 Ὀ
334 1316 706 1388 ἀναγινώσκων
772 1318 858 1366 τὸν
917 1314 1195 1386 εὐχόμενον
1243 1315 1341 1384 ἔχῃ
1398 1314 1447 1363 ἐν
1501 1309 1678 1381 ἀγάπη
1732 1312 1821 1359 xui

214 1412 387 1480 χαρᾷ,
429 1413 583 1458 τοῦτο
636 1405 982 1476 λογιζόμενος,
1044 1406 1124 1454 ὅτι
1175 1401 1322 1475 ’Υπὲρ
1378 1401 1501 1472 ἐμοῦ
1560 1401 1775 1469 εῦχέται
1805 1417 1816 1429 ·

212 1501 304 1547 xui
364 1497 389 1546 6
437 1495 718 1566 εὐχόμενος
774 1499 893 1566 περὶ
935 1500 1024 1544 τοῦ
1069 1491 1410 1565 ἐργαζομένου
1475 1495 1626 1539 τοῦτο
1682 1486 1822 1557 λογι-

214 1585 407 1650 ζέσθω,
440 1585 522 1635 ὅτι
550 1582 576 1634 ὁ
606 1589 760 1647 ποιεῖ,
791 1582 856 1642 εἰς
887 1586 1057 1653 φοινήν
1097 1579 1337 1651 ὡφελειαν
1364 1583 1520 1630 ποιεῖ.

288 1707 362 1761 Γ’.
395 1711 494 1760 Καὶ
539 1710 673 1759 οὕτω
723 1702 944 1758 δύναται
996 1706 1260 1776 ὁμοφωνία
1306 1701 1489 1766 πολλή,
1523 1703 1612 1751 καὶ
1642 1699 1815 1769 εἰρήνη

215 1803 308 1851 xui
371 1801 646 1869 συμφωνία
701 1796 749 1847 ¹ἐν
790 1803 862 1863 τῷ
896 1791 1174 1865 συνδέσμῳ
1231 1799 1323 1852 τῆς
1361 1791 1570 1864 εἰρήνης
1616 1795 1820 1863 κρατεῖν
1853 1783 1892 1836 Β

219 1887 492 1953 ἀλλήλους,
547 1890 635 1937 καὶ
694 1880 995 1955 συνδιάγειν
1047 1887 1154 1954 μετ’
1205 1879 1434 1938 ἀλλήλων
1489 1881 1535 1931 ἐν
1589 1876 1822 1949 ἀκεραιό-

218 1997 363 2041 τητι,
414 1979 502 2027 xui
556 1974 850 2047 ἀφελότητι,
905 1977 994 2025 καὶ
1047 1969 1264 2044 εὐδοκία
1329 1977 1481 2023 Θεοῦ.
1531 1971 1600 2020 T6
1642 1964 1700 2019 δὲ
1745 1986 1823 2017 κε-

224 2061 676 2139 φαλαιωδέστερον
749 2065 970 2133 πάντων,
1043 2060 1285 2119 δηλονότι
1336 2061 1364 2117 ἠ
1445 2060 1574 2132 πρὸς
1642 2058 1821 2128 καιρὸν

222 2158 542 2228 καρτέρησίς
595 2153 708 2206 ἐστι
753 2160 846 2214 τῆς
899 2152 1059 2224 εὐχῆς
1102 2169 1114 2180 °
1174 2150 1304 2208 πλὴν
1355 2147 1414 2201 δὲ
1466 2149 1514 2201 ἓν
1568 2147 1818 2211 ζητεῖται,

224 2247 307 2298 ἳνα
355 2247 454 2316 ἔχη
503 2263 586 2305 τις
635 2244 900 2314 θησαυρὸν
947 2240 994 2292 ἐν
1022 2248 1082 2313 τῇ
1131 2239 1310 2312 ψυχῇ,
1363 2242 1452 2289 xui
1521 2240 1614 2293 τήν
1684 2235 1824 2294 ζωήν

222 2339 339 2396 ἣτις
384 2333 522 2386 ἐστὶν
550 2333 575 2383 6
627 2335 816 2405 Κύριος
873 2330 920 2381 ἐν
968 2338 1040 2400 τῷ
1090 2338 1159 2400 νῷ
1192 2345 1204 2356 ·
1254 2327 1352 2381 εἴτε
1391 2326 1683 2398 ἐργάζεται,
1728 2326 1826 2374 εἴτε

221 2428 457 2495 εὔχεται,
509 2425 609 2474 ε’ίτε
667 2419 1025 2492 ἀναγινώσκέι,
1072 2421 1154 2471 ἵνα
1191 2421 1291 2489 ἔχῃ
1343 2415 1500 2469 ἐκεῖνο
1548 2418 1605 2466 τὸ
1650 2420 1827 2484 κτῆμα

220 2517 279 2566 τὸ
311 2518 381 2584 μή
439 2517 847 2586 παρερχόμενον,
879 2510 904 2561 ὃ
953 2507 1064 2561 ἐστι
1121 2511 1178 2559 τὸ
1236 2507 1384 2578 ἅγιον
1437 2511 1662 2576 Πνεῦμα.
1707 2501 1826 2555 Εἰσὶ

223 2599 282 2656 δέ
339 2622 468 2662 τινες
523 2609 677 2653 τοῦτο
718 2601 965 2670 λέγοντες,
1015 2599 1140 2650 ὅτιό
1201 2599 1386 2670 Κύριος
1437 2599 1624 2666 μόνους
1681 2612 1824 2665 φανε-

221 2697 344 2768 ροὺς
390 2697 624 2764 καρποῦς
663 2689 871 2742 ἀπαιτεῖ
908 2690 1053 2761 παρὰ
1099 2694 1197 2739 τῶν
1257 2686 1536 2758 ἀνθρώπων
1598 2697 1612 2710 ·
1651 2685 1718 2733 τὰ
1767 2678 1823 2733 δὲ

221 2783 430 2854 κρυπτά
467 2782 492 2832 6
520 2783 650 2841 Θεὸς
693 2779 959 2852 κατορθοῖ.
993 2776 1115 2846 Ούχ
1157 2775 1316 2834 οὕτως
1359 2770 1419 2825 δέ
1457 2773 1559 2825 εἰσι
1592 2774 1657 2823 τὰ
1694 2770 1824 2843 πρά-

221 2889 418 2942 γματα,
473 2867 580 2919 ἀλλ’
611 2867 782 2939 ὣσπερ
839 2866 908 2928 εἰς
969 2868 1054 2917 τὸν
1114 2864 1207 2926 ἔξω
1265 2865 1532 2936 ἄνθρωπον
1601 2858 1824 2931 ἀσφαλί-

231 2960 401 3024 ζεται,
457 2957 619 3019 οὕτως
670 2956 857 3029 ὀφείλει
905 2960 993 3007 καὶ
1039 2953 1086 3005 ἐν
1161 2960 1265 3014 τοῖς
1315 2951 1592 3022 λογισμοῖς
1659 2955 1821 3001 ποιεῖν

229 3045 406 3116 ἀγῶνα
455 3050 544 3097 xui
594 3045 808 3118 πόλεμον
842 3064 854 3077 ·
913 3043 1120 3096 ἀπαιτεῖ
1154 3061 1212 3094 σε
1250 3044 1351 3113 γὰρ
1384 3042 1409 3091 6
1472 3043 1676 3114 Κύριος,
1742 3040 1824 3089 ἵνα

228 3135 482 3211 ὀργισθῇς
516 3145 733 3206 σεαυτῷ,
765 3139 854 3186 xui
881 3136 1064 3206 μάχην
1118 3136 1346 3203 ποιήσῃς
1378 3131 1509 3201 μετά
1568 3135 1658 3179 τοῦ
1715 3132 1822 3186 νοός
1859 3159 1899 3217 C

226 3243 343 3296 σου,
395 3229 528 3296 μήτε
583 3229 958 3296 συμφωνήσῃς,
1008 3226 1136 3294 μήτε
1187 3216 1520 3290 συνηδυνθῇς
1577 3223 1684 3278 τοῖς
1741 3216 1822 3268 λο-

219 3321 441 3386 γισμοῖς
465 3321 562 3374 τῆς
585 3317 797 3374 κακίας,

301 3435 374 3490 Δ’.
437 3439 633 3489 Λοιπὸν
685 3439 742 3487 τὸ
787 3436 1065 3508 ἐκριζῶσαι
1123 3439 1215 3494 τὴν
1284 3435 1544 3509 ἁμαρτίαν
1610 3438 1699 3486 καὶ
1770 3436 1824 3485 τὸ

235 3530 390 3580 συνὸν
451 3528 629 3591 κακὸν,
686 3533 833 3578 τοῦτο
879 3534 934 3597 τῇ
989 3528 1099 3597 θείᾳ
1135 3523 1352 3598 δυνάμει
1393 3529 1544 3596 μόνον
1604 3521 1825 3576 δυνατὸν

224 3615 339 3669 ἐστι
389 3616 738 3689 κατορθῶσαι.
792 3615 900 3667 Οὐκ
954 3615 1120 3678 ἔξεστι
1170 3617 1270 3689 γὰρ
1324 3617 1439 3666 οὔτε
1491 3611 1711 3665 δυνατὸν
1743 3611 1825 3663 ἀν-

225 3707 414 3779 θρώπῳ
465 3704 519 3766 ἐξ
573 3701 714 3766 ἰδίας
754 3701 1023 3776 δυνάμεως
1074 3703 1360 3778 ἐχριζώσαι
1384 3708 1476 3762 τὴν
1517 3703 1775 3775 ἁμαρτίαν
1807 3717 1824 3734 ⁸

222 3799 279 3847 τὸ
320 3793 716 3862 ἀντιπαλαῖσαι,
759 3798 816 3845 τὸ
867 3793 1341 3865 ἀντιμαχεσθῆναι,
1376 3789 1548 3866 δεῐραι
1601 3790 1827 3865 δαρῆναι

226 3889 316 3936 σὸν
370 3886 512 3936 ἐστιν
552 3882 915 3959 ’,ἐκριζῶσαι
965 3879 1044 3946 δὲ,
1100 3890 1232 3936 Θεοῦ
1289 3881 1448 3936 ἐστιν.
1503 3883 1559 3935 Εἰ
1616 3886 1712 3955 γὰρ
1761 3887 1826 3934 σὺ

223 3969 402 4030 ἠδύνω
448 3979 600 4024 τοῦτο
656 3980 896 4036 ποιῆσαι,
951 3976 1032 4032 τίς
1077 3975 1234 4045 χρεία
1291 3978 1384 4032 τῆς
1441 3970 1678 4031 ἐλεύσεως
1736 3979 1826 4022 τοῦ

224 4066 418 4136 Κυρίου
455 4060 585 4126 ;⁶Ως
621 4062 724 4132 γὰρ
779 4060 872 4111 οὐκ
910 4063 1023 4112 ἔστι
1051 4063 1134 4112 τὸν
1184 4060 1443 4131 ὀφθαλμὸν
1496 4061 1614 4111 ἄνευ
1663 4063 1825 4131 φωτὸς

223 4148 453 4221 βλέπειν,
515 4149 545 4207 ἦ
603 4156 893 4223 περιποτείν
945 4150 1062 4201 ἄνευ
1109 4146 1283 4200 ποδῶν
1318 4191 1330 4213 ,
1365 4149 1394 4208 ἦ
1456 4147 1658 4201 ἀκούειν
1707 4149 1824 4201 ἄνευ

223 4241 386 4306 ὤτων,
438 4238 468 4296 ή
517 4246 816 4311 περιπατεῖν
861 4238 978 4290 ἄνευ
1020 4235 1216 4303 ποδῶν,
1263 4238 1292 4296 ἡ
1342 4236 1659 4310 ἐργάζεσθαι
1707 4239 1824 4290 ἄνευ

220 4335 416 4398 χειρῶν
448 4346 459 4358 ·
496 4326 661 4387 οὕτως
692 4327 750 4378 ού
803 4324 1032 4380 δύνασαι
1069 4329 1187 4379 οἰνευ
1227 4334 1317 4379 τοῦ
1351 4325 1528 4385 Ἰησοῦ
1565 4329 1825 4394 σωθῆναι,

220 4417 248 4474 ᾖ
303 4415 545 4468 εἰσελθεῖν
600 4415 666 4476 εἰς
715 4415 987 4488 βασιλείαν
1015 4417 1262 4491 οὐρανῶν.
1322 4416 1380 4468 Εἰ
1428 4413 1486 4469 δὲ
1525 4416 1706 4489 λέγεις,
1748 4419 1827 4470 ὅτι

218 4504 306 4558 Ἐν
356 4511 462 4564 τοῖς
517 4509 840 4577 φαινομένοις
898 4505 956 4556 ού
1010 4509 1260 4578 πορνεύω,
1319 4505 1376 4558 ού
1427 4509 1684 4577 μοιχεύω,
1735 4507 1824 4558 οὐκ

222 4592 329 4664 εἰμὶ
386 4592 714 4666 φιλάργυρος,
775 4594 950 4646 λοιπον
1005 4592 1209 4656 δίκαιός
1257 4594 1362 4666 εἰμι
1421 4611 1431 4624 ·
1498 4595 1826 4653 πεπλάνησαι

224 4679 479 4752 ἐντούτῳ,
529 4687 751 4752 νομίσας
808 4685 886 4735 ὅτι
942 4686 1111 4736 πάντα
1159 4683 1446 4746 ἐξετελεοάς
1490 4700 1502 4713 ·
1562 4683 1672 4734 Ούκ
1723 4685 1824 4736 εἰσὶ

220 4773 378 4842 μόνον
416 4775 534 4845 τρία
563 4776 692 4844 μέρη
738 4781 830 4833 τῆς
869 4773 1128 4844 ἁμαρτίας
1167 4773 1240 4835 εἰς
1265 4774 1299 4824 οἶ
1328 4771 1514 4844 ὀφείλει
1542 4793 1621 4834 τις
1658 4774 1824 4845 ἀσφα-

217 4858 495 4926 λίσασθαι,
524 4859 652 4913 ἀλλά
676 4861 835 4934 ἀυρία
868 4879 878 4891 ·
903 4864 930 4920 ἡ
952 4865 1202 4934 τύφωσις,
1237 4864 1267 4920 ἡ
1295 4861 1502 4934 ἀφοϐία,
1525 4864 1552 4920 ἡ
1578 4861 1820 4928 ἀπιστία,

217 4953 276 5000 τὸ
323 4956 496 5021 μῖσος,
533 4951 558 5001 ὁ
597 4952 801 5022 φθόνος,
857 4952 886 5008 ἡ
931 4949 1190 5016 δολιότης,
1248 4955 1276 5009 ἡ
1321 4953 1616 5025 ὑπόκρισις,
1670 4955 1822 5005 πόθεν

217 5036 360 5090 ἐστίν
397 5060 408 5102 ς
443 5038 537 5090 ούκ
567 5037 782 5110 ὀφείλεις
803 5044 928 5112 πρὸς
957 5048 1124 5092 ταῦτα
1148 5043 1288 5111 ἔχειν
1315 5046 1407 5099 τὴν
1429 5040 1596 5098 πάλην
1619 5047 1707 5094 xui
1738 5046 1823 5093 τὸν

219 5129 398 5198 ἀγῶνα
449 5127 498 5178 ἐν
575 5135 678 5188 τοῖς
735 5128 1006 5186 λεληθόσιν
1061 5133 1106 5181 ἐν
1157 5137 1267 5190 τοῖς
1313 5129 1618 5201 λογισμοῖς;
1649 5135 1822 5204 ὥσπερ

218 5219 302 5268 ἐὰν
353 5212 383 5274 ἦ
439 5215 639 5288 λῃστὴς
687 5215 734 5268 ἐν
783 5226 844 5290 τῇ
901 5218 1060 5290 οἰκίᾳ,
1113 5221 1170 5270 τὸ
1219 5217 1394 5270 λοιπὸν
1449 5219 1714 5272 ύποθλίϐει
1746 5239 1821 5285 σε,

217 5310 307 5357 καὶ
364 5308 460 5357 οῦκ
515 5305 574 5375 iu
607 5324 663 5358 σε
716 5305 1031 5381 ἀμεριμνεῖν,
1082 5309 1226 5381 ἄρχῃ
1285 5305 1342 5360 δὲ
1385 5314 1472 5360 xui
1521 5313 1585 5360 σὺ
1627 5308 1826 5361 ἀντιτύ-

218 5414 363 5447 πτειν
427 5394 605 5462 αύτὸν,
657 5391 824 5469 δέρεις
882 5401 970 5448 καὶ
1034 5393 1158 5470 δέρη
1204 5411 1216 5424 ⁸
1283 5397 1442 5458 οὑτως
1497 5397 1681 5470 ὀφείλει
1738 5403 1826 5450 xui

219 5486 249 5542 ἡ
300 5483 458 5555 ψυχή
519 5482 847 5538 ἀντιτύπτειν
914 5489 1003 5538 καὶ
1062 5483 1471 5558 ἀντιμάχεσθαι,
1537 5493 1626 5540 xui
1692 5485 1827 5540 ἀντι-

218 5575 425 5651 κρούειν
439 5617 452 5631 .

1935 505 2199 574 fungitur
2219 507 2434 574 ofﬁcio,
2471 510 2631 566 velut
2661 513 2872 568 oculus
2906 530 3015 585 pro
3040 520 3162 570 toto
3215 531 3462 586 corpore
3511 514 3593 569 vi-

1933 595 2052 660 det,
2081 601 2135 650 et
2159 612 2374 652 manus
2421 615 2528 668 pro
2570 603 2854 658 omnibus
2911 605 3198 659 membris
3237 604 3491 667 laborat,
3537 609 3593 657 et

1933 698 2038 754 pes
2082 685 2352 742 ambulat
2399 688 2607 744 omnia
2660 692 2934 748 membra
2973 694 3296 756 sustinens,
3329 698 3385 748 et
3429 690 3593 747 aliud

1935 774 2273 829 membrum
2303 778 2662 848 compatitur
2696 796 2709 834 :
2744 781 2825 836 sic
2852 786 2906 836 et
2938 782 3143 837 fratres
3167 783 3317 836 inter
3349 797 3409 836 se
3443 782 3582 838 sint.

1933 863 2136 934 Itaque
2176 865 2277 935 qui
2311 880 2515 936 preces
2567 867 2721 933 facit,
2753 886 2872 924 non
2917 871 3147 941 judicet
3189 870 3588 934 laborantem,

1931 951 2097 1022 quod
2121 968 2241 1007 non
2272 959 2544 1024 precetur
2572 975 2583 1011 :
2613 973 2804 1029 neque
2823 959 3199 1030 quilaborat,
3231 959 3594 1014 condemnet

1931 1048 2297 1111 precantem,
2318 1045 2481 1113 quod
2501 1044 2592 1099 ille
2615 1048 3035 1119 quiescat,ipse
3057 1063 3195 1103 vero
3213 1048 3441 1102 laboret
3462 1066 3474 1102 :
3496 1063 3594 1102 ne-

1931 1145 2048 1200 que
2070 1130 2172 1200 qui
2198 1131 2516 1193 ministrat,
2541 1133 2789 1190 alterum
2818 1136 3082 1191 damnet.
3114 1136 3227 1191 Sed
3271 1135 3592 1206 unusquis-

1931 1233 2070 1290 que,
2090 1219 2136 1272 si
2166 1219 2310 1290 quid
2331 1220 2489 1285 facit,
2523 1223 2580 1276 in
2610 1223 2704 1278 Dei
2747 1224 2997 1292 gloriam
3045 1225 3239 1279 faciat.
3275 1227 3384 1288 Qui
3424 1223 3589 1292 legit,

1933 1320 2138 1361 amore
2170 1312 2224 1362 et
2259 1309 2481 1374 gaudio
2528 1317 2929 1384 prosequatur
2986 1317 3346 1382 precantem,
3383 1312 3463 1366 sic
3506 1326 3590 1365 se-

1933 1409 2068 1448 cum
2100 1395 2405 1464 colligens,
2438 1401 2582 1469 quia
2622 1415 2728 1470 pro
2783 1416 2876 1455 me
2921 1405 3068 1455 orat.
3107 1403 3172 1455 Et
3207 1401 3310 1472 qui
3344 1403 3494 1461 orat.
3520 1399 3594 1453 de

1930 1482 2241 1539 laborante
2260 1485 2372 1539 hoc
2391 1491 2630 1550 statuat,
2656 1489 2976 1561 quiaquod
2999 1493 3302 1561 operatur,
3336 1488 3413 1544 ad
3435 1503 3596 1544 com-

1934 1588 2179 1628 munem
2205 1574 2513 1631 utilitatem
2538 1577 2695 1632 facit.

2003 1699 2095 1753 Ill.
2128 1701 2194 1753 Et
2224 1700 2306 1755 sic
2348 1719 2590 1757 summa
2622 1703 2944 1758 concordia
2975 1707 3030 1758 et
3053 1719 3193 1774 pax,
3228 1703 3596 1758 animarum-

1933 1803 2049 1859 que
2080 1804 2407 1844 consensus
2437 1791 2493 1845 in
2527 1792 2764 1847 vinculo
2796 1793 2963 1864 pacis
2997 1807 3097 1847 eos
3140 1793 3290 1846 inter
3323 1808 3382 1844 se
3411 1790 3596 1846 conti-

1933 1892 2071 1932 nere
2123 1879 2273 1947 potis
2319 1881 2443 1944 erit,
2495 1883 2557 1933 ut
2596 1887 3017 1936 consersentur
3075 1881 3133 1935 in
3169 1881 3502 1935 sinceritate
3537 1895 3567 1933 e

1933 1965 2314 2036 simplicitate
2335 1974 2390 2022 et
2420 1968 2827 2024 benevolentia
2871 1970 2986 2024 Dei.
3030 1968 3351 2025 Maximum
3394 1975 3593 2022 autem

1933 2055 2206 2109 omnium
2225 2061 2330 2120 est,
2349 2057 2638 2122 videlicet,
2665 2063 3004 2128 opportuna
3024 2073 3269 2129 precum
3288 2057 3595 2111 continua-

1934 2144 2034 2199 tio.
2070 2146 2353 2198 Preeterea
2382 2161 2568 2199 unum
2596 2147 2927 2217 requiritur,
2964 2151 3025 2200 ut
3055 2147 3189 2217 quis
3225 2146 3443 2201 habeat
3467 2144 3594 2200 the-

1935 2249 2180 2288 saurum
2221 2235 2279 2288 in
2332 2238 2556 2302 anima,
2585 2243 2640 2290 et
2675 2237 2878 2301 vitam,
2913 2253 3046 2308 quze
3085 2241 3175 2291 est
3209 2237 3495 2290 Dominus
3530 2236 3591 2289 in

1937 2322 2140 2377 animo
2170 2343 2180 2380 :
2213 2324 2330 2377 sive
2365 2324 2610 2390 laboret,
2647 2326 2768 2380 sive
2823 2333 3113 2396 precetur,
3149 2324 3273 2379 sive
3313 2325 3489 2393 legat,
3536 2327 3596 2379 ut

1936 2411 2155 2467 habeat
2184 2413 2344 2468 illam
2373 2416 2817 2485 possessionem
2840 2431 2957 2470 non
2990 2415 3484 2485 perituram,quie
3507 2417 3598 2468 est

1938 2503 2186 2572 Spiritus
2227 2507 2486 2558 sanctus.
2535 2507 2659 2559 Non
2701 2503 2934 2568 desunt,
2971 2505 3075 2576 qui
3127 2504 3333 2557 dicant
3396 2501 3598 2557 Domi-

1936 2605 2083 2646 num
2111 2591 2455 2647 manifestos
2489 2592 2650 2647 solos
2688 2591 2914 2648 fructus
2947 2594 3246 2663 requirere
3287 2591 3364 2646 ab
3401 2591 3596 2646 homi-

1937 2679 2116 2734 nibus
2151 2697 2162 2734 :
2197 2681 2475 2736 interiora
2501 2697 2638 2736 vero
2674 2685 2858 2737 Deum
2895 2683 3206 2750 corrigere.
3240 2684 3364 2736 Non
3391 2688 3590 2735 autem

1935 2785 2028 2824 res
2084 2770 2164 2823 sic
2213 2786 2272 2824 se
2317 2770 2541 2825 habet:
2579 2770 2684 2825 sed
2734 2770 3256 2842 quemadmodum
3304 2770 3594 2824 adversus

1933 2858 2281 2914 exteriorem
2316 2859 2623 2914 hominem
2653 2875 2715 2914 se
2744 2859 2954 2926 munit,
2985 2861 3067 2913 sic
3096 2865 3148 2914 et
3181 2859 3473 2914 adversus
3496 2873 3590 2912 co-

1934 2947 2249 3016 gitationes
2310 2947 2532 3002 bellum
2595 2948 2740 3002 inire
2796 2953 2851 3003 et
2899 2963 3101 3016 gerere
3151 2947 3346 3002 debet.
3400 2945 3592 3015 Exigit

1933 3036 2141 3090 enima
2166 3041 2215 3090 te
2240 3037 2547 3104 Dominus,
2567 3042 2626 3090 ut
2661 3036 2762 3090 tibi
2786 3036 2912 3106 ipse
2933 3037 3230 3102 irascaris,
3255 3041 3594 3105 etpugnam

1933 3124 2274 3180 committas
2305 3141 2444 3180 cum
2473 3130 2668 3179 mente
2707 3130 2828 3190 tua,
2861 3140 3056 3195 neque
3095 3125 3441 3181 assentiaris
3491 3126 3594 3179 aut

1934 3213 2241 3270 delecteris
2265 3213 2725 3284 cogitationibus
2756 3213 2976 3285 pravis.

2009 3449 2092 3503 ιν.
2138 3445 2305 3512 Quod
2351 3449 2638 3517 superest,
2681 3448 2990 3516 peccatum
3031 3444 3235 3515 illique
3275 3443 3593 3498 adhaerens

1938 3536 2167 3591 malum
2217 3536 2498 3591 radicitus
2559 3534 2831 3599 evellere,
2861 3536 2972 3590 hoc
3019 3534 3224 3588 divina
3249 3532 3442 3588 solum
3476 3531 3595 3586 vir—

1937 3631 2059 3680 tute
2085 3625 2391 3680 emendari
2421 3628 2629 3694 potest.
2655 3627 2780 3679 Non
2816 3624 2948 3678 licet
2969 3623 3150 3688 enim,
3181 3638 3373 3693 neque
3404 3619 3593 3692 possi-

1939 3713 2035 3769 bili
2061 3714 2385 3768 esthomini
2407 3713 2662 3783 propriis
2675 3713 2896 3767 viribus
2910 3712 3234 3782 exstirpare
3251 3716 3588 3782 peccatum.

1940 3802 2507 3872 Reluctariquidem,
2540 3817 2893 3873 repugnare,
2929 3801 3174 3866 caedere,
3204 3800 3501 3854 vulnerari
3522 3799 3582 3854 in

1939 3891 2054 3945 tuis
2085 3891 2304 3944 viribus
2329 3896 2417 3946 est
2445 3907 2457 3954 ;
2484 3890 2786 3946 eradicare
2837 3905 2976 3944 vero
3009 3889 3192 3943 solius
3246 3888 3342 3941 Dei
3370 3893 3475 3942 est.
3533 3887 3591 3943 Si

1937 3980 2155 4033 etenim
2176 3979 2289 4034 hoc
2323 3984 2601 4049 prrestare
2635 3979 2690 4033 in
2732 3983 2833 4033 tua
2867 3981 3157 4047 potestate
3189 3976 3412 4038 fuisset,
3445 3976 3594 4046 quid

1937 4083 2088 4139 opus
2105 4067 2617 4122 fuissetadventus
2635 4064 3170 4121 Domini?l’erinde
3184 4065 3364 4128 enim,
3383 4069 3444 4118 ut
3471 4078 3593 4118 non

1936 4157 2068 4212 licet
2098 4157 2338 4211 oculum
2371 4156 2597 4227 absque
2627 4155 2757 4209 luce
2786 4155 3005 4217 videre,
3033 4161 3134 4209 aut
3169 4153 3332 4225 loqui
3359 4153 3592 4223 absque

1938 4246 2163 4314 lingua,
2203 4253 2303 4301 aut
2346 4245 2551 4300 audire
2593 4244 2823 4315 absque
2867 4243 3136 4308 auribus,
3167 4247 3268 4297 aut
3321 4241 3592 4296 incedere

1942 4337 2169 4406 absque
2192 4335 2464 4406 pedibus,
2494 4339 2593 4389 aut
2617 4334 2850 4389 labores
2875 4332 3132 4404 perferre
3153 4333 3383 4402 absque
3408 4330 3596 4384 mani-

1941 4425 2086 4478 bus:
2117 4425 2200 4479 sic
2217 4440 2326 4479 nec
2343 4424 2572 4494 absque
2589 4424 2732 4478 Jesu
2765 4421 3001 4485 salvari,
3024 4427 3126 4476 aut
3146 4436 3398 4491 regnum
3423 4419 3595 4476 ccelo-

1865 4526 1906 4579 Ι)
1941 4530 2071 4567 rum
2105 4513 2333 4581 ingredi
2367 4517 2556 4583 potes.
2584 4511 2754 4577 Quod
2773 4509 3355 4574 sidicas,manifesto
3387 4514 3596 4579 stupro

1938 4601 2357 4658 autadulterio
2383 4617 2475 4656 me
2499 4617 2616 4656 non
2663 4601 2884 4672 polluo,
2916 4615 3024 4654 nec
3065 4599 3327 4654 avaritiae
3369 4598 3596 4651 crimen

1936 4693 2194 4755 incurro,
2225 4706 2598 4761 consequens
2647 4695 2754 4756 est,
2790 4695 2850 4744 ut
2889 4689 3063 4760 justis
3114 4688 3226 4742 sim
3256 4703 3268 4741 :
3297 4691 3417 4741 toto
3447 4684 3595 4741 caalo

1936 4781 2030 4836 hic
2061 4779 2324 4844 aberras,
2352 4785 2569 4849 putans
2608 4783 2661 4834 te
2688 4778 2895 4834 omnia
2927 4777 3270 4849 perfecisse.
3300 4779 3425 4832 Non
3460 4779 3598 4832 sunt

1944 4871 1986 4939 ι
2001 4870 2052 4938 2
2070 4869 2266 4922 solum
2285 4873 2396 4922 tres
2411 4869 2637 4938 species
2655 4866 3198 4938 peccati,adversus
3212 4883 3367 4938 quas
3385 4864 3520 4936 quis
3535 4875 3596 4920 se

1936 4959 2166 5013 muniat
2208 4961 2460 5028 oportet,
2496 4956 2598 5010 sed
2647 4956 2906 5012 inﬁnitae.
2944 4956 3317 5024 Arrogantia,
3367 4955 3595 5010 temeri-

1937 5053 2045 5112 tas,
2077 5046 2429 5110 dit'ﬁdentia,
2462 5045 2690 5109 odium,
2726 5045 2971 5108 invidia,
3020 5043 3206 5108 fraus,
3257 5043 3593 5114 hypocrisis

1939 5135 2096 5189 unde
2129 5139 2267 5190 sunt
2296 5135 2322 5187 ?
2357 5138 2557 5189 Nonne
2585 5134 2685 5188 tibi
2717 5133 3010 5188 adversus
3042 5132 3167 5188 haec
3195 5138 3499 5188 certamen
3539 5135 3593 5187 et

1935 5240 2140 5296 pugna
2171 5223 2231 5278 in
2271 5225 2511 5278 secretis
2545 5223 2658 5278 tuis
2683 5222 3147 5290 cogitationibus
3171 5221 3540 5277 ineundaest
3570 5219 3598 5275 ?

1938 5311 2484 5378 Quemadmodum,
2516 5310 2562 5364 si
2596 5309 2745 5365 latro
2768 5310 3019 5365 domum
3067 5316 3231 5364 tuam
3289 5309 3594 5374 invaserit,

1932 5401 2061 5473 jam
2092 5405 2143 5454 te
2173 5399 2446 5454 molestia
2472 5415 2695 5471 magna
2735 5398 2939 5463 afﬁcit,
2977 5414 3083 5453 nec
3113 5403 3162 5452 te
3188 5413 3443 5452 vacuum
3468 5410 3596 5450 esse

1937 5491 2094 5545 curis
2126 5488 2302 5551 sinit;
2327 5487 2540 5560 incipis
2573 5505 2709 5543 vero
2741 5494 2796 5541 et
2829 5492 2887 5542 tu
2920 5501 3254 5557 repugnare
3278 5485 3376 5549 illi,
3410 5481 3589 5538 caedis

1939 5583 2118 5650 atque
2148 5577 2394 5633 caederis
2437 5594 2448 5631 :
2492 5577 2574 5634 ita
2599 5582 2655 5634 et
2685 5575 2890 5634 anima
2919 5573 3096 5632 debet
3124 5573 3383 5640 referire,
3414 5585 3595 5644 repu-

1940 5681 2124 5738 gnare
2156 5670 2212 5722 et
2232 5666 2569 5725 retundere.
3513 5691 3518 5694 —
