4084 6256
487 295 584 353 471

490 517 669 584 atque
698 510 1014 566 afﬂictione
1044 510 1278 577 obruta,
1317 512 1524 583 incipit
1570 512 1839 583 superior
1866 511 2012 579 ﬁeri,
2051 526 2145 566 ca-

496 601 602 666 dit,
635 600 897 669 erigitur.
932 601 1133 655 Denuo
1165 607 1476 671 peccatum
1506 601 1745 671 conjicit
1774 602 2040 657 animam
2085 600 2145 655 in

490 690 820 745 decem'aut
842 689 1044 757 viginti
1059 704 1413 759 congressus
1447 708 1459 757 ;
1490 690 1949 746 vincitanimam
1967 694 2148 760 atque

491 778 813 851 prosternit
848 793 860 829 :
892 782 947 831 et
982 778 1186 833 anima
1230 779 1475 850 quidem
1509 780 1794 851 temporis
1838 777 2149 834 intervallo

494 865 825 922 decretoria
842 879 1046 937 pugna
1059 872 1301 939 superat
1322 874 1655 939 peccatum.
1684 870 1938 923 Rursum
1962 868 2007 921 si
2027 881 2153 939 per-

492 954 698 1009 stiterit
729 954 954 1024 anima,
978 970 1086 1011 nec
1106 955 1449 1026 languidior
1476 958 1534 1013 in
1566 963 1731 1028 parte
1780 956 1983 1029 aliqua
2026 956 2155 1010 fue-

490 1043 585 1107 rit,
618 1042 822 1115 incipit
849 1045 1120 1116 superior
1162 1046 1437 1110 evadere,
1463 1051 1518 1100 et
1567 1046 1926 1112 discernere,
1956 1059 2153 1115 repor-

489 1137 611 1187 tare
635 1132 868 1203 palmas
899 1133 1193 1188 adversus
1243 1139 1581 1205 peccatum.
1608 1134 1721 1192 Sed
1756 1135 1815 1189 in
1860 1135 1971 1201 his,
1996 1135 2043 1188 si
2070 1150 2157 1190 re-

491 1224 581 1275 cte
612 1235 704 1275 res
728 1221 848 1276 suis
870 1222 1239 1292 ponderibus
1264 1222 1478 1278 librata
1505 1224 1896 1294 examinetur,
1923 1224 2155 1280 tamdiu

493 1314 809 1381 peccatum
832 1309 1140 1366 hominem
1163 1310 1467 1379 subvertit,
1501 1313 1695 1369 donec
1725 1312 1945 1369 evadat
1966 1314 2030 1368 in
2068 1314 2153 1368 vi-

493 1414 629 1453 rum
656 1399 1013 1467 perfectum,
1041 1402 1103 1454 in
1133 1416 1471 1457 mensuram
1498 1404 1689 1458 artatis
1721 1404 1790 1468 ³⁷,
1818 1407 1870 1457 et
1902 1403 2154 1458 omnino

497 1491 739 1557 superet
772 1491 1042 1542 mortem.
1087 1490 1383 1560 Scriptum
1430 1492 1587 1546 enim
1629 1496 1716 1546 est
1744 1511 1756 1550 :
1785 1492 2154 1547 Novissimus

496 1576 691 1631 hostia
718 1576 991 1631 aboletur
1019 1579 1256 1633 mors".
1286 1581 1443 1635 Etsic
1458 1581 1796 1651 superiores
1818 1580 2079 1636 evadunt
2100 1590 2156 1643 et

492 1664 749 1720 victores
777 1663 1023 1721 diaboli.
1059 1668 1113 1721 Si
1163 1683 1325 1734 vero,
1375 1674 1435 1724 ut
1472 1669 1596 1739 jam
1658 1670 1939 1736 diximus,
1995 1667 2155 1726 dicat

1791 294 1847 349 S.
1888 291 2189 350 MACARII
2226 289 2535 347 ABGYPTII

560 424 624 477 V.
652 423 903 477 Demum
935 434 1076 476 vero
1126 417 1405 477 voluntas
1457 435 1823 494 repugnans,
1865 419 2141 476 molestia
2173 418 2214 473 A

3737 291 3839 347 472

2322 416 2399 473 Ε’.
2442 417 2637 470 Λοιπὸν
2676 415 2707 474 ἡ
2762 419 3069 492 προαίρεσις
3121 415 3531 490 ἀντιμαχομένη,
3566 419 3657 469 καὶ
3704 418 3857 488 ἔχου-

2256 526 2325 559 σα
2374 510 2524 559 πόνον
2590 511 2679 559 καὶ
2760 506 2955 577 θλίψιν,
3006 508 3235 581 ἄρχεται
3278 506 3505 579 ἀνωτέρα
3566 508 3805 577 γίνεσθαι
3839 527 3853 538 ·

2256 601 2452 660 πίπτει,
2481 598 2729 667 ἓγείρεται
2760 612 2771 624 ·
2828 596 2980 647 πάλιν
3040 597 3213 671 ῥίπτει
3264 598 3294 654 ἡ
3344 596 3578 668 ἁμαρτία
3629 595 3696 655 εἰς
3729 591 3864 647 δέκα

2257 687 2286 745 ἡ
2317 686 2387 747 εἰς
2428 689 2594 737 εἴκοσι
2645 684 2847 755 ἀγῶνας
2888 701 2899 714 ⁸
2954 691 3074 756 νικᾷ
3117 689 3209 744 τὴν
3274 684 3461 756 ψυχὴν
3527 689 3616 737 καὶ
3659 685 3862 757 ῥίπτει,

2258 777 2401 833 καὶὴ
2435 774 2589 846 ψυχὴ
2651 770 2745 825 διὰ
2789 774 2983 846 ψρόνου
3025 774 3095 837 εἰς
3150 780 3274 847 μίαν
3323 773 3533 845 ἀγωγὴν
3584 780 3707 843 νικᾷ
3763 780 3864 832 τὴν

2262 864 2519 936 ἁμαρτίαν
2572 863 2725 916 πάλιν
2777 865 2863 916 ἐὰν
2893 866 2923 922 ἡ
2982 869 3140 936 χυχὴ
3197 866 3445 935 ύπομείνς)
3480 868 3569 915 καὶ
3612 867 3683 933 μὴ
3721 884 3868 935 χαυ-

2261 956 2397 1012 νωθῆ
2432 955 2565 1005 κατά
2607 957 2781 1027 μέρος,
2823 954 3046 1027 ἄρχεται
3082 952 3375 1014 πλεονάζειν
3427 956 3516 1004 καὶ
3550 949 3866 1026 διακρίνειν,

2264 1047 2350 1094 καὶ
2406 1041 2757 1116 ἀποφέρεσθαι
2810 1045 2876 1095 τὰ
2926 1047 3207 1114 νικητήρια
3261 1044 3399 1094 κατὰ
3452 1049 3548 1103 τῆς
3587 1041 3877 1117 ἁμαρτίας,

2266 1130 2372 1183 ἀλλ’
2404 1132 2447 1183 εἰ
2498 1136 2588 1183 καὶ
2618 1134 2666 1183 ἐν
2722 1133 2925 1193 τούτοις
2976 1130 3287 1197 ἐξετάζεται,
3345 1130 3516 1203 ἀκμὴν
3559 1133 3588 1189 ἡ
3637 1130 3883 1205 ἁμαρτία

2264 1225 2605 1293 καταστρέφει
2630 1223 2715 1273 τὸν
2770 1222 3057 1293 ἄνθρωπον,
3107 1222 3198 1282 ἕως
3242 1220 3303 1273 οὗ
3333 1220 3452 1292 ἔλθῃ
3510 1219 3600 1282 εἰς
3659 1217 3883 1295 ἄνδρα

2265 1310 2523 1374 τέλειον,
2589 1310 2678 1372 εἰς
2733 1314 2961 1384 μέτρον
3008 1309 3295 1375 ἡλικίας,
3327 1314 3415 1361 καὶ
3444 1308 3646 1371 τελείως
3672 1314 3879 1382 νικήσῃ

2265 1402 2351 1451 τὸν
2384 1400 2599 1451 θάνατον
2634 1416 2646 1427 ·
2680 1402 2974 1472 γέγραπται
3000 1401 3125 1473 γὰρ,
3176 1397 3452 1469 Ἐσχατος
3506 1397 3697 1469 ἐχθρὸς
3740 1417 3886 1450 κατ-

2265 1495 2567 1561 αργεῖται
2628 1488 2653 1538 6
2695 1489 2970 1549 θάνατος
3011 1503 3024 1517 ⁸
3047 1491 3133 1539 καὶ
3168 1487 3329 1539 ούτωτ
3353 1485 3593 1559 ἀνώτεροι
3616 1490 3885 1557 γίνονται,

2265 1582 2355 1629 xui
2401 1581 2609 1634 νικηταὶ
2656 1584 2746 1629 τοῦ
2780 1574 3049 1631 διαϐόλου.
3088 1576 3145 1628 Εἰ
3199 1573 3277 1641 δὲ,
3328 1578 3501 1636 καθὼς
3538 1580 3889 1647 προείπομεν,

2265 1666 2400 1738 λέγει
2437 1686 2529 1730 τις,

2608 1666 2684 1718 Οὐ
2715 1668 2964 1738 πορνεύω,
3016 1665 3075 1717 ού
3110 1668 3371 1737 μοιχεύω,
3426 1665 3484 1717 ού
3546 1664 3887 1738 φιλαργυρῶ,

492 1750 653 1825 quis,
714 1768 823 1808 nec
867 1760 1111 1821 scortor,
1162 1773 1271 1812 nec
1325 1758 1615 1814 adulterio
1644 1775 1737 1814 me
1777 1760 1997 1830 polluo,
2044 1777 2153 1816 nec

2277 1754 2411 1829 Ξιρκεί
2439 1774 2531 1827 μοι
2562 1772 2573 1783 ·
2632 1755 2791 1815 οὕτως
2845 1755 2916 1815 εἰς
2968 1758 3080 1826 τρίο
3124 1758 3255 1829 μέρη
3303 1754 3619 1824 ἠγωνίσατο,
3664 1759 3754 1805 xui
3815 1753 3894 1814 εἷς

495 1856 714 1897 avarus
745 1858 900 1909 sum,
928 1844 1042 1899 hoc
1065 1845 1437 1902 sufﬁcitmihi
1468 1864 1483 1913 ;
1509 1847 1814 1904 dimicavit
1837 1850 1884 1903 is
1906 1850 2149 1922 quidem

494 1930 611 1985 hoc
665 1931 844 1987 modo
897 1933 1185 1990 adversus
1236 1941 1350 1991 tres
1393 1937 1619 2009 peccati
1652 1939 1879 2010 species
1908 1955 1919 1993 :
1947 1944 2153 1996 contra

491 2020 752 2089 reliquas
787 2038 926 2078 vero
950 2025 1176 2094 viginti,
1197 2041 1352 2097 quas
1375 2033 1687 2097 peccatum
1720 2027 2008 2082 adversus
2031 2028 2154 2083 ani-

496 2134 663 2175 mam
690 2117 891 2182 habet,
925 2131 1045 2169 non
1069 2115 1378 2188 pugnavit,
1412 2115 1512 2170 sed
1536 2116 1726 2171 victus
1749 2121 1854 2172 est.
1874 2117 2148 2187 Pugnan-

494 2208 645 2265 dum
675 2207 850 2277 igitur
871 2211 926 2262 et
950 2204 1362 2260 dimicandum
1405 2210 1495 2260 est
1520 2205 1600 2260 illi
1633 2205 1919 2261 adversus
1943 2208 2153 2264 omdes

494 2296 724 2369 peccati
748 2296 994 2367 species.
1012 2297 1167 2349 Mens
1194 2293 1447 2359 enim,ut
1472 2294 1691 2365 saepius
1720 2295 2033 2362 diximusr,
2053 2297 2153 2353 ad-

492 2387 756 2443 versaria
778 2390 887 2449 est,
913 2389 969 2439 et
995 2399 1200 2455 (equas
1230 2382 1411 2438 habet
1441 2383 1590 2438 vires
1631 2383 1920 2439 adversus
1949 2402 2157 2457 pecca.

491 2478 644 2544 tum,
678 2480 741 2530 ut
771 2472 1138 2529 contradicat
1167 2476 1221 2527 et
1246 2473 1477 2528 resistat
1507 2473 2002 2543 cogitationibus.

561 2581 654 2635 VI.
713 2579 883 2645 Quod
938 2580 982 2633 si
1024 2578 1210 2646 dicas,
1265 2579 1626 2649 potentiores
1687 2595 1816 2635 esse
1870 2581 2156 2638 adversas

492 2669 671 2733 vires,
707 2674 762 2723 et
788 2668 1075 2723 malitiam
1108 2668 1358 2722 omnino
1400 2667 1625 2723 homini
1667 2668 2158 2741 domiuari,inju-

497 2762 659 2814 stum
685 2755 828 2812 facis
862 2759 1067 2822 Deum,
1095 2755 1196 2827 qui
1229 2756 1588 2812 condemnet
1617 2756 1948 2813 humanam
1992 2766 2147 2815 natu

496 2861 649 2911 ram,
683 2861 754 2900 eo
794 2845 959 2917 quod
989 2844 1226 2899 Satanae
1249 2844 1559 2909 obedierit,
1610 2846 1860 2917 quando
1910 2848 2156 2919 quidem

496 2934 706 2990 fortior
740 2938 849 2997 est,
886 2938 939 2989 et
966 2934 1021 2988 vi
1055 2938 1333 3004 cogentes
1365 2934 1673 2991 hominem
1717 2936 1831 2992 sibi
1861 2938 2105 3009 subjicit
2138 2956 2151 2994 :

500 3027 790 3093 majorem
822 3028 879 3078 et
907 3022 1209 3079 fortiorem
1249 3039 1388 3079 eum
1426 3025 1631 3081 anima
1670 3026 2004 3083 constituis.
2043 3028 2157 3085 Sed

2264 1844 2396 1897 ἄλλα
2436 1847 2622 1908 εἴκοσι,
2672 1843 2800 1918 οἷπερ
2852 1846 2964 1915 ἔχει
2994 1846 3023 1901 ἡ
3082 1843 3313 1915 ἁμαρτία
3353 1844 3489 1894 κατὰ
3538 1849 3629 1901 τῆς
3666 1840 3887 1912 ψυχῆς,

2265 1935 2359 1987 οὐκ
2399 1935 2722 2005 ἠγωνίσατο,
2764 1932 2870 1985 ἀλλ’
2902 1934 3131 1991 ἡττήθη.
3174 1931 3397 2003 Ὀφείλει
3446 1928 3532 1984 οὖν
3587 1930 3653 1990 εἰς
3701 1932 3889 1982 πάντα

2265 2022 2649 2095 ἀγωνίσασθαι,
2704 2027 2793 2074 καὶ
2842 2020 3011 2074 ἀθλεῖν
3045 2040 3057 2053 ο
3104 2022 3129 2072 6
3181 2024 3282 2096 ’γὰρ
3341 2028 3481 2087 νοῦς,
3537 2022 3709 2081 καθὼς
3759 2019 3894 2071 πολ-

2262 2114 2407 2175 λάκις
2465 2117 2668 2186 εἴπομεν
2703 2127 2717 2143 ⁸
2768 2110 3041 2172 ἀντίπαλός
3098 2115 3231 2177 ἑστι,
3282 2116 3371 2163 καὶ
3424 2113 3538 2182 ἔχει
3594 2109 3889 2184 ἰσόρροπον

2267 2200 2489 2276 δύναμιν
2536 2206 2661 2275 πρὸς
2702 2206 2793 2260 τὴν
2839 2202 3096 2276 ἁμαρτίαν
3143 2208 3234 2253 τοῦ
3285 2199 3561 2271 ἀντιλέγειν
3594 2202 3683 2251 καὶ
3737 2201 3893 2251 ἐναν-

2265 2295 2507 2346 τιοῦσθαι
2539 2298 2643 2354 τοῖς
2670 2292 2963 2364 λογισμοῖς.

2340 2578 2410 2644 ς’.
2462 2576 2521 2631 Εἰ
2574 2573 2631 2630 δὲ
2694 2576 2858 2647 λέγεις
2915 2575 3263 2647 ἰσχυροτέραν
3314 2571 3441 2626 εἶναι
3493 2577 3580 2631 τὴν
3634 2574 3883 2625 ἐναντίαν

2270 2664 2512 2739 δύναμιν,
2566 2670 2655 2718 καὶ
2701 2663 2997 2737 βασιλεύειν
3029 2667 3085 2715 τὸ
3120 2662 3232 2715 ὅλον
3272 2668 3364 2721 τὴν
3394 2668 3581 2714 κακίαν
3614 2666 3751 2715 κοιτά
3782 2671 3882 2715 τοῦ

2268 2755 2563 2828 ἀνθρώπου,
2649 2751 2835 2807 ἄδικον
2893 2760 3056 2815 ποιεῖς
3126 2756 3214 2805 τὸν
3272 2755 3423 2819 Θεὸν,
3496 2757 3889 2825 κατακρίνοντα

2267 2850 2360 2903 τὴν
2411 2844 2806 2918 ἀνθρωπότητα,
2861 2839 3002 2895 διότι
3059 2844 3326 2899 ὑπήκουσε
3356 2849 3427 2911 τῷ
3470 2846 3693 2911 Σατανᾷ,
3726 2843 3888 2893 ὁπότε

2271 2934 2491 3008 ἰσχυρός
2535 2936 2664 2997 ἑστι,
2719 2937 2808 2985 xui
2874 2930 3235 3002 ἀναγκαστικῇ
3307 2949 3408 2982 τινι
3483 2926 3701 3002 δυνάμει
3748 2930 3879 2981 ὑπο-

2268 3026 2455 3076 τάσσει
2489 3044 2500 3056 ·
2552 3022 2715 3094 μείζω
2758 3026 2848 3074 καὶ
2901 3020 3246 3095 ἰσχυρότερον
3277 3018 3433 3072 αὐτὸν
3484 3018 3741 3080 ἐποίησας
3782 3027 3877 3080 τῆς

498 3112 746 3168 tandem
774 3128 867 3167 me
894 3112 1122 3168 audies.
1151 3113 1679 3177 Quemadmodum
1702 3115 1749 3170 si
1794 3116 2032 3185 juvenis
2063 3116 2155 3181 sit,

2277 3112 2474 3185 ψυχῆς.
2536 3115 2635 3164 Καὶ
2690 3109 2737 3162 ἐν
2795 3110 2925 3163 τέλει
2963 3130 3053 3183 μοι
3101 3111 3414 3168 ὑπακούσεις
3447 3126 3459 3137 ·
3513 3107 3687 3183 ὣσπερ
3731 3104 3875 3165 ἓὰνῆ

498 3200 603 3273 qui
642 3200 863 3255 luctam
889 3202 1047 3256 ineat
1077 3217 1217 3257 cum
1248 3202 1467 3273 puello,
1497 3208 1552 3258 et
1575 3203 1624 3257 si
1653 3204 1909 3275 puellus,
1940 3205 1986 3260 si
2021 3221 2159 3261 suc-

498 3288 790 3352 cubuerit,
808 3290 1259 3353 condemnetur,
1276 3291 1438 3362 quod
1454 3290 1693 3347 inferior
1714 3293 1987 3357 evaserit,
2010 3294 2154 3349 mul-

500 3381 628 3432 tum
660 3378 774 3432 hoc
800 3377 981 3432 habet
1019 3378 1346 3449 iniquitatis
1376 3380 1653 3451 :perinde
1683 3380 2154 3450 dicimusetnos,

497 3470 763 3520 mentem
784 3465 1193 3521 adversariam
1214 3482 1367 3529 esse.
1388 3475 1442 3523 et
1471 3470 1661 3541 aequis
1689 3470 1915 3525 viribus
1948 3472 2159 3542 praedi-

498 3557 644 3609 tam.
680 3556 745 3607 Et
776 3553 1125 3623 hujusmodi
1180 3557 1403 3626 anima,
1438 3572 1615 3629 opem
1667 3564 1724 3613 et
1762 3560 2077 3626 auxilium,
2112 3562 2156 3617 si

503 3641 659 3696 serio
690 3649 939 3714 quaerat,
974 3642 1033 3697 id
1054 3645 1454 3716 consequitur,
1488 3651 1544 3701 et
1566 3646 1752 3716 digna
1773 3655 2048 3704 censetur
2076 3666 2159 3705 re-

502 3730 869 3802 demptione.
905 3732 1216 3787 Certamen
1237 3734 1391 3789 enim
1426 3740 1705 3806 etpugna
1731 3738 1789 3791 in
1822 3738 2161 3810 aequalitate

502 3817 716 3873 virium
750 3820 1037 3876 consistit.
1071 3820 1486 3878 Gloriﬁcemus
1516 3826 1741 3879 Patrem
1775 3830 1831 3881 et
1860 3828 2068 3883 Filium
2109 3832 2162 3885 et

507 3908 788 3980 Spiritum
830 3915 1105 3966 sanctum
1144 3911 1203 3966 in
1231 3911 1467 3969 secula.
1512 3916 1720 3969 Amen.

1125 4018 1417 4075 HOMILIA
1452 4021 1539 4074 ιν.

508 4124 763 4180 Cursum
777 4124 958 4181 stadii
971 4125 1151 4194 hujus
1163 4127 1373 4181 mundi
1383 4133 1443 4182 at
1451 4131 1540 4183 ten
1551 4132 1602 4184 te
1614 4135 1667 4184 et
1684 4135 1960 4187 accurate
1972 4132 2165 4189 absol-

577 4211 713 4271 v_ere
735 4203 964 4263 Oportet
982 4197 1389 4271 Christianos,
1423 4207 1484 4253 ut
1500 4202 1726 4257 caeleste
1734 4217 2102 4271 praeconium
2129 4220 2162 4260 a

581 4268 701 4323 Deo
727 4274 779 4323 et
812 4270 1040 4339 angelis
1080 4277 1542 4341 consequantur.

2267 3206 2550 3268 νεανίσκος,
2614 3205 2705 3253 καὶ
2752 3202 2851 3273 ἔχῃ
2905 3198 3075 3257 πάλην
3130 3202 3257 3272 πρὸς
3324 3194 3561 3262 παιδίον,
3620 3202 3709 3248 καὶ
3794 3200 3883 3249 ea»

2268 3293 2469 3364 ἡττηθῇ
2526 3292 2583 3342 τὸ
2653 3284 2890 3355 παιδίον,
2980 3294 3377 3361 κατακρίνηται,
3448 3284 3586 3339 διότι
3652 3288 3881 3352 ἡττήθη,

2267 3390 2418 3434 τοῦτο
2461 3379 2656 3441 πολλῆς
2704 3375 2920 3440 ἀδικίας
2969 3377 3111 3430 ἐστίν
3140 3395 3151 3406 ·
3205 3378 3316 3430 ὅθεν
3363 3378 3509 3448 ἡμεῖς
3546 3375 3759 3447 λέγομεν
3792 3373 3876 3427 ἀν-

2270 3470 2481 3524 τίπαλον
2509 3466 2637 3522 εἶναι
2667 3472 2753 3520 τὸν
2791 3475 2908 3520 νοῦν
2938 3472 3027 3519 καὶ
3075 3465 3370 3541 ἰσορῥοπον.
3418 3470 3519 3519 Καὶ
3576 3466 3607 3522 ἡ
3660 3467 3876 3522 τοιαύτη

2268 3561 2423 3632 ψυχὴ
2487 3558 2832 3624 ἐπιζητοῦσα,
2898 3558 3149 3628 τυγχάνει
3205 3554 3455 3627 βοηθείας
3519 3559 3610 3606 xui
3662 3552 3873 3611 ἀντιλή-

2268 3650 2426 3722 ψεως,
2467 3652 2557 3700 xui
2594 3646 2937 3708 καταξιοῦται
2979 3653 3073 3706 τῆς
3112 3644 3432 3715 λυτρὼσεως.
3473 3642 3531 3696 Ἡ
3573 3645 3672 3717 ’γὰρ
3727 3643 3863 3700 πάλη

2270 3734 2361 3790 καὶ
2410 3739 2436 3789 6
2486 3737 2623 3808 ἀγὼν
2689 3738 2771 3788 ἐπὶ
2820 3742 2880 3807 τῇ
2944 3731 3264 3805 ὶσοδυναμίᾳ
3318 3740 3505 3787 κεῖται.
3562 3732 3869 3803 Δοξάζωμεν

2273 3830 2500 3899 Πατέρα,
2545 3829 2636 3878 καὶ
2685 3826 2826 3893 Υἱόν,
2875 3829 2964 3875 xui
3022 3823 3168 3893 ἅγιον
3225 3828 3433 3894 Πνεῦμα
3486 3820 3555 3881 εἰς
3596 3825 3720 3882 τοὺς
3747 3820 3871 3873 αἰῶ-

2272 3937 2379 3978 νας.
2409 3916 2597 3989 Ἀμήν.

2892 4024 3139 4073 ΟΜΙΛΙΑ
3190 4017 3259 4072 Δ’.

2273 4135 2388 4185 Τὸν
2420 4125 2662 4203 δρόμον
2702 4135 2812 4180 τοῦ
2868 4123 3295 4203 σταδίουᾼτοῦ
3335 4128 3591 4203 κόσμου
3633 4124 3885 4203 Δτούτου

2348 4190 2798 4275 προ’σεχόντως
2850 4204 2956 4287 xu‘i
2993 4196 3273 4287 axium}
3324 4190 3733 4285 d'is'p'xsa’tiui
3774 4190 3894 4283 δεῖ

2346 4272 2492 4334 τούς
2552 4272 3011 4345 Χριστιανοὺς,
3064 4272 3169 4321 ἶνα
3229 4272 3505 4320 ἐπαίνων
3555 4272 3883 4340 οὐρανίων

2284 4384 2293 4401 τ
2350 4348 2519 4419 παρά
2549 4341 2709 4399 Θεοῦ
2749 4348 2857 4395 xui
2889 4341 3173 4413 ἀγγέλων
3204 4343 3484 4412 τύχωσι.

586 4462 626 4516 Ι.
661 4461 770 4527 Qui
803 4462 985 4518 vitam
1027 4462 1420 4522 Christianam
1462 4466 1658 4522 studio
1692 4474 1970 4525 accurato
2003 4474 2160 4527 tran-

2352 4469 2428 4525 A'.
2461 4470 2527 4522 Oi
2571 4471 2657 4520 τὸν
2702 4465 2818 4540 βίον
2856 4474 2944 4518 τοῦ
2986 4467 3410 4538 Χριστιανισμόῦ
3442 4460 3489 4514 έν
3532 4461 3693 4533 πολλῇ
3741 4459 3888 4533 ἀκρι-

516 4550 710 4622 sigere
750 4550 1088 4619 intendunt,
1130 4569 1231 4610 eos
1266 4570 1388 4625 prae
1419 4558 1643 4610 caateris
1680 4556 1974 4614 facultatis
2006 4560 2169 4616 intel-

513 4639 735 4713 ligendi
755 4645 811 4696 et
839 4641 1241 4709 discernendi,
1265 4660 1401 4716 quas
1429 4646 1487 4700 in
1514 4646 1717 4703 anima
1737 4653 1846 4713 est,
1870 4665 2170 4707 summam

520 4746 725 4786 curam
757 4730 977 4786 habere
1008 4738 1261 4803 oportet,
1304 4738 1385 4799 ut,
1418 4749 1555 4789 cum
1580 4742 1851 4792 exactam
1876 4737 2017 4793 boni
2052 4756 2175 4794 ma-

514 4818 681 4889 lique
720 4818 1210 4888 dijudicationem
1260 4824 1415 4878 nacti
1452 4839 1544 4887 ea,
1584 4841 1719 4897 quae
1755 4832 1967 4897 praeter
2010 4833 2176 4884 natu-

512 4922 651 4962 ram
674 4922 838 4977 purae
852 4915 1080 4965 naturae
1096 4910 1500 4984 undequaque
1522 4915 2180 4981 invehantur,distinxe-

509 4995 723 5059 rimus,
758 5003 912 5050 recte
944 5002 999 5052 et
1033 4998 1262 5071 absque
1304 5001 1667 5059 oﬁendiculo
1698 5019 2124 5062 conversemur
2165 5024 2178 5074 ;

521 5087 589 5139 ut
613 5083 1163 5143 velutdiscernendi
1181 5088 1457 5146 facultate
1483 5092 1658 5147 oculo
1675 5098 1923 5159 utentes,
1952 5096 2011 5150 id
2044 5112 2183 5152 con-

511 5188 875 5244 sequamur,
908 5176 1178 5232 utidonei
1203 5193 1321 5233 non
1355 5178 1563 5245 simus,
1596 5182 1699 5253 qui
1720 5198 1857 5239 eum
1892 5185 2182 5254 pravitate

513 5261 1021 5319 etmalitiatcedus
1042 5272 1345 5337 percutere
1364 5269 1668 5339 possimus
1702 5288 1716 5337 ;
1745 5272 1946 5343 sicque
1975 5273 2182 5331 divino

513 5367 763 5408 munere
814 5354 1004 5410 ornati
1033 5354 1200 5426 digni
1257 5357 1506 5414 Domino
1539 5358 1780 5415 ﬁamus.
1843 5362 1950 5435 13
1981 5365 2181 5419 Exem-

512 5438 683 5512 plum
718 5440 1035 5514 capiamus
1060 5443 1137 5500 ab
1161 5444 1250 5510 iis,
1279 5460 1415 5517 quae
1440 5444 1595 5503 visui
1614 5448 1887 5521 subjecta
1908 5457 2065 5508 sunt.
2102 5452 2177 5509 Si-

586 5688 629 5724 ιτ
664 5686 878 5760 Ephes.
912 5702 993 5756 1v,
1017 5692 1069 5746 9.
1147 5690 1242 5745 "1
1275 5691 1404 5749 Cor.
1430 5705 1529 5758 xv,
1560 5694 1649 5748 26.

2282 4560 2396 4632 ϐείᾳ
2445 4559 2777 4631 κατορθῶσαι
2832 4553 3156 4627 βουλόμενοι,
3213 4556 3310 4626 πρὸ
3378 4552 3581 4603 πάντων
3623 4558 3715 4602 τοῦ
3768 4546 3889 4601 δια-

2282 4656 2524 4708 νοητικοῦ
2555 4651 2645 4699 xui
2681 4643 3009 4716 διακριτικοῦ
3053 4641 3237 4714 μέλους
3276 4649 3370 4702 τῆς
3416 4639 3603 4712 ψυχῆς
3648 4638 3696 4690 έν
3739 4640 3887 4709 πάσῃ

2288 4736 2507 4812 δυνάμει
2565 4734 2917 4807 ἐπιμελεῖσθαι
2966 4730 3275 4803 ὀφείλουσιν,
3327 4730 3408 4781 ἶνα
3470 4733 3563 4787 τὴν
3619 4723 3893 4799 διάκρισιν

2289 4835 2379 4880 τοῦ
2435 4826 2592 4878 καλοῦ
2651 4829 2733 4875 xui
2792 4828 2884 4874 τοῦ
2927 4828 3089 4872 κακοῦ
3145 4819 3192 4871 έν
3252 4818 3489 4891 ἀκριϐείᾳ
3544 4818 3890 4889 κτησάμενοι,

2290 4918 2492 4970 καὶτά
2554 4916 2696 4987 παρά
2752 4914 2906 4983 φύσιν
2969 4910 3280 4981 εἰσαχθέντος
3338 4916 3398 4980 τῇ
3458 4908 3664 4979 καθαρᾷ
3740 4907 3893 4976 φύσει

2292 5007 2509 5058 πάντοτε
2548 4999 2917 5077 διακρίνοντες,
2969 4998 3150 5058 εὐθέως
3216 5001 3305 5049 καὶ
3363 4994 3735 5071 ἀπροσκόπτως
3801 5012 3893 5045 πο-

2291 5094 2648 5165 λιτευσώμεθα
2679 5110 2691 5123 ο
2747 5090 2829 5141 ἶνα
2876 5092 2941 5151 ὡς
3000 5086 3246 5160 ὀφθαλμῷ
3286 5092 3357 5156 τῷ
3408 5091 3503 5144 τῆς
3574 5080 3892 5157 διακρίσεως

2294 5183 2431 5255 μελει
2495 5188 2781 5255 χρώμενοι,
2844 5174 3225 5239 ἀσυνδύαστοι,
3284 5178 3371 5225 καὶ
3440 5172 3715 5225 ἀσύνθετοι
3762 5173 3891 5243 πρὸς

2293 5276 2385 5334 τὰς
2433 5280 2527 5332 τῆς
2582 5275 2764 5331 κακίας
2819 5269 3084 5327 ὑποθέσεις
3131 5262 3260 5317 εἶναι
3307 5260 3633 5333 δυνηθῶμεν,
3675 5266 3763 5313 καὶ
3805 5259 3895 5312 οὖ-

2292 5381 2389 5422 τως
2442 5369 2534 5424 τῆς
2580 5363 2717 5421 θείας
2761 5354 2955 5432 δωρεᾶς
2998 5354 3417 5417 καταξιωθέντες,
3468 5350 3608 5414 ἄξιοι
3652 5357 3745 5402 τοῦ
3785 5348 3895 5402 Κυ-

2291 5455 2408 5527 ρίοῦ
2460 5451 2742 5524 γενώμεθα.
2799 5447 2929 5501 ’Δπό
2993 5442 3052 5498 δε
3110 5452 3207 5496 τῶν
3274 5444 3540 5518 ὁρωμένων
3593 5436 3895 5511 ὑπόδειγμα
