  <div class='ocr_page' id='page_1' title='image "/cluster/home/n/w/nwhite01/storage/ocr_20150623/34/mdp.39015041165401/276.png"; bbox 0 0 4084 6256; ppageno 0'>
   <div class='ocr_carea' id='block_1_1' title="bbox 281 310 388 367">
    <p class='ocr_par' dir='ltr' id='par_1_1' title="bbox 281 310 388 367">
     <span class='ocr_line' id='line_1_1' title="bbox 281 310 388 367; baseline 0.019 -2"><span class='ocrx_word' id='word_1_1' title='bbox 281 310 388 367; x_wconf 77' lang='grc'><strong>473</strong></span> 
     </span>
    </p>
   </div>
   <div class='ocr_carea' id='block_1_2' title="bbox 1572 306 2358 368">
    <p class='ocr_par' dir='ltr' id='par_1_2' title="bbox 1572 306 2358 368">
     <span class='ocr_line' id='line_1_2' title="bbox 1572 306 2358 368; baseline 0 -2"><span class='ocrx_word' id='word_1_2' title='bbox 1572 306 1913 368; x_wconf 65' lang='lat' dir='ltr'><strong>HOMILIE.</strong></span> <span class='ocrx_word' id='word_1_3' title='bbox 1947 341 2014 353; x_wconf 89' lang='lat'><strong><em>—</em></strong></span> <span class='ocrx_word' id='word_1_4' title='bbox 2048 310 2223 367; x_wconf 82' lang='lat' dir='ltr'><strong>HOM.</strong></span> <span class='ocrx_word' id='word_1_5' title='bbox 2267 310 2358 367; x_wconf 87' lang='lat' dir='ltr'><strong>IV.</strong></span> 
     </span>
    </p>
   </div>
   <div class='ocr_carea' id='block_1_3' title="bbox 3542 316 3645 377">
    <p class='ocr_par' dir='ltr' id='par_1_3' title="bbox 3542 316 3645 377">
     <span class='ocr_line' id='line_1_3' title="bbox 3542 316 3645 377; baseline 0.049 -5"><span class='ocrx_word' id='word_1_6' title='bbox 3542 316 3645 377; x_wconf 72' lang='grc'><strong>4⁵14</strong></span> 
     </span>
    </p>
   </div>
   <div class='ocr_carea' id='block_1_4' title="bbox 263 434 1889 513">
    <p class='ocr_par' dir='ltr' id='par_1_4' title="bbox 263 435 1874 509">
     <span class='ocr_line' id='line_1_4' title="bbox 263 435 1874 509; baseline -0.001 -21"><span class='ocrx_word' id='word_1_7' title='bbox 263 435 503 507; x_wconf 79' lang='grc' dir='ltr'>λάϐωμεν</span> <span class='ocrx_word' id='word_1_8' title='bbox 530 452 544 465; x_wconf 77' lang='grc'><strong>⁸</strong></span> <span class='ocrx_word' id='word_1_9' title='bbox 597 436 729 489; x_wconf 74' lang='grc' dir='ltr'>ἴοικε</span> <span class='ocrx_word' id='word_1_10' title='bbox 768 435 872 507; x_wconf 86' lang='grc' dir='ltr'><strong>γὰρ</strong></span> <span class='ocrx_word' id='word_1_11' title='bbox 903 436 962 487; x_wconf 83' lang='grc' dir='ltr'><strong>τό</strong></span> <span class='ocrx_word' id='word_1_12' title='bbox 1011 443 1163 507; x_wconf 90' lang='grc' dir='ltr'>σῶμα</span> <span class='ocrx_word' id='word_1_13' title='bbox 1201 442 1263 503; x_wconf 80' lang='grc' dir='ltr'>τῇ</span> <span class='ocrx_word' id='word_1_14' title='bbox 1299 435 1479 509; x_wconf 72' lang='grc' dir='ltr'>ψυχῇ,</span> <span class='ocrx_word' id='word_1_15' title='bbox 1530 440 1619 489; x_wconf 85' lang='grc' dir='ltr'><strong>καὶ</strong></span> <span class='ocrx_word' id='word_1_16' title='bbox 1664 438 1730 489; x_wconf 85' lang='grc' dir='ltr'><strong>τά</strong></span> <span class='ocrx_word' id='word_1_17' title='bbox 1784 441 1874 489; x_wconf 81' lang='grc' dir='ltr'>τοῦ</span> 
     </span>
    </p>
   </div>
   <div class='ocr_carea' id='block_1_5' title="bbox 2004 434 3644 513">
    <p class='ocr_par' dir='ltr' id='par_1_5' title="bbox 2004 434 3644 513">
     <span class='ocr_line' id='line_1_5' title="bbox 2004 434 3644 513; baseline 0.005 -22"><span class='ocrx_word' id='word_1_18' title='bbox 2004 435 2395 492; x_wconf 81' lang='lat' dir='ltr'><strong>nilitudinem</strong></span> <span class='ocrx_word' id='word_1_19' title='bbox 2427 434 2583 493; x_wconf 89' lang='lat' dir='ltr'><strong>enim</strong></span> <span class='ocrx_word' id='word_1_20' title='bbox 2635 435 2973 509; x_wconf 85' lang='lat' dir='ltr'><strong>quamdam</strong></span> <span class='ocrx_word' id='word_1_21' title='bbox 3011 437 3196 495; x_wconf 82' lang='lat' dir='ltr'><strong>habet</strong></span> <span class='ocrx_word' id='word_1_22' title='bbox 3247 454 3463 513; x_wconf 86' lang='lat' dir='ltr'><strong>corpus</strong></span> <span class='ocrx_word' id='word_1_23' title='bbox 3504 457 3644 499; x_wconf 90' lang='lat' dir='ltr'><strong>cum</strong></span> 
     </span>
    </p>
   </div>
   <div class='ocr_carea' id='block_1_6' title="bbox 264 524 1876 599">
    <p class='ocr_par' dir='ltr' id='par_1_6' title="bbox 264 524 1876 599">
     <span class='ocr_line' id='line_1_6' title="bbox 264 524 1876 599; baseline -0.001 -20"><span class='ocrx_word' id='word_1_24' title='bbox 264 531 510 598; x_wconf 81' lang='grc' dir='ltr'>σώματος</span> <span class='ocrx_word' id='word_1_25' title='bbox 548 526 839 598; x_wconf 86' lang='grc' dir='ltr'>πράγματα</span> <span class='ocrx_word' id='word_1_26' title='bbox 886 532 948 598; x_wconf 82' lang='grc' dir='ltr'>τῇ</span> <span class='ocrx_word' id='word_1_27' title='bbox 1000 524 1180 598; x_wconf 78' lang='grc' dir='ltr'>ψυχῇ,</span> <span class='ocrx_word' id='word_1_28' title='bbox 1214 530 1303 578; x_wconf 84' lang='grc' dir='ltr'>καὶ</span> <span class='ocrx_word' id='word_1_29' title='bbox 1334 529 1399 579; x_wconf 83' lang='grc' dir='ltr'>τὰ</span> <span class='ocrx_word' id='word_1_30' title='bbox 1442 530 1721 599; x_wconf 74' lang='grc' dir='ltr'><strong>φαινόμενα</strong></span> <span class='ocrx_word' id='word_1_31' title='bbox 1772 531 1876 587; x_wconf 87' lang='grc' dir='ltr'>τοῖς</span> 
     </span>
    </p>
   </div>
   <div class='ocr_carea' id='block_1_7' title="bbox 261 634 529 688">
    <p class='ocr_par' dir='ltr' id='par_1_7' title="bbox 261 634 529 688">
     <span class='ocr_line' id='line_1_7' title="bbox 261 634 529 688; baseline 0.007 -21"><span class='ocrx_word' id='word_1_32' title='bbox 261 634 529 688; x_wconf 86' lang='grc' dir='ltr'>κρυφιοις.</span> 
     </span>
    </p>
   </div>
   <div class='ocr_carea' id='block_1_8' title="bbox 334 824 1874 902">
    <p class='ocr_par' dir='ltr' id='par_1_8' title="bbox 334 824 1874 902">
     <span class='ocr_line' id='line_1_8' title="bbox 334 824 1874 902; baseline 0.002 -23"><span class='ocrx_word' id='word_1_33' title='bbox 334 827 405 883; x_wconf 87' lang='lat' dir='ltr'><strong>B’.</strong></span> <span class='ocrx_word' id='word_1_34' title='bbox 439 834 641 901; x_wconf 82' lang='grc' dir='ltr'><strong>⁴Ὠσπερ</strong></span> <span class='ocrx_word' id='word_1_35' title='bbox 667 830 769 901; x_wconf 84' lang='grc' dir='ltr'><strong>γὰρ</strong></span> <span class='ocrx_word' id='word_1_36' title='bbox 798 830 856 879; x_wconf 81' lang='grc' dir='ltr'>τὸ</span> <span class='ocrx_word' id='word_1_37' title='bbox 903 835 1057 900; x_wconf 86' lang='grc' dir='ltr'>σῶμα</span> <span class='ocrx_word' id='word_1_38' title='bbox 1086 830 1200 900; x_wconf 81' lang='grc' dir='ltr'>ἔχει</span> <span class='ocrx_word' id='word_1_39' title='bbox 1230 824 1425 900; x_wconf 80' lang='grc' dir='ltr'>ὁδηγὸν</span> <span class='ocrx_word' id='word_1_40' title='bbox 1464 831 1550 881; x_wconf 89' lang='grc' dir='ltr'><strong>τόν</strong></span> <span class='ocrx_word' id='word_1_41' title='bbox 1596 828 1874 902; x_wconf 85' lang='grc' dir='ltr'>ὀφθαλμόν,</span> 
     </span>
    </p>
   </div>
   <div class='ocr_carea' id='block_1_9' title="bbox 264 914 1874 991">
    <p class='ocr_par' dir='ltr' id='par_1_9' title="bbox 264 914 1874 991">
     <span class='ocr_line' id='line_1_9' title="bbox 264 914 1874 991; baseline 0.001 -22"><span class='ocrx_word' id='word_1_42' title='bbox 264 922 355 970; x_wconf 85' lang='grc' dir='ltr'>καὶ</span> <span class='ocrx_word' id='word_1_43' title='bbox 385 917 544 979; x_wconf 78' lang='grc' dir='ltr'>αὐτὸς</span> <span class='ocrx_word' id='word_1_44' title='bbox 594 918 725 991; x_wconf 85' lang='grc' dir='ltr'>ὀρῶν</span> <span class='ocrx_word' id='word_1_45' title='bbox 755 918 869 969; x_wconf 82' lang='grc' dir='ltr'>ὅλον</span> <span class='ocrx_word' id='word_1_46' title='bbox 919 914 1107 987; x_wconf 83' lang='grc' dir='ltr'>ὁδηγεῖ</span> <span class='ocrx_word' id='word_1_47' title='bbox 1152 921 1211 969; x_wconf 86' lang='grc' dir='ltr'>τὸ</span> <span class='ocrx_word' id='word_1_48' title='bbox 1261 925 1414 989; x_wconf 87' lang='grc' dir='ltr'>σῶμα</span> <span class='ocrx_word' id='word_1_49' title='bbox 1462 918 1528 978; x_wconf 86' lang='grc' dir='ltr'><strong>εἰς</strong></span> <span class='ocrx_word' id='word_1_50' title='bbox 1571 918 1831 976; x_wconf 79' lang='grc' dir='ltr'><strong>εὐθύτητα</strong></span> <span class='ocrx_word' id='word_1_51' title='bbox 1860 934 1874 948; x_wconf 86' lang='lat'><strong>&#39;</strong></span> 
     </span>
    </p>
   </div>
   <div class='ocr_carea' id='block_1_10' title="bbox 264 1003 1877 1080">
    <p class='ocr_par' dir='ltr' id='par_1_10' title="bbox 264 1003 1877 1080">
     <span class='ocr_line' id='line_1_10' title="bbox 264 1003 1877 1080; baseline 0 -21"><span class='ocrx_word' id='word_1_52' title='bbox 264 1008 464 1059; x_wconf 75' lang='grc' dir='ltr'>ὑπόθου</span> <span class='ocrx_word' id='word_1_53' title='bbox 512 1003 573 1059; x_wconf 79' lang='grc' dir='ltr'>δέ</span> <span class='ocrx_word' id='word_1_54' title='bbox 622 1025 712 1078; x_wconf 88' lang='grc' dir='ltr'><strong>μοι</strong></span> <span class='ocrx_word' id='word_1_55' title='bbox 764 1003 1078 1080; x_wconf 86' lang='grc' dir='ltr'>διίρχεσθαί</span> <span class='ocrx_word' id='word_1_56' title='bbox 1116 1025 1232 1058; x_wconf 89' lang='grc' dir='ltr'>τινα</span> <span class='ocrx_word' id='word_1_57' title='bbox 1283 1003 1375 1058; x_wconf 83' lang='grc' dir='ltr'><strong>διά</strong></span> <span class='ocrx_word' id='word_1_58' title='bbox 1418 1011 1586 1059; x_wconf 86' lang='grc' dir='ltr'>τόπων</span> <span class='ocrx_word' id='word_1_59' title='bbox 1643 1004 1877 1073; x_wconf 82' lang='grc' dir='ltr'>ὑλωδῶν,</span> 
     </span>
    </p>
   </div>
   <div class='ocr_carea' id='block_1_11' title="bbox 262 1093 1882 1168">
    <p class='ocr_par' dir='ltr' id='par_1_11' title="bbox 262 1093 1882 1168">
     <span class='ocr_line' id='line_1_11' title="bbox 262 1093 1882 1168; baseline 0.001 -21"><span class='ocrx_word' id='word_1_60' title='bbox 262 1100 354 1148; x_wconf 86' lang='grc' dir='ltr'>καὶ</span> <span class='ocrx_word' id='word_1_61' title='bbox 433 1093 669 1148; x_wconf 77' lang='grc' dir='ltr'><strong>ἀκανθῶν</strong></span> <span class='ocrx_word' id='word_1_62' title='bbox 745 1095 1157 1168; x_wconf 81' lang='grc' dir='ltr'><strong>πεπληρωμένων</strong></span> <span class='ocrx_word' id='word_1_63' title='bbox 1231 1100 1320 1148; x_wconf 80' lang='grc' dir='ltr'>καὶ</span> <span class='ocrx_word' id='word_1_64' title='bbox 1398 1094 1685 1168; x_wconf 79' lang='grc' dir='ltr'>βορϐόρων,</span> <span class='ocrx_word' id='word_1_65' title='bbox 1762 1099 1882 1149; x_wconf 83' lang='grc' dir='ltr'>ἔνθα</span> 
     </span>
    </p>
   </div>
   <div class='ocr_carea' id='block_1_12' title="bbox 262 1183 1882 1260">
    <p class='ocr_par' dir='ltr' id='par_1_12' title="bbox 262 1183 1882 1260">
     <span class='ocr_line' id='line_1_12' title="bbox 262 1183 1882 1260; baseline 0.001 -25"><span class='ocrx_word' id='word_1_66' title='bbox 262 1188 354 1237; x_wconf 86' lang='lat' dir='ltr'><strong>xui</strong></span> <span class='ocrx_word' id='word_1_67' title='bbox 411 1192 515 1257; x_wconf 81' lang='grc' dir='ltr'>πῦρ</span> <span class='ocrx_word' id='word_1_68' title='bbox 557 1183 850 1252; x_wconf 79' lang='grc' dir='ltr'>ἀναϐάλλει,</span> <span class='ocrx_word' id='word_1_69' title='bbox 891 1189 981 1236; x_wconf 86' lang='lat' dir='ltr'><strong>xui</strong></span> <span class='ocrx_word' id='word_1_70' title='bbox 1022 1184 1141 1257; x_wconf 86' lang='grc' dir='ltr'>ξίφη</span> <span class='ocrx_word' id='word_1_71' title='bbox 1182 1190 1619 1257; x_wconf 85' lang='grc' dir='ltr'>παραπεπὴγασι,</span> <span class='ocrx_word' id='word_1_72' title='bbox 1660 1189 1882 1260; x_wconf 90' lang='grc' dir='ltr'>κρημνοί</span> 
     </span>
    </p>
   </div>
   <div class='ocr_carea' id='block_1_13' title="bbox 262 1269 1881 1345">
    <p class='ocr_par' dir='ltr' id='par_1_13' title="bbox 262 1269 1881 1345">
     <span class='ocr_line' id='line_1_13' title="bbox 262 1269 1881 1345; baseline 0 -20"><span class='ocrx_word' id='word_1_73' title='bbox 262 1292 318 1325; x_wconf 89' lang='grc' dir='ltr'><strong>τε</strong></span> <span class='ocrx_word' id='word_1_74' title='bbox 371 1278 464 1325; x_wconf 85' lang='grc' dir='ltr'>καὶ</span> <span class='ocrx_word' id='word_1_75' title='bbox 517 1269 726 1325; x_wconf 82' lang='grc' dir='ltr'>ὑδάτων</span> <span class='ocrx_word' id='word_1_76' title='bbox 774 1273 947 1332; x_wconf 80' lang='grc' dir='ltr'>πλήθη</span> <span class='ocrx_word' id='word_1_77' title='bbox 1003 1272 1104 1325; x_wconf 81' lang='grc' dir='ltr'>ἐκεῖ</span> <span class='ocrx_word' id='word_1_78' title='bbox 1154 1276 1452 1345; x_wconf 67' lang='grc' dir='ltr'>τυγχάνειι</span> <span class='ocrx_word' id='word_1_79' title='bbox 1522 1277 1580 1326; x_wconf 91' lang='grc' dir='ltr'>τὸ</span> <span class='ocrx_word' id='word_1_80' title='bbox 1629 1273 1805 1327; x_wconf 88' lang='grc' dir='ltr'>λοιπὸν</span> <span class='ocrx_word' id='word_1_81' title='bbox 1855 1275 1881 1325; x_wconf 89' lang='grc' dir='ltr'><strong>ό</strong></span> 
     </span>
    </p>
   </div>
   <div class='ocr_carea' id='block_1_14' title="bbox 260 1358 1880 1437">
    <p class='ocr_par' dir='ltr' id='par_1_14' title="bbox 260 1358 1880 1437">
     <span class='ocr_line' id='line_1_14' title="bbox 260 1358 1880 1437; baseline 0.001 -24"><span class='ocrx_word' id='word_1_82' title='bbox 260 1366 455 1437; x_wconf 83' lang='grc' dir='ltr'>γοργὸς</span> <span class='ocrx_word' id='word_1_83' title='bbox 495 1367 583 1414; x_wconf 88' lang='lat' dir='ltr'><strong>xui</strong></span> <span class='ocrx_word' id='word_1_84' title='bbox 616 1358 909 1424; x_wconf 88' lang='grc' dir='ltr'>σπουδαῖος</span> <span class='ocrx_word' id='word_1_85' title='bbox 944 1366 1033 1414; x_wconf 82' lang='grc' dir='ltr'>καὶ</span> <span class='ocrx_word' id='word_1_86' title='bbox 1073 1360 1339 1427; x_wconf 86' lang='grc' dir='ltr'>ἀκίνητος,</span> <span class='ocrx_word' id='word_1_87' title='bbox 1383 1364 1519 1433; x_wconf 84' lang='grc' dir='ltr'>ἔχων</span> <span class='ocrx_word' id='word_1_88' title='bbox 1559 1366 1647 1415; x_wconf 87' lang='grc' dir='ltr'>τὸν</span> <span class='ocrx_word' id='word_1_89' title='bbox 1687 1362 1880 1434; x_wconf 86' lang='grc' dir='ltr'>ὀφθαλ-</span> 
     </span>
    </p>
   </div>
   <div class='ocr_carea' id='block_1_15' title="bbox 261 1447 1883 1526">
    <p class='ocr_par' dir='ltr' id='par_1_15' title="bbox 261 1447 1883 1526">
     <span class='ocr_line' id='line_1_15' title="bbox 261 1447 1883 1526; baseline 0.001 -23"><span class='ocrx_word' id='word_1_90' title='bbox 261 1454 359 1524; x_wconf 85' lang='grc' dir='ltr'><strong>μόν</strong></span> <span class='ocrx_word' id='word_1_91' title='bbox 429 1447 645 1522; x_wconf 86' lang='grc' dir='ltr'>ὁδηγὸν,</span> <span class='ocrx_word' id='word_1_92' title='bbox 723 1451 856 1502; x_wconf 89' lang='grc' dir='ltr'>πάνυ</span> <span class='ocrx_word' id='word_1_93' title='bbox 919 1456 1282 1525; x_wconf 85' lang='grc' dir='ltr'>προσεχόντως</span> <span class='ocrx_word' id='word_1_94' title='bbox 1356 1456 1683 1526; x_wconf 80' lang='grc' dir='ltr'>παρέρχεται</span> <span class='ocrx_word' id='word_1_95' title='bbox 1759 1455 1883 1513; x_wconf 85' lang='grc' dir='ltr'>τοὺς</span> 
     </span>
    </p>
   </div>
   <div class='ocr_carea' id='block_1_16' title="bbox 261 1539 1882 1615">
    <p class='ocr_par' dir='ltr' id='par_1_16' title="bbox 261 1539 1882 1615">
     <span class='ocr_line' id='line_1_16' title="bbox 261 1539 1882 1615; baseline 0.002 -24"><span class='ocrx_word' id='word_1_96' title='bbox 261 1540 533 1614; x_wconf 83' lang='grc' dir='ltr'>χαλεποὺς</span> <span class='ocrx_word' id='word_1_97' title='bbox 622 1539 847 1602; x_wconf 79' lang='grc' dir='ltr'><strong>ἐκείνους</strong></span> <span class='ocrx_word' id='word_1_98' title='bbox 938 1546 1151 1606; x_wconf 79' lang='grc' dir='ltr'><strong>τόπους,</strong></span> <span class='ocrx_word' id='word_1_99' title='bbox 1250 1543 1486 1611; x_wconf 85' lang='grc' dir='ltr'>συνέχων</span> <span class='ocrx_word' id='word_1_100' title='bbox 1552 1544 1882 1615; x_wconf 67' lang='grc' dir='ltr'>πανταχόθεν</span> 
     </span>
    </p>
   </div>
   <div class='ocr_carea' id='block_1_17' title="bbox 262 1628 1883 1703">
    <p class='ocr_par' dir='ltr' id='par_1_17' title="bbox 262 1628 1883 1703">
     <span class='ocr_line' id='line_1_17' title="bbox 262 1628 1883 1703; baseline 0.001 -22"><span class='ocrx_word' id='word_1_101' title='bbox 262 1634 428 1703; x_wconf 84' lang='grc' dir='ltr'>χερσὶ</span> <span class='ocrx_word' id='word_1_102' title='bbox 471 1634 561 1681; x_wconf 84' lang='grc' dir='ltr'>καὶ</span> <span class='ocrx_word' id='word_1_103' title='bbox 605 1634 731 1681; x_wconf 82' lang='grc' dir='ltr'>ποσὶ</span> <span class='ocrx_word' id='word_1_104' title='bbox 763 1633 848 1680; x_wconf 89' lang='grc' dir='ltr'>τὸν</span> <span class='ocrx_word' id='word_1_105' title='bbox 898 1637 1103 1700; x_wconf 89' lang='grc' dir='ltr'>χιτῶνα</span> <span class='ocrx_word' id='word_1_106' title='bbox 1153 1628 1360 1697; x_wconf 77' lang='grc' dir='ltr'>ἑαυτοῦ,</span> <span class='ocrx_word' id='word_1_107' title='bbox 1412 1630 1495 1681; x_wconf 79' lang='grc' dir='ltr'>ἵνα</span> <span class='ocrx_word' id='word_1_108' title='bbox 1541 1634 1612 1701; x_wconf 84' lang='grc' dir='ltr'>μὴ</span> <span class='ocrx_word' id='word_1_109' title='bbox 1670 1629 1718 1682; x_wconf 79' lang='grc' dir='ltr'>ἓν</span> <span class='ocrx_word' id='word_1_110' title='bbox 1770 1637 1883 1693; x_wconf 85' lang='grc' dir='ltr'>ταῖς</span> 
     </span>
    </p>
   </div>
   <div class='ocr_carea' id='block_1_18' title="bbox 265 1716 1881 1793">
    <p class='ocr_par' dir='ltr' id='par_1_18' title="bbox 265 1716 1881 1793">
     <span class='ocr_line' id='line_1_18' title="bbox 265 1716 1881 1793; baseline 0 -22"><span class='ocrx_word' id='word_1_111' title='bbox 265 1720 417 1781; x_wconf 84' lang='grc' dir='ltr'>ὖλαις</span> <span class='ocrx_word' id='word_1_112' title='bbox 456 1723 546 1771; x_wconf 86' lang='grc' dir='ltr'>καὶ</span> <span class='ocrx_word' id='word_1_113' title='bbox 585 1718 838 1780; x_wconf 78' lang='grc' dir='ltr'>ἀκάνθαις</span> <span class='ocrx_word' id='word_1_114' title='bbox 875 1720 1229 1790; x_wconf 78' lang='grc' dir='ltr'>περισχισθῇ,</span> <span class='ocrx_word' id='word_1_115' title='bbox 1272 1721 1302 1777; x_wconf 80' lang='grc' dir='ltr'>ἤ</span> <span class='ocrx_word' id='word_1_116' title='bbox 1348 1716 1448 1771; x_wconf 84' lang='grc' dir='ltr'>ἀπὸ</span> <span class='ocrx_word' id='word_1_117' title='bbox 1489 1726 1580 1770; x_wconf 82' lang='grc' dir='ltr'>τοῦ</span> <span class='ocrx_word' id='word_1_118' title='bbox 1623 1717 1881 1793; x_wconf 81' lang='grc' dir='ltr'>βορϐόρου</span> 
     </span>
    </p>
   </div>
   <div class='ocr_carea' id='block_1_19' title="bbox 268 1804 1885 1881">
    <p class='ocr_par' dir='ltr' id='par_1_19' title="bbox 268 1804 1885 1881">
     <span class='ocr_line' id='line_1_19' title="bbox 268 1804 1885 1881; baseline 0 -21"><span class='ocrx_word' id='word_1_119' title='bbox 268 1807 556 1881; x_wconf 75' lang='grc' dir='ltr'>ἀφανισθῇ,</span> <span class='ocrx_word' id='word_1_120' title='bbox 610 1808 640 1867; x_wconf 77' lang='grc' dir='ltr'><strong><em>ἦ</em></strong></span> <span class='ocrx_word' id='word_1_121' title='bbox 699 1809 799 1859; x_wconf 86' lang='grc' dir='ltr'><strong>ὑπὸ</strong></span> <span class='ocrx_word' id='word_1_122' title='bbox 850 1807 1028 1880; x_wconf 82' lang='grc' dir='ltr'>ξίφους</span> <span class='ocrx_word' id='word_1_123' title='bbox 1072 1804 1325 1879; x_wconf 78' lang='grc' dir='ltr'>διακοπῇ.</span> <span class='ocrx_word' id='word_1_124' title='bbox 1384 1812 1483 1860; x_wconf 82' lang='grc' dir='ltr'><strong>Καὶ</strong></span> <span class='ocrx_word' id='word_1_125' title='bbox 1537 1809 1562 1858; x_wconf 86' lang='grc' dir='ltr'><strong><em>ὁ</em></strong></span> <span class='ocrx_word' id='word_1_126' title='bbox 1624 1808 1885 1880; x_wconf 83' lang='grc' dir='ltr'>ὀφθαλμὸς</span> 
     </span>
    </p>
   </div>
   <div class='ocr_carea' id='block_1_20' title="bbox 267 1890 1885 1966">
    <p class='ocr_par' dir='ltr' id='par_1_20' title="bbox 267 1890 1885 1966">
     <span class='ocr_line' id='line_1_20' title="bbox 267 1890 1885 1966; baseline -0.001 -20"><span class='ocrx_word' id='word_1_127' title='bbox 267 1894 383 1947; x_wconf 84' lang='grc' dir='ltr'>ὅλον</span> <span class='ocrx_word' id='word_1_128' title='bbox 410 1890 598 1963; x_wconf 83' lang='grc' dir='ltr'>ὁδηγεῖ</span> <span class='ocrx_word' id='word_1_129' title='bbox 623 1896 680 1945; x_wconf 89' lang='grc' dir='ltr'>τὸ</span> <span class='ocrx_word' id='word_1_130' title='bbox 724 1900 898 1965; x_wconf 85' lang='grc' dir='ltr'>σῶμα,</span> <span class='ocrx_word' id='word_1_131' title='bbox 939 1900 1043 1963; x_wconf 88' lang='grc' dir='ltr'><strong>φῶς</strong></span> <span class='ocrx_word' id='word_1_132' title='bbox 1073 1892 1139 1943; x_wconf 85' lang='grc' dir='ltr'>ὧν</span> <span class='ocrx_word' id='word_1_133' title='bbox 1181 1892 1361 1960; x_wconf 73' lang='grc' dir='ltr'>αὐτοῦ,</span> <span class='ocrx_word' id='word_1_134' title='bbox 1402 1894 1485 1944; x_wconf 86' lang='grc' dir='ltr'>ἶνα</span> <span class='ocrx_word' id='word_1_135' title='bbox 1524 1897 1595 1964; x_wconf 87' lang='grc' dir='ltr'>μὴ</span> <span class='ocrx_word' id='word_1_136' title='bbox 1637 1900 1885 1966; x_wconf 82' lang='grc' dir='ltr'>κρημνοῖς</span> 
     </span>
    </p>
   </div>
   <div class='ocr_carea' id='block_1_21' title="bbox 269 1979 1885 2058">
    <p class='ocr_par' dir='ltr' id='par_1_21' title="bbox 269 1979 1885 2058">
     <span class='ocr_line' id='line_1_21' title="bbox 269 1979 1885 2058; baseline -0.001 -22"><span class='ocrx_word' id='word_1_137' title='bbox 269 1983 606 2058; x_wconf 79' lang='grc' dir='ltr'>καταρραγῇ,</span> <span class='ocrx_word' id='word_1_138' title='bbox 660 1984 688 2041; x_wconf 78' lang='grc' dir='ltr'>ἦ</span> <span class='ocrx_word' id='word_1_139' title='bbox 745 1979 912 2034; x_wconf 78' lang='grc' dir='ltr'>ὕδασι</span> <span class='ocrx_word' id='word_1_140' title='bbox 951 1984 1365 2054; x_wconf 76' lang='grc' dir='ltr'>καταποντισθῇ,</span> <span class='ocrx_word' id='word_1_141' title='bbox 1426 1982 1455 2041; x_wconf 73' lang='grc' dir='ltr'><strong><em>ἦ</em></strong></span> <span class='ocrx_word' id='word_1_142' title='bbox 1524 2002 1625 2034; x_wconf 88' lang='grc' dir='ltr'>τινι</span> <span class='ocrx_word' id='word_1_143' title='bbox 1667 1983 1885 2055; x_wconf 85' lang='grc' dir='ltr'>χαλεπῷ</span> 
     </span>
    </p>
   </div>
   <div class='ocr_carea' id='block_1_22' title="bbox 269 2070 1888 2144">
    <p class='ocr_par' dir='ltr' id='par_1_22' title="bbox 269 2070 1888 2144">
     <span class='ocr_line' id='line_1_22' title="bbox 269 2070 1888 2144; baseline 0 -19"><span class='ocrx_word' id='word_1_144' title='bbox 269 2070 597 2143; x_wconf 76' lang='grc' dir='ltr'>καταϐλαϐᾗ.</span> <span class='ocrx_word' id='word_1_145' title='bbox 650 2070 709 2123; x_wconf 89' lang='grc' dir='ltr'>Ὀ</span> <span class='ocrx_word' id='word_1_146' title='bbox 762 2072 897 2123; x_wconf 80' lang='grc' dir='ltr'>οὕτω</span> <span class='ocrx_word' id='word_1_147' title='bbox 951 2075 1139 2144; x_wconf 86' lang='grc' dir='ltr'>γοργὸς</span> <span class='ocrx_word' id='word_1_148' title='bbox 1184 2077 1273 2123; x_wconf 84' lang='grc' dir='ltr'>καὶ</span> <span class='ocrx_word' id='word_1_149' title='bbox 1339 2073 1565 2137; x_wconf 87' lang='grc' dir='ltr'>συνετὸς,</span> <span class='ocrx_word' id='word_1_150' title='bbox 1624 2078 1714 2125; x_wconf 85' lang='grc' dir='ltr'>καὶ</span> <span class='ocrx_word' id='word_1_151' title='bbox 1757 2074 1888 2144; x_wconf 85' lang='grc' dir='ltr'><strong>μετά</strong></span> 
     </span>
    </p>
   </div>
   <div class='ocr_carea' id='block_1_23' title="bbox 269 2159 1887 2234">
    <p class='ocr_par' dir='ltr' id='par_1_23' title="bbox 269 2159 1887 2234">
     <span class='ocr_line' id='line_1_23' title="bbox 269 2159 1887 2234; baseline -0.002 -18"><span class='ocrx_word' id='word_1_152' title='bbox 269 2165 447 2223; x_wconf 81' lang='grc' dir='ltr'>πάσης</span> <span class='ocrx_word' id='word_1_153' title='bbox 494 2159 699 2232; x_wconf 79' lang='grc' dir='ltr'>νήψεως</span> <span class='ocrx_word' id='word_1_154' title='bbox 754 2166 1137 2234; x_wconf 78' lang='grc' dir='ltr'>παρερχόμενος</span> <span class='ocrx_word' id='word_1_155' title='bbox 1192 2165 1500 2232; x_wconf 83' lang='grc' dir='ltr'>συσφίγγων</span> <span class='ocrx_word' id='word_1_156' title='bbox 1548 2162 1635 2212; x_wconf 90' lang='grc' dir='ltr'>τὸν</span> <span class='ocrx_word' id='word_1_157' title='bbox 1682 2170 1887 2233; x_wconf 88' lang='grc' dir='ltr'>χιτῶνα</span> 
     </span>
    </p>
   </div>
   <div class='ocr_carea' id='block_1_24' title="bbox 271 2245 1887 2322">
    <p class='ocr_par' dir='ltr' id='par_1_24' title="bbox 271 2245 1887 2322">
     <span class='ocr_line' id='line_1_24' title="bbox 271 2245 1887 2322; baseline -0.002 -17"><span class='ocrx_word' id='word_1_158' title='bbox 271 2252 458 2317; x_wconf 73' lang='grc' dir='ltr'>αὐτοῦ,</span> <span class='ocrx_word' id='word_1_159' title='bbox 512 2251 613 2303; x_wconf 82' lang='grc' dir='ltr'><strong>ὑπὸ</strong></span> <span class='ocrx_word' id='word_1_160' title='bbox 663 2257 752 2302; x_wconf 81' lang='grc' dir='ltr'>τοῦ</span> <span class='ocrx_word' id='word_1_161' title='bbox 806 2249 1073 2322; x_wconf 75' lang='grc' dir='ltr'>ὀφθαλμοῦ</span> <span class='ocrx_word' id='word_1_162' title='bbox 1124 2248 1305 2311; x_wconf 77' lang='grc' dir='ltr'>εὐθέως</span> <span class='ocrx_word' id='word_1_163' title='bbox 1359 2245 1736 2321; x_wconf 82' lang='grc' dir='ltr'>ὁδηγούμενος,</span> <span class='ocrx_word' id='word_1_164' title='bbox 1795 2271 1887 2322; x_wconf 90' lang='grc' dir='ltr'>φυ-</span> 
     </span>
    </p>
   </div>
   <div class='ocr_carea' id='block_1_25' title="bbox 268 2336 1886 2409">
    <p class='ocr_par' dir='ltr' id='par_1_25' title="bbox 268 2336 1886 2409">
     <span class='ocr_line' id='line_1_25' title="bbox 268 2336 1886 2409; baseline -0.002 -16"><span class='ocrx_word' id='word_1_165' title='bbox 268 2341 461 2393; x_wconf 89' lang='grc' dir='ltr'>λάσσει</span> <span class='ocrx_word' id='word_1_166' title='bbox 498 2344 589 2391; x_wconf 91' lang='lat' dir='ltr'><strong>xui</strong></span> <span class='ocrx_word' id='word_1_167' title='bbox 629 2337 810 2391; x_wconf 80' lang='grc' dir='ltr'>ἑαυτὸν</span> <span class='ocrx_word' id='word_1_168' title='bbox 851 2337 1072 2403; x_wconf 79' lang='grc' dir='ltr'>ἀϐλαϐῆ,</span> <span class='ocrx_word' id='word_1_169' title='bbox 1115 2343 1204 2390; x_wconf 85' lang='grc' dir='ltr'>καὶ</span> <span class='ocrx_word' id='word_1_170' title='bbox 1243 2341 1329 2390; x_wconf 86' lang='grc' dir='ltr'><strong>τόν</strong></span> <span class='ocrx_word' id='word_1_171' title='bbox 1370 2345 1573 2409; x_wconf 89' lang='grc' dir='ltr'>χιτῶνα</span> <span class='ocrx_word' id='word_1_172' title='bbox 1608 2346 1700 2391; x_wconf 86' lang='grc' dir='ltr'>τοῦ</span> <span class='ocrx_word' id='word_1_173' title='bbox 1740 2336 1886 2392; x_wconf 78' lang='grc' dir='ltr'>ἐνδύ-</span> 
     </span>
    </p>
   </div>
   <div class='ocr_carea' id='block_1_26' title="bbox 276 2424 1884 2504">
    <p class='ocr_par' dir='ltr' id='par_1_26' title="bbox 276 2424 1884 2504">
     <span class='ocr_line' id='line_1_26' title="bbox 276 2424 1884 2504; baseline 0.001 -23"><span class='ocrx_word' id='word_1_174' title='bbox 276 2448 434 2504; x_wconf 81' lang='grc' dir='ltr'>ματος</span> <span class='ocrx_word' id='word_1_175' title='bbox 498 2428 658 2480; x_wconf 77' lang='grc' dir='ltr'>αὗτοῦ</span> <span class='ocrx_word' id='word_1_176' title='bbox 709 2429 974 2480; x_wconf 80' lang='grc' dir='ltr'>ἄκαυστον</span> <span class='ocrx_word' id='word_1_177' title='bbox 1018 2432 1108 2479; x_wconf 86' lang='grc' dir='ltr'><strong>καὶ</strong></span> <span class='ocrx_word' id='word_1_178' title='bbox 1152 2428 1419 2498; x_wconf 81' lang='grc' dir='ltr'>ἄσχιστον</span> <span class='ocrx_word' id='word_1_179' title='bbox 1470 2424 1730 2501; x_wconf 85' lang='grc' dir='ltr'>διατηρεῖ.</span> <span class='ocrx_word' id='word_1_180' title='bbox 1769 2427 1884 2482; x_wconf 82' lang='grc' dir='ltr'>Ἐὰν</span> 
     </span>
    </p>
   </div>
   <div class='ocr_carea' id='block_1_27' title="bbox 273 2505 1882 2591">
    <p class='ocr_par' dir='ltr' id='par_1_27' title="bbox 273 2505 1882 2591">
     <span class='ocr_line' id='line_1_27' title="bbox 273 2505 1882 2591; baseline -0.002 -19"><span class='ocrx_word' id='word_1_181' title='bbox 273 2517 337 2573; x_wconf 79' lang='grc' dir='ltr'>δέ</span> <span class='ocrx_word' id='word_1_182' title='bbox 362 2539 443 2580; x_wconf 87' lang='grc' dir='ltr'><strong>τις</strong></span> <span class='ocrx_word' id='word_1_183' title='bbox 556 2520 717 2591; x_wconf 85' lang='grc' dir='ltr'>ἀργὸς</span> <span class='ocrx_word' id='word_1_184' title='bbox 746 2521 837 2569; x_wconf 83' lang='grc' dir='ltr'>καὶ</span> <span class='ocrx_word' id='word_1_185' title='bbox 874 2515 1112 2589; x_wconf 86' lang='grc' dir='ltr'>ὀκνηρὸς,</span> <span class='ocrx_word' id='word_1_186' title='bbox 1154 2521 1243 2568; x_wconf 83' lang='grc' dir='ltr'>καὶ</span> <span class='ocrx_word' id='word_1_187' title='bbox 1272 2516 1526 2590; x_wconf 76' lang='grc' dir='ltr'>ῥάθυμος,</span> <span class='ocrx_word' id='word_1_188' title='bbox 1567 2505 1658 2570; x_wconf 78' lang='grc' dir='ltr'>καὶ</span> <span class='ocrx_word' id='word_1_189' title='bbox 1692 2516 1882 2589; x_wconf 85' lang='grc' dir='ltr'>βαρὺς,</span> 
     </span>
    </p>
   </div>
   <div class='ocr_carea' id='block_1_28' title="bbox 271 2603 1881 2680">
    <p class='ocr_par' dir='ltr' id='par_1_28' title="bbox 271 2603 1881 2680">
     <span class='ocr_line' id='line_1_28' title="bbox 271 2603 1881 2680; baseline -0.001 -19"><span class='ocrx_word' id='word_1_190' title='bbox 271 2614 365 2661; x_wconf 85' lang='grc' dir='ltr'>καὶ</span> <span class='ocrx_word' id='word_1_191' title='bbox 411 2616 631 2680; x_wconf 87' lang='grc' dir='ltr'>χαῦνος,</span> <span class='ocrx_word' id='word_1_192' title='bbox 677 2603 772 2659; x_wconf 89' lang='grc' dir='ltr'><strong>διά</strong></span> <span class='ocrx_word' id='word_1_193' title='bbox 818 2615 917 2659; x_wconf 90' lang='grc' dir='ltr'><strong>τῶν</strong></span> <span class='ocrx_word' id='word_1_194' title='bbox 962 2608 1211 2659; x_wconf 83' lang='grc' dir='ltr'>τοιούτων</span> <span class='ocrx_word' id='word_1_195' title='bbox 1258 2611 1651 2680; x_wconf 79' lang='grc' dir='ltr'>παρερχόμενος</span> <span class='ocrx_word' id='word_1_196' title='bbox 1694 2612 1881 2671; x_wconf 85' lang='grc' dir='ltr'>τόπων,</span> 
     </span>
    </p>
   </div>
   <div class='ocr_carea' id='block_1_29' title="bbox 273 2694 1887 2772">
    <p class='ocr_par' dir='ltr' id='par_1_29' title="bbox 273 2694 1887 2772">
     <span class='ocr_line' id='line_1_29' title="bbox 273 2694 1887 2772; baseline -0.001 -21"><span class='ocrx_word' id='word_1_197' title='bbox 273 2695 553 2772; x_wconf 81' lang='grc' dir='ltr'>περιῤῥέων</span> <span class='ocrx_word' id='word_1_198' title='bbox 607 2697 632 2748; x_wconf 88' lang='grc' dir='ltr'><strong><em>ὁ</em></strong></span> <span class='ocrx_word' id='word_1_199' title='bbox 689 2699 857 2767; x_wconf 84' lang='grc' dir='ltr'>χιτὼν</span> <span class='ocrx_word' id='word_1_200' title='bbox 902 2694 1062 2747; x_wconf 79' lang='grc' dir='ltr'>αὐτοῦ</span> <span class='ocrx_word' id='word_1_201' title='bbox 1121 2697 1255 2747; x_wconf 80' lang='grc' dir='ltr'>ἔνθεν</span> <span class='ocrx_word' id='word_1_202' title='bbox 1313 2700 1401 2748; x_wconf 82' lang='grc' dir='ltr'>καὶ</span> <span class='ocrx_word' id='word_1_203' title='bbox 1451 2698 1606 2761; x_wconf 83' lang='grc' dir='ltr'>ἔνθεν,</span> <span class='ocrx_word' id='word_1_204' title='bbox 1666 2696 1733 2757; x_wconf 83' lang='grc' dir='ltr'><strong>εἰς</strong></span> <span class='ocrx_word' id='word_1_205' title='bbox 1793 2699 1887 2757; x_wconf 80' lang='grc' dir='ltr'>τὰς</span> 
     </span>
    </p>
   </div>
   <div class='ocr_carea' id='block_1_30' title="bbox 279 2784 1886 2859">
    <p class='ocr_par' dir='ltr' id='par_1_30' title="bbox 279 2784 1886 2859">
     <span class='ocr_line' id='line_1_30' title="bbox 279 2784 1886 2859; baseline -0.001 -21"><span class='ocrx_word' id='word_1_206' title='bbox 279 2786 405 2847; x_wconf 83' lang='grc' dir='ltr'>ὕλας</span> <span class='ocrx_word' id='word_1_207' title='bbox 452 2790 544 2838; x_wconf 86' lang='grc' dir='ltr'>καὶ</span> <span class='ocrx_word' id='word_1_208' title='bbox 601 2786 828 2845; x_wconf 81' lang='grc' dir='ltr'>ἀκάνθας</span> <span class='ocrx_word' id='word_1_209' title='bbox 883 2784 1278 2859; x_wconf 81' lang='grc' dir='ltr'>περισχίζεται,</span> <span class='ocrx_word' id='word_1_210' title='bbox 1328 2786 1358 2842; x_wconf 81' lang='grc' dir='ltr'><strong>ἣ</strong></span> <span class='ocrx_word' id='word_1_211' title='bbox 1425 2785 1525 2837; x_wconf 84' lang='grc' dir='ltr'><strong>ὑπό</strong></span> <span class='ocrx_word' id='word_1_212' title='bbox 1583 2793 1675 2837; x_wconf 85' lang='grc' dir='ltr'>τοῦ</span> <span class='ocrx_word' id='word_1_213' title='bbox 1728 2788 1886 2859; x_wconf 89' lang='grc' dir='ltr'>πυρὸς</span> 
     </span>
    </p>
   </div>
   <div class='ocr_carea' id='block_1_31' title="bbox 277 2871 1889 2946">
    <p class='ocr_par' dir='ltr' id='par_1_31' title="bbox 277 2871 1889 2946">
     <span class='ocr_line' id='line_1_31' title="bbox 277 2871 1889 2946; baseline -0.001 -18"><span class='ocrx_word' id='word_1_214' title='bbox 277 2880 637 2945; x_wconf 82' lang='grc' dir='ltr'>κατακαίεται,</span> <span class='ocrx_word' id='word_1_215' title='bbox 697 2871 791 2928; x_wconf 84' lang='grc' dir='ltr'>διὰ</span> <span class='ocrx_word' id='word_1_216' title='bbox 834 2877 892 2926; x_wconf 91' lang='grc' dir='ltr'>τὸ</span> <span class='ocrx_word' id='word_1_217' title='bbox 939 2878 1007 2946; x_wconf 81' lang='grc' dir='ltr'>μὴ</span> <span class='ocrx_word' id='word_1_218' title='bbox 1059 2878 1297 2944; x_wconf 78' lang='grc' dir='ltr'>συνέχειν</span> <span class='ocrx_word' id='word_1_219' title='bbox 1352 2874 1596 2926; x_wconf 87' lang='grc' dir='ltr'>πάντοθεν</span> <span class='ocrx_word' id='word_1_220' title='bbox 1642 2872 1889 2946; x_wconf 79' lang='grc' dir='ltr'>ἀνδρείως</span> 
     </span>
    </p>
   </div>
   <div class='ocr_carea' id='block_1_32' title="bbox 281 2962 1888 3036">
    <p class='ocr_par' dir='ltr' id='par_1_32' title="bbox 281 2962 1888 3036">
     <span class='ocr_line' id='line_1_32' title="bbox 281 2962 1888 3036; baseline -0.001 -19"><span class='ocrx_word' id='word_1_221' title='bbox 281 2969 340 3018; x_wconf 83' lang='grc' dir='ltr'><strong>τό</strong></span> <span class='ocrx_word' id='word_1_222' title='bbox 408 2962 645 3036; x_wconf 79' lang='grc' dir='ltr'>ἔνδυμα·</span> <span class='ocrx_word' id='word_1_223' title='bbox 716 2966 747 3022; x_wconf 80' lang='grc' dir='ltr'>ἤ</span> <span class='ocrx_word' id='word_1_224' title='bbox 826 2963 927 3015; x_wconf 80' lang='grc' dir='ltr'>ὑπὸ</span> <span class='ocrx_word' id='word_1_225' title='bbox 1002 2971 1101 3014; x_wconf 88' lang='grc' dir='ltr'><strong>τῶν</strong></span> <span class='ocrx_word' id='word_1_226' title='bbox 1178 2968 1662 3036; x_wconf 82' lang='grc' dir='ltr'>παραπεπηγμένων</span> <span class='ocrx_word' id='word_1_227' title='bbox 1730 2963 1888 3036; x_wconf 86' lang='grc' dir='ltr'>ξιφῶν</span> 
     </span>
    </p>
   </div>
   <div class='ocr_carea' id='block_1_33' title="bbox 1987 526 3644 603">
    <p class='ocr_par' dir='ltr' id='par_1_33' title="bbox 1987 526 3644 603">
     <span class='ocr_line' id='line_1_33' title="bbox 1987 526 3644 603; baseline 0.004 -23"><span class='ocrx_word' id='word_1_228' title='bbox 1987 526 2207 596; x_wconf 89' lang='lat' dir='ltr'><strong>anima,</strong></span> <span class='ocrx_word' id='word_1_229' title='bbox 2238 531 2293 581; x_wconf 89' lang='lat' dir='ltr'><strong>et</strong></span> <span class='ocrx_word' id='word_1_230' title='bbox 2322 541 2414 591; x_wconf 92' lang='lat' dir='ltr'><strong>ea,</strong></span> <span class='ocrx_word' id='word_1_231' title='bbox 2448 541 2583 598; x_wconf 80' lang='lat' dir='ltr'><strong>quae</strong></span> <span class='ocrx_word' id='word_1_232' title='bbox 2615 533 2755 581; x_wconf 89' lang='lat' dir='ltr'><strong>sunt</strong></span> <span class='ocrx_word' id='word_1_233' title='bbox 2795 527 3080 599; x_wconf 90' lang='lat' dir='ltr'><strong>corporis,</strong></span> <span class='ocrx_word' id='word_1_234' title='bbox 3110 543 3249 584; x_wconf 88' lang='lat' dir='ltr'><strong>cum</strong></span> <span class='ocrx_word' id='word_1_235' title='bbox 3284 528 3355 585; x_wconf 91' lang='lat' dir='ltr'><strong>iis</strong></span> <span class='ocrx_word' id='word_1_236' title='bbox 3394 547 3529 603; x_wconf 68' lang='lat' dir='ltr'><strong>qum</strong></span> <span class='ocrx_word' id='word_1_237' title='bbox 3565 531 3644 587; x_wconf 87' lang='lat' dir='ltr'><strong>ad</strong></span> 
     </span>
    </p>
   </div>
   <div class='ocr_carea' id='block_1_34' title="bbox 1988 614 3641 692">
    <p class='ocr_par' dir='ltr' id='par_1_34' title="bbox 1988 614 3641 692">
     <span class='ocr_line' id='line_1_34' title="bbox 1988 614 3641 692; baseline 0.004 -23"><span class='ocrx_word' id='word_1_238' title='bbox 1988 614 2253 670; x_wconf 91' lang='lat' dir='ltr'><strong>animam</strong></span> <span class='ocrx_word' id='word_1_239' title='bbox 2286 619 2573 687; x_wconf 82' lang='lat' dir='ltr'><strong>spectant,</strong></span> <span class='ocrx_word' id='word_1_240' title='bbox 2616 621 2672 671; x_wconf 90' lang='lat' dir='ltr'><strong>et</strong></span> <span class='ocrx_word' id='word_1_241' title='bbox 2700 630 2836 687; x_wconf 64' lang='lat' dir='ltr'><strong>quas</strong></span> <span class='ocrx_word' id='word_1_242' title='bbox 2895 616 3188 687; x_wconf 90' lang='lat' dir='ltr'><strong>videntur,</strong></span> <span class='ocrx_word' id='word_1_243' title='bbox 3216 634 3355 675; x_wconf 91' lang='lat' dir='ltr'><strong>cum</strong></span> <span class='ocrx_word' id='word_1_244' title='bbox 3386 618 3458 675; x_wconf 88' lang='lat' dir='ltr'><strong>iis</strong></span> <span class='ocrx_word' id='word_1_245' title='bbox 3504 635 3641 692; x_wconf 75' lang='lat' dir='ltr'><strong>quae</strong></span> 
     </span>
    </p>
   </div>
   <div class='ocr_carea' id='block_1_35' title="bbox 1987 702 2897 776">
    <p class='ocr_par' dir='ltr' id='par_1_35' title="bbox 1987 702 2897 776">
     <span class='ocr_line' id='line_1_35' title="bbox 1987 702 2897 776; baseline 0.002 -18"><span class='ocrx_word' id='word_1_246' title='bbox 1987 702 2101 759; x_wconf 86' lang='lat' dir='ltr'><strong>sub</strong></span> <span class='ocrx_word' id='word_1_247' title='bbox 2131 710 2445 776; x_wconf 82' lang='lat' dir='ltr'><strong>aSpectum</strong></span> <span class='ocrx_word' id='word_1_248' title='bbox 2484 718 2608 760; x_wconf 92' lang='lat' dir='ltr'><strong>non</strong></span> <span class='ocrx_word' id='word_1_249' title='bbox 2647 704 2897 760; x_wconf 86' lang='lat' dir='ltr'><strong>cadunt.</strong></span> 
     </span>
    </p>
   </div>
   <div class='ocr_carea' id='block_1_36' title="bbox 2059 828 3647 902">
    <p class='ocr_par' dir='ltr' id='par_1_36' title="bbox 2059 828 3647 902">
     <span class='ocr_line' id='line_1_36' title="bbox 2059 828 3647 902; baseline 0.005 -20"><span class='ocrx_word' id='word_1_250' title='bbox 2059 828 2125 884; x_wconf 91' lang='lat' dir='ltr'><strong>II.</strong></span> <span class='ocrx_word' id='word_1_251' title='bbox 2159 828 2688 894; x_wconf 85' lang='lat' dir='ltr'><strong>Quemadmodum</strong></span> <span class='ocrx_word' id='word_1_252' title='bbox 2727 829 2885 885; x_wconf 91' lang='lat' dir='ltr'><strong>enim</strong></span> <span class='ocrx_word' id='word_1_253' title='bbox 2917 845 3138 902; x_wconf 90' lang='lat' dir='ltr'><strong>corpus</strong></span> <span class='ocrx_word' id='word_1_254' title='bbox 3188 832 3430 888; x_wconf 89' lang='lat' dir='ltr'><strong>oculum</strong></span> <span class='ocrx_word' id='word_1_255' title='bbox 3462 833 3647 890; x_wconf 83' lang='lat' dir='ltr'><strong>habet</strong></span> 
     </span>
    </p>
   </div>
   <div class='ocr_carea' id='block_1_37' title="bbox 1988 916 3649 994">
    <p class='ocr_par' dir='ltr' id='par_1_37' title="bbox 1988 916 3649 994">
     <span class='ocr_line' id='line_1_37' title="bbox 1988 916 3649 994; baseline 0.004 -22"><span class='ocrx_word' id='word_1_256' title='bbox 1988 917 2226 983; x_wconf 90' lang='lat' dir='ltr'><strong>ducem,</strong></span> <span class='ocrx_word' id='word_1_257' title='bbox 2281 922 2337 973; x_wconf 90' lang='lat' dir='ltr'><strong>et</strong></span> <span class='ocrx_word' id='word_1_258' title='bbox 2393 917 2519 988; x_wconf 91' lang='lat' dir='ltr'><strong>ipse</strong></span> <span class='ocrx_word' id='word_1_259' title='bbox 2567 916 2776 973; x_wconf 82' lang='lat' dir='ltr'><strong>oculus</strong></span> <span class='ocrx_word' id='word_1_260' title='bbox 2820 918 3027 975; x_wconf 92' lang='lat' dir='ltr'><strong>videns</strong></span> <span class='ocrx_word' id='word_1_261' title='bbox 3074 924 3263 977; x_wconf 86' lang='lat' dir='ltr'><strong>totum</strong></span> <span class='ocrx_word' id='word_1_262' title='bbox 3317 938 3538 994; x_wconf 85' lang='lat' dir='ltr'><strong>corpus</strong></span> <span class='ocrx_word' id='word_1_263' title='bbox 3584 922 3649 978; x_wconf 91' lang='lat' dir='ltr'><strong>in</strong></span> 
     </span>
    </p>
   </div>
   <div class='ocr_carea' id='block_1_38' title="bbox 1988 1006 3649 1079">
    <p class='ocr_par' dir='ltr' id='par_1_38' title="bbox 1988 1006 3649 1079">
     <span class='ocr_line' id='line_1_38' title="bbox 1988 1006 3649 1079; baseline 0.003 -17"><span class='ocrx_word' id='word_1_264' title='bbox 1988 1011 2211 1062; x_wconf 89' lang='lat' dir='ltr'><strong>rectam</strong></span> <span class='ocrx_word' id='word_1_265' title='bbox 2266 1006 2326 1060; x_wconf 91' lang='lat' dir='ltr'><strong>id</strong></span> <span class='ocrx_word' id='word_1_266' title='bbox 2367 1006 2527 1061; x_wconf 91' lang='lat' dir='ltr'><strong>viam</strong></span> <span class='ocrx_word' id='word_1_267' title='bbox 2579 1006 2839 1062; x_wconf 85' lang='lat' dir='ltr'><strong>deducit.</strong></span> <span class='ocrx_word' id='word_1_268' title='bbox 2886 1010 3122 1065; x_wconf 77' lang='lat' dir='ltr'><strong>Statuas</strong></span> <span class='ocrx_word' id='word_1_269' title='bbox 3178 1010 3343 1079; x_wconf 89' lang='lat' dir='ltr'><strong>mihi,</strong></span> <span class='ocrx_word' id='word_1_270' title='bbox 3399 1012 3649 1067; x_wconf 88' lang='lat' dir='ltr'><strong>transire</strong></span> 
     </span>
    </p>
   </div>
   <div class='ocr_carea' id='block_1_39' title="bbox 1990 1094 3647 1170">
    <p class='ocr_par' dir='ltr' id='par_1_39' title="bbox 1990 1094 3647 1170">
     <span class='ocr_line' id='line_1_39' title="bbox 1990 1094 3647 1170; baseline 0.003 -20"><span class='ocrx_word' id='word_1_271' title='bbox 1990 1094 2316 1168; x_wconf 90' lang='lat' dir='ltr'><strong>quemdam</strong></span> <span class='ocrx_word' id='word_1_272' title='bbox 2336 1094 2584 1166; x_wconf 89' lang='lat' dir='ltr'><strong>perloca</strong></span> <span class='ocrx_word' id='word_1_273' title='bbox 2607 1096 2916 1160; x_wconf 83' lang='lat' dir='ltr'><strong>silvestria,</strong></span> <span class='ocrx_word' id='word_1_274' title='bbox 2949 1098 3199 1169; x_wconf 88' lang='lat' dir='ltr'><strong>spinosa</strong></span> <span class='ocrx_word' id='word_1_275' title='bbox 3239 1104 3295 1155; x_wconf 88' lang='lat' dir='ltr'><strong>et</strong></span> <span class='ocrx_word' id='word_1_276' title='bbox 3319 1099 3647 1170; x_wconf 88' lang='lat' dir='ltr'><strong>lutosa,ubi</strong></span> 
     </span>
    </p>
   </div>
   <div class='ocr_carea' id='block_1_40' title="bbox 1990 1184 3645 1260">
    <p class='ocr_par' dir='ltr' id='par_1_40' title="bbox 1990 1184 3645 1260">
     <span class='ocr_line' id='line_1_40' title="bbox 1990 1184 3645 1260; baseline 0.003 -21"><span class='ocrx_word' id='word_1_277' title='bbox 1990 1189 2047 1239; x_wconf 88' lang='lat' dir='ltr'><strong>et</strong></span> <span class='ocrx_word' id='word_1_278' title='bbox 2072 1186 2224 1254; x_wconf 82' lang='lat' dir='ltr'><strong>ignis</strong></span> <span class='ocrx_word' id='word_1_279' title='bbox 2258 1189 2550 1256; x_wconf 90' lang='lat' dir='ltr'><strong>erumpat,</strong></span> <span class='ocrx_word' id='word_1_280' title='bbox 2583 1190 2637 1240; x_wconf 89' lang='lat' dir='ltr'><strong>et</strong></span> <span class='ocrx_word' id='word_1_281' title='bbox 2659 1184 2843 1255; x_wconf 80' lang='lat' dir='ltr'><strong>gladii</strong></span> <span class='ocrx_word' id='word_1_282' title='bbox 2878 1186 3131 1253; x_wconf 87' lang='lat' dir='ltr'><strong>afﬁxi,et</strong></span> <span class='ocrx_word' id='word_1_283' title='bbox 3149 1188 3481 1260; x_wconf 71' lang='lat' dir='ltr'><strong>praecipitia</strong></span> <span class='ocrx_word' id='word_1_284' title='bbox 3502 1189 3645 1255; x_wconf 87' lang='lat' dir='ltr'><strong>sint,</strong></span> 
     </span>
    </p>
   </div>
   <div class='ocr_carea' id='block_1_41' title="bbox 1991 1264 3650 1344">
    <p class='ocr_par' dir='ltr' id='par_1_41' title="bbox 1991 1264 3650 1344">
     <span class='ocr_line' id='line_1_41' title="bbox 1991 1264 3650 1344; baseline 0.004 -17"><span class='ocrx_word' id='word_1_285' title='bbox 1991 1278 2050 1327; x_wconf 90' lang='lat' dir='ltr'><strong>et</strong></span> <span class='ocrx_word' id='word_1_286' title='bbox 2086 1264 2285 1328; x_wconf 81' lang='lat' dir='ltr'><strong>multae</strong></span> <span class='ocrx_word' id='word_1_287' title='bbox 2328 1288 2521 1344; x_wconf 69' lang='lat' dir='ltr'><strong>aquis.</strong></span> <span class='ocrx_word' id='word_1_288' title='bbox 2553 1274 2683 1328; x_wconf 86' lang='lat' dir='ltr'><strong>Jam</strong></span> <span class='ocrx_word' id='word_1_289' title='bbox 2734 1288 2876 1342; x_wconf 89' lang='lat' dir='ltr'><strong>ergo</strong></span> <span class='ocrx_word' id='word_1_290' title='bbox 2935 1273 3106 1342; x_wconf 80' lang='lat' dir='ltr'><strong>agilis</strong></span> <span class='ocrx_word' id='word_1_291' title='bbox 3152 1275 3267 1341; x_wconf 92' lang='lat' dir='ltr'><strong>ille,</strong></span> <span class='ocrx_word' id='word_1_292' title='bbox 3300 1276 3545 1333; x_wconf 88' lang='lat' dir='ltr'>sedulus</span> <span class='ocrx_word' id='word_1_293' title='bbox 3593 1282 3650 1333; x_wconf 89' lang='lat' dir='ltr'><strong>et</strong></span> 
     </span>
    </p>
   </div>
   <div class='ocr_carea' id='block_1_42' title="bbox 1992 1360 3651 1428">
    <p class='ocr_par' dir='ltr' id='par_1_42' title="bbox 1992 1360 3651 1428">
     <span class='ocr_line' id='line_1_42' title="bbox 1992 1360 3651 1428; baseline 0.004 -13"><span class='ocrx_word' id='word_1_294' title='bbox 1992 1361 2301 1425; x_wconf 89' lang='lat' dir='ltr'><strong>immotus,</strong></span> <span class='ocrx_word' id='word_1_295' title='bbox 2340 1360 2569 1416; x_wconf 83' lang='lat' dir='ltr'><strong>habens</strong></span> <span class='ocrx_word' id='word_1_296' title='bbox 2597 1361 2838 1416; x_wconf 90' lang='lat' dir='ltr'><strong>oculum</strong></span> <span class='ocrx_word' id='word_1_297' title='bbox 2870 1362 3108 1428; x_wconf 92' lang='lat' dir='ltr'><strong>ducem,</strong></span> <span class='ocrx_word' id='word_1_298' title='bbox 3143 1366 3393 1420; x_wconf 87' lang='lat' dir='ltr'><strong>omnino</strong></span> <span class='ocrx_word' id='word_1_299' title='bbox 3434 1370 3651 1421; x_wconf 87' lang='lat' dir='ltr'><strong>attente</strong></span> 
     </span>
    </p>
   </div>
   <div class='ocr_carea' id='block_1_43' title="bbox 1994 1449 3650 1526">
    <p class='ocr_par' dir='ltr' id='par_1_43' title="bbox 1994 1449 3650 1526">
     <span class='ocr_line' id='line_1_43' title="bbox 1994 1449 3650 1526; baseline 0.003 -21"><span class='ocrx_word' id='word_1_300' title='bbox 1994 1452 2202 1506; x_wconf 84' lang='lat' dir='ltr'><strong>transit</strong></span> <span class='ocrx_word' id='word_1_301' title='bbox 2239 1449 2371 1506; x_wconf 89' lang='lat' dir='ltr'><strong>loca</strong></span> <span class='ocrx_word' id='word_1_302' title='bbox 2417 1450 2517 1506; x_wconf 91' lang='lat' dir='ltr'><strong>illa</strong></span> <span class='ocrx_word' id='word_1_303' title='bbox 2566 1450 2849 1520; x_wconf 87' lang='lat' dir='ltr'><strong>difﬁcilia,</strong></span> <span class='ocrx_word' id='word_1_304' title='bbox 2882 1452 3195 1507; x_wconf 90' lang='lat' dir='ltr'><strong>continens</strong></span> <span class='ocrx_word' id='word_1_305' title='bbox 3240 1453 3650 1526; x_wconf 90' lang='lat' dir='ltr'><strong>undequaque</strong></span> 
     </span>
    </p>
   </div>
   <div class='ocr_carea' id='block_1_44' title="bbox 1994 1538 3653 1610">
    <p class='ocr_par' dir='ltr' id='par_1_44' title="bbox 1994 1538 3653 1610">
     <span class='ocr_line' id='line_1_44' title="bbox 1994 1538 3653 1610; baseline 0.002 -16"><span class='ocrx_word' id='word_1_306' title='bbox 1994 1540 2275 1595; x_wconf 90' lang='lat' dir='ltr'><strong>manibus</strong></span> <span class='ocrx_word' id='word_1_307' title='bbox 2309 1546 2363 1594; x_wconf 86' lang='lat' dir='ltr'><strong>et</strong></span> <span class='ocrx_word' id='word_1_308' title='bbox 2393 1538 2648 1610; x_wconf 87' lang='lat' dir='ltr'><strong>pedibus</strong></span> <span class='ocrx_word' id='word_1_309' title='bbox 2678 1539 2940 1595; x_wconf 87' lang='lat' dir='ltr'><strong>tunicam</strong></span> <span class='ocrx_word' id='word_1_310' title='bbox 2964 1557 3157 1605; x_wconf 92' lang='lat' dir='ltr'><strong>suam,</strong></span> <span class='ocrx_word' id='word_1_311' title='bbox 3183 1557 3256 1598; x_wconf 88' lang='lat' dir='ltr'><strong>ne</strong></span> <span class='ocrx_word' id='word_1_312' title='bbox 3278 1558 3314 1599; x_wconf 91' lang='lat' dir='ltr'><strong>a</strong></span> <span class='ocrx_word' id='word_1_313' title='bbox 3343 1542 3653 1599; x_wconf 81' lang='lat' dir='ltr'><strong>fruticibus</strong></span> 
     </span>
    </p>
   </div>
   <div class='ocr_carea' id='block_1_45' title="bbox 1994 1628 3655 1700">
    <p class='ocr_par' dir='ltr' id='par_1_45' title="bbox 1994 1628 3655 1700">
     <span class='ocr_line' id='line_1_45' title="bbox 1994 1628 3655 1700; baseline 0.003 -17"><span class='ocrx_word' id='word_1_314' title='bbox 1994 1636 2048 1683; x_wconf 92' lang='lat' dir='ltr'><strong>et</strong></span> <span class='ocrx_word' id='word_1_315' title='bbox 2079 1628 2269 1700; x_wconf 90' lang='lat' dir='ltr'><strong>spinis</strong></span> <span class='ocrx_word' id='word_1_316' title='bbox 2300 1628 2693 1699; x_wconf 88' lang='lat' dir='ltr'><strong>discerpatur,</strong></span> <span class='ocrx_word' id='word_1_317' title='bbox 2713 1634 2815 1684; x_wconf 90' lang='lat' dir='ltr'><strong>aut</strong></span> <span class='ocrx_word' id='word_1_318' title='bbox 2844 1628 2967 1684; x_wconf 91' lang='lat' dir='ltr'><strong>luto</strong></span> <span class='ocrx_word' id='word_1_319' title='bbox 2995 1630 3596 1695; x_wconf 89' lang='lat' dir='ltr'><strong>commaculetur,aut</strong></span> <span class='ocrx_word' id='word_1_320' title='bbox 3618 1647 3655 1688; x_wconf 87' lang='lat' dir='ltr'><strong>a</strong></span> 
     </span>
    </p>
   </div>
   <div class='ocr_carea' id='block_1_46' title="bbox 1996 1716 3649 1791">
    <p class='ocr_par' dir='ltr' id='par_1_46' title="bbox 1996 1716 3649 1791">
     <span class='ocr_line' id='line_1_46' title="bbox 1996 1716 3649 1791; baseline 0.002 -19"><span class='ocrx_word' id='word_1_321' title='bbox 1996 1718 2195 1787; x_wconf 86' lang='lat' dir='ltr'><strong>gladio</strong></span> <span class='ocrx_word' id='word_1_322' title='bbox 2225 1716 2597 1773; x_wconf 89' lang='lat' dir='ltr'><strong>difﬁndatur.</strong></span> <span class='ocrx_word' id='word_1_323' title='bbox 2642 1719 2705 1772; x_wconf 89' lang='lat' dir='ltr'><strong>Et</strong></span> <span class='ocrx_word' id='word_1_324' title='bbox 2731 1716 2942 1772; x_wconf 91' lang='lat' dir='ltr'><strong>oculus</strong></span> <span class='ocrx_word' id='word_1_325' title='bbox 2972 1724 3159 1774; x_wconf 87' lang='lat' dir='ltr'><strong>totum</strong></span> <span class='ocrx_word' id='word_1_326' title='bbox 3181 1735 3399 1791; x_wconf 85' lang='lat' dir='ltr'><strong>corpus</strong></span> <span class='ocrx_word' id='word_1_327' title='bbox 3431 1720 3649 1791; x_wconf 82' lang='lat' dir='ltr'><strong>dirigit,</strong></span> 
     </span>
    </p>
   </div>
   <div class='ocr_carea' id='block_1_47' title="bbox 1995 1805 3656 1882">
    <p class='ocr_par' dir='ltr' id='par_1_47' title="bbox 1995 1805 3656 1882">
     <span class='ocr_line' id='line_1_47' title="bbox 1995 1805 3656 1882; baseline 0.003 -21"><span class='ocrx_word' id='word_1_328' title='bbox 1995 1808 2197 1861; x_wconf 91' lang='lat' dir='ltr'><strong>lumen</strong></span> <span class='ocrx_word' id='word_1_329' title='bbox 2211 1806 2400 1876; x_wconf 89' lang='lat' dir='ltr'><strong>ipsius</strong></span> <span class='ocrx_word' id='word_1_330' title='bbox 2414 1805 2729 1869; x_wconf 82' lang='lat' dir='ltr'><strong>exsistens,</strong></span> <span class='ocrx_word' id='word_1_331' title='bbox 2748 1821 2820 1861; x_wconf 90' lang='lat' dir='ltr'><strong>ne</strong></span> <span class='ocrx_word' id='word_1_332' title='bbox 2848 1822 2952 1876; x_wconf 87' lang='lat' dir='ltr'><strong>per</strong></span> <span class='ocrx_word' id='word_1_333' title='bbox 2966 1808 3292 1878; x_wconf 77' lang='lat' dir='ltr'><strong>praecipitia</strong></span> <span class='ocrx_word' id='word_1_334' title='bbox 3316 1809 3656 1882; x_wconf 89' lang='lat' dir='ltr'><strong>disrumpa-</strong></span> 
     </span>
    </p>
   </div>
   <div class='ocr_carea' id='block_1_48' title="bbox 1999 1894 3655 1966">
    <p class='ocr_par' dir='ltr' id='par_1_48' title="bbox 1999 1894 3655 1966">
     <span class='ocr_line' id='line_1_48' title="bbox 1999 1894 3655 1966; baseline 0.002 -16"><span class='ocrx_word' id='word_1_335' title='bbox 1999 1902 2109 1961; x_wconf 90' lang='lat' dir='ltr'><strong>tur,</strong></span> <span class='ocrx_word' id='word_1_336' title='bbox 2149 1895 2441 1966; x_wconf 88' lang='lat' dir='ltr'><strong>autaquis</strong></span> <span class='ocrx_word' id='word_1_337' title='bbox 2472 1894 2884 1964; x_wconf 85' lang='lat' dir='ltr'><strong>immergatur,</strong></span> <span class='ocrx_word' id='word_1_338' title='bbox 2920 1900 3021 1950; x_wconf 92' lang='lat' dir='ltr'><strong>aut</strong></span> <span class='ocrx_word' id='word_1_339' title='bbox 3043 1912 3190 1951; x_wconf 90' lang='lat' dir='ltr'><strong>casu</strong></span> <span class='ocrx_word' id='word_1_340' title='bbox 3216 1896 3442 1953; x_wconf 88' lang='lat' dir='ltr'><strong>difﬁcili</strong></span> <span class='ocrx_word' id='word_1_341' title='bbox 3471 1898 3655 1954; x_wconf 72' lang='lat' dir='ltr'><strong>laeda-</strong></span> 
     </span>
    </p>
   </div>
   <div class='ocr_carea' id='block_1_49' title="bbox 1996 1983 3652 2057">
    <p class='ocr_par' dir='ltr' id='par_1_49' title="bbox 1996 1983 3652 2057">
     <span class='ocr_line' id='line_1_49' title="bbox 1996 1983 3652 2057; baseline 0.001 -17"><span class='ocrx_word' id='word_1_342' title='bbox 1996 1989 2090 2040; x_wconf 91' lang='lat' dir='ltr'><strong>tur</strong></span> <span class='ocrx_word' id='word_1_343' title='bbox 2123 2000 2135 2039; x_wconf 93' lang='lat'><strong>:</strong></span> <span class='ocrx_word' id='word_1_344' title='bbox 2171 1984 2256 2038; x_wconf 91' lang='lat' dir='ltr'><strong>sic</strong></span> <span class='ocrx_word' id='word_1_345' title='bbox 2287 1998 2429 2053; x_wconf 89' lang='lat' dir='ltr'><strong>ergo</strong></span> <span class='ocrx_word' id='word_1_346' title='bbox 2461 1983 2675 2039; x_wconf 86' lang='lat' dir='ltr'><strong>alacris</strong></span> <span class='ocrx_word' id='word_1_347' title='bbox 2710 1983 2804 2038; x_wconf 90' lang='lat' dir='ltr'><strong>ille</strong></span> <span class='ocrx_word' id='word_1_348' title='bbox 2849 1989 2904 2038; x_wconf 91' lang='lat' dir='ltr'><strong>et</strong></span> <span class='ocrx_word' id='word_1_349' title='bbox 2943 1989 3156 2039; x_wconf 89' lang='lat' dir='ltr'><strong>cautus</strong></span> <span class='ocrx_word' id='word_1_350' title='bbox 3208 1986 3652 2057; x_wconf 88' lang='lat' dir='ltr'><strong>transgrediens</strong></span> 
     </span>
    </p>
   </div>
   <div class='ocr_carea' id='block_1_50' title="bbox 1996 2074 3653 2143">
    <p class='ocr_par' dir='ltr' id='par_1_50' title="bbox 1996 2074 3653 2143">
     <span class='ocr_line' id='line_1_50' title="bbox 1996 2074 3653 2143; baseline 0.002 -14"><span class='ocrx_word' id='word_1_351' title='bbox 1996 2079 2297 2129; x_wconf 91' lang='lat' dir='ltr'><strong>coarctata</strong></span> <span class='ocrx_word' id='word_1_352' title='bbox 2345 2077 2505 2128; x_wconf 86' lang='lat' dir='ltr'><strong>veste</strong></span> <span class='ocrx_word' id='word_1_353' title='bbox 2536 2089 2665 2136; x_wconf 89' lang='lat' dir='ltr'><strong>sua,</strong></span> <span class='ocrx_word' id='word_1_354' title='bbox 2701 2088 2940 2128; x_wconf 89' lang='lat' dir='ltr'><strong>summa</strong></span> <span class='ocrx_word' id='word_1_355' title='bbox 2982 2074 3167 2129; x_wconf 89' lang='lat' dir='ltr'><strong>animi</strong></span> <span class='ocrx_word' id='word_1_356' title='bbox 3203 2074 3546 2143; x_wconf 82' lang='lat' dir='ltr'><strong>sobrietate,</strong></span> <span class='ocrx_word' id='word_1_357' title='bbox 3573 2075 3653 2132; x_wconf 90' lang='lat' dir='ltr'><strong>ab</strong></span> 
     </span>
    </p>
   </div>
   <div class='ocr_carea' id='block_1_51' title="bbox 1995 2160 3649 2234">
    <p class='ocr_par' dir='ltr' id='par_1_51' title="bbox 1995 2160 3649 2234">
     <span class='ocr_line' id='line_1_51' title="bbox 1995 2160 3649 2234; baseline 0.002 -17"><span class='ocrx_word' id='word_1_358' title='bbox 1995 2162 2169 2218; x_wconf 94' lang='lat' dir='ltr'><strong>oculo</strong></span> <span class='ocrx_word' id='word_1_359' title='bbox 2190 2166 2350 2217; x_wconf 91' lang='lat' dir='ltr'><strong>recta</strong></span> <span class='ocrx_word' id='word_1_360' title='bbox 2380 2161 2696 2229; x_wconf 86' lang='lat' dir='ltr'><strong>deductus,</strong></span> <span class='ocrx_word' id='word_1_361' title='bbox 2725 2176 2845 2217; x_wconf 86' lang='lat' dir='ltr'><strong>non</strong></span> <span class='ocrx_word' id='word_1_362' title='bbox 2869 2160 3137 2232; x_wconf 90' lang='lat' dir='ltr'><strong>seipsum</strong></span> <span class='ocrx_word' id='word_1_363' title='bbox 3159 2162 3354 2219; x_wconf 90' lang='lat' dir='ltr'><strong>solum</strong></span> <span class='ocrx_word' id='word_1_364' title='bbox 3372 2162 3649 2234; x_wconf 61' lang='lat' dir='ltr'><strong>illaesum,</strong></span> 
     </span>
    </p>
   </div>
   <div class='ocr_carea' id='block_1_52' title="bbox 1995 2250 3653 2309">
    <p class='ocr_par' dir='ltr' id='par_1_52' title="bbox 1995 2250 3653 2309">
     <span class='ocr_line' id='line_1_52' title="bbox 1995 2250 3653 2309; baseline 0.002 -4"><span class='ocrx_word' id='word_1_365' title='bbox 1995 2267 2091 2307; x_wconf 90' lang='lat' dir='ltr'><strong>sec</strong></span> <span class='ocrx_word' id='word_1_366' title='bbox 2140 2256 2197 2306; x_wconf 92' lang='lat' dir='ltr'><strong>et</strong></span> <span class='ocrx_word' id='word_1_367' title='bbox 2229 2250 2491 2306; x_wconf 86' lang='lat' dir='ltr'><strong>tunicam</strong></span> <span class='ocrx_word' id='word_1_368' title='bbox 2524 2265 2697 2305; x_wconf 92' lang='lat' dir='ltr'><strong>suam</strong></span> <span class='ocrx_word' id='word_1_369' title='bbox 2739 2250 3190 2306; x_wconf 89' lang='lat' dir='ltr'><strong>incombustam</strong></span> <span class='ocrx_word' id='word_1_370' title='bbox 3219 2257 3275 2307; x_wconf 92' lang='lat' dir='ltr'><strong>et</strong></span> <span class='ocrx_word' id='word_1_371' title='bbox 3323 2252 3653 2309; x_wconf 90' lang='lat' dir='ltr'><strong>indivisam</strong></span> 
     </span>
    </p>
   </div>
   <div class='ocr_carea' id='block_1_53' title="bbox 1995 2338 3653 2410">
    <p class='ocr_par' dir='ltr' id='par_1_53' title="bbox 1995 2338 3653 2410">
     <span class='ocr_line' id='line_1_53' title="bbox 1995 2338 3653 2410; baseline 0.001 -15"><span class='ocrx_word' id='word_1_372' title='bbox 1995 2345 2329 2395; x_wconf 88' lang='lat' dir='ltr'><strong>conservat.</strong></span> <span class='ocrx_word' id='word_1_373' title='bbox 2366 2339 2419 2395; x_wconf 91' lang='lat' dir='ltr'><strong>Si</strong></span> <span class='ocrx_word' id='word_1_374' title='bbox 2443 2354 2579 2393; x_wconf 88' lang='lat' dir='ltr'><strong>vero</strong></span> <span class='ocrx_word' id='word_1_375' title='bbox 2608 2338 2908 2410; x_wconf 87' lang='lat' dir='ltr'><strong>quispiam</strong></span> <span class='ocrx_word' id='word_1_376' title='bbox 2940 2338 3140 2394; x_wconf 88' lang='lat' dir='ltr'><strong>minus</strong></span> <span class='ocrx_word' id='word_1_377' title='bbox 3171 2339 3387 2405; x_wconf 88' lang='lat' dir='ltr'><strong>alacer,</strong></span> <span class='ocrx_word' id='word_1_378' title='bbox 3422 2341 3653 2407; x_wconf 88' lang='lat' dir='ltr'><strong>tardus,</strong></span> 
     </span>
    </p>
   </div>
   <div class='ocr_carea' id='block_1_54' title="bbox 1995 2426 3656 2499">
    <p class='ocr_par' dir='ltr' id='par_1_54' title="bbox 1995 2426 3656 2499">
     <span class='ocr_line' id='line_1_54' title="bbox 1995 2426 3656 2499; baseline 0.001 -16"><span class='ocrx_word' id='word_1_379' title='bbox 1995 2430 2216 2499; x_wconf 85' lang='lat' dir='ltr'><strong>segnis,</strong></span> <span class='ocrx_word' id='word_1_380' title='bbox 2246 2444 2466 2493; x_wconf 91' lang='lat' dir='ltr'><strong>socors,</strong></span> <span class='ocrx_word' id='word_1_381' title='bbox 2502 2426 2695 2482; x_wconf 90' lang='lat' dir='ltr'><strong>lentus</strong></span> <span class='ocrx_word' id='word_1_382' title='bbox 2728 2433 2783 2483; x_wconf 91' lang='lat' dir='ltr'><strong>et</strong></span> <span class='ocrx_word' id='word_1_383' title='bbox 2824 2428 3077 2496; x_wconf 86' lang='lat' dir='ltr'><strong>ignavus</strong></span> <span class='ocrx_word' id='word_1_384' title='bbox 3115 2428 3244 2485; x_wconf 73' lang='lat' dir='ltr'><strong>haac</strong></span> <span class='ocrx_word' id='word_1_385' title='bbox 3282 2429 3416 2486; x_wconf 92' lang='lat' dir='ltr'><strong>loca</strong></span> <span class='ocrx_word' id='word_1_386' title='bbox 3466 2435 3656 2486; x_wconf 87' lang='lat' dir='ltr'><strong>trans-</strong></span> 
     </span>
    </p>
   </div>
   <div class='ocr_carea' id='block_1_55' title="bbox 1995 2516 3655 2587">
    <p class='ocr_par' dir='ltr' id='par_1_55' title="bbox 1995 2516 3655 2587">
     <span class='ocr_line' id='line_1_55' title="bbox 1995 2516 3655 2587; baseline 0.001 -14"><span class='ocrx_word' id='word_1_387' title='bbox 1995 2518 2318 2587; x_wconf 88' lang='lat' dir='ltr'><strong>grediatur,</strong></span> <span class='ocrx_word' id='word_1_388' title='bbox 2345 2518 2549 2573; x_wconf 87' lang='lat' dir='ltr'><strong>tunica</strong></span> <span class='ocrx_word' id='word_1_389' title='bbox 2592 2516 2724 2587; x_wconf 89' lang='lat' dir='ltr'><strong>ejus</strong></span> <span class='ocrx_word' id='word_1_390' title='bbox 2755 2516 2894 2572; x_wconf 89' lang='lat' dir='ltr'><strong>hinc</strong></span> <span class='ocrx_word' id='word_1_391' title='bbox 2920 2517 3059 2572; x_wconf 91' lang='lat' dir='ltr'><strong>inde</strong></span> <span class='ocrx_word' id='word_1_392' title='bbox 3090 2517 3391 2584; x_wconf 78' lang='lat' dir='ltr'><strong>difﬂuens,</strong></span> <span class='ocrx_word' id='word_1_393' title='bbox 3431 2519 3655 2575; x_wconf 90' lang='lat' dir='ltr'><strong>frutici-</strong></span> 
     </span>
    </p>
   </div>
   <div class='ocr_carea' id='block_1_56' title="bbox 1995 2606 3653 2678">
    <p class='ocr_par' dir='ltr' id='par_1_56' title="bbox 1995 2606 3653 2678">
     <span class='ocr_line' id='line_1_56' title="bbox 1995 2606 3653 2678; baseline 0.001 -15"><span class='ocrx_word' id='word_1_394' title='bbox 1995 2607 2108 2663; x_wconf 90' lang='lat' dir='ltr'><strong>bus</strong></span> <span class='ocrx_word' id='word_1_395' title='bbox 2161 2612 2217 2663; x_wconf 92' lang='lat' dir='ltr'><strong>et</strong></span> <span class='ocrx_word' id='word_1_396' title='bbox 2264 2607 2450 2678; x_wconf 91' lang='lat' dir='ltr'><strong>spinis</strong></span> <span class='ocrx_word' id='word_1_397' title='bbox 2501 2606 2844 2676; x_wconf 85' lang='lat' dir='ltr'><strong>dicerpitur,</strong></span> <span class='ocrx_word' id='word_1_398' title='bbox 2870 2611 2973 2661; x_wconf 91' lang='lat' dir='ltr'><strong>aut</strong></span> <span class='ocrx_word' id='word_1_399' title='bbox 3002 2606 3127 2677; x_wconf 88' lang='lat' dir='ltr'><strong>igni</strong></span> <span class='ocrx_word' id='word_1_400' title='bbox 3171 2608 3565 2676; x_wconf 90' lang='lat' dir='ltr'><strong>comburitur,</strong></span> <span class='ocrx_word' id='word_1_401' title='bbox 3583 2623 3653 2665; x_wconf 93' lang='lat' dir='ltr'><strong>eo</strong></span> 
     </span>
    </p>
   </div>
   <div class='ocr_carea' id='block_1_57' title="bbox 1994 2696 3657 2769">
    <p class='ocr_par' dir='ltr' id='par_1_57' title="bbox 1994 2696 3657 2769">
     <span class='ocr_line' id='line_1_57' title="bbox 1994 2696 3657 2769; baseline 0 -16"><span class='ocrx_word' id='word_1_402' title='bbox 1994 2696 2159 2769; x_wconf 91' lang='lat' dir='ltr'><strong>quod</strong></span> <span class='ocrx_word' id='word_1_403' title='bbox 2173 2713 2307 2753; x_wconf 93' lang='lat' dir='ltr'><strong>eam</strong></span> <span class='ocrx_word' id='word_1_404' title='bbox 2324 2712 2444 2752; x_wconf 91' lang='lat' dir='ltr'><strong>non</strong></span> <span class='ocrx_word' id='word_1_405' title='bbox 2461 2703 2694 2750; x_wconf 88' lang='lat' dir='ltr'><strong>strenue</strong></span> <span class='ocrx_word' id='word_1_406' title='bbox 2709 2696 3041 2761; x_wconf 89' lang='lat' dir='ltr'><strong>contineat;</strong></span> <span class='ocrx_word' id='word_1_407' title='bbox 3060 2701 3161 2751; x_wconf 91' lang='lat' dir='ltr'><strong>aut</strong></span> <span class='ocrx_word' id='word_1_408' title='bbox 3187 2696 3267 2752; x_wconf 91' lang='lat' dir='ltr'><strong>ab</strong></span> <span class='ocrx_word' id='word_1_409' title='bbox 3305 2697 3500 2752; x_wconf 86' lang='lat' dir='ltr'><strong>afﬁxis</strong></span> <span class='ocrx_word' id='word_1_410' title='bbox 3528 2697 3657 2767; x_wconf 86' lang='lat' dir='ltr'><strong>gla-</strong></span> 
     </span>
    </p>
   </div>
   <div class='ocr_carea' id='block_1_58' title="bbox 1996 2785 3658 2857">
    <p class='ocr_par' dir='ltr' id='par_1_58' title="bbox 1996 2785 3658 2857">
     <span class='ocr_line' id='line_1_58' title="bbox 1996 2785 3658 2857; baseline -0.001 -15"><span class='ocrx_word' id='word_1_411' title='bbox 1996 2787 2109 2843; x_wconf 90' lang='lat' dir='ltr'><strong>diis</strong></span> <span class='ocrx_word' id='word_1_412' title='bbox 2139 2786 2488 2851; x_wconf 90' lang='lat' dir='ltr'><strong>difﬁnditur,</strong></span> <span class='ocrx_word' id='word_1_413' title='bbox 2520 2790 2622 2841; x_wconf 92' lang='lat' dir='ltr'><strong>aut</strong></span> <span class='ocrx_word' id='word_1_414' title='bbox 2650 2799 2821 2840; x_wconf 81' lang='lat' dir='ltr'><strong>cceno</strong></span> <span class='ocrx_word' id='word_1_415' title='bbox 2834 2785 3658 2857; x_wconf 81' lang='lat' dir='ltr'><strong>polluitur,et,utbreviterdi-</strong></span> 
     </span>
    </p>
   </div>
   <div class='ocr_carea' id='block_1_59' title="bbox 1996 2872 3657 2944">
    <p class='ocr_par' dir='ltr' id='par_1_59' title="bbox 1996 2872 3657 2944">
     <span class='ocr_line' id='line_1_59' title="bbox 1996 2872 3657 2944; baseline 0 -13"><span class='ocrx_word' id='word_1_416' title='bbox 1996 2892 2153 2943; x_wconf 90' lang='lat' dir='ltr'><strong>cam,</strong></span> <span class='ocrx_word' id='word_1_417' title='bbox 2182 2874 2356 2930; x_wconf 90' lang='lat' dir='ltr'><strong>citius</strong></span> <span class='ocrx_word' id='word_1_418' title='bbox 2397 2874 2587 2944; x_wconf 89' lang='lat' dir='ltr'><strong>perdit</strong></span> <span class='ocrx_word' id='word_1_419' title='bbox 2612 2872 2945 2942; x_wconf 90' lang='lat' dir='ltr'><strong>elegantem</strong></span> <span class='ocrx_word' id='word_1_420' title='bbox 2987 2889 3056 2929; x_wconf 88' lang='lat' dir='ltr'><strong>ac</strong></span> <span class='ocrx_word' id='word_1_421' title='bbox 3095 2889 3319 2931; x_wconf 89' lang='lat' dir='ltr'><strong>novam</strong></span> <span class='ocrx_word' id='word_1_422' title='bbox 3359 2874 3522 2930; x_wconf 85' lang='lat' dir='ltr'><strong>illam</strong></span> <span class='ocrx_word' id='word_1_423' title='bbox 3562 2890 3657 2931; x_wconf 88' lang='lat' dir='ltr'><strong>ve-</strong></span> 
     </span>
    </p>
   </div>
   <div class='ocr_carea' id='block_1_60' title="bbox 1998 2962 3658 3035">
    <p class='ocr_par' dir='ltr' id='par_1_60' title="bbox 1998 2962 3658 3035">
     <span class='ocr_line' id='line_1_60' title="bbox 1998 2962 3658 3035; baseline 0.001 -17"><span class='ocrx_word' id='word_1_424' title='bbox 1998 2971 2168 3028; x_wconf 90' lang='lat' dir='ltr'><strong>stem,</strong></span> <span class='ocrx_word' id='word_1_425' title='bbox 2203 2968 2445 3035; x_wconf 87' lang='lat' dir='ltr'><strong>propter</strong></span> <span class='ocrx_word' id='word_1_426' title='bbox 2480 2962 2931 3032; x_wconf 85' lang='lat' dir='ltr'><strong>negligentiam,</strong></span> <span class='ocrx_word' id='word_1_427' title='bbox 2971 2964 3356 3019; x_wconf 88' lang='lat' dir='ltr'><strong>oscitantiam</strong></span> <span class='ocrx_word' id='word_1_428' title='bbox 3405 2970 3461 3019; x_wconf 91' lang='lat' dir='ltr'><strong>et</strong></span> <span class='ocrx_word' id='word_1_429' title='bbox 3489 2965 3658 3034; x_wconf 88' lang='lat' dir='ltr'><strong>igna-</strong></span> 
     </span>
    </p>
   </div>
   <div class='ocr_carea' id='block_1_61' title="bbox 286 3050 1889 3125">
    <p class='ocr_par' dir='ltr' id='par_1_61' title="bbox 286 3050 1889 3125">
     <span class='ocr_line' id='line_1_61' title="bbox 286 3050 1889 3125; baseline 0.002 -22"><span class='ocrx_word' id='word_1_430' title='bbox 286 3056 692 3125; x_wconf 85' lang='grc' dir='ltr'>παρακόπτεται,</span> <span class='ocrx_word' id='word_1_431' title='bbox 745 3055 776 3111; x_wconf 84' lang='grc' dir='ltr'><strong>ἣ</strong></span> <span class='ocrx_word' id='word_1_432' title='bbox 831 3053 932 3105; x_wconf 78' lang='grc' dir='ltr'><strong>ὑπό</strong></span> <span class='ocrx_word' id='word_1_433' title='bbox 980 3058 1071 3104; x_wconf 81' lang='grc' dir='ltr'>τοῦ</span> <span class='ocrx_word' id='word_1_434' title='bbox 1124 3050 1383 3125; x_wconf 74' lang='grc' dir='ltr'>βορϐόρου</span> <span class='ocrx_word' id='word_1_435' title='bbox 1452 3052 1746 3123; x_wconf 79' lang='grc' dir='ltr'>σπιλοῦται,</span> <span class='ocrx_word' id='word_1_436' title='bbox 1802 3058 1889 3106; x_wconf 83' lang='grc' dir='ltr'>καὶ</span> 
     </span>
    </p>
   </div>
   <div class='ocr_carea' id='block_1_62' title="bbox 2004 3050 3661 3125">
    <p class='ocr_par' dir='ltr' id='par_1_62' title="bbox 2004 3051 3661 3120">
     <span class='ocr_line' id='line_1_62' title="bbox 2004 3051 3661 3120; baseline 0.001 -12"><span class='ocrx_word' id='word_1_437' title='bbox 2004 3054 2155 3110; x_wconf 86' lang='lat' dir='ltr'><strong>viam</strong></span> <span class='ocrx_word' id='word_1_438' title='bbox 2194 3068 2387 3108; x_wconf 91' lang='lat' dir='ltr'><strong>suam.</strong></span> <span class='ocrx_word' id='word_1_439' title='bbox 2427 3052 2726 3117; x_wconf 88' lang='lat' dir='ltr'><strong>Quinimo,</strong></span> <span class='ocrx_word' id='word_1_440' title='bbox 2769 3051 2816 3105; x_wconf 88' lang='lat' dir='ltr'><strong>si</strong></span> <span class='ocrx_word' id='word_1_441' title='bbox 2858 3052 3057 3106; x_wconf 91' lang='lat' dir='ltr'><strong>minus</strong></span> <span class='ocrx_word' id='word_1_442' title='bbox 3090 3052 3407 3120; x_wconf 87' lang='lat' dir='ltr'><strong>diligenter</strong></span> <span class='ocrx_word' id='word_1_443' title='bbox 3456 3057 3511 3109; x_wconf 88' lang='lat' dir='ltr'><strong>et</strong></span> <span class='ocrx_word' id='word_1_444' title='bbox 3537 3053 3661 3110; x_wconf 85' lang='lat' dir='ltr'><strong>ala-</strong></span> 
     </span>
    </p>
   </div>
   <div class='ocr_carea' id='block_1_63' title="bbox 287 3139 1888 3215">
    <p class='ocr_par' dir='ltr' id='par_1_63' title="bbox 287 3139 1888 3215">
     <span class='ocr_line' id='line_1_63' title="bbox 287 3139 1888 3215; baseline 0.002 -23"><span class='ocrx_word' id='word_1_445' title='bbox 287 3139 597 3203; x_wconf 79' lang='grc' dir='ltr'>ἀπαξαπλῶς</span> <span class='ocrx_word' id='word_1_446' title='bbox 641 3143 827 3213; x_wconf 87' lang='grc' dir='ltr'>τάχιον</span> <span class='ocrx_word' id='word_1_447' title='bbox 892 3142 1226 3215; x_wconf 60' lang='grc' dir='ltr'>καταφθείρει</span> <span class='ocrx_word' id='word_1_448' title='bbox 1292 3144 1376 3193; x_wconf 87' lang='grc' dir='ltr'><strong>τόν</strong></span> <span class='ocrx_word' id='word_1_449' title='bbox 1425 3141 1581 3193; x_wconf 83' lang='grc' dir='ltr'>καλὸν</span> <span class='ocrx_word' id='word_1_450' title='bbox 1637 3147 1725 3194; x_wconf 83' lang='grc' dir='ltr'>καὶ</span> <span class='ocrx_word' id='word_1_451' title='bbox 1776 3162 1888 3195; x_wconf 87' lang='grc' dir='ltr'>και-</span> 
     </span>
    </p>
   </div>
   <div class='ocr_carea' id='block_1_64' title="bbox 281 3226 1888 3303">
    <p class='ocr_par' dir='ltr' id='par_1_64' title="bbox 281 3226 1888 3303">
     <span class='ocr_line' id='line_1_64' title="bbox 281 3226 1888 3303; baseline 0.001 -20"><span class='ocrx_word' id='word_1_452' title='bbox 281 3233 367 3299; x_wconf 77' lang='grc' dir='ltr'>νὸν</span> <span class='ocrx_word' id='word_1_453' title='bbox 405 3237 497 3283; x_wconf 84' lang='grc' dir='ltr'>τοῦ</span> <span class='ocrx_word' id='word_1_454' title='bbox 538 3227 823 3303; x_wconf 74' lang='grc' dir='ltr'>ἐνδύματος</span> <span class='ocrx_word' id='word_1_455' title='bbox 865 3238 1084 3302; x_wconf 83' lang='grc' dir='ltr'>χιτῶνα,</span> <span class='ocrx_word' id='word_1_456' title='bbox 1138 3226 1231 3282; x_wconf 81' lang='grc' dir='ltr'>διὰ</span> <span class='ocrx_word' id='word_1_457' title='bbox 1273 3235 1367 3289; x_wconf 77' lang='grc' dir='ltr'>τὴν</span> <span class='ocrx_word' id='word_1_458' title='bbox 1417 3229 1750 3302; x_wconf 80' lang='grc' dir='ltr'>ἀπροσεξίαν,</span> <span class='ocrx_word' id='word_1_459' title='bbox 1799 3236 1888 3284; x_wconf 83' lang='grc' dir='ltr'><strong>καὶ</strong></span> 
     </span>
    </p>
   </div>
   <div class='ocr_carea' id='block_1_65' title="bbox 282 3318 1405 3392">
    <p class='ocr_par' dir='ltr' id='par_1_65' title="bbox 282 3318 1405 3392">
     <span class='ocr_line' id='line_1_65' title="bbox 282 3318 1405 3392; baseline 0.001 -22"><span class='ocrx_word' id='word_1_460' title='bbox 282 3325 614 3391; x_wconf 86' lang='grc' dir='ltr'>χαυνότητα,</span> <span class='ocrx_word' id='word_1_461' title='bbox 690 3324 780 3372; x_wconf 87' lang='grc' dir='ltr'>καὶ</span> <span class='ocrx_word' id='word_1_462' title='bbox 853 3319 1096 3392; x_wconf 84' lang='grc' dir='ltr'>ὀκνηρίαν</span> <span class='ocrx_word' id='word_1_463' title='bbox 1171 3318 1332 3371; x_wconf 78' lang='grc' dir='ltr'>αὐτοῦ</span> <span class='ocrx_word' id='word_1_464' title='bbox 1393 3337 1405 3348; x_wconf 92' lang='grc'><strong>·</strong></span> 
     </span>
    </p>
   </div>
   <div class='ocr_carea' id='block_1_66' title="bbox 364 3530 1891 3609">
    <p class='ocr_par' dir='ltr' id='par_1_66' title="bbox 364 3530 1891 3609">
     <span class='ocr_line' id='line_1_66' title="bbox 364 3530 1891 3609; baseline 0.001 -24"><span class='ocrx_word' id='word_1_465' title='bbox 364 3530 438 3586; x_wconf 84' lang='grc' dir='ltr'><strong>Γ’.</strong></span> <span class='ocrx_word' id='word_1_466' title='bbox 494 3534 592 3585; x_wconf 87' lang='grc' dir='ltr'>Τὸν</span> <span class='ocrx_word' id='word_1_467' title='bbox 631 3533 783 3586; x_wconf 78' lang='grc' dir='ltr'>αὐτὸν</span> <span class='ocrx_word' id='word_1_468' title='bbox 821 3537 1002 3607; x_wconf 87' lang='grc' dir='ltr'>τρόπον</span> <span class='ocrx_word' id='word_1_469' title='bbox 1040 3539 1129 3587; x_wconf 86' lang='grc' dir='ltr'>καὶ</span> <span class='ocrx_word' id='word_1_470' title='bbox 1169 3536 1198 3593; x_wconf 82' lang='grc' dir='ltr'>ἡ</span> <span class='ocrx_word' id='word_1_471' title='bbox 1240 3534 1395 3606; x_wconf 79' lang='grc' dir='ltr'>ψυχὴ</span> <span class='ocrx_word' id='word_1_472' title='bbox 1440 3542 1674 3609; x_wconf 82' lang='grc' dir='ltr'>φοροῦσα</span> <span class='ocrx_word' id='word_1_473' title='bbox 1719 3536 1891 3609; x_wconf 85' lang='grc' dir='ltr'>ὥσπερ</span> 
     </span>
    </p>
   </div>
   <div class='ocr_carea' id='block_1_67' title="bbox 284 3619 1896 3699">
    <p class='ocr_par' dir='ltr' id='par_1_67' title="bbox 284 3619 1896 3699">
     <span class='ocr_line' id='line_1_67' title="bbox 284 3619 1896 3699; baseline 0.002 -26"><span class='ocrx_word' id='word_1_474' title='bbox 284 3630 494 3694; x_wconf 85' lang='grc' dir='ltr'>χιτῶνα</span> <span class='ocrx_word' id='word_1_475' title='bbox 532 3622 685 3674; x_wconf 87' lang='grc' dir='ltr'>καλὸν</span> <span class='ocrx_word' id='word_1_476' title='bbox 716 3626 773 3675; x_wconf 85' lang='grc' dir='ltr'><strong>τό</strong></span> <span class='ocrx_word' id='word_1_477' title='bbox 802 3619 1002 3695; x_wconf 78' lang='grc' dir='ltr'>ἔνδυμα</span> <span class='ocrx_word' id='word_1_478' title='bbox 1032 3632 1123 3676; x_wconf 79' lang='grc' dir='ltr'>τοῦ</span> <span class='ocrx_word' id='word_1_479' title='bbox 1157 3628 1418 3695; x_wconf 84' lang='grc' dir='ltr'>σώματος,</span> <span class='ocrx_word' id='word_1_480' title='bbox 1451 3627 1656 3695; x_wconf 81' lang='grc' dir='ltr'>ἔχουσα</span> <span class='ocrx_word' id='word_1_481' title='bbox 1688 3621 1722 3677; x_wconf 88' lang='grc' dir='ltr'><strong>δ</strong></span> <span class='ocrx_word' id='word_1_482' title='bbox 1729 3644 1896 3699; x_wconf 90' lang='grc' dir='ltr'>ιακρι-</span> 
     </span>
    </p>
   </div>
   <div class='ocr_carea' id='block_1_68' title="bbox 283 3711 1895 3785">
    <p class='ocr_par' dir='ltr' id='par_1_68' title="bbox 283 3711 1895 3785">
     <span class='ocr_line' id='line_1_68' title="bbox 283 3711 1895 3785; baseline 0.002 -21"><span class='ocrx_word' id='word_1_483' title='bbox 283 3715 431 3764; x_wconf 88' lang='grc' dir='ltr'>τικὸν</span> <span class='ocrx_word' id='word_1_484' title='bbox 467 3711 615 3784; x_wconf 72' lang='grc' dir='ltr'>μελος</span> <span class='ocrx_word' id='word_1_485' title='bbox 652 3712 861 3765; x_wconf 70' lang='grc' dir='ltr'>εὐθύνον</span> <span class='ocrx_word' id='word_1_486' title='bbox 903 3712 1022 3771; x_wconf 86' lang='grc' dir='ltr'>ὅλην</span> <span class='ocrx_word' id='word_1_487' title='bbox 1061 3717 1155 3771; x_wconf 81' lang='grc' dir='ltr'>τὴν</span> <span class='ocrx_word' id='word_1_488' title='bbox 1194 3712 1381 3784; x_wconf 78' lang='grc' dir='ltr'>ψυχὴν</span> <span class='ocrx_word' id='word_1_489' title='bbox 1418 3716 1551 3785; x_wconf 88' lang='grc' dir='ltr'>μετὰ</span> <span class='ocrx_word' id='word_1_490' title='bbox 1588 3722 1680 3766; x_wconf 84' lang='grc' dir='ltr'>τοῦ</span> <span class='ocrx_word' id='word_1_491' title='bbox 1724 3719 1895 3785; x_wconf 85' lang='grc' dir='ltr'>σώμα-</span> 
     </span>
    </p>
   </div>
   <div class='ocr_carea' id='block_1_69' title="bbox 284 3798 1895 3874">
    <p class='ocr_par' dir='ltr' id='par_1_69' title="bbox 284 3798 1895 3874">
     <span class='ocr_line' id='line_1_69' title="bbox 284 3798 1895 3874; baseline 0.001 -20"><span class='ocrx_word' id='word_1_492' title='bbox 284 3820 393 3868; x_wconf 84' lang='grc' dir='ltr'>τος,</span> <span class='ocrx_word' id='word_1_493' title='bbox 443 3806 842 3874; x_wconf 84' lang='grc' dir='ltr'>παρερχομένην</span> <span class='ocrx_word' id='word_1_494' title='bbox 895 3798 990 3854; x_wconf 80' lang='grc' dir='ltr'><strong>διὰ</strong></span> <span class='ocrx_word' id='word_1_495' title='bbox 1042 3809 1143 3853; x_wconf 88' lang='grc' dir='ltr'><strong>τῶν</strong></span> <span class='ocrx_word' id='word_1_496' title='bbox 1196 3802 1327 3853; x_wconf 78' lang='grc' dir='ltr'>ὑλῶν</span> <span class='ocrx_word' id='word_1_497' title='bbox 1379 3807 1469 3854; x_wconf 84' lang='grc' dir='ltr'>καὶ</span> <span class='ocrx_word' id='word_1_498' title='bbox 1525 3801 1757 3855; x_wconf 80' lang='grc' dir='ltr'>ἀκανθῶν</span> <span class='ocrx_word' id='word_1_499' title='bbox 1804 3811 1895 3856; x_wconf 85' lang='grc' dir='ltr'>τοῦ</span> 
     </span>
    </p>
   </div>
   <div class='ocr_carea' id='block_1_70' title="bbox 288 3888 1895 3966">
    <p class='ocr_par' dir='ltr' id='par_1_70' title="bbox 288 3888 1895 3966">
     <span class='ocr_line' id='line_1_70' title="bbox 288 3888 1895 3966; baseline 0.002 -25"><span class='ocrx_word' id='word_1_500' title='bbox 288 3889 432 3961; x_wconf 87' lang='grc' dir='ltr'>βίου,</span> <span class='ocrx_word' id='word_1_501' title='bbox 473 3894 562 3941; x_wconf 84' lang='grc' dir='ltr'>καὶ</span> <span class='ocrx_word' id='word_1_502' title='bbox 609 3888 894 3965; x_wconf 80' lang='grc' dir='ltr'>βορϐόρου,</span> <span class='ocrx_word' id='word_1_503' title='bbox 945 3895 1035 3943; x_wconf 84' lang='grc' dir='ltr'>καὶ</span> <span class='ocrx_word' id='word_1_504' title='bbox 1079 3894 1263 3963; x_wconf 88' lang='grc' dir='ltr'>πυρὸς,</span> <span class='ocrx_word' id='word_1_505' title='bbox 1317 3895 1406 3943; x_wconf 81' lang='grc' dir='ltr'>καὶ</span> <span class='ocrx_word' id='word_1_506' title='bbox 1450 3900 1712 3966; x_wconf 82' lang='grc' dir='ltr'>κρημνῶν,</span> <span class='ocrx_word' id='word_1_507' title='bbox 1755 3899 1895 3945; x_wconf 80' lang='grc' dir='ltr'>τοῦτ’</span> 
     </span>
    </p>
   </div>
   <div class='ocr_carea' id='block_1_71' title="bbox 287 3976 1896 4050">
    <p class='ocr_par' dir='ltr' id='par_1_71' title="bbox 287 3976 1896 4050">
     <span class='ocr_line' id='line_1_71' title="bbox 287 3976 1896 4050; baseline 0.001 -19"><span class='ocrx_word' id='word_1_508' title='bbox 287 3981 429 4031; x_wconf 78' lang='grc' dir='ltr'>ἔστιν</span> <span class='ocrx_word' id='word_1_509' title='bbox 482 3978 790 4050; x_wconf 74' lang='grc' dir='ltr'>ἐπιθυμιῶν,</span> <span class='ocrx_word' id='word_1_510' title='bbox 843 3984 932 4032; x_wconf 82' lang='grc' dir='ltr'><strong>καὶ</strong></span> <span class='ocrx_word' id='word_1_511' title='bbox 977 3976 1200 4045; x_wconf 78' lang='grc' dir='ltr'>ἡδονῶν,</span> <span class='ocrx_word' id='word_1_512' title='bbox 1257 3985 1346 4031; x_wconf 90' lang='lat' dir='ltr'><strong>xui</strong></span> <span class='ocrx_word' id='word_1_513' title='bbox 1395 3988 1493 4031; x_wconf 90' lang='grc' dir='ltr'><strong>τῶν</strong></span> <span class='ocrx_word' id='word_1_514' title='bbox 1542 3981 1734 4033; x_wconf 85' lang='grc' dir='ltr'>λοιπῶν</span> <span class='ocrx_word' id='word_1_515' title='bbox 1781 3980 1896 4034; x_wconf 82' lang='grc' dir='ltr'>ἀτό-</span> 
     </span>
    </p>
   </div>
   <div class='ocr_carea' id='block_1_72' title="bbox 286 4067 1896 4141">
    <p class='ocr_par' dir='ltr' id='par_1_72' title="bbox 286 4067 1896 4141">
     <span class='ocr_line' id='line_1_72' title="bbox 286 4067 1896 4141; baseline 0.002 -23"><span class='ocrx_word' id='word_1_516' title='bbox 286 4087 396 4119; x_wconf 88' lang='grc' dir='ltr'><strong>πων</strong></span> <span class='ocrx_word' id='word_1_517' title='bbox 442 4074 535 4119; x_wconf 80' lang='grc' dir='ltr'>τοῦ</span> <span class='ocrx_word' id='word_1_518' title='bbox 590 4067 771 4129; x_wconf 86' lang='grc' dir='ltr'>αἰῶνος</span> <span class='ocrx_word' id='word_1_519' title='bbox 819 4071 1028 4134; x_wconf 89' lang='grc' dir='ltr'>τούτου,</span> <span class='ocrx_word' id='word_1_520' title='bbox 1097 4070 1347 4121; x_wconf 90' lang='grc' dir='ltr'>πάντοθεν</span> <span class='ocrx_word' id='word_1_521' title='bbox 1396 4068 1583 4140; x_wconf 81' lang='grc' dir='ltr'>ὀφείλει</span> <span class='ocrx_word' id='word_1_522' title='bbox 1630 4072 1762 4141; x_wconf 82' lang='grc' dir='ltr'>μετὰ</span> <span class='ocrx_word' id='word_1_523' title='bbox 1812 4074 1896 4128; x_wconf 78' lang='grc' dir='ltr'><strong>νή-</strong></span> 
     </span>
    </p>
   </div>
   <div class='ocr_carea' id='block_1_73' title="bbox 286 4152 1900 4231">
    <p class='ocr_par' dir='ltr' id='par_1_73' title="bbox 286 4152 1900 4231">
     <span class='ocr_line' id='line_1_73' title="bbox 286 4152 1900 4231; baseline 0.002 -24"><span class='ocrx_word' id='word_1_524' title='bbox 286 4155 446 4226; x_wconf 87' lang='grc' dir='ltr'>ψεως,</span> <span class='ocrx_word' id='word_1_525' title='bbox 502 4161 593 4208; x_wconf 80' lang='grc' dir='ltr'>καὶ</span> <span class='ocrx_word' id='word_1_526' title='bbox 668 4152 907 4229; x_wconf 87' lang='grc' dir='ltr'>ἀνδρίας,</span> <span class='ocrx_word' id='word_1_527' title='bbox 976 4162 1066 4210; x_wconf 85' lang='grc' dir='ltr'>καὶ</span> <span class='ocrx_word' id='word_1_528' title='bbox 1143 4153 1400 4221; x_wconf 84' lang='grc' dir='ltr'>σπουδῆς,</span> <span class='ocrx_word' id='word_1_529' title='bbox 1463 4161 1549 4209; x_wconf 85' lang='grc' dir='ltr'>καὶ</span> <span class='ocrx_word' id='word_1_530' title='bbox 1622 4166 1900 4231; x_wconf 86' lang='grc' dir='ltr'>προσοχῆς</span> 
     </span>
    </p>
   </div>
   <div class='ocr_carea' id='block_1_74' title="bbox 293 4245 1902 4319">
    <p class='ocr_par' dir='ltr' id='par_1_74' title="bbox 293 4245 1902 4319">
     <span class='ocr_line' id='line_1_74' title="bbox 293 4245 1902 4319; baseline 0.002 -22"><span class='ocrx_word' id='word_1_531' title='bbox 293 4249 606 4317; x_wconf 83' lang='grc' dir='ltr'>συσφίγγειν</span> <span class='ocrx_word' id='word_1_532' title='bbox 659 4251 749 4298; x_wconf 91' lang='lat' dir='ltr'><strong>xui</strong></span> <span class='ocrx_word' id='word_1_533' title='bbox 808 4246 1090 4318; x_wconf 85' lang='grc' dir='ltr'>φυλάσσειν</span> <span class='ocrx_word' id='word_1_534' title='bbox 1139 4245 1348 4312; x_wconf 80' lang='grc' dir='ltr'>ἑαυτὴν,</span> <span class='ocrx_word' id='word_1_535' title='bbox 1402 4249 1492 4299; x_wconf 90' lang='lat' dir='ltr'><strong>xui</strong></span> <span class='ocrx_word' id='word_1_536' title='bbox 1550 4248 1636 4298; x_wconf 87' lang='grc' dir='ltr'>τὸν</span> <span class='ocrx_word' id='word_1_537' title='bbox 1696 4255 1902 4319; x_wconf 89' lang='grc' dir='ltr'>χιτῶνα</span> 
     </span>
    </p>
   </div>
   <div class='ocr_carea' id='block_1_75' title="bbox 286 4334 1899 4409">
    <p class='ocr_par' dir='ltr' id='par_1_75' title="bbox 286 4334 1899 4409">
     <span class='ocr_line' id='line_1_75' title="bbox 286 4334 1899 4409; baseline 0.002 -24"><span class='ocrx_word' id='word_1_538' title='bbox 286 4341 381 4385; x_wconf 85' lang='grc' dir='ltr'>τοῦ</span> <span class='ocrx_word' id='word_1_539' title='bbox 405 4340 669 4406; x_wconf 85' lang='grc' dir='ltr'>σώματος,</span> <span class='ocrx_word' id='word_1_540' title='bbox 709 4338 781 4405; x_wconf 80' lang='grc' dir='ltr'>μὴ</span> <span class='ocrx_word' id='word_1_541' title='bbox 824 4353 923 4387; x_wconf 89' lang='grc' dir='ltr'><strong>που</strong></span> <span class='ocrx_word' id='word_1_542' title='bbox 961 4336 1290 4409; x_wconf 79' lang='grc' dir='ltr'>περισχισθῇ</span> <span class='ocrx_word' id='word_1_543' title='bbox 1335 4334 1386 4386; x_wconf 79' lang='grc' dir='ltr'>ἐν</span> <span class='ocrx_word' id='word_1_544' title='bbox 1425 4342 1535 4397; x_wconf 87' lang='grc' dir='ltr'>ταῖς</span> <span class='ocrx_word' id='word_1_545' title='bbox 1573 4343 1665 4388; x_wconf 85' lang='grc' dir='ltr'>τοῦ</span> <span class='ocrx_word' id='word_1_546' title='bbox 1696 4340 1899 4408; x_wconf 87' lang='grc' dir='ltr'>κόσμου</span> 
     </span>
    </p>
   </div>
   <div class='ocr_carea' id='block_1_76' title="bbox 1998 3139 3660 3212">
    <p class='ocr_par' dir='ltr' id='par_1_76' title="bbox 1998 3139 3660 3212">
     <span class='ocr_line' id='line_1_76' title="bbox 1998 3139 3660 3212; baseline 0.001 -14"><span class='ocrx_word' id='word_1_547' title='bbox 1998 3144 2173 3199; x_wconf 90' lang='lat' dir='ltr'><strong>criter</strong></span> <span class='ocrx_word' id='word_1_548' title='bbox 2211 3139 2381 3197; x_wconf 91' lang='lat' dir='ltr'><strong>oculo</strong></span> <span class='ocrx_word' id='word_1_549' title='bbox 2429 3139 2717 3209; x_wconf 89' lang='lat' dir='ltr'><strong>attendat,</strong></span> <span class='ocrx_word' id='word_1_550' title='bbox 2760 3143 2862 3196; x_wconf 90' lang='lat' dir='ltr'><strong>aut</strong></span> <span class='ocrx_word' id='word_1_551' title='bbox 2889 3139 3110 3195; x_wconf 90' lang='lat' dir='ltr'><strong>incidet</strong></span> <span class='ocrx_word' id='word_1_552' title='bbox 3148 3141 3209 3196; x_wconf 90' lang='lat' dir='ltr'><strong>in</strong></span> <span class='ocrx_word' id='word_1_553' title='bbox 3250 3140 3509 3212; x_wconf 85' lang='lat' dir='ltr'><strong>foveam,</strong></span> <span class='ocrx_word' id='word_1_554' title='bbox 3553 3144 3660 3200; x_wconf 86' lang='lat' dir='ltr'><strong>aut</strong></span> 
     </span>
    </p>
   </div>
   <div class='ocr_carea' id='block_1_77' title="bbox 2002 3230 2595 3304">
    <p class='ocr_par' dir='ltr' id='par_1_77' title="bbox 2002 3230 2595 3304">
     <span class='ocr_line' id='line_1_77' title="bbox 2002 3230 2595 3304; baseline -0.007 -17"><span class='ocrx_word' id='word_1_555' title='bbox 2002 3231 2175 3304; x_wconf 89' lang='lat' dir='ltr'><strong>aquis</strong></span> <span class='ocrx_word' id='word_1_556' title='bbox 2198 3230 2595 3300; x_wconf 90' lang='lat' dir='ltr'><strong>demergetur.</strong></span> 
     </span>
    </p>
   </div>
   <div class='ocr_carea' id='block_1_78' title="bbox 1464 3316 3661 3394">
    <p class='ocr_par' dir='ltr' id='par_1_78' title="bbox 1464 3316 3661 3394">
     <span class='ocr_line' id='line_1_78' title="bbox 1464 3316 3661 3394; baseline 0.001 -23"><span class='ocrx_word' id='word_1_557' title='bbox 1464 3320 1507 3371; x_wconf 84' lang='grc' dir='ltr'>εἰ</span> <span class='ocrx_word' id='word_1_558' title='bbox 1582 3316 1641 3372; x_wconf 75' lang='grc' dir='ltr'><strong>δε</strong></span> <span class='ocrx_word' id='word_1_559' title='bbox 1714 3325 1785 3392; x_wconf 84' lang='grc' dir='ltr'>μὴ</span> <span class='ocrx_word' id='word_1_560' title='bbox 1862 3319 2027 3382; x_wconf 87' lang='grc' dir='ltr'>καλῶς</span> <span class='ocrx_word' id='word_1_561' title='bbox 2101 3325 2190 3374; x_wconf 83' lang='grc' dir='ltr'>καὶ</span> <span class='ocrx_word' id='word_1_562' title='bbox 2265 3319 2445 3380; x_wconf 78' lang='grc' dir='ltr'>εὐθέως</span> <span class='ocrx_word' id='word_1_563' title='bbox 2518 3326 2588 3389; x_wconf 84' lang='grc' dir='ltr'>τῷ</span> <span class='ocrx_word' id='word_1_564' title='bbox 2662 3316 2908 3391; x_wconf 84' lang='grc' dir='ltr'>ὀφθαλμῷ</span> <span class='ocrx_word' id='word_1_565' title='bbox 2984 3322 3258 3394; x_wconf 80' lang='grc' dir='ltr'>προσέχει,</span> <span class='ocrx_word' id='word_1_566' title='bbox 3336 3323 3426 3373; x_wconf 80' lang='grc' dir='ltr'><strong>καὶ</strong></span> <span class='ocrx_word' id='word_1_567' title='bbox 3502 3318 3661 3383; x_wconf 76' lang='grc' dir='ltr'>αὐτὸς</span> 
     </span>
    </p>
   </div>
   <div class='ocr_carea' id='block_1_79' title="bbox 287 3403 1982 3481">
    <p class='ocr_par' dir='ltr' id='par_1_79' title="bbox 287 3403 1982 3481">
     <span class='ocr_line' id='line_1_79' title="bbox 287 3403 1982 3481; baseline 0.004 -23"><span class='ocrx_word' id='word_1_568' title='bbox 287 3407 362 3469; x_wconf 87' lang='grc' dir='ltr'><strong>εἰς</strong></span> <span class='ocrx_word' id='word_1_569' title='bbox 392 3409 641 3481; x_wconf 84' lang='grc' dir='ltr'>φάραγγα</span> <span class='ocrx_word' id='word_1_570' title='bbox 662 3413 918 3473; x_wconf 87' lang='grc' dir='ltr'>πεσεῖται,</span> <span class='ocrx_word' id='word_1_571' title='bbox 950 3409 977 3468; x_wconf 78' lang='grc' dir='ltr'>ἢ</span> <span class='ocrx_word' id='word_1_572' title='bbox 1012 3407 1059 3460; x_wconf 72' lang='grc' dir='ltr'>ἓν</span> <span class='ocrx_word' id='word_1_573' title='bbox 1090 3415 1199 3469; x_wconf 87' lang='grc' dir='ltr'>τοῖς</span> <span class='ocrx_word' id='word_1_574' title='bbox 1228 3403 1982 3468; x_wconf 77' lang='grc' dir='ltr'>ὕδασικαταποντισθὴσεται.</span> 
     </span>
    </p>
   </div>
   <div class='ocr_carea' id='block_1_80' title="bbox 2075 3532 3664 3606">
    <p class='ocr_par' dir='ltr' id='par_1_80' title="bbox 2075 3532 3664 3606">
     <span class='ocr_line' id='line_1_80' title="bbox 2075 3532 3664 3606; baseline 0.003 -17"><span class='ocrx_word' id='word_1_575' title='bbox 2075 3535 2170 3589; x_wconf 88' lang='lat' dir='ltr'><strong>Ill.</strong></span> <span class='ocrx_word' id='word_1_576' title='bbox 2210 3533 2432 3589; x_wconf 90' lang='lat' dir='ltr'><strong>Eodem</strong></span> <span class='ocrx_word' id='word_1_577' title='bbox 2464 3532 2645 3589; x_wconf 94' lang='lat' dir='ltr'><strong>modo</strong></span> <span class='ocrx_word' id='word_1_578' title='bbox 2678 3539 2732 3589; x_wconf 92' lang='lat' dir='ltr'><strong>et</strong></span> <span class='ocrx_word' id='word_1_579' title='bbox 2779 3533 3003 3598; x_wconf 89' lang='lat' dir='ltr'><strong>anima,</strong></span> <span class='ocrx_word' id='word_1_580' title='bbox 3058 3549 3193 3606; x_wconf 69' lang='lat' dir='ltr'><strong>quae</strong></span> <span class='ocrx_word' id='word_1_581' title='bbox 3226 3534 3492 3591; x_wconf 91' lang='lat' dir='ltr'><strong>tunicam</strong></span> <span class='ocrx_word' id='word_1_582' title='bbox 3536 3551 3664 3593; x_wconf 88' lang='lat' dir='ltr'><strong>cor-</strong></span> 
     </span>
    </p>
   </div>
   <div class='ocr_carea' id='block_1_81' title="bbox 2006 3622 3663 3696">
    <p class='ocr_par' dir='ltr' id='par_1_81' title="bbox 2006 3622 3663 3696">
     <span class='ocr_line' id='line_1_81' title="bbox 2006 3622 3663 3696; baseline 0.001 -17"><span class='ocrx_word' id='word_1_583' title='bbox 2006 3623 2168 3695; x_wconf 87' lang='lat' dir='ltr'><strong>poris</strong></span> <span class='ocrx_word' id='word_1_584' title='bbox 2214 3628 2424 3693; x_wconf 87' lang='lat' dir='ltr'><strong>gestat,</strong></span> <span class='ocrx_word' id='word_1_585' title='bbox 2486 3623 2663 3678; x_wconf 89' lang='lat' dir='ltr'><strong>veluti</strong></span> <span class='ocrx_word' id='word_1_586' title='bbox 2710 3622 3066 3694; x_wconf 58' lang='lat' dir='ltr'><strong>praeclaram</strong></span> <span class='ocrx_word' id='word_1_587' title='bbox 3124 3631 3368 3688; x_wconf 87' lang='lat' dir='ltr'><strong>vestem,</strong></span> <span class='ocrx_word' id='word_1_588' title='bbox 3431 3624 3663 3696; x_wconf 89' lang='lat' dir='ltr'><strong>pollens</strong></span> 
     </span>
    </p>
   </div>
   <div class='ocr_carea' id='block_1_82' title="bbox 2006 3711 3663 3784">
    <p class='ocr_par' dir='ltr' id='par_1_82' title="bbox 2006 3711 3663 3784">
     <span class='ocr_line' id='line_1_82' title="bbox 2006 3711 3663 3784; baseline 0.001 -17"><span class='ocrx_word' id='word_1_589' title='bbox 2006 3712 2283 3767; x_wconf 84' lang='lat' dir='ltr'><strong>facultate</strong></span> <span class='ocrx_word' id='word_1_590' title='bbox 2314 3712 2723 3778; x_wconf 89' lang='lat' dir='ltr'><strong>discernendi,</strong></span> <span class='ocrx_word' id='word_1_591' title='bbox 2752 3727 2888 3784; x_wconf 76' lang='lat' dir='ltr'><strong>quae</strong></span> <span class='ocrx_word' id='word_1_592' title='bbox 2926 3711 3128 3783; x_wconf 90' lang='lat' dir='ltr'><strong>dirigit</strong></span> <span class='ocrx_word' id='word_1_593' title='bbox 3159 3718 3344 3769; x_wconf 92' lang='lat' dir='ltr'><strong>totam</strong></span> <span class='ocrx_word' id='word_1_594' title='bbox 3375 3729 3513 3769; x_wconf 91' lang='lat' dir='ltr'><strong>cum</strong></span> <span class='ocrx_word' id='word_1_595' title='bbox 3537 3730 3663 3770; x_wconf 85' lang='lat' dir='ltr'><strong>cor-</strong></span> 
     </span>
    </p>
   </div>
   <div class='ocr_carea' id='block_1_83' title="bbox 2010 3802 3666 3873">
    <p class='ocr_par' dir='ltr' id='par_1_83' title="bbox 2010 3802 3666 3873">
     <span class='ocr_line' id='line_1_83' title="bbox 2010 3802 3666 3873; baseline 0.002 -18"><span class='ocrx_word' id='word_1_596' title='bbox 2010 3816 2151 3872; x_wconf 88' lang='lat' dir='ltr'><strong>pore</strong></span> <span class='ocrx_word' id='word_1_597' title='bbox 2174 3802 2462 3867; x_wconf 91' lang='lat' dir='ltr'><strong>animam,</strong></span> <span class='ocrx_word' id='word_1_598' title='bbox 2488 3805 2891 3857; x_wconf 89' lang='lat' dir='ltr'><strong>transeuntem</strong></span> <span class='ocrx_word' id='word_1_599' title='bbox 2943 3816 3047 3871; x_wconf 92' lang='lat' dir='ltr'><strong>per</strong></span> <span class='ocrx_word' id='word_1_600' title='bbox 3086 3816 3335 3857; x_wconf 90' lang='lat' dir='ltr'><strong>nemora</strong></span> <span class='ocrx_word' id='word_1_601' title='bbox 3366 3807 3422 3858; x_wconf 89' lang='lat' dir='ltr'><strong>et</strong></span> <span class='ocrx_word' id='word_1_602' title='bbox 3454 3803 3666 3873; x_wconf 89' lang='lat' dir='ltr'><strong>spinas</strong></span> 
     </span>
    </p>
   </div>
   <div class='ocr_carea' id='block_1_84' title="bbox 2010 3890 3667 3961">
    <p class='ocr_par' dir='ltr' id='par_1_84' title="bbox 2010 3890 3667 3961">
     <span class='ocr_line' id='line_1_84' title="bbox 2010 3890 3667 3961; baseline 0.002 -17"><span class='ocrx_word' id='word_1_603' title='bbox 2010 3890 2163 3955; x_wconf 68' lang='lat' dir='ltr'><strong>vitae,</strong></span> <span class='ocrx_word' id='word_1_604' title='bbox 2191 3893 2247 3944; x_wconf 89' lang='lat' dir='ltr'><strong>et</strong></span> <span class='ocrx_word' id='word_1_605' title='bbox 2283 3906 2387 3961; x_wconf 87' lang='lat' dir='ltr'><strong>per</strong></span> <span class='ocrx_word' id='word_1_606' title='bbox 2426 3905 2689 3955; x_wconf 70' lang='lat' dir='ltr'><strong>caanum,</strong></span> <span class='ocrx_word' id='word_1_607' title='bbox 2724 3894 2778 3945; x_wconf 90' lang='lat' dir='ltr'><strong>et</strong></span> <span class='ocrx_word' id='word_1_608' title='bbox 2825 3890 3048 3958; x_wconf 85' lang='lat' dir='ltr'><strong>ignem,</strong></span> <span class='ocrx_word' id='word_1_609' title='bbox 3082 3894 3137 3944; x_wconf 90' lang='lat' dir='ltr'><strong>et</strong></span> <span class='ocrx_word' id='word_1_610' title='bbox 3173 3890 3522 3960; x_wconf 65' lang='lat' dir='ltr'><strong>praecipitia,</strong></span> <span class='ocrx_word' id='word_1_611' title='bbox 3551 3892 3667 3948; x_wconf 90' lang='lat' dir='ltr'><strong>hoc</strong></span> 
     </span>
    </p>
   </div>
   <div class='ocr_carea' id='block_1_85' title="bbox 2008 3977 3667 4049">
    <p class='ocr_par' dir='ltr' id='par_1_85' title="bbox 2008 3977 3667 4049">
     <span class='ocr_line' id='line_1_85' title="bbox 2008 3977 3667 4049; baseline 0.001 -16"><span class='ocrx_word' id='word_1_612' title='bbox 2008 3982 2118 4041; x_wconf 90' lang='lat' dir='ltr'><strong>est,</strong></span> <span class='ocrx_word' id='word_1_613' title='bbox 2178 3978 2528 4049; x_wconf 89' lang='lat' dir='ltr'><strong>cupiditates</strong></span> <span class='ocrx_word' id='word_1_614' title='bbox 2577 3982 2636 4032; x_wconf 90' lang='lat' dir='ltr'><strong>et</strong></span> <span class='ocrx_word' id='word_1_615' title='bbox 2686 3977 3043 4047; x_wconf 84' lang='lat' dir='ltr'><strong>voluptates,</strong></span> <span class='ocrx_word' id='word_1_616' title='bbox 3081 3982 3137 4032; x_wconf 91' lang='lat' dir='ltr'><strong>et</strong></span> <span class='ocrx_word' id='word_1_617' title='bbox 3176 3977 3435 4049; x_wconf 86' lang='lat' dir='ltr'><strong>reliquas</strong></span> <span class='ocrx_word' id='word_1_618' title='bbox 3482 3978 3667 4049; x_wconf 89' lang='lat' dir='ltr'><strong>hujus</strong></span> 
     </span>
    </p>
   </div>
   <div class='ocr_carea' id='block_1_86' title="bbox 2008 4065 3664 4136">
    <p class='ocr_par' dir='ltr' id='par_1_86' title="bbox 2008 4065 3664 4136">
     <span class='ocr_line' id='line_1_86' title="bbox 2008 4065 3664 4136; baseline 0.001 -15"><span class='ocrx_word' id='word_1_619' title='bbox 2008 4066 2208 4121; x_wconf 67' lang='lat' dir='ltr'><strong>saeculi</strong></span> <span class='ocrx_word' id='word_1_620' title='bbox 2231 4066 2654 4131; x_wconf 89' lang='lat' dir='ltr'><strong>absurditates,</strong></span> <span class='ocrx_word' id='word_1_621' title='bbox 2690 4066 2911 4136; x_wconf 89' lang='lat' dir='ltr'><strong>ubique</strong></span> <span class='ocrx_word' id='word_1_622' title='bbox 2945 4065 3123 4121; x_wconf 85' lang='lat' dir='ltr'><strong>debet</strong></span> <span class='ocrx_word' id='word_1_623' title='bbox 3149 4066 3369 4131; x_wconf 90' lang='lat' dir='ltr'><strong>sobrie,</strong></span> <span class='ocrx_word' id='word_1_624' title='bbox 3410 4066 3664 4133; x_wconf 87' lang='lat' dir='ltr'><strong>fortiter,</strong></span> 
     </span>
    </p>
   </div>
   <div class='ocr_carea' id='block_1_87' title="bbox 2008 4154 3668 4223">
    <p class='ocr_par' dir='ltr' id='par_1_87' title="bbox 2008 4154 3668 4223">
     <span class='ocr_line' id='line_1_87' title="bbox 2008 4154 3668 4223; baseline 0.001 -14"><span class='ocrx_word' id='word_1_625' title='bbox 2008 4154 2319 4223; x_wconf 88' lang='lat' dir='ltr'><strong>diligenter</strong></span> <span class='ocrx_word' id='word_1_626' title='bbox 2365 4159 2421 4209; x_wconf 88' lang='lat' dir='ltr'><strong>et</strong></span> <span class='ocrx_word' id='word_1_627' title='bbox 2475 4158 2695 4209; x_wconf 90' lang='lat' dir='ltr'><strong>attente</strong></span> <span class='ocrx_word' id='word_1_628' title='bbox 2753 4154 3057 4209; x_wconf 89' lang='lat' dir='ltr'><strong>continere</strong></span> <span class='ocrx_word' id='word_1_629' title='bbox 3117 4158 3174 4209; x_wconf 90' lang='lat' dir='ltr'><strong>et</strong></span> <span class='ocrx_word' id='word_1_630' title='bbox 3226 4154 3550 4210; x_wconf 86' lang='lat' dir='ltr'><strong>observare</strong></span> <span class='ocrx_word' id='word_1_631' title='bbox 3604 4171 3668 4212; x_wconf 88' lang='lat' dir='ltr'><strong>se</strong></span> 
     </span>
    </p>
   </div>
   <div class='ocr_carea' id='block_1_88' title="bbox 2010 4241 3668 4315">
    <p class='ocr_par' dir='ltr' id='par_1_88' title="bbox 2010 4241 3668 4315">
     <span class='ocr_line' id='line_1_88' title="bbox 2010 4241 3668 4315; baseline 0.002 -18"><span class='ocrx_word' id='word_1_632' title='bbox 2010 4245 2223 4315; x_wconf 89' lang='lat' dir='ltr'><strong>ipsam,</strong></span> <span class='ocrx_word' id='word_1_633' title='bbox 2263 4249 2318 4300; x_wconf 92' lang='lat' dir='ltr'><strong>et</strong></span> <span class='ocrx_word' id='word_1_634' title='bbox 2349 4244 2614 4299; x_wconf 88' lang='lat' dir='ltr'><strong>tunicam</strong></span> <span class='ocrx_word' id='word_1_635' title='bbox 2651 4243 2941 4314; x_wconf 90' lang='lat' dir='ltr'><strong>corporis,</strong></span> <span class='ocrx_word' id='word_1_636' title='bbox 2988 4258 3063 4298; x_wconf 93' lang='lat' dir='ltr'><strong>ne</strong></span> <span class='ocrx_word' id='word_1_637' title='bbox 3108 4241 3464 4299; x_wconf 90' lang='lat' dir='ltr'><strong>dilaceretur</strong></span> <span class='ocrx_word' id='word_1_638' title='bbox 3516 4243 3668 4300; x_wconf 90' lang='lat' dir='ltr'><strong>inter</strong></span> 
     </span>
    </p>
   </div>
   <div class='ocr_carea' id='block_1_89' title="bbox 2011 4330 3659 4403">
    <p class='ocr_par' dir='ltr' id='par_1_89' title="bbox 2011 4330 3659 4403">
     <span class='ocr_line' id='line_1_89' title="bbox 2011 4330 3659 4403; baseline 0 -15"><span class='ocrx_word' id='word_1_639' title='bbox 2011 4333 2249 4388; x_wconf 86' lang='lat' dir='ltr'><strong>frutices</strong></span> <span class='ocrx_word' id='word_1_640' title='bbox 2282 4339 2338 4387; x_wconf 91' lang='lat' dir='ltr'><strong>et</strong></span> <span class='ocrx_word' id='word_1_641' title='bbox 2365 4331 2574 4403; x_wconf 88' lang='lat' dir='ltr'><strong>spinas</strong></span> <span class='ocrx_word' id='word_1_642' title='bbox 2604 4332 2785 4402; x_wconf 87' lang='lat' dir='ltr'><strong>hujus</strong></span> <span class='ocrx_word' id='word_1_643' title='bbox 2829 4330 3062 4400; x_wconf 91' lang='lat' dir='ltr'><strong>mundi,</strong></span> <span class='ocrx_word' id='word_1_644' title='bbox 3094 4336 3151 4386; x_wconf 93' lang='lat' dir='ltr'><strong>ut</strong></span> <span class='ocrx_word' id='word_1_645' title='bbox 3198 4335 3336 4387; x_wconf 83' lang='lat' dir='ltr'><strong>sunt</strong></span> <span class='ocrx_word' id='word_1_646' title='bbox 3379 4331 3659 4388; x_wconf 89' lang='lat' dir='ltr'><strong>sollicitu-</strong></span> 
     </span>
    </p>
   </div>
   <div class='ocr_carea' id='block_1_90' title="bbox 290 4413 1889 4497">
    <p class='ocr_par' dir='ltr' id='par_1_90' title="bbox 290 4422 1889 4497">
     <span class='ocr_line' id='line_1_90' title="bbox 290 4422 1889 4497; baseline 0.003 -23"><span class='ocrx_word' id='word_1_647' title='bbox 290 4422 440 4485; x_wconf 81' lang='grc' dir='ltr'>ὕλαις</span> <span class='ocrx_word' id='word_1_648' title='bbox 503 4428 593 4475; x_wconf 84' lang='grc' dir='ltr'>καὶ</span> <span class='ocrx_word' id='word_1_649' title='bbox 650 4422 916 4490; x_wconf 85' lang='grc' dir='ltr'>ἀκάνθαις,</span> <span class='ocrx_word' id='word_1_650' title='bbox 977 4432 1255 4497; x_wconf 85' lang='grc' dir='ltr'>μεριμνῶν,</span> <span class='ocrx_word' id='word_1_651' title='bbox 1313 4429 1403 4477; x_wconf 83' lang='grc' dir='ltr'>καὶ</span> <span class='ocrx_word' id='word_1_652' title='bbox 1462 4424 1751 4497; x_wconf 86' lang='grc' dir='ltr'>ἀσχολιῶν,</span> <span class='ocrx_word' id='word_1_653' title='bbox 1810 4431 1889 4478; x_wconf 78' lang='lat' dir='ltr'><strong>xui</strong></span> 
     </span>
    </p>
   </div>
   <div class='ocr_carea' id='block_1_91' title="bbox 2004 4413 3666 4497">
    <p class='ocr_par' dir='ltr' id='par_1_91' title="bbox 2011 4420 3666 4492">
     <span class='ocr_line' id='line_1_91' title="bbox 2011 4420 3666 4492; baseline 0.001 -16"><span class='ocrx_word' id='word_1_654' title='bbox 2011 4422 2200 4488; x_wconf 88' lang='lat' dir='ltr'><strong>dines,</strong></span> <span class='ocrx_word' id='word_1_655' title='bbox 2230 4422 2472 4492; x_wconf 87' lang='lat' dir='ltr'><strong>negotia</strong></span> <span class='ocrx_word' id='word_1_656' title='bbox 2492 4426 2547 4477; x_wconf 87' lang='lat' dir='ltr'><strong>et</strong></span> <span class='ocrx_word' id='word_1_657' title='bbox 2574 4436 2731 4477; x_wconf 63' lang='lat' dir='ltr'><strong>curae</strong></span> <span class='ocrx_word' id='word_1_658' title='bbox 2760 4426 3063 4477; x_wconf 87' lang='lat' dir='ltr'><strong>terrestres</strong></span> <span class='ocrx_word' id='word_1_659' title='bbox 3098 4438 3111 4489; x_wconf 93' lang='lat'><strong>;</strong></span> <span class='ocrx_word' id='word_1_660' title='bbox 3140 4427 3241 4476; x_wconf 88' lang='lat' dir='ltr'><strong>aut</strong></span> <span class='ocrx_word' id='word_1_661' title='bbox 3263 4420 3341 4476; x_wconf 92' lang='lat' dir='ltr'><strong>ab</strong></span> <span class='ocrx_word' id='word_1_662' title='bbox 3359 4421 3491 4492; x_wconf 89' lang='lat' dir='ltr'><strong>igne</strong></span> <span class='ocrx_word' id='word_1_663' title='bbox 3530 4437 3666 4478; x_wconf 91' lang='lat' dir='ltr'><strong>con-</strong></span> 
     </span>
    </p>
   </div>
   <div class='ocr_carea' id='block_1_92' title="bbox 290 4514 1901 4585">
    <p class='ocr_par' dir='ltr' id='par_1_92' title="bbox 290 4514 1901 4585">
     <span class='ocr_line' id='line_1_92' title="bbox 290 4514 1901 4585; baseline 0.002 -22"><span class='ocrx_word' id='word_1_664' title='bbox 290 4520 672 4584; x_wconf 88' lang='grc' dir='ltr'>περισπασμῶν</span> <span class='ocrx_word' id='word_1_665' title='bbox 715 4516 906 4583; x_wconf 80' lang='grc' dir='ltr'>γηῖνων</span> <span class='ocrx_word' id='word_1_666' title='bbox 939 4527 953 4542; x_wconf 86' lang='grc'>⁶</span> <span class='ocrx_word' id='word_1_667' title='bbox 1006 4517 1095 4565; x_wconf 83' lang='grc' dir='ltr'><strong>καὶ</strong></span> <span class='ocrx_word' id='word_1_668' title='bbox 1148 4514 1248 4565; x_wconf 85' lang='grc' dir='ltr'><strong>ὑπὸ</strong></span> <span class='ocrx_word' id='word_1_669' title='bbox 1296 4520 1387 4565; x_wconf 84' lang='grc' dir='ltr'>τοῦ</span> <span class='ocrx_word' id='word_1_670' title='bbox 1430 4516 1590 4585; x_wconf 88' lang='grc' dir='ltr'>πυρὸς</span> <span class='ocrx_word' id='word_1_671' title='bbox 1642 4523 1737 4576; x_wconf 84' lang='grc' dir='ltr'>τῆς</span> <span class='ocrx_word' id='word_1_672' title='bbox 1792 4517 1901 4566; x_wconf 78' lang='grc' dir='ltr'>ἐπι-</span> 
     </span>
    </p>
   </div>
   <div class='ocr_carea' id='block_1_93' title="bbox 294 4599 1899 4675">
    <p class='ocr_par' dir='ltr' id='par_1_93' title="bbox 294 4599 1899 4675">
     <span class='ocr_line' id='line_1_93' title="bbox 294 4599 1899 4675; baseline 0.002 -24"><span class='ocrx_word' id='word_1_673' title='bbox 294 4602 487 4672; x_wconf 87' lang='grc' dir='ltr'>θυμίας</span> <span class='ocrx_word' id='word_1_674' title='bbox 537 4604 843 4673; x_wconf 72' lang='grc' dir='ltr'>κατακαυθῇ</span> <span class='ocrx_word' id='word_1_675' title='bbox 877 4623 889 4635; x_wconf 79' lang='grc'><em>’</em></span> <span class='ocrx_word' id='word_1_676' title='bbox 953 4603 1059 4655; x_wconf 86' lang='grc' dir='ltr'>οἷον</span> <span class='ocrx_word' id='word_1_677' title='bbox 1116 4599 1430 4673; x_wconf 77' lang='grc' dir='ltr'>ἐνδεδυμένη</span> <span class='ocrx_word' id='word_1_678' title='bbox 1481 4607 1568 4654; x_wconf 89' lang='grc' dir='ltr'>τὸν</span> <span class='ocrx_word' id='word_1_679' title='bbox 1639 4601 1899 4675; x_wconf 82' lang='grc' dir='ltr'>ὀφθαλμόν</span> 
     </span>
    </p>
   </div>
   <div class='ocr_carea' id='block_1_94' title="bbox 296 4687 1899 4763">
    <p class='ocr_par' dir='ltr' id='par_1_94' title="bbox 296 4687 1899 4763">
     <span class='ocr_line' id='line_1_94' title="bbox 296 4687 1899 4763; baseline 0.003 -24"><span class='ocrx_word' id='word_1_680' title='bbox 296 4687 622 4761; x_wconf 77' lang='grc' dir='ltr'>ἀποστρέφει,</span> <span class='ocrx_word' id='word_1_681' title='bbox 680 4698 773 4742; x_wconf 83' lang='grc' dir='ltr'>τοῦ</span> <span class='ocrx_word' id='word_1_682' title='bbox 828 4696 901 4762; x_wconf 77' lang='grc' dir='ltr'>μὴ</span> <span class='ocrx_word' id='word_1_683' title='bbox 959 4687 1087 4743; x_wconf 86' lang='grc' dir='ltr'>ἰδεῖν</span> <span class='ocrx_word' id='word_1_684' title='bbox 1145 4692 1387 4763; x_wconf 86' lang='grc' dir='ltr'>πονηρά⁶</span> <span class='ocrx_word' id='word_1_685' title='bbox 1449 4694 1506 4742; x_wconf 87' lang='grc' dir='ltr'><strong>τό</strong></span> <span class='ocrx_word' id='word_1_686' title='bbox 1565 4687 1653 4752; x_wconf 82' lang='grc' dir='ltr'>οὖς</span> <span class='ocrx_word' id='word_1_687' title='bbox 1709 4692 1899 4763; x_wconf 85' lang='grc' dir='ltr'>ὁμοίως</span> 
     </span>
    </p>
   </div>
   <div class='ocr_carea' id='block_1_95' title="bbox 296 4776 1898 4851">
    <p class='ocr_par' dir='ltr' id='par_1_95' title="bbox 296 4776 1898 4851">
     <span class='ocr_line' id='line_1_95' title="bbox 296 4776 1898 4851; baseline 0.002 -23"><span class='ocrx_word' id='word_1_688' title='bbox 296 4776 624 4851; x_wconf 79' lang='grc' dir='ltr'>ἀποστρέφει,</span> <span class='ocrx_word' id='word_1_689' title='bbox 681 4786 775 4832; x_wconf 86' lang='grc' dir='ltr'>τοῦ</span> <span class='ocrx_word' id='word_1_690' title='bbox 823 4785 894 4851; x_wconf 83' lang='grc' dir='ltr'>μὴ</span> <span class='ocrx_word' id='word_1_691' title='bbox 947 4779 1149 4832; x_wconf 77' lang='grc' dir='ltr'>ἀκούειν</span> <span class='ocrx_word' id='word_1_692' title='bbox 1198 4779 1532 4833; x_wconf 90' lang='grc' dir='ltr'>καταλαλιάν.</span> <span class='ocrx_word' id='word_1_693' title='bbox 1583 4784 1689 4839; x_wconf 79' lang='grc' dir='ltr'><strong>Τὴν</strong></span> <span class='ocrx_word' id='word_1_694' title='bbox 1734 4780 1898 4851; x_wconf 89' lang='grc' dir='ltr'>γλῶσ-</span> 
     </span>
    </p>
   </div>
   <div class='ocr_carea' id='block_1_96' title="bbox 295 4865 1897 4941">
    <p class='ocr_par' dir='ltr' id='par_1_96' title="bbox 295 4865 1897 4941">
     <span class='ocr_line' id='line_1_96' title="bbox 295 4865 1897 4941; baseline 0.002 -22"><span class='ocrx_word' id='word_1_695' title='bbox 295 4885 392 4920; x_wconf 90' lang='grc' dir='ltr'><strong>σαν</strong></span> <span class='ocrx_word' id='word_1_696' title='bbox 434 4876 525 4919; x_wconf 80' lang='grc' dir='ltr'><strong>του</strong></span> <span class='ocrx_word' id='word_1_697' title='bbox 572 4872 641 4940; x_wconf 76' lang='grc' dir='ltr'>μὴ</span> <span class='ocrx_word' id='word_1_698' title='bbox 698 4867 865 4920; x_wconf 85' lang='grc' dir='ltr'>λάλεῑν</span> <span class='ocrx_word' id='word_1_699' title='bbox 914 4871 1152 4941; x_wconf 79' lang='grc' dir='ltr'><strong>μάταια⁹</strong></span> <span class='ocrx_word' id='word_1_700' title='bbox 1204 4877 1386 4941; x_wconf 89' lang='grc' dir='ltr'>χεῖρας</span> <span class='ocrx_word' id='word_1_701' title='bbox 1429 4874 1520 4921; x_wconf 88' lang='lat' dir='ltr'><strong>xui</strong></span> <span class='ocrx_word' id='word_1_702' title='bbox 1567 4865 1740 4930; x_wconf 87' lang='grc' dir='ltr'>πόδας</span> <span class='ocrx_word' id='word_1_703' title='bbox 1797 4868 1897 4922; x_wconf 85' lang='grc' dir='ltr'>ἀπὸ</span> 
     </span>
    </p>
   </div>
   <div class='ocr_carea' id='block_1_97' title="bbox 287 4954 1894 5030">
    <p class='ocr_par' dir='ltr' id='par_1_97' title="bbox 287 4954 1894 5030">
     <span class='ocr_line' id='line_1_97' title="bbox 287 4954 1894 5030; baseline 0.001 -22"><span class='ocrx_word' id='word_1_704' title='bbox 287 4954 717 5029; x_wconf 74' lang='grc' dir='ltr'>ἐπιτηδευμάτων</span> <span class='ocrx_word' id='word_1_705' title='bbox 778 4966 973 5009; x_wconf 87' lang='grc' dir='ltr'>κακῶν.</span> <span class='ocrx_word' id='word_1_706' title='bbox 1032 4956 1186 5029; x_wconf 83' lang='grc' dir='ltr'>Ἔχει</span> <span class='ocrx_word' id='word_1_707' title='bbox 1235 4960 1337 5030; x_wconf 80' lang='grc' dir='ltr'><strong>γὰρ</strong></span> <span class='ocrx_word' id='word_1_708' title='bbox 1405 4958 1602 5030; x_wconf 82' lang='grc' dir='ltr'>θὲλημα</span> <span class='ocrx_word' id='word_1_709' title='bbox 1658 4960 1687 5016; x_wconf 82' lang='grc' dir='ltr'>ἡ</span> <span class='ocrx_word' id='word_1_710' title='bbox 1739 4958 1894 5030; x_wconf 78' lang='grc' dir='ltr'>ψυχὴ</span> 
     </span>
    </p>
   </div>
   <div class='ocr_carea' id='block_1_98' title="bbox 288 5044 1900 5120">
    <p class='ocr_par' dir='ltr' id='par_1_98' title="bbox 288 5044 1900 5120">
     <span class='ocr_line' id='line_1_98' title="bbox 288 5044 1900 5120; baseline 0.001 -21"><span class='ocrx_word' id='word_1_711' title='bbox 288 5054 381 5099; x_wconf 87' lang='grc' dir='ltr'>τοῦ</span> <span class='ocrx_word' id='word_1_712' title='bbox 429 5044 759 5118; x_wconf 71' lang='grc' dir='ltr'>ἀποστρέψαι</span> <span class='ocrx_word' id='word_1_713' title='bbox 804 5052 895 5100; x_wconf 87' lang='lat' dir='ltr'><strong>xui</strong></span> <span class='ocrx_word' id='word_1_714' title='bbox 941 5046 1180 5099; x_wconf 84' lang='grc' dir='ltr'>κωλῦσαι</span> <span class='ocrx_word' id='word_1_715' title='bbox 1221 5051 1285 5099; x_wconf 83' lang='grc' dir='ltr'>τὰ</span> <span class='ocrx_word' id='word_1_716' title='bbox 1335 5048 1460 5120; x_wconf 78' lang='grc' dir='ltr'>μέλη</span> <span class='ocrx_word' id='word_1_717' title='bbox 1511 5055 1604 5101; x_wconf 83' lang='grc' dir='ltr'>τοῦ</span> <span class='ocrx_word' id='word_1_718' title='bbox 1662 5054 1900 5120; x_wconf 80' lang='grc' dir='ltr'>σώματος</span> 
     </span>
    </p>
   </div>
   <div class='ocr_carea' id='block_1_99' title="bbox 289 5135 1899 5210">
    <p class='ocr_par' dir='ltr' id='par_1_99' title="bbox 289 5135 1899 5210">
     <span class='ocr_line' id='line_1_99' title="bbox 289 5135 1899 5210; baseline 0.001 -23"><span class='ocrx_word' id='word_1_719' title='bbox 289 5135 394 5187; x_wconf 85' lang='grc' dir='ltr'>ἀπὸ</span> <span class='ocrx_word' id='word_1_720' title='bbox 462 5141 722 5188; x_wconf 87' lang='grc' dir='ltr'>κακίστων</span> <span class='ocrx_word' id='word_1_721' title='bbox 783 5137 1052 5208; x_wconf 83' lang='grc' dir='ltr'>θεαμάτων</span> <span class='ocrx_word' id='word_1_722' title='bbox 1111 5141 1202 5188; x_wconf 86' lang='grc' dir='ltr'>καὶ</span> <span class='ocrx_word' id='word_1_723' title='bbox 1268 5135 1432 5198; x_wconf 76' lang='grc' dir='ltr'>ἀκοῆς</span> <span class='ocrx_word' id='word_1_724' title='bbox 1498 5142 1747 5210; x_wconf 84' lang='grc' dir='ltr'>πονηρᾶς,</span> <span class='ocrx_word' id='word_1_725' title='bbox 1810 5141 1899 5189; x_wconf 90' lang='lat' dir='ltr'><strong>xui</strong></span> 
     </span>
    </p>
   </div>
   <div class='ocr_carea' id='block_1_100' title="bbox 285 5221 1897 5299">
    <p class='ocr_par' dir='ltr' id='par_1_100' title="bbox 285 5221 1897 5299">
     <span class='ocr_line' id='line_1_100' title="bbox 285 5221 1897 5299; baseline 0 -22"><span class='ocrx_word' id='word_1_726' title='bbox 285 5225 544 5298; x_wconf 84' lang='grc' dir='ltr'>αἰσχρᾶς,</span> <span class='ocrx_word' id='word_1_727' title='bbox 621 5230 711 5277; x_wconf 82' lang='grc' dir='ltr'>καὶ</span> <span class='ocrx_word' id='word_1_728' title='bbox 766 5224 932 5295; x_wconf 82' lang='grc' dir='ltr'>λόγων</span> <span class='ocrx_word' id='word_1_729' title='bbox 998 5222 1260 5298; x_wconf 77' lang='grc' dir='ltr'>ἀπρεπῶν,</span> <span class='ocrx_word' id='word_1_730' title='bbox 1315 5230 1401 5279; x_wconf 82' lang='grc' dir='ltr'>καὶ</span> <span class='ocrx_word' id='word_1_731' title='bbox 1469 5221 1897 5299; x_wconf 73' lang='grc' dir='ltr'>ἐπιτηδευμάτων</span> 
     </span>
    </p>
   </div>
   <div class='ocr_carea' id='block_1_101' title="bbox 285 5319 961 5388">
    <p class='ocr_par' dir='ltr' id='par_1_101' title="bbox 285 5319 961 5388">
     <span class='ocr_line' id='line_1_101' title="bbox 285 5319 961 5388; baseline -0.001 -22"><span class='ocrx_word' id='word_1_732' title='bbox 285 5333 347 5367; x_wconf 89' lang='grc' dir='ltr'><strong>κο</strong></span> <span class='ocrx_word' id='word_1_733' title='bbox 355 5322 556 5386; x_wconf 88' lang='grc' dir='ltr'>σμικῶν</span> <span class='ocrx_word' id='word_1_734' title='bbox 585 5319 675 5366; x_wconf 85' lang='grc' dir='ltr'>καὶ</span> <span class='ocrx_word' id='word_1_735' title='bbox 704 5321 961 5388; x_wconf 75' lang='grc' dir='ltr'>πονηρῶν;</span> 
     </span>
    </p>
   </div>
   <div class='ocr_carea' id='block_1_102' title="bbox 360 5436 1899 5515">
    <p class='ocr_par' dir='ltr' id='par_1_102' title="bbox 360 5436 1899 5515">
     <span class='ocr_line' id='line_1_102' title="bbox 360 5436 1899 5515; baseline -0.001 -20"><span class='ocrx_word' id='word_1_736' title='bbox 360 5439 429 5495; x_wconf 86' lang='grc' dir='ltr'><strong>Δ’.</strong></span> <span class='ocrx_word' id='word_1_737' title='bbox 472 5441 813 5515; x_wconf 81' lang='grc' dir='ltr'>Ἀποστρίφει</span> <span class='ocrx_word' id='word_1_738' title='bbox 854 5436 913 5493; x_wconf 61' lang='grc' dir='ltr'>δὴ</span> <span class='ocrx_word' id='word_1_739' title='bbox 952 5443 1041 5493; x_wconf 92' lang='lat' dir='ltr'><strong>xui</strong></span> <span class='ocrx_word' id='word_1_740' title='bbox 1080 5439 1261 5499; x_wconf 77' lang='grc' dir='ltr'>ἑαυτὴν</span> <span class='ocrx_word' id='word_1_741' title='bbox 1300 5441 1330 5499; x_wconf 82' lang='grc' dir='ltr'>ἡ</span> <span class='ocrx_word' id='word_1_742' title='bbox 1372 5439 1527 5512; x_wconf 76' lang='grc' dir='ltr'>ψυχὴ</span> <span class='ocrx_word' id='word_1_743' title='bbox 1571 5441 1670 5492; x_wconf 76' lang='grc' dir='ltr'>ὑπὸ</span> <span class='ocrx_word' id='word_1_744' title='bbox 1707 5438 1899 5514; x_wconf 79' lang='grc' dir='ltr'>ῥεμϐα-</span> 
     </span>
    </p>
   </div>
   <div class='ocr_carea' id='block_1_103' title="bbox 290 5525 1899 5603">
    <p class='ocr_par' dir='ltr' id='par_1_103' title="bbox 290 5525 1899 5603">
     <span class='ocr_line' id='line_1_103' title="bbox 290 5525 1899 5603; baseline -0.001 -21"><span class='ocrx_word' id='word_1_745' title='bbox 290 5538 436 5602; x_wconf 88' lang='grc' dir='ltr'>σμῶν</span> <span class='ocrx_word' id='word_1_746' title='bbox 474 5537 730 5603; x_wconf 88' lang='grc' dir='ltr'>πονηρῶν,</span> <span class='ocrx_word' id='word_1_747' title='bbox 773 5529 1109 5601; x_wconf 88' lang='grc' dir='ltr'>φυλάττουσα</span> <span class='ocrx_word' id='word_1_748' title='bbox 1144 5533 1235 5588; x_wconf 77' lang='grc' dir='ltr'>τὴν</span> <span class='ocrx_word' id='word_1_749' title='bbox 1274 5525 1519 5603; x_wconf 89' lang='grc' dir='ltr'>καρδίαν,</span> <span class='ocrx_word' id='word_1_750' title='bbox 1551 5536 1641 5581; x_wconf 85' lang='grc' dir='ltr'>τοῦ</span> <span class='ocrx_word' id='word_1_751' title='bbox 1676 5534 1746 5600; x_wconf 77' lang='grc' dir='ltr'>μὴ</span> <span class='ocrx_word' id='word_1_752' title='bbox 1778 5529 1899 5603; x_wconf 84' lang='grc' dir='ltr'><strong>ῥέμ-</strong></span> 
     </span>
    </p>
   </div>
   <div class='ocr_carea' id='block_1_104' title="bbox 290 5616 1893 5691">
    <p class='ocr_par' dir='ltr' id='par_1_104' title="bbox 290 5616 1893 5691">
     <span class='ocr_line' id='line_1_104' title="bbox 290 5616 1893 5691; baseline -0.002 -20"><span class='ocrx_word' id='word_1_753' title='bbox 290 5616 478 5673; x_wconf 81' lang='grc' dir='ltr'>ϐεσθαι</span> <span class='ocrx_word' id='word_1_754' title='bbox 507 5616 556 5671; x_wconf 80' lang='grc' dir='ltr'>ἐν</span> <span class='ocrx_word' id='word_1_755' title='bbox 585 5626 659 5690; x_wconf 85' lang='grc' dir='ltr'>τῷ</span> <span class='ocrx_word' id='word_1_756' title='bbox 704 5636 890 5691; x_wconf 85' lang='grc' dir='ltr'>κοσμῳ</span> <span class='ocrx_word' id='word_1_757' title='bbox 919 5619 986 5671; x_wconf 85' lang='grc' dir='ltr'><strong>τά</strong></span> <span class='ocrx_word' id='word_1_758' title='bbox 1038 5618 1165 5691; x_wconf 78' lang='grc' dir='ltr'>μίλη</span> <span class='ocrx_word' id='word_1_759' title='bbox 1212 5625 1310 5671; x_wconf 88' lang='grc' dir='ltr'><strong>τῶν</strong></span> <span class='ocrx_word' id='word_1_760' title='bbox 1368 5617 1635 5689; x_wconf 85' lang='grc' dir='ltr'>λογισμῶν</span> <span class='ocrx_word' id='word_1_761' title='bbox 1688 5617 1848 5679; x_wconf 78' lang='grc' dir='ltr'>αὐτῆς</span> <span class='ocrx_word' id='word_1_762' title='bbox 1877 5631 1893 5649; x_wconf 89' lang='grc'><strong>·</strong></span> 
     </span>
    </p>
   </div>
   <div class='ocr_carea' id='block_1_105' title="bbox 286 5703 1900 5781">
    <p class='ocr_par' dir='ltr' id='par_1_105' title="bbox 286 5703 1900 5781">
     <span class='ocr_line' id='line_1_105' title="bbox 286 5703 1900 5781; baseline -0.002 -18"><span class='ocrx_word' id='word_1_763' title='bbox 286 5712 381 5773; x_wconf 71' lang='grc' dir='ltr'>καὶ</span> <span class='ocrx_word' id='word_1_764' title='bbox 430 5708 596 5770; x_wconf 84' lang='grc' dir='ltr'>οὕτως</span> <span class='ocrx_word' id='word_1_765' title='bbox 641 5707 1018 5781; x_wconf 73' lang='grc' dir='ltr'>ἀγωνιζομένη,</span> <span class='ocrx_word' id='word_1_766' title='bbox 1066 5712 1157 5763; x_wconf 85' lang='grc' dir='ltr'>καὶ</span> <span class='ocrx_word' id='word_1_767' title='bbox 1198 5703 1599 5776; x_wconf 79' lang='grc' dir='ltr'>σπουδάζουσα,</span> <span class='ocrx_word' id='word_1_768' title='bbox 1643 5710 1732 5761; x_wconf 88' lang='grc' dir='ltr'><strong>καὶ</strong></span> <span class='ocrx_word' id='word_1_769' title='bbox 1784 5725 1900 5760; x_wconf 84' lang='grc' dir='ltr'>συν-</span> 
     </span>
    </p>
   </div>
   <div class='ocr_carea' id='block_1_106' title="bbox 2010 4508 3666 4583">
    <p class='ocr_par' dir='ltr' id='par_1_106' title="bbox 2010 4508 3666 4583">
     <span class='ocr_line' id='line_1_106' title="bbox 2010 4508 3666 4583; baseline 0.001 -16"><span class='ocrx_word' id='word_1_770' title='bbox 2010 4510 2395 4583; x_wconf 78' lang='lat' dir='ltr'><strong>cupiscentiae</strong></span> <span class='ocrx_word' id='word_1_771' title='bbox 2423 4510 2814 4566; x_wconf 86' lang='lat' dir='ltr'><strong>comburatur</strong></span> <span class='ocrx_word' id='word_1_772' title='bbox 2843 4526 2855 4563; x_wconf 87' lang='lat'><strong>:</strong></span> <span class='ocrx_word' id='word_1_773' title='bbox 2890 4525 2961 4565; x_wconf 91' lang='lat' dir='ltr'><strong>ea</strong></span> <span class='ocrx_word' id='word_1_774' title='bbox 2992 4509 3153 4565; x_wconf 86' lang='lat' dir='ltr'><strong>velut</strong></span> <span class='ocrx_word' id='word_1_775' title='bbox 3178 4508 3391 4566; x_wconf 91' lang='lat' dir='ltr'><strong>induta</strong></span> <span class='ocrx_word' id='word_1_776' title='bbox 3420 4510 3666 4568; x_wconf 89' lang='lat' dir='ltr'><strong>oculum</strong></span> 
     </span>
    </p>
   </div>
   <div class='ocr_carea' id='block_1_107' title="bbox 2012 4598 3665 4669">
    <p class='ocr_par' dir='ltr' id='par_1_107' title="bbox 2012 4598 3665 4669">
     <span class='ocr_line' id='line_1_107' title="bbox 2012 4598 3665 4669; baseline 0 -13"><span class='ocrx_word' id='word_1_777' title='bbox 2012 4601 2239 4665; x_wconf 88' lang='lat' dir='ltr'><strong>avertit,</strong></span> <span class='ocrx_word' id='word_1_778' title='bbox 2290 4616 2363 4656; x_wconf 90' lang='lat' dir='ltr'><strong>ne</strong></span> <span class='ocrx_word' id='word_1_779' title='bbox 2422 4600 2619 4656; x_wconf 87' lang='lat' dir='ltr'><strong>videat</strong></span> <span class='ocrx_word' id='word_1_780' title='bbox 2673 4598 3002 4655; x_wconf 88' lang='lat' dir='ltr'><strong>malitiam:</strong></span> <span class='ocrx_word' id='word_1_781' title='bbox 3037 4598 3303 4654; x_wconf 89' lang='lat' dir='ltr'><strong>similiter</strong></span> <span class='ocrx_word' id='word_1_782' title='bbox 3356 4604 3413 4654; x_wconf 88' lang='lat' dir='ltr'><strong>et</strong></span> <span class='ocrx_word' id='word_1_783' title='bbox 3463 4615 3665 4669; x_wconf 90' lang='lat' dir='ltr'><strong>aures,</strong></span> 
     </span>
    </p>
   </div>
   <div class='ocr_carea' id='block_1_108' title="bbox 2009 4687 3665 4761">
    <p class='ocr_par' dir='ltr' id='par_1_108' title="bbox 2009 4687 3665 4761">
     <span class='ocr_line' id='line_1_108' title="bbox 2009 4687 3665 4761; baseline 0 -16"><span class='ocrx_word' id='word_1_784' title='bbox 2009 4706 2083 4745; x_wconf 92' lang='lat' dir='ltr'><strong>ne</strong></span> <span class='ocrx_word' id='word_1_785' title='bbox 2123 4689 2372 4745; x_wconf 87' lang='lat' dir='ltr'><strong>audiant</strong></span> <span class='ocrx_word' id='word_1_786' title='bbox 2396 4688 2851 4745; x_wconf 89' lang='lat' dir='ltr'><strong>detrectationes</strong></span> <span class='ocrx_word' id='word_1_787' title='bbox 2886 4704 2897 4742; x_wconf 95' lang='lat'>:</span> <span class='ocrx_word' id='word_1_788' title='bbox 2933 4687 3226 4757; x_wconf 88' lang='lat' dir='ltr'><strong>linguam,</strong></span> <span class='ocrx_word' id='word_1_789' title='bbox 3269 4703 3343 4742; x_wconf 90' lang='lat' dir='ltr'><strong>ne</strong></span> <span class='ocrx_word' id='word_1_790' title='bbox 3382 4687 3665 4761; x_wconf 89' lang='lat' dir='ltr'><strong>loquatur</strong></span> 
     </span>
    </p>
   </div>
   <div class='ocr_carea' id='block_1_109' title="bbox 2009 4776 3667 4848">
    <p class='ocr_par' dir='ltr' id='par_1_109' title="bbox 2009 4776 3667 4848">
     <span class='ocr_line' id='line_1_109' title="bbox 2009 4776 3667 4848; baseline 0 -15"><span class='ocrx_word' id='word_1_791' title='bbox 2009 4794 2167 4834; x_wconf 89' lang='lat' dir='ltr'><strong>vana</strong></span> <span class='ocrx_word' id='word_1_792' title='bbox 2197 4798 2210 4843; x_wconf 82' lang='lat'><strong>;</strong></span> <span class='ocrx_word' id='word_1_793' title='bbox 2240 4794 2457 4833; x_wconf 91' lang='lat' dir='ltr'><strong>manus</strong></span> <span class='ocrx_word' id='word_1_794' title='bbox 2470 4781 2529 4832; x_wconf 89' lang='lat' dir='ltr'><strong>et</strong></span> <span class='ocrx_word' id='word_1_795' title='bbox 2546 4776 2728 4848; x_wconf 90' lang='lat' dir='ltr'><strong>pedes</strong></span> <span class='ocrx_word' id='word_1_796' title='bbox 2744 4778 2820 4831; x_wconf 89' lang='lat' dir='ltr'><strong>ab</strong></span> <span class='ocrx_word' id='word_1_797' title='bbox 2843 4777 3179 4832; x_wconf 89' lang='lat' dir='ltr'><strong>actionibus</strong></span> <span class='ocrx_word' id='word_1_798' title='bbox 3192 4782 3248 4832; x_wconf 89' lang='lat' dir='ltr'><strong>et</strong></span> <span class='ocrx_word' id='word_1_799' title='bbox 3265 4776 3475 4831; x_wconf 90' lang='lat' dir='ltr'><strong>studiis</strong></span> <span class='ocrx_word' id='word_1_800' title='bbox 3494 4776 3667 4833; x_wconf 87' lang='lat' dir='ltr'><strong>inho-</strong></span> 
     </span>
    </p>
   </div>
   <div class='ocr_carea' id='block_1_110' title="bbox 2010 4866 3670 4931">
    <p class='ocr_par' dir='ltr' id='par_1_110' title="bbox 2010 4866 3670 4931">
     <span class='ocr_line' id='line_1_110' title="bbox 2010 4866 3670 4931; baseline 0.001 -9"><span class='ocrx_word' id='word_1_801' title='bbox 2010 4868 2209 4923; x_wconf 89' lang='lat' dir='ltr'><strong>nestis.</strong></span> <span class='ocrx_word' id='word_1_802' title='bbox 2246 4867 2429 4923; x_wconf 88' lang='lat' dir='ltr'><strong>Habet</strong></span> <span class='ocrx_word' id='word_1_803' title='bbox 2452 4867 2610 4921; x_wconf 92' lang='lat' dir='ltr'><strong>enim</strong></span> <span class='ocrx_word' id='word_1_804' title='bbox 2632 4867 2836 4921; x_wconf 90' lang='lat' dir='ltr'><strong>anima</strong></span> <span class='ocrx_word' id='word_1_805' title='bbox 2857 4866 3225 4921; x_wconf 90' lang='lat' dir='ltr'><strong>voluntatem</strong></span> <span class='ocrx_word' id='word_1_806' title='bbox 3252 4866 3581 4931; x_wconf 91' lang='lat' dir='ltr'><strong>avertendi,</strong></span> <span class='ocrx_word' id='word_1_807' title='bbox 3613 4870 3670 4923; x_wconf 86' lang='lat' dir='ltr'><strong>et</strong></span> 
     </span>
    </p>
   </div>
   <div class='ocr_carea' id='block_1_111' title="bbox 2009 4953 3671 5027">
    <p class='ocr_par' dir='ltr' id='par_1_111' title="bbox 2009 4953 3671 5027">
     <span class='ocr_line' id='line_1_111' title="bbox 2009 4953 3671 5027; baseline 0.001 -16"><span class='ocrx_word' id='word_1_808' title='bbox 2009 4955 2300 5011; x_wconf 90' lang='lat' dir='ltr'><strong>avocandi</strong></span> <span class='ocrx_word' id='word_1_809' title='bbox 2342 4958 2616 5011; x_wconf 92' lang='lat' dir='ltr'><strong>membra</strong></span> <span class='ocrx_word' id='word_1_810' title='bbox 2659 4955 2926 5026; x_wconf 87' lang='lat' dir='ltr'><strong>corporis</strong></span> <span class='ocrx_word' id='word_1_811' title='bbox 2958 4953 3036 5009; x_wconf 92' lang='lat' dir='ltr'><strong>ab</strong></span> <span class='ocrx_word' id='word_1_812' title='bbox 3078 4953 3408 5010; x_wconf 87' lang='lat' dir='ltr'><strong>inhonestis</strong></span> <span class='ocrx_word' id='word_1_813' title='bbox 3434 4960 3671 5027; x_wconf 88' lang='lat' dir='ltr'><strong>specta-</strong></span> 
     </span>
    </p>
   </div>
   <div class='ocr_carea' id='block_1_112' title="bbox 2009 5043 3665 5116">
    <p class='ocr_par' dir='ltr' id='par_1_112' title="bbox 2009 5043 3665 5116">
     <span class='ocr_line' id='line_1_112' title="bbox 2009 5043 3665 5116; baseline 0 -16"><span class='ocrx_word' id='word_1_814' title='bbox 2009 5044 2177 5112; x_wconf 89' lang='lat' dir='ltr'><strong>culis,</strong></span> <span class='ocrx_word' id='word_1_815' title='bbox 2205 5045 2282 5100; x_wconf 92' lang='lat' dir='ltr'><strong>ab</strong></span> <span class='ocrx_word' id='word_1_816' title='bbox 2308 5043 2739 5099; x_wconf 86' lang='lat' dir='ltr'><strong>auscultatione</strong></span> <span class='ocrx_word' id='word_1_817' title='bbox 2766 5043 2893 5112; x_wconf 85' lang='lat' dir='ltr'><strong>ejus</strong></span> <span class='ocrx_word' id='word_1_818' title='bbox 2940 5044 3103 5114; x_wconf 91' lang='lat' dir='ltr'><strong>quod</strong></span> <span class='ocrx_word' id='word_1_819' title='bbox 3148 5044 3375 5100; x_wconf 86' lang='lat' dir='ltr'><strong>malum</strong></span> <span class='ocrx_word' id='word_1_820' title='bbox 3407 5050 3461 5099; x_wconf 93' lang='lat' dir='ltr'><strong>et</strong></span> <span class='ocrx_word' id='word_1_821' title='bbox 3490 5049 3665 5116; x_wconf 90' lang='lat' dir='ltr'><strong>turpe</strong></span> 
     </span>
    </p>
   </div>
   <div class='ocr_carea' id='block_1_113' title="bbox 2009 5132 3667 5199">
    <p class='ocr_par' dir='ltr' id='par_1_113' title="bbox 2009 5132 3667 5199">
     <span class='ocr_line' id='line_1_113' title="bbox 2009 5132 3667 5199; baseline 0.001 -10"><span class='ocrx_word' id='word_1_822' title='bbox 2009 5140 2118 5199; x_wconf 90' lang='lat' dir='ltr'><strong>est,</strong></span> <span class='ocrx_word' id='word_1_823' title='bbox 2150 5150 2186 5189; x_wconf 88' lang='lat' dir='ltr'><strong>a</strong></span> <span class='ocrx_word' id='word_1_824' title='bbox 2212 5137 2487 5189; x_wconf 84' lang='lat' dir='ltr'><strong>sermOne</strong></span> <span class='ocrx_word' id='word_1_825' title='bbox 2517 5133 2714 5188; x_wconf 89' lang='lat' dir='ltr'><strong>minus</strong></span> <span class='ocrx_word' id='word_1_826' title='bbox 2740 5133 2991 5198; x_wconf 90' lang='lat' dir='ltr'><strong>decenti,</strong></span> <span class='ocrx_word' id='word_1_827' title='bbox 3017 5136 3073 5188; x_wconf 90' lang='lat' dir='ltr'><strong>et</strong></span> <span class='ocrx_word' id='word_1_828' title='bbox 3092 5132 3304 5189; x_wconf 90' lang='lat' dir='ltr'><strong>ofﬁciis</strong></span> <span class='ocrx_word' id='word_1_829' title='bbox 3345 5134 3667 5191; x_wconf 87' lang='lat' dir='ltr'><strong>mundanis</strong></span> 
     </span>
    </p>
   </div>
   <div class='ocr_carea' id='block_1_114' title="bbox 2010 5221 2437 5294">
    <p class='ocr_par' dir='ltr' id='par_1_114' title="bbox 2010 5221 2437 5294">
     <span class='ocr_line' id='line_1_114' title="bbox 2010 5221 2437 5294; baseline -0.007 -15"><span class='ocrx_word' id='word_1_830' title='bbox 2010 5238 2079 5279; x_wconf 90' lang='lat' dir='ltr'><strong>ac</strong></span> <span class='ocrx_word' id='word_1_831' title='bbox 2119 5221 2437 5294; x_wconf 86' lang='lat' dir='ltr'><strong>perversis.</strong></span> 
     </span>
    </p>
   </div>
   <div class='ocr_carea' id='block_1_115' title="bbox 2081 5431 3669 5507">
    <p class='ocr_par' dir='ltr' id='par_1_115' title="bbox 2081 5431 3669 5507">
     <span class='ocr_line' id='line_1_115' title="bbox 2081 5431 3669 5507; baseline 0.001 -17"><span class='ocrx_word' id='word_1_832' title='bbox 2081 5434 2169 5490; x_wconf 89' lang='lat' dir='ltr'><strong>IV.</strong></span> <span class='ocrx_word' id='word_1_833' title='bbox 2198 5436 2413 5491; x_wconf 86' lang='lat' dir='ltr'><strong>Avertit</strong></span> <span class='ocrx_word' id='word_1_834' title='bbox 2451 5431 2633 5490; x_wconf 90' lang='lat' dir='ltr'><strong>etiam</strong></span> <span class='ocrx_word' id='word_1_835' title='bbox 2674 5432 2938 5506; x_wconf 89' lang='lat' dir='ltr'><strong>seipsam</strong></span> <span class='ocrx_word' id='word_1_836' title='bbox 2966 5434 3171 5492; x_wconf 90' lang='lat' dir='ltr'><strong>anima</strong></span> <span class='ocrx_word' id='word_1_837' title='bbox 3218 5435 3297 5492; x_wconf 89' lang='lat' dir='ltr'><strong>ab</strong></span> <span class='ocrx_word' id='word_1_838' title='bbox 3326 5434 3669 5507; x_wconf 82' lang='lat' dir='ltr'><strong>occupatio-</strong></span> 
     </span>
    </p>
   </div>
   <div class='ocr_carea' id='block_1_116' title="bbox 2009 5522 3664 5596">
    <p class='ocr_par' dir='ltr' id='par_1_116' title="bbox 2009 5522 3664 5596">
     <span class='ocr_line' id='line_1_116' title="bbox 2009 5522 3664 5596; baseline -0.001 -15"><span class='ocrx_word' id='word_1_839' title='bbox 2009 5525 2188 5581; x_wconf 90' lang='lat' dir='ltr'><strong>nibus</strong></span> <span class='ocrx_word' id='word_1_840' title='bbox 2212 5524 2427 5580; x_wconf 92' lang='lat' dir='ltr'><strong>mentis</strong></span> <span class='ocrx_word' id='word_1_841' title='bbox 2462 5522 2657 5579; x_wconf 92' lang='lat' dir='ltr'><strong>minus</strong></span> <span class='ocrx_word' id='word_1_842' title='bbox 2684 5523 2817 5596; x_wconf 90' lang='lat' dir='ltr'><strong>piis,</strong></span> <span class='ocrx_word' id='word_1_843' title='bbox 2847 5524 3178 5580; x_wconf 89' lang='lat' dir='ltr'><strong>observans</strong></span> <span class='ocrx_word' id='word_1_844' title='bbox 3201 5539 3321 5588; x_wconf 90' lang='lat' dir='ltr'><strong>cor,</strong></span> <span class='ocrx_word' id='word_1_845' title='bbox 3343 5538 3415 5578; x_wconf 92' lang='lat' dir='ltr'><strong>ne</strong></span> <span class='ocrx_word' id='word_1_846' title='bbox 3443 5522 3664 5593; x_wconf 80' lang='lat' dir='ltr'><strong>cogita-</strong></span> 
     </span>
    </p>
   </div>
   <div class='ocr_carea' id='block_1_117' title="bbox 2014 5610 3665 5686">
    <p class='ocr_par' dir='ltr' id='par_1_117' title="bbox 2014 5610 3665 5686">
     <span class='ocr_line' id='line_1_117' title="bbox 2014 5610 3665 5686; baseline -0.001 -16"><span class='ocrx_word' id='word_1_847' title='bbox 2014 5614 2207 5671; x_wconf 90' lang='lat' dir='ltr'><strong>tiones</strong></span> <span class='ocrx_word' id='word_1_848' title='bbox 2232 5613 2360 5685; x_wconf 90' lang='lat' dir='ltr'><strong>ejus</strong></span> <span class='ocrx_word' id='word_1_849' title='bbox 2385 5627 2492 5686; x_wconf 91' lang='lat' dir='ltr'><strong>per</strong></span> <span class='ocrx_word' id='word_1_850' title='bbox 2512 5611 2808 5669; x_wconf 93' lang='lat' dir='ltr'><strong>mundum</strong></span> <span class='ocrx_word' id='word_1_851' title='bbox 2829 5610 3120 5669; x_wconf 91' lang='lat' dir='ltr'><strong>hincinde</strong></span> <span class='ocrx_word' id='word_1_852' title='bbox 3137 5611 3665 5681; x_wconf 87' lang='lat' dir='ltr'><strong>circumagantur:</strong></span> 
     </span>
    </p>
   </div>
   <div class='ocr_carea' id='block_1_118' title="bbox 2016 5698 3665 5777">
    <p class='ocr_par' dir='ltr' id='par_1_118' title="bbox 2016 5698 3665 5777">
     <span class='ocr_line' id='line_1_118' title="bbox 2016 5698 3665 5777; baseline -0.001 -16"><span class='ocrx_word' id='word_1_853' title='bbox 2016 5710 2073 5762; x_wconf 89' lang='lat' dir='ltr'><strong>et</strong></span> <span class='ocrx_word' id='word_1_854' title='bbox 2119 5704 2202 5761; x_wconf 90' lang='lat' dir='ltr'><strong>sic</strong></span> <span class='ocrx_word' id='word_1_855' title='bbox 2232 5718 2355 5762; x_wconf 91' lang='lat' dir='ltr'><strong>non</strong></span> <span class='ocrx_word' id='word_1_856' title='bbox 2376 5702 2611 5777; x_wconf 86' lang='lat' dir='ltr'><strong>absque</strong></span> <span class='ocrx_word' id='word_1_857' title='bbox 2640 5717 2847 5776; x_wconf 82' lang='lat' dir='ltr'><strong>pugna</strong></span> <span class='ocrx_word' id='word_1_858' title='bbox 2874 5706 2931 5761; x_wconf 88' lang='lat' dir='ltr'><strong>et</strong></span> <span class='ocrx_word' id='word_1_859' title='bbox 2953 5698 3181 5769; x_wconf 85' lang='lat' dir='ltr'><strong>labore,</strong></span> <span class='ocrx_word' id='word_1_860' title='bbox 3209 5716 3282 5759; x_wconf 84' lang='lat' dir='ltr'><strong>ex</strong></span> <span class='ocrx_word' id='word_1_861' title='bbox 3307 5700 3473 5758; x_wconf 87' lang='lat' dir='ltr'><strong>omni</strong></span> <span class='ocrx_word' id='word_1_862' title='bbox 3499 5702 3665 5774; x_wconf 81' lang='lat' dir='ltr'><strong>parte</strong></span> 
     </span>
    </p>
   </div>
  </div>
