4084 6256
461 283 566 338 475

1775 270 1836 328 S.
1881 267 2186 328 MACARII
2224 266 2532 326 EGYPTII
3719 271 3819 328 476

460 406 776 476 diligenter
807 407 860 459 et
901 404 1119 458 attente
1149 400 1460 456 continens
1493 397 1768 454 membra
1797 394 2105 469 cerporisa

2231 397 2436 467 ἔχουσα
2500 395 2745 448 πάντοθεν
2807 395 2855 446 ἓν
2912 393 3070 468 πολλῇ
3125 402 3372 469 προσοχῇ
3429 395 3496 448 τά
3550 394 3678 468 μέλη
3732 402 3822 449 τοῦ

458 495 709 558 malitia,
736 494 812 548 ab
839 493 1003 547 omni
1033 489 1415 552 laceratione,
1455 487 1871 544 combustione
1920 491 1974 541 et
2033 486 2116 540 in-

459 587 562 656 qui
575 580 1192 652 natione,prmclaram
1207 579 1474 648 corporis
1491 576 2115 639 tunicam,immunem

459 679 792 728 conservat.
837 670 934 725 Illa
967 671 1101 740 ipsa
1131 668 1388 738 denique
1409 682 1511 737 per
1535 681 1707 721 suam
1725 664 2112 728 voluntatem,

459 777 595 833 quae
609 758 1028 829 cognoscendi,
1046 756 1410 825 intelligendi
1425 761 1479 809 et
1493 753 1870 810 discernendi
1888 753 1942 806 vi
1961 768 2115 824 prm-

459 850 582 905 dita
606 856 713 914 est,
743 865 811 904 ac
840 846 1086 903 omnino
1115 851 1176 901 ut
1204 845 1423 912 dicam,
1448 860 1552 915 per
1581 843 1813 897 Domini
1840 841 2113 897 virtutem

458 937 926 1004 conservabitur,
957 952 1092 1007 quae
1149 941 1203 989 et
1243 950 1303 988 se
1348 935 1546 1004 ipsam
1576 949 1683 1003 pro
1719 931 1944 986 viribus
1989 930 2112 984 suis

457 1027 695 1082 cohibet
721 1033 775 1081 et
814 1027 891 1080 ab
918 1025 1083 1081 omni
1121 1022 1607 1094 concupiscentia
1646 1020 1954 1074 mundana
1978 1019 2114 1074 sub-

455 1116 646 1171 ducit:
673 1113 783 1186 14
798 1119 977 1186 atque
995 1115 1078 1167 sic
1097 1112 1383 1167 auxilium
1401 1109 1701 1165 aDomino
1726 1109 2110 1172 nanciscitur,

452 1210 514 1259 ut
553 1221 760 1260 revera
789 1201 1568 1271 custodiaturamalis,quaa
1584 1204 1760 1253 antea
1791 1213 2112 1252 enumera-

452 1295 669 1348 vimus.
705 1293 758 1348 Si
774 1291 1019 1362 quando
1034 1291 1191 1344 enim
1212 1289 1496 1343 Dominus
1512 1287 1860 1359 quempiam
1880 1285 2110 1352 viderit,

453 1383 556 1454 qui
586 1382 856 1449 gnaviter
888 1379 965 1434 ab
994 1379 1173 1448 hujus
1200 1378 1406 1432 mundi
1438 1376 1866 1446 voluptatibus,
1902 1377 2114 1430 distra-

455 1469 755 1524 ctionibus
787 1473 841 1523 et
871 1468 1030 1521 curis
1065 1468 1280 1521 crassis
1303 1483 1371 1521 ac
1397 1467 1638 1520 terrenis
1667 1464 1913 1518 vinculis
1936 1471 2113 1535 atque

453 1573 751 1614 vanarum
785 1557 1213 1624 cogitationum
1252 1554 1750 1625 occupationibus
1777 1570 1838 1608 se
1880 1559 2108 1618 avocet,

455 1652 699 1719 praestat
726 1645 804 1700 illi
841 1645 1138 1715 peculiare
1160 1645 1360 1714 gratiae
1390 1643 1702 1706 auxilium,
1746 1641 2112 1712 illtesamque

2229 490 2463 556 σώματος
2510 484 2608 536 ἀπὸ
2668 490 2858 547 κακῶν,
2912 485 3196 554 ἄσχιστον,
3251 491 3341 536 καὶ
3393 485 3678 551 ἄκαυστόν,
3737 490 3826 538 καὶ

2224 574 2442 625 ἄσπιλον
2475 577 2563 625 τὸν
2589 573 2742 625 καλὸν
2779 581 2983 644 χιτῶνα
3013 581 3104 625 τοῦ
3147 580 3379 644 σώματος
3421 571 3774 645 διαφυλάσσει
3807 594 3820 606 ·

2224 667 2312 714 καὶ
2365 663 2493 720 αὐτή
2551 659 2645 714 διὰ
2697 670 2786 714 τοῦ
2840 671 3135 732 γνωστικοῦ
3187 668 3275 715 καὶ
3325 659 3685 729 διανοητικοῡ,
3739 666 3830 715 καὶ

2225 749 2557 826 διακριτικοῦ
2599 752 2884 822 θελήματος
2923 752 3105 818 αὐτῆς,
3148 756 3204 804 1'6
3246 749 3304 804 δε
3342 759 3441 804 πᾶν
3480 749 3574 806 διὰ
3611 761 3703 813 τῆς
3736 760 3828 804 τοῦ

2226 847 2419 914 Κυρίου
2481 838 2762 913 δυνάμεως,
2819 841 3237 913 φυλαχθήσεται,
3294 841 3423 900 αύτὴ
3484 842 3666 900 ἑαυτήν
3727 843 3827 899 ὅση

2225 927 2448 1002 δύναμις
2480 936 2874 1002 συσφίγγουσα,
2919 935 3007 982 καὶ
3046 934 3224 992 πάσης
3261 933 3542 1003 ἐπιθυμίας
3571 941 3833 1003 κοσμικῆς

2223 1019 2626 1094 ἀποστρέφουσα
2657 1037 2668 1048 ·
2698 1025 2787 1072 καὶ
2818 1021 2976 1080 οὕτως
3006 1022 3105 1072 ὑπὸ
3136 1028 3227 1073 τοῦ
3270 1027 3463 1094 Κυρίου
3495 1021 3830 1095 βοηθουμένη

2223 1110 2291 1171 εἰς
2331 1115 2388 1161 τὸ
2429 1110 2481 1172 ἐξ
2522 1111 2757 1170 ἀληθείας
2797 1110 3131 1182 φυλαχθῆναι
3169 1110 3326 1169 αὐτὴν
3363 1114 3466 1163 απὸ
3508 1120 3606 1163 τῶν
3646 1131 3834 1184 προει-

2222 1201 2452 1272 ρημένων
2510 1207 2700 1252 κακῶν.
2747 1198 2902 1250 Ἐπάν
2950 1201 3048 1273 γὰρ
3096 1195 3186 1271 ἴδη
3239 1201 3264 1251 ὁ
3317 1202 3507 1272 Κύριός
3555 1220 3672 1252 τινα
3716 1219 3834 1271 γεν-

2221 1292 2376 1349 ναίως
2442 1287 2884 1360 ἀποστρεφόμενον
2949 1291 3038 1348 τὰς
3100 1295 3190 1340 τοῦ
3267 1287 3388 1360 βίου
3457 1286 3672 1355 ἡδονὰς,
3736 1295 3833 1342 καὶ

2222 1382 2624 1450 περισπασμούς
2696 1383 2785 1430 καὶ
2849 1382 3102 1451 μερίμνας
3176 1378 3358 1440 ύλικάς
3434 1385 3521 1431 καὶ
3597 1375 3837 1451 δεσμοὺς

2221 1470 2448 1536 γηῐνους,
2495 1473 2584 1519 καὶ
2625 1466 2961 1540 ῥεμϐασμοὺς
3002 1466 3265 1538 λογισμῶν
3315 1473 3570 1538 ματαίων,
3627 1465 3835 1520 δίδωσι

2222 1560 2315 1614 τὴν
2364 1552 2503 1608 ἰδίαν
2551 1565 2638 1616 τῆς
2685 1559 2903 1628 χάριτος
2953 1556 3221 1627 βοήθειαν,
3277 1558 3514 1608 ἄπτωτον
3560 1553 3836 1632 διατηρῶν

2223 1649 2316 1703 τὴν
2347 1645 2532 1716 ψυχὴν
2564 1645 2759 1702 ἐκείνην
2801 1642 3202 1718 διεξερχομένην
3241 1644 3406 1707 καλῶς
3447 1649 3534 1698 τόν
3573 1645 3839 1699 ἐνεστῶτα

455 1737 724 1793 animam
757 1734 939 1798 illam,
975 1750 1109 1804 quae
1140 1734 1362 1788 fortiter
1387 1747 1647 1803 praesens
1678 1732 1793 1786 hoc
1826 1732 2105 1786 saeculum

2224 1739 2447 1807 πονηρὸν
2487 1734 2665 1787 αἰῶνα.
2712 1739 2811 1788 Καὶ
2851 1735 3008 1795 οὕτως
3047 1738 3076 1792 ἡ
3118 1734 3272 1806 ψυχὴ
3316 1737 3533 1787 ἐπαίνων
3570 1735 3837 1809 οὐρανίων

455 1839 804 1897 perversum
863 1823 1204 1894 pertransit,
1263 1828 1595 1877 conservat.
1661 1823 1726 1876 Et
1775 1821 1858 1875 sic
1909 1821 2114 1876 anima

455 1914 690 1970 caeleste
723 1913 1092 1983 praeconium
1116 1929 1151 1966 a
1181 1911 1300 1966 Deo
1324 1917 1379 1966 et
1401 1910 1630 1979 angelis
1647 1909 1776 1980 ejus
1803 1910 2115 1981 consequi-

453 2006 566 2068 tur,
595 2001 754 2074 quod
790 2006 1014 2056 vestem
1047 2001 1312 2070 corporis
1343 1999 1428 2053 sui
1455 2006 1509 2053 et
1535 2014 1595 2053 se
1624 1999 1816 2069 ipsam
1833 2004 2112 2054 accurate

454 2091 840 2155 conservarit,
875 2097 928 2144 et
959 2090 1145 2160 quod,
1179 2094 1474 2160 quantum
1506 2088 1564 2142 in
1597 2103 1659 2141 se
1684 2087 1810 2153 fuit,
1837 2086 1913 2142 ab
1946 2087 2109 2142 omni

453 2180 942 2250 concupiscentia
967 2177 1277 2232 mundana
1319 2192 1529 2231 aversa
1569 2181 1624 2230 et
1663 2180 1912 2241 remota,
1946 2176 2112 2230 auxi-

452 2267 655 2340 lioque
709 2267 909 2322 divino
947 2267 1150 2337 potita,
1209 2281 1451 2321 cursum
1516 2263 1694 2319 stadii
1743 2264 1923 2335 hujus
1980 2265 2108 2320 vita:

456 2357 699 2412 feliciter
726 2356 1066 2411 absolverit.

526 2484 586 2535 V.
622 2482 676 2536 Si
711 2482 846 2552 quis
879 2485 1080 2535 autem
1148 2477 1383 2549 pigritia
1413 2483 1469 2532 et
1508 2477 1757 2547 segnitie
1808 2477 2106 2546 difﬂuens,

453 2577 624 2626 caute
676 2571 734 2623 in
791 2571 902 2623 hac
960 2571 1080 2622 vita
1129 2582 1250 2621 non
1290 2565 1577 2631 ambulet,
1606 2573 1659 2620 et
1686 2582 1753 2620 ex
1787 2583 1897 2621 sua
1925 2569 2108 2637 ipsius

451 2658 754 2714 voluntate
778 2673 1018 2711 omnem
1034 2656 1582 2726 concupiscentiam
1600 2655 1972 2710 mundanam
1989 2670 2108 2712 non

453 2753 782 2810 aversetur,
819 2761 926 2799 nec
959 2746 1275 2799 Dominum
1300 2743 1489 2798 solum
1526 2744 1581 2797 in
1615 2745 1776 2798 omni
1811 2744 2107 2800 desiderio

452 2835 733 2905 requirat,
796 2835 854 2888 in
925 2834 1128 2904 spinas
1187 2837 1244 2887 et
1301 2848 1550 2887 nemora
1642 2832 1822 2902 hujus
1898 2834 2106 2888 mundi

452 2924 782 2993 conjicitur,
818 2927 873 2978 et
916 2923 993 2976 ab
1047 2923 1165 2992 igni
1210 2921 1706 2992 concupiscentiae
1755 2922 1932 2976 vestis
1977 2938 2108 2977 cor-

450 3013 613 3083 poris
643 3012 1032 3075 comburitur,
1057 3016 1112 3066 et
1141 3026 1312 3065 coeno
1331 3010 1707 3080 voluptatum
1725 3011 2098 3080 inquinatur:

2225 1827 2366 1895 παρά
2405 1831 2538 1876 Θεοῦ
2569 1829 2654 1875 xui
2687 1823 2914 1894 ἀγγέλων
2955 1823 3204 1889 τεύξεται,
3247 1825 3326 1875 ὅτι
3366 1827 3450 1875 τόν
3489 1832 3699 1896 χιτῶνα
3733 1832 3837 1876 τοῦ

2226 1918 2466 1986 σώματος
2505 1913 2666 1975 αὐτῆς
2705 1913 2872 1974 καλῶς
2914 1909 3186 1985 διεφύλαξε
3225 1917 3313 1964 καὶ
3352 1911 3559 1978 ἑαυτήν,
3603 1915 3727 1966 ὅσον
3767 1917 3837 1967 τὸ

2223 2006 2273 2056 ἓν
2313 2002 2446 2076 utin}
2499 2001 2738 2070 δυνατὸν,
2789 2009 2961 2054 πᾶσαν
2996 2004 3273 2074 ἐπιθυμίαν
3316 2010 3408 2055 τοῦ
3457 2007 3660 2075 κόσμου
3703 2002 3841 2056 ἀπο-

2223 2101 2532 2165 στραφείσα,
2589 2097 2678 2146 καὶ
2744 2093 2831 2145 ὑπ’
2897 2092 3058 2144 αὐτοῦ
3133 2091 3482 2164 βοηθηθεῑσα,
3556 2095 3643 2144 τόν
3703 2089 3839 2167 δρό-

2220 2203 2314 2254 μον
2357 2190 2448 2235 τοῡ
2493 2178 2718 2235 σταδίου
2773 2189 2864 2235 τοῦ
2915 2187 3117 2254 κόσμου
3163 2184 3348 2234 τούτου
3393 2181 3558 2243 καλῶς
3599 2178 3841 2246 διεξελή-

2218 2271 2387 2326 λυθεν.

2288 2467 2362 2522 Ε’.
2396 2467 2457 2520 Εἰ
2483 2463 2542 2519 δέ
2563 2487 2642 2529 τις
2670 2468 2718 2518 ἓν
2744 2469 3036 2538 χαυνότητι
3062 2469 3150 2517 καὶ
3176 2465 3410 2539 ῥᾳθυμίᾳ
3431 2469 3502 2537 μὴ
3537 2471 3842 2540 προσεχόν-

2219 2575 2317 2617 τως
2371 2558 2418 2607 ἐν
2472 2563 2543 2626 τῷ
2602 2554 2703 2627 βίῳ
2750 2557 2914 2626 τούτῳ
2957 2556 3251 2626 πορεύεται,
3302 2559 3392 2606 καὶ
3439 2555 3493 2607 ἐκ
3541 2555 3842 2628 θελήματος

2221 2641 2362 2698 ἰδίου
2392 2645 2486 2696 οὐκ
2523 2644 2900 2715 ἀποστρέφεται
2939 2649 3112 2694 πᾶσαν
3153 2642 3430 2715 ἐπιθυμίαν
3468 2652 3557 2696 τοῦ
3599 2651 3836 2717 κόσμου,

2217 2738 2413 2786 καὶτὸν
2458 2737 2644 2808 Κύριον
2672 2739 2823 2804 μόνον
2868 2731 2915 2784 ἐν
2957 2734 3102 2790 πάση
3161 2734 3411 2804 ἐπιθυμίᾳ
3447 2735 3702 2800 ἐπιζητεῖ,
3757 2736 3836 2793 εὶς

2217 2828 2304 2884 τὰς
2351 2822 2578 2883 ἀκάνθας
2625 2827 2714 2874 καὶ
2769 2821 2894 2882 ὕλας
2949 2823 3136 2873 τούτου
3189 2829 3282 2874 τοῦ
3335 2827 3536 2894 κόσμου
3592 2831 3830 2896 περιπεί-

2215 2933 2379 2987 ρεται,
2432 2918 2520 2964 καὶ
2582 2913 2682 2964 ύπὸ
2739 2919 2829 2963 τοῦ
2883 2915 3048 2975 πυρὸς
3096 2919 3190 2972 τῆς
3255 2910 3530 2984 ἐπιθυμίας
3586 2914 3611 2964 ό
3657 2918 3822 2984 χιτὼν

2215 3011 2306 3055 τοῦ
2371 3008 2613 3074 σώματος
2676 3004 3043 3075 παρακαίεται,
3109 3004 3200 3052 xui
3245 3001 3344 3052 ὑπὸ
3410 3009 3502 3053 τοῦ
3563 3000 3826 3076 βορϐόρου

450 3107 507 3157 et
533 3102 615 3156 sic
648 3101 874 3166 timida,
912 3116 982 3155 ac
1013 3101 1138 3154 sine
1197 3099 1417 3155 ﬁducia
1451 3099 1509 3153 in
1538 3099 1632 3154 die
1656 3098 1866 3168 judicii
1900 3100 2105 3156 anima

2219 3102 2312 3144 τῶν
2368 3089 2566 3150 ἡδονῶν
2619 3091 2916 3156 σπιλοῦται,
2961 3094 3050 3141 καὶ
3099 3089 3260 3150 οὓτως
3307 3088 3740 3164 ἀπαρρησίαστος
3793 3095 3826 3151 ἡ

444 3190 929 3262 deprehenditur,
970 3205 1040 3243 eo
1071 3188 1256 3259 quod,
1286 3205 1424 3243 cum
1447 3205 1620 3243 suam
1643 3195 1860 3242 vestem
1891 3189 2104 3244 imma-

444 3279 701 3335 culatam
756 3293 1110 3333 conservare
1163 3293 1282 3332 non
1335 3277 1608 3347 potuerit,
1665 3293 1797 3332 eam
1854 3277 2102 3334 fallaciis

441 3367 624 3436 hujus
654 3367 852 3420 saeculi
876 3369 1201 3435 corruperit
1238 3387 1250 3420 :
1284 3372 1338 3419 et
1359 3371 1670 3436 propterea
1703 3381 1887 3434 regno
1910 3373 2103 3420 extru-

444 3456 626 3511 ditur.
650 3456 802 3519 Quid
844 3456 1002 3508 enim
1037 3453 1300 3508 facturus
1327 3457 1479 3508 Deus
1502 3460 1592 3508 est
1621 3453 1721 3518 illi,
1755 3455 1856 3526 qui
1889 3460 2102 3525 sponte

443 3560 505 3600 se
562 3545 761 3614 ipsum
817 3542 1044 3596 mundo
1077 3543 1408 3604 tradiderit,
1441 3543 1971 3613 voluptatibusque
2003 3543 2102 3599 de-

442 3639 649 3704 ceptus
680 3648 749 3686 ac
783 3631 1024 3686 terrenis
1061 3631 1560 3700 occupationibus
1608 3633 1888 3686 seductus
1933 3636 2102 3687 ober-

440 3721 585 3778 rat?
626 3721 713 3778 Illi
758 3720 1002 3792 quidem
1039 3721 1328 3774 auxilium
1372 3727 1630 3790 prmstat,
1683 3721 1786 3792 qui
1827 3721 2100 3778 sordidas

443 3810 799 3880 voluptates,
836 3815 891 3862 et
924 3809 1150 3878 priores
1184 3825 1379 3863 mores
1400 3815 1730 3874 aversatus,
1763 3809 1927 3864 omni
1957 3812 2010 3864 vi
2031 3827 2100 3867 ac

444 3893 671 3969 impetu
736 3899 1125 3966 cogitationes
1175 3914 1317 3952 suas
1359 3914 1596 3969 semper
1650 3899 1729 3953 ad
1781 3902 2099 3956 Dominum

444 3989 663 4060 dirigit,
700 3993 753 4043 et
785 4004 844 4041 se
895 3987 1094 4057 ipsum
1127 3987 1404 4056 abnegat.
1437 3987 1753 4060 solumque
1779 3989 2097 4046 Dominum

441 4079 717 4134 ardenter
738 4080 971 4148 quaerit.
999 4079 1161 4130 Hunc
1200 4083 1533 4141 conservat,
1571 4079 1671 4148 qui
1700 4094 1760 4132 se
1790 4079 2044 4135 custodit
2065 4095 2100 4136 a

440 4167 671 4238 laqueis
704 4183 772 4221 ac
811 4167 1067 4220 restibus
1116 4165 1271 4220 silvae
1304 4166 1485 4236 hujus
1526 4168 1751 4231 mundi,
1781 4167 1884 4238 qui
1921 4169 2098 4225 etiam

445 4273 577 4313 cum
611 4257 813 4312 timore
844 4259 896 4311 et
935 4262 1153 4312 terrore
1192 4272 1360 4312 suam
1393 4256 1576 4325 ipsius
1606 4258 1858 4312 salutem
1905 4273 2100 4328 Opera-

444 4351 540 4401 tur
573 4348 643 4410 '9,
702 4346 987 4414 omnique
1044 4346 1366 4400 intentione
1431 4361 1534 4416 per
1565 4346 1793 4417 laques,
1837 4350 2018 4401 restes
2046 4353 2101 4402 et

2212 3182 2366 3254 ψυχὴ
2406 3180 2453 3232 ἐν
2493 3183 2660 3254 ἡμέρᾳ
2698 3184 2919 3254 κρίσεως
2958 3180 3273 3250 εὑρίσκεται,
3316 3183 3373 3231 τὸ
3414 3175 3619 3252 ἔνδυμα
3657 3181 3828 3244 αὐτῆς

2213 3269 2432 3323 ἄσπιλον
2492 3273 2562 3338 μὴ
2616 3265 2906 3324 δυνηθεῖσα
2951 3274 3204 3339 τηρῆσαι,
3263 3265 3388 3317 ἀλλά
3427 3270 3827 3341 καταφθείρασα

2212 3361 2337 3412 αὐτὸ
2369 3366 2484 3418 ταῖς
2524 3357 2742 3418 ἀπάταις
2783 3364 2873 3408 τοῦ
2913 3356 3096 3418 αἰῶνος
3133 3358 3318 3407 τούτου
3354 3375 3366 3388 ·
3412 3361 3501 3408 καὶ
3533 3354 3626 3409 διὰ
3665 3366 3824 3412 τοῦτο

2213 3447 2504 3508 ἀπόϐλητος
2562 3455 2652 3506 τῆς
2704 3443 2978 3516 βασιλείας
3019 3447 3252 3514 γίγνεται
3283 3461 3294 3472 ·
3342 3449 3394 3496 τί
3449 3449 3549 3516 γὰρ
3605 3453 3824 3505 ποιήσει

2211 3539 2236 3589 6
2279 3541 2409 3598 Θεὸς
2444 3544 2515 3606 τῷ
2557 3535 2807 3605 θελήματι
2844 3543 2913 3604 τῷ
2955 3529 3075 3604 ἰδίῳ
3115 3529 3470 3606 παραδιδόντι
3509 3534 3691 3588 ἑαυτὸν
3743 3546 3826 3608 τῷ

2210 3632 2412 3698 κόσμῳ,
2462 3630 2552 3677 καὶ
2606 3622 2918 3695 ἀπατωμένῳ
2963 3630 3079 3683 ταῖς
3129 3619 3344 3682 ἡδοναῖς
3392 3623 3567 3690 αὐτοῦ,
3617 3628 3646 3683 ἦ
3695 3625 3828 3698 ῥεμο

2212 3715 2434 3786 ϐασμοῐς
2487 3713 2680 3772 ὑλικοῖς
2732 3711 3132 3782 ίκπλανωμένῳ;
3188 3713 3359 3782 ἐκείνῳ
3409 3699 3513 3786 γὰρ
3564 3711 3823 3785 βοήθειαν

2212 3802 2433 3868 δίδωσι,
2481 3812 2550 3872 τῷ
2601 3801 3028 3875 ἀποστρεφομένῳ
3083 3803 3176 3861 τὰς
3227 3801 3410 3862 ὑλικὰς
3452 3799 3668 3869 ἡδονὰς,
3724 3812 3823 3859 καὶ

2209 3898 2458 3967 προτέρας
2516 3893 2794 3952 συνηθείας
2824 3912 2835 3923 ·
2901 3895 2989 3941 καὶ
3039 3888 3138 3959 βίᾳ
3174 3894 3267 3948 τὴν
3318 3888 3552 3943 διάνοιαν
3595 3896 3824 3948 πάντοτε

2210 3987 2333 4056 πρὸς
2389 3984 2577 4054 Κύριον
2630 3981 2844 4044 ἕλκοντι,
2897 3979 3186 4051 ἀρνουμένῳ
3231 3998 3285 4031 τε
3333 3980 3533 4045 ἑαυτὸν,
3591 3988 3680 4035 καὶ
3727 3989 3822 4037 τόν

2213 4075 2403 4146 Κύριον
2453 4075 2603 4143 μόνον
2647 4070 2980 4129 ἓπιζητοῡντι
3009 4083 3022 4096 ⁸
3066 4076 3246 4120 τοῦτον
3288 4065 3548 4144 διατηρεῖ,
3592 4075 3678 4123 τὸν
3723 4095 3824 4144 φυ-

2209 4162 2527 4233 λασσόμενον
2566 4161 2894 4230 πανταχόθεν
2935 4157 2988 4209 ἐκ
3027 4166 3126 4209 τῶν
3164 4154 3406 4228 παγίδων
3458 4165 3543 4212 xui
3595 4160 3822 4236 βρόχων

2210 4260 2305 4312 τῆς
2327 4248 2565 4309 ὕληςτοῦ
2594 4253 2818 4320 κόσμου,
2849 4251 2955 4298 τὸν
2983 4249 3141 4318 μετά
3181 4246 3378 4319 φόϐου
3418 4254 3527 4301 καὶ
3564 4256 3819 4325 τρόμου

2209 4345 2319 4398 τὴν
2363 4339 2590 4390 ἑαυτοῦ
2621 4341 2945 4410 σωτηρίαν
2972 4337 3555 4410 κατεργαζόμενον,
3580 4345 3822 4413 καὶμετά

439 4433 957 4503 concupiscentias
977 4433 1157 4503 hujus
1177 4434 1371 4489 saeculi
1389 4433 1983 4506 transit,Dominique
1997 4450 2099 4490 au-

2219 4431 2382 4488 πάσης
2421 4430 2738 4502 πορσεχείας
2780 4422 2874 4478 διά
2919 4434 3018 4477 τῶν
3058 4421 3299 4496 παγίδων
3340 4431 3428 4479 καὶ
3470 4425 3689 4502 βρόχων
3728 4436 3820 4484 καὶ

437 4521 647 4578 xilium
695 4523 960 4593 requirit,
1009 4539 1077 4578 ac
1101 4539 1205 4594 per
1249 4524 1505 4593 gratiam
1531 4523 1951 4579 misericordiae
1971 4524 2099 4595 ejus

446 4611 667 4669 salvari
692 4617 890 4683 sperat

509 4825 600 4879 Vl.
634 4827 774 4880 Ecce
805 4825 964 4879 enim
981 4826 1027 4860 ³ο
1043 4825 1310 4895 quinque
1330 4825 1653 4896 prudentes
1671 4841 1739 4880 ac
1754 4826 1968 4881 sobriae
1985 4826 2094 4880 vir-

440 4913 627 4986 gines,
659 4914 930 4969 alacriter
961 4920 1333 4968 accersentes
1361 4915 1655 4984 hospitem
1680 4920 1909 4969 naturae
1950 4930 2098 4985 suae,

440 5008 687 5074 accepto
721 5001 780 5055 in
814 5002 1057 5057 vasibus
1104 5002 1300 5056 cordis
1360 5004 1452 5056 sui
1507 5004 1660 5071 oleo,
1690 5004 1803 5058 hoc
1835 5010 1940 5069 est,
2002 5021 2099 5058 su-

437 5107 628 5163 perna
659 5091 848 5161 gratia
881 5090 1151 5161 Spiritus,
1185 5095 1504 5161 potuerunt
1541 5093 1771 5160 ingredi
1810 5109 1928 5148 una
1959 5109 2093 5148 cum

442 5183 674 5252 Sponso
698 5181 755 5234 in
780 5179 1080 5234 cmlestem
1116 5180 1470 5234 thalamum.
1492 5181 1749 5253 Reliquae
1766 5198 1904 5236 vero
1922 5182 2096 5237 fatuae

443 5271 500 5325 in
533 5285 644 5323 sua
670 5269 861 5339 ipsius
900 5277 1114 5324 natura
1140 5276 1578 5340 permanentes,
1616 5286 1734 5326 non
1758 5270 2092 5339 vigilarunt,

439 5374 548 5414 nec
579 5374 829 5429 operam
869 5357 1182 5422 dederunt,
1221 5363 1280 5412 ut
1328 5358 1526 5414 oleum
1560 5359 1971 5414 exsultationis
2003 5375 2097 5414 ac-

439 5449 702 5521 ciperent
748 5447 810 5502 in
845 5445 1010 5503 vasis
1041 5448 1184 5514 suis,
1219 5446 1323 5502 sed
1367 5447 1526 5504 velut
1578 5448 1640 5504 in
1673 5464 1851 5504 carne
1900 5448 2096 5504 adhuc

509 5652 557 5690 ²⁹
587 5649 803 5724 Philip.
844 5668 904 5719 1.,
951 5651 1038 5708 l2.
1146 5651 1196 5694 ⁸ο
1231 5651 1429 5710 Matth.
1463 5667 1599 5719 xxv,
1645 5657 1667 5708 1
1703 5666 1835 5725 sqq.

2210 4517 2496 4589 ἕπιθυμιῶν
2535 4522 2627 4567 τοῦ
2678 4515 2860 4576 αἰῶνος
2909 4517 3096 4566 τούτου
3136 4519 3545 4588 παρερχόμενον,
3585 4523 3673 4571 xui
3725 4525 3819 4578 τήν

2209 4615 2300 4659 τοῦ
2333 4610 2526 4678 Κυρίου
2569 4603 2817 4676 βοήθειαν
2852 4603 3218 4668 ἐπιζητοῦντα,
3262 4609 3351 4656 xui
3390 4606 3460 4675 τῷ
3501 4604 3622 4660 ἐλέει
3661 4608 3816 4661 αὑτὸν

2212 4694 2306 4749 διὰ
2336 4704 2427 4758 τῆς
2467 4696 2692 4769 χάριτος
2726 4693 2991 4754 σώζεσθαι
3024 4692 3313 4756 ἐλπίζοντα.

2282 4820 2353 4885 ς-’.
2387 4815 2527 4872 Ἰδοὺ
2557 4819 2720 4891 γάραὶ
2751 4820 2896 4870 πέντε
2925 4819 3170 4892 παρθένοι
3196 4819 3252 4869 ui
3286 4821 3543 4890 φρόνιμοι,
3576 4821 3822 4893 νήψασαι

2209 4914 2299 4962 καὶ
2351 4910 2770 4983 γοργευσάμεναι
2826 4909 2882 4959 τὸ
2931 4906 3070 4968 ξένον
3115 4914 3204 4966 τῆς
3252 4905 3440 4958 ἑαυτῶν
3477 4911 3699 4979 φύσεως,
3732 4911 3821 4966 λα-

2209 4997 2399 5050 ϐοῦσαι
2430 5001 2486 5049 τὸ
2538 4997 2704 5048 ἔλαιον
2733 4995 2779 5046 ἐν
2832 5002 2936 5056 τοῖς
2966 4994 3190 5067 ἀγγείοις
3217 5001 3312 5056 τῆς
3358 4994 3584 5071 καρδίας
3624 5000 3816 5067 αὐτῶν,

2207 5092 2446 5140 τουτέστι
2485 5090 2574 5143 τήν
2628 5087 2819 5137 ἄνωθεν
2857 5087 3019 5157 χάριν
3059 5084 3151 5136 τοῦ
3190 5086 3504 5155 Πνεύματος,
3548 5085 3818 5149 ἠδυνήθη-

2211 5196 2305 5229 σαν
2348 5174 2688 5227 συνεισελθεῖν
2738 5183 2810 5245 τῷ
2855 5180 3075 5246 Νυμφίῳ
3115 5173 3184 5235 εἰς
3224 5180 3309 5226 τόν
3349 5174 3651 5252 ἐπουράνιον
3694 5200 3818 5251 νυμ-

2207 5275 2366 5339 φῶνα.
2414 5267 2478 5316 Αἱ
2531 5261 2590 5315 δὲ
2626 5262 2776 5314 ἄλλαι
2835 5266 2888 5314 ui
2937 5268 3129 5337 μωραὶ,
3177 5267 3232 5317 αἱ
3295 5268 3344 5318 ἐν
3388 5275 3450 5340 τῇ
3510 5263 3622 5340 ἰδίᾳ
3667 5273 3820 5340 φύσει

2208 5354 2578 5426 ἀπομείνασαι,
2643 5351 2738 5403 οὐκ
2790 5354 2982 5422 imiimi:
3037 5358 3125 5405 xui
3169 5352 3506 5409 ἐσπούδασαν
3560 5354 3816 5428 δέχεσθαι

2207 5447 2265 5498 τὸ
2313 5444 2479 5496 ἔλαιον
2545 5448 2637 5501 τῆς
2689 5439 3042 5512 ἀγαλλιάσεως
3087 5445 3134 5495 ἓν
3183 5452 3287 5506 τοῖς
3337 5444 3564 5518 ἀγγείοις
3621 5446 3808 5514 αὐτῶν,
