4084 6256
286 281 394 335 477

1569 275 1913 334 HOMILIAS.
1953 305 2023 320 --
2065 277 2238 334 HOM.
2282 277 2374 336 IV.

3533 289 3637 347 478

263 409 335 466 ὡς
361 408 439 458 ἔτι
470 405 521 459 ἓν
552 409 712 481 σαρκὶ
755 403 909 472 ἦσαν,
953 404 1058 457 ἀλλ’
1104 406 1276 477 ὥσπερ
1328 403 1760 476 ἀπεκοιμήθησαν
1793 399 1866 454 δι’

1984 410 2196 469 essent,
2242 420 2348 476 per
2398 406 2846 476 negligentiam,
2899 409 3230 478 segnitiem,
3273 413 3632 481 socordiam,

263 494 525 567 ἀμέλειαν,
575 501 665 548 καὶ
720 500 1049 567 χαυνότητα,
1104 499 1194 546 καὶ
1235 496 1516 568 ῥᾳθυμίαν,
1571 499 1660 546 καὶ
1709 492 1872 563 ἀγνω⁹

265 591 406 650 σίαν,
458 587 488 643 ή
523 592 612 637 xui
644 589 816 642 οἴησιν
877 582 1216 644 δικαιοσύνης
1245 601 1255 612 ·
1290 581 1374 635 διὸ
1407 589 1495 635 καὶ
1537 591 1628 635 τοῦ
1662 592 1869 654 νυμφῶ-

1431 677 1501 744 μή
1560 669 1872 730 δυνηθεῖσαι

1523 769 1704 833 Δεσμῷ
1768 765 1869 834 γάρ

263 694 342 735 νος
403 683 492 735 νῆς
562 674 838 746 βασιλείας
912 673 1350 743 ἀπεκλείσθησαν,

263 764 616 838 εὐαρεστῆσαι
687 772 758 834 τῷ
841 761 1130 837 ἐπουρανίῳ
1195 767 1438 834 Νυμφίῳ.

263 859 489 924 κόσμου,
559 858 650 905 καὶ
697 851 874 924 ἀγάπῃ
925 858 1025 905 τινὶ
1080 854 1232 923 γηίνη
1288 853 1722 922 κατασχεθείσαι,
1778 855 1871 908 τὴν

263 940 476 1012 ἀγάπην
538 941 704 994 αὐτῶν
762 941 904 1005 ὃλην,
955 945 1044 992 καὶ
1090 945 1177 992 τόν
1223 943 1384 1012 ἔρωτα
1434 944 1558 1013 πρὸς
1599 943 1684 992 τόν
1715 938 1874 1014 οὐρά-

263 1051 368 1083 νιον
427 1035 666 1102 Νυμφίον
699 1031 795 1082 οὐκ
824 1027 1047 1094 ἔδωκαν,
1081 1032 1196 1082 οὔτε
1235 1034 1293 1081 1'6
1333 1029 1501 1082 ἔλαιον
1542 1027 1868 1100 ἐκομίσαντο.

263 1124 490 1194 Καὶγάρ
546 1121 600 1171 αἱ
629 1123 688 1172 1'6
729 1120 864 1181 ξένον
923 1129 1018 1181 τῆς
1069 1123 1266 1190 φύσεως
1322 1122 1408 1170 τὸν
1463 1118 1723 1190 ἀγιασμόν
1780 1126 1872 1170 τοῦ

263 1213 568 1281 Πνεῦματος
609 1211 866 1270 ξητοῦσαι
913 1208 1112 1279 ψυχαὶ,
1161 1208 1280 1265 ὅλην
1319 1213 1408 1266 τὴν
1459 1206 1665 1278 ἀγάπην
1707 1207 1873 1259 αὐτῶν

264 1301 397 1372 πρὸς
455 1301 644 1370 Κύριον
689 1295 1078 1370 ἀπόδεσμοῦσι,
1119 1305 1266 1348 κακεῖ
1311 1305 1679 1369 περιπατοῦσι,
1727 1295 1874 1349 κάκεῖ

263 1392 536 1458 εὔχονται,
585 1395 734 1439 κακεῖ
780 1387 1081 1458 λογίζονται
1140 1388 1311 1438 πάντα
1365 1386 1812 1459 ἀποστρεφόμεναι
1851 1425 1864 1438 .

264 1475 352 1529 διὸ
388 1482 476 1528 καὶ
503 1477 867 1539 καταξιοῦνται
905 1475 1074 1528 λαϐεῖν
1108 1479 1162 1527 τό
1213 1477 1378 1527 ἔλαιον
1430 1485 1520 1535 τῆς
1568 1475 1872 1547 ἐπουρανίου

263 1568 486 1638 χάριτος
520 1585 530 1599 ·
575 1571 663 1618 καὶ
729 1567 894 1625 οὕτως
941 1567 1173 1617 άπτωτοι
1249 1561 1521 1626 διεξελθεῖν
1605 1561 1871 1626 δύνανται,

262 1655 470 1717 τελείως
539 1664 611 1726 τῷ
675 1663 1005 1727 πνευματικῲ
1068 1658 1290 1725 Νυμφίῳ
1354 1654 1748 1728 εὐαρεστοῦσαι.
1811 1652 1876 1704 Ai

1978 493 2401 564 ignorantiam,
2427 503 2530 551 aut
2561 497 2738 553 etiam
2765 499 3110 570 opinionem
3130 500 3391 570 justitiae,
3417 503 3634 559 obdor-

1983 584 2295 639 miverunt.
2331 585 2639 657 Pr0pterea
2674 588 2852 644 etiam
2883 587 3147 644 thalamo
3180 591 3344 661 regni
3375 593 3630 648 exclusas

1982 680 2138 736 sunt,
2185 689 2323 729 cum
2372 675 2605 746 placere
2651 692 2771 732 non
2818 683 3059 747 possent
3109 680 3334 734 caelesti
3379 682 3634 751 Sponso.

1985 762 2225 817 Vinculo
2273 764 2434 819 enim
2467 765 2696 829 mundi,
2744 771 2800 821 et
2839 772 3069 822 terreno
3113 769 3380 838 quodam
3429 785 3634 826 amore

1981 849 2233 906 detentae
2246 867 2488 907 omnem
2503 852 2874 908 dilectionem
2889 861 2941 910 et
2955 871 3215 911 amorem
3231 874 3399 912 suum
3414 857 3638 916 cmlesti

1985 940 2216 1010 Sponso
2247 956 2366 995 non
2396 941 2756 1008 obtulerunt,
2791 959 2984 1014 neque
3016 944 3213 1000 oleum
3246 962 3449 1004 secum
3478 965 3639 1005 sum-

1983 1035 2246 1098 pserunt.
2283 1031 2425 1093 Quae
2457 1031 2614 1086 enim
2648 1032 2864 1087 animae
2897 1039 3122 1088 naturae
3154 1051 3276 1090 sure
3306 1035 3629 1107 hospitem,

1984 1117 2512 1174 sanctiﬁcationem
2538 1120 2758 1176 scilicet
2784 1122 3362 1194 Spiritus,quaerunt,
3391 1131 3511 1181 tota
3525 1141 3635 1182 sua

1984 1205 2294 1261 dilectione
2341 1210 2588 1264 Domino
2641 1210 3079 1275 devinciuntur,
3130 1211 3247 1266 illic
3295 1214 3632 1280 ambulant,

1984 1294 2099 1349 illic
2131 1301 2470 1365 precantur,
2503 1298 2734 1369 illicque
2756 1298 3146 1368 cogitationes
3172 1316 3314 1355 suas
3344 1302 3634 1372 deligunt,

1984 1384 2208 1437 caeteris
2247 1385 2532 1440 omnibus
2577 1387 2809 1456 spretis.
2865 1387 3178 1458 Propterea
3221 1389 3398 1444 etiam
3439 1391 3636 1460 dignae

1985 1472 2300 1540 habentur,
2334 1490 2468 1545 quae
2497 1475 2794 1545 accipiant
2817 1475 3017 1530 oleum
3058 1476 3274 1532 divina
3308 1479 3510 1546 gratiae
3541 1497 3552 1532 :
3583 1483 3640 1535 et

1987 1563 2068 1616 sic
2083 1562 2315 1633 absque
2337 1563 2454 1618 ulla
2472 1563 2800 1619 offensione
2814 1564 2999 1619 vitam
3019 1565 3343 1634 transigere
3360 1574 3635 1638 possunt,

1991 1651 2159 1706 valde
2192 1652 2483 1722 spirituali
2525 1655 2758 1722 Sponso
2788 1659 3046 1725 acceptae
3077 1659 3132 1708 et
3171 1659 3375 1722 gratae.
3409 1657 3637 1712 Animae

262 1746 367 1816 γάρ
416 1743 482 1803 εἰς
522 1748 615 1802 τὴν
663 1747 817 1814 φύσιν
861 1743 1029 1794 αὐτῶν
1085 1741 1439 1813 ἀπομένουσαι
1471 1741 1649 1814 ψυχαὶ
1698 1749 1768 1812 τῷ
1794 1741 1868 1792 λο-

1990 1755 2124 1794 vero
2139 1740 2196 1794 in
2212 1757 2321 1796 sua
2337 1746 2547 1796 natura
2562 1749 2980 1813 permanentes
2995 1743 3455 1813 cogitationibus
3468 1745 3639 1802 humi

261 1840 446 1904 γισμῴ
476 1835 560 1885 ἐπὶ
584 1841 675 1893 τῆς
712 1840 811 1904 γῆς
853 1833 1119 1904 ἕρπουσιν,
1165 1834 1248 1883 ἐπὶ
1297 1840 1395 1903 γῆς
1434 1831 1750 1902 λογίζονται,
1794 1828 1878 1883 ἐπὶ

261 1931 367 1992 γῆς
415 1926 509 1979 τήν
555 1918 765 1974 δίαιταν
797 1923 821 1972 ό
851 1928 968 1981 νοῦς
1018 1921 1185 1972 αὐτῶν
1231 1923 1344 1991 ἔχει
1379 1938 1389 1949 ·
1437 1925 1526 1972 καὶ
1556 1928 1626 1989 τῷ
1660 1922 1748 1990 μὲν
1791 1916 1878 1971 δο-

263 2018 374 2062 κεῖν
419 2014 698 2081 νομίζουσι
744 2018 834 2063 τοῦ
891 2016 1133 2081 Νυμφίου
1187 2007 1336 2074 εἶναι,
1384 2014 1473 2061 xui
1549 2007 1876 2080 δικαιώμασι

263 2103 638 2172 κεκοσμῆσθαι
678 2106 870 2174 σαρκός
931 2120 943 2131 ·
999 2101 1187 2152 ἄνωθεν
1242 2096 1300 2151 δὲ
1347 2098 1401 2151 ἐκ
1431 2107 1522 2151 τοῦ
1562 2103 1858 2170 Πνεύματος

263 2190 362 2241 οῦκ
419 2191 768 2260 ἐγεννήθησαν
798 2229 815 2259 ,
848 2193 904 2240 τό
957 2188 1125 2241 ἔλαιον
1183 2196 1272 2248 τῆς
1303 2186 1653 2259 ἀγαλλιάσεως
1682 2193 1752 2260 μή
1787 2185 1872 2240 δε-

264 2278 502 2351 ξαμεναι.

336 2403 419 2456 Z"
475 2406 541 2455 Ai
595 2405 696 2474 γὰρ
755 2407 902 2456 πέντε
951 2403 1158 2473 λογικαὶ
1209 2402 1479 2462 αἰσθήσεις
1533 2410 1626 2463 τῆς
1663 2402 1870 2474 ψυχῆς,

260 2492 348 2546 ἔάν
406 2489 656 2555 δέξωνται
708 2497 802 2550 τήν
868 2494 1057 2544 ἄνωθεν
1096 2495 1279 2563 χάριν,
1338 2497 1426 2543 καὶ
1479 2495 1564 2543 τὸν
1610 2490 1873 2563 ἁγιασμόν

261 2590 359 2635 τοῦ
417 2584 738 2653 Πνεῦμα-τος,
810 2580 1015 2641 ἀληθῶς
1068 2583 1314 2654 παρθένοι
1376 2585 1615 2654 φρόνιμοι
1671 2584 1873 2652 τυγχά-

259 2690 436 2734 νουσι,
494 2675 580 2728 τήν
640 2672 834 2722 ἄνωθεν
872 2679 964 2730 τῆς
1006 2671 1227 2741 χάριτος
1278 2667 1555 2741 δεξάμεναι
1599 2678 1870 2742 φρόνησιν.

262 2761 330 2815 Ei
362 2756 418 2812 di
447 2759 513 2820 εἰς
553 2764 644 2817 τήν
695 2761 850 2830 φύσιν
889 2758 1055 2810 αὐτῶν
1104 2762 1262 2828 μόνην
1314 2757 1648 2829 ἀπομείνωσι,
1699 2763 1871 2831 μωραὶ

260 2849 613 2922 εὑρίσκονται,
672 2852 762 2900 καὶ
814 2851 966 2900 τέκνα
1013 2855 1103 2898 τοῦ
1153 2851 1352 2918 κόσμου
1402 2845 1799 2900 ἀποδείκνυνται
1849 2863 1862 2874 ⁸

263 2938 361 2990 οὐκ
403 2934 736 2989 ἀπεδύσαντο
775 2938 876 3009 γὰρ
935 2939 991 2987 τὸ
1030 2942 1233 3006 πνεῦμα
1269 2944 1359 2988 τοῦ
1407 2943 1630 3008 κόσμου,
1671 2937 1765 2989 κᾶν
1796 2945 1869 3006 τῷ

269 3023 441 3077 δοκεῖν
469 3030 763 3095 νομίζουσι,
822 3022 896 3077 δι’
940 3025 1306 3096 εὐλογοφανίας
1339 3028 1478 3086 τινάς
1526 3031 1616 3077 καὶ
1656 3035 1866 3097 σχῆμα,

265 3121 362 3166 τοῦ
391 3119 628 3186 Νυμφίου
657 3113 786 3167 εἶναι
815 3117 1028 3186 νύμφαι.
1062 3113 1261 3186 Ὠσπερ
1301 3117 1402 3188 γὰρ
1431 3117 1485 3167 ui
1511 3115 1624 3168 ὅλαι
1654 3117 1706 3178 ἐξ
1750 3115 1868 3168 ὅλου

263 3211 339 3274 τῷ
385 3207 558 3277 Κυρίῳ
607 3203 1060 3274 πρόσκολλὼμεναι
1119 3202 1321 3274 ψυχαὶ,
1377 3202 1479 3255 ἐκεῖ
1527 3204 1631 3256 εἰσι
1682 3214 1752 3275 τῷ
1783 3205 1870 3258 λο-

259 3301 466 3364 γισμῳ,
533 3291 681 3344 κάκεῖ
733 3296 998 3363 εὔχονται,
1065 3290 1214 3343 κάκεῖ
1278 3301 1648 3364 περιπατοῦσι,
1719 3297 1868 3350 κάκεῖ

1505 3397 1515 3410 ⁸
1557 3382 1690 3434 οὕτω
1714 3384 1867 3434 πάλιν

263 3469 468 3541 ψυχαὶ,
501 3471 557 3520 αἱ
596 3469 646 3520 ἐν
677 3476 738 3540 τῇ
780 3466 955 3541 ἀγάπῃ
1005 3479 1094 3522 τοῦ
1153 3475 1354 3541 κόσμου
1389 3467 1649 3534 δοθεῖσαι,
1701 3478 1790 3525 καὶ
1817 3473 1867 3524 ἐν

259 3565 324 3629 τῇ
366 3565 434 3629 γῇ
468 3562 563 3616 τὴν
605 3554 816 3609 δίαιταν
864 3557 1001 3628 ἐχειν
1042 3557 1370 3630 βουλόμεναι,
1417 3562 1519 3611 ἐκεῖ
1556 3568 1869 3633 περιπατοῦ-

265 3380 608 3433 ἐπιποθοῦσιν
645 3381 716 3440 εἰς
744 3386 836 3437 τήν
866 3388 954 3431 τοῦ
1000 3386 1194 3452 Κυρίου
1246 3380 1454 3452 ἀγάπην

261 3665 339 3714 σι,
384 3652 474 3699 καὶ
519 3646 621 3699 ἐκεῖ
659 3647 972 3718 λογίζονται,
1028 3647 1131 3699 ἐκεῖ
1160 3649 1184 3698 ό
1223 3656 1337 3708 νοῦς
1385 3645 1730 3703 ἐνδιαιτᾶται.
1780 3654 1866 3702 Διὸ

257 3741 348 3788 καὶ
401 3735 777 3811 ἀμετάτρεπτοι
803 3739 930 3808 πρὸς
961 3739 1018 3787 1'6
1065 3734 1257 3806 ἀγαθὸν
1295 3743 1534 3808 φρόνημα
1592 3747 1679 3790 τοῦ
1722 3743 1869 3792 πνεύ-

257 3845 418 3897 ματος
470 3829 827 3897 τυγχάνουσι,
882 3825 1017 3888 ξένον
1071 3829 1124 3876 ὅν
1185 3845 1235 3876 τι
1295 3834 1391 3888 τῆς
1444 3829 1642 3898 φύσεως
1699 3827 1864 3899 ήμῶν,

254 3915 388 3985 λέγω
438 3912 497 3968 δὲ
555 3920 648 3972 τῆν
698 3914 1000 3988 ἐπουράνιον
1043 3916 1227 3987 χάριν,
1283 3920 1451 3989 χρεὼν
1483 3925 1750 3974 συστῆναι
1780 3924 1868 3971 xui

261 4003 634 4074 συμπλακῆναι
664 4012 724 4075 τῇ
779 4006 932 4076 φύσει
980 4006 1147 4076 ήμῶν,
1201 4005 1286 4056 ἵνα
1339 4002 1642 4077 δυνηθῶμεν
1684 4007 1752 4069 είς
1783 4012 1868 4060 τὸν

259 4091 561 4164 ἐπουράνιον
605 4101 851 4164 νυμφωνα
878 4100 970 4154 τῆς
1022 4091 1290 4164 βασιλείας
1342 4102 1413 4163 τῷ
1451 4100 1623 4168 Κυρίῳ
1667 4101 1870 4149 συνέισ-

260 4181 443 4247 ελθεῖν,
466 4187 556 4234 καὶ
585 4190 674 4242 τῆς
696 4182 906 4233 αἰωνίου
944 4187 1204 4256 σωτηρίας
1234 4190 1437 4253 τυχεῖν.

339 4331 419 4385 Η’.
479 4334 626 4384 Ξένον
677 4334 778 4404 γὰρ
818 4339 913 4392 τῆς
965 4335 1165 4404 φύσεως
1216 4335 1381 4404 ἡμῶν,
1423 4337 1516 4392 τὴν
1555 4339 1741 4386 κακίαν
1771 4344 1870 4388 τῶν

264 4424 445 4473 παθῶν
512 4418 605 4473 διὰ
669 4429 765 4482 τῆς
820 4431 1094 4494 παρακοῆς
1148 4429 1238 4473 τοῦ
1315 4428 1522 4494 πρώτου
1597 4424 1869 4497 ἀνθρώπου

262 4510 313 4562 ἓν
376 4511 579 4569 ἑαυτοῖς
632 4507 937 4579 ἐδεξάμεθα,
998 4512 1060 4569 ἣν
1127 4517 1216 4562 καὶ
1275 4510 1446 4584 ὣσπερ
1516 4516 1670 4584 φύσιν
1724 4516 1868 4585 ἡμῶν

261 4605 606 4650 καταστᾶσαν
658 4601 908 4670 συνηθείᾳ
964 4605 1051 4652 καὶ
1091 4599 1351 4673 προλήψει
1390 4600 1596 4673 πολλῆ,,
1642 4598 1733 4652 διά
1777 4611 1868 4654 τοῦ

263 4687 410 4750 ξένου
457 4696 547 4748 τῆς
605 4691 803 4760 φύσεως
856 4690 1023 4760 ἡμῶν,
1073 4698 1164 4750 τῆς
1203 4688 1508 4761 ἐπουρανίου
1551 4688 1749 4765 δωρεᾶς
1779 4699 1868 4743 τοῦ

262 4779 563 4848 Πνεύματος
621 4776 958 4848 ἐξω[σ]θῆναι
1007 4779 1158 4831 πάλιν
1217 4785 1350 4853 χρή,
1394 4784 1482 4831 καὶ
1523 4779 1595 4842 εἰς
1634 4779 1865 4855 ἀρχαίαν

255 4868 598 4938 καθαρότητα
644 4865 1076 4925 ἀποκαταστῆναι
1135 4886 1146 4897 ·
1230 4874 1329 4921 Καὶ
1387 4868 1470 4920 ἐάν
1523 4875 1594 4942 μή
1673 4873 1866 4929 ἐκείνην

255 4961 354 5014 τήν
430 4956 482 5018 ἐξ
539 4959 756 5028 οὐρανοῦ
815 4955 1023 5027 ἀγάπην
1093 4965 1182 5010 τοῦ
1242 4961 1534 5030 Πνεῦματος
1602 4956 1868 5032 δεξώμεθα

253 5053 346 5097 νῦν
389 5045 438 5097 ἐν
477 5045 637 5116 πολλῆ
702 5045 925 5110 αἰτήσει,
986 5051 1076 5098 καὶ
1135 5044 1338 5115 δεήσει,
1399 5053 1488 5100 καὶ
1538 5054 1734 5114 πίστει,
1778 5056 1866 5102 καὶ

255 5143 560 5208 προσευχῇ,
607 5139 698 5186 καὶ
749 5134 1049 5209 ἀποστροφῇ
1095 5144 1185 5188 τοῦ
1216 5141 1415 5207 κόσμου
1453 5159 1464 5170 ·
1498 5143 1588 5190 καὶ
1615 5139 1867 5212 προσκολ-

248 5226 386 5297 ληθῇ
444 5233 506 5296 τῇ
563 5223 762 5297 ἀγάπη,
806 5228 923 5286 ἣτις
963 5225 1102 5277 ἐστὶν
1160 5227 1184 5277 6
1236 5229 1444 5300 Κύριος,
1499 5233 1588 5280 καὶ
1633 5228 1862 5300 ἁγιασθῇ

252 5317 284 5373 ἡ
330 5316 614 5387 μιανθείσα
661 5317 760 5365 ὑπὸ
816 5322 913 5376 τῆς
955 5319 1135 5374 κακίας
1186 5318 1341 5387 φύσις
1392 5318 1556 5388 ἡμῶν,
1617 5319 1714 5370 ὑπὸ
1772 5327 1864 5380 τῆς

254 5403 471 5474 ἀγάπης
542 5402 738 5463 ἐκείνης
810 5411 903 5454 τοῦ
981 5405 1275 5475 Πνεῦμα-τος
1336 5421 1348 5434 ⁸
1402 5414 1491 5458 καὶ
1547 5405 1640 5467 ἕως
1697 5406 1866 5467 τέλους

253 5490 604 5565 διαμείνωμεν
655 5493 906 5556 οἶπτωτοι,
959 5495 1007 5544 ἐν
1040 5494 1239 5555 πάσαις
1286 5501 1402 5555 ταῖς
1439 5493 1666 5557 ἐντολαῖς
1706 5495 1866 5548 αὐτοῦ

253 5581 488 5658 ἀκριϐῶς
541 5580 996 5656 ἀναστρεφόμενοι,
1077 5589 1174 5647 τῆς
1230 5581 1537 5659 ἐπουρανίου
1595 5582 1867 5657 βασιλείας

252 5679 442 5746 τυχεῖν
473 5669 533 5724 οὐ
567 5665 696 5730 δυνή
707 5671 930 5744 σόμεθα.

1987 1835 2221 1899 repunt,
2255 1831 2522 1885 humana
2551 1832 2831 1899 cogitant,
2865 1832 3031 1886 humi
3064 1833 3301 1888 illarum
3333 1850 3502 1890 mens
3530 1835 3638 1891 do-

1988 1917 2272 1972 micilium
2296 1919 2503 1974 habet:
2538 1924 2592 1974 et
2613 1919 2858 1990 quidem
2877 1920 3158 1990 opinione
3181 1937 3291 1976 sua
3312 1937 3635 1992 persuasae,

1987 2022 2048 2061 se
2093 2007 2171 2061 ad
2212 2009 2509 2078 Sponsum
2563 2014 2850 2078 spectare,
2890 2017 3069 2078 atque
3108 2010 3637 2079 justiticationibus

1985 2095 2181 2150 carnis
2208 2101 2524 2152 exornatas
2551 2113 2614 2151 se
2645 2098 2686 2166 1
2704 2097 2754 2168 5
2779 2110 2905 2152 esse
2933 2103 3140 2169 putant
3166 2115 3180 2164 ;
3207 2099 3465 2170 desuper
3498 2116 3636 2157 vero

1984 2198 2056 2239 ex
2079 2185 2292 2254 Spiritu
2323 2191 2476 2240 nata:
2502 2201 2623 2241 non
2646 2193 2802 2253 sunt,
2835 2203 2970 2242 cum
2998 2186 3196 2243 oleum
3225 2188 3637 2245 exsultationis

1983 2287 2106 2327 non
2135 2273 2494 2345 acceperint.

2056 2398 2174 2452 Vll.
2211 2399 2484 2469 Quinque
2507 2398 2665 2453 enim
2693 2398 2909 2454 animae
2939 2399 3247 2456 rationalis
3272 2415 3506 2467 sensus,
3540 2418 3636 2458 ac-

1983 2494 2157 2558 cepta
2189 2504 2448 2558 superna
2469 2487 2660 2557 gratia
2690 2492 2748 2542 et
2777 2487 3252 2544 sanctiﬁcatione
3279 2491 3530 2558 Spiritus
3550 2506 3636 2546 re-

1982 2591 2120 2631 vera
2134 2583 2268 2632 sunt
2287 2576 2608 2647 prudentes
2621 2577 2901 2646 virgines,
2915 2578 3139 2648 quippe
3152 2594 3285 2648 quae
3300 2580 3637 2650 acceperint

1985 2681 2242 2736 superne
2270 2665 2628 2737 sapientiam
2659 2667 2883 2736 gratias.
2915 2667 2972 2722 Si
3003 2683 3141 2721 vero
3169 2668 3228 2722 in
3257 2667 3387 2723 sola
3417 2674 3634 2724 natura

1983 2771 2093 2810 sua
2111 2756 2454 2826 persistant,
2474 2754 2650 2810 fatuae
2667 2755 3216 2826 deprehenduntur,
3236 2762 3292 2812 et
3311 2756 3446 2812 ﬁliae
3465 2772 3638 2812 mun-

1981 2845 2037 2900 di
2055 2860 2182 2900 esse
2196 2845 2713 2899 demonstrantur:
2742 2860 2860 2898 non
2875 2845 3033 2898 enim
3049 2852 3336 2901 exuerunt
3358 2846 3632 2917 spiritum

1981 2933 2212 2999 mundi,
2259 2933 2533 3002 quamvis
2575 2934 2858 2987 exteriore
2907 2949 3205 2999 sermone,
3239 2934 3521 3006 opinione
3562 2951 3632 2992 ac

1979 3023 2173 3078 forma
2197 3028 2388 3086 molae,
2411 3038 2471 3076 se
2498 3037 2627 3076 esse
2650 3022 2862 3091 Sponsi
2894 3038 3175 3092 sponsas,
3195 3022 3345 3078 falso
3370 3024 3479 3078 sibi
3505 3039 3635 3095 per-

1899 3097 1941 3155 C
1981 3112 2290 3167 suadeant.
2325 3109 2850 3174 Quemadmodum
2879 3111 3037 3165 enim
3069 3111 3304 3176 animae,
3337 3129 3472 3183 quae
3496 3117 3630 3169 totae

1978 3202 2225 3256 omnino
2264 3200 2513 3254 Domino
2549 3199 2838 3255 devincta:
2880 3204 3040 3264 sunt,
3082 3199 3198 3256 illic
3233 3202 3627 3269 cogitationes

1980 3306 2140 3356 suas,
2190 3296 2371 3360 atque
2401 3289 2514 3344 illic
2545 3303 2749 3359 preces
2775 3303 2915 3344 suas
2947 3294 3240 3353 exercent,
3273 3289 3391 3344 illic
3418 3290 3630 3346 ambu-

1977 3379 2124 3444 lant,
2156 3384 2211 3433 et
2240 3378 2354 3433 illic
2385 3377 2684 3432 desiderio
2713 3377 3042 3433 dilectionis
3070 3378 3168 3432 Dei
3196 3385 3469 3434 tenentur
3497 3396 3510 3434 :
3545 3379 3630 3435 sic

1978 3485 2009 3524 e
2040 3483 2329 3524 converso
2369 3467 2610 3533 animae,
2647 3483 2781 3538 quae
2825 3465 3128 3522 dilectioni
3170 3468 3378 3522 mundi
3414 3469 3629 3525 deditae

1979 3564 2135 3621 sunt,
2179 3563 2235 3612 et
2275 3559 2337 3612 in
2372 3561 2528 3612 terra
2571 3556 2941 3611 domicilium
2982 3555 3206 3611 habere
3247 3557 3473 3622 volunt,
3514 3557 3632 3612 illic

1978 3646 2310 3711 ambulant,
2335 3646 2449 3701 illic
2478 3647 2765 3714 cogitant,
2797 3645 2912 3700 illic
2935 3661 3142 3700 earum
3173 3661 3341 3701 mens
3372 3646 3628 3702 habitat.

1981 3737 2297 3807 Pr0pterea
2336 3735 2514 3790 etiam
2555 3735 2632 3789 ad
2670 3733 2898 3790 bonam
2939 3735 3180 3806 spiritus
3225 3736 3630 3806 prudentiam,

1978 3833 2214 3897 quaeest
2234 3827 2455 3895 hospes
2475 3831 2701 3879 naturae
2724 3831 2961 3891 ηοειιιω,
2981 3825 3468 3896 consequendam
3493 3841 3632 3880 con-

1979 3917 2119 3970 verti
2139 3921 2461 3986 nequeunt,
2492 3914 2814 3978 caelestem,
2839 3914 3109 3984 inquam,
3137 3915 3411 3984 gratiam,
3445 3931 3630 3985 quam

1979 4010 2202 4060 nostrae
2232 4003 2520 4072 conjungi
2549 4009 2603 4058 et
2635 4002 2989 4071 agglutinari
3021 4008 3247 4057 naturae
3280 4009 3533 4073 oportet,
3569 4008 3632 4059 ut

1982 4095 2280 4166 possimus
2319 4093 2376 4147 in
2428 4092 2728 4147 caelestem
2761 4090 3094 4146 thalamum
3135 4092 3303 4160 regni
3335 4107 3453 4147 una
3493 4107 3632 4148 cum

1983 4183 2235 4239 Domino
2261 4181 2513 4252 ingredi,
2545 4186 2600 4236 et
2629 4186 2914 4236 aeternam
2937 4179 3191 4235 salutem
3215 4180 3522 4252 consequi.

2053 4337 2198 4390 Vill.
2219 4338 2368 4390 Loco
2391 4333 2548 4389 enim
2561 4331 2812 4402 hospitis
2829 4335 3057 4387 natur-te
3071 4335 3312 4398 nostrae,
3340 4330 3632 4388 malitiam

1903 4458 1947 4513 D
1982 4425 2369 4481 aﬁ‘ectionum
2386 4420 2966 4494 perinobedientiam
2987 4419 3434 4490 primihominis
3449 4421 3509 4476 in
3523 4437 3634 4477 nos

1979 4517 2334 4584 recepimus,
2350 4528 2534 4584 quam
2550 4511 2608 4564 in
2631 4509 2802 4564 nobis
2820 4509 2992 4564 veluti
3006 4509 3337 4580 quamdam
3353 4516 3631 4566 naturam

1979 4604 2408 4662 consuetudine
2431 4609 2486 4657 et
2505 4602 2686 4670 longo
2713 4617 2820 4653 usu
2843 4600 3284 4669 conﬁrmatam,
3309 4616 3411 4670 per
3427 4599 3632 4671 hospi-

1981 4703 2096 4752 tem
2118 4701 2334 4750 nostrre
2357 4698 2605 4756 naturae,
2625 4691 2861 4747 cceleste
2878 4689 3094 4745 scilicet
3110 4688 3338 4744 donum
3360 4690 3632 4761 Spiritus,

1977 4801 2212 4841 rursum
2256 4781 2467 4852 expelli
2498 4785 2554 4835 et
2585 4780 2844 4851 pristinae
2878 4779 3115 4849 puritati
3155 4779 3381 4833 restitui
3424 4795 3636 4835 conve-

1978 4875 2081 4929 nit.
2116 4875 2182 4927 Et
2210 4872 2316 4926 nisi
2351 4885 2509 4924 nunc
2531 4868 2764 4924 ardenti
2793 4867 3099 4938 petitione,
3129 4872 3183 4921 et
3208 4867 3541 4937 rogatione,
3577 4873 3634 4925 et

1977 4963 2115 5028 fide,
2133 4979 2200 5018 ac
2214 4959 2480 5015 oratione
2495 4963 2674 5029 atque
2688 4957 3061 5012 aversatione
3079 4957 3308 5020 mundi,
3331 4957 3631 5013 caelestem

1977 5052 2350 5107 dilectionem
2379 5047 2628 5118 Spiritus
2651 5046 3084 5116 acceperimus,
3106 5051 3162 5100 et
3189 5053 3403 5102 natura
3426 5052 3632 5103 nostra

1972 5141 2182 5212 juncta
2206 5137 2376 5192 fuerit
2400 5135 2719 5198 dilectioni,
2749 5150 2883 5205 quae
2904 5139 2992 5188 est
3021 5133 3328 5202 Dominus,
3358 5141 3414 5189 et
3446 5151 3481 5189 a
3510 5151 3633 5190 ma-

1980 5230 2119 5293 litia,
2145 5243 2266 5298 qua
2293 5231 2379 5279 est
2412 5224 2744 5293 inquinata,
2773 5239 2874 5293 per
2905 5222 3066 5276 illam
3099 5222 3480 5277 dilectionem
3506 5224 3630 5294 Spi-

1975 5321 2124 5375 ritus
2175 5315 2543 5371 sanctiﬁcala
2583 5312 2778 5378 fuerit,
2829 5317 2884 5367 et
2914 5312 3028 5366 nisi
3072 5314 3148 5367 ad
3189 5311 3370 5368 ﬁnem
3414 5329 3627 5384 usque,

1976 5411 2208 5479 absque
2238 5405 2372 5459 labe
2406 5409 2460 5459 et
2501 5401 2883 5467 oﬁ'endiculo,
2920 5402 2979 5455 in
3013 5401 3296 5456 omnibus
3335 5401 3633 5456 mandatis

1979 5498 2108 5568 ejus
2147 5495 2458 5563 diligenter
2497 5491 2708 5546 versati
2759 5490 3357 5560 perseveraverimus,
3394 5488 3632 5545 caeleste

1977 5600 2236 5657 regnum
2262 5581 2548 5655 consequi
2581 5595 2704 5640 non
2731 5576 3082 5652 poterimus.
