4084 6256
545 269 650 326 479

1846 258 1900 310 S.
1944 248 2250 311 MACARII
2291 250 2596 309 EGYPTII
3766 264 3858 323 480

622 398 709 452 ΙΧ.
751 393 932 466 Atqui
974 391 1247 448 subtilius
1288 394 1342 445 et
1372 385 1730 460 profundius
1769 399 1880 456 pro
1918 396 2194 438 concessa

2380 378 2458 433 ϐ’.
2505 382 2705 434 Λεπτόν
2761 378 2824 435 δέ
2869 401 2982 436 τινα
3030 382 3181 454 λόγον
3236 387 3320 437 καὶ
3385 383 3547 456 βαθὺν
3597 387 3725 439 κατά
3786 393 3871 447 τὴν

549 487 695 544 mihi
710 483 989 540 facultate
1010 481 1322 536 disseram.
1339 479 1711 547 Quapropter
1735 477 1953 530 attente
1975 471 2193 527 audite.

544 576 842 637 Inﬁnitus,
877 574 1217 628 inaccessus
1247 575 1302 624 et
1327 569 1626 623 increatus
1657 567 1828 632 Deus,
1859 576 2077 632 corpus
2106 574 2198 614 as-

549 666 1059 736 sumpsit,propter
1071 662 1430 716 immensam
1446 664 1502 713 et
1515 654 1864 711 ineffabilem
1876 652 2194 707 bonitatem

550 770 746 819 suam,
780 759 854 818 et,
888 757 950 807 ut
981 752 1059 806 ita
1098 750 1330 821 loquar,
1372 746 1528 802 velut
1564 742 1864 799 imminuit
1902 757 1966 796 se
1996 740 2197 811 ipsum

548 845 627 901 ab
644 844 948 899 inaccessa
975 839 1165 911 gloria
1190 854 1202 904 ;
1229 843 1290 892 ut
1312 836 1464 892 uniri
1489 836 1699 906 posset
1722 830 2053 887 visibilibus
2075 827 2197 882 suis

549 931 852 995 creaturis,
884 929 1060 985 veluti
1095 926 1314 983 animis
1343 929 1690 981 sanctorum
1723 927 1779 977 et
1820 918 2194 989 angelorum,

548 1027 610 1079 ut
641 1021 874 1094 possint
895 1019 1027 1073 vitae
1062 1017 1282 1072 divinae
1306 1015 1622 1086 participes
1643 1011 1788 1066 ﬁeri.
1812 1006 2198 1077 Unumquod-

546 1126 662 1184 que
681 1112 839 1166 enim
862 1109 1100 1170 horum,
1126 1105 1456 1160 secundum
1480 1107 1758 1157 naturam
1783 1114 1956 1154 suam
1979 1112 2197 1168 corpus

546 1206 656 1265 est,
692 1197 941 1266 angelus
973 1195 1214 1259 scilicet,
1266 1193 1469 1248 anima
1504 1195 1560 1246 et
1602 1190 1880 1245 daemon:
1919 1185 2197 1258 quamvis

544 1291 704 1345 enim
737 1285 974 1341 subtilia
1007 1285 1144 1352 sint,
1186 1287 1386 1337 tamen
1427 1282 1485 1335 in
1527 1279 1882 1341 substantia,
1917 1275 2110 1330 forma
2141 1279 2197 1329 et

544 1379 739 1447 ﬁgura
763 1373 1098 1429 secundum
1121 1371 1468 1426 tenuitatem
1491 1374 1718 1424 naturae
1735 1381 1965 1431 eorum,
1989 1379 2197 1434 corpo-

545 1482 616 1522 ra
641 1470 780 1519 sunt
819 1462 1020 1518 tenuia
1055 1474 1066 1512 :
1095 1458 1614 1531 quemadmodum
1641 1463 1695 1511 et
1734 1455 1846 1511 hoc
1878 1469 2096 1524 corpus
2137 1454 2196 1506 in

549 1553 890 1610 substantia
912 1567 1017 1606 sua
1037 1564 1306 1605 crassum
1325 1553 1380 1602 et
1402 1546 1656 1601 solidum
1672 1551 1779 1600 est.
1807 1544 1900 1600 Sic
1925 1547 1978 1598 et
1996 1543 2198 1598 anima

548 1643 781 1700 subtilis
823 1657 959 1696 cum
1001 1641 1094 1706 sit,
1129 1635 1584 1708 comprehendit
1617 1635 1674 1690 in
1703 1650 1764 1689 se
1789 1633 2049 1695 oculum,
2093 1647 2199 1702 per

2306 473 2607 540 προσοῦσάν
2656 490 2745 542 μοι
2775 468 2998 544 δύναμιν
3033 471 3190 524 εἰπεῖν
3219 471 3471 545 βούλομαι
3513 491 3523 503 ·
3549 470 3630 526 διὸ
3671 486 3865 540 συνετῶς

2306 556 2564 612 ἀκούσατε
2610 578 2622 590 ·
2670 560 3161 634 Ἐσωματοποίησεν
3235 562 3412 616 ἑαυτόν
3463 565 3488 615 ό
3541 565 3740 640 ἄπειρος
3789 571 3867 620 καὶ

2307 647 2608 723 ἀπρόσιτος,
2670 655 2758 704 καὶ
2817 652 3063 713 ἀποίητος
3113 656 3263 719 Θεὸς,
3313 649 3407 705 διὰ
3442 653 3644 729 ἄπειρον
3689 660 3770 708 καὶ
3798 655 3873 708 ἀν-

2307 742 2537 795 εννόητον
2590 745 2959 811 χρηστότητα,
3010 747 3099 795 καὶ
3155 744 3220 802 ὡς
3265 742 3419 795 εἰπεῖν
3475 744 3544 805 ὡς
3597 746 3870 818 ἓσμίκρυνεν

2306 829 2461 879 αὑτὸν
2517 827 2572 880 ἐκ
2600 837 2696 891 τῆς
2747 830 3033 903 ἀπροσίτου
3087 828 3269 899 δόξης,
3315 833 3398 884 ἵνα
3432 835 3762 892 συνενωθῆναι
3790 831 3868 888 δυ-

2305 919 2435 988 νηθῇ
2518 926 2628 978 τοῖς
2693 921 2898 994 ὁρατοῖς
2951 920 3111 972 αύτοῦ
3181 926 3470 993 κτίσμασιν
3543 923 3642 974 οἷον
3692 922 3873 994 ψυχαῖς

2307 1007 2464 1077 ἁγίων
2516 1013 2605 1060 καὶ
2662 1007 2888 1080 ἀγγέλων
2937 1009 3087 1080 λέγω,
3151 1011 3232 1062 ἴνα
3287 1007 3559 1069 δυνηθῶσι
3609 1011 3735 1073 ζωῆς
3780 1015 3872 1066 θεό-

2305 1115 2461 1158 τητος
2497 1106 2810 1169 μετασχεῖν,
2869 1098 3125 1152 ’Ἐκαστον
3165 1102 3267 1171 γὰρ
3320 1102 3455 1152 κατά
3499 1104 3589 1158 τὴν
3638 1096 3766 1153 ἰδίαν
3794 1104 3876 1173 φύ-

2308 1204 2390 1237 σιν
2446 1187 2598 1258 σῶμά
2627 1189 2785 1252 ἑστιν,
2843 1189 2868 1239 ό
2918 1188 3149 1259 ἄγγελος,
3179 1191 3210 1246 ἡ
3265 1188 3446 1260 ψυχὴ,
3481 1191 3505 1240 ό
3543 1186 3733 1261 δαίμων
3757 1207 3767 1218 ·
3803 1192 3872 1243 ὅτι

2305 1273 2398 1326 κᾶν
2427 1275 2588 1327 λεπτά
2631 1274 2778 1344 ὦσιν,
2834 1278 2968 1349 ὅμως
3015 1276 3063 1329 ἐν
3115 1278 3409 1330 ὑποστάσει
3449 1283 3540 1330 καὶ
3577 1287 3873 1351 χαρακτῆρι,

2305 1369 2394 1415 καὶ
2441 1365 2617 1428 εἰκόνι,
2667 1367 2800 1417 κατὰ
2854 1370 2948 1424 τὴν
3001 1367 3284 1424 λεπτότητα
3332 1375 3423 1428 τῆς
3477 1369 3672 1438 φύσεως
3710 1368 3872 1439 αὐτῶν,

2309 1459 2529 1524 σώματα
2577 1457 2830 1526 τυγχάνει
2876 1455 3055 1520 λεπτὰ,
3106 1458 3278 1530 ὥσπερ
3320 1458 3370 1508 ἐν
3417 1458 3700 1510 ὑποστάσει
3745 1467 3873 1510 τοῦτο

2307 1545 2364 1592 τὸ
2394 1550 2547 1614 σῶμα
2592 1547 2742 1615 παχύ
2791 1547 2950 1597 ἐστιν.
3001 1546 3150 1598 Ούτω
3201 1550 3292 1598 καὶ
3320 1547 3351 1604 ἡ
3385 1545 3540 1618 ψυχὴ
3580 1546 3726 1606 λεπτὴ
3757 1545 3874 1600 οὖσα

2306 1631 2572 1703 περιέλαϐε
2627 1636 2714 1684 τὸν
2773 1633 3032 1706 ὀφθαλμὸν
3079 1631 3152 1687 δι’
3209 1635 3271 1687 οὗ
3315 1637 3434 1709 ὁρᾷ,
3484 1639 3542 1688 τὸ
3589 1634 3674 1698 οὖς
3727 1633 3791 1690 δι’
3831 1637 3881 1689 οὗ

547 1749 729 1805 quem
759 1730 934 1793 videt,
970 1743 1196 1790 aurem,
1241 1741 1346 1797 per
1375 1740 1562 1795 quam
1603 1723 1774 1779 audit
1805 1739 1817 1779 :
1850 1721 2116 1777 similiter
2145 1724 2194 1775 et

2309 1718 2503 1773 ἀκούει.
2553 1720 2776 1793 Ὁμοίως
2818 1726 2912 1782 τὴν
2966 1722 3214 1794 γλῶσσαν
3269 1721 3344 1777 δι’
3382 1725 3447 1785 ἧς
3482 1724 3639 1789 λαλεῖ,
3669 1729 3750 1783 την
3778 1731 3876 1796 χεῖ-

546 1823 842 1891 linguam,
875 1834 980 1890 per
1000 1833 1185 1888 quam
1217 1829 1554 1869 sermonem
1578 1812 1799 1884 profert
1831 1831 1843 1870 :
1878 1827 2118 1876 manus,
2143 1814 2199 1865 et

546 1912 605 1966 in
634 1924 874 1966 summa
907 1912 1091 1961 totum
1118 1920 1360 1975 corpus,
1393 1909 1448 1957 et
1480 1903 1750 1957 membra
1779 1901 1908 1971 ejus
1931 1898 2198 1970 comple-

548 2006 712 2056 ctens
731 1998 952 2061 anima,
978 1995 1398 2051 commiscetur
1415 2007 1551 2046 cum
1575 2007 1664 2056 eo,
1686 2006 1790 2062 per
1805 1989 1968 2060 quod
1986 2003 2197 2044 omnes

544 2089 723 2160 hujus
753 2087 1019 2143 actiones
1052 2101 1155 2139 seu
1187 2097 1372 2154 Opera
1401 2080 1520 2136 edit
1549 2085 1606 2135 et
1631 2085 1882 2135 exercet.

619 2217 679 2269 Χ.
718 2213 937 2268 Eodem
969 2208 1149 2265 modo
1181 2208 1357 2270 Deus,
1410 2205 1511 2277 qui
1554 2205 1702 2259 ﬁnes
1749 2207 1804 2259 et.
1834 2203 2194 2258 intellectum

545 2307 820 2359 nostrum
843 2301 1018 2367 longe
1050 2295 1429 2357 transcendit,
1460 2309 1564 2365 per
1581 2293 1905 2348 bonitatem
1928 2307 2099 2346 suam
2131 2306 2194 2346 se

545 2395 744 2464 ipsum
769 2387 1085 2450 imminuit,
1106 2391 1161 2441 et
1181 2385 1376 2440 induit
1401 2382 1672 2438 membra
1690 2381 1957 2452 corporis
1989 2380 2191 2450 hujus,

545 2489 602 2538 et
643 2479 878 2536 retraxit
918 2493 979 2532 se
1008 2476 1207 2547 ipsum
1249 2474 1325 2528 ab
1365 2471 1674 2527 inaccessa
1708 2470 1940 2539 gloria:
1993 2485 2062 2523 ac
2091 2485 2196 2540 per

546 2567 1025 2626 benevolentiam
1047 2570 1104 2619 et
1126 2561 1563 2618 humanitatem
1584 2576 1777 2628 suam,
1799 2564 2195 2614 transmutata

549 2659 762 2721 forma,
786 2654 1115 2725 assumpsit
1133 2667 1349 2722 corpus
1372 2655 1426 2705 et
1450 2649 1889 2714 commiscetur,
1910 2652 2087 2718 atque
2104 2665 2194 2703 as-

547 2748 727 2803 sumit
749 2749 979 2800 animas
998 2747 1233 2796 sanctas
1253 2739 1363 2794 sibi
1390 2754 1574 2810 quam
1594 2742 1872 2808 acceptas
1895 2742 1949 2792 et
1964 2737 2190 2803 ﬁdeles,

547 2842 604 2893 et
622 2837 833 2890 ﬁtcum
849 2835 931 2888 eis
947 2847 1101 2887 unus
1113 2831 1399 2900 Spiritus,
1415 2827 1742 2883 secundum
1762 2828 1988 2882 dictum
2002 2825 2191 2882 Pauli:

546 2926 770 2988 anima,
799 2929 860 2978 ut
879 2923 960 2978 ita
981 2921 1214 2992 loquar,
1231 2919 1430 2974 evadit
1451 2918 1509 2972 in
1530 2918 1818 2982 animam,
1843 2916 2194 2972 etsubstan-

542 3017 624 3071 tia
646 3015 705 3069 in
732 3012 1156 3074 substantiam,
1187 3013 1250 3063 ut
1272 3009 1459 3080 possit
1482 3007 1686 3063 anima
1705 3006 1765 3061 in
1795 3006 2053 3061 novitate
2082 3005 2192 3075 16

541 3105 738 3161 vivere
780 3108 836 3158 et
874 3098 1272 3157 immortalem
1321 3098 1499 3152 vitam
1547 3095 1784 3160 sentire,
1842 3110 1911 3150 ac
1959 3100 2194 3151 internas

2306 3115 2415 3160 σαι,
2443 3100 2533 3147 καὶ
2554 3095 2833 3148 αἰσθέσθαι
2866 3095 3127 3149 ἀθανάτου
3170 3098 3329 3163 ζωῆς,
3363 3104 3462 3152 καὶ
3507 3097 3666 3162 δόξης
3711 3097 3876 3169 ἀφθάρ-

537 3194 739 3263 glorias
761 3191 1058 3264 particeps
1080 3187 1228 3256 ﬁeri,
1261 3203 1351 3251 ea,
1382 3187 1654 3257 inquam,
1677 3184 1900 3251 anima,
1932 3199 2066 3256 quae
2097 3200 2190 3252 eo,

541 3287 660 3340 Deo
700 3282 938 3343 scilicet,
981 3279 1164 3347 digna
1207 3280 1314 3340 est,
1358 3276 1530 3346 eique
1572 3274 1894 3344 perplacet.
1938 3274 1993 3329 Si
2032 3273 2191 3328 enim

546 3375 699 3427 Deus
744 3387 815 3424 ex
853 3370 943 3433 iis,
993 3383 1127 3439 quae
1175 3381 1296 3420 non
1324 3368 1512 3424 erant,
1565 3369 1626 3418 ut
1668 3369 1887 3426 essent,
1928 3361 2196 3416 condidit

543 3460 701 3515 hanc
731 3457 1022 3512 visibilem
1056 3459 1412 3518 creaturam,
1444 3467 1669 3520 magna
1695 3467 1833 3505 cum
1864 3450 2192 3505 differentia

542 3553 598 3604 et
623 3547 926 3608 varietate,
953 3559 1108 3614 quae,
1135 3547 1461 3612 antequam
1482 3541 1668 3603 ﬁeret,
1688 3555 1808 3594 non
1835 3545 1958 3594 erat
1979 3542 2020 3574 ³1
2051 3557 2064 3606 ;
2094 3555 2193 3594 νο-

539 3637 644 3693 luit
665 3635 864 3697 etiam,
893 3638 947 3688 et
979 3631 1139 3685 nullo
1170 3646 1307 3684 cum
1331 3629 1534 3683 labore
1561 3627 1826 3683 condidit
1851 3628 2028 3692 exiis,
2056 3644 2192 3700 quas

541 3741 664 3782 non
704 3727 888 3785 erant,
925 3719 1290 3775 substantias
1317 3718 1540 3772 solidas
1568 3725 1622 3772 et
1657 3717 1859 3782 duras,
1898 3716 2055 3772 velut
2084 3723 2191 3773 ter-

542 3830 696 3879 ram,
742 3816 998 3873 montes,
1057 3809 1301 3863 arbores
1343 3806 1502 3877 (quae
1554 3805 1802 3861 durities
1850 3811 2079 3860 natura:
2119 3807 2194 3861 sit

541 3903 753 3972 vides),
782 3906 838 3956 et
872 3915 1076 3954 rursus
1115 3895 1343 3951 medias
1381 3911 1587 3966 aquas,
1627 3899 1682 3950 et
1717 3911 1787 3950 ex
1815 3895 1883 3949 iis
1922 3894 2191 3950 volucres

539 3993 706 4048 nasci
734 3988 1044 4046 mandavit
1077 4005 1088 4041 :
1119 3990 1175 4041 et
1196 3986 1393 4040 denuo
1418 3985 1705 4049 tenuiora,
1733 3983 1933 4053 ignem
1965 4001 2031 4040 ac
2057 4000 2194 4040 ven-

539 4088 655 4148 tos,
715 4087 770 4136 et
814 4086 1049 4142 caetera,
1102 4092 1238 4148 quas
1283 4081 1527 4146 propter
1565 4073 1948 4130 subtilitatem
2003 4074 2194 4130 aciem

538 4171 693 4228 oculi
724 4168 992 4240 corporei
1025 4165 1337 4234 effugiunt.

605 4297 691 4351 ΧΙ.
730 4295 858 4358 Quo
912 4296 1086 4362 pacto
1119 4289 1354 4345 inﬁnita
1401 4294 1457 4344 et
1488 4287 1807 4344 inefl'abilis
1853 4287 2195 4359 multiplicis

539 4384 849 4454 sapientiae
881 4382 1097 4434 divinae
1126 4377 1372 4433 scientia
1394 4378 1660 4432 condidit
1688 4393 1758 4432 ex
1789 4378 1877 4441 iis,
1906 4393 2042 4448 quas
2075 4392 2195 4431 non

539 4478 725 4536 erant,
781 4477 832 4524 et
878 4469 1196 4533 crassiora,
1246 4473 1301 4523 et
1352 4466 1681 4530 subtiliora,
1727 4471 1782 4521 et
1829 4465 2195 4537 simpliciora

537 4576 810 4632 corpora,
845 4574 980 4630 quae
1020 4557 1408 4611 subsisterent
1435 4554 1742 4610 voluntate
1771 4571 1878 4610 sua
1913 4573 1924 4613 :
1966 4561 2192 4627 quanto

540 4651 738 4720 magis
785 4650 932 4720 ipse,
981 4647 1083 4718 qui
1123 4651 1213 4699 est
1266 4651 1329 4699 ut
1376 4644 1521 4709 vult,
1569 4652 1624 4699 et
1681 4644 1845 4715 quod
1895 4645 2040 4710 vult,
2093 4660 2197 4715 per

535 4737 1004 4795 inenarrabilem
1033 4734 1408 4789 clementiam
1446 4741 1500 4787 et
1531 4733 2195 4803 incomprehensibilem

539 4827 868 4882 bonitatem
891 4826 1092 4894 seipse
1118 4827 1479 4876 transmutat
1502 4821 1870 4877 etimmiuuit
1895 4837 2078 4893 seque
2101 4840 2198 4878 as-

547 4913 791 4978 similat,
845 4917 1181 4980 assumpto,
1239 4910 1443 4979 quoad
1501 4925 1695 4980 capax
1750 4909 1880 4975 fuit,
1925 4926 2193 4982 corpore,

551 5002 800 5069 sanctis,
829 5000 1026 5069 dignis
1041 4997 1400 5054 acﬁdelibus
1416 4997 1764 5062 animabus;
1794 4999 2198 5071 utconspicia-

548 5097 641 5147 tur
666 5091 743 5145 ab
771 5091 839 5144 iis
871 5091 916 5141 is
943 5087 1046 5159 qui
1078 5089 1188 5141 sub
1207 5091 1514 5157 aspectum
1548 5102 1667 5140 non
1688 5087 1864 5153 cadit,
1891 5093 1946 5143 et
1970 5094 2195 5143 contre‘

542 5185 734 5236 ctetur
756 5179 1087 5233 secundum
1115 5182 1392 5231 naturam
1420 5175 1720 5230 tenuitatis
1750 5178 1987 5243 animae,
2014 5179 2060 5232 is
2091 5179 2195 5250 qui

542 5275 766 5327 tactum
796 5281 1039 5323 omnem
1068 5264 1274 5334 effugit
1309 5279 1319 5318 :
1363 5269 1419 5319 et
1450 5264 1532 5319 sic
1564 5264 1880 5332 degustent
1925 5267 2035 5337 ipsi
2067 5268 2195 5338 ejus

544 5360 922 5419 suavitatem,
962 5363 1015 5411 et
1044 5353 1410 5424 benignitate
1447 5353 1692 5408 luminis
1731 5353 2050 5411 ineffabilis
2089 5372 2195 5411 vo-

537 5449 768 5523 uptatis
793 5447 925 5517 ipso
952 5445 1361 5516 experimento
1380 5442 1671 5500 fruantur.
1698 5444 2195 5519 Quandocumque

613 5640 657 5678 ³¹
692 5640 862 5696 Rom.
897 5652 973 5704 1v,
1008 5605 1101 5692 17.-

2306 1830 2394 1885 ρα,
2437 1815 2526 1862 καὶ
2570 1811 2907 1877 ἁπαξαπλῶς,
2955 1819 3056 1864 πᾶν
3109 1822 3279 1886 σῶμα,
3343 1819 3436 1866 καὶ
3481 1816 3546 1866 τὰ
3587 1815 3705 1887 με’λη
3743 1813 3879 1867 αὐτοῦ

2306 1899 2659 1974 περιλαϐοῦσα
2705 1903 2734 1959 ἡ
2795 1901 2974 1973 ψυχὴ,
3029 1906 3406 1975 συγκέκραται,
3451 1900 3524 1957 δι’
3573 1903 3630 1958 οὗ
3685 1902 3880 1978 ἀπεργά-

2308 1989 2452 2050 ζεται
2481 1993 2652 2044 πάντα
2679 1992 2746 2043 τὰ
2765 1999 2856 2044 τοῦ
2889 1991 3011 2064 βίου
3047 1989 3465 2066 ἐπιτηδεύματα.

2376 2202 2436 2256 I’.
2513 2205 2612 2256 Τὸν
2665 2203 2821 2256 αύτὸν
2871 2208 3057 2279 τρόπον
3111 2207 3136 2258 ό
3194 2207 3407 2281 ἄπειρος
3460 2211 3548 2260 καὶ
3606 2205 3876 2268 ἀνέννόητος

2305 2295 2435 2352 Θεὸς
2490 2300 2550 2364 τῇ
2606 2299 2939 2368 χρηστότητι
2996 2295 3153 2348 αὐτοῦ
3203 2296 3512 2370 ἐσμίκρυνεν
3569 2298 3733 2362 αὑτὸν,
3796 2299 3876 2348 καὶ

2304 2377 2586 2434 ἇνεδύσατο
2633 2385 2700 2435 τά
2748 2383 2873 2455 μέλη
2918 2391 3008 2437 τοῦ
3061 2391 3304 2458 σώματος
3355 2389 3567 2454 τούτου,
3623 2391 3707 2439 καὶ
3755 2386 3875 2458 πέρι-

2303 2469 2475 2522 έλαϐεν
2532 2469 2710 2523 ἑαυτὸν
2764 2471 2865 2525 ἀπὸ
2918 2481 3014 2535 τῆς
3071 2473 3363 2550 ἀπροσίτου
3421 2473 3577 2538 δόξης
3604 2492 3615 2504 ·
3673 2480 3756 2528 καὶ
3807 2471 3884 2527 διὰ

2304 2561 2603 2631 ἡμερότητα
2671 2566 2762 2613 καὶ
2822 2562 3205 2637 φιλανθρωπίαν
3260 2567 3740 2638 μεταμορφούμενος
3796 2583 3882 2616 σω-

2303 2656 2578 2719 ματοποιεί
2617 2650 2818 2719 ἑαυτὸν,
2849 2657 2934 2703 καὶ
2991 2651 3356 2724 ἀναμίγνυται,
3431 2659 3521 2707 καὶ
3571 2652 3881 2729 παραλαμϐά-

2302 2757 2376 2790 νει
2408 2741 2502 2800 τὰς
2531 2738 2685 2810 ἁγίας
2713 2745 2803 2792 καὶ
2848 2740 3156 2815 εὐαρέστους
3206 2747 3296 2795 καὶ
3340 2747 3547 2805 πιστὰς
3593 2742 3778 2815 ψυχὰς,
3807 2745 3878 2792 καὶ

2302 2833 2538 2898 γίγνεται
2592 2833 2700 2900 μετ’
2751 2829 2918 2881 αὐτῶν
2971 2830 3044 2892 εἰς
3091 2830 3147 2882 ἓν
3215 2837 3499 2904 Πνεῦμα,
3555 2835 3687 2885 κατά
3735 2832 3875 2900 λόγιον

2306 2917 2512 2969 Παύλου
2546 2936 2559 2949 ·
2600 2917 2756 2989 ψυχὴ
2789 2921 2858 2979 ὡς
2904 2919 3062 2971 εἰπεῖν
3119 2919 3187 2981 εἰς
3237 2919 3458 2992 ψυχὴν,
3489 2927 3574 2974 καὶ
3627 2923 3873 2977 ὑπόστασις

2304 3006 2375 3068 εἰς
2399 3007 2714 3072 ὑπόστασιν,
2750 3009 2832 3060 ἶνα
2877 3009 2907 3065 ἡ
2942 3007 3128 3079 ψυχὴν
3152 3005 3352 3081 δυνηθῇ
3394 3011 3447 3063 ἐν
3488 3020 3549 3083 τῇ
3580 3015 3768 3068 νεότητι
3794 3009 3872 3068 ζῆ·

2304 3204 2395 3238 του
2424 3189 2652 3257 μέτοχος
2696 3189 2928 3257 γένηται,
2965 3189 2994 3245 ἣ
3026 3206 3086 3258 γε
3125 3187 3246 3249 ἀξία
3276 3188 3445 3242 αὐτοῦ
3485 3196 3574 3243 καὶ
3604 3190 3864 3264 εὐάρεστος.

2302 3273 2362 3326 Εἰ
2389 3275 2486 3346 γὰρ
2528 3272 2579 3335 ἐξ
2618 3275 2711 3326 οὐκ
2743 3277 2894 3327 ὄντων
2945 3276 3014 3338 εἷς
3063 3279 3120 3328 τὸ
3180 3274 3310 3329 εἶναι
3358 3285 3613 3337 πεποίηκε
3648 3282 3728 3336 τὴν
3765 3277 3878 3347 ὁρωο
4026 3273 4027 3320 i

2303 3367 2458 3434 μένην
2513 3367 2687 3414 κτίσιν
2743 3367 3013 3429 τοιαύτην,
3057 3368 3106 3416 ἓν
3165 3365 3322 3438 πολλῇ
3377 3386 3487 3421 τινι
3545 3366 3758 3440 διαφορᾷ
3803 3365 3875 3414 καὶ

3462 3459 3491 3516 η
3503 3458 3615 3515 θελη
3625 3475 3678 3509 σε
3712 3452 3782 3520 δὲ,
3808 3454 3878 3504 καὶ

2303 3540 2519 3601 εὐκόλως
2594 3544 2836 3599 ἐποίησεν
2914 3545 2968 3594 ἐκ
3037 3552 3136 3595 τῶν
3208 3549 3279 3616 μὴ
3364 3549 3527 3599 ὄντων
3602 3545 3879 3599 ὑποστάσεις

2301 3635 2529 3701 παχείας
2582 3636 2672 3682 καὶ
2727 3630 2973 3702 σκληρὰς,
3023 3631 3127 3684 οἷον
3185 3640 3282 3704 γῆν
3331 3633 3489 3705 λέγω,
3549 3639 3662 3710 ὅρη,
3715 3628 3878 3703 δένδρα

2303 3720 2447 3792 (ὁρᾷς
2478 3721 2563 3771 οἶα
2594 3720 2889 3794 σκληρότης
2915 3722 3132 3792 φύσεως)
3175 3736 3187 3748 '
3226 3727 3315 3774 καὶ
3359 3724 3519 3776 πάλιν
3549 3729 3681 3796 μέσα
3704 3718 3872 3773 ὕδατα·

2301 3813 2391 3860 καὶ
2436 3808 2489 3870 ἐξ
2536 3808 2702 3861 αύτῶν
2755 3812 3031 3879 γεννᾶσθαι
3075 3814 3279 3863 πετεινά
3331 3814 3623 3886 προσέταξε
3652 3830 3664 3844 ⁶
3697 3815 3776 3863 καὶ
3801 3807 3880 3860 πά-

2301 3896 2378 3948 λιν
2416 3897 2714 3971 λεπτότερα,
2747 3907 2872 3970 πῦρ,
2918 3903 3007 3951 καὶ
3055 3899 3294 3970 ἀνέμους,
3339 3907 3435 3954 καὶ
3489 3886 3603 3956 διὰ.
3632 3901 3881 3954 λεπτότητα

2305 3991 2372 4058 μὴ
2402 3988 2634 4059 ὁρώμενα
2661 3995 2734 4057 τῷ
2774 3996 2866 4041 τοῦ
2901 3993 3139 4060 σώματος
3175 3989 3448 4062 ὀφθαλμῷ.

2304 3451 2554 3523 ποικιλίᾳ,
2587 3457 2676 3504 καὶ
2705 3458 2826 3524 πρὶν
2868 3456 3108 3524 γενέσθαι
3149 3455 3243 3506 οὐκ
3276 3451 3338 3512 ἧν
3384 3472 3404 3488 ο

2377 4289 2480 4341 ΙΑ¹.
2515 4296 2632 4351 Πῶς
2684 4291 2712 4349 ἡ
2770 4292 2976 4366 ἄπειρος
3020 4295 3110 4344 καὶ
3157 4287 3549 4365 ἀνεκδιηγητος
3595 4300 3688 4354 τῆς
3751 4285 3880 4342 πολυ-

2305 4378 2540 4432 ποικίλου
2594 4383 2778 4450 σοφίας
2827 4388 2916 4431 τοῦ
2970 4387 3103 4434 Θεοῦ
3143 4386 3302 4453 τέχνη
3337 4385 3541 4436 ἔκτισεν
3572 4382 3624 4434 ἐκ
3648 4385 3715 4454 μὴ
3750 4382 3878 4430 ὄντων

2305 4470 2584 4540 παχύτερα
2651 4472 2739 4520 καὶ
2818 4469 3098 4542 λεπτότερα
3173 4475 3263 4522 καὶ
3329 4470 3635 4546 ἁπαλώτερα
3691 4473 3880 4538 σώματα

2306 4557 2632 4610 ένυπόστατα
2674 4566 2747 4628 τῷ
2807 4558 3056 4630 θελήματι
3088 4559 3248 4612 αὐτοῦ
3282 4577 3295 4626 ;
3329 4566 3480 4633 πόσῳ
3528 4559 3711 4633 μᾶλλον
3747 4553 3878 4611 αὐτὸς

2307 4651 2373 4699 ὧν
2403 4650 2466 4708 ὡς
2519 4647 2667 4711 θελει,
2694 4647 2840 4699 καὶὸ
2893 4648 3042 4713 θέλει,
3089 4646 3184 4701 διὰ
3231 4655 3585 4722 χρηστότητα
3621 4650 3874 4722 ἄφραστον,

2306 4741 2395 4789 καὶ
2441 4735 2743 4806 ἀγαθότητα
2789 4735 3081 4795 ἀνεννόητον
3129 4737 3438 4810 μεταϐάλλει
3493 4743 3582 4792 καὶ
3613 4735 3873 4808 σμικρύνειν

2305 4830 2395 4878 καὶ
2451 4826 2680 4898 ἐξομοιοῖ
2729 4825 2927 4891 ἑαυτὸν,
2999 4837 3372 4898 σωματοποιών
3451 4831 3584 4881 κατά
3638 4830 3874 4896 χώρησαν

2306 4922 2420 4976 ταῖς
2468 4915 2644 4986 ἁγίαις
2693 4920 2782 4966 καὶ
2837 4913 3000 4977 ἀξίαις
3041 4923 3257 4978 πισταῑς
3304 4916 3558 4989 ψυχαῖς·
3603 4916 3682 4966 ἵνα
3733 4900 3871 4980 ὀρσιθῇ

2307 5005 2489 5065 αύταίς
2541 5006 2566 5055 ό
2617 5003 2850 5077 ἀόρατος,
2919 5009 3007 5056 καὶ
3071 5005 3356 5078 ψηλαφηθῇ
3408 5009 3540 5058 κατά
3603 5006 3692 5060 τὴν
3741 5000 3876 5070 φύσιν

2305 5101 2398 5154 τῆς
2437 5093 2744 5153 λεπτότητος
2781 5102 2876 5154 τῆς
2922 5094 3104 5164 ψυχῆς
3152 5096 3177 5146 ὀ
3221 5094 3558 5167 ἀψηλσίφητος
3609 5110 3620 5121 ·
3679 5093 3762 5141 καὶ
3805 5083 3873 5134 αῖ·

2309 5184 2536 5234 σθωνται
2563 5182 2724 5234 αὐτοῦ
2749 5189 2842 5244 τῆς
2871 5183 3218 5253 γλυκύτητος,
3256 5189 3344 5235 καὶ
3389 5192 3480 5245 τῆς
3534 5181 3876 5254 χρηστότητος

2308 5278 2396 5322 τοῦ
2473 5274 2638 5342 φωτὸς
2710 5279 2802 5333 τῆς
2865 5269 3092 5345 ἀῤῥήτου
3171 5271 3503 5332 ἀπολαύσεως
3562 5269 3686 5339 αὐτῇ
3742 5265 3876 5331 πείρᾳ

2307 5357 2692 5413 ἀπολαύσωσιν.
2751 5359 2874 5413 Ὀτε
2923 5360 3169 5433 βούλεται
3225 5369 3324 5435 πῦρ
3383 5367 3595 5433 γίνεται,
3644 5360 3737 5408 πᾶν
3766 5353 3875 5422 φαῦ·

2305 5447 2388 5500 λον
2421 5452 2512 5500 καὶ
2558 5452 2862 5503 ἐπείσακτον
2906 5453 3069 5514 πάθος
3100 5460 3194 5514 τῆς
3231 5450 3418 5524 ψυχῆς
3454 5451 3727 5501 κατακαῑον
3757 5457 3767 5470 ⁸
3801 5436 3874 5488 καὶ
