4084 6256
190 336 288 399 481
1475 330 1633 388 HOM
1642 328 1800 389 ΙΙ..ῐῶ

1973 330 2143 392 HOM.
2186 324 2278 391 IV.
3447 343 3575 407 432‘

190 471 294 540 γὰρ
352 468 380 519 ὁ
442 470 594 529 Θεὸς
656 469 827 541 ἡμῶν
883 472 1005 537 πῦρ
1067 460 1570 526 καταναλίσκον,
1639 465 1799 532 φησίν

1942 463 2029 519 ult
2057 463 2121 518 ﬁt
2149 463 2322 532 ignis,
2348 477 2592 518 omnem
2633 463 2979 537 improbam
3005 472 3083 527 'et
3117 473 3269 530 ultro
3299 481 3555 536 accersi-

189 558 314 611 Ὀτι
348 557 612 630 βούλεται,
656 557 948 618 ἀνάπαυσις
983 554 1209 629 ἄρρητός
1262 558 1349 604 καὶ
1394 552 1683 623 ἄφραστος,
1718 552 1799 602 ἶνα

1948 569 2033 608 ιω
2064 552 2441 608 affectionem
2470 552 2755 609 adurens.
2786 556 2936 612 Deus
2976 562 3131 616 enim
3174 569 3376 622 noster
3402 568 3561 639 ignis

194 646 403 719 ἀναπαῇ
453 647 742 699 ἀναπαύσει
798 649 1033 704 θεότητος
1079 646 1109 700 ἡ
1159 642 1355 713 ψυχή·
1400 643 1479 693 ὅτε
1534 639 1794 711 βούλεται,

1948 657 2255 697 onsumens
2269 644 2350 695 est
2380 644 2654 713 ",inquit
2688 662 2699 709 ;
2731 646 2977 715 quando
3006 649 3132 705 vult
3157 650 3221 708 ﬁt
3242 654 3561 713 ineﬂ'abilis

190 739 344 811 χαρὰ
380 741 471 788 καὶ
504 736 706 809 εἰρήνη,
740 736 946 788 θάλπων
972 739 1063 785 καὶ
1092 734 1344 805 περιέπων
1376 730 1558 787 αύτὴν.

1948 736 2206 787 tarcana
2235 732 2489 801 requies,
2525 737 2585 785 ut
2609 735 2943 804 requiescat
2990 739 3194 797 anima
3243 742 3303 797 in
3355 747 3561 817 requie

1908 818 2113 874 divina
2141 839 2162 876 :
2189 818 2437 890 quando
2471 819 2683 886 vult,ﬁt
2712 823 3003 891 gaudium
3022 834 3079 883 et
3103 845 3242 899 pax,
3271 830 3480 890 fovens
3508 839 3565 891 et

1910 914 2229 979 protegens
2254 907 2545 963 animam.

269 1017 369 1073 IB'.
402 1016 463 1070 Εἰ
493 1012 552 1068 δε
581 1020 671 1067 καὶ
701 1015 773 1076 εἰς
798 1013 846 1066 ἓν
875 1022 973 1067 τῶν
1004 1014 1303 1084 κτισμάτων
1334 1012 1513 1064 ἑαυτὸν
1545 1010 1801 1083 ἀφομοιῶ-

1986 1014 2093 1068 ΧΙΙ.
2138 1015 2193 1069 Si
2224 1028 2365 1069 vero
2407 1014 2557 1069 Deus
2599 1015 2753 1087 velit,
2798 1020 2894 1073 uni
2937 1030 3271 1082 creaturam
3308 1029 3564 1088 similem

200 1127 294 1161 σαι
310 1106 575 1179 βούλεται,
596 1101 669 1157 δι’
699 1102 1010 1175 ἀγαλλίασιν
1040 1107 1129 1153 καὶ
1154 1102 1473 1175 εὐφροσύνην
1504 1108 1603 1152 τῶν
1620 1109 1801 1175 νοερὼν

1947 1118 1974 1158 e
2000 1102 2265 1166 reddere,
2312 1110 2550 1173 propter
2589 1107 3046 1165 exsultationem
3076 1119 3132 1167 et
3185 1117 3449 1173 lmtitiam
3473 1122 3560 1175 in-

197 1198 524 1268 κτισμάτων,
560 1194 664 1245 οἷον
696 1194 725 1252 ἦ
778 1192 925 1252 πόλις
969 1195 1135 1263 φωτός
1186 1190 1546 1263 Ἰερουσαλὴμ,
1600 1191 1629 1247 ἡ
1688 1193 1803 1264 ὄρος

1950 1192 2899 1262 alligilbiumcreaturarum,velut
2929 1205 3020 1253 est
3051 1208 3153 1256 aut
3178 1204 3385 1260 civitas
3410 1206 3563 1263 lucis

202 1290 329 1338 Σιὼν
360 1284 687 1355 ἐπουράνιον,
747 1279 967 1333 δύναται
994 1284 1062 1342 ως
1094 1279 1222 1331 θελει
1260 1282 1428 1332 πάντα
1456 1281 1630 1338 καθὼς
1661 1279 1805 1349 εἰρη-

1948 1280 2259 1342 erusalem,
2301 1286 2405 1335 aut
2461 1297 2635 1337 mons
2686 1286 2824 1339 Sion
2879 1289 3162 1354 cmlestis,
3203 1301 3395 1362 potest
3454 1313 3561 1367 pro

202 1394 327 1427 ται·
389 1372 604 1444 ’Υμεῐς
678 1368 749 1422 δὲ
809 1368 1372 1443 προσεληλύθατε
1428 1373 1587 1419 Σιὼν
1648 1372 1802 1440 ὄρει,

1955 1369 2218 1424 oluntate
2242 1370 2465 1432 omnia,
2489 1371 3010 1441 quemadmodum
3033 1377 3255 1435 dictum
3287 1388 3375 1437 est
3410 1405 3423 1440 :
3460 1386 3566 1441 Vos

203 1471 310 1516 atati
348 1462 536 1514 πόλει
576 1466 744 1513 Θεοῦ
786 1460 1042 1522 ζῶντος,
1082 1459 1506 1533 Ἰερουσαλὴμ
1546 1457 1807 1530 ἐπουρα-

1957 1464 2113 1514 uiem
2141 1460 2463 1513 accessistis
2486 1459 2566 1514 ad
2594 1459 2734 1515 Sion
2759 1472 3033 1529 montem,
3061 1472 3113 1522 et
3136 1468 3432 1527 civitatem
3463 1476 3570 1530 Dei

203 1560 312 1625 νίῳ
346 1556 522 1604 Πάντα
552 1551 737 1602 εὔκολα
762 1549 902 1618 αύτῷ
934 1554 1023 1599 καὶ
1054 1550 1267 1620 εὐχερῆ,
1315 1548 1386 1609 εἰς
1430 1546 1464 1597 ἆ
1494 1548 1621 1599 θέλει
1655 1565 1809 1618 μετα-

1957 1546 2186 1611 iventis,
2201 1547 2531 1602 Jerusalem
2545 1549 2833 1604 caelestem
2849 1552 2917 1616 ³³;
2935 1557 3140 1610 omnia
3154 1558 3207 1611 ei
3223 1566 3362 1614 sunt
3375 1561 3570 1619 facilia

201 1646 546 1717 μορφουμένῳ
582 1647 691 1698 ταῖς
740 1638 912 1700 ἀξίαις
960 1640 1118 1690 αὑτοῦ
1162 1643 1251 1689 καὶ
1294 1644 1503 1696 πισταῖς
1555 1636 1763 1707 ψυχαῖς
1791 1650 1805 1664 ·

1957 1643 1975 1691 t
2002 1635 2307 1707 proclivia,
2336 1636 2440 1707 qui
2474 1651 2557 1700 se,
2588 1638 2647 1691 in
2680 1652 2867 1708 quam
2901 1640 3024 1696 vult
3055 1645 3339 1714 speciem,
3375 1656 3570 1706 trans-

202 1740 360 1804 μόνον
389 1750 462 1789 τις
495 1729 832 1799 ἀγωνιζέσθω
861 1728 1003 1799 φίλος
1050 1733 1139 1778 καὶ
1170 1727 1440 1801 εὐάρεστος
1469 1725 1605 1796 αύτῲ
1633 1730 1808 1796 γίνεσ-

1955 1729 2131 1787 autat,
2165 1724 2222 1777 in
2264 1723 2521 1794 gratiam
2561 1739 2631 1779 eo
2672 1725 2994 1795 dignarum
3033 1738 3089 1785 et
3127 1732 3394 1791 ﬁdelium
3436 1741 3568 1793 ani-

207 1824 319 1887 θαι,
350 1825 442 1872 καὶ
473 1818 603 1890 αὐτῇ
653 1822 809 1889 πείρᾳ
830 1822 921 1867 καὶ
948 1817 1191 1874 αἰσθήσει
1221 1815 1405 1886 ὄψεται
1452 1815 1629 1886 ἀγαθά
1658 1815 1808 1867 ἐπουο

1959 1828 2159 1868 1arum
2188 1830 2209 1866 :
2241 1813 2423 1866 modo
2452 1812 2586 1883 quis
2608 1814 2877 1870 intendat
2897 1816 2947 1871 ei
2974 1827 3179 1886 gratus
3207 1828 3264 1877 et
3290 1833 3572 1897 acceptus

203 1912 384 1983 ράνια,
422 1912 512 1959 καὶ
555 1911 751 1979 τρυφὴν
784 1904 1152 1979 ἀνέκφραστόν,
1186 1911 1275 1956 καί⁹
1328 1904 1548 1956 πλούτου
1600 1904 1810 1976 ἄπειρόν

1968 1902 2048 1956 eri
2081 1921 2095 1956 :
2128 1909 2184 1955 et
2212 1900 2459 1971 quidem
2498 1901 2632 1970 ipso
2660 1901 2817 1958 facto
2858 1909 2916 1959 et
2948 1921 3128 1962 sensu
3163 1910 3381 1968 videbit
3413 1915 3577 1972 bona

208 2002 453 2059 θεότητος
510 1993 1089 2066 ἀληθῶς,ἂόφθαλμός
1142 1995 1236 2046 οὐκ
1292 1996 1394 2060 ἴδε,
1451 1999 1540 2045 atati
1596 1990 1685 2052 οὖς
1719 1993 1811 2045 ούκ

1966 1990 2204 2053 mlestia,
2247 1995 2303 2044 et
2349 1989 2592 2045 delicias
2639 1990 2992 2059 ineffabiles,
3033 2002 3211 2068 atque
3249 2000 3579 2060 immensas

204 2090 428 2154 ἤκουσε,
491 2091 581 2137 καὶ
636 2084 720 2136 ἐπὶ
765 2081 990 2158 καρδίαν
1055 2084 1327 2156 ἀνθρώπου
1378 2083 1472 2135 οὐκ
1530 2080 1705 2151 ἀνέϐη,
1755 2085 1812 2133 τὸ

1963 2094 2060 2133 ere
2089 2078 2321 2132 divitias
2350 2076 2673 2133 divinitatis
2702 2081 2769 2145 ³⁸,
2798 2097 2934 2152 quas
2959 2091 3113 2140 certe
3136 2089 3342 2145 omnia
3368 2091 3575 2146 oculus

209 2185 425 2248 Πνεῦμα
481 2182 572 2226 τοὺ
627 2178 821 2247 Κυρίου
877 2177 1176 2245 γιγνόμενον
1237 2174 1309 2234 εὶς
1366 2171 1660 2224 ἀνάπαυσιν
1714 2179 1814 2223 τῶν

1969 2183 2046 2223 on
2086 2167 2251 2232 vidit,
2283 2181 2392 2221 nec
2431 2167 2590 2221 auris
2630 2168 2874 2235 audivit,
2910 2186 3018 2226 nec
3054 2188 3190 2244 quae
3230 2178 3289 2232 in
3330 2194 3431 2234 cor
3469 2180 3580 2235 ho-

210 2267 373 2330 ἀξίων
433 2265 647 2336 ψυχῶν,
722 2269 812 2314 καὶ
895 2262 1223 2333 ἀγαλλίασιν,
1291 2267 1381 2313 καὶ
1438 2265 1653 2334 τρυφὴν,
1726 2267 1815 2313 καὶ

1966 2258 2105 2312 linis
2136 2255 2557 2311 ascenderunt.
2588 2257 2790 2329 Fitque
2822 2261 3069 2330 Spiritus
3097 2266 3331 2320 Domini
3372 2271 3449 2323 ad
3488 2284 3579 2324 re-

212 2357 352 2417 ζωὴν
420 2355 645 2406 αἰώνιον.
726 2358 1079 2422 Σωματοπόιεί
1156 2354 1257 2423 γὰρ
1335 2350 1513 2403 ἑαυτὸν
1586 2357 1675 2401 καὶ
1751 2349 1817 2410 εἰς

1976 2346 2129 2399 uiem
2168 2345 2511 2399 animarum
2550 2344 2891 2413 dignarum,
2925 2355 2981 2404 et
3018 2353 3496 2425 exsultationem,
3529 2362 3586 2413 et

212 2444 423 2517 βρῶσιν
476 2448 561 2494 καὶ
593 2448 748 2493 πόσιν
799 2442 825 2490 ό
861 2440 1070 2513 Κύριος,
1133 2442 1301 2500 καθὼς
1330 2444 1624 2513 γέγραπταί
1668 2438 1716 2489 ἐν
1744 2446 1817 2509 τῷ

1974 2433 2193 2498 elicias,
2226 2438 2281 2487 et
2320 2434 2497 2488 vitam
2526 2439 2831 2490 aeternam.
2869 2437 3139 2509 Seipsum
3180 2443 3342 2498 enim
3384 2450 3583 2501 trans-

214 2532 555 2603 Εύαγγελὶῳ·
588 2529 648 2581 Ὀ
686 2535 950 2601 τρώγων
990 2534 1098 2580 τόν
1157 2528 1358 2601 ἄρτον
1398 2537 1651 2594 τοῦτον,
1714 2529 1819 2587 ζή-

1967 2532 2148 2577 πιξῑιειι
2176 2521 2461 2575 Dominus
2480 2523 2540 2574 in
2562 2520 2765 2577 cibum
2787 2531 2842 2579 et
2865 2534 3094 2595 potum,
3116 2529 3267 2585 sicut
3293 2534 3580 2604 scriptum

217 2641 409 2675 σεται
450 2622 542 2683 εἰς
579 2624 684 2671 τόν
724 2620 940 2683 αἰῶνα,
999 2621 1081 2669 ἵνα
1133 2620 1406 2690 ἀναπαύσῃ
1450 2617 1820 2683 ἀνεκλαλὴτως,

1975 2618 2020 2666 st
2049 2613 2108 2664 in
2137 2609 2487 2680 Evangelio:
2516 2610 2627 2676 Qui
2657 2613 2980 2670 mandarat
3004 2631 3221 2686 panem
3238 2621 3418 2687 hunc,
3436 2625 3588 2679 vivet

217 2717 311 2779 καὶ
369 2709 603 2781 ἐμπλήσῃ
662 2711 985 2780 εὐφροσύνης
1029 2714 1385 2778 πνευματικῆς
1449 2713 1542 2765 τὴν
1590 2708 1775 2778 ψυχὴν
1807 2724 1821 2737 ·

1976 2715 1998 2753 a
2038 2706 2325 2755 aeternum
2355 2698 2400 2732 ³⁵
2431 2713 2444 2763 ;
2482 2705 2542 2752 ιιι
2571 2706 2794 2755 recreet
2832 2702 3017 2757 modo
3057 2703 3447 2773 ineﬁ‘abili,et
3484 2708 3589 2763 lae-

220 2804 314 2852 atati
374 2810 473 2870 γάρ
532 2818 719 2870 φησιν·
768 2797 923 2868 Ἐγώ
981 2796 1114 2867 εἰμι
1154 2798 1179 2847 ό
1242 2798 1433 2867 ἄρτος
1488 2806 1596 2856 τῆς
1637 2797 1825 2857 ζωῆς.

1985 2789 2062 2843 tia
2088 2785 2381 2857 spirituali
2429 2786 2655 2856 repleat
2684 2789 2974 2845 animam.
3003 2794 3198 2864 lnquit
3222 2797 3384 2851 enim
3420 2814 3432 2852 :
3461 2799 3590 2867 Ego

219 2889 440 2961 ὐμοίως
469 2897 558 2940 καί
589 2888 659 2948 εἰς
680 2894 835 2939 πόσιν
855 2888 1082 2957 νάματος
1109 2887 1438 2957 ἐπουρανίου,
1454 2888 1627 2947 καθώς
1649 2904 1825 2959 φησιν,

1974 2892 2069 2931 um
2080 2875 2258 2944 panis
2276 2874 2410 2929 vitae
2429 2876 2496 2929 ³⁸.
2515 2874 2795 2932 Similiter
2808 2879 3198 2937 transformat
3212 2900 3275 2938 se
3298 2887 3356 2939 in
3379 2893 3586 2957 potum

223 2978 283 3030 Ὀ
341 2983 532 3030 πίνων
590 2977 655 3028 ἐκ
694 2984 805 3029 του
862 2974 1102 3037 ὓδατος
1149 2975 1217 3026 οὗ
1257 2975 1373 3045 ἐγὼ
1416 2972 1600 3027 δώσω
1641 2975 1828 3045 αὐτῷ,

1981 2964 2173 3019 (Blesls
2197 2965 2596 3033 scaturiginis,
2627 2965 2778 3020 sicut
2810 2969 2929 3022 ait:
2973 2968 3250 3041 Quisquis
3280 2974 3490 3029 biberit
3520 2989 3594 3030 ea:

230 3072 581 3138 γενήσεται
633 3065 688 3116 ἐν
743 3065 913 3135 αὐτῷ
969 3069 1140 3135 πηγὴ
1202 3061 1443 3124 ὕδατος
1483 3064 1830 3136 ἁλλομένου

1983 3069 2122 3124 qua,
2155 3068 2335 3123 quam
2365 3068 2469 3121 ego
2499 3053 2552 3108 ei
2603 3054 2779 3118 dabo,
2817 3056 2915 3123 ﬁet
2942 3057 3002 3112 in
3035 3072 3098 3113 eo
3120 3060 3260 3127 fons
3291 3077 3463 3132 aqum
3502 3078 3596 3118 sa-

233 3155 321 3214 εὶς
362 3155 529 3213 ζωὴν
586 3154 843 3206 αἰώνιον
873 3171 886 3183 ο
929 3159 1039 3205 καί
1080 3156 1329 3219 πάντες,
1373 3158 1526 3225 φησὶ,
1568 3158 1634 3206 τό
1676 3153 1833 3205 αὐτὸ

1979 3143 2145 3198 ientis
2167 3143 2228 3196 in
2256 3140 2435 3197 vitam
2458 3147 2743 3198 aeternam
2767 3144 2835 3194 ⁸⁷.
2866 3146 3165 3210 Etomnes.
3193 3150 3294 3214 ait,
3325 3151 3592 3206 eumdem

230 3250 405 3315 πόμα
442 3242 900 3314 ἐποτίσθημεν.

1871 3229 1909 3242 “
1939 3235 2145 3303 potum
2168 3229 2416 3285 bibimus
2446 3231 2516 3281 ³⁸.

312 3341 413 3396 1Γ’.
447 3342 624 3401 Οὕτως
654 3342 857 3412 ἑκάστῳ
906 3349 1005 3392 τῶν
1058 3340 1216 3412 ἁγίων
1271 3343 1510 3414 Πατάρων
1556 3341 1725 3411 ὤφθη,
1767 3341 1835 3400 ὡς

2019 3339 2150 3392 Xlll.
2166 3335 2261 3393 Sic
2282 3335 2530 3407 singulis
2556 3337 2778 3392 sanctis
2807 3338 3078 3395 Patribus
3099 3344 3403 3414 apparuit,
3421 3350 3598 3417 prout

235 3430 490 3495 ἠθέλησε,
534 3435 627 3480 καὶ
656 3450 724 3490 ως
769 3434 1062 3504 συνέφερεν·
1104 3430 1270 3491 ἄλλως
1320 3438 1394 3500 τῷ
1439 3429 1699 3504 Ἀϐραὰμ,
1751 3428 1839 3480 ἄλ-

1987 3426 2186 3482 olebat
2215 3431 2271 3480 et
2294 3426 2353 3480 in
2373 3441 2499 3479 rem
2526 3424 2862 3491 videbatur,
2922 3427 3091 3485 aliter
3119 3432 3398 3498 Abrahae,
3432 3435 3600 3491 aliter

237 3520 341 3580 λως
394 3526 468 3588 τῷ
524 3519 730 3583 Ἰσαὰκ,
780 3518 936 3579 ἄλλως
970 3527 1040 3589 τῷ
1098 3518 1305 3587 Ἰακὼϐ,
1360 3519 1522 3581 ἄλλως
1579 3519 1650 3589 τῷ
1702 3525 1837 3582 Νὼε,

1984 3532 2137 3582 saac,
2195 3514 2362 3570 aliter
2409 3516 2613 3581 Jacob,
2670 3514 2839 3571 aliter
2893 3519 3034 3585 Noe,
3105 3522 3331 3587 Daniel,
3393 3524 3597 3592 David,

235 3616 310 3679 τῷ
341 3606 555 3672 Δανιὴλ,
589 3616 660 3678 τῷ
704 3604 891 3678 Δαϐίδ,
922 3627 992 3679 τῳ
1036 3616 1344 3680 Σολομῶντι,
1391 3616 1462 3679 τῷ
1491 3608 1701 3678 Ἡσαΐᾳ,
1749 3610 1839 3658 καὶ

1994 3604 2256 3670 alomon,
2280 3604 2470 3669 Isaiae,
2495 3609 2551 3659 et
2571 3603 2891 3676 unicuique
2911 3614 3260 3664 sanctorum
3280 3613 3606 3683 propheta-

235 3698 441 3768 ἑκάστῳ
482 3705 580 3748 τῶν
621 3696 780 3768 ἀγίων
808 3708 1107 3769 προφητων.
1144 3696 1340 3758 ’Ἄλλως
1371 3706 1443 3769 τῷ
1472 3698 1643 3769 Ἠλίᾳ,
1679 3697 1844 3758 ἄλλως

1990 3710 2111 3748 um.
2140 3692 2317 3748 Aliter
2345 3692 2500 3758 Elim,
2543 3696 2600 3747 et
2646 3692 2814 3748 aliter
2840 3696 3047 3766 Moysi.
3080 3700 3148 3753 Et
3174 3705 3329 3753 certe
3360 3700 3603 3771 quidem

236 3796 311 3858 τῷ
370 3794 570 3859 Μωυσῇ
607 3805 616 3815 ·
653 3792 741 3839 καὶ
787 3787 886 3858 ἐγὼ
918 3788 1139 3859 νομίζω,
1172 3787 1250 3840 ὃτι
1282 3795 1507 3847 Μωῡσῆς
1563 3790 1697 3839 κατά
1746 3792 1845 3839 πᾶ-

1994 3797 2071 3852 go
2084 3783 2522 3845 statuo,Mosen,
2539 3796 2608 3836 eo
2623 3787 2888 3853 tempore
2904 3800 3023 3855 quo
3037 3792 3163 3841 erat
3174 3788 3231 3841 in
3254 3788 3297 3856 1
3310 3788 3359 3858 7
3381 3795 3607 3855 monte,

240 3896 338 3928 σαν
387 3878 522 3949 ὤραν
579 3878 627 3927 ἑν
676 3886 746 3947 τῳ
787 3880 914 3948 ὄρει,
977 3878 1027 3927 ἐν
1066 3884 1127 3948 τῇ
1162 3886 1260 3928 τῶν
1304 3878 1699 3949 τεσσαράκοντα
1722 3878 1846 3949 ἡμε-

1995 3887 2016 3926 1
2041 3871 2271 3941 jejunio
2299 3870 2703 3941 quadraginta
2756 3871 2992 3927 dierum
3050 3876 3344 3946 spirituali
3388 3894 3608 3934 mensae

239 3973 343 4037 ρῶν
395 3970 612 4036 νηστείᾳ
660 3966 731 4026 εἰς
783 3968 978 4021 ἐκείνην
1041 3972 1133 4022 την
1179 3971 1528 4037 πνευματικὴν
1586 3969 1845 4037 τράπεζαν

1996 3959 2298 4024 ccessisse,
2351 3974 2422 4013 ac
2481 3958 2681 4013 multis
2730 3959 2957 4015 deliciis
3013 3962 3375 4019 oblectatum
3408 3965 3608 4021 fuisse.

244 4054 610 4126 εἰσερχόμενος
693 4052 937 4125 ἐνετρύφα
987 4058 1076 4105 καὶ
1149 4052 1418 4109 ἀπέλαυεν.
1467 4052 1707 4125 Ἑκάστῳ
1759 4050 1845 4105 οὖν

2007 4049 2287 4119 nicuique
2314 4047 2491 4117 igitur
2536 4056 2881 4103 sanctorum
2916 4054 2978 4104 ut
3006 4051 3193 4106 voluit
3223 4055 3520 4124 apparuit,
3551 4060 3616 4110 ut

243 4154 343 4194 των
396 4142 556 4212 ἁγίων
620 4144 689 4203 ὡς
738 4142 988 4198 ἠθέλησεν
1019 4144 1187 4213 ὤφθη,
1245 4142 1311 4202 εἰς
1336 4145 1393 4193 τὸ
1426 4141 1729 4194 ἀναπαῦσαι
1757 4146 1847 4193 καὶ

1997 4136 2312 4193 efocillaret
2341 4152 2410 4191 ac
2431 4142 2691 4191 servaret
2716 4151 2839 4201 eos,
2864 4144 2920 4192 et
2968 4139 3028 4194 in
3058 4141 3483 4210 cogitationem
3515 4146 3610 4198 Dei

247 4238 441 4295 σῶσαι,
493 4234 577 4280 καὶ
624 4230 690 4289 εἰς
742 4228 1018 4301 ἐπίγνωσιν
1059 4238 1191 4283 Θεου
1250 4229 1484 4302 ἀγαγεῖν.
1542 4233 1719 4282 Πάντα
1748 4233 1848 4302 γάρ

1998 4228 2299 4281 educeret.
2334 4226 2549 4280 Omnia
2577 4224 2738 4279 enim
2764 4225 2958 4281 [acilia
2990 4229 3042 4283 ei
3074 4236 3230 4293 sunt,
3264 4245 3399 4301 quas
3428 4231 3611 4287 modo

246 4320 388 4389 αὐτῷ
443 4319 633 4391 εὐχερῆ
689 4318 889 4370 ἐστινᾶ
920 4319 1183 4391 βούλεται,
1240 4323 1329 4370 καὶ
1375 4322 1444 4380 ὡς
1495 4319 1625 4371 θέλει
1667 4321 1854 4391 μικρύ-

2007 4315 2110 4381 ult,
2133 4319 2192 4370 et
2214 4314 2461 4386 quando
2491 4314 2543 4369 ei
2566 4313 2778 4383 placet,
2802 4316 3068 4386 seipsum
3094 4319 3458 4375 imminuens
3484 4338 3614 4376 cor-

246 4428 345 4459 νων
400 4408 580 4459 ἐαυτὸν
630 4416 1003 4478 σωματοποιεῑ,
1056 4414 1145 4461 καὶ
1174 4416 1592 4483 μεταμορφόῦται
1638 4409 1854 4462 ὀπτανόο

2002 4420 2220 4459 oreum
2248 4403 2441 4459 reddit
2497 4418 2568 4457 ac
2626 4404 3036 4470 transformat,
3071 4413 3126 4461 et
3156 4409 3515 4479 conspicuus
3551 4412 3615 4465 tit

247 4517 399 4571 μενος
448 4505 551 4557 τοῖς
581 4497 853 4569 ἀγαπῶσιν
906 4498 1079 4569 αὐτόν,
1110 4498 1156 4549 ἐν
1190 4498 1458 4570 ἀπροσίτῳ
1509 4496 1636 4571 δόξῃ
1673 4502 1853 4571 φωτὸς,

2014 4494 2355 4563 iligentibus
2387 4508 2545 4555 eum,
2579 4492 2640 4547 in
2690 4493 2996 4549 inaccessa
3026 4495 3214 4565 gloria
3243 4496 3486 4553 luminis
3521 4516 3534 4566 ;
3563 4506 3619 4555 et

245 4590 389 4639 κατά
444 4587 635 4645 πολλὴν
708 4595 797 4638 καί
866 4589 1132 4661 ἄφραστον
1211 4587 1419 4659 ἀγάπην
1487 4591 1855 4660 φανερούμενος

2004 4588 2302 4654 ,pparetex
2325 4583 2625 4636 immensa
2646 4581 3005 4638 etineifabili
3025 4584 3340 4641 dilectione
3369 4586 3463 4653 iis,
3514 4588 3617 4658 qui

248 4685 364 4736 τοῖς
439 4675 598 4738 ἀξίοις
680 4680 817 4728 κατὰ
868 4682 959 4735 τὴν
1012 4677 1169 4730 αὑτοῦ
1244 4675 1486 4749 δύναμιν.
1541 4683 1700 4748 Ψυχὴ
1754 4680 1855 4749 γὰρ

2005 4672 2134 4741 λιεςόί
2148 4670 2626 4725 suntsecundum
2646 4672 2977 4741 potentiam
2994 4689 3186 4728 suam.
3206 4674 3420 4730 Anima
3438 4676 3618 4741 enim,

251 4768 282 4823 ἡ
315 4766 697 4827 καταξιωθεῖσα
755 4766 802 4817 ἐν
849 4767 1008 4839 πολλῇ
1071 4767 1340 4839 ἐπιθυμίᾳ,
1396 4772 1485 4819 καὶ
1536 4763 1855 4839 προσδοκίᾳ,

2020 4775 2108 4814 uae
2138 4760 2322 4827 digna
2351 4758 2460 4813 fuit
2489 4760 2697 4814 habita
2746 4762 2802 4814 in
2832 4777 3074 4817 summo
3106 4762 3425 4827 desiderio,
3456 4770 3511 4818 et
3531 4780 3626 4820 ex-

252 4859 347 4906 καί
416 4865 608 4922 πίστει,
700 4860 790 4907 καὶ
860 4856 1036 4928 ἀγάπῃ
1097 4853 1356 4920 δέξασθαι
1413 4855 1609 4914 ἐκείνην
1665 4861 1756 4915 τὴν
1810 4855 1862 4917 ἐξ

2010 4848 2359 4919 pectatione,
2393 4852 2451 4901 et
2478 4848 2616 4911 ﬁde,
2663 4854 2719 4903 et
2746 4849 3079 4913 dilectione,
3113 4857 3172 4906 ut
3191 4852 3439 4923 recipiat
3463 4853 3623 4909 illam

251 4944 425 5016 ὒψους
482 4942 728 5016 δύναμιν,
784 4949 876 5003 τὴν
929 4945 1229 5018 ἐπουράνιον
1278 4953 1369 4998 τοῦ
1414 4948 1704 5018 Πνεύματος
1737 4944 1864 5016 ἀγά-

2061 4936 2302 4991 sublimi
2359 4936 2650 4999 virtutem,
2708 4936 3010 4993 caelestem
3064 4942 3315 5012 Spiritus
3367 4941 3627 5000 dilectio-

260 5053 386 5100 πην,
465 5039 555 5085 καὶ
610 5038 669 5085 τό
732 5032 1033 5109 ἐπουράνιον
1092 5043 1194 5111 πῦρ
1262 5043 1357 5096 τῆς
1406 5035 1662 5088 ἀθανάτου
1726 5039 1865 5098 ζωῆς

2022 5042 2139 5091 em,
2160 5033 2367 5095 etquae
2388 5026 2690 5080 caelestem
2722 5042 2922 5094 ignem
2950 5035 3185 5084 internae
3208 5030 3337 5085 vitae
3356 5030 3464 5086 fuit
3483 5047 3634 5089 con-

255 5121 522 5189 λαϐοῦσα,
565 5126 743 5184 πάσης
800 5123 1010 5195 ἀγάπης
1064 5133 1323 5196 κοσμικῆς
1352 5124 1404 5188 ἐξ
1438 5124 1688 5186 ἀληθείας
1744 5124 1865 5175 λύε-

2020 5121 2207 5179 acuta,
2234 5116 2400 5167 omni
2431 5112 2744 5168 dilectione
2772 5116 3081 5172 mundana
3110 5118 3451 5184 exsolvitur,
3478 5126 3536 5177 et
3555 5121 3633 5179 ab

256 5233 370 5279 ται,
404 5218 493 5264 atati
521 5218 710 5275 παντὸς
744 5210 943 5285 δεσμου
975 5218 1164 5274 κακίας
1193 5213 1576 5286 ἐλευθεροῦται.

1418 5220 1576 5266 nimi.
1981 5205 2148 5260 omni
2178 5201 2413 5257 vinculo
2450 5202 2691 5257 malitias
2724 5203 3031 5260 liberatur.

334 5310 428 5365 1Δ’.
462 5308 662 5385 Ὠσπερ
719 5314 821 5383 γάρ
877 5307 1121 5384 σίδηρος,
1153 5312 1182 5371 ἡ
1216 5308 1492 5384 μόλιϐδος,
1553 5311 1581 5370 ἦ
1628 5313 1861 5384 χρυσὸς,

2052 5309 2184 5365 XIV.
2204 5309 2246 5372 Ο
2259 5308 2731 5363 uemadmodum
2744 5308 2906 5364 enim
2922 5309 3144 5367 ferrum
3161 5315 3265 5368 aut
3286 5312 3607 5384 plumbum
3618 5355 3632 5382 ,

256 5403 287 5461 ὴ
347 5401 579 5476 ἄργυρος
628 5400 713 5453 ἐπὶ
750 5407 853 5474 πῦρ
905 5398 1123 5472 βληθεὶς
1175 5400 1371 5468 λύεται,
1407 5403 1462 5452 ἐκ
1519 5407 1614 5463 τῆς
1668 5403 1868 5472 φύσεως

2026 5403 2089 5453 ιιι
2106 5411 2342 5461 aurum,
2367 5402 2471 5452 aut
2501 5402 2817 5465 argentum
2840 5399 2899 5453 in
2922 5399 3126 5469 ignem
3151 5401 3441 5472 conjecta,
3471 5419 3507 5459 a
3528 5403 3638 5458 du-

254 5499 349 5552 τῆς
431 5490 660 5566 σκληρᾶς
735 5489 802 5551 εἰς
859 5489 1166 5548 ἁπαλότητα
1241 5489 1703 5569 μεταϐαλλόμενος,
1776 5493 1867 5543 καὶ

2029 5486 2114 5543 ΜΘ
2140 5489 2369 5543 naturae
2395 5500 2519 5543 sum
2540 5484 2879 5556 solvuntur,
2930 5487 2992 5543 in
3029 5487 3343 5546 mollitiem
3376 5496 3642 5547 mutata:

325 5639 372 5672 ³²
406 5640 578 5692 Deut.
608 5651 689 5702 iv,
724 5636 827 5701 24;
862 5638 1034 5691 Hebr.
1067 5652 1163 5700 xu,
1193 5640 1285 5693 '29.
1362 5639 1406 5670 ³³
1464 5635 1638 5691 Hebr.
1703 5649 1800 5700 xu,
1852 5638 1941 5703 22,
2002 5631 2095 5687 23.
2172 5631 2219 5665 ³⁸
2252 5629 2274 5684 Ι
2324 5631 2454 5686 Cor.
2486 5645 2543 5696 ιι,
2578 5632 2630 5684 8.
2710 5630 2756 5664 ³⁵
2788 5627 2968 5686 Joan.
3003 5644 3082 5698 Vl,
3117 5633 3209 5688 35.
3286 5633 3334 5668 ³⁸
3365 5632 3512 5691 ibid.
3544 5635 3645 5691 38.

255 5711 300 5745 ³⁷
334 5711 509 5767 Joan.
540 5722 619 5775 1v,
656 5710 740 5762 14.
820 5707 866 5742 ³³
894 5711 915 5763 l
943 5708 1081 5765 Cor.
1116 5722 1177 5773 x,
1209 5710 1267 5765 4.

564 5819 810 5874 ΡΔΤειοι..
844 5816 947 5874 Gn.
990 5817 1253 5875 XXXIV.

3316 5812 3379 5868 16
