4084 6256
538 271 669 347 ιβὸε

1862 262 1924 337 3.~
1963 263 2272 334 MACARII.
2296 260 2645 328 AEGYPTII.

3785 268 3881 327 484

547 401 604 452 et
615 364 843 471 quanto
863 394 1119 465 diustius
1134 394 1195 450 in
1211 394 1347 465 igne
1364 389 1602 454 fuerint,
1618 393 1784 445 tanto
1799 388 1991 460 magis
2003 388 2196 446 resol-

2309 386 2378 459 ἐφ’
2417 388 2536 441 ὅσον
2583 390 2631 440 ἐν
2679 396 2752 458 τῷ
2795 392 2925 462 πυρὶ
2956 388 3232 459 τυγχάνει,
3261 387 3436 442 λύεται
3486 394 3576 444 καὶ
3626 392 3881 451 ἠλλοίωται

546 485 701 541 vitur
726 492 781 540 et
809 484 1091 542 alteratur
1118 499 1321 539 eorum
1355 478 1642 536 naturalis
1667 478 1932 543 durities,
1958 484 2198 549 propter

549 573 808 629 calidam
834 572 989 643 ignis
1014 571 1329 627 virtutem:
1391 568 1604 623 eodem
1637 566 1817 621 modo
1876 570 1933 622 et
1971 567 2192 635 anima,

547 677 682 734 quae
717 662 1029 731 abnegans
1087 659 1383 716 mundum
1417 656 1603 729 solius
1638 655 1870 710 Domini
1900 656 2199 710 desiderio

550 756 780 806 tenetur
808 752 869 805 in
927 764 1149 819 magna
1180 747 1367 804 animi
1395 745 1916 817 pervestigatione,
1960 752 2201 819 conten,-

552 839 708 894 tione
728 856 797 894 ac
826 838 1033 894 labore
1067 854 1081 905 ;
1109 843 1285 908 atque
1346 835 1748 908 indesinenter
1780 836 1837 887 in
1869 848 1975 902 spe
2001 840 2057 887 et
2083 833 2201 887 tide

548 942 686 983 eum
712 932 1052 999 exspectat:
1104 940 1365 997 quasque
1423 924 1725 977 caelestem
1781 923 1948 975 illum
2000 925 2201 990 ignem

548 1015 874 1071 divinitatis
918 1022 974 1071 et
1025 1014 1358 1069 dilectionis
1405 1011 1655 1082 Spiritus
1694 1018 2015 1065 consecuta
2064 1017 2197 1064 est:

549 1110 677 1160 tum
700 1120 909 1160 revera
929 1104 1093 1159 omni
1116 1103 1428 1158 dilectione
1450 1100 1659 1154 mundi
1678 1098 2020 1163 exsolvitur,
2050 1098 2202 1154 etab

549 1194 715 1249 omni
745 1192 908 1248 mala
964 1188 1279 1247 affectione
1308 1189 1616 1251 liberatur,
1646 1195 1700 1241 et
1728 1188 1935 1242 omnia
1960 1189 2137 1257 longe
2167 1202 2203 1243 a

550 1297 616 1336 se
673 1280 925 1352 projicit,
970 1285 1150 1351 atque
1184 1277 1436 1334 naturali
1496 1292 1607 1331 suo
1638 1276 1847 1330 habitu
1876 1291 1945 1329 ac
1989 1274 2203 1329 duritie

552 1370 781 1441 peccati
801 1369 1071 1433 mutatis,
1088 1374 1299 1423 caetera
1317 1366 1524 1422 omnia
1545 1363 1848 1436 superﬂua
1869 1365 2049 1428 ducit,
2075 1365 2203 1419 solo

551 1458 774 1514 cmlesti
808 1459 1062 1529 Sponso,
1088 1472 1268 1528 quem
1318 1455 1557 1525 recepit,
1597 1454 1979 1525 requiescens
2011 1454 2070 1507 in
2096 1453 2206 1507 fer-

560 1548 715 1604 venti
741 1552 797 1602 et
828 1545 1112 1602 ineffabili
1140 1545 1267 1616 ejus
1298 1544 1633 1598 dilectione.

634 1763 739 1817 XV.
769 1761 907 1817 Dico
957 1766 1154 1817 autem
1216 1758 1340 1824 tibi,
1398 1757 1565 1828 quod
1621 1756 1730 1812 hos
1783 1759 1899 1812 Deo
1956 1756 2206 1812 dilectos

555 1852 788 1915 fratres,
812 1865 966 1922 quos
994 1854 1131 1904 ante
1155 1848 1362 1903 oculos
1392 1847 1591 1912 habet,
1613 1845 1661 1900 si
1686 1846 2026 1901 subducant
2052 1862 2113 1901 se
2129 1846 2207 1901 ab

556 1941 659 1996 illa
686 1939 1024 2003 dilectione,
1082 1943 1143 1992 ut
1190 1938 1271 1992 ita
1302 1937 1524 2002 dicam,
1557 1934 1805 2006 rejiciat.
1846 1936 2024 1990 [llam
2051 1939 2206 1990 enim

558 2033 773 2087 anima
786 2028 906 2084 vita
917 2031 1069 2083 estet
1088 2029 1337 2097 requies,
1357 2024 1609 2093 mystica
1625 2038 1833 2092 nempe
1862 2030 1914 2079 el
1933 2024 2209 2093 ine/fabi-

558 2119 624 2173 lis
644 2121 815 2188 regm‘
832 2116 1079 2173 caelestis
1099 2113 1503 2184 participatio.
1523 2114 1577 2169 Si
1595 2113 1757 2167 enim
1775 2114 2030 2168 carnalis
2048 2130 2208 2168 com-

558 2208 861 2263 munionis
877 2204 1114 2261 dilectio
1132 2209 1428 2274 separata
1453 2209 1640 2273 patre,
1665 2202 1864 2266 fratre,
1891 2204 2203 2271 matribus,

556 2302 614 2351 et
639 2295 844 2351 omnia
870 2300 1153 2348 extranea
1192 2294 1340 2346 tiunt
1384 2292 1609 2353 animo,
1639 2297 1692 2344 et
1724 2291 1771 2343 si
1797 2290 1945 2360 quid
1992 2290 2204 2361 diligit,

556 2384 635 2440 ad
663 2384 911 2438 modum
935 2387 1315 2436 externorum
1364 2379 1585 2448 diligit:
1617 2394 1863 2433 omnem
1903 2395 2038 2434 vero
2068 2379 2207 2435 affe-

559 2472 820 2528 ctionem
846 2485 989 2539 erga
1019 2470 1341 2538 conjugem
1374 2483 1549 2523 suam
1605 2468 1847 2526 retinet:
1879 2469 2206 2537 Propterea

556 2564 733 2625 enim,
766 2560 979 2630 inquit,
1002 2558 1295 2627 relinquet
1330 2557 1502 2612 homo
1533 2560 1763 2624 patrem
1781 2563 1835 2612 et
1860 2563 2202 2621 matrem,et

554 2648 876 2705 adhaerebit
910 2649 1094 2703 uxori
1146 2661 1290 2711 sua,
1349 2653 1400 2700 et
1433 2652 1609 2701 erunt
1634 2646 1699 2700 hi
1720 2646 1837 2701 duo
1866 2646 1928 2700 in
1959 2660 2201 2703 carnem

558 2753 738 2793 unam
761 2737 829 2789 ³³.
861 2736 917 2790 Si
945 2734 1124 2804 igitur
1139 2734 1374 2789 dilectio
1405 2736 1601 2788 carnis
1624 2733 1708 2787 sic
1731 2734 2203 2791 abomniamore

558 2826 752 2892 solvit,
786 2830 1013 2896 quanto
1041 2826 1233 2893 magis
1265 2824 1323 2887 ii,
1356 2823 1459 2895 qui
1488 2822 1655 2891 digni
1676 2822 1863 2877 habiti
1895 2832 2035 2879 sunt
2067 2841 2204 2880 vera

554 2915 1007 2987 participatione
1026 2913 1278 2983 Spiritus
1307 2911 1462 2967 illius
1489 2913 1700 2977 sancti,
1733 2911 1989 2967 cmlestis
2016 2930 2085 2968 ac
2109 2916 2204 2968 dt-

553 3005 710 3067 lecti,
736 3003 814 3058 ab
840 3003 1004 3058 omni
1024 3017 1230 3057 amore
1256 3000 1465 3055 mundi
1488 3001 1899 3071 expedientur,
1924 3009 1979 3056 et
1998 3005 2206 3063 omnia

2304 483 2401 539 τῆς
2429 485 2658 548 φυσικῆς
2709 476 3081 549 σκληρότητος,
3119 473 3209 529 διὰ
3237 482 3328 535 τὴν
3358 485 3452 530 τοῦ
3504 484 3665 553 πυρὸς
3714 484 3885 557 θερμὴν

2309 562 2529 635 δύναμιν
2559 584 2572 597 ·
2604 568 2687 616 τόν
2727 564 2881 617 αὑτὸν
2934 572 3121 639 τρόπον
3171 567 3201 622 ἠ
3243 565 3397 636 ψυχὴ
3442 565 3764 641 ἁρνησαμένη
3812 576 3888 623 τόν

2308 658 2522 725 κόσμον,
2556 658 2646 705 καὶ
2687 658 2772 705 τὸν
2824 656 3011 727 Κύριον
3067 660 3219 726 μόνον
3270 656 3580 721 ποθήσασα,
3647 659 3694 709 ἐν
3742 661 3887 732 πολλῇ

2306 742 2489 813 ψυχῆς
2534 742 2775 809 ζητήσει,
2810 748 2899 793 καὶ
2946 749 3082 813 πόνῳ
3136 749 3227 794 καὶ
3285 743 3470 814 ἀγῶνι,
3503 750 3593 797 καὶ
3618 750 3707 804 τήν
3750 767 3895 820 προσ-

2310 827 2493 883 δοκίαν
2524 828 2855 883 ἀδιάλειπτον
2885 837 3091 902 ἐχουσα
3122 836 3245 907 πρός
3286 832 3443 884 αὐτόν
3474 832 3649 886 ἐλπίδι
3698 842 3781 888 καὶ
3821 842 3893 889 πί-

2311 939 2421 974 στει
2452 938 2461 949 ⁸
2496 926 2584 973 καὶ
2616 918 2867 992 δεξαμένη
2895 924 3055 985 ἐκεῖνο
3093 925 3150 973 τὸ
3185 920 3490 996 ἐπουράνιον
3540 930 3643 996 πῦρ
3670 932 3755 985 τῆς
3795 927 3893 979 θεό-

2309 1028 2463 1073 τητος
2513 1014 2603 1063 καὶ
2642 1009 2848 1081 ἀγάπης
2894 1019 2984 1062 τοῦ
3040 1012 3333 1082 [Ινεύμοιτος
3364 1029 3375 1039 ·
3408 1017 3528 1063 τότε
3572 1011 3625 1075 ἐξ
3672 1012 3896 1076 ἀληθείας

2309 1102 2487 1158 πάσης
2544 1086 2745 1169 ἀγάπης
2821 1103 3023 1169 κόσμου
3069 1098 3267 1165 λύεται,
3352 1104 3446 1152 καὶ
3504 1102 3677 1162 πάσης
3728 1110 3896 1165 κακίας

2310 1189 2488 1238 παθῶν
2526 1185 2899 1258 ἐλευθεροῦται,
2932 1192 3021 1240 καὶ
3050 1190 3222 1240 πάντα
3274 1187 3422 1248 ἐκτός
3478 1191 3893 1262 ποιεῖταιαὺτῆς,

2312 1280 2400 1327 καὶ
2426 1275 2477 1337 ἐξ
2515 1276 2677 1339 αὐτῆς
2716 1284 2811 1336 τῆς
2836 1284 3060 1347 φυσικῆς
3096 1276 3246 1338 ἕξεως
3275 1282 3367 1328 καὶ
3418 1277 3767 1351 σκληρότητος
3814 1288 3898 1341 τῆς

2313 1365 2574 1437 ἁμαρτίας
2650 1364 3043 1436 μεταϐάλλεται,
3115 1370 3221 1431 καὶ,
3258 1368 3431 1418 πάντα
3478 1371 3706 1439 περισσὰ
3770 1373 3899 1439 ηγεῑ-

2312 1473 2421 1519 ται,
2477 1458 2608 1525 πρὸς
2670 1473 2823 1524 μονον
2871 1459 2957 1505 τόν
3011 1453 3315 1527 ἐπουράνιον
3392 1460 3630 1527 Νυμφίον
3697 1458 3747 1509 ὃν
3801 1454 3899 1510 ἐδέ-

2314 1543 2459 1609 ξατο,
2517 1548 2878 1615 αναπαυομένη
2907 1541 2955 1594 ἐν
2994 1550 3056 1615 τῇ
3101 1545 3311 1616 ζεούσῃΔ
3361 1549 3455 1596 καὶ
3502 1544 3706 1620 αρρητῳ
3758 1547 3898 1599 αὐτοῦ

2315 1631 2516 1703 ἀγάπη.
2582 1636 2583 1639 “

2242 1731 2286 1786 Β
2388 1739 2491 1793 ΙΕ’.
2544 1742 2695 1810 Λέγω
2743 1758 2828 1792 σοι
2872 1735 2950 1809 δε,
3006 1740 3085 1791 ὅτι
3139 1738 3332 1801 αὐτοὺς
3384 1745 3511 1802 τούς
3549 1744 3900 1816 περιποθήτους

2318 1825 2590 1901 ἀδελφούς,
2640 1829 2725 1890 οὖς
2777 1831 2889 1901 ἔχει
2939 1832 3039 1901 πρό
3089 1827 3384 1901 ὀφθαλμῶν,
3451 1830 3538 1896 ἐὰν
3565 1828 3897 1904 ἐμποδίζωσιν

2320 1916 2406 1970 ἀπ’
2463 1917 2655 1978 ἐκείνης
2719 1925 2811 1979 τῆς
2863 1916 3094 1988 ἀγάπης,
3162 1922 3340 1991 ὥσπερ
3409 1920 3588 1985 εἰπεῖν,
3674 1918 3903 1993 ἀποστρέ-

2320 2023 2493 2079 φεταιο
2537 2008 2777 2063 Ἐκεῖνο
2815 2010 2937 2079 γὰρ
2976 2010 3162 2059 ἐστιν
3200 2008 3413 2070 αὐτῆς
3457 2010 3586 2069 ζωὴ
3628 2016 3737 2061 καὶ
3770 2008 3902 2060 ἀνά-

2319 2115 2575 2166 παυσις,
2608 2099 2643 2155 ἡ
2679 2103 2790 2148 τού
2829 2096 3232 2168 ἐπουρανίου
3274 2096 3608 2170 βασιλέως
3643 2101 3899 2170 μυστικὴ

2319 2191 2425 2239 καὶ
2463 2187 2746 2262 οἱρῥητος
2783 2192 3115 2242 κοινωνία.
3148 2188 3209 2240 Εἰ
3236 2190 3341 2260 γὰρ
3384 2195 3641 2260 σαρκικῆς
3668 2193 3903 2256 κοινωνίας

2318 2278 2495 2348 ἀγάπη
2516 2278 2745 2348 χωρίζει
2762 2281 2974 2347 πατρὸς,
2998 2281 3169 2350 μητρό
3180 2298 3220 2340 ς,
3246 2274 3507 2348 ἀδελφῶν,
3523 2283 3613 2329 καὶ
3636 2275 3904 2338 πάνταέΕω·

2322 2385 2439 2441 τερα
2467 2366 2633 2419 αὐτῶν
2659 2372 2896 2439 γίγνεται
2924 2369 2972 2417 ὲν
3004 2374 3074 2437 τῷ
3101 2375 3171 2436 νῷ
3190 2385 3202 2397 ⁸
3228 2373 3320 2417 καὶ
3353 2366 3399 2417 ει
3433 2364 3635 2438 ἀγαπᾶ,
3676 2367 3902 2437 ἐξωτέρως

2316 2457 2497 2527 ἀγαπᾲ
2518 2472 2529 2484 ⁸
2562 2459 2654 2513 τὴν
2682 2454 2738 2507 δι
2777 2453 3018 2508 διάθεσιν
3052 2455 3213 2507 αὐτοῦ
3240 2462 3426 2507 πᾶσαν
3471 2455 3541 2515 εἰς
3578 2457 3905 2515 τὴνησύνοικον

2316 2544 2476 2597 αὐτοῦ
2497 2548 2968 2603 κέκτηταιοἊντί
3006 2547 3240 2596 τούτου
3279 2546 3435 2615 γὰρ,
3472 2550 3624 2615 φησι,
3654 2544 3907 2596 καταλεί·

2313 2634 2421 2706 ψει
2446 2635 2771 2704 ἄνθρωπος
2798 2638 2905 2686 τόν
2936 2642 3198 2709 πατέρα,
3228 2638 3341 2684 καὶ
3374 2641 3498 2697 τὴν
3528 2639 3787 2707 μητέρα,
3814 2634 3912 2689 καὶ

2314 2722 2985 2798 προσκολληθήσεται
3024 2733 3097 2797 τῇ
3156 2732 3463 2795 γυναικὶ,
3512 2729 3642 2787 καὶ,
3674 2726 3902 2775 ἔσονται

2314 2815 2373 2863 oi
2412 2813 2527 2866 δύο
2567 2815 2654 2875 εἰς
2698 2817 3082 2887 σάρκαμίαν.
3126 2811 3299 2869 Εἰοῦν
3338 2820 3366 2872 η
3406 2823 3504 2876 τῆς
3534 2817 3718 2887 σαρκός
3743 2811 3894 2883 ἀγάπη

2314 2901 2449 2954 οὕτω
2475 2904 2582 2955 λύει
2610 2907 2786 2964 πάσης
2829 2904 3055 2975 ἀγάπης,
3090 2910 3240 2974 πόσῳ
3289 2904 3489 2974 μᾶλλον
3520 2906 3637 2956 ὅσοι
3674 2899 3893 2962 κατηξιώ-

2316 2993 2482 3049 θησαν
2513 2992 2706 3045 ἐκείνου
2732 3012 2825 3045 του.
2851 2994 3004 3063 ἁγίου
3028 2996 3326 3065 Πνεύματος
3355 3004 3458 3046 του
3500 2996 3796 3067 ἐπουρανίου
3821 2992 3893 3040 καὶ

553 3093 703 3171 ipsis
720 3090 1409 3163 superﬂuavidehuntur
1430 3107 1447 3157 ;
1476 3106 1547 3144 eo
1560 3090 1725 3160 quod
1739 3090 2200 3146 cmlestideside-

2315 3079 2590 3152 ἀγαπητόν
2614 3082 2665 3144 εξ
2690 3081 2934 3143 ἀληθείας
2970 3090 3305 3149 κοινωνῆσαι,
3340 3086 3526 3144 πάσης
3570 3083 3768 3154 ἀγάπης
3792 3086 3892 3130 κοσ-

555 3182 647 3238 rio
670 3180 802 3234 victi
832 3187 888 3234 et
911 3180 1109 3249 lapsui
1140 3179 1269 3248 ejus
1303 3178 1447 3233 uniti
1480 3185 1618 3232 sunt
1641 3176 1669 3231 ?
1698 3178 1815 3233 Illic
1846 3181 2006 3233 enim
2054 3181 2207 3235 desi-

552 3270 738 3335 deria,
768 3269 883 3323 illic
914 3268 1301 3343 cogitationes
1321 3283 1461 3322 suas
1482 3268 1817 3339 deponunt,
1838 3268 1954 3323 illic
1979 3271 2201 3334 vivunt,

552 3359 669 3413 illic
688 3357 1075 3425 cogitationes
1090 3372 1297 3411 eorum
1320 3356 1862 3425 circumvagantur,
1890 3365 2071 3428 atque
2089 3358 2206 3415 illic

554 3462 725 3501 mens
740 3443 897 3499 assid
909 3462 978 3498 ue
992 3444 1172 3513 degit,
1188 3444 1395 3500 divino
1412 3459 1483 3500 ac
1512 3444 1738 3515 caelesti
1764 3460 1969 3501 amore
1982 3446 2206 3511 etdesi-

552 3535 718 3591 derio
742 3531 1033 3604 spirituali
1064 3538 1364 3604 superata.

625 3756 757 3809 XVI.
788 3752 1069 3818 Tandem,
1103 3752 1299 3809 dilecti
1352 3752 1587 3819 fratres,
1647 3770 1785 3810 cum
1835 3763 1997 3812 tanta
2028 3756 2204 3813 nobis

552 3842 886 3899 sintoblata
901 3844 1085 3911 bona,
1099 3848 1155 3897 et
1178 3848 1353 3897 tantae
1372 3844 1805 3914 promissiones
1820 3846 2011 3911 factae,
2027 3848 2203 3915 agite,

553 3933 760 3990 omnia
792 3934 1221 4003 impedimenta
1252 3947 1286 3986 a
1324 3932 1500 3986 nobis
1552 3933 1917 4003 rejiciamus,
1961 3951 2204 3991 omnem

550 4038 820 4078 amorem
856 4022 1066 4076 mundi
1124 4036 1491 4086 aversemur,
1538 4028 1717 4093 atque
1742 4024 1880 4077 huic
1911 4024 2017 4078 soli
2042 4024 2204 4081 bono

550 4111 1053 4183 pervestigatione
1085 4115 1143 4165 et
1172 4109 1470 4165 desiderio
1502 4126 1611 4165 nos
1638 4112 1955 4178 dedamus,
1989 4119 2203 4184 utpos-

549 4202 737 4255 simus
762 4200 1080 4270 participes
1112 4198 1239 4253 ﬁeri
1272 4214 1506 4254 arcanae
1534 4199 1689 4254 illius
1719 4200 2052 4255 dilectionis
2078 4202 2205 4273 Spi-

548 4289 721 4352 ritus,
744 4287 1024 4358 adquam
1047 4288 1223 4343 divus
1252 4287 1465 4342 Paulus
1490 4303 1602 4343 nos
1618 4288 1969 4344 adhortatus
2001 4299 2106 4354 est,
2144 4298 2203 4346 ut

548 4378 989 4442 acceleremus;
1021 4377 1363 4440 Sectamini,
1396 4378 1689 4447 inquiens,
1723 4378 2095 4435 dilectionem
2121 4380 2197 4435 ‘0:

550 4471 615 4521 ut
636 4465 801 4534 digni
821 4465 1030 4520 haberi
1060 4468 1377 4536 possimus,
1397 4481 1657 4536 quorum
1676 4473 1936 4522 mutetur
1956 4469 2200 4525 durities

546 4570 653 4626 per
669 4556 941 4609 dextram
966 4554 1269 4625 Altissimi,
1294 4559 1353 4608 et
1375 4562 1434 4609 ut
1455 4557 1877 4625 perveniamus
1895 4557 1971 4611 ad
2000 4559 2197 4612 suavi-

544 4649 724 4699 tatem
738 4650 794 4697 et
821 4644 1087 4713 requiem
1104 4644 1499 4714 spiritualem,
1520 4660 1724 4699 amore
1745 4644 1929 4700 divini
1950 4646 2198 4718 Spiritus

547 4732 815 4786 sauciati.
846 4730 957 4800 18
987 4732 1275 4785 Dominus
1302 4734 1460 4785 enim
1479 4732 1668 4787 multa
1698 4731 1757 4787 in
1788 4732 2061 4789 homines
2090 4735 2198 4789 fer-

541 4824 637 4875 tur
669 4821 1058 4887 benignitate,
1089 4825 1144 4873 et
1175 4820 1388 4874 intima
1413 4820 1821 4875 misericordia
1848 4826 2127 4890 tangitur,
2150 4825 2197 4879 si

544 4906 790 4978 quando
810 4908 909 4961 toti
935 4922 1177 4977 prorsus
1194 4908 1268 4963 ad
1287 4924 1424 4962 eum
1448 4918 1885 4977 convertamur,
1915 4914 1991 4966 ab
2005 4928 2103 4966 om
2114 4916 2198 4968 ni-

542 4995 680 5060 bus,
713 5011 849 5065 quas
877 4997 1179 5051 contraria
1209 5001 1369 5061 sunt,
1404 5012 1513 5053 nos
1544 5000 1879 5069 eripientes.
1911 5002 2195 5064 Quamvis

541 5087 701 5141 enim
728 5099 838 5140 nos
863 5100 966 5155 per
989 5101 1295 5140 summam
1324 5088 1750 5154 ignorantiam,
1779 5090 2095 5146 infantiam
2123 5108 2192 5148 ac

541 5173 928 5243 anticipatam
944 5174 1017 5227 de
1032 5173 1615 5245 malitiaOpinionem
1628 5192 1967 5234 aversemur
1986 5184 2189 5237 veram

540 5262 747 5328 vitam,
771 5277 841 5321 ac
863 5260 1295 5332 impedimenta
1319 5263 1508 5319 multa
1525 5266 1701 5321 nobis
1717 5267 1835 5339 ipsi
1863 5283 2186 5339 ponamus,

536 5365 745 5409 revera
764 5350 1119 5424 resipiscere.
1161 5352 1432 5409 nolentes
1464 5370 1477 5409 :
1513 5356 1642 5427 ipse
1674 5361 1871 5413 tamen
1931 5358 2188 5416 multum

534 5439 850 5513 miseretur
875 5440 1530 5516 nostrblonganimiter
1548 5452 1919 5520 exspectans,
1932 5451 2181 5524 quando

573 5640 657 5675 -ao
688 5642 885 5697 nam},
919 5642 1039 5705 xlx‘,
1087 5647 1149 5709 5;
1190 5633 1402 5715 Ephes.
1457 5662 1512 5711 ν,
1545 5650 1634 5702 31.
1714 5649 1760 5683 ⁴⁰
1791 5650 1810 5703 Ι
1847 5650 1975 5705 Cor.
2006 5624 2199 5720 le,hl.

2311 3189 2412 3241 μου
2444 3171 2780 3237 λυθήσονται,
2809 3178 2895 3223 καὶ
2926 3175 3095 3223 πάντα
3115 3174 3353 3243 περισσὰ
3370 3172 3555 3233 αὐτοῖς
3569 3173 3889 3241 καταφανήσεο

2311 3277 2420 3324 ται,
2448 3269 2519 3330 τῳ
2538 3267 2704 3322 νενικῇ
2717 3262 2842 3315 σθαι
2862 3261 3050 3321 αὐτούς
3066 3267 3138 3330 τῷ
3157 3263 3385 3333 οὐρανίῳ
3408 3264 3579 3333 πόθῳ,
3601 3266 3687 3312 καὶ
3704 3257 3756 3330 τῇ
3774 3259 3890 3307 πτὼσ

2316 3366 2394 3409 σει
2419 3348 2845 3419 αὐτουηηνὼσθαι
2874 3348 2886 3402 l
2921 3350 3055 3403 Ἐκεῖ
3083 3351 3185 3421 γὰρ
3227 3350 3606 3415 ἐπιποθοῦσιν,
3641 3352 3735 3401 ἐκεῖ
3768 3347 3887 3416 λογί-

2315 3437 2511 3502 ζονται,
2544 3440 2648 3489 ἐκεῖ
2678 3439 2858 3504 ζῶσιν,
2893 3437 2996 3491 ἐκεῖ
3024 3440 3073 3490 οὶ
3109 3439 3356 3510 λογισμοὶ
3395 3440 3571 3492 αὐτῶν
3609 3441 3887 3512 περιπατού-

2316 3545 2427 3593 σιν,
2456 3526 2558 3595 ἐκεῖ
2594 3528 2620 3578 ό
2642 3536 2768 3589 you;
2795 3530 3013 3595 πάντοτε
3049 3532 3143 3586 τήν
3173 3525 3460 3603 διατριϐὴν
3491 3532 3623 3602 ἔχει,
3653 3526 3887 3594 νενικημέ-

2313 3635 2393 3681 νος
2419 3624 2499 3683 τῷ*
2524 3607 2765 3687 θείωκαὶ
2794 3616 3017 3689 οὐρανίῳ
3048 3619 3222 3689 ἔρωτι,
3256 3622 3350 3670 καὶ
3374 3620 3528 3691 πόθῳ
3567 3618 3887 3688 πνευματικῷο

2386 3733 2507 3807 lg".
2562 3737 2631 3785 Τὸ
2689 3734 2885 3797 λοιπόν,
2949 3730 2999 3783 ὧι
3055 3732 3323 3805 ἀγαπητοὶ
3372 3732 3885 3808 ἀδελφοὶ,μτοιούτων

2315 3832 2522 3903 ἀγαθῶν
2562 3836 2926 3905 προκειμένων,
2974 3836 3063 3883 καὶ
3109 3835 3375 3884 τοσούτων
3426 3831 3735 3905 ἰπαγγελιῶν
3779 3829 3882 3898 ἡμῖν

2312 3921 2413 3972 ὑπὸ
2469 3929 2569 3973 τού
2629 3926 2823 3994 Κυρίου
2876 3921 3285 3993 ἐπηγγελμένων,
3345 3923 3521 3976 πάντα
3577 3925 3643 3974 τὰ
3686 3910 3887 3991 ἐμπόδια

2314 4008 2396 4082 ἀφ’
2435 4009 2626 4061 ἑαυτῶν
2674 4009 3061 4084 απορρίψωμεν,
3118 4017 3208 4062 καὶ
3238 4017 3416 4063 πᾶσαν
3448 4010 3655 4084 ἀγάπην
3707 4013 3787 4059 τοῦ
3811 4007 3885 4053 κό-

2314 4118 2449 4171 σμου
2494 4098 2924 4174 ἀποστραφώμεν,
2971 4104 3060 4151 καὶ
3112 4103 3243 4172 πρὸς
3290 4100 3455 4154 ἐκεῖνο
3511 4100 3741 4173 μόνοντό
3770 4096 3881 4164 ἀγα-

2314 4190 2399 4241 θόν
2425 4189 2485 4261 τῇ
2520 4191 2756 4252 ζητήσει,
2814 4188 2904 4240 καὶ
2956 4196 3025 4259 τῷ
3073 4192 3217 4261 πόθῳ
3270 4190 3489 4253 ἑαυτοὺς
3529 4187 3771 4259 ἐκδῶμεν,
3817 4183 3883 4233 ἵνα

2311 4275 2612 4349 δυνηθῶμεν
2660 4285 2842 4349 τυχεῖν
2884 4281 3081 4339 ἐκείνης
3137 4287 3230 4339 τῆς
3288 4277 3520 4354 ὰῤῥήτου
3580 4277 3774 4349 ἀγάπης
3805 4274 3881 4322 τοῦ

2311 4370 2627 4438 Πνεύματος,
2671 4372 2787 4440 περὶ
2843 4369 2907 4429 ἧς
2965 4369 2990 4418 ὁ
3045 4370 3302 4441 μακάριος
3385 4368 3596 4430 Παῦλος
3653 4366 3882 4439 παρῄνεσε

2257 4436 2277 4499 ὶ
2311 4436 2555 4509 σπεύδειν
2576 4458 2714 4527 ημᾶς
2734 4436 2866 4529 πρός
2885 4436 3067 4524 αὐτὴν,
3087 4436 3244 4528 λέγων
3263 4474 3275 4486 ·
3302 4464 3337 4510 Δ
3352 4463 3543 4511 ιώκετ
3559 4476 3581 4510 ε
3617 4436 3733 4514 τὴν
3760 4447 3884 4519 ἀγοί·

2308 4565 2428 4603 πην
2454 4564 2466 4575 ·
2497 4547 2585 4596 ἱνα
2626 4542 2943 4618 δυνηθῶμεν
2977 4547 3033 4597 ἐκ
3083 4555 3178 4607 τῆς
3211 4546 3569 4619 σκληρότητος
3624 4547 3759 4616 ἡμῶν
3802 4543 3881 4595 τῆς

2310 4636 2628 4695 ἀλλοιώσεως
2672 4642 2761 4695 τῆς
2818 4632 2989 4698 δεξιᾶς
3034 4643 3124 4687 τοῦ
3175 4635 3430 4707 Ὑψίστου
3493 4632 3875 4697 καταξιωθῆναι.

2308 4730 2397 4777 καὶ
2481 4725 2550 4787 εἰς
2630 4726 2927 4797 ἡμερότητα
2997 4730 3085 4776 καὶ
3171 4723 3467 4777 ἀνάπαυσιν
3554 4718 3877 4792 πνευματικὴν

2307 4814 2484 4881 ἐλθεῖν,
2531 4817 2683 4889 ἔρωτι
2732 4816 2869 4866 θείου
2904 4816 3199 4886 [Ινεύματος
3228 4816 3530 4887 τρωθέντες.
3561 4811 3619 4864 Ὀ
3655 4812 3749 4881 γὰρ
3791 4804 3879 4857 κύ·-

2304 4923 2413 4978 ριος
2468 4904 2598 4956 πολύ
2668 4904 3144 4978 φιλανθρωπεύεται
3202 4905 3706 4976 σπλαγχνιζόμενος,
3771 4898 3876 4946 πότι

2305 4995 2695 5070 επιστρίψωμεν
2752 4996 2859 5046 ὅλοι
2906 4993 2957 5057 ἐξ
3004 4996 3121 5047 ὀλου
3172 4998 3297 5067 πρὸς
3349 4996 3520 5061 αὐτὸν,
3578 4993 3769 5045 πάντων
3794 4988 3874 5035 τῶν

2304 5085 2539 5137 ἐναντίων
2597 5085 2817 5146 ἑαυτοὺς
2863 5084 3166 5159 ἐξαίροντες,
3225 5085 3285 5137 Εἰ
3330 5087 3431 5159 γὰρ
3464 5088 3551 5135 καὶ
3606 5082 3745 5152 ἡμεῖς
3796 5067 3874 5123 διὰ

2301 5174 2491 5233 πολλὴν
2538 5174 2796 5246 ἀγνωσίαν
2825 5179 2914 5225 καὶ
2960 5178 3255 5233 νηπιότητα
3290 5179 3380 5227 καὶ
3409 5171 3664 5247 πρόληψιν
3711 5163 3873 5216 κακίας

2301 5263 2731 5339 ἀποστρεφομιθα
2778 5268 2871 5322 τὴν
2943 5267 3099 5327 ζωὴν,
3159 5268 3249 5316 καὶ
3309 5260 3537 5336 ἐμπόδια
3592 5255 3745 5312 πολλὰ
3804 5250 3871 5299 τί·

2302 5355 2446 5427 θεμεν
2486 5353 2710 5417 ἑαυτοῖς,
2759 5357 2831 5428 μὴ
2866 5351 3173 5428 βουλόμενοι
3224 5352 3280 5417 ἐξ
3309 5351 3549 5413 ἀληθείας
3594 5344 3831 5422 μετανοεῖν
3856 5372 3870 5389 ο

2297 5445 2405 5501 ἀλλ’
2464 5445 2618 5510 αὐτὸς
2676 5445 2807 5500 πολὺ
2889 5444 3315 5522 σπλαγχνίζεται
3368 5442 3443 5519 ἐφ’
3502 5442 3641 5515 ἡμᾶς
3697 5442 3872 5508 μαρν
