4084 6256
184 306 297 367 485

1470 306 1810 368 HOMILIEJ
1852 302 1918 355 Σι-
1957 310 2131 369 ΗΟΜ.
2176 306 2266 370 Νι

3442 314 3548 382 486

188 440 387 509 θυμῶν,
445 442 570 491 πότε
621 438 1024 510 ἐπιστρέψαντες
1052 438 1414 512 προσέλθωμεν
1453 442 1584 510 πρὸς
1613 436 1783 503 αὐτὸν,

1909 438 2169 492 conversi
2199 438 2560 495 accedamus
2610 439 2684 495 ad
2716 456 2876 506 eum,
2932 446 2988 497 et
3012 445 3218 515 quoad
3249 446 3543 505 internum

182 531 273 578 xui
327 530 416 578 τόν
479 530 584 578 ἔσω
644 529 787 599 ἡμῶν
846 530 1114 601 ἄνθρωπον
1173 528 1529 599 φωτισθώμεν,
1582 530 1667 577 ἵνα
1714 530 1784 596 μὴ

180 618 629 685 καταισχυνθῶσι
660 618 725 666 τὰ
753 621 1012 689 πρόσωπα
1036 618 1182 687 ἡμῶν
1209 615 1255 666 ἐν
1282 617 1450 688 ἡμέρᾳ
1473 620 1713 687 κρίσεως.

252 719 352 774 ΙΖ’.
386 720 445 772 Εἰ
476 717 534 773 δὲ
565 726 651 772 καὶ
683 718 939 773 δύσκολον
988 723 1111 793 ἡμῖν
1146 725 1517 793 καταφαίνεταί
1556 717 1647 771 διὰ
1694 724 1786 777 τὴν

181 808 417 883 σκληρὰν
448 813 538 869 τὴς
584 810 769 883 ἀρετῆς
800 812 1053 879 ἄσκησιν,
1086 810 1276 879 μᾶλλον
1310 806 1368 861 δὲ
1404 807 1498 860 διὰ
1536 814 1627 866 τὴν
1664 810 1787 859 ὑπό-

180 900 323 950 θεσιν
373 903 463 949 καὶ
530 898 850 969 συμϐουλίαν
907 907 997 950 τοῦ
1041 899 1410 969 ἀντικειμένου,
1465 894 1581 949 ἰδοὺ
1633 897 1788 957 αὐτὸς

182 988 608 1057 σπλαγχνίζεται
692 993 780 1038 και
864 984 1195 1059 μακροθυμεῖ
1279 984 1625 1057 ἐκδεχόμενος
1695 991 1786 1043 τὴν

958 1081 1048 1127 xui

180 1077 436 1149 ἡμετέραν
528 1076 866 1148 ἐπιστροφὴν,

521 1163 780 1234 ἀναμένων
840 1170 931 1221 την
996 1166 1267 1235 μετάνοιαν
1329 1166 1496 1235 ἡμῶν,
1560 1168 1649 1215 καὶ
1704 1168 1788 1214 πί-

1164 1075 1559 1149 ἀμαρτανόντων
1644 1077 1671 1131 η
1679 1084 1787 1146 μῶν

178 1163 447 1235 ἀνέχεται,

177 1272 406 1313 πτοντας
470 1255 612 1325 ἡμᾶς
690 1254 783 1305 οὐκ
832 1254 1213 1324 ἐπαισχύνεται
1279 1253 1431 1303 πάλιν
1507 1250 1784 1324 δέχεσθαι,

176 1344 350 1401 καθὼς
372 1338 507 1393 εἶπεν
539 1344 563 1392 ό
588 1349 867 1414 Προφήτης
892 1360 903 1371 ·
935 1347 1027 1399 Μὴ
1061 1344 1086 1392 ό
1114 1348 1359 1393 πίπτων
1390 1342 1501 1393 οὐκ
1530 1342 1785 1395 ἀνίστα-

176 1451 305 1499 ται,
337 1435 370 1489 ἧ
400 1430 817 1505 ἀποστρέφων
856 1432 966 1482 οὐκ
996 1434 1408 1504 ἑπιστρέφεις
1455 1436 1619 1482 Μόνον
1644 1434 1789 1504 ἡμεῖς

178 1517 523 1590 διανήψωμεν
558 1522 748 1570 ἔννοιαν
791 1519 991 1590 ἀγαθὴν
1034 1522 1371 1591 κτησάμενοι,
1418 1539 1507 1571 και
1555 1519 1786 1592 ἐπιστρέ-

174 1608 357 1679 ψωμεν
430 1608 611 1668 εὐθέως
682 1614 772 1659 καὶ
844 1608 1033 1683 ὀρθῶς,
1114 1607 1361 1679 βοήθειαν
1450 1608 1572 1680 παρ’
1630 1610 1790 1661 αὐτοῦ

175 1700 550 1757 ἐπισητοῦντες
580 1714 593 1726 ·
650 1702 739 1748 xui
793 1698 943 1756 αὐτὸς
982 1696 1094 1748 ἐστι
1148 1706 1318 1748 σῶσαι
1360 1698 1496 1768 ἡμᾶς
1542 1698 1740 1769 ἕτοιμος
1775 1715 1797 1737 '-

1901 535 2170 581 nostrum
2198 527 2504 583 hominem
2536 528 2963 595 illuminemur,
2996 547 3070 588 ne
3100 534 3549 593 confundantur

1901 615 2078 670 facies
2109 622 2327 671 nostrae
2361 619 2419 670 in
2452 617 2550 671 die
2572 618 2801 685 judicii.

1970 722 2125 776 XVII.
2183 722 2353 786 Quod
2409 723 2455 776 si
2499 722 2737 777 diﬂicile
2786 740 2855 779 ac
2908 728 3223 783 molestum
3284 730 3457 787 nobis
3487 733 3546 788 id

1901 809 2148 872 videtur,
2207 818 2448 881 propter
2491 811 2703 865 duram
2756 815 2977 868 virtutis
3033 818 3543 887 exercitationem,

1902 899 2094 967 magis
2124 914 2260 952 vero
2286 902 2527 969 propter
2557 902 2999 969 suggestionem
3030 920 3098 959 ac
3130 906 3442 963 consilium
3465 910 3544 965 ad

1900 986 2182 1052 versarii;
2212 986 2603 1041 nihilominus
2622 989 2746 1059 ipse
2766 1006 3001 1045 summa
3024 997 3543 1053 commiseratione

1898 1080 2096 1128 motus
2125 1074 2241 1127 leni
2269 1083 2323 1128 et
2376 1075 2619 1144 patienti
2653 1078 2857 1131 animo
2902 1086 3011 1148 est,
3057 1088 3410 1152 exspectans
3442 1101 3546 1141 no-

1900 1171 2082 1217 stram
2115 1164 2591 1227 conversionem,
2616 1170 2794 1236 atque
2820 1176 3137 1237 peccantes
3172 1187 3280 1225 nos
3312 1173 3544 1242 tolerat,

1900 1267 1967 1305 ac
1996 1258 2261 1306 nostram
2316 1252 2723 1321 paenitentiam
2775 1254 3094 1322 desiderat,
3119 1263 3176 1313 et
3203 1258 3405 1330 lapsos
3436 1278 3545 1317 nos

1901 1340 2160 1409 recipere
2180 1355 2296 1393 non
2320 1341 2634 1405 erubescit,
2664 1341 2882 1396 utdixit
2900 1344 3224 1413 propheta:
3254 1347 3549 1419 Nunquid

1899 1430 2004 1498 qui
2027 1427 2206 1492 cadit,
2227 1443 2344 1482 non
2365 1432 2643 1498 resurgit,
2669 1437 2774 1484 aut
2802 1431 2904 1501 qui
2922 1447 3165 1488 aversus
3191 1442 3294 1499 est,
3319 1452 3435 1490 non
3460 1452 3549 1493 re-

1902 1516 2154 1571 vertitur
2171 1517 2236 1569 “.
2259 1516 2429 1570 Modo
2456 1532 2566 1571 nos
2585 1517 2747 1573 bono
2767 1519 2944 1574 corde
2972 1522 3225 1590 praediti,
3245 1524 3302 1578 in
3327 1526 3549 1581 sobrie-

1902 1610 2016 1660 tate
2031 1607 2322 1670 vivamus,
2342 1613 2399 1659 et
2423 1606 2617 1659 statim
2638 1622 2707 1661 ac
2725 1623 2859 1662 vere
2880 1609 3201 1678 implorato
3230 1612 3360 1682 ejus
3384 1616 3547 1669 auxi-

1901 1693 1980 1748 lio
2010 1701 2467 1749 convertamur:
2505 1698 2991 1766 promptissimus
3028 1714 3166 1754 vero
3196 1708 3288 1756 est
3316 1702 3442 1773 ipse
3469 1704 3548 1759 ad

175 1781 463 1856 ἓκδέχεται
512 1787 614 1855 γὰρ
672 1793 762 1836 τοῦ
809 1786 1094 1855 θελήματος
1139 1786 1284 1857 ἡμῶν
1333 1790 1426 1842 τὴν
1466 1790 1595 1858 πρὸς
1638 1788 1791 1838 αὐτόν

1909 1788 2168 1836 nostram
2192 1784 2465 1836 salutem.
2489 1783 2883 1854 Excipitenim
2908 1786 3194 1843 benevole
3220 1788 3548 1847 ferventem

178 1876 408 1934 ζέουσαν
450 1878 634 1948 ὁρμὴν,
697 1876 816 1925 ὅσον
870 1877 1057 1946 ἔχομεν
1099 1872 1366 1946 δυνάμεως
1397 1893 1408 1904 ·
1470 1881 1559 1927 xui
1600 1882 1690 1933 τὴν
1739 1875 1793 1927 ἐκ

176 1968 533 2036 προαιρέσεως
590 1961 791 2033 ἀγαθὴν
846 1969 1023 2016 πίστιν
1071 1970 1159 2015 xui
1213 1967 1526 2036 προθυμίαν,
1584 1970 1678 2023 την
1734 1963 1792 2017 δε

175 2055 511 2123 κατόρθωσιν
565 2058 740 2103 πᾶσαν
772 2053 925 2114 αὑτός
985 2054 1033 2103 ἐν
1083 2055 1207 2124 ημῖν
1268 2052 1569 2126 ἐργάζεται.
1631 2062 1790 2106 Σπου-

178 2139 431 2211 δάσωμεν
474 2146 663 2207 τοίνυν,
716 2142 1001 2211 ἀγαπητοὶ,
1035 2145 1099 2201 ὡς
1142 2146 1294 2192 τέκνα
1324 2148 1472 2211 Θεοῦ,
1518 2140 1789 2194 ἀποδυσα-

176 2249 327 2302 μενοι
384 2236 561 2281 πᾶσαν
621 2228 881 2301 πρόληψιν
934 2237 1022 2282 xui
1070 2230 1304 2300 ἀμέλειαν
1358 2236 1446 2282 καὶ
1493 2234 1787 2302 χαύνωσιν,

174 2326 407 2391 γενναῖοι
472 2324 561 2370 καὶ
636 2320 835 2387 ἕτοιμοι
901 2322 1142 2390 γενέσθαι
1224 2319 1519 2372 ἀκολουθεῖν
1618 2320 1788 2372 ὀπίσω

174 2408 365 2473 αὐτοῦ,
418 2413 487 2478 μὴ
547 2406 875 2479 ἀναϐάλωμεν
947 2411 1142 2482 ἡμέραν
1191 2408 1242 2470 ἐξ
1299 2410 1493 2481 ἡμέρας
1553 2411 1652 2462 υπὸ
1700 2419 1790 2469 τῆς

175 2490 368 2557 κακίας
407 2496 843 2569 ὑποκλεπτόμενοι
876 2514 888 2525 ⁸
930 2498 989 2548 οὐ
1038 2502 1137 2570 γάρ
1187 2495 1423 2569 οἴδαμεν,
1479 2504 1602 2549 πότε
1629 2502 1657 2556 η
1687 2499 1789 2551 ἀπὸ

181 2596 278 2649 τῆς
358 2590 550 2660 σαρκὸς
630 2589 776 2658 ημῶν
858 2584 1030 2649 ἔξοδος
1095 2593 1312 2658 γίνεται.
1392 2588 1627 2658 Μεγάλαι
1690 2589 1788 2661 γὰρ

180 2682 274 2727 καὶ
332 2676 550 2750 ἄρρητοί
607 2677 738 2728 εἰσιν
810 2678 864 2727 αὶ
920 2685 1018 2727 τῶν
1091 2684 1417 2749 Χριστιανῶν
1469 2678 1787 2748 ἐπαγγελίαι,

184 2773 459 2829 τοσοῦτον,
501 2768 580 2816 ὅτι
631 2771 758 2837 μιᾶς
809 2765 995 2836 ψυχῆς
1048 2770 1228 2816 πίστιν
1281 2772 1369 2816 xui
1427 2765 1646 2816 πλουτον
1700 2766 1790 2816 οὐκ

189 2854 429 2925 riuuloch
476 2860 624 2906 πᾶσα
670 2857 696 2911 η
753 2851 885 2915 δόξα
933 2874 1022 2905 και
1064 2858 1120 2905 τό
1176 2854 1361 2915 κάλλος
1408 2863 1499 2905 του
1571 2854 1791 2925 οὐρανοῦ

189 2950 280 2995 καὶ
324 2952 429 3009 τῆς
455 2952 574 3014 γῆς,
628 2950 718 2995 xui
762 2945 791 3000 ἡ
849 2945 1000 3001 λοιπὴ
1053 2939 1415 3015 διακόσμησίς
1456 2962 1511 2993 τε
1557 2949 1645 2994 xui
1684 2963 1794 2995 τι·οι⁶

192 3033 357 3095 κιλία,
408 3040 495 3083 καὶ
544 3032 759 3094 πλοῦτος
825 3042 913 3084 και
970 3036 1250 3105 ὡραιότης,
1309 3039 1398 3084 xui
1458 3038 1625 3105 τρυφὴ
1694 3042 1792 3083 τῶν

195 3116 484 3193 ὁρωμένων.

267 3334 372 3388 IH'.
432 3342 549 3396 Πῶς
606 3339 776 3385 τοίνυν
855 3334 911 3384 οὐ
990 3334 1267 3405 θελήσομεν
1331 3337 1612 3395 τοσαὺταις
1665 3353 1794 3406 προ-

192 3430 416 3492 τροπαῖς
462 3428 549 3474 καὶ
594 3422 933 3492 ,ἐπαγγελίαις
986 3431 1079 3474 τού
1131 3428 1346 3494 Κυρίου,
1403 3424 1510 3473 ὅλοι
1566 3423 1618 3484 ἐξ
1676 3423 1793 3474 ὅλου

196 3512 518 3585 προσελθεῖν,
570 3516 658 3562 καὶ
717 3507 956 3570 ἐκδότους
1003 3512 1219 3571 ἑαυτοὺς
1256 3513 1395 3582 αὐτῷ
1433 3521 1791 3576 καταστῆσαι,

189 3600 563 3674 ἀρνησάμενοι,
621 3603 753 3651 κατά
801 3604 860 3651 τὸ
900 3601 1229 3673 Εὐαγγέλιον,
1280 3606 1411 3672 μετά
1468 3604 1670 3653 πάντων
1704 3605 1793 3653 καὶ

185 3698 282 3749 τὴν
315 3692 509 3742 ἑαυτῶν
559 3689 765 3761 ψυχὴν,
807 3696 897 3740 xui
945 3698 1096 3761 μόνον
1149 3690 1304 3741 αὐτόν
1361 3691 1655 3761 ἀγαπῆσαι,
1706 3696 1793 3742 καὶ

189 3784 287 3831 σὺν
337 3778 478 3849 αὐτῴ
507 3779 629 3830 ἄλλο
682 3776 873 3843 amity;
921 3778 1060 3830 Ἀλλ’
1110 3776 1227 3829 ἰδοὺ
1285 3784 1373 3831 καὶ
1408 3790 1574 3831 ταυτα
1606 3799 1793 3850 παντα,

184 3883 279 3928 καὶ
325 3884 463 3933 πόση
499 3874 630 3938 δόξα
691 3873 848 3931 ἐδόθη
887 3892 899 3941 ;
932 3882 1093 3927 πόσαι
1125 3879 1415 3948 οἰκονομίαι
1463 3886 1552 3928 τοῦ
1598 3884 1792 3952 Κυρίου

188 3965 294 4018 ἀπὸ
350 3974 450 4017 τῶν
503 3971 741 4037 Πατέρων
797 3969 886 4016 καὶ
937 3974 1211 4039 προφητῶν
1252 3985 1499 4036 γεγόνασι
1557 3983 1571 4033 ;
1630 3986 1793 4017 ποσαι

188 4055 499 4126 ἐπαγγελίαι
552 4055 950 4125 ἐπηγγέλθησαν
1006 4070 1019 4119 ;
1074 4059 1164 4105 xui
1212 4060 1373 4106 πόσαι
1424 4061 1718 4128 προτροπαί
1778 4071 1792 4121 ;

186 4151 333 4202 πόση
394 4144 758 4214 εὐσπλαγχνία
815 4152 905 4195 του
946 4151 1204 4194 Δεσποτου
1255 4142 1308 4204 ἐξ
1341 4144 1515 4216 ἀρχῆς
1558 4144 1629 4214 ἐφ’
1663 4147 1795 4215 ἡμᾶς

186 4239 445 4306 γέγονιν;
489 4236 718 4303 ἔσχατον
766 4231 844 4299 δὲ,
896 4238 983 4284 xui
1036 4229 1129 4284 δ’ιά
1172 4241 1268 4293 τῆς
1324 4230 1463 4291 ἰδίας
1508 4230 1797 4304 ἐπιδημίας

188 4342 287 4381 την
336 4321 562 4395 ἄρρητον
601 4339 947 4393 χρηστότητα
999 4320 1071 4389 ἐφ’
1118 4322 1249 4392 ἡμᾶς
1294 4318 1387 4372 διὰ
1419 4328 1514 4381 τῆς
1569 4328 1797 4395 σταυρώ-

194 4430 329 4471 σιως
385 4408 706 4474 ἐπεδείξατο,
759 4412 841 4461 ἶνα
884 4414 1019 4481 ἡμᾶς
1077 4411 1148 4470 εἰς
1197 4411 1334 4469 ζωὴν
1387 4409 1798 4483 ἐπιστρέψαντας

1831 3152 1869 3206 C

1902 1870 2221 1925 voluntatis
2239 1878 2458 1925 nostrai
2481 1872 2557 1925 ad
2574 1872 2761 1937 iUum,
2780 1880 3077 1943 quantum
3099 1875 3160 1931 in
3180 1879 3398 1932 nostris
3414 1880 3550 1934 viri-

1901 1960 2016 2014 bus
2038 1965 2143 2023 est,
2170 1962 2481 2029 impetum,
2500 1968 2554 2014 et
2576 1960 2801 2015 bonam
2830 1963 3010 2017 tidem
3028 1979 3098 2017 ac
3126 1967 3545 2037 promptitudi-

1901 2064 2037 2102 nem
2051 2064 2122 2102 ΒΧ
2148 2049 2447 2102 voluntate
2464 2058 2663 2103 nostra
2688 2058 3031 2106 manantem
3069 2068 3082 2106 Ξ
3113 2056 3543 2111 correctionem

1903 2153 2039 2191 vero
2067 2152 2309 2190 omnem
2362 2138 2490 2206 ipse
2538 2138 2597 2190 in
2628 2137 2802 2192 nobis
2846 2148 3146 2210 operatur.
3180 2142 3546 2200 lndustriam

1900 2225 2077 2292 igitur
2107 2224 2525 2289 adhibeamus,
2557 2241 2592 2279 ο
2623 2225 2840 2292 dilecti,
2884 2232 3177 2299 tanquam
3204 2230 3305 2285 ﬁlii
3331 2235 3450 2300 Dei,
3488 2240 3551 2288 ut

1898 2331 2140 2368 omnem
2172 2316 2645 2384 occupationem,
2681 2315 3104 2385 negligentiam
3145 2335 3214 2373 ac
3246 2321 3549 2391 pigritiam

1898 2410 2199 2465 exuentes,
2236 2402 2462 2457 alacres
2517 2418 2587 2456 ac
2621 2404 2881 2474 prompti
2925 2405 3146 2461 ﬁamus
3181 2410 3258 2462 ad
3286 2425 3423 2465 eum
3447 2426 3545 2464 se-

1899 2492 2205 2561 quendum
2234 2507 2248 2557 ;
2280 2507 2353 2546 ne
2376 2491 2449 2545 de
2479 2490 2574 2545 die
2629 2492 2688 2545 in
2728 2492 2886 2546 diem
2918 2510 3043 2548 rem
3075 2496 3447 2565 differamus,
3479 2515 3549 2554 ac

1901 2597 1937 2635 a
1967 2582 2191 2634 malitia
2210 2579 2668 2650 prieveniainur.
2703 2584 3010 2636 Nescimus
3030 2585 3214 2653 enim,
3249 2602 3373 2658 qua
3398 2587 3551 2643 hora

1901 2671 2086 2724 exitus
2135 2685 2165 2722 e
2218 2684 2398 2723 carne
2452 2669 2526 2722 sit
2554 2670 2806 2724 futurus.
2868 2674 3091 2741 Magna:
3142 2676 3304 2730 enim
3336 2681 3553 2732 suntet

1900 2758 2235 2813 ineffabiles
2259 2757 2606 2813 Christianis
2654 2756 2824 2813 facta;
2858 2762 3307 2830 promissiones,
3336 2766 3396 2819 in
3422 2771 3553 2821 tan-

1903 2854 2025 2902 tum
2052 2848 2316 2917 quidem,
2346 2852 2560 2900 utcum
2592 2850 2765 2901 unius
2790 2850 3010 2904 animai
3062 2851 3180 2906 ﬁde
3207 2868 3278 2907 ac
3329 2854 3553 2909 divitiis

1903 2936 2132 2991 nullam
2146 2936 2393 2989 omnino
2414 2938 2860 3006 proportionem
2894 2939 3113 2994 habeat
3137 2943 3334 2995 omnis
3358 2942 3553 3011 gloria

1904 3034 1956 3081 et
1988 3024 2365 3095 pulchritudo
2396 3026 2527 3078 caeli
2560 3031 2615 3080 et
2642 3032 2830 3091 terrae,
2862 3034 2917 3082 et
2938 3028 3201 3099 reliquus
3222 3036 3472 3087 ornatus
3496 3040 3555 3087 et

1905 3116 2178 3182 varietas,
2228 3121 2283 3167 et
2309 3114 2525 3168 divitiae
2570 3120 2627 3170 et
2655 3114 2836 3169 decor
2865 3131 2936 3171 ac
2978 3116 3204 3173 delicia
3249 3120 3553 3191 spectabi~

1903 3204 2071 3258 lium.

1974 3328 2156 3384 XVIII.
2193 3327 2302 3391 Qui
2332 3325 2398 3379 iit
2428 3341 2591 3395 ergo,
2622 3328 2786 3397 quod
2832 3330 3010 3384 tantis
3032 3330 3549 3388 exhortationibus

1905 3424 1960 3472 et
1987 3416 2763 3487 promissionibusimpulsi,
2788 3417 2889 3472 toti
2921 3419 3170 3474 omnino
3200 3435 3337 3475 eum
3361 3422 3545 3486 adire,

1905 3514 1960 3560 et
1990 3520 2100 3559 nos
2130 3510 2280 3559 totos
2311 3504 2362 3557 ei
2394 3504 2631 3567 dedere,
2661 3507 2974 3574 abnegatis
3005 3510 3338 3564 secundum
3367 3513 3555 3566 Evan—

1906 3595 2125 3662 gelium
2158 3610 2292 3646 cum
2348 3592 2629 3647 omnibus
2660 3602 2716 3648 et
2770 3598 2972 3649 anima
3018 3604 3243 3663 nostra,
3290 3615 3551 3671 eumque

1905 3684 2098 3738 solum
2150 3696 2353 3736 amore
2387 3683 2665 3752 prosequi
2710 3691 2765 3736 et
2799 3684 2941 3738 nihil
2968 3685 3129 3739 aliud
3162 3702 3300 3741 cum
3340 3705 3430 3755 eo,
3464 3705 3553 3744 re-

1906 3770 2209 3827 nuamus‘?
2241 3772 2351 3825 Sed
2372 3786 2506 3824 ecce
2524 3772 2649 3825 haec
2680 3773 2886 3845 omnia
2915 3777 2972 3827 et
3001 3784 3230 3845 quanta
3263 3786 3553 3846 praeterea.

1906 3863 2092 3931 gloria
2139 3860 2279 3913 data
2327 3859 2631 3930 esthuot
2683 3861 3109 3930 dispositiones
3164 3880 3200 3917 a
3231 3866 3469 3920 Patrum
3505 3872 3561 3923 et

1907 3950 2337 4021 prophetarum
2357 3947 2726 4017 temporibus
2743 3948 2909 4003 facta:
2929 3951 3115 4006 sunt?
3140 3956 3285 4021 quot
3304 3957 3556 4023 promis-

1907 4041 2102 4093 sioues
2117 4034 2145 4089 ?
2162 4043 2217 4091 et
2233 4042 2375 4105 quot
2393 4035 2833 4090 exhortationes
2853 4037 2879 4090 ?
2903 4046 3128 4108 quanta
3146 4041 3560 4098 misericordia

1913 4126 2141 4182 Domini
2170 4127 2227 4178 in
2261 4140 2371 4177 nos
2423 4123 2500 4179 ab
2532 4124 2696 4177 initio
2724 4122 2875 4181 fuit?
2909 4128 3148 4182 tandem
3192 4144 3330 4183 vero
3362 4137 3417 4184 et
3447 4146 3558 4185 suo

1908 4215 2098 4286 ipsius
2121 4213 2378 4269 adventu
2410 4211 2774 4267 ineffabilem
2805 4229 2947 4282 erga
2978 4230 3089 4269 nos
3123 4217 3554 4286 benignitatem

1910 4320 2013 4375 per
2034 4302 2482 4357 crucitixionem
2514 4302 2788 4368 ostendit,
2850 4310 2910 4357 ut
2963 4319 3071 4358 nos
3123 4320 3445 4362 conversos
3498 4310 3559 4362 in

1914 4400 2093 4448 Vitam
2118 4392 2468 4447 transferat:
2507 4407 2618 4445 nos
2668 4396 2868 4446 tamen
2928 4408 2962 4449 a
3006 4394 3305 4450 voluntate
3334 4404 3556 4463 nostra,

194 4505 473 4575 μετενέγκῃ
512 4517 523 4529 ·
556 4505 645 4550 xui
693 4501 838 4571 ἡμεῖς
889 4509 987 4551 τῶν
1027 4500 1324 4571 θελημάτων
1374 4501 1518 4570 ἡμῶν
1566 4507 1655 4551 xui
1705 4510 1791 4561 τῆς

1910 4482 2223 4537 dilectione
2243 4480 2471 4543 mundi,
2497 4480 3023 4549 anticipationibus
3037 4489 3091 4537 et
3107 4487 3561 4541 consuetudini-

194 4590 407 4661 ἀγάπης
446 4598 536 4639 του
593 4593 819 4659 κόσμου,
874 4593 963 4640 xui
1026 4598 1123 4639 τῶν
1190 4586 1490 4660 προλήψεων
1540 4594 1628 4639 καὶ
1681 4608 1801 4639 συν-

195 4681 387 4734 ηθειῶν
428 4686 620 4741 κακῶν,
678 4678 771 4727 οὐκ
814 4679 1214 4749 ἀναχωρουμεν.
1282 4682 1390 4743 Διό,
1451 4676 1798 4747 ὀλιγόπιστοι,

197 4766 229 4823 ἡ
280 4770 373 4815 xui
426 4766 640 4817 ἄπιστοι
690 4762 1002 4837 ὃεικνύμιθα
1056 4781 1069 4794 ⁸
1129 4770 1216 4816 xui
1254 4766 1336 4817 ἐπι
1378 4769 1579 4825 τούτοις
1617 4772 1797 4830 πᾶσιν,

197 4850 322 4906 ἰδοὺ
391 4854 578 4915 αὐτοὺς
661 4857 1038 4926 χρηστεύεται,
1115 4854 1344 4925 ἀοράτως
1416 4864 1647 4928 φρουρῶν
1713 4860 1802 4907 καὶ

192 4942 551 5015 περιθάλπων,
610 4948 681 5013 μὴ
767 4946 899 4995 κατά
954 4946 1017 4995 τά
1078 4943 1427 5015 ἁμαρτήματα
1474 4940 1803 5018 παραδιδοὺς

194 5034 341 5105 ἡμᾶς
383 5032 456 5093 εἰς
484 5031 621 5092 τέλος
664 5041 729 5104 τῇ
760 5037 937 5104 κακίᾳ,
989 5037 1078 5084 xui
1123 5041 1182 5104 τῇ
1241 5041 1332 5084 του
1372 5040 1575 5104 κόσμου
1626 5032 1798 5106 ἀπάτῃ

196 5122 365 5193 ὰφιὼν
422 5122 556 5191 ἡμᾶς
588 5119 895 5191 ἀπολέσθαι,
937 5118 1030 5173 διὰ
1075 5121 1266 5179 πολλὴν
1313 5141 1661 5194 χρηστότητα
1711 5128 1799 5174 xui

192 5212 570 5283 μακροθυμίαν
617 5208 951 5275 ἀποσκοπῶν,
1001 5214 1125 5263 πότε
1180 5214 1310 5284 πρὸς
1353 5211 1507 5263 αὐτόν
1560 5210 1800 5285 ἐπιστρέ-

193 5294 401 5374 ψωμιν.

268 5404 391 5466 ιε’.
458 5404 617 5459 Ἀλλά
664 5402 887 5461 δέδοικα
935 5411 1007 5479 μὴ
1055 5424 1179 5460 ποτε
1225 5408 1283 5459 τὸ
1329 5413 1423 5460 τοῦ
1474 5405 1806 5477 ,Ἀποστόλου

190 5496 359 5571 ῥητόν
405 5494 657 5568 πληρωθῇ
723 5497 796 5577 εἰς
851 5497 987 5568 ἡμᾶς
1039 5504 1102 5570 τῇ
1158 5504 1579 5571 καταφρονητικῇ
1632 5496 1808 5568 ¹ἐννοίᾳ

278 5688 321 5721 ⁸¹
352 5688 571 5742 Jerem.
611 5700 728 5757 vni,
756 5686 809 5739 4.

1911 4571 2026 4624 bus
2056 4570 2254 4640 pravis
2290 4584 2407 4622 non
2441 4568 2800 4623 secedimus.
2832 4572 3023 4635 Quare
3048 4589 3155 4626 nos
3186 4580 3288 4628 aut
3320 4574 3559 4643 exigua,

1911 4666 2014 4713 aut
2044 4657 2203 4713 nulla
2230 4660 2477 4712 omnin
2505 4658 2621 4712 tide
2655 4659 2934 4728 prieditos
2962 4676 3093 4715 esse
3118 4662 3254 4716 hinc
3285 4671 3553 4733 apparet.

1914 4751 1977 4802 Et
2003 4754 2212 4815 praeter
2232 4748 2361 4800 haec
2387 4748 2611 4809 omnia,
2646 4747 2978 4816 benignum
3012 4766 3073 4804 se
3103 4751 3340 4806 exhibet
3364 4751 3557 4818 nobis,

1915 4840 2166 4908 protegit
2192 4851 2261 4890 ac
2290 4835 2444 4889 fovet
2473 4850 2584 4889 nos
2611 4836 3006 4903 invisibiliter,
3041 4856 3148 4893 uec
3177 4856 3307 4904 nos,
3344 4857 3557 4896 secun-

1913 4926 2058 4979 dum
2093 4930 2339 4994 peccata
2366 4930 2588 4989 nostra,
2616 4926 2856 4978 malitiae
2874 4936 2929 4980 et
2954 4929 3158 4981 mundi
3193 4930 3564 5000 deceptioni-

1914 5014 2029 5068 bus
2060 5014 2119 5066 iu
2169 5019 2523 5082 perpetuum
2575 5011 2841 5077 traditos,
2894 5016 3031 5068 siuit
3078 5018 3267 5086 perire
3322 5027 3568 5088 propter

1915 5116 2218 5155 summam
2241 5098 2619 5154 clementiam
2641 5110 2695 5154 et
2714 5102 3229 5173 louganimitatem
3248 5122 3443 5171 suam,
3478 5108 3555 5163 ab

1917 5191 2037 5246 alto
2057 5189 2404 5259 dispiciens,
2435 5189 2683 5259 quando
2712 5191 2789 5245 ad
2817 5205 2957 5245 eum
2981 5202 3427 5250 convertamur.

1990 5402 2117 5458 XIX.
2141 5400 2318 5472 Atqui
2340 5416 2568 5471 vereor,
2600 5417 2674 5457 ne
2696 5402 2923 5457 dictum
2953 5404 3220 5475 Apostoli
3274 5404 3335 5459 in
3364 5404 3570 5473 nobis,

1918 5492 2021 5564 qui
2064 5491 2268 5548 animo
2308 5489 2384 5545 ad
2414 5490 2621 5548 omnia
2670 5492 3113 5551 contemnenda
3142 5492 3387 5564 proclivi
3416 5494 3574 5551 vivi-
