  <div class='ocr_page' id='page_1' title='image "/cluster/home/n/w/nwhite01/storage/ocr_20150623/34/mdp.39015041165401/283.png"; bbox 0 0 4084 6256; ppageno 0'>
   <div class='ocr_carea' id='block_1_1' title="bbox 538 294 651 361">
    <p class='ocr_par' dir='ltr' id='par_1_1' title="bbox 538 294 651 361">
     <span class='ocr_line' id='line_1_1' title="bbox 538 294 651 361; baseline -0.009 -13"><span class='ocrx_word' id='word_1_1' title='bbox 538 294 651 361; x_wconf 9' lang='grc'>487,</span> 
     </span>
    </p>
   </div>
   <div class='ocr_carea' id='block_1_2' title="bbox 1837 278 2578 350">
    <p class='ocr_par' dir='ltr' id='par_1_2' title="bbox 1837 278 2578 350">
     <span class='ocr_line' id='line_1_2' title="bbox 1837 278 2578 350; baseline -0.008 -10"><span class='ocrx_word' id='word_1_2' title='bbox 1837 287 1896 350; x_wconf 58' lang='lat'>5-.</span> <span class='ocrx_word' id='word_1_3' title='bbox 1944 284 2238 341; x_wconf 80' lang='lat' dir='ltr'>MACARII</span> <span class='ocrx_word' id='word_1_4' title='bbox 2279 278 2552 347; x_wconf 58' lang='lat' dir='ltr'>EGYPTI</span> <span class='ocrx_word' id='word_1_5' title='bbox 2561 280 2578 333; x_wconf 82' lang='grc' dir='ltr'><strong>Ι</strong></span> 
     </span>
    </p>
   </div>
   <div class='ocr_carea' id='block_1_3' title="bbox 3752 287 3839 343">
    <p class='ocr_par' dir='ltr' id='par_1_3' title="bbox 3752 287 3839 343">
     <span class='ocr_line' id='line_1_3' title="bbox 3752 287 3839 343; baseline 0.034 -3"><span class='ocrx_word' id='word_1_6' title='bbox 3752 287 3839 343; x_wconf 70' lang='lat'>488</span> 
     </span>
    </p>
   </div>
   <div class='ocr_carea' id='block_1_4' title="bbox 542 405 2178 490">
    <p class='ocr_par' dir='ltr' id='par_1_4' title="bbox 542 412 2178 490">
     <span class='ocr_line' id='line_1_4' title="bbox 542 412 2178 490; baseline -0.006 -14"><span class='ocrx_word' id='word_1_7' title='bbox 542 436 701 490; x_wconf 90' lang='lat' dir='ltr'>mus,</span> <span class='ocrx_word' id='word_1_8' title='bbox 732 424 789 475; x_wconf 90' lang='lat' dir='ltr'>et</span> <span class='ocrx_word' id='word_1_9' title='bbox 809 417 1133 489; x_wconf 89' lang='lat' dir='ltr'>anteceptis</span> <span class='ocrx_word' id='word_1_10' title='bbox 1148 414 1531 487; x_wconf 86' lang='lat' dir='ltr'>opinionibus</span> <span class='ocrx_word' id='word_1_11' title='bbox 1552 413 1903 485; x_wconf 89' lang='lat' dir='ltr'>abripimur,</span> <span class='ocrx_word' id='word_1_12' title='bbox 1934 412 2178 484; x_wconf 86' lang='lat' dir='ltr'>implea-</span> 
     </span>
    </p>
   </div>
   <div class='ocr_carea' id='block_1_5' title="bbox 2288 405 3847 490">
    <p class='ocr_par' dir='ltr' id='par_1_5' title="bbox 2294 405 3847 481">
     <span class='ocr_line' id='line_1_5' title="bbox 2294 405 3847 481; baseline 0.003 -21"><span class='ocrx_word' id='word_1_13' title='bbox 2294 409 2577 473; x_wconf 76' lang='grc' dir='ltr'><strong><em>συζῶντας,</em></strong></span> <span class='ocrx_word' id='word_1_14' title='bbox 2635 412 2723 461; x_wconf 82' lang='grc' dir='ltr'><strong><em>καὶ</em></strong></span> <span class='ocrx_word' id='word_1_15' title='bbox 2775 416 2891 470; x_wconf 84' lang='grc' dir='ltr'><strong><em>ταῖς</em></strong></span> <span class='ocrx_word' id='word_1_16' title='bbox 2942 405 3238 481; x_wconf 72' lang='grc' dir='ltr'>προλήψεσι</span> <span class='ocrx_word' id='word_1_17' title='bbox 3293 412 3747 480; x_wconf 82' lang='grc' dir='ltr'><strong><em>συναπαγομίνους,</em></strong></span> <span class='ocrx_word' id='word_1_18' title='bbox 3794 415 3847 465; x_wconf 84' lang='grc' dir='ltr'><strong><em>τὸ</em></strong></span> 
     </span>
    </p>
   </div>
   <div class='ocr_carea' id='block_1_6' title="bbox 543 502 2185 580">
    <p class='ocr_par' dir='ltr' id='par_1_6' title="bbox 543 502 2185 580">
     <span class='ocr_line' id='line_1_6' title="bbox 543 502 2185 580; baseline -0.005 -15"><span class='ocrx_word' id='word_1_19' title='bbox 543 515 660 575; x_wconf 90' lang='lat' dir='ltr'>tur,</span> <span class='ocrx_word' id='word_1_20' title='bbox 690 508 857 580; x_wconf 90' lang='lat' dir='ltr'>quod</span> <span class='ocrx_word' id='word_1_21' title='bbox 886 508 966 562; x_wconf 98' lang='lat' dir='ltr'>ait</span> <span class='ocrx_word' id='word_1_22' title='bbox 988 525 1000 564; x_wconf 91' lang='lat'><strong>:</strong></span> <span class='ocrx_word' id='word_1_23' title='bbox 1026 509 1124 560; x_wconf 84' lang='lat' dir='ltr'><strong><em>An</em></strong></span> <span class='ocrx_word' id='word_1_24' title='bbox 1153 504 1392 559; x_wconf 83' lang='lat' dir='ltr'>divitias</span> <span class='ocrx_word' id='word_1_25' title='bbox 1423 503 1701 559; x_wconf 74' lang='lat' dir='ltr'>bonitatis</span> <span class='ocrx_word' id='word_1_26' title='bbox 1724 504 1912 567; x_wconf 80' lang='lat' dir='ltr'>iuius,</span> <span class='ocrx_word' id='word_1_27' title='bbox 1945 517 2016 558; x_wconf 86' lang='lat' dir='ltr'>ac</span> <span class='ocrx_word' id='word_1_28' title='bbox 2049 502 2185 556; x_wconf 80' lang='lat' dir='ltr'>tote-</span> 
     </span>
    </p>
   </div>
   <div class='ocr_carea' id='block_1_7' title="bbox 540 591 2187 664">
    <p class='ocr_par' dir='ltr' id='par_1_7' title="bbox 540 591 2187 664">
     <span class='ocr_line' id='line_1_7' title="bbox 540 591 2187 664; baseline -0.006 -11"><span class='ocrx_word' id='word_1_29' title='bbox 540 600 755 654; x_wconf 75' lang='lat' dir='ltr'>rantiae</span> <span class='ocrx_word' id='word_1_30' title='bbox 768 595 1143 664; x_wconf 74' lang='lat' dir='ltr'>tenitatisque</span> <span class='ocrx_word' id='word_1_31' title='bbox 1164 592 1819 661; x_wconf 80' lang='lat' dir='ltr'>contemnis,ignorans,</span> <span class='ocrx_word' id='word_1_32' title='bbox 1837 592 1995 662; x_wconf 86' lang='lat' dir='ltr'>quod</span> <span class='ocrx_word' id='word_1_33' title='bbox 2023 591 2187 646; x_wconf 83' lang='lat' dir='ltr'>boni-</span> 
     </span>
    </p>
   </div>
   <div class='ocr_carea' id='block_1_8' title="bbox 542 681 2186 757">
    <p class='ocr_par' dir='ltr' id='par_1_8' title="bbox 542 681 2186 757">
     <span class='ocr_line' id='line_1_8' title="bbox 542 681 2186 757; baseline -0.006 -15"><span class='ocrx_word' id='word_1_34' title='bbox 542 695 631 742; x_wconf 82' lang='lat' dir='ltr'>tas</span> <span class='ocrx_word' id='word_1_35' title='bbox 652 688 693 756; x_wconf 84' lang='lat'><strong>1</strong></span> <span class='ocrx_word' id='word_1_36' title='bbox 705 687 762 757; x_wconf 83' lang='lat'><strong><em>9</em></strong></span> <span class='ocrx_word' id='word_1_37' title='bbox 780 685 882 741; x_wconf 81' lang='lat' dir='ltr'>Dei</span> <span class='ocrx_word' id='word_1_38' title='bbox 893 684 972 739; x_wconf 83' lang='lat' dir='ltr'>ad</span> <span class='ocrx_word' id='word_1_39' title='bbox 980 684 1391 753; x_wconf 65' lang='lat' dir='ltr'>paenitentiam</span> <span class='ocrx_word' id='word_1_40' title='bbox 1409 685 1462 737; x_wconf 80' lang='lat' dir='ltr'>te</span> <span class='ocrx_word' id='word_1_41' title='bbox 1480 682 1692 736; x_wconf 80' lang='lat' dir='ltr'>invitat</span> <span class='ocrx_word' id='word_1_42' title='bbox 1708 682 1790 735; x_wconf 68' lang='lat'>“7</span> <span class='ocrx_word' id='word_1_43' title='bbox 1804 683 1974 745; x_wconf 80' lang='lat' dir='ltr'>Quod</span> <span class='ocrx_word' id='word_1_44' title='bbox 1994 683 2042 734; x_wconf 85' lang='lat' dir='ltr'>si</span> <span class='ocrx_word' id='word_1_45' title='bbox 2060 681 2186 733; x_wconf 88' lang='lat' dir='ltr'>lon-</span> 
     </span>
    </p>
   </div>
   <div class='ocr_carea' id='block_1_9' title="bbox 543 770 2190 846">
    <p class='ocr_par' dir='ltr' id='par_1_9' title="bbox 543 770 2190 846">
     <span class='ocr_line' id='line_1_9' title="bbox 543 770 2190 846; baseline -0.005 -15"><span class='ocrx_word' id='word_1_46' title='bbox 543 779 909 846; x_wconf 84' lang='lat' dir='ltr'>ganimitate,</span> <span class='ocrx_word' id='word_1_47' title='bbox 933 772 1198 829; x_wconf 75' lang='lat' dir='ltr'>bonitate</span> <span class='ocrx_word' id='word_1_48' title='bbox 1215 776 1273 826; x_wconf 92' lang='lat' dir='ltr'>et</span> <span class='ocrx_word' id='word_1_49' title='bbox 1297 772 1606 827; x_wconf 72' lang='lat' dir='ltr'>tolerantia</span> <span class='ocrx_word' id='word_1_50' title='bbox 1631 771 1762 841; x_wconf 85' lang='lat' dir='ltr'>ejus</span> <span class='ocrx_word' id='word_1_51' title='bbox 1789 770 1981 832; x_wconf 82' lang='lat' dir='ltr'>abusi,</span> <span class='ocrx_word' id='word_1_52' title='bbox 2017 770 2190 840; x_wconf 87' lang='lat' dir='ltr'>plura</span> 
     </span>
    </p>
   </div>
   <div class='ocr_carea' id='block_1_10' title="bbox 545 859 2192 933">
    <p class='ocr_par' dir='ltr' id='par_1_10' title="bbox 545 859 2192 933">
     <span class='ocr_line' id='line_1_10' title="bbox 545 859 2192 933; baseline -0.006 -13"><span class='ocrx_word' id='word_1_53' title='bbox 545 863 958 920; x_wconf 88' lang='lat' dir='ltr'>addiderimus</span> <span class='ocrx_word' id='word_1_54' title='bbox 977 870 1240 933; x_wconf 89' lang='lat' dir='ltr'>peccata,</span> <span class='ocrx_word' id='word_1_55' title='bbox 1255 864 1601 931; x_wconf 89' lang='lat' dir='ltr'>etgraviora</span> <span class='ocrx_word' id='word_1_56' title='bbox 1623 860 1871 929; x_wconf 89' lang='lat' dir='ltr'>judicia,</span> <span class='ocrx_word' id='word_1_57' title='bbox 1893 859 2192 927; x_wconf 87' lang='lat' dir='ltr'>negligen-</span> 
     </span>
    </p>
   </div>
   <div class='ocr_carea' id='block_1_11' title="bbox 547 947 2187 1021">
    <p class='ocr_par' dir='ltr' id='par_1_11' title="bbox 547 947 2187 1021">
     <span class='ocr_line' id='line_1_11' title="bbox 547 947 2187 1021; baseline -0.006 -13"><span class='ocrx_word' id='word_1_58' title='bbox 547 953 625 1008; x_wconf 84' lang='lat' dir='ltr'>tia</span> <span class='ocrx_word' id='word_1_59' title='bbox 645 960 700 1007; x_wconf 91' lang='lat' dir='ltr'>et</span> <span class='ocrx_word' id='word_1_60' title='bbox 731 957 1076 1021; x_wconf 91' lang='lat' dir='ltr'>contemptu</span> <span class='ocrx_word' id='word_1_61' title='bbox 1092 954 1297 1005; x_wconf 90' lang='lat' dir='ltr'>nostro</span> <span class='ocrx_word' id='word_1_62' title='bbox 1315 948 1491 1003; x_wconf 92' lang='lat' dir='ltr'>nobis</span> <span class='ocrx_word' id='word_1_63' title='bbox 1507 947 1653 1020; x_wconf 83' lang='lat' dir='ltr'>ipsis</span> <span class='ocrx_word' id='word_1_64' title='bbox 1676 948 2187 1009; x_wconf 84' lang='lat' dir='ltr'>accersiverimus,</span> 
     </span>
    </p>
   </div>
   <div class='ocr_carea' id='block_1_12' title="bbox 543 1034 2190 1113">
    <p class='ocr_par' dir='ltr' id='par_1_12' title="bbox 543 1034 2190 1113">
     <span class='ocr_line' id='line_1_12' title="bbox 543 1034 2190 1113; baseline -0.004 -18"><span class='ocrx_word' id='word_1_65' title='bbox 543 1041 885 1113; x_wconf 90' lang='lat' dir='ltr'>implebitur</span> <span class='ocrx_word' id='word_1_66' title='bbox 934 1040 1082 1094; x_wconf 90' lang='lat' dir='ltr'>illud</span> <span class='ocrx_word' id='word_1_67' title='bbox 1113 1041 1377 1093; x_wconf 86' lang='lat' dir='ltr'>dictum:</span> <span class='ocrx_word' id='word_1_68' title='bbox 1407 1037 1522 1092; x_wconf 83' lang='lat' dir='ltr'>Sed</span> <span class='ocrx_word' id='word_1_69' title='bbox 1550 1038 1871 1092; x_wconf 85' lang='lat' dir='ltr'>secundum</span> <span class='ocrx_word' id='word_1_70' title='bbox 1903 1034 2190 1090; x_wconf 77' lang='lat' dir='ltr'>duritiam</span> 
     </span>
    </p>
   </div>
   <div class='ocr_carea' id='block_1_13' title="bbox 546 1123 2191 1199">
    <p class='ocr_par' dir='ltr' id='par_1_13' title="bbox 546 1123 2191 1199">
     <span class='ocr_line' id='line_1_13' title="bbox 546 1123 2191 1199; baseline -0.004 -13"><span class='ocrx_word' id='word_1_71' title='bbox 546 1139 731 1199; x_wconf 83' lang='lat' dir='ltr'>tuam,</span> <span class='ocrx_word' id='word_1_72' title='bbox 755 1128 1218 1198; x_wconf 75' lang='lat' dir='ltr'>etcorptrnitere</span> <span class='ocrx_word' id='word_1_73' title='bbox 1238 1128 1520 1191; x_wconf 85' lang='lat' dir='ltr'>nesciens,</span> <span class='ocrx_word' id='word_1_74' title='bbox 1554 1126 1760 1196; x_wconf 80' lang='lat' dir='ltr'>caligis</span> <span class='ocrx_word' id='word_1_75' title='bbox 1775 1125 1879 1180; x_wconf 83' lang='lat' dir='ltr'>tibi</span> <span class='ocrx_word' id='word_1_76' title='bbox 1898 1125 2014 1194; x_wconf 83' lang='lat' dir='ltr'>ipsi</span> <span class='ocrx_word' id='word_1_77' title='bbox 2034 1123 2191 1179; x_wconf 86' lang='lat' dir='ltr'>iram</span> 
     </span>
    </p>
   </div>
   <div class='ocr_carea' id='block_1_14' title="bbox 542 1214 2191 1285">
    <p class='ocr_par' dir='ltr' id='par_1_14' title="bbox 542 1214 2191 1285">
     <span class='ocr_line' id='line_1_14' title="bbox 542 1214 2191 1285; baseline -0.005 -11"><span class='ocrx_word' id='word_1_78' title='bbox 542 1221 606 1274; x_wconf 81' lang='lat' dir='ltr'>in</span> <span class='ocrx_word' id='word_1_79' title='bbox 637 1220 732 1275; x_wconf 88' lang='lat' dir='ltr'>die</span> <span class='ocrx_word' id='word_1_80' title='bbox 751 1214 1999 1285; x_wconf 68' lang='lat' dir='ltr'>iraerevelationisjustijudiciiDei”.Deus</span> <span class='ocrx_word' id='word_1_81' title='bbox 2030 1216 2191 1268; x_wconf 90' lang='lat' dir='ltr'>enim</span> 
     </span>
    </p>
   </div>
   <div class='ocr_carea' id='block_1_15' title="bbox 551 1300 2191 1363">
    <p class='ocr_par' dir='ltr' id='par_1_15' title="bbox 551 1300 2191 1363">
     <span class='ocr_line' id='line_1_15' title="bbox 551 1300 2191 1363; baseline -0.005 0"><span class='ocrx_word' id='word_1_82' title='bbox 551 1325 685 1363; x_wconf 86' lang='lat' dir='ltr'>sum</span> <span class='ocrx_word' id='word_1_83' title='bbox 696 1324 795 1363; x_wconf 91' lang='lat' dir='ltr'>ma</span> <span class='ocrx_word' id='word_1_84' title='bbox 807 1316 863 1363; x_wconf 92' lang='lat' dir='ltr'>et</span> <span class='ocrx_word' id='word_1_85' title='bbox 883 1307 1265 1362; x_wconf 83' lang='lat' dir='ltr'>inenarrabili</span> <span class='ocrx_word' id='word_1_86' title='bbox 1279 1305 1550 1359; x_wconf 86' lang='lat' dir='ltr'>bonitate</span> <span class='ocrx_word' id='word_1_87' title='bbox 1568 1319 1638 1359; x_wconf 91' lang='lat' dir='ltr'>ac</span> <span class='ocrx_word' id='word_1_88' title='bbox 1649 1302 1888 1359; x_wconf 87' lang='lat' dir='ltr'>lenitate</span> <span class='ocrx_word' id='word_1_89' title='bbox 1904 1300 2191 1357; x_wconf 72' lang='lat' dir='ltr'>ineffabili</span> 
     </span>
    </p>
   </div>
   <div class='ocr_carea' id='block_1_16' title="bbox 550 1393 2191 1466">
    <p class='ocr_par' dir='ltr' id='par_1_16' title="bbox 550 1393 2191 1466">
     <span class='ocr_line' id='line_1_16' title="bbox 550 1393 2191 1466; baseline -0.005 -14"><span class='ocrx_word' id='word_1_90' title='bbox 550 1412 693 1465; x_wconf 89' lang='lat' dir='ltr'>erga</span> <span class='ocrx_word' id='word_1_91' title='bbox 726 1412 917 1466; x_wconf 89' lang='lat' dir='ltr'>genus</span> <span class='ocrx_word' id='word_1_92' title='bbox 944 1396 1279 1450; x_wconf 88' lang='lat' dir='ltr'>humanum</span> <span class='ocrx_word' id='word_1_93' title='bbox 1325 1396 1521 1458; x_wconf 86' lang='lat' dir='ltr'>utitur,</span> <span class='ocrx_word' id='word_1_94' title='bbox 1552 1394 1600 1447; x_wconf 91' lang='lat' dir='ltr'>si</span> <span class='ocrx_word' id='word_1_95' title='bbox 1630 1393 1814 1447; x_wconf 89' lang='lat' dir='ltr'>modo</span> <span class='ocrx_word' id='word_1_96' title='bbox 1845 1393 2191 1462; x_wconf 84' lang='lat' dir='ltr'>resipiscere</span> 
     </span>
    </p>
   </div>
   <div class='ocr_carea' id='block_1_17' title="bbox 544 1480 2192 1554">
    <p class='ocr_par' dir='ltr' id='par_1_17' title="bbox 544 1480 2192 1554">
     <span class='ocr_line' id='line_1_17' title="bbox 544 1480 2192 1554; baseline -0.004 -13"><span class='ocrx_word' id='word_1_97' title='bbox 544 1485 827 1551; x_wconf 81' lang='lat' dir='ltr'>velimus,</span> <span class='ocrx_word' id='word_1_98' title='bbox 849 1489 907 1539; x_wconf 90' lang='lat' dir='ltr'>et</span> <span class='ocrx_word' id='word_1_99' title='bbox 928 1485 1162 1554; x_wconf 89' lang='lat' dir='ltr'>penitus</span> <span class='ocrx_word' id='word_1_100' title='bbox 1185 1483 1264 1537; x_wconf 88' lang='lat' dir='ltr'>ad</span> <span class='ocrx_word' id='word_1_101' title='bbox 1285 1498 1423 1537; x_wconf 91' lang='lat' dir='ltr'>eum</span> <span class='ocrx_word' id='word_1_102' title='bbox 1445 1480 1705 1537; x_wconf 86' lang='lat' dir='ltr'>converti</span> <span class='ocrx_word' id='word_1_103' title='bbox 1732 1483 2104 1544; x_wconf 89' lang='lat' dir='ltr'>studeamus,</span> <span class='ocrx_word' id='word_1_104' title='bbox 2129 1483 2192 1535; x_wconf 86' lang='lat' dir='ltr'>ut</span> 
     </span>
    </p>
   </div>
   <div class='ocr_carea' id='block_1_18' title="bbox 547 1571 1614 1645">
    <p class='ocr_par' dir='ltr' id='par_1_18' title="bbox 547 1571 1614 1645">
     <span class='ocr_line' id='line_1_18' title="bbox 547 1571 1614 1645; baseline -0.005 -16"><span class='ocrx_word' id='word_1_105' title='bbox 547 1574 750 1630; x_wconf 87' lang='lat' dir='ltr'>salutis</span> <span class='ocrx_word' id='word_1_106' title='bbox 777 1576 1096 1645; x_wconf 88' lang='lat' dir='ltr'>participes</span> <span class='ocrx_word' id='word_1_107' title='bbox 1121 1572 1249 1627; x_wconf 80' lang='lat' dir='ltr'>ﬁeri</span> <span class='ocrx_word' id='word_1_108' title='bbox 1286 1571 1614 1628; x_wconf 84' lang='lat' dir='ltr'>valeamus.</span> 
     </span>
    </p>
   </div>
   <div class='ocr_carea' id='block_1_19' title="bbox 612 1874 2191 1950">
    <p class='ocr_par' dir='ltr' id='par_1_19' title="bbox 612 1874 2191 1950">
     <span class='ocr_line' id='line_1_19' title="bbox 612 1874 2191 1950; baseline -0.006 -12"><span class='ocrx_word' id='word_1_109' title='bbox 612 1883 719 1938; x_wconf 80' lang='lat' dir='ltr'>XX.</span> <span class='ocrx_word' id='word_1_110' title='bbox 749 1882 921 1947; x_wconf 85' lang='lat' dir='ltr'>Quod</span> <span class='ocrx_word' id='word_1_111' title='bbox 950 1881 998 1935; x_wconf 84' lang='lat' dir='ltr'>si</span> <span class='ocrx_word' id='word_1_112' title='bbox 1045 1893 1405 1950; x_wconf 83' lang='lat' dir='ltr'>cognoscere</span> <span class='ocrx_word' id='word_1_113' title='bbox 1438 1876 1742 1933; x_wconf 88' lang='lat' dir='ltr'>desideres</span> <span class='ocrx_word' id='word_1_114' title='bbox 1792 1877 1893 1931; x_wconf 93' lang='lat' dir='ltr'>Dei</span> <span class='ocrx_word' id='word_1_115' title='bbox 1919 1874 2191 1944; x_wconf 88' lang='lat' dir='ltr'>longani-</span> 
     </span>
    </p>
   </div>
   <div class='ocr_carea' id='block_1_20' title="bbox 542 1963 2190 2034">
    <p class='ocr_par' dir='ltr' id='par_1_20' title="bbox 542 1963 2190 2034">
     <span class='ocr_line' id='line_1_20' title="bbox 542 1963 2190 2034; baseline -0.006 -9"><span class='ocrx_word' id='word_1_116' title='bbox 542 1970 810 2025; x_wconf 90' lang='lat' dir='ltr'>mitatem</span> <span class='ocrx_word' id='word_1_117' title='bbox 828 1978 885 2026; x_wconf 94' lang='lat' dir='ltr'>et</span> <span class='ocrx_word' id='word_1_118' title='bbox 903 1983 1205 2025; x_wconf 86' lang='lat' dir='ltr'>summam</span> <span class='ocrx_word' id='word_1_119' title='bbox 1229 1969 1579 2034; x_wconf 86' lang='lat' dir='ltr'>bonitatem,</span> <span class='ocrx_word' id='word_1_120' title='bbox 1608 1966 1670 2019; x_wconf 92' lang='lat' dir='ltr'>id</span> <span class='ocrx_word' id='word_1_121' title='bbox 1691 1972 1778 2019; x_wconf 90' lang='lat' dir='ltr'>est</span> <span class='ocrx_word' id='word_1_122' title='bbox 1796 1963 2190 2019; x_wconf 83' lang='lat' dir='ltr'>sacrosanctis</span> 
     </span>
    </p>
   </div>
   <div class='ocr_carea' id='block_1_21' title="bbox 542 2052 2191 2127">
    <p class='ocr_par' dir='ltr' id='par_1_21' title="bbox 542 2052 2191 2127">
     <span class='ocr_line' id='line_1_21' title="bbox 542 2052 2191 2127; baseline -0.007 -13"><span class='ocrx_word' id='word_1_123' title='bbox 542 2059 853 2115; x_wconf 87' lang='lat' dir='ltr'>codicibus</span> <span class='ocrx_word' id='word_1_124' title='bbox 879 2061 1206 2114; x_wconf 83' lang='lat' dir='ltr'>discamus.</span> <span class='ocrx_word' id='word_1_125' title='bbox 1248 2058 1493 2127; x_wconf 80' lang='lat' dir='ltr'>Respice</span> <span class='ocrx_word' id='word_1_126' title='bbox 1526 2055 1840 2118; x_wconf 82' lang='lat' dir='ltr'>lsraelitas,</span> <span class='ocrx_word' id='word_1_127' title='bbox 1873 2068 1942 2107; x_wconf 84' lang='lat' dir='ltr'>ex</span> <span class='ocrx_word' id='word_1_128' title='bbox 1968 2052 2191 2123; x_wconf 84' lang='lat' dir='ltr'>quibus</span> 
     </span>
    </p>
   </div>
   <div class='ocr_carea' id='block_1_22' title="bbox 542 2144 2188 2219">
    <p class='ocr_par' dir='ltr' id='par_1_22' title="bbox 542 2144 2188 2219">
     <span class='ocr_line' id='line_1_22' title="bbox 542 2144 2188 2219; baseline -0.007 -15"><span class='ocrx_word' id='word_1_129' title='bbox 542 2154 682 2204; x_wconf 87' lang='lat' dir='ltr'>sunt</span> <span class='ocrx_word' id='word_1_130' title='bbox 723 2156 941 2219; x_wconf 88' lang='lat' dir='ltr'>patres,</span> <span class='ocrx_word' id='word_1_131' title='bbox 974 2147 1197 2219; x_wconf 89' lang='lat' dir='ltr'>quibus</span> <span class='ocrx_word' id='word_1_132' title='bbox 1245 2144 1675 2215; x_wconf 90' lang='lat' dir='ltr'>promissiones</span> <span class='ocrx_word' id='word_1_133' title='bbox 1719 2144 1889 2198; x_wconf 60' lang='lat' dir='ltr'>facta;</span> <span class='ocrx_word' id='word_1_134' title='bbox 1933 2147 2090 2204; x_wconf 91' lang='lat' dir='ltr'>sunt,</span> <span class='ocrx_word' id='word_1_135' title='bbox 2118 2155 2188 2194; x_wconf 84' lang='lat' dir='ltr'>ex</span> 
     </span>
    </p>
   </div>
   <div class='ocr_carea' id='block_1_23' title="bbox 540 2229 2190 2309">
    <p class='ocr_par' dir='ltr' id='par_1_23' title="bbox 540 2229 2190 2309">
     <span class='ocr_line' id='line_1_23' title="bbox 540 2229 2190 2309; baseline -0.006 -17"><span class='ocrx_word' id='word_1_136' title='bbox 540 2238 767 2309; x_wconf 90' lang='lat' dir='ltr'>quibus</span> <span class='ocrx_word' id='word_1_137' title='bbox 784 2239 1048 2293; x_wconf 85' lang='lat' dir='ltr'>Christus</span> <span class='ocrx_word' id='word_1_138' title='bbox 1075 2234 1416 2289; x_wconf 88' lang='lat' dir='ltr'>secundum</span> <span class='ocrx_word' id='word_1_139' title='bbox 1448 2248 1713 2298; x_wconf 89' lang='lat' dir='ltr'>carnem,</span> <span class='ocrx_word' id='word_1_140' title='bbox 1746 2233 1967 2303; x_wconf 86' lang='lat' dir='ltr'>quibus</span> <span class='ocrx_word' id='word_1_141' title='bbox 1997 2229 2190 2283; x_wconf 87' lang='lat' dir='ltr'>cultus</span> 
     </span>
    </p>
   </div>
   <div class='ocr_carea' id='block_1_24' title="bbox 541 2316 2190 2394">
    <p class='ocr_par' dir='ltr' id='par_1_24' title="bbox 541 2316 2190 2394">
     <span class='ocr_line' id='line_1_24' title="bbox 541 2316 2190 2394; baseline -0.005 -12"><span class='ocrx_word' id='word_1_142' title='bbox 541 2333 598 2382; x_wconf 86' lang='lat' dir='ltr'>et</span> <span class='ocrx_word' id='word_1_143' title='bbox 625 2333 1044 2382; x_wconf 85' lang='lat' dir='ltr'>testamentum</span> <span class='ocrx_word' id='word_1_144' title='bbox 1065 2332 1190 2379; x_wconf 89' lang='lat' dir='ltr'>erat</span> <span class='ocrx_word' id='word_1_145' title='bbox 1225 2323 1295 2388; x_wconf 82' lang='lat'>“,</span> <span class='ocrx_word' id='word_1_146' title='bbox 1322 2328 1550 2394; x_wconf 85' lang='lat' dir='ltr'>quanta</span> <span class='ocrx_word' id='word_1_147' title='bbox 1569 2316 2014 2391; x_wconf 74' lang='lat' dir='ltr'>peccaverunt?</span> <span class='ocrx_word' id='word_1_148' title='bbox 2042 2334 2190 2389; x_wconf 87' lang='lat' dir='ltr'>quo-</span> 
     </span>
    </p>
   </div>
   <div class='ocr_carea' id='block_1_25' title="bbox 544 2408 2189 2483">
    <p class='ocr_par' dir='ltr' id='par_1_25' title="bbox 544 2408 2189 2483">
     <span class='ocr_line' id='line_1_25' title="bbox 544 2408 2189 2483; baseline -0.005 -13"><span class='ocrx_word' id='word_1_149' title='bbox 544 2416 648 2471; x_wconf 88' lang='lat' dir='ltr'>ties</span> <span class='ocrx_word' id='word_1_150' title='bbox 670 2416 863 2470; x_wconf 85' lang='lat' dir='ltr'>aversi</span> <span class='ocrx_word' id='word_1_151' title='bbox 884 2421 1023 2469; x_wconf 90' lang='lat' dir='ltr'>sunt</span> <span class='ocrx_word' id='word_1_152' title='bbox 1045 2413 1072 2467; x_wconf 75' lang='lat' dir='ltr'>‘I</span> <span class='ocrx_word' id='word_1_153' title='bbox 1101 2413 1229 2483; x_wconf 91' lang='lat' dir='ltr'>ipse</span> <span class='ocrx_word' id='word_1_154' title='bbox 1253 2417 1454 2465; x_wconf 86' lang='lat' dir='ltr'>tamen</span> <span class='ocrx_word' id='word_1_155' title='bbox 1468 2410 1620 2464; x_wconf 89' lang='lat' dir='ltr'>Deus</span> <span class='ocrx_word' id='word_1_156' title='bbox 1642 2426 1764 2465; x_wconf 88' lang='lat' dir='ltr'>non</span> <span class='ocrx_word' id='word_1_157' title='bbox 1785 2408 2066 2480; x_wconf 85' lang='lat' dir='ltr'>relinquit</span> <span class='ocrx_word' id='word_1_158' title='bbox 2088 2422 2189 2462; x_wconf 86' lang='lat' dir='ltr'>eos</span> 
     </span>
    </p>
   </div>
   <div class='ocr_carea' id='block_1_26' title="bbox 540 2497 2189 2574">
    <p class='ocr_par' dir='ltr' id='par_1_26' title="bbox 540 2497 2189 2574">
     <span class='ocr_line' id='line_1_26' title="bbox 540 2497 2189 2574; baseline -0.005 -16"><span class='ocrx_word' id='word_1_159' title='bbox 540 2506 601 2558; x_wconf 89' lang='lat' dir='ltr'>in</span> <span class='ocrx_word' id='word_1_160' title='bbox 623 2511 1000 2574; x_wconf 89' lang='lat' dir='ltr'>perpetuum,</span> <span class='ocrx_word' id='word_1_161' title='bbox 1026 2502 1131 2556; x_wconf 89' lang='lat' dir='ltr'>sed</span> <span class='ocrx_word' id='word_1_162' title='bbox 1174 2501 1250 2555; x_wconf 90' lang='lat' dir='ltr'>ad</span> <span class='ocrx_word' id='word_1_163' title='bbox 1279 2504 1506 2554; x_wconf 91' lang='lat' dir='ltr'>certum</span> <span class='ocrx_word' id='word_1_164' title='bbox 1541 2506 1773 2570; x_wconf 89' lang='lat' dir='ltr'>tempus</span> <span class='ocrx_word' id='word_1_165' title='bbox 1808 2497 1885 2552; x_wconf 89' lang='lat' dir='ltr'>ad</span> <span class='ocrx_word' id='word_1_166' title='bbox 1917 2499 2189 2568; x_wconf 89' lang='lat' dir='ltr'>ipsorum</span> 
     </span>
    </p>
   </div>
   <div class='ocr_carea' id='block_1_27' title="bbox 541 2587 2190 2658">
    <p class='ocr_par' dir='ltr' id='par_1_27' title="bbox 541 2587 2190 2658">
     <span class='ocr_line' id='line_1_27' title="bbox 541 2587 2190 2658; baseline -0.004 -11"><span class='ocrx_word' id='word_1_167' title='bbox 541 2594 932 2648; x_wconf 90' lang='lat' dir='ltr'>commodum</span> <span class='ocrx_word' id='word_1_168' title='bbox 946 2606 1048 2646; x_wconf 91' lang='lat' dir='ltr'>eos</span> <span class='ocrx_word' id='word_1_169' title='bbox 1064 2590 1556 2657; x_wconf 82' lang='lat' dir='ltr'>castigationibus</span> <span class='ocrx_word' id='word_1_170' title='bbox 1569 2587 1824 2658; x_wconf 88' lang='lat' dir='ltr'>subjecit</span> <span class='ocrx_word' id='word_1_171' title='bbox 1848 2602 1860 2641; x_wconf 91' lang='lat'>:</span> <span class='ocrx_word' id='word_1_172' title='bbox 1889 2590 2190 2641; x_wconf 90' lang='lat' dir='ltr'>duritiem-</span> 
     </span>
    </p>
   </div>
   <div class='ocr_carea' id='block_1_28' title="bbox 540 2675 2187 2751">
    <p class='ocr_par' dir='ltr' id='par_1_28' title="bbox 540 2675 2187 2751">
     <span class='ocr_line' id='line_1_28' title="bbox 540 2675 2187 2751; baseline -0.004 -16"><span class='ocrx_word' id='word_1_173' title='bbox 540 2696 658 2751; x_wconf 90' lang='lat' dir='ltr'>que</span> <span class='ocrx_word' id='word_1_174' title='bbox 671 2681 867 2735; x_wconf 87' lang='lat' dir='ltr'>cordis</span> <span class='ocrx_word' id='word_1_175' title='bbox 890 2694 1098 2735; x_wconf 90' lang='lat' dir='ltr'>eorum</span> <span class='ocrx_word' id='word_1_176' title='bbox 1118 2694 1223 2750; x_wconf 88' lang='lat' dir='ltr'>per</span> <span class='ocrx_word' id='word_1_177' title='bbox 1236 2675 1617 2733; x_wconf 81' lang='lat' dir='ltr'>aﬁlictionem</span> <span class='ocrx_word' id='word_1_178' title='bbox 1637 2676 1901 2731; x_wconf 89' lang='lat' dir='ltr'>emollire</span> <span class='ocrx_word' id='word_1_179' title='bbox 1917 2677 2187 2746; x_wconf 91' lang='lat' dir='ltr'>cupiens,</span> 
     </span>
    </p>
   </div>
   <div class='ocr_carea' id='block_1_29' title="bbox 542 2765 2189 2837">
    <p class='ocr_par' dir='ltr' id='par_1_29' title="bbox 542 2765 2189 2837">
     <span class='ocr_line' id='line_1_29' title="bbox 542 2765 2189 2837; baseline -0.004 -13"><span class='ocrx_word' id='word_1_180' title='bbox 542 2770 945 2833; x_wconf 85' lang='lat' dir='ltr'>convertebat,</span> <span class='ocrx_word' id='word_1_181' title='bbox 962 2768 1347 2832; x_wconf 87' lang='lat' dir='ltr'>admouebat,</span> <span class='ocrx_word' id='word_1_182' title='bbox 1368 2768 1693 2837; x_wconf 84' lang='lat' dir='ltr'>prophetas</span> <span class='ocrx_word' id='word_1_183' title='bbox 1717 2765 2007 2819; x_wconf 85' lang='lat' dir='ltr'>mittebat.</span> <span class='ocrx_word' id='word_1_184' title='bbox 2027 2768 2189 2818; x_wconf 90' lang='lat' dir='ltr'>lusu-</span> 
     </span>
    </p>
   </div>
   <div class='ocr_carea' id='block_1_30' title="bbox 540 2857 2189 2929">
    <p class='ocr_par' dir='ltr' id='par_1_30' title="bbox 540 2857 2189 2929">
     <span class='ocr_line' id='line_1_30' title="bbox 540 2857 2189 2929; baseline -0.002 -17"><span class='ocrx_word' id='word_1_185' title='bbox 540 2873 647 2929; x_wconf 90' lang='lat' dir='ltr'>per</span> <span class='ocrx_word' id='word_1_186' title='bbox 674 2857 947 2928; x_wconf 88' lang='lat' dir='ltr'>quandiu</span> <span class='ocrx_word' id='word_1_187' title='bbox 988 2857 1375 2926; x_wconf 85' lang='lat' dir='ltr'>longanimus</span> <span class='ocrx_word' id='word_1_188' title='bbox 1429 2864 1554 2910; x_wconf 86' lang='lat' dir='ltr'>erat</span> <span class='ocrx_word' id='word_1_189' title='bbox 1582 2869 1725 2923; x_wconf 89' lang='lat' dir='ltr'>erga</span> <span class='ocrx_word' id='word_1_190' title='bbox 1756 2862 2100 2925; x_wconf 91' lang='lat' dir='ltr'>peccatores</span> <span class='ocrx_word' id='word_1_191' title='bbox 2133 2861 2189 2909; x_wconf 92' lang='lat' dir='ltr'>et</span> 
     </span>
    </p>
   </div>
   <div class='ocr_carea' id='block_1_31' title="bbox 539 2943 2187 3012">
    <p class='ocr_par' dir='ltr' id='par_1_31' title="bbox 539 2943 2187 3012">
     <span class='ocr_line' id='line_1_31' title="bbox 539 2943 2187 3012; baseline -0.004 -10"><span class='ocrx_word' id='word_1_192' title='bbox 539 2946 909 3002; x_wconf 77' lang='lat' dir='ltr'>otfendentes</span> <span class='ocrx_word' id='word_1_193' title='bbox 941 2962 1022 3010; x_wconf 89' lang='lat' dir='ltr'>se,</span> <span class='ocrx_word' id='word_1_194' title='bbox 1038 2955 1096 3001; x_wconf 89' lang='lat' dir='ltr'>et</span> <span class='ocrx_word' id='word_1_195' title='bbox 1119 2943 1508 3000; x_wconf 84' lang='lat' dir='ltr'>nihilominus</span> <span class='ocrx_word' id='word_1_196' title='bbox 1530 2958 1855 2999; x_wconf 88' lang='lat' dir='ltr'>conversos</span> <span class='ocrx_word' id='word_1_197' title='bbox 1880 2958 2017 2997; x_wconf 90' lang='lat' dir='ltr'>cum</span> <span class='ocrx_word' id='word_1_198' title='bbox 2041 2957 2187 3012; x_wconf 85' lang='lat' dir='ltr'>gau-</span> 
     </span>
    </p>
   </div>
   <div class='ocr_carea' id='block_1_32' title="bbox 537 3036 2186 3107">
    <p class='ocr_par' dir='ltr' id='par_1_32' title="bbox 537 3036 2186 3107">
     <span class='ocr_line' id='line_1_32' title="bbox 537 3036 2186 3107; baseline -0.003 -16"><span class='ocrx_word' id='word_1_199' title='bbox 537 3037 638 3091; x_wconf 90' lang='lat' dir='ltr'>dio</span> <span class='ocrx_word' id='word_1_200' title='bbox 666 3036 1023 3107; x_wconf 88' lang='lat' dir='ltr'>recipiebat:</span> <span class='ocrx_word' id='word_1_201' title='bbox 1057 3042 1115 3090; x_wconf 92' lang='lat' dir='ltr'>et</span> <span class='ocrx_word' id='word_1_202' title='bbox 1144 3050 1281 3089; x_wconf 91' lang='lat' dir='ltr'>cum</span> <span class='ocrx_word' id='word_1_203' title='bbox 1314 3036 1515 3089; x_wconf 90' lang='lat' dir='ltr'>denuo</span> <span class='ocrx_word' id='word_1_204' title='bbox 1546 3048 1675 3088; x_wconf 89' lang='lat' dir='ltr'>sese</span> <span class='ocrx_word' id='word_1_205' title='bbox 1703 3038 2050 3095; x_wconf 86' lang='lat' dir='ltr'>averterent,</span> <span class='ocrx_word' id='word_1_206' title='bbox 2083 3046 2186 3087; x_wconf 90' lang='lat' dir='ltr'>eos</span> 
     </span>
    </p>
   </div>
   <div class='ocr_carea' id='block_1_33' title="bbox 2292 495 3849 570">
    <p class='ocr_par' dir='ltr' id='par_1_33' title="bbox 2292 495 3849 570">
     <span class='ocr_line' id='line_1_33' title="bbox 2292 495 3849 570; baseline 0.003 -21"><span class='ocrx_word' id='word_1_207' title='bbox 2292 498 2437 569; x_wconf 84' lang='grc' dir='ltr'><strong><em>λέγον</em></strong></span> <span class='ocrx_word' id='word_1_208' title='bbox 2466 514 2479 526; x_wconf 70' lang='grc' dir='ltr'>θ</span> <span class='ocrx_word' id='word_1_209' title='bbox 2523 495 2590 548; x_wconf 84' lang='grc' dir='ltr'><strong><em>Ἦ</em></strong></span> <span class='ocrx_word' id='word_1_210' title='bbox 2621 505 2730 550; x_wconf 78' lang='grc' dir='ltr'>τοῦ</span> <span class='ocrx_word' id='word_1_211' title='bbox 2762 499 3048 550; x_wconf 83' lang='grc' dir='ltr'><strong><em>πλούτου</em></strong></span> <span class='ocrx_word' id='word_1_212' title='bbox 3080 506 3147 556; x_wconf 74' lang='grc' dir='ltr'><strong><em>τῆ</em></strong></span> <span class='ocrx_word' id='word_1_213' title='bbox 3171 517 3192 559; x_wconf 92' lang='grc' dir='ltr'>ς</span> <span class='ocrx_word' id='word_1_214' title='bbox 3220 504 3654 570; x_wconf 77' lang='grc' dir='ltr'>χρηστότητος</span> <span class='ocrx_word' id='word_1_215' title='bbox 3682 500 3849 556; x_wconf 80' lang='grc' dir='ltr'><strong><em>αὐτοῦ</em></strong></span> 
     </span>
    </p>
   </div>
   <div class='ocr_carea' id='block_1_34' title="bbox 2295 585 3851 665">
    <p class='ocr_par' dir='ltr' id='par_1_34' title="bbox 2295 585 3851 665">
     <span class='ocr_line' id='line_1_34' title="bbox 2295 585 3851 665; baseline -0.002 -27"><span class='ocrx_word' id='word_1_216' title='bbox 2295 592 2538 647; x_wconf 80' lang='grc' dir='ltr'><strong><em>καὶτῆς</em></strong></span> <span class='ocrx_word' id='word_1_217' title='bbox 2571 585 2811 658; x_wconf 82' lang='grc' dir='ltr'><strong><em>ἀνοχῆς</em></strong></span> <span class='ocrx_word' id='word_1_218' title='bbox 2834 594 2941 639; x_wconf 88' lang='grc' dir='ltr'>και</span> <span class='ocrx_word' id='word_1_219' title='bbox 2996 595 3110 649; x_wconf 78' lang='grc' dir='ltr'><strong><em>τῆς</em></strong></span> <span class='ocrx_word' id='word_1_220' title='bbox 3158 588 3603 658; x_wconf 78' lang='grc' dir='ltr'>μακροθυμίας</span> <span class='ocrx_word' id='word_1_221' title='bbox 3639 607 3851 665; x_wconf 68' lang='grc' dir='ltr'><strong><em>καταφ.</em></strong></span> 
     </span>
    </p>
   </div>
   <div class='ocr_carea' id='block_1_35' title="bbox 2295 676 3854 753">
    <p class='ocr_par' dir='ltr' id='par_1_35' title="bbox 2295 676 3854 753">
     <span class='ocr_line' id='line_1_35' title="bbox 2295 676 3854 753; baseline 0.001 -26"><span class='ocrx_word' id='word_1_222' title='bbox 2295 682 2522 750; x_wconf 88' lang='grc' dir='ltr'><strong><em>ρονεῖς,</em></strong></span> <span class='ocrx_word' id='word_1_223' title='bbox 2551 676 2789 747; x_wconf 75' lang='grc' dir='ltr'><strong><em>ἀγνοῶν</em></strong></span> <span class='ocrx_word' id='word_1_224' title='bbox 2819 678 2916 728; x_wconf 83' lang='grc' dir='ltr'><strong><em>ὅτι</em></strong></span> <span class='ocrx_word' id='word_1_225' title='bbox 2946 682 3011 728; x_wconf 89' lang='grc' dir='ltr'>τό</span> <span class='ocrx_word' id='word_1_226' title='bbox 3032 686 3324 750; x_wconf 86' lang='grc' dir='ltr'><strong><em>χρηστόν</em></strong></span> <span class='ocrx_word' id='word_1_227' title='bbox 3354 683 3460 726; x_wconf 80' lang='grc' dir='ltr'><strong><em>τοῦ</em></strong></span> <span class='ocrx_word' id='word_1_228' title='bbox 3488 683 3642 728; x_wconf 79' lang='grc' dir='ltr'><strong><em>Θεοῦ</em></strong></span> <span class='ocrx_word' id='word_1_229' title='bbox 3666 680 3749 740; x_wconf 85' lang='grc' dir='ltr'>είς</span> <span class='ocrx_word' id='word_1_230' title='bbox 3772 700 3854 753; x_wconf 78' lang='grc' dir='ltr'><strong><em>με.</em></strong></span> 
     </span>
    </p>
   </div>
   <div class='ocr_carea' id='block_1_36' title="bbox 2297 762 3855 842">
    <p class='ocr_par' dir='ltr' id='par_1_36' title="bbox 2297 762 3855 842">
     <span class='ocr_line' id='line_1_36' title="bbox 2297 762 3855 842; baseline 0.004 -26"><span class='ocrx_word' id='word_1_231' title='bbox 2297 766 2554 816; x_wconf 84' lang='grc' dir='ltr'><strong><em>τανοιάν</em></strong></span> <span class='ocrx_word' id='word_1_232' title='bbox 2597 783 2653 816; x_wconf 92' lang='grc' dir='ltr'>σε</span> <span class='ocrx_word' id='word_1_233' title='bbox 2682 767 2823 836; x_wconf 88' lang='grc' dir='ltr'><strong><em>οἰγει</em></strong></span> <span class='ocrx_word' id='word_1_234' title='bbox 2852 781 2864 831; x_wconf 91' lang='grc'><strong>;</strong></span> <span class='ocrx_word' id='word_1_235' title='bbox 2901 765 2959 817; x_wconf 84' lang='grc' dir='ltr'><strong>Εἰ</strong></span> <span class='ocrx_word' id='word_1_236' title='bbox 2986 762 3045 817; x_wconf 81' lang='grc' dir='ltr'>δε</span> <span class='ocrx_word' id='word_1_237' title='bbox 3074 774 3134 837; x_wconf 74' lang='grc' dir='ltr'><strong><em>τῇ</em></strong></span> <span class='ocrx_word' id='word_1_238' title='bbox 3160 768 3492 837; x_wconf 78' lang='grc' dir='ltr'>μακροθυμίᾳ</span> <span class='ocrx_word' id='word_1_239' title='bbox 3516 772 3602 817; x_wconf 86' lang='lat' dir='ltr'>atati</span> <span class='ocrx_word' id='word_1_240' title='bbox 3622 775 3679 839; x_wconf 75' lang='grc' dir='ltr'><strong><em>τῇ</em></strong></span> <span class='ocrx_word' id='word_1_241' title='bbox 3702 787 3855 842; x_wconf 85' lang='grc' dir='ltr'><strong><em>χρησ-</em></strong></span> 
     </span>
    </p>
   </div>
   <div class='ocr_carea' id='block_1_37' title="bbox 2297 854 3857 933">
    <p class='ocr_par' dir='ltr' id='par_1_37' title="bbox 2297 854 3857 933">
     <span class='ocr_line' id='line_1_37' title="bbox 2297 854 3857 933; baseline 0.003 -29"><span class='ocrx_word' id='word_1_242' title='bbox 2297 858 2480 910; x_wconf 90' lang='grc' dir='ltr'><strong><em>τότητι</em></strong></span> <span class='ocrx_word' id='word_1_243' title='bbox 2509 858 2599 905; x_wconf 85' lang='grc' dir='ltr'><strong><em>καὶ</em></strong></span> <span class='ocrx_word' id='word_1_244' title='bbox 2624 861 2684 926; x_wconf 67' lang='grc' dir='ltr'><strong><em>τῇ</em></strong></span> <span class='ocrx_word' id='word_1_245' title='bbox 2715 854 2881 926; x_wconf 69' lang='grc' dir='ltr'><strong><em>ἀνοχῇ</em></strong></span> <span class='ocrx_word' id='word_1_246' title='bbox 2916 854 3075 906; x_wconf 77' lang='grc' dir='ltr'><strong><em>αὐτοῦ</em></strong></span> <span class='ocrx_word' id='word_1_247' title='bbox 3106 854 3313 906; x_wconf 75' lang='grc' dir='ltr'>πλείονα</span> <span class='ocrx_word' id='word_1_248' title='bbox 3351 855 3683 926; x_wconf 72' lang='grc' dir='ltr'>προστίθεμεν</span> <span class='ocrx_word' id='word_1_249' title='bbox 3712 856 3857 933; x_wconf 82' lang='grc' dir='ltr'><strong><em>ἁμαρ-</em></strong></span> 
     </span>
    </p>
   </div>
   <div class='ocr_carea' id='block_1_38' title="bbox 2299 940 3854 1014">
    <p class='ocr_par' dir='ltr' id='par_1_38' title="bbox 2299 940 3854 1014">
     <span class='ocr_line' id='line_1_38' title="bbox 2299 940 3854 1014; baseline 0.004 -21"><span class='ocrx_word' id='word_1_250' title='bbox 2299 946 2528 1013; x_wconf 76' lang='grc' dir='ltr'><strong><em>τήματα,</em></strong></span> <span class='ocrx_word' id='word_1_251' title='bbox 2560 948 2650 993; x_wconf 89' lang='lat' dir='ltr'>atati</span> <span class='ocrx_word' id='word_1_252' title='bbox 2677 948 3015 1014; x_wconf 89' lang='grc' dir='ltr'><strong><em>κατακρίσεις</em></strong></span> <span class='ocrx_word' id='word_1_253' title='bbox 3049 943 3261 1014; x_wconf 74' lang='grc' dir='ltr'><strong><em>μείζους</em></strong></span> <span class='ocrx_word' id='word_1_254' title='bbox 3290 940 3324 994; x_wconf 87' lang='grc' dir='ltr'>δ</span> <span class='ocrx_word' id='word_1_255' title='bbox 3329 946 3383 994; x_wconf 78' lang='grc' dir='ltr'>ια</span> <span class='ocrx_word' id='word_1_256' title='bbox 3411 950 3505 1003; x_wconf 85' lang='grc' dir='ltr'><strong><em>τῆς</em></strong></span> <span class='ocrx_word' id='word_1_257' title='bbox 3539 943 3755 1014; x_wconf 73' lang='grc' dir='ltr'><strong><em>ἀμελείας</em></strong></span> <span class='ocrx_word' id='word_1_258' title='bbox 3781 952 3854 999; x_wconf 77' lang='grc' dir='ltr'><strong><em>καὶ</em></strong></span> 
     </span>
    </p>
   </div>
   <div class='ocr_carea' id='block_1_39' title="bbox 2300 1027 3857 1106">
    <p class='ocr_par' dir='ltr' id='par_1_39' title="bbox 2300 1027 3857 1106">
     <span class='ocr_line' id='line_1_39' title="bbox 2300 1027 3857 1106; baseline 0.004 -25"><span class='ocrx_word' id='word_1_259' title='bbox 2300 1035 2593 1102; x_wconf 85' lang='grc' dir='ltr'><strong><em>καταφρονή</em></strong></span> <span class='ocrx_word' id='word_1_260' title='bbox 2605 1048 2729 1093; x_wconf 87' lang='grc' dir='ltr'><strong><em>σεως</em></strong></span> <span class='ocrx_word' id='word_1_261' title='bbox 2745 1032 2773 1088; x_wconf 81' lang='grc' dir='ltr'><strong>ἠ</strong></span> <span class='ocrx_word' id='word_1_262' title='bbox 2780 1039 2888 1102; x_wconf 87' lang='grc' dir='ltr'>μῶν</span> <span class='ocrx_word' id='word_1_263' title='bbox 2909 1027 3110 1091; x_wconf 90' lang='grc' dir='ltr'><strong><em>ἐαυτοῖς</em></strong></span> <span class='ocrx_word' id='word_1_264' title='bbox 3122 1032 3466 1105; x_wconf 89' lang='grc' dir='ltr'><strong><em>πορισόμεθα,</em></strong></span> <span class='ocrx_word' id='word_1_265' title='bbox 3489 1031 3723 1106; x_wconf 84' lang='grc' dir='ltr'><strong><em>πληρωθή</em></strong></span> <span class='ocrx_word' id='word_1_266' title='bbox 3732 1053 3857 1087; x_wconf 82' lang='grc' dir='ltr'><strong><em>σεται</em></strong></span> 
     </span>
    </p>
   </div>
   <div class='ocr_carea' id='block_1_40' title="bbox 2293 1116 3856 1193">
    <p class='ocr_par' dir='ltr' id='par_1_40' title="bbox 2293 1116 3856 1193">
     <span class='ocr_line' id='line_1_40' title="bbox 2293 1116 3856 1193; baseline 0.003 -22"><span class='ocrx_word' id='word_1_267' title='bbox 2293 1124 2360 1171; x_wconf 77' lang='grc' dir='ltr'>τό</span> <span class='ocrx_word' id='word_1_268' title='bbox 2386 1121 2558 1191; x_wconf 89' lang='grc' dir='ltr'><strong><em>λόγιον</em></strong></span> <span class='ocrx_word' id='word_1_269' title='bbox 2591 1135 2603 1148; x_wconf 89' lang='grc'><strong>·</strong></span> <span class='ocrx_word' id='word_1_270' title='bbox 2651 1123 2818 1172; x_wconf 76' lang='grc' dir='ltr'><strong><em>Κατά</em></strong></span> <span class='ocrx_word' id='word_1_271' title='bbox 2868 1116 2935 1172; x_wconf 80' lang='grc' dir='ltr'>δε</span> <span class='ocrx_word' id='word_1_272' title='bbox 2988 1124 3097 1178; x_wconf 79' lang='grc' dir='ltr'>την</span> <span class='ocrx_word' id='word_1_273' title='bbox 3145 1120 3558 1193; x_wconf 87' lang='grc' dir='ltr'><strong><em>σκληρότητά</em></strong></span> <span class='ocrx_word' id='word_1_274' title='bbox 3614 1140 3719 1173; x_wconf 89' lang='grc' dir='ltr'>σου</span> <span class='ocrx_word' id='word_1_275' title='bbox 3766 1130 3856 1177; x_wconf 83' lang='grc' dir='ltr'><strong><em>καὶ</em></strong></span> 
     </span>
    </p>
   </div>
   <div class='ocr_carea' id='block_1_41' title="bbox 2302 1205 3856 1284">
    <p class='ocr_par' dir='ltr' id='par_1_41' title="bbox 2302 1205 3856 1284">
     <span class='ocr_line' id='line_1_41' title="bbox 2302 1205 3856 1284; baseline 0.003 -25"><span class='ocrx_word' id='word_1_276' title='bbox 2302 1207 2737 1280; x_wconf 88' lang='grc' dir='ltr'><strong><em>ἀμετανόητον</em></strong></span> <span class='ocrx_word' id='word_1_277' title='bbox 2804 1205 3104 1283; x_wconf 88' lang='grc' dir='ltr'><strong><em>καρδίαν,</em></strong></span> <span class='ocrx_word' id='word_1_278' title='bbox 3160 1210 3587 1282; x_wconf 75' lang='grc' dir='ltr'>θησαυρίζεις</span> <span class='ocrx_word' id='word_1_279' title='bbox 3646 1221 3856 1284; x_wconf 78' lang='grc' dir='ltr'><strong><em>σεαυτῷ</em></strong></span> 
     </span>
    </p>
   </div>
   <div class='ocr_carea' id='block_1_42' title="bbox 2303 1296 3857 1372">
    <p class='ocr_par' dir='ltr' id='par_1_42' title="bbox 2303 1296 3857 1372">
     <span class='ocr_line' id='line_1_42' title="bbox 2303 1296 3857 1372; baseline 0.003 -23"><span class='ocrx_word' id='word_1_280' title='bbox 2303 1296 2493 1372; x_wconf 79' lang='grc' dir='ltr'><strong><em>ὀργὴν</em></strong></span> <span class='ocrx_word' id='word_1_281' title='bbox 2549 1300 2607 1349; x_wconf 82' lang='grc' dir='ltr'><strong><em>ἐν</em></strong></span> <span class='ocrx_word' id='word_1_282' title='bbox 2632 1299 2837 1371; x_wconf 78' lang='grc' dir='ltr'><strong><em>ἡμέρᾳ</em></strong></span> <span class='ocrx_word' id='word_1_283' title='bbox 2885 1298 3101 1370; x_wconf 82' lang='grc' dir='ltr'><strong><em>ὀργῆς,</em></strong></span> <span class='ocrx_word' id='word_1_284' title='bbox 3132 1304 3240 1351; x_wconf 83' lang='grc' dir='ltr'><strong><em>καὶ</em></strong></span> <span class='ocrx_word' id='word_1_285' title='bbox 3284 1297 3732 1370; x_wconf 73' lang='grc' dir='ltr'>ἀποκαλύψεως</span> <span class='ocrx_word' id='word_1_286' title='bbox 3766 1309 3857 1361; x_wconf 79' lang='grc' dir='ltr'>τῆς</span> 
     </span>
    </p>
   </div>
   <div class='ocr_carea' id='block_1_43' title="bbox 2303 1383 3857 1463">
    <p class='ocr_par' dir='ltr' id='par_1_43' title="bbox 2303 1383 3857 1463">
     <span class='ocr_line' id='line_1_43' title="bbox 2303 1383 3857 1463; baseline 0.004 -26"><span class='ocrx_word' id='word_1_287' title='bbox 2303 1383 2802 1459; x_wconf 76' lang='grc' dir='ltr'><strong><em>δικαιοκρισίας</em></strong></span> <span class='ocrx_word' id='word_1_288' title='bbox 2855 1395 3176 1443; x_wconf 80' lang='grc' dir='ltr'><strong><em>τοῡΘεοῡ.</em></strong></span> <span class='ocrx_word' id='word_1_289' title='bbox 3228 1388 3395 1460; x_wconf 77' lang='grc' dir='ltr'><strong><em>Πολλῇ</em></strong></span> <span class='ocrx_word' id='word_1_290' title='bbox 3451 1392 3551 1463; x_wconf 81' lang='grc' dir='ltr'><strong><em>γὰρ</em></strong></span> <span class='ocrx_word' id='word_1_291' title='bbox 3606 1390 3857 1461; x_wconf 87' lang='grc' dir='ltr'><strong><em>ἁγαθότητι</em></strong></span> 
     </span>
    </p>
   </div>
   <div class='ocr_carea' id='block_1_44' title="bbox 2301 1472 3857 1552">
    <p class='ocr_par' dir='ltr' id='par_1_44' title="bbox 2301 1472 3857 1552">
     <span class='ocr_line' id='line_1_44' title="bbox 2301 1472 3857 1552; baseline 0.003 -26"><span class='ocrx_word' id='word_1_292' title='bbox 2301 1472 2682 1547; x_wconf 74' lang='grc' dir='ltr'>ἀνεκδιηγήτῳ,</span> <span class='ocrx_word' id='word_1_293' title='bbox 2715 1483 2804 1528; x_wconf 82' lang='grc' dir='ltr'><strong><em>καὶ</em></strong></span> <span class='ocrx_word' id='word_1_294' title='bbox 2841 1479 3179 1550; x_wconf 75' lang='grc' dir='ltr'><strong><em>μακροθυμίᾳ</em></strong></span> <span class='ocrx_word' id='word_1_295' title='bbox 3207 1476 3544 1550; x_wconf 83' lang='grc' dir='ltr'><strong><em>ἀνεκφράστῳ</em></strong></span> <span class='ocrx_word' id='word_1_296' title='bbox 3579 1482 3857 1552; x_wconf 87' lang='grc' dir='ltr'><strong><em>κέχρηταιό</em></strong></span> 
     </span>
    </p>
   </div>
   <div class='ocr_carea' id='block_1_45' title="bbox 2300 1566 3859 1640">
    <p class='ocr_par' dir='ltr' id='par_1_45' title="bbox 2300 1566 3859 1640">
     <span class='ocr_line' id='line_1_45' title="bbox 2300 1566 3859 1640; baseline 0.001 -23"><span class='ocrx_word' id='word_1_297' title='bbox 2300 1568 2424 1626; x_wconf 84' lang='grc' dir='ltr'><strong><em>Θεὸς</em></strong></span> <span class='ocrx_word' id='word_1_298' title='bbox 2453 1570 2570 1639; x_wconf 78' lang='grc' dir='ltr'><strong><em>περὶ</em></strong></span> <span class='ocrx_word' id='word_1_299' title='bbox 2599 1570 2657 1617; x_wconf 89' lang='grc' dir='ltr'><strong><em>τὸ</em></strong></span> <span class='ocrx_word' id='word_1_300' title='bbox 2681 1571 2826 1637; x_wconf 87' lang='grc' dir='ltr'><strong><em>γένος</em></strong></span> <span class='ocrx_word' id='word_1_301' title='bbox 2851 1574 2949 1618; x_wconf 80' lang='grc' dir='ltr'><strong><em>τῶν</em></strong></span> <span class='ocrx_word' id='word_1_302' title='bbox 2967 1566 3269 1640; x_wconf 83' lang='grc' dir='ltr'><strong><em>ἀνθρώπων,</em></strong></span> <span class='ocrx_word' id='word_1_303' title='bbox 3293 1585 3449 1639; x_wconf 90' lang='grc' dir='ltr'><strong><em>μονον</em></strong></span> <span class='ocrx_word' id='word_1_304' title='bbox 3474 1567 3517 1618; x_wconf 84' lang='grc' dir='ltr'>εί</span> <span class='ocrx_word' id='word_1_305' title='bbox 3538 1569 3675 1639; x_wconf 78' lang='grc' dir='ltr'><strong><em>ἡμεῖς</em></strong></span> <span class='ocrx_word' id='word_1_306' title='bbox 3700 1567 3859 1626; x_wconf 83' lang='grc' dir='ltr'><strong><em>ἁνανῆ-</em></strong></span> 
     </span>
    </p>
   </div>
   <div class='ocr_carea' id='block_1_46' title="bbox 2299 1653 3859 1731">
    <p class='ocr_par' dir='ltr' id='par_1_46' title="bbox 2299 1653 3859 1731">
     <span class='ocr_line' id='line_1_46' title="bbox 2299 1653 3859 1731; baseline 0.002 -25"><span class='ocrx_word' id='word_1_307' title='bbox 2299 1653 2400 1725; x_wconf 68' lang='grc' dir='ltr'><strong><em>ψαι</em></strong></span> <span class='ocrx_word' id='word_1_308' title='bbox 2463 1654 2763 1727; x_wconf 78' lang='grc' dir='ltr'><strong><em>θελησομεν,</em></strong></span> <span class='ocrx_word' id='word_1_309' title='bbox 2841 1660 2930 1708; x_wconf 88' lang='lat' dir='ltr'>atati</span> <span class='ocrx_word' id='word_1_310' title='bbox 3004 1655 3056 1718; x_wconf 83' lang='grc' dir='ltr'><strong><em>ἐξ</em></strong></span> <span class='ocrx_word' id='word_1_311' title='bbox 3117 1655 3237 1709; x_wconf 83' lang='grc' dir='ltr'><strong><em>ὅλου</em></strong></span> <span class='ocrx_word' id='word_1_312' title='bbox 3312 1656 3686 1730; x_wconf 68' lang='grc' dir='ltr'><strong><em>ἐπιστραφῆναι</em></strong></span> <span class='ocrx_word' id='word_1_313' title='bbox 3749 1661 3859 1731; x_wconf 86' lang='grc' dir='ltr'><strong><em>πρὸς</em></strong></span> 
     </span>
    </p>
   </div>
   <div class='ocr_carea' id='block_1_47' title="bbox 2300 1740 3856 1821">
    <p class='ocr_par' dir='ltr' id='par_1_47' title="bbox 2300 1740 3856 1821">
     <span class='ocr_line' id='line_1_47' title="bbox 2300 1740 3856 1821; baseline 0.004 -25"><span class='ocrx_word' id='word_1_314' title='bbox 2300 1744 2454 1796; x_wconf 79' lang='grc' dir='ltr'><strong><em>αὐτὸν</em></strong></span> <span class='ocrx_word' id='word_1_315' title='bbox 2500 1740 2889 1817; x_wconf 86' lang='grc' dir='ltr'><strong><em>σπουδάσομεν,</em></strong></span> <span class='ocrx_word' id='word_1_316' title='bbox 2938 1746 3020 1797; x_wconf 83' lang='grc' dir='ltr'><strong><em>ἵνα</em></strong></span> <span class='ocrx_word' id='word_1_317' title='bbox 3059 1751 3319 1821; x_wconf 78' lang='grc' dir='ltr'><strong><em>σωτηρίας</em></strong></span> <span class='ocrx_word' id='word_1_318' title='bbox 3351 1752 3532 1819; x_wconf 87' lang='grc' dir='ltr'><strong><em>τυχεῖν</em></strong></span> <span class='ocrx_word' id='word_1_319' title='bbox 3566 1743 3856 1820; x_wconf 76' lang='grc' dir='ltr'><strong><em>δυνηθῶμεν.</em></strong></span> 
     </span>
    </p>
   </div>
   <div class='ocr_carea' id='block_1_48' title="bbox 2373 1866 3859 1946">
    <p class='ocr_par' dir='ltr' id='par_1_48' title="bbox 2373 1866 3859 1946">
     <span class='ocr_line' id='line_1_48' title="bbox 2373 1866 3859 1946; baseline 0.001 -24"><span class='ocrx_word' id='word_1_320' title='bbox 2373 1868 2450 1924; x_wconf 66' lang='grc' dir='ltr'>ις’.</span> <span class='ocrx_word' id='word_1_321' title='bbox 2477 1869 2537 1922; x_wconf 87' lang='grc' dir='ltr'><strong>Εἰ</strong></span> <span class='ocrx_word' id='word_1_322' title='bbox 2586 1866 2645 1922; x_wconf 76' lang='grc' dir='ltr'>δε</span> <span class='ocrx_word' id='word_1_323' title='bbox 2688 1868 2867 1942; x_wconf 80' lang='grc' dir='ltr'><strong><em>βούλει</em></strong></span> <span class='ocrx_word' id='word_1_324' title='bbox 2915 1871 3193 1942; x_wconf 71' lang='grc' dir='ltr'><strong><em>ἐπιγνῶναι</em></strong></span> <span class='ocrx_word' id='word_1_325' title='bbox 3252 1877 3349 1930; x_wconf 74' lang='grc' dir='ltr'>την</span> <span class='ocrx_word' id='word_1_326' title='bbox 3399 1880 3489 1926; x_wconf 87' lang='grc' dir='ltr'>τοῦ</span> <span class='ocrx_word' id='word_1_327' title='bbox 3531 1880 3658 1925; x_wconf 79' lang='grc' dir='ltr'><strong><em>Θεοῦ</em></strong></span> <span class='ocrx_word' id='word_1_328' title='bbox 3692 1891 3859 1946; x_wconf 87' lang='grc' dir='ltr'><strong><em>μακρο-</em></strong></span> 
     </span>
    </p>
   </div>
   <div class='ocr_carea' id='block_1_49' title="bbox 2301 1960 3858 2035">
    <p class='ocr_par' dir='ltr' id='par_1_49' title="bbox 2301 1960 3858 2035">
     <span class='ocr_line' id='line_1_49' title="bbox 2301 1960 3858 2035; baseline 0.003 -25"><span class='ocrx_word' id='word_1_329' title='bbox 2301 1961 2511 2031; x_wconf 90' lang='grc' dir='ltr'><strong><em>θυμίαν,</em></strong></span> <span class='ocrx_word' id='word_1_330' title='bbox 2567 1965 2656 2011; x_wconf 94' lang='lat' dir='ltr'>atati</span> <span class='ocrx_word' id='word_1_331' title='bbox 2706 1965 2800 2018; x_wconf 76' lang='grc' dir='ltr'>τήν</span> <span class='ocrx_word' id='word_1_332' title='bbox 2853 1960 3045 2019; x_wconf 78' lang='grc' dir='ltr'><strong><em>πολλὴν</em></strong></span> <span class='ocrx_word' id='word_1_333' title='bbox 3087 1964 3460 2035; x_wconf 78' lang='grc' dir='ltr'><strong><em>χρηστότητα,</em></strong></span> <span class='ocrx_word' id='word_1_334' title='bbox 3506 1962 3604 2015; x_wconf 85' lang='grc' dir='ltr'>ἀπό</span> <span class='ocrx_word' id='word_1_335' title='bbox 3644 1970 3735 2015; x_wconf 85' lang='grc' dir='ltr'><strong><em>τῶν</em></strong></span> <span class='ocrx_word' id='word_1_336' title='bbox 3770 1964 3858 2014; x_wconf 84' lang='grc' dir='ltr'><strong><em>θεο-</em></strong></span> 
     </span>
    </p>
   </div>
   <div class='ocr_carea' id='block_1_50' title="bbox 2296 2051 3856 2123">
    <p class='ocr_par' dir='ltr' id='par_1_50' title="bbox 2296 2051 3856 2123">
     <span class='ocr_line' id='line_1_50' title="bbox 2296 2051 3856 2123; baseline 0.001 -22"><span class='ocrx_word' id='word_1_337' title='bbox 2296 2058 2558 2102; x_wconf 87' lang='grc' dir='ltr'><strong><em>πνευστων</em></strong></span> <span class='ocrx_word' id='word_1_338' title='bbox 2608 2055 2645 2101; x_wconf 88' lang='grc' dir='ltr'><strong>Γ</strong></span> <span class='ocrx_word' id='word_1_339' title='bbox 2645 2058 2821 2123; x_wconf 88' lang='grc' dir='ltr'><strong><em>ραφών</em></strong></span> <span class='ocrx_word' id='word_1_340' title='bbox 2868 2053 3267 2123; x_wconf 81' lang='grc' dir='ltr'><strong><em>καταμάθωμεν.</em></strong></span> <span class='ocrx_word' id='word_1_341' title='bbox 3312 2051 3629 2123; x_wconf 75' lang='grc' dir='ltr'><strong><em>Ἀπόϐλεψον</em></strong></span> <span class='ocrx_word' id='word_1_342' title='bbox 3674 2052 3738 2114; x_wconf 84' lang='grc' dir='ltr'><strong><em>εἰς</em></strong></span> <span class='ocrx_word' id='word_1_343' title='bbox 3787 2055 3856 2103; x_wconf 83' lang='grc' dir='ltr'>τόν</span> 
     </span>
    </p>
   </div>
   <div class='ocr_carea' id='block_1_51' title="bbox 2299 2139 3856 2214">
    <p class='ocr_par' dir='ltr' id='par_1_51' title="bbox 2299 2139 3856 2214">
     <span class='ocr_line' id='line_1_51' title="bbox 2299 2139 3856 2214; baseline 0.001 -22"><span class='ocrx_word' id='word_1_344' title='bbox 2299 2140 2531 2213; x_wconf 77' lang='grc' dir='ltr'><strong><em>Ἰσραὴλ,</em></strong></span> <span class='ocrx_word' id='word_1_345' title='bbox 2590 2139 2643 2201; x_wconf 81' lang='grc' dir='ltr'><strong><em>ἐξ</em></strong></span> <span class='ocrx_word' id='word_1_346' title='bbox 2694 2139 2762 2189; x_wconf 83' lang='grc' dir='ltr'>ὧν</span> <span class='ocrx_word' id='word_1_347' title='bbox 2812 2140 2861 2191; x_wconf 79' lang='grc' dir='ltr'><strong><em>οἱ</em></strong></span> <span class='ocrx_word' id='word_1_348' title='bbox 2905 2144 3146 2212; x_wconf 87' lang='grc' dir='ltr'><strong><em>Πατέρες,</em></strong></span> <span class='ocrx_word' id='word_1_349' title='bbox 3199 2141 3271 2201; x_wconf 83' lang='grc' dir='ltr'><strong><em>οῖς</em></strong></span> <span class='ocrx_word' id='word_1_350' title='bbox 3327 2143 3385 2193; x_wconf 81' lang='grc' dir='ltr'><strong><em>αἱ</em></strong></span> <span class='ocrx_word' id='word_1_351' title='bbox 3430 2141 3720 2214; x_wconf 71' lang='grc' dir='ltr'><strong><em>ἐπαγγελίαι</em></strong></span> <span class='ocrx_word' id='word_1_352' title='bbox 3750 2144 3856 2214; x_wconf 81' lang='grc' dir='ltr'><strong><em>ὠρί-</em></strong></span> 
     </span>
    </p>
   </div>
   <div class='ocr_carea' id='block_1_52' title="bbox 2299 2228 3861 2306">
    <p class='ocr_par' dir='ltr' id='par_1_52' title="bbox 2299 2228 3861 2306">
     <span class='ocr_line' id='line_1_52' title="bbox 2299 2228 3861 2306; baseline 0.001 -25"><span class='ocrx_word' id='word_1_353' title='bbox 2299 2230 2524 2294; x_wconf 87' lang='grc' dir='ltr'><strong><em>σθησαν,</em></strong></span> <span class='ocrx_word' id='word_1_354' title='bbox 2574 2228 2626 2290; x_wconf 81' lang='grc' dir='ltr'><strong><em>ἐξ</em></strong></span> <span class='ocrx_word' id='word_1_355' title='bbox 2651 2228 2718 2279; x_wconf 85' lang='grc' dir='ltr'><strong>ὧν</strong></span> <span class='ocrx_word' id='word_1_356' title='bbox 2760 2230 2787 2280; x_wconf 87' lang='grc' dir='ltr'><strong><em>ὁ</em></strong></span> <span class='ocrx_word' id='word_1_357' title='bbox 2818 2234 3046 2301; x_wconf 84' lang='grc' dir='ltr'><strong><em>Χριστὸς</em></strong></span> <span class='ocrx_word' id='word_1_358' title='bbox 3084 2234 3140 2281; x_wconf 87' lang='grc' dir='ltr'>τό</span> <span class='ocrx_word' id='word_1_359' title='bbox 3189 2232 3327 2282; x_wconf 88' lang='grc' dir='ltr'>κατά</span> <span class='ocrx_word' id='word_1_360' title='bbox 3371 2233 3562 2306; x_wconf 88' lang='grc' dir='ltr'><strong><em>σάρκα,</em></strong></span> <span class='ocrx_word' id='word_1_361' title='bbox 3601 2231 3674 2291; x_wconf 85' lang='grc' dir='ltr'><strong><em>οἶς</em></strong></span> <span class='ocrx_word' id='word_1_362' title='bbox 3710 2232 3758 2282; x_wconf 85' lang='grc' dir='ltr'><strong><em>αἱ</em></strong></span> <span class='ocrx_word' id='word_1_363' title='bbox 3788 2230 3861 2282; x_wconf 86' lang='grc' dir='ltr'><strong><em>λα-</em></strong></span> 
     </span>
    </p>
   </div>
   <div class='ocr_carea' id='block_1_53' title="bbox 2297 2314 3864 2390">
    <p class='ocr_par' dir='ltr' id='par_1_53' title="bbox 2297 2314 3864 2390">
     <span class='ocr_line' id='line_1_53' title="bbox 2297 2314 3864 2390; baseline 0.001 -22"><span class='ocrx_word' id='word_1_364' title='bbox 2297 2324 2463 2388; x_wconf 85' lang='grc' dir='ltr'><strong><em>τρεῖαι</em></strong></span> <span class='ocrx_word' id='word_1_365' title='bbox 2508 2322 2597 2369; x_wconf 80' lang='grc' dir='ltr'><strong><em>καὶ</em></strong></span> <span class='ocrx_word' id='word_1_366' title='bbox 2648 2319 2677 2375; x_wconf 80' lang='grc' dir='ltr'>ἡ</span> <span class='ocrx_word' id='word_1_367' title='bbox 2732 2314 2984 2385; x_wconf 77' lang='grc' dir='ltr'><strong><em>διαθήκη,</em></strong></span> <span class='ocrx_word' id='word_1_368' title='bbox 3041 2327 3185 2382; x_wconf 88' lang='grc' dir='ltr'><strong><em>πόσα</em></strong></span> <span class='ocrx_word' id='word_1_369' title='bbox 3240 2320 3484 2390; x_wconf 74' lang='grc' dir='ltr'><strong><em>ἧμοερτον</em></strong></span> <span class='ocrx_word' id='word_1_370' title='bbox 3516 2336 3531 2387; x_wconf 85' lang='grc'><strong>;</strong></span> <span class='ocrx_word' id='word_1_371' title='bbox 3564 2322 3771 2379; x_wconf 80' lang='grc' dir='ltr'><strong><em>ποσάκις</em></strong></span> <span class='ocrx_word' id='word_1_372' title='bbox 3804 2317 3864 2381; x_wconf 81' lang='grc' dir='ltr'>ἐξ·</span> 
     </span>
    </p>
   </div>
   <div class='ocr_carea' id='block_1_54' title="bbox 2297 2407 3860 2481">
    <p class='ocr_par' dir='ltr' id='par_1_54' title="bbox 2297 2407 3860 2481">
     <span class='ocr_line' id='line_1_54' title="bbox 2297 2407 3860 2481; baseline 0.002 -23"><span class='ocrx_word' id='word_1_373' title='bbox 2297 2411 2753 2481; x_wconf 79' lang='grc' dir='ltr'><strong><em>ετράπησαν;καὶ</em></strong></span> <span class='ocrx_word' id='word_1_374' title='bbox 2795 2407 2949 2469; x_wconf 82' lang='grc' dir='ltr'><strong><em>αὐτὸς</em></strong></span> <span class='ocrx_word' id='word_1_375' title='bbox 2987 2407 3082 2459; x_wconf 80' lang='grc' dir='ltr'>οὑκ</span> <span class='ocrx_word' id='word_1_376' title='bbox 3136 2411 3304 2460; x_wconf 80' lang='grc' dir='ltr'><strong><em>εἴασεν</em></strong></span> <span class='ocrx_word' id='word_1_377' title='bbox 3368 2410 3555 2472; x_wconf 78' lang='grc' dir='ltr'><strong><em>αὐτοὺς</em></strong></span> <span class='ocrx_word' id='word_1_378' title='bbox 3618 2411 3682 2471; x_wconf 77' lang='grc' dir='ltr'><strong><em>εἰς</em></strong></span> <span class='ocrx_word' id='word_1_379' title='bbox 3731 2409 3860 2473; x_wconf 79' lang='grc' dir='ltr'><strong><em>τελος,</em></strong></span> 
     </span>
    </p>
   </div>
   <div class='ocr_carea' id='block_1_55' title="bbox 2298 2495 3861 2573">
    <p class='ocr_par' dir='ltr' id='par_1_55' title="bbox 2298 2495 3861 2573">
     <span class='ocr_line' id='line_1_55' title="bbox 2298 2495 3861 2573; baseline 0.001 -25"><span class='ocrx_word' id='word_1_380' title='bbox 2298 2495 2426 2549; x_wconf 87' lang='grc' dir='ltr'>ἀλλά</span> <span class='ocrx_word' id='word_1_381' title='bbox 2480 2502 2801 2570; x_wconf 83' lang='grc' dir='ltr'><strong><em>πρόσκαιρον</em></strong></span> <span class='ocrx_word' id='word_1_382' title='bbox 2858 2502 3051 2572; x_wconf 88' lang='grc' dir='ltr'><strong><em>χρόνον</em></strong></span> <span class='ocrx_word' id='word_1_383' title='bbox 3110 2502 3235 2570; x_wconf 85' lang='grc' dir='ltr'><strong><em>πρός</em></strong></span> <span class='ocrx_word' id='word_1_384' title='bbox 3292 2504 3365 2550; x_wconf 72' lang='grc' dir='ltr'><strong><em>τὸ</em></strong></span> <span class='ocrx_word' id='word_1_385' title='bbox 3415 2504 3665 2573; x_wconf 73' lang='grc' dir='ltr'><strong><em>συμφέρον</em></strong></span> <span class='ocrx_word' id='word_1_386' title='bbox 3716 2498 3861 2559; x_wconf 77' lang='grc' dir='ltr'><strong><em>αὐτοῖς</em></strong></span> 
     </span>
    </p>
   </div>
   <div class='ocr_carea' id='block_1_56' title="bbox 2295 2582 3859 2662">
    <p class='ocr_par' dir='ltr' id='par_1_56' title="bbox 2295 2582 3859 2662">
     <span class='ocr_line' id='line_1_56' title="bbox 2295 2582 3859 2662; baseline -0.001 -23"><span class='ocrx_word' id='word_1_387' title='bbox 2295 2582 2540 2648; x_wconf 84' lang='grc' dir='ltr'><strong><em>παιδιαῖς</em></strong></span> <span class='ocrx_word' id='word_1_388' title='bbox 2587 2582 2901 2658; x_wconf 84' lang='grc' dir='ltr'><strong><em>παρεδίδου,</em></strong></span> <span class='ocrx_word' id='word_1_389' title='bbox 2952 2590 3008 2639; x_wconf 90' lang='grc' dir='ltr'>τὸ</span> <span class='ocrx_word' id='word_1_390' title='bbox 3061 2587 3285 2659; x_wconf 89' lang='grc' dir='ltr'><strong><em>σκληρὸν</em></strong></span> <span class='ocrx_word' id='word_1_391' title='bbox 3316 2596 3424 2651; x_wconf 72' lang='grc' dir='ltr'><strong><em>τῆς</em></strong></span> <span class='ocrx_word' id='word_1_392' title='bbox 3469 2586 3686 2662; x_wconf 87' lang='grc' dir='ltr'><strong><em>καρδίας</em></strong></span> <span class='ocrx_word' id='word_1_393' title='bbox 3720 2589 3859 2641; x_wconf 79' lang='grc' dir='ltr'><strong><em>αὐτῶν</em></strong></span> 
     </span>
    </p>
   </div>
   <div class='ocr_carea' id='block_1_57' title="bbox 2299 2671 3858 2753">
    <p class='ocr_par' dir='ltr' id='par_1_57' title="bbox 2299 2671 3858 2753">
     <span class='ocr_line' id='line_1_57' title="bbox 2299 2671 3858 2753; baseline 0.001 -26"><span class='ocrx_word' id='word_1_394' title='bbox 2299 2671 2392 2727; x_wconf 78' lang='grc' dir='ltr'><strong><em>διὰ</em></strong></span> <span class='ocrx_word' id='word_1_395' title='bbox 2419 2683 2507 2735; x_wconf 82' lang='grc' dir='ltr'><strong><em>τῆς</em></strong></span> <span class='ocrx_word' id='word_1_396' title='bbox 2537 2674 2752 2746; x_wconf 71' lang='grc' dir='ltr'><strong><em>θλίψεως</em></strong></span> <span class='ocrx_word' id='word_1_397' title='bbox 2792 2675 3022 2747; x_wconf 80' lang='grc' dir='ltr'><strong><em>μαλάξαι</em></strong></span> <span class='ocrx_word' id='word_1_398' title='bbox 3053 2675 3396 2749; x_wconf 82' lang='grc' dir='ltr'><strong><em>βουλόμενος,</em></strong></span> <span class='ocrx_word' id='word_1_399' title='bbox 3444 2682 3724 2753; x_wconf 81' lang='grc' dir='ltr'><strong><em>ἐπέστρεφε,</em></strong></span> <span class='ocrx_word' id='word_1_400' title='bbox 3753 2696 3858 2750; x_wconf 86' lang='grc' dir='ltr'><strong><em>παρ·</em></strong></span> 
     </span>
    </p>
   </div>
   <div class='ocr_carea' id='block_1_58' title="bbox 2297 2764 3857 2842">
    <p class='ocr_par' dir='ltr' id='par_1_58' title="bbox 2297 2764 3857 2842">
     <span class='ocr_line' id='line_1_58' title="bbox 2297 2764 3857 2842; baseline 0.002 -27"><span class='ocrx_word' id='word_1_401' title='bbox 2297 2764 2481 2829; x_wconf 84' lang='grc' dir='ltr'><strong><em>εκάλει,</em></strong></span> <span class='ocrx_word' id='word_1_402' title='bbox 2562 2770 2835 2839; x_wconf 73' lang='grc' dir='ltr'><strong><em>προφήτας</em></strong></span> <span class='ocrx_word' id='word_1_403' title='bbox 2896 2764 3189 2821; x_wconf 73' lang='grc' dir='ltr'><strong><em>ἀπέστελλε.</em></strong></span> <span class='ocrx_word' id='word_1_404' title='bbox 3252 2772 3356 2819; x_wconf 77' lang='grc' dir='ltr'>Καὶ</span> <span class='ocrx_word' id='word_1_405' title='bbox 3425 2773 3608 2830; x_wconf 86' lang='grc' dir='ltr'><strong><em>πόσοις</em></strong></span> <span class='ocrx_word' id='word_1_406' title='bbox 3677 2772 3857 2842; x_wconf 79' lang='grc' dir='ltr'><strong><em>χρόνοις</em></strong></span> 
     </span>
    </p>
   </div>
   <div class='ocr_carea' id='block_1_59' title="bbox 2294 2853 3853 2931">
    <p class='ocr_par' dir='ltr' id='par_1_59' title="bbox 2294 2853 3853 2931">
     <span class='ocr_line' id='line_1_59' title="bbox 2294 2853 3853 2931; baseline 0.003 -27"><span class='ocrx_word' id='word_1_407' title='bbox 2294 2853 2643 2926; x_wconf 82' lang='grc' dir='ltr'><strong><em>ἐμακροθύμει</em></strong></span> <span class='ocrx_word' id='word_1_408' title='bbox 2704 2853 3102 2927; x_wconf 82' lang='grc' dir='ltr'><strong><em>ἁμαρτανόντων</em></strong></span> <span class='ocrx_word' id='word_1_409' title='bbox 3158 2859 3247 2908; x_wconf 87' lang='grc' dir='ltr'><strong><em>καὶ</em></strong></span> <span class='ocrx_word' id='word_1_410' title='bbox 3310 2864 3739 2931; x_wconf 80' lang='grc' dir='ltr'><strong><em>προσκοπτόντων</em></strong></span> <span class='ocrx_word' id='word_1_411' title='bbox 3783 2856 3853 2908; x_wconf 78' lang='grc' dir='ltr'>αὐ-</span> 
     </span>
    </p>
   </div>
   <div class='ocr_carea' id='block_1_60' title="bbox 2294 2943 3846 3020">
    <p class='ocr_par' dir='ltr' id='par_1_60' title="bbox 2294 2943 3846 3020">
     <span class='ocr_line' id='line_1_60' title="bbox 2294 2943 3846 3020; baseline 0.003 -27"><span class='ocrx_word' id='word_1_412' title='bbox 2294 2951 2393 2993; x_wconf 88' lang='grc' dir='ltr'><strong><em>τῶν</em></strong></span> <span class='ocrx_word' id='word_1_413' title='bbox 2453 2960 2466 3009; x_wconf 89' lang='grc'>;</span> <span class='ocrx_word' id='word_1_414' title='bbox 2521 2948 2610 2995; x_wconf 82' lang='grc' dir='ltr'><strong><em>καὶ</em></strong></span> <span class='ocrx_word' id='word_1_415' title='bbox 2663 2944 3060 3019; x_wconf 75' lang='grc' dir='ltr'><strong><em>ἐπιστρέφοντας</em></strong></span> <span class='ocrx_word' id='word_1_416' title='bbox 3098 2948 3229 3016; x_wconf 87' lang='grc' dir='ltr'>μετά</span> <span class='ocrx_word' id='word_1_417' title='bbox 3279 2953 3466 3020; x_wconf 85' lang='grc' dir='ltr'><strong><em>χαρᾶς</em></strong></span> <span class='ocrx_word' id='word_1_418' title='bbox 3515 2943 3846 3020; x_wconf 70' lang='grc' dir='ltr'><strong><em>προσεδέχετο,</em></strong></span> 
     </span>
    </p>
   </div>
   <div class='ocr_carea' id='block_1_61' title="bbox 2292 3032 3849 3110">
    <p class='ocr_par' dir='ltr' id='par_1_61' title="bbox 2292 3032 3849 3110">
     <span class='ocr_line' id='line_1_61' title="bbox 2292 3032 3849 3110; baseline 0.002 -28"><span class='ocrx_word' id='word_1_419' title='bbox 2292 3036 2382 3083; x_wconf 82' lang='grc' dir='ltr'><strong><em>καὶ</em></strong></span> <span class='ocrx_word' id='word_1_420' title='bbox 2433 3032 2585 3083; x_wconf 88' lang='grc' dir='ltr'><strong><em>πάλιν</em></strong></span> <span class='ocrx_word' id='word_1_421' title='bbox 2629 3035 3008 3106; x_wconf 81' lang='grc' dir='ltr'><strong><em>ίκτρεπομένων</em></strong></span> <span class='ocrx_word' id='word_1_422' title='bbox 3058 3034 3222 3087; x_wconf 76' lang='grc' dir='ltr'><strong><em>αὐτῶν</em></strong></span> <span class='ocrx_word' id='word_1_423' title='bbox 3265 3035 3434 3098; x_wconf 79' lang='grc' dir='ltr'><strong><em>αὐτὸς</em></strong></span> <span class='ocrx_word' id='word_1_424' title='bbox 3472 3037 3565 3089; x_wconf 77' lang='grc' dir='ltr'>οὐκ</span> <span class='ocrx_word' id='word_1_425' title='bbox 3613 3037 3849 3110; x_wconf 87' lang='grc' dir='ltr'><strong><em>ἀφίστατο,</em></strong></span> 
     </span>
    </p>
   </div>
   <div class='ocr_carea' id='block_1_62' title="bbox 539 3101 2178 3199">
    <p class='ocr_par' dir='ltr' id='par_1_62' title="bbox 539 3101 2178 3198">
     <span class='ocr_line' id='line_1_62' title="bbox 539 3101 2178 3198; baseline -0.002 -18"><span class='ocrx_word' id='word_1_426' title='bbox 539 3127 666 3198; x_wconf 92' lang='lat' dir='ltr'>ipse</span> <span class='ocrx_word' id='word_1_427' title='bbox 693 3101 811 3181; x_wconf 75' lang='lat' dir='ltr'>nos</span> <span class='ocrx_word' id='word_1_428' title='bbox 833 3125 1117 3191; x_wconf 84' lang='lat' dir='ltr'>destituit,</span> <span class='ocrx_word' id='word_1_429' title='bbox 1149 3125 1254 3179; x_wconf 89' lang='lat' dir='ltr'>sed</span> <span class='ocrx_word' id='word_1_430' title='bbox 1276 3139 1381 3195; x_wconf 92' lang='lat' dir='ltr'>per</span> <span class='ocrx_word' id='word_1_431' title='bbox 1396 3124 1721 3195; x_wconf 85' lang='lat' dir='ltr'>prophetas</span> <span class='ocrx_word' id='word_1_432' title='bbox 1740 3123 1819 3177; x_wconf 88' lang='lat' dir='ltr'>ad</span> <span class='ocrx_word' id='word_1_433' title='bbox 1850 3136 2178 3177; x_wconf 89' lang='lat' dir='ltr'>conversio-</span> 
     </span>
    </p>
   </div>
   <div class='ocr_carea' id='block_1_63' title="bbox 2288 3101 3852 3199">
    <p class='ocr_par' dir='ltr' id='par_1_63' title="bbox 2294 3101 3852 3199">
     <span class='ocr_line' id='line_1_63' title="bbox 2294 3101 3852 3199; baseline 0.003 -27"><span class='ocrx_word' id='word_1_434' title='bbox 2294 3120 2421 3172; x_wconf 85' lang='grc' dir='ltr'>ἀλλά</span> <span class='ocrx_word' id='word_1_435' title='bbox 2451 3118 2544 3172; x_wconf 80' lang='grc' dir='ltr'><strong><em>διὰ</em></strong></span> <span class='ocrx_word' id='word_1_436' title='bbox 2572 3130 2671 3172; x_wconf 85' lang='grc' dir='ltr'><strong><em>τῶν</em></strong></span> <span class='ocrx_word' id='word_1_437' title='bbox 2718 3101 2999 3197; x_wconf 78' lang='grc' dir='ltr'><strong><em>προφητῷν</em></strong></span> <span class='ocrx_word' id='word_1_438' title='bbox 3053 3124 3122 3184; x_wconf 84' lang='grc' dir='ltr'>είς</span> <span class='ocrx_word' id='word_1_439' title='bbox 3177 3124 3507 3199; x_wconf 77' lang='grc' dir='ltr'><strong><em>ἐπιστροφήν</em></strong></span> <span class='ocrx_word' id='word_1_440' title='bbox 3551 3101 3726 3188; x_wconf 76' lang='grc' dir='ltr'><strong><em>αὐτοὺς</em></strong></span> <span class='ocrx_word' id='word_1_441' title='bbox 3754 3143 3852 3197; x_wconf 80' lang='grc' dir='ltr'><strong><em>μετ-</em></strong></span> 
     </span>
    </p>
   </div>
   <div class='ocr_carea' id='block_1_64' title="bbox 532 3213 2184 3284">
    <p class='ocr_par' dir='ltr' id='par_1_64' title="bbox 532 3213 2184 3284">
     <span class='ocr_line' id='line_1_64' title="bbox 532 3213 2184 3284; baseline -0.004 -13"><span class='ocrx_word' id='word_1_442' title='bbox 532 3232 673 3271; x_wconf 91' lang='lat' dir='ltr'>nem</span> <span class='ocrx_word' id='word_1_443' title='bbox 704 3216 1037 3270; x_wconf 88' lang='lat' dir='ltr'>revocavit:</span> <span class='ocrx_word' id='word_1_444' title='bbox 1094 3222 1273 3284; x_wconf 87' lang='lat' dir='ltr'>atque</span> <span class='ocrx_word' id='word_1_445' title='bbox 1304 3213 1635 3282; x_wconf 77' lang='lat' dir='ltr'>stepissime</span> <span class='ocrx_word' id='word_1_446' title='bbox 1675 3226 1712 3267; x_wconf 87' lang='lat' dir='ltr'>a</span> <span class='ocrx_word' id='word_1_447' title='bbox 1738 3229 1801 3266; x_wconf 90' lang='lat' dir='ltr'>se</span> <span class='ocrx_word' id='word_1_448' title='bbox 1832 3227 2095 3277; x_wconf 87' lang='lat' dir='ltr'>aversos,</span> <span class='ocrx_word' id='word_1_449' title='bbox 2127 3223 2184 3265; x_wconf 90' lang='lat' dir='ltr'>et</span> 
     </span>
    </p>
   </div>
   <div class='ocr_carea' id='block_1_65' title="bbox 532 3302 2182 3376">
    <p class='ocr_par' dir='ltr' id='par_1_65' title="bbox 532 3302 2182 3376">
     <span class='ocr_line' id='line_1_65' title="bbox 532 3302 2182 3376; baseline -0.003 -17"><span class='ocrx_word' id='word_1_450' title='bbox 532 3305 920 3376; x_wconf 85' lang='lat' dir='ltr'>postmodum</span> <span class='ocrx_word' id='word_1_451' title='bbox 966 3318 1308 3367; x_wconf 84' lang='lat' dir='ltr'>conversos,</span> <span class='ocrx_word' id='word_1_452' title='bbox 1358 3302 1643 3356; x_wconf 87' lang='lat' dir='ltr'>benevole</span> <span class='ocrx_word' id='word_1_453' title='bbox 1676 3302 1961 3365; x_wconf 86' lang='lat' dir='ltr'>toleravit,</span> <span class='ocrx_word' id='word_1_454' title='bbox 2003 3308 2182 3371; x_wconf 85' lang='lat' dir='ltr'>atque</span> 
     </span>
    </p>
   </div>
   <div class='ocr_carea' id='block_1_66' title="bbox 530 3391 2181 3461">
    <p class='ocr_par' dir='ltr' id='par_1_66' title="bbox 530 3391 2181 3461">
     <span class='ocr_line' id='line_1_66' title="bbox 530 3391 2181 3461; baseline -0.001 -15"><span class='ocrx_word' id='word_1_455' title='bbox 530 3392 871 3448; x_wconf 87' lang='lat' dir='ltr'>humaniter</span> <span class='ocrx_word' id='word_1_456' title='bbox 882 3394 1121 3461; x_wconf 89' lang='lat' dir='ltr'>recepit,</span> <span class='ocrx_word' id='word_1_457' title='bbox 1137 3391 1329 3446; x_wconf 90' lang='lat' dir='ltr'>donec</span> <span class='ocrx_word' id='word_1_458' title='bbox 1347 3391 1586 3446; x_wconf 86' lang='lat' dir='ltr'>tandem</span> <span class='ocrx_word' id='word_1_459' title='bbox 1606 3391 1667 3445; x_wconf 89' lang='lat' dir='ltr'>in</span> <span class='ocrx_word' id='word_1_460' title='bbox 1690 3404 1915 3458; x_wconf 86' lang='lat' dir='ltr'>magno</span> <span class='ocrx_word' id='word_1_461' title='bbox 1935 3398 2181 3460; x_wconf 90' lang='lat' dir='ltr'>peccato</span> 
     </span>
    </p>
   </div>
   <div class='ocr_carea' id='block_1_67' title="bbox 530 3478 2177 3551">
    <p class='ocr_par' dir='ltr' id='par_1_67' title="bbox 530 3478 2177 3551">
     <span class='ocr_line' id='line_1_67' title="bbox 530 3478 2177 3551; baseline -0.001 -16"><span class='ocrx_word' id='word_1_462' title='bbox 530 3480 890 3551; x_wconf 90' lang='lat' dir='ltr'>deprehensi</span> <span class='ocrx_word' id='word_1_463' title='bbox 910 3491 1048 3534; x_wconf 89' lang='lat' dir='ltr'>sunt</span> <span class='ocrx_word' id='word_1_464' title='bbox 1070 3495 1286 3535; x_wconf 87' lang='lat' dir='ltr'>manus</span> <span class='ocrx_word' id='word_1_465' title='bbox 1300 3481 1628 3549; x_wconf 81' lang='lat' dir='ltr'>injicientes</span> <span class='ocrx_word' id='word_1_466' title='bbox 1646 3494 1889 3549; x_wconf 87' lang='lat' dir='ltr'>proprio</span> <span class='ocrx_word' id='word_1_467' title='bbox 1900 3478 2177 3545; x_wconf 91' lang='lat' dir='ltr'>Domino,</span> 
     </span>
    </p>
   </div>
   <div class='ocr_carea' id='block_1_68' title="bbox 530 3567 2177 3639">
    <p class='ocr_par' dir='ltr' id='par_1_68' title="bbox 530 3567 2177 3639">
     <span class='ocr_line' id='line_1_68' title="bbox 530 3567 2177 3639; baseline -0.001 -17"><span class='ocrx_word' id='word_1_468' title='bbox 530 3584 713 3639; x_wconf 92' lang='lat' dir='ltr'>quem</span> <span class='ocrx_word' id='word_1_469' title='bbox 734 3568 1163 3638; x_wconf 82' lang='lat' dir='ltr'>exspectabant</span> <span class='ocrx_word' id='word_1_470' title='bbox 1183 3568 1514 3622; x_wconf 89' lang='lat' dir='ltr'>secundum</span> <span class='ocrx_word' id='word_1_471' title='bbox 1535 3567 1914 3622; x_wconf 84' lang='lat' dir='ltr'>traditionem</span> <span class='ocrx_word' id='word_1_472' title='bbox 1939 3570 2177 3622; x_wconf 86' lang='lat' dir='ltr'>Patrum</span> 
     </span>
    </p>
   </div>
   <div class='ocr_carea' id='block_1_69' title="bbox 531 3657 2176 3729">
    <p class='ocr_par' dir='ltr' id='par_1_69' title="bbox 531 3657 2176 3729">
     <span class='ocr_line' id='line_1_69' title="bbox 531 3657 2176 3729; baseline -0.001 -17"><span class='ocrx_word' id='word_1_473' title='bbox 531 3674 601 3713; x_wconf 91' lang='lat' dir='ltr'>ac</span> <span class='ocrx_word' id='word_1_474' title='bbox 613 3661 1042 3729; x_wconf 88' lang='lat' dir='ltr'>prophetarum</span> <span class='ocrx_word' id='word_1_475' title='bbox 1060 3663 1408 3711; x_wconf 87' lang='lat' dir='ltr'>sanctorum</span> <span class='ocrx_word' id='word_1_476' title='bbox 1425 3659 1889 3726; x_wconf 88' lang='lat' dir='ltr'>redemptorem,</span> <span class='ocrx_word' id='word_1_477' title='bbox 1912 3657 2176 3711; x_wconf 84' lang='lat' dir='ltr'>Salvato-</span> 
     </span>
    </p>
   </div>
   <div class='ocr_carea' id='block_1_70' title="bbox 527 3745 2175 3816">
    <p class='ocr_par' dir='ltr' id='par_1_70' title="bbox 527 3745 2175 3816">
     <span class='ocr_line' id='line_1_70' title="bbox 527 3745 2175 3816; baseline -0.001 -14"><span class='ocrx_word' id='word_1_478' title='bbox 527 3762 675 3809; x_wconf 89' lang='lat' dir='ltr'>rem,</span> <span class='ocrx_word' id='word_1_479' title='bbox 733 3761 935 3816; x_wconf 90' lang='lat' dir='ltr'>regem</span> <span class='ocrx_word' id='word_1_480' title='bbox 966 3757 1022 3801; x_wconf 90' lang='lat' dir='ltr'>et</span> <span class='ocrx_word' id='word_1_481' title='bbox 1070 3745 1451 3816; x_wconf 87' lang='lat' dir='ltr'>prophetam.</span> <span class='ocrx_word' id='word_1_482' title='bbox 1492 3746 1829 3800; x_wconf 85' lang='lat' dir='ltr'>Venientem</span> <span class='ocrx_word' id='word_1_483' title='bbox 1860 3746 2023 3799; x_wconf 90' lang='lat' dir='ltr'>enim</span> <span class='ocrx_word' id='word_1_484' title='bbox 2054 3760 2175 3801; x_wconf 86' lang='lat' dir='ltr'>non</span> 
     </span>
    </p>
   </div>
   <div class='ocr_carea' id='block_1_71' title="bbox 527 3833 2178 3905">
    <p class='ocr_par' dir='ltr' id='par_1_71' title="bbox 527 3833 2178 3905">
     <span class='ocr_line' id='line_1_71' title="bbox 527 3833 2178 3905; baseline -0.001 -15"><span class='ocrx_word' id='word_1_485' title='bbox 527 3835 786 3905; x_wconf 81' lang='lat' dir='ltr'>amplexi</span> <span class='ocrx_word' id='word_1_486' title='bbox 817 3841 974 3899; x_wconf 89' lang='lat' dir='ltr'>sunt,</span> <span class='ocrx_word' id='word_1_487' title='bbox 999 3836 1103 3890; x_wconf 89' lang='lat' dir='ltr'>sed</span> <span class='ocrx_word' id='word_1_488' title='bbox 1125 3851 1156 3888; x_wconf 90' lang='lat' dir='ltr'>e</span> <span class='ocrx_word' id='word_1_489' title='bbox 1178 3835 1477 3889; x_wconf 87' lang='lat' dir='ltr'>contrario</span> <span class='ocrx_word' id='word_1_490' title='bbox 1499 3848 1722 3904; x_wconf 84' lang='lat' dir='ltr'>magna</span> <span class='ocrx_word' id='word_1_491' title='bbox 1750 3848 1889 3889; x_wconf 89' lang='lat' dir='ltr'>eum</span> <span class='ocrx_word' id='word_1_492' title='bbox 1919 3833 2178 3903; x_wconf 89' lang='lat' dir='ltr'>ignomi-</span> 
     </span>
    </p>
   </div>
   <div class='ocr_carea' id='block_1_72' title="bbox 522 3923 2174 3994">
    <p class='ocr_par' dir='ltr' id='par_1_72' title="bbox 522 3923 2174 3994">
     <span class='ocr_line' id='line_1_72' title="bbox 522 3923 2174 3994; baseline 0 -15"><span class='ocrx_word' id='word_1_493' title='bbox 522 3930 623 3979; x_wconf 88' lang='lat' dir='ltr'>nia</span> <span class='ocrx_word' id='word_1_494' title='bbox 652 3931 708 3978; x_wconf 93' lang='lat' dir='ltr'>et</span> <span class='ocrx_word' id='word_1_495' title='bbox 736 3924 986 3979; x_wconf 88' lang='lat' dir='ltr'>infamia</span> <span class='ocrx_word' id='word_1_496' title='bbox 1032 3928 1327 3988; x_wconf 87' lang='lat' dir='ltr'>notatum,</span> <span class='ocrx_word' id='word_1_497' title='bbox 1362 3923 1604 3977; x_wconf 90' lang='lat' dir='ltr'>tandem</span> <span class='ocrx_word' id='word_1_498' title='bbox 1654 3924 1848 3977; x_wconf 87' lang='lat' dir='ltr'>crucis</span> <span class='ocrx_word' id='word_1_499' title='bbox 1881 3924 2174 3994; x_wconf 89' lang='lat' dir='ltr'>supplicio</span> 
     </span>
    </p>
   </div>
   <div class='ocr_carea' id='block_1_73' title="bbox 521 4010 2174 4082">
    <p class='ocr_par' dir='ltr' id='par_1_73' title="bbox 521 4010 2174 4082">
     <span class='ocr_line' id='line_1_73' title="bbox 521 4010 2174 4082; baseline 0 -14"><span class='ocrx_word' id='word_1_500' title='bbox 521 4012 866 4069; x_wconf 72' lang='lat' dir='ltr'>affecerunt.</span> <span class='ocrx_word' id='word_1_501' title='bbox 894 4015 1039 4067; x_wconf 89' lang='lat' dir='ltr'>Etin</span> <span class='ocrx_word' id='word_1_502' title='bbox 1062 4015 1174 4068; x_wconf 86' lang='lat' dir='ltr'>hac</span> <span class='ocrx_word' id='word_1_503' title='bbox 1198 4020 1319 4067; x_wconf 87' lang='lat' dir='ltr'>tam</span> <span class='ocrx_word' id='word_1_504' title='bbox 1352 4012 1565 4081; x_wconf 85' lang='lat' dir='ltr'>grandi</span> <span class='ocrx_word' id='word_1_505' title='bbox 1603 4010 1833 4067; x_wconf 79' lang='lat' dir='ltr'>oti&#39;ensa</span> <span class='ocrx_word' id='word_1_506' title='bbox 1865 4019 1921 4066; x_wconf 88' lang='lat' dir='ltr'>et</span> <span class='ocrx_word' id='word_1_507' title='bbox 1950 4014 2174 4082; x_wconf 89' lang='lat' dir='ltr'>ingenti</span> 
     </span>
    </p>
   </div>
   <div class='ocr_carea' id='block_1_74' title="bbox 514 4101 2173 4173">
    <p class='ocr_par' dir='ltr' id='par_1_74' title="bbox 514 4101 2173 4173">
     <span class='ocr_line' id='line_1_74' title="bbox 514 4101 2173 4173; baseline 0.001 -16"><span class='ocrx_word' id='word_1_508' title='bbox 514 4101 712 4173; x_wconf 86' lang='lat' dir='ltr'>lapsu,</span> <span class='ocrx_word' id='word_1_509' title='bbox 742 4109 986 4173; x_wconf 87' lang='lat' dir='ltr'>peccata</span> <span class='ocrx_word' id='word_1_510' title='bbox 1011 4103 1271 4171; x_wconf 88' lang='lat' dir='ltr'>illorum,</span> <span class='ocrx_word' id='word_1_511' title='bbox 1302 4117 1441 4171; x_wconf 72' lang='lat' dir='ltr'>quae</span> <span class='ocrx_word' id='word_1_512' title='bbox 1470 4102 1549 4157; x_wconf 88' lang='lat' dir='ltr'>ad</span> <span class='ocrx_word' id='word_1_513' title='bbox 1576 4118 1884 4156; x_wconf 91' lang='lat' dir='ltr'>summum</span> <span class='ocrx_word' id='word_1_514' title='bbox 1908 4103 2173 4159; x_wconf 88' lang='lat' dir='ltr'>adaucta</span> 
     </span>
    </p>
   </div>
   <div class='ocr_carea' id='block_1_75' title="bbox 515 4192 2171 4262">
    <p class='ocr_par' dir='ltr' id='par_1_75' title="bbox 515 4192 2171 4262">
     <span class='ocr_line' id='line_1_75' title="bbox 515 4192 2171 4262; baseline -0.001 -16"><span class='ocrx_word' id='word_1_515' title='bbox 515 4200 702 4261; x_wconf 85' lang='lat' dir='ltr'>erant,</span> <span class='ocrx_word' id='word_1_516' title='bbox 738 4192 1037 4262; x_wconf 88' lang='lat' dir='ltr'>completa</span> <span class='ocrx_word' id='word_1_517' title='bbox 1068 4201 1227 4257; x_wconf 91' lang='lat' dir='ltr'>sunt,</span> <span class='ocrx_word' id='word_1_518' title='bbox 1260 4198 1317 4246; x_wconf 90' lang='lat' dir='ltr'>et</span> <span class='ocrx_word' id='word_1_519' title='bbox 1358 4200 1441 4246; x_wconf 91' lang='lat' dir='ltr'>ita</span> <span class='ocrx_word' id='word_1_520' title='bbox 1474 4192 1714 4246; x_wconf 89' lang='lat' dir='ltr'>tandem</span> <span class='ocrx_word' id='word_1_521' title='bbox 1749 4199 2037 4262; x_wconf 90' lang='lat' dir='ltr'>perpetuo</span> <span class='ocrx_word' id='word_1_522' title='bbox 2067 4194 2171 4245; x_wconf 89' lang='lat' dir='ltr'>de-</span> 
     </span>
    </p>
   </div>
   <div class='ocr_carea' id='block_1_76' title="bbox 518 4281 2171 4351">
    <p class='ocr_par' dir='ltr' id='par_1_76' title="bbox 518 4281 2171 4351">
     <span class='ocr_line' id='line_1_76' title="bbox 518 4281 2171 4351; baseline 0 -16"><span class='ocrx_word' id='word_1_523' title='bbox 518 4284 658 4336; x_wconf 87' lang='lat' dir='ltr'>serti</span> <span class='ocrx_word' id='word_1_524' title='bbox 687 4288 846 4347; x_wconf 91' lang='lat' dir='ltr'>sunt,</span> <span class='ocrx_word' id='word_1_525' title='bbox 876 4283 1095 4351; x_wconf 88' lang='lat' dir='ltr'>Spiritu</span> <span class='ocrx_word' id='word_1_526' title='bbox 1122 4289 1331 4335; x_wconf 91' lang='lat' dir='ltr'>sancto</span> <span class='ocrx_word' id='word_1_527' title='bbox 1364 4281 1443 4335; x_wconf 89' lang='lat' dir='ltr'>ab</span> <span class='ocrx_word' id='word_1_528' title='bbox 1470 4281 1538 4335; x_wconf 86' lang='lat' dir='ltr'>iis</span> <span class='ocrx_word' id='word_1_529' title='bbox 1558 4284 1888 4344; x_wconf 88' lang='lat' dir='ltr'>recedente,</span> <span class='ocrx_word' id='word_1_530' title='bbox 1922 4282 2171 4351; x_wconf 90' lang='lat' dir='ltr'>quando</span> 
     </span>
    </p>
   </div>
   <div class='ocr_carea' id='block_1_77' title="bbox 518 4369 2166 4441">
    <p class='ocr_par' dir='ltr' id='par_1_77' title="bbox 518 4369 2166 4441">
     <span class='ocr_line' id='line_1_77' title="bbox 518 4369 2166 4441; baseline 0 -17"><span class='ocrx_word' id='word_1_531' title='bbox 518 4373 716 4424; x_wconf 89' lang='lat' dir='ltr'>velum</span> <span class='ocrx_word' id='word_1_532' title='bbox 746 4370 1284 4441; x_wconf 88' lang='lat' dir='ltr'>templidiscissum</span> <span class='ocrx_word' id='word_1_533' title='bbox 1301 4375 1412 4424; x_wconf 89' lang='lat' dir='ltr'>est.</span> <span class='ocrx_word' id='word_1_534' title='bbox 1430 4372 1590 4424; x_wconf 82' lang='lat' dir='ltr'>Etstc</span> <span class='ocrx_word' id='word_1_535' title='bbox 1612 4369 1848 4424; x_wconf 82' lang='lat' dir='ltr'>illorum</span> <span class='ocrx_word' id='word_1_536' title='bbox 1876 4370 2166 4441; x_wconf 87' lang='lat' dir='ltr'>templum</span> 
     </span>
    </p>
   </div>
   <div class='ocr_carea' id='block_1_78' title="bbox 2291 3209 3851 3287">
    <p class='ocr_par' dir='ltr' id='par_1_78' title="bbox 2291 3209 3851 3287">
     <span class='ocr_line' id='line_1_78' title="bbox 2291 3209 3851 3287; baseline 0.001 -26"><span class='ocrx_word' id='word_1_537' title='bbox 2291 3209 2519 3262; x_wconf 78' lang='grc' dir='ltr'><strong><em>ἐκαλεῖτο</em></strong></span> <span class='ocrx_word' id='word_1_538' title='bbox 2575 3226 2587 3239; x_wconf 88' lang='grc'><strong>·</strong></span> <span class='ocrx_word' id='word_1_539' title='bbox 2640 3217 2729 3262; x_wconf 78' lang='grc' dir='ltr'>καί</span> <span class='ocrx_word' id='word_1_540' title='bbox 2782 3211 3053 3274; x_wconf 78' lang='grc' dir='ltr'><strong><em>πλεονάκις</em></strong></span> <span class='ocrx_word' id='word_1_541' title='bbox 3108 3215 3469 3286; x_wconf 74' lang='grc' dir='ltr'><strong><em>ἐκτραπέντων</em></strong></span> <span class='ocrx_word' id='word_1_542' title='bbox 3520 3222 3608 3269; x_wconf 82' lang='grc' dir='ltr'><strong><em>καὶ</em></strong></span> <span class='ocrx_word' id='word_1_543' title='bbox 3654 3215 3851 3287; x_wconf 76' lang='grc' dir='ltr'><strong><em>ἐπιστρε-</em></strong></span> 
     </span>
    </p>
   </div>
   <div class='ocr_carea' id='block_1_79' title="bbox 2292 3295 3852 3380">
    <p class='ocr_par' dir='ltr' id='par_1_79' title="bbox 2292 3295 3852 3380">
     <span class='ocr_line' id='line_1_79' title="bbox 2292 3295 3852 3380; baseline 0.002 -30"><span class='ocrx_word' id='word_1_544' title='bbox 2292 3302 2516 3371; x_wconf 83' lang='grc' dir='ltr'><strong><em>φομένων</em></strong></span> <span class='ocrx_word' id='word_1_545' title='bbox 2562 3295 2731 3361; x_wconf 76' lang='grc' dir='ltr'><strong><em>ἡδέως</em></strong></span> <span class='ocrx_word' id='word_1_546' title='bbox 2798 3304 3085 3372; x_wconf 82' lang='grc' dir='ltr'><strong><em>ἀντείχετο,</em></strong></span> <span class='ocrx_word' id='word_1_547' title='bbox 3160 3308 3250 3354; x_wconf 79' lang='grc' dir='ltr'>καί</span> <span class='ocrx_word' id='word_1_548' title='bbox 3307 3304 3673 3380; x_wconf 76' lang='grc' dir='ltr'><strong><em>φιλανθρώπως</em></strong></span> <span class='ocrx_word' id='word_1_549' title='bbox 3713 3318 3852 3373; x_wconf 88' lang='grc' dir='ltr'><strong><em>προσ-</em></strong></span> 
     </span>
    </p>
   </div>
   <div class='ocr_carea' id='block_1_80' title="bbox 2291 3385 3853 3469">
    <p class='ocr_par' dir='ltr' id='par_1_80' title="bbox 2291 3385 3853 3469">
     <span class='ocr_line' id='line_1_80' title="bbox 2291 3385 3853 3469; baseline 0.001 -29"><span class='ocrx_word' id='word_1_550' title='bbox 2291 3385 2523 3459; x_wconf 76' lang='grc' dir='ltr'><strong><em>εδέχετο,</em></strong></span> <span class='ocrx_word' id='word_1_551' title='bbox 2569 3389 2659 3450; x_wconf 80' lang='grc' dir='ltr'><strong><em>ἕως</em></strong></span> <span class='ocrx_word' id='word_1_552' title='bbox 2712 3389 2772 3441; x_wconf 82' lang='grc' dir='ltr'><strong><em>οὗ</em></strong></span> <span class='ocrx_word' id='word_1_553' title='bbox 2829 3390 3047 3463; x_wconf 80' lang='grc' dir='ltr'><strong><em>ὕστερον</em></strong></span> <span class='ocrx_word' id='word_1_554' title='bbox 3117 3389 3165 3442; x_wconf 84' lang='grc' dir='ltr'><strong><em>ἐν</em></strong></span> <span class='ocrx_word' id='word_1_555' title='bbox 3218 3399 3290 3461; x_wconf 86' lang='grc' dir='ltr'>τῷ</span> <span class='ocrx_word' id='word_1_556' title='bbox 3346 3396 3560 3468; x_wconf 81' lang='grc' dir='ltr'><strong><em>μεγάλῳ</em></strong></span> <span class='ocrx_word' id='word_1_557' title='bbox 3611 3395 3853 3469; x_wconf 83' lang='grc' dir='ltr'><strong><em>παραπτώ-</em></strong></span> 
     </span>
    </p>
   </div>
   <div class='ocr_carea' id='block_1_81' title="bbox 2287 3478 3853 3552">
    <p class='ocr_par' dir='ltr' id='par_1_81' title="bbox 2287 3478 3853 3552">
     <span class='ocr_line' id='line_1_81' title="bbox 2287 3478 3853 3552; baseline 0.001 -23"><span class='ocrx_word' id='word_1_558' title='bbox 2287 3496 2417 3549; x_wconf 92' lang='grc' dir='ltr'><strong><em>ματι</em></strong></span> <span class='ocrx_word' id='word_1_559' title='bbox 2476 3480 2781 3551; x_wconf 75' lang='grc' dir='ltr'><strong><em>εὑρέθησαν,</em></strong></span> <span class='ocrx_word' id='word_1_560' title='bbox 2853 3486 3042 3552; x_wconf 86' lang='grc' dir='ltr'><strong><em>χεῖρας</em></strong></span> <span class='ocrx_word' id='word_1_561' title='bbox 3093 3479 3427 3545; x_wconf 77' lang='grc' dir='ltr'><strong><em>ἐπιϐαλόντες</em></strong></span> <span class='ocrx_word' id='word_1_562' title='bbox 3482 3483 3565 3537; x_wconf 77' lang='grc' dir='ltr'><strong><em>ἐπὶ</em></strong></span> <span class='ocrx_word' id='word_1_563' title='bbox 3615 3488 3694 3535; x_wconf 89' lang='grc' dir='ltr'>τόν</span> <span class='ocrx_word' id='word_1_564' title='bbox 3740 3478 3853 3533; x_wconf 84' lang='grc' dir='ltr'><strong><em>ἴδιον</em></strong></span> 
     </span>
    </p>
   </div>
   <div class='ocr_carea' id='block_1_82' title="bbox 2289 3566 3852 3645">
    <p class='ocr_par' dir='ltr' id='par_1_82' title="bbox 2289 3566 3852 3645">
     <span class='ocr_line' id='line_1_82' title="bbox 2289 3566 3852 3645; baseline 0 -26"><span class='ocrx_word' id='word_1_565' title='bbox 2289 3572 2572 3633; x_wconf 87' lang='grc' dir='ltr'><strong><em>Δεσπότην,</em></strong></span> <span class='ocrx_word' id='word_1_566' title='bbox 2614 3569 2666 3619; x_wconf 82' lang='grc' dir='ltr'><strong><em>ὃν</em></strong></span> <span class='ocrx_word' id='word_1_567' title='bbox 2720 3567 3054 3640; x_wconf 83' lang='grc' dir='ltr'><strong><em>προσεδόκων</em></strong></span> <span class='ocrx_word' id='word_1_568' title='bbox 3109 3566 3203 3622; x_wconf 82' lang='grc' dir='ltr'><strong><em>διὰ</em></strong></span> <span class='ocrx_word' id='word_1_569' title='bbox 3248 3570 3600 3645; x_wconf 86' lang='grc' dir='ltr'><strong><em>παραδόσεων</em></strong></span> <span class='ocrx_word' id='word_1_570' title='bbox 3649 3574 3852 3644; x_wconf 86' lang='grc' dir='ltr'><strong><em>Πατέρων</em></strong></span> 
     </span>
    </p>
   </div>
   <div class='ocr_carea' id='block_1_83' title="bbox 2288 3657 3853 3736">
    <p class='ocr_par' dir='ltr' id='par_1_83' title="bbox 2288 3657 3853 3736">
     <span class='ocr_line' id='line_1_83' title="bbox 2288 3657 3853 3736; baseline 0.001 -28"><span class='ocrx_word' id='word_1_571' title='bbox 2288 3662 2376 3708; x_wconf 89' lang='lat' dir='ltr'>atati</span> <span class='ocrx_word' id='word_1_572' title='bbox 2413 3666 2690 3729; x_wconf 80' lang='grc' dir='ltr'><strong><em>προφητῶν</em></strong></span> <span class='ocrx_word' id='word_1_573' title='bbox 2740 3657 2902 3729; x_wconf 88' lang='grc' dir='ltr'><strong><em>ἁγίων</em></strong></span> <span class='ocrx_word' id='word_1_574' title='bbox 2951 3659 3217 3730; x_wconf 77' lang='grc' dir='ltr'><strong><em>λυτρωτὴν</em></strong></span> <span class='ocrx_word' id='word_1_575' title='bbox 3259 3666 3352 3713; x_wconf 82' lang='grc' dir='ltr'><strong><em>καὶ</em></strong></span> <span class='ocrx_word' id='word_1_576' title='bbox 3388 3669 3619 3736; x_wconf 79' lang='grc' dir='ltr'><strong><em>Σωτῆρα,</em></strong></span> <span class='ocrx_word' id='word_1_577' title='bbox 3661 3669 3743 3714; x_wconf 85' lang='lat' dir='ltr'>atati</span> <span class='ocrx_word' id='word_1_578' title='bbox 3776 3658 3853 3732; x_wconf 82' lang='grc' dir='ltr'>βα-</span> 
     </span>
    </p>
   </div>
   <div class='ocr_carea' id='block_1_84' title="bbox 2288 3747 3849 3827">
    <p class='ocr_par' dir='ltr' id='par_1_84' title="bbox 2288 3747 3849 3827">
     <span class='ocr_line' id='line_1_84' title="bbox 2288 3747 3849 3827; baseline 0.001 -30"><span class='ocrx_word' id='word_1_579' title='bbox 2288 3748 2453 3812; x_wconf 89' lang='grc' dir='ltr'><strong><em>σιλέα,</em></strong></span> <span class='ocrx_word' id='word_1_580' title='bbox 2501 3752 2590 3799; x_wconf 77' lang='grc' dir='ltr'><strong><em>καὶ</em></strong></span> <span class='ocrx_word' id='word_1_581' title='bbox 2638 3754 2928 3819; x_wconf 79' lang='grc' dir='ltr'><strong><em>προφήτην.</em></strong></span> <span class='ocrx_word' id='word_1_582' title='bbox 2986 3747 3235 3801; x_wconf 87' lang='grc' dir='ltr'><strong><em>Ἐλθόντα</em></strong></span> <span class='ocrx_word' id='word_1_583' title='bbox 3272 3751 3378 3825; x_wconf 80' lang='grc' dir='ltr'><strong><em>γὰρ</em></strong></span> <span class='ocrx_word' id='word_1_584' title='bbox 3423 3752 3483 3803; x_wconf 77' lang='grc' dir='ltr'>οὐ</span> <span class='ocrx_word' id='word_1_585' title='bbox 3519 3749 3849 3827; x_wconf 75' lang='grc' dir='ltr'><strong><em>παρεδέξαντο,</em></strong></span> 
     </span>
    </p>
   </div>
   <div class='ocr_carea' id='block_1_85' title="bbox 2286 3834 3851 3913">
    <p class='ocr_par' dir='ltr' id='par_1_85' title="bbox 2286 3834 3851 3913">
     <span class='ocr_line' id='line_1_85' title="bbox 2286 3834 3851 3913; baseline 0.001 -27"><span class='ocrx_word' id='word_1_586' title='bbox 2286 3834 2412 3887; x_wconf 82' lang='grc' dir='ltr'><strong><em>ἀλλὰ</em></strong></span> <span class='ocrx_word' id='word_1_587' title='bbox 2476 3837 2771 3888; x_wconf 81' lang='grc' dir='ltr'><strong><em>τούναντίον</em></strong></span> <span class='ocrx_word' id='word_1_588' title='bbox 2835 3836 2998 3889; x_wconf 88' lang='grc' dir='ltr'><strong><em>πολλά</em></strong></span> <span class='ocrx_word' id='word_1_589' title='bbox 3055 3837 3197 3908; x_wconf 82' lang='grc' dir='ltr'><strong><em>αὐτῷ</em></strong></span> <span class='ocrx_word' id='word_1_590' title='bbox 3260 3836 3615 3913; x_wconf 82' lang='grc' dir='ltr'><strong><em>ἐνδειξάμενοι</em></strong></span> <span class='ocrx_word' id='word_1_591' title='bbox 3670 3841 3851 3910; x_wconf 78' lang='grc' dir='ltr'><strong><em>ἀτιμίας</em></strong></span> 
     </span>
    </p>
   </div>
   <div class='ocr_carea' id='block_1_86' title="bbox 2283 3925 3852 4003">
    <p class='ocr_par' dir='ltr' id='par_1_86' title="bbox 2283 3925 3852 4003">
     <span class='ocr_line' id='line_1_86' title="bbox 2283 3925 3852 4003; baseline 0.004 -27"><span class='ocrx_word' id='word_1_592' title='bbox 2283 3925 2426 3990; x_wconf 79' lang='grc' dir='ltr'><strong><em>ἄξια,</em></strong></span> <span class='ocrx_word' id='word_1_593' title='bbox 2481 3925 2695 3998; x_wconf 77' lang='grc' dir='ltr'><strong><em>ὕστερον</em></strong></span> <span class='ocrx_word' id='word_1_594' title='bbox 2750 3934 2960 3999; x_wconf 82' lang='grc' dir='ltr'><strong><em>σταυρῷ</em></strong></span> <span class='ocrx_word' id='word_1_595' title='bbox 3033 3927 3252 3979; x_wconf 82' lang='grc' dir='ltr'><strong><em>θανάτου</em></strong></span> <span class='ocrx_word' id='word_1_596' title='bbox 3316 3927 3723 4003; x_wconf 76' lang='grc' dir='ltr'><strong><em>ἐτιμωρήσαντο,</em></strong></span> <span class='ocrx_word' id='word_1_597' title='bbox 3781 3929 3852 3977; x_wconf 74' lang='grc' dir='ltr'><strong><em>καὶ</em></strong></span> 
     </span>
    </p>
   </div>
   <div class='ocr_carea' id='block_1_87' title="bbox 2282 4012 3849 4093">
    <p class='ocr_par' dir='ltr' id='par_1_87' title="bbox 2282 4012 3849 4093">
     <span class='ocr_line' id='line_1_87' title="bbox 2282 4012 3849 4093; baseline 0.001 -28"><span class='ocrx_word' id='word_1_598' title='bbox 2282 4012 2330 4065; x_wconf 86' lang='grc' dir='ltr'><strong><em>ἐν</em></strong></span> <span class='ocrx_word' id='word_1_599' title='bbox 2388 4016 2553 4085; x_wconf 79' lang='grc' dir='ltr'><strong><em>τούτῳ</em></strong></span> <span class='ocrx_word' id='word_1_600' title='bbox 2627 4022 2697 4085; x_wconf 80' lang='grc' dir='ltr'><strong><em>τῷ</em></strong></span> <span class='ocrx_word' id='word_1_601' title='bbox 2762 4015 2969 4086; x_wconf 79' lang='grc' dir='ltr'><strong><em>μεγάλῳ</em></strong></span> <span class='ocrx_word' id='word_1_602' title='bbox 3023 4020 3424 4090; x_wconf 85' lang='grc' dir='ltr'><strong><em>προσκόμματι,</em></strong></span> <span class='ocrx_word' id='word_1_603' title='bbox 3485 4024 3574 4072; x_wconf 78' lang='grc' dir='ltr'><strong><em>καὶ</em></strong></span> <span class='ocrx_word' id='word_1_604' title='bbox 3637 4014 3849 4093; x_wconf 76' lang='grc' dir='ltr'><strong><em>ὑπερϐάλ-</em></strong></span> 
     </span>
    </p>
   </div>
   <div class='ocr_carea' id='block_1_88' title="bbox 2282 4102 3853 4182">
    <p class='ocr_par' dir='ltr' id='par_1_88' title="bbox 2282 4102 3853 4182">
     <span class='ocr_line' id='line_1_88' title="bbox 2282 4102 3853 4182; baseline 0.002 -29"><span class='ocrx_word' id='word_1_605' title='bbox 2282 4102 2419 4154; x_wconf 90' lang='grc' dir='ltr'><strong><em>λοντι</em></strong></span> <span class='ocrx_word' id='word_1_606' title='bbox 2464 4108 2873 4176; x_wconf 84' lang='grc' dir='ltr'><strong><em>παραπτώματι,</em></strong></span> <span class='ocrx_word' id='word_1_607' title='bbox 2924 4105 2975 4155; x_wconf 82' lang='grc' dir='ltr'><strong><em>αἱ</em></strong></span> <span class='ocrx_word' id='word_1_608' title='bbox 3026 4103 3277 4177; x_wconf 82' lang='grc' dir='ltr'><strong><em>ἁμαρτίαι</em></strong></span> <span class='ocrx_word' id='word_1_609' title='bbox 3328 4107 3503 4159; x_wconf 72' lang='grc' dir='ltr'><strong><em>αὐτῶν</em></strong></span> <span class='ocrx_word' id='word_1_610' title='bbox 3561 4104 3853 4182; x_wconf 76' lang='grc' dir='ltr'><strong><em>ὑπερπληθὺ-</em></strong></span> 
     </span>
    </p>
   </div>
   <div class='ocr_carea' id='block_1_89' title="bbox 2279 4192 3851 4266">
    <p class='ocr_par' dir='ltr' id='par_1_89' title="bbox 2279 4192 3851 4266">
     <span class='ocr_line' id='line_1_89' title="bbox 2279 4192 3851 4266; baseline 0.004 -23"><span class='ocrx_word' id='word_1_611' title='bbox 2279 4210 2438 4243; x_wconf 89' lang='grc' dir='ltr'><strong><em>νασαι</em></strong></span> <span class='ocrx_word' id='word_1_612' title='bbox 2491 4192 2950 4266; x_wconf 83' lang='grc' dir='ltr'><strong><em>ἀνεπληρώθησαν,</em></strong></span> <span class='ocrx_word' id='word_1_613' title='bbox 3014 4198 3103 4245; x_wconf 89' lang='lat' dir='ltr'>atati</span> <span class='ocrx_word' id='word_1_614' title='bbox 3178 4194 3313 4245; x_wconf 79' lang='grc' dir='ltr'><strong><em>οὕτω</em></strong></span> <span class='ocrx_word' id='word_1_615' title='bbox 3384 4196 3564 4249; x_wconf 86' lang='grc' dir='ltr'><strong><em>λοιπὸν</em></strong></span> <span class='ocrx_word' id='word_1_616' title='bbox 3618 4196 3687 4258; x_wconf 86' lang='grc' dir='ltr'><strong><em>εἰς</em></strong></span> <span class='ocrx_word' id='word_1_617' title='bbox 3737 4193 3851 4249; x_wconf 66' lang='grc' dir='ltr'><strong><em>τιλος</em></strong></span> 
     </span>
    </p>
   </div>
   <div class='ocr_carea' id='block_1_90' title="bbox 2281 4280 3852 4357">
    <p class='ocr_par' dir='ltr' id='par_1_90' title="bbox 2281 4280 3852 4357">
     <span class='ocr_line' id='line_1_90' title="bbox 2281 4280 3852 4357; baseline 0.004 -26"><span class='ocrx_word' id='word_1_618' title='bbox 2281 4280 2589 4352; x_wconf 78' lang='grc' dir='ltr'><strong><em>ἀφείθησαν,</em></strong></span> <span class='ocrx_word' id='word_1_619' title='bbox 2644 4289 2736 4332; x_wconf 79' lang='grc' dir='ltr'><strong><em>τοῦ</em></strong></span> <span class='ocrx_word' id='word_1_620' title='bbox 2792 4280 2945 4353; x_wconf 83' lang='grc' dir='ltr'><strong><em>ἁγίου</em></strong></span> <span class='ocrx_word' id='word_1_621' title='bbox 3001 4285 3298 4353; x_wconf 84' lang='grc' dir='ltr'><strong><em>Πνεύματος</em></strong></span> <span class='ocrx_word' id='word_1_622' title='bbox 3356 4287 3550 4339; x_wconf 83' lang='grc' dir='ltr'><strong><em>ἐκεῖθεν</em></strong></span> <span class='ocrx_word' id='word_1_623' title='bbox 3605 4284 3852 4357; x_wconf 66' lang='grc' dir='ltr'><strong><em>ἀναχαιρά-</em></strong></span> 
     </span>
    </p>
   </div>
   <div class='ocr_carea' id='block_1_91' title="bbox 2283 4371 3849 4447">
    <p class='ocr_par' dir='ltr' id='par_1_91' title="bbox 2283 4371 3849 4447">
     <span class='ocr_line' id='line_1_91' title="bbox 2283 4371 3849 4447; baseline 0.003 -27"><span class='ocrx_word' id='word_1_624' title='bbox 2283 4387 2489 4434; x_wconf 86' lang='grc' dir='ltr'><strong><em>σαντος,</em></strong></span> <span class='ocrx_word' id='word_1_625' title='bbox 2530 4371 2613 4421; x_wconf 85' lang='grc' dir='ltr'><strong><em>ὅτε</em></strong></span> <span class='ocrx_word' id='word_1_626' title='bbox 2651 4376 2709 4422; x_wconf 90' lang='grc' dir='ltr'>τό</span> <span class='ocrx_word' id='word_1_627' title='bbox 2754 4373 3135 4443; x_wconf 81' lang='grc' dir='ltr'><strong><em>καταπέτασμα</em></strong></span> <span class='ocrx_word' id='word_1_628' title='bbox 3172 4380 3263 4424; x_wconf 81' lang='grc' dir='ltr'>τοῦ</span> <span class='ocrx_word' id='word_1_629' title='bbox 3303 4383 3429 4426; x_wconf 82' lang='grc' dir='ltr'><strong><em>ναοῦ</em></strong></span> <span class='ocrx_word' id='word_1_630' title='bbox 3471 4375 3719 4447; x_wconf 84' lang='grc' dir='ltr'><strong><em>ἐσχίσθη.</em></strong></span> <span class='ocrx_word' id='word_1_631' title='bbox 3768 4373 3849 4424; x_wconf 77' lang='grc' dir='ltr'>Καὶ</span> 
     </span>
    </p>
   </div>
   <div class='ocr_carea' id='block_1_92' title="bbox 510 4453 2178 4536">
    <p class='ocr_par' dir='ltr' id='par_1_92' title="bbox 510 4458 2165 4528">
     <span class='ocr_line' id='line_1_92' title="bbox 510 4458 2165 4528; baseline 0 -15"><span class='ocrx_word' id='word_1_632' title='bbox 510 4460 787 4528; x_wconf 89' lang='lat' dir='ltr'>gentibus</span> <span class='ocrx_word' id='word_1_633' title='bbox 843 4459 1146 4523; x_wconf 91' lang='lat' dir='ltr'>traditum,</span> <span class='ocrx_word' id='word_1_634' title='bbox 1203 4461 1566 4513; x_wconf 87' lang='lat' dir='ltr'>subversum</span> <span class='ocrx_word' id='word_1_635' title='bbox 1606 4467 1663 4513; x_wconf 92' lang='lat' dir='ltr'>et</span> <span class='ocrx_word' id='word_1_636' title='bbox 1692 4458 2028 4514; x_wconf 86' lang='lat' dir='ltr'>desolatum</span> <span class='ocrx_word' id='word_1_637' title='bbox 2060 4466 2165 4526; x_wconf 91' lang='lat' dir='ltr'>est,</span> 
     </span>
    </p>
   </div>
   <div class='ocr_carea' id='block_1_93' title="bbox 2288 4453 3845 4536">
    <p class='ocr_par' dir='ltr' id='par_1_93' title="bbox 2288 4458 3845 4536">
     <span class='ocr_line' id='line_1_93' title="bbox 2288 4458 3845 4536; baseline 0.003 -25"><span class='ocrx_word' id='word_1_638' title='bbox 2288 4458 2442 4521; x_wconf 78' lang='grc' dir='ltr'><strong><em>οὕτως</em></strong></span> <span class='ocrx_word' id='word_1_639' title='bbox 2487 4462 2656 4510; x_wconf 80' lang='grc' dir='ltr'><strong><em>αὐτῶν</em></strong></span> <span class='ocrx_word' id='word_1_640' title='bbox 2696 4460 2723 4511; x_wconf 89' lang='grc' dir='ltr'>ό</span> <span class='ocrx_word' id='word_1_641' title='bbox 2765 4463 2886 4521; x_wconf 90' lang='grc' dir='ltr'><strong><em>ναός</em></strong></span> <span class='ocrx_word' id='word_1_642' title='bbox 2949 4463 3117 4513; x_wconf 78' lang='grc' dir='ltr'><strong><em>ἔθνεσι</em></strong></span> <span class='ocrx_word' id='word_1_643' title='bbox 3176 4460 3505 4536; x_wconf 79' lang='grc' dir='ltr'><strong><em>παραδοθεὶς</em></strong></span> <span class='ocrx_word' id='word_1_644' title='bbox 3552 4464 3845 4532; x_wconf 80' lang='grc' dir='ltr'><strong><em>κατεσκάφη,</em></strong></span> 
     </span>
    </p>
   </div>
   <div class='ocr_carea' id='block_1_94' title="bbox 508 4547 2166 4619">
    <p class='ocr_par' dir='ltr' id='par_1_94' title="bbox 508 4547 2166 4619">
     <span class='ocr_line' id='line_1_94' title="bbox 508 4547 2166 4619; baseline -0.001 -16"><span class='ocrx_word' id='word_1_645' title='bbox 508 4550 844 4603; x_wconf 89' lang='lat' dir='ltr'>secundum</span> <span class='ocrx_word' id='word_1_646' title='bbox 862 4550 1090 4603; x_wconf 86' lang='lat' dir='ltr'>Domini</span> <span class='ocrx_word' id='word_1_647' title='bbox 1106 4547 1497 4603; x_wconf 85' lang='lat' dir='ltr'>dictum:Non</span> <span class='ocrx_word' id='word_1_648' title='bbox 1511 4547 1885 4618; x_wconf 80' lang='lat' dir='ltr'>relinquetur</span> <span class='ocrx_word' id='word_1_649' title='bbox 1898 4548 1993 4615; x_wconf 73' lang='lat' dir='ltr'>[tie</span> <span class='ocrx_word' id='word_1_650' title='bbox 2012 4548 2166 4619; x_wconf 81' lang='lat' dir='ltr'>lapis</span> 
     </span>
    </p>
   </div>
   <div class='ocr_carea' id='block_1_95' title="bbox 506 4637 2166 4708">
    <p class='ocr_par' dir='ltr' id='par_1_95' title="bbox 506 4637 2166 4708">
     <span class='ocr_line' id='line_1_95' title="bbox 506 4637 2166 4708; baseline 0.001 -16"><span class='ocrx_word' id='word_1_651' title='bbox 506 4653 688 4708; x_wconf 82' lang='lat' dir='ltr'>super</span> <span class='ocrx_word' id='word_1_652' title='bbox 711 4638 991 4708; x_wconf 74' lang='lat' dir='ltr'>lapidem,</span> <span class='ocrx_word' id='word_1_653' title='bbox 1012 4637 1116 4708; x_wconf 87' lang='lat' dir='ltr'>qui</span> <span class='ocrx_word' id='word_1_654' title='bbox 1134 4652 1254 4692; x_wconf 81' lang='lat' dir='ltr'>non</span> <span class='ocrx_word' id='word_1_655' title='bbox 1276 4639 1619 4693; x_wconf 81' lang='lat' dir='ltr'>destruetur</span> <span class='ocrx_word' id='word_1_656' title='bbox 1650 4638 1717 4690; x_wconf 62' lang='lat'>‘5.</span> <span class='ocrx_word' id='word_1_657' title='bbox 1750 4639 1817 4692; x_wconf 88' lang='lat' dir='ltr'>Et</span> <span class='ocrx_word' id='word_1_658' title='bbox 1844 4639 1927 4691; x_wconf 88' lang='lat' dir='ltr'>sic</span> <span class='ocrx_word' id='word_1_659' title='bbox 1958 4639 2018 4693; x_wconf 91' lang='lat' dir='ltr'>in</span> <span class='ocrx_word' id='word_1_660' title='bbox 2036 4654 2166 4708; x_wconf 92' lang='lat' dir='ltr'>per-</span> 
     </span>
    </p>
   </div>
   <div class='ocr_carea' id='block_1_96' title="bbox 507 4726 2159 4797">
    <p class='ocr_par' dir='ltr' id='par_1_96' title="bbox 507 4726 2159 4797">
     <span class='ocr_line' id='line_1_96' title="bbox 507 4726 2159 4797; baseline 0.002 -16"><span class='ocrx_word' id='word_1_661' title='bbox 507 4737 754 4797; x_wconf 90' lang='lat' dir='ltr'>petuum</span> <span class='ocrx_word' id='word_1_662' title='bbox 772 4728 967 4782; x_wconf 85' lang='lat' dir='ltr'>traditi</span> <span class='ocrx_word' id='word_1_663' title='bbox 994 4734 1132 4781; x_wconf 89' lang='lat' dir='ltr'>sunt</span> <span class='ocrx_word' id='word_1_664' title='bbox 1155 4727 1454 4796; x_wconf 86' lang='lat' dir='ltr'>gentibus,</span> <span class='ocrx_word' id='word_1_665' title='bbox 1480 4733 1537 4780; x_wconf 91' lang='lat' dir='ltr'>et</span> <span class='ocrx_word' id='word_1_666' title='bbox 1556 4728 1807 4797; x_wconf 88' lang='lat' dir='ltr'>dispersi</span> <span class='ocrx_word' id='word_1_667' title='bbox 1829 4726 1890 4781; x_wconf 90' lang='lat' dir='ltr'>in</span> <span class='ocrx_word' id='word_1_668' title='bbox 1912 4743 2159 4784; x_wconf 83' lang='lat' dir='ltr'>omnem</span> 
     </span>
    </p>
   </div>
   <div class='ocr_carea' id='block_1_97' title="bbox 508 4816 2157 4886">
    <p class='ocr_par' dir='ltr' id='par_1_97' title="bbox 508 4816 2157 4886">
     <span class='ocr_line' id='line_1_97' title="bbox 508 4816 2157 4886; baseline 0.001 -17"><span class='ocrx_word' id='word_1_669' title='bbox 508 4826 722 4870; x_wconf 85' lang='lat' dir='ltr'>terram</span> <span class='ocrx_word' id='word_1_670' title='bbox 749 4833 784 4870; x_wconf 88' lang='lat' dir='ltr'>a</span> <span class='ocrx_word' id='word_1_671' title='bbox 806 4818 1067 4884; x_wconf 84' lang='lat' dir='ltr'>regibus,</span> <span class='ocrx_word' id='word_1_672' title='bbox 1099 4831 1204 4870; x_wconf 90' lang='lat' dir='ltr'>eos</span> <span class='ocrx_word' id='word_1_673' title='bbox 1247 4824 1385 4870; x_wconf 85' lang='lat' dir='ltr'>tunc</span> <span class='ocrx_word' id='word_1_674' title='bbox 1414 4817 1473 4869; x_wconf 89' lang='lat' dir='ltr'>in</span> <span class='ocrx_word' id='word_1_675' title='bbox 1505 4816 1913 4886; x_wconf 88' lang='lat' dir='ltr'>captivitatem</span> <span class='ocrx_word' id='word_1_676' title='bbox 1962 4818 2157 4871; x_wconf 86' lang='lat' dir='ltr'>abdu-</span> 
     </span>
    </p>
   </div>
   <div class='ocr_carea' id='block_1_98' title="bbox 502 4904 2157 4976">
    <p class='ocr_par' dir='ltr' id='par_1_98' title="bbox 502 4904 2157 4976">
     <span class='ocr_line' id='line_1_98' title="bbox 502 4904 2157 4976; baseline 0.001 -17"><span class='ocrx_word' id='word_1_677' title='bbox 502 4905 797 4969; x_wconf 89' lang='lat' dir='ltr'>centibus,</span> <span class='ocrx_word' id='word_1_678' title='bbox 830 4906 981 4959; x_wconf 86' lang='lat' dir='ltr'>adeo</span> <span class='ocrx_word' id='word_1_679' title='bbox 1035 4912 1096 4959; x_wconf 92' lang='lat' dir='ltr'>ut</span> <span class='ocrx_word' id='word_1_680' title='bbox 1137 4904 1200 4957; x_wconf 91' lang='lat' dir='ltr'>in</span> <span class='ocrx_word' id='word_1_681' title='bbox 1222 4905 1465 4975; x_wconf 87' lang='lat' dir='ltr'>propria</span> <span class='ocrx_word' id='word_1_682' title='bbox 1488 4906 1621 4960; x_wconf 90' lang='lat' dir='ltr'>loca</span> <span class='ocrx_word' id='word_1_683' title='bbox 1646 4905 1909 4976; x_wconf 83' lang='lat' dir='ltr'>amplius</span> <span class='ocrx_word' id='word_1_684' title='bbox 1939 4906 2157 4962; x_wconf 77' lang='lat' dir='ltr'>reVerti</span> 
     </span>
    </p>
   </div>
   <div class='ocr_carea' id='block_1_99' title="bbox 498 4992 1374 5063">
    <p class='ocr_par' dir='ltr' id='par_1_99' title="bbox 498 4992 1374 5063">
     <span class='ocr_line' id='line_1_99' title="bbox 498 4992 1374 5063; baseline -0.001 -12"><span class='ocrx_word' id='word_1_685' title='bbox 498 5009 749 5051; x_wconf 81' lang='lat' dir='ltr'>omnino</span> <span class='ocrx_word' id='word_1_686' title='bbox 772 4994 842 5048; x_wconf 88' lang='lat' dir='ltr'>iis</span> <span class='ocrx_word' id='word_1_687' title='bbox 873 4992 1243 5063; x_wconf 88' lang='lat' dir='ltr'>prohibitum</span> <span class='ocrx_word' id='word_1_688' title='bbox 1280 4994 1374 5050; x_wconf 85' lang='lat' dir='ltr'>sit.</span> 
     </span>
    </p>
   </div>
   <div class='ocr_carea' id='block_1_100' title="bbox 567 5118 2147 5190">
    <p class='ocr_par' dir='ltr' id='par_1_100' title="bbox 567 5118 2147 5190">
     <span class='ocr_line' id='line_1_100' title="bbox 567 5118 2147 5190; baseline 0.004 -18"><span class='ocrx_word' id='word_1_689' title='bbox 567 5118 695 5172; x_wconf 79' lang='lat' dir='ltr'>XXI.</span> <span class='ocrx_word' id='word_1_690' title='bbox 733 5118 823 5173; x_wconf 88' lang='lat' dir='ltr'>Sic</span> <span class='ocrx_word' id='word_1_691' title='bbox 853 5119 1030 5187; x_wconf 86' lang='lat' dir='ltr'>igitur</span> <span class='ocrx_word' id='word_1_692' title='bbox 1057 5123 1113 5173; x_wconf 89' lang='lat' dir='ltr'>et</span> <span class='ocrx_word' id='word_1_693' title='bbox 1137 5132 1299 5172; x_wconf 93' lang='lat' dir='ltr'>nunc</span> <span class='ocrx_word' id='word_1_694' title='bbox 1327 5120 1480 5173; x_wconf 87' lang='lat' dir='ltr'>Deus</span> <span class='ocrx_word' id='word_1_695' title='bbox 1531 5118 1727 5174; x_wconf 90' lang='lat' dir='ltr'>bonus</span> <span class='ocrx_word' id='word_1_696' title='bbox 1768 5124 1826 5173; x_wconf 91' lang='lat' dir='ltr'>et</span> <span class='ocrx_word' id='word_1_697' title='bbox 1847 5119 2147 5190; x_wconf 89' lang='lat' dir='ltr'>benignus</span> 
     </span>
    </p>
   </div>
   <div class='ocr_carea' id='block_1_101' title="bbox 492 5204 2148 5280">
    <p class='ocr_par' dir='ltr' id='par_1_101' title="bbox 492 5204 2148 5280">
     <span class='ocr_line' id='line_1_101' title="bbox 492 5204 2148 5280; baseline 0.004 -18"><span class='ocrx_word' id='word_1_698' title='bbox 492 5204 905 5275; x_wconf 87' lang='lat' dir='ltr'>longanimem</span> <span class='ocrx_word' id='word_1_699' title='bbox 931 5222 995 5260; x_wconf 90' lang='lat' dir='ltr'>se</span> <span class='ocrx_word' id='word_1_700' title='bbox 1042 5211 1286 5278; x_wconf 70' lang='lat' dir='ltr'>praastat</span> <span class='ocrx_word' id='word_1_701' title='bbox 1311 5221 1454 5276; x_wconf 90' lang='lat' dir='ltr'>erga</span> <span class='ocrx_word' id='word_1_702' title='bbox 1502 5222 1996 5280; x_wconf 86' lang='lat' dir='ltr'>unumquemque</span> <span class='ocrx_word' id='word_1_703' title='bbox 2042 5227 2148 5268; x_wconf 88' lang='lat' dir='ltr'>no-</span> 
     </span>
    </p>
   </div>
   <div class='ocr_carea' id='block_1_102' title="bbox 491 5296 2145 5371">
    <p class='ocr_par' dir='ltr' id='par_1_102' title="bbox 491 5296 2145 5371">
     <span class='ocr_line' id='line_1_102' title="bbox 491 5296 2145 5371; baseline 0.005 -21"><span class='ocrx_word' id='word_1_704' title='bbox 491 5302 705 5365; x_wconf 91' lang='lat' dir='ltr'>strum,</span> <span class='ocrx_word' id='word_1_705' title='bbox 780 5296 989 5351; x_wconf 89' lang='lat' dir='ltr'>videns</span> <span class='ocrx_word' id='word_1_706' title='bbox 1035 5303 1331 5368; x_wconf 91' lang='lat' dir='ltr'>quantum</span> <span class='ocrx_word' id='word_1_707' title='bbox 1380 5297 1639 5369; x_wconf 88' lang='lat' dir='ltr'>quisque</span> <span class='ocrx_word' id='word_1_708' title='bbox 1694 5297 2025 5371; x_wconf 81' lang='lat' dir='ltr'>impingat;</span> <span class='ocrx_word' id='word_1_709' title='bbox 2087 5306 2145 5359; x_wconf 89' lang='lat' dir='ltr'>et</span> 
     </span>
    </p>
   </div>
   <div class='ocr_carea' id='block_1_103' title="bbox 486 5384 2142 5459">
    <p class='ocr_par' dir='ltr' id='par_1_103' title="bbox 486 5384 2142 5459">
     <span class='ocr_line' id='line_1_103' title="bbox 486 5384 2142 5459; baseline 0.004 -17"><span class='ocrx_word' id='word_1_710' title='bbox 486 5384 1124 5458; x_wconf 76' lang='lat' dir='ltr'>quiescitexspectans,</span> <span class='ocrx_word' id='word_1_711' title='bbox 1140 5386 1388 5456; x_wconf 89' lang='lat' dir='ltr'>quando</span> <span class='ocrx_word' id='word_1_712' title='bbox 1407 5385 1743 5459; x_wconf 89' lang='lat' dir='ltr'>resipiscat,</span> <span class='ocrx_word' id='word_1_713' title='bbox 1758 5394 1815 5442; x_wconf 91' lang='lat' dir='ltr'>et</span> <span class='ocrx_word' id='word_1_714' title='bbox 1834 5394 2142 5448; x_wconf 84' lang='lat' dir='ltr'>avertatur</span> 
     </span>
    </p>
   </div>
   <div class='ocr_carea' id='block_1_104' title="bbox 484 5474 2138 5551">
    <p class='ocr_par' dir='ltr' id='par_1_104' title="bbox 484 5474 2138 5551">
     <span class='ocr_line' id='line_1_104' title="bbox 484 5474 2138 5551; baseline 0.004 -18"><span class='ocrx_word' id='word_1_715' title='bbox 484 5491 522 5534; x_wconf 79' lang='grc' dir='ltr'>ιι</span> <span class='ocrx_word' id='word_1_716' title='bbox 550 5474 995 5532; x_wconf 87' lang='lat' dir='ltr'>committendis</span> <span class='ocrx_word' id='word_1_717' title='bbox 1013 5475 1296 5548; x_wconf 86' lang='lat' dir='ltr'>peccatis,</span> <span class='ocrx_word' id='word_1_718' title='bbox 1322 5476 1617 5550; x_wconf 89' lang='lat' dir='ltr'>recipiens</span> <span class='ocrx_word' id='word_1_719' title='bbox 1644 5492 1783 5534; x_wconf 88' lang='lat' dir='ltr'>eum</span> <span class='ocrx_word' id='word_1_720' title='bbox 1808 5493 1842 5533; x_wconf 84' lang='lat' dir='ltr'>a</span> <span class='ocrx_word' id='word_1_721' title='bbox 1889 5484 2138 5551; x_wconf 84' lang='lat' dir='ltr'>peccato</span> 
     </span>
    </p>
   </div>
   <div class='ocr_carea' id='block_1_105' title="bbox 1100 5666 1409 5723">
    <p class='ocr_par' dir='ltr' id='par_1_105' title="bbox 1100 5666 1409 5723">
     <span class='ocr_line' id='line_1_105' title="bbox 1100 5666 1409 5723; baseline 0.006 -2"><span class='ocrx_word' id='word_1_722' title='bbox 1100 5667 1147 5701; x_wconf 78' lang='lat'>&quot;</span> <span class='ocrx_word' id='word_1_723' title='bbox 1180 5666 1323 5722; x_wconf 87' lang='lat' dir='ltr'>ibid.</span> <span class='ocrx_word' id='word_1_724' title='bbox 1361 5671 1409 5723; x_wconf 73' lang='grc' dir='ltr'>ὅ.</span> 
     </span>
    </p>
   </div>
   <div class='ocr_carea' id='block_1_106' title="bbox 566 5666 2017 5743">
    <p class='ocr_par' dir='ltr' id='par_1_106' title="bbox 566 5666 2017 5743">
     <span class='ocr_line' id='line_1_106' title="bbox 566 5666 2017 5743; baseline 0.004 -23"><span class='ocrx_word' id='word_1_725' title='bbox 566 5666 613 5701; x_wconf 85' lang='grc'>⁴²</span> <span class='ocrx_word' id='word_1_726' title='bbox 648 5668 813 5721; x_wconf 75' lang='lat' dir='ltr'>Hom.</span> <span class='ocrx_word' id='word_1_727' title='bbox 849 5680 911 5743; x_wconf 78' lang='grc' dir='ltr'>ιι,</span> <span class='ocrx_word' id='word_1_728' title='bbox 965 5668 1019 5721; x_wconf 82' lang='grc'><strong>4.</strong></span> <span class='ocrx_word' id='word_1_729' title='bbox 1100 5667 1147 5701; x_wconf 75' lang='grc'>⁴³</span> <span class='ocrx_word' id='word_1_730' title='bbox 1180 5666 1323 5722; x_wconf 89' lang='lat' dir='ltr'>ibid.</span> <span class='ocrx_word' id='word_1_731' title='bbox 1361 5671 1409 5723; x_wconf 73' lang='grc' dir='ltr'>ὅ.</span> <span class='ocrx_word' id='word_1_732' title='bbox 1491 5668 1537 5702; x_wconf 71' lang='grc'><strong>⁴⁴</strong></span> <span class='ocrx_word' id='word_1_733' title='bbox 1568 5668 1738 5723; x_wconf 77' lang='lat' dir='ltr'>Rom.</span> <span class='ocrx_word' id='word_1_734' title='bbox 1772 5682 1853 5738; x_wconf 87' lang='lat' dir='ltr'>ix,</span> <span class='ocrx_word' id='word_1_735' title='bbox 1882 5671 1939 5738; x_wconf 78' lang='grc'><strong><em>4,</em></strong></span> <span class='ocrx_word' id='word_1_736' title='bbox 1963 5674 2017 5726; x_wconf 88' lang='lat'>5.</span> 
     </span>
    </p>
   </div>
   <div class='ocr_carea' id='block_1_107' title="bbox 2278 4548 3847 4625">
    <p class='ocr_par' dir='ltr' id='par_1_107' title="bbox 2278 4548 3847 4625">
     <span class='ocr_line' id='line_1_107' title="bbox 2278 4548 3847 4625; baseline 0.002 -26"><span class='ocrx_word' id='word_1_737' title='bbox 2278 4553 2369 4600; x_wconf 86' lang='lat' dir='ltr'>atati</span> <span class='ocrx_word' id='word_1_738' title='bbox 2395 4548 2651 4623; x_wconf 78' lang='grc' dir='ltr'><strong><em>ἠρημωθη</em></strong></span> <span class='ocrx_word' id='word_1_739' title='bbox 2685 4551 2819 4600; x_wconf 82' lang='grc' dir='ltr'><strong><em>κατὰ</em></strong></span> <span class='ocrx_word' id='word_1_740' title='bbox 2844 4553 2938 4607; x_wconf 77' lang='grc' dir='ltr'>τὴν</span> <span class='ocrx_word' id='word_1_741' title='bbox 2968 4556 3060 4601; x_wconf 77' lang='grc' dir='ltr'>τοῦ</span> <span class='ocrx_word' id='word_1_742' title='bbox 3103 4555 3297 4623; x_wconf 79' lang='grc' dir='ltr'><strong><em>Κυρίου</em></strong></span> <span class='ocrx_word' id='word_1_743' title='bbox 3328 4549 3594 4625; x_wconf 90' lang='grc' dir='ltr'><strong><em>ἀπόφασιν</em></strong></span> <span class='ocrx_word' id='word_1_744' title='bbox 3629 4571 3641 4584; x_wconf 91' lang='grc'><strong>·</strong></span> <span class='ocrx_word' id='word_1_745' title='bbox 3675 4550 3753 4606; x_wconf 82' lang='grc' dir='ltr'>Οὐ</span> <span class='ocrx_word' id='word_1_746' title='bbox 3778 4549 3847 4620; x_wconf 65' lang='grc' dir='ltr'><strong><em>μὴ</em></strong></span> 
     </span>
    </p>
   </div>
   <div class='ocr_carea' id='block_1_108' title="bbox 2275 4635 3849 4709">
    <p class='ocr_par' dir='ltr' id='par_1_108' title="bbox 2275 4635 3849 4709">
     <span class='ocr_line' id='line_1_108' title="bbox 2275 4635 3849 4709; baseline 0 -20"><span class='ocrx_word' id='word_1_747' title='bbox 2275 4642 2467 4709; x_wconf 75' lang='grc' dir='ltr'><strong><em>μείνῃ</em></strong></span> <span class='ocrx_word' id='word_1_748' title='bbox 2500 4636 2797 4699; x_wconf 73' lang='grc' dir='ltr'><strong><em>λίθοςέπὶ</em></strong></span> <span class='ocrx_word' id='word_1_749' title='bbox 2830 4637 3007 4690; x_wconf 91' lang='grc' dir='ltr'><strong><em>λίθον</em></strong></span> <span class='ocrx_word' id='word_1_750' title='bbox 3039 4635 3182 4705; x_wconf 86' lang='grc' dir='ltr'><strong><em>ὧδε,</em></strong></span> <span class='ocrx_word' id='word_1_751' title='bbox 3224 4641 3289 4701; x_wconf 87' lang='grc' dir='ltr'>ὃς</span> <span class='ocrx_word' id='word_1_752' title='bbox 3328 4640 3396 4693; x_wconf 78' lang='grc' dir='ltr'>οὐ</span> <span class='ocrx_word' id='word_1_753' title='bbox 3438 4641 3849 4696; x_wconf 73' lang='grc' dir='ltr'><strong><em>καταλυθήσε-</em></strong></span> 
     </span>
    </p>
   </div>
   <div class='ocr_carea' id='block_1_109' title="bbox 2275 4724 3850 4801">
    <p class='ocr_par' dir='ltr' id='par_1_109' title="bbox 2275 4724 3850 4801">
     <span class='ocr_line' id='line_1_109' title="bbox 2275 4724 3850 4801; baseline 0 -24"><span class='ocrx_word' id='word_1_754' title='bbox 2275 4744 2398 4780; x_wconf 91' lang='grc' dir='ltr'><strong><em>ται.</em></strong></span> <span class='ocrx_word' id='word_1_755' title='bbox 2427 4732 2525 4778; x_wconf 74' lang='grc' dir='ltr'>Καὶ</span> <span class='ocrx_word' id='word_1_756' title='bbox 2555 4726 2719 4788; x_wconf 79' lang='grc' dir='ltr'><strong><em>οὕτως</em></strong></span> <span class='ocrx_word' id='word_1_757' title='bbox 2750 4726 2822 4788; x_wconf 73' lang='lat' dir='ltr'>ti;</span> <span class='ocrx_word' id='word_1_758' title='bbox 2840 4726 2981 4789; x_wconf 75' lang='grc' dir='ltr'><strong><em>τέλος</em></strong></span> <span class='ocrx_word' id='word_1_759' title='bbox 3008 4724 3383 4801; x_wconf 88' lang='grc' dir='ltr'><strong><em>παρεδόθησαν</em></strong></span> <span class='ocrx_word' id='word_1_760' title='bbox 3418 4737 3527 4793; x_wconf 89' lang='grc' dir='ltr'><strong><em>τοῖς</em></strong></span> <span class='ocrx_word' id='word_1_761' title='bbox 3559 4733 3738 4791; x_wconf 78' lang='grc' dir='ltr'><strong><em>ἔθνεσι,</em></strong></span> <span class='ocrx_word' id='word_1_762' title='bbox 3775 4728 3850 4777; x_wconf 82' lang='lat' dir='ltr'>atati</span> 
     </span>
    </p>
   </div>
   <div class='ocr_carea' id='block_1_110' title="bbox 2273 4810 3847 4891">
    <p class='ocr_par' dir='ltr' id='par_1_110' title="bbox 2273 4810 3847 4891">
     <span class='ocr_line' id='line_1_110' title="bbox 2273 4810 3847 4891; baseline -0.001 -25"><span class='ocrx_word' id='word_1_763' title='bbox 2273 4810 2764 4887; x_wconf 86' lang='grc' dir='ltr'><strong><em>διεσκορπίσθησαν</em></strong></span> <span class='ocrx_word' id='word_1_764' title='bbox 2808 4814 2857 4867; x_wconf 81' lang='grc' dir='ltr'><strong><em>ἐν</em></strong></span> <span class='ocrx_word' id='word_1_765' title='bbox 2886 4817 3033 4889; x_wconf 75' lang='grc' dir='ltr'><strong><em>πάσῃ</em></strong></span> <span class='ocrx_word' id='word_1_766' title='bbox 3090 4824 3152 4889; x_wconf 72' lang='grc' dir='ltr'><strong><em>τῇ</em></strong></span> <span class='ocrx_word' id='word_1_767' title='bbox 3213 4826 3281 4890; x_wconf 75' lang='grc' dir='ltr'><strong><em>γῇ</em></strong></span> <span class='ocrx_word' id='word_1_768' title='bbox 3322 4820 3423 4871; x_wconf 81' lang='grc' dir='ltr'><strong><em>ὑπό</em></strong></span> <span class='ocrx_word' id='word_1_769' title='bbox 3462 4828 3564 4872; x_wconf 86' lang='grc' dir='ltr'>τῶν</span> <span class='ocrx_word' id='word_1_770' title='bbox 3601 4817 3847 4891; x_wconf 79' lang='grc' dir='ltr'><strong><em>αἰχμαλωο</em></strong></span> 
     </span>
    </p>
   </div>
   <div class='ocr_carea' id='block_1_111' title="bbox 2267 4902 3847 4980">
    <p class='ocr_par' dir='ltr' id='par_1_111' title="bbox 2267 4902 3847 4980">
     <span class='ocr_line' id='line_1_111' title="bbox 2267 4902 3847 4980; baseline 0.005 -25"><span class='ocrx_word' id='word_1_771' title='bbox 2267 4906 2522 4955; x_wconf 88' lang='grc' dir='ltr'><strong><em>τισάντων</em></strong></span> <span class='ocrx_word' id='word_1_772' title='bbox 2601 4904 2790 4965; x_wconf 74' lang='grc' dir='ltr'><strong><em>αὐτοὺς</em></strong></span> <span class='ocrx_word' id='word_1_773' title='bbox 2844 4912 2955 4957; x_wconf 91' lang='grc' dir='ltr'><strong><em>τότε</em></strong></span> <span class='ocrx_word' id='word_1_774' title='bbox 3010 4902 3287 4979; x_wconf 86' lang='grc' dir='ltr'><strong><em>βασιλέων,</em></strong></span> <span class='ocrx_word' id='word_1_775' title='bbox 3359 4912 3549 4980; x_wconf 85' lang='grc' dir='ltr'><strong><em>μηκέτι</em></strong></span> <span class='ocrx_word' id='word_1_776' title='bbox 3628 4908 3696 4969; x_wconf 85' lang='grc' dir='ltr'>είς</span> <span class='ocrx_word' id='word_1_777' title='bbox 3745 4907 3847 4963; x_wconf 76' lang='grc' dir='ltr'><strong><em>τοὺς</em></strong></span> 
     </span>
    </p>
   </div>
   <div class='ocr_carea' id='block_1_112' title="bbox 2265 4990 3401 5067">
    <p class='ocr_par' dir='ltr' id='par_1_112' title="bbox 2265 4990 3401 5067">
     <span class='ocr_line' id='line_1_112' title="bbox 2265 4990 3401 5067; baseline 0.004 -22"><span class='ocrx_word' id='word_1_778' title='bbox 2265 4990 2434 5055; x_wconf 83' lang='grc' dir='ltr'><strong><em>ἰδίους</em></strong></span> <span class='ocrx_word' id='word_1_779' title='bbox 2466 4993 2774 5067; x_wconf 69' lang='grc' dir='ltr'><strong><em>ἀνακάμψαι</em></strong></span> <span class='ocrx_word' id='word_1_780' title='bbox 2804 4999 2994 5056; x_wconf 87' lang='grc' dir='ltr'><strong><em>τόπους</em></strong></span> <span class='ocrx_word' id='word_1_781' title='bbox 3032 4995 3401 5058; x_wconf 89' lang='grc' dir='ltr'><strong><em>κελευσθέντες.</em></strong></span> 
     </span>
    </p>
   </div>
   <div class='ocr_carea' id='block_1_113' title="bbox 2336 5120 3839 5200">
    <p class='ocr_par' dir='ltr' id='par_1_113' title="bbox 2336 5120 3839 5200">
     <span class='ocr_line' id='line_1_113' title="bbox 2336 5120 3839 5200; baseline 0.003 -25"><span class='ocrx_word' id='word_1_782' title='bbox 2336 5123 2463 5179; x_wconf 79' lang='lat' dir='ltr'>KA&#39;.</span> <span class='ocrx_word' id='word_1_783' title='bbox 2504 5123 2682 5185; x_wconf 80' lang='grc' dir='ltr'><strong><em>Οὕτως</em></strong></span> <span class='ocrx_word' id='word_1_784' title='bbox 2718 5120 2807 5176; x_wconf 83' lang='grc' dir='ltr'>οὖν</span> <span class='ocrx_word' id='word_1_785' title='bbox 2836 5128 2925 5176; x_wconf 85' lang='grc' dir='ltr'><strong><em>καὶ</em></strong></span> <span class='ocrx_word' id='word_1_786' title='bbox 2966 5132 3055 5177; x_wconf 82' lang='grc' dir='ltr'>νῦν</span> <span class='ocrx_word' id='word_1_787' title='bbox 3106 5126 3184 5199; x_wconf 70' lang='grc' dir='ltr'>ἐφ’</span> <span class='ocrx_word' id='word_1_788' title='bbox 3210 5126 3412 5200; x_wconf 74' lang='grc' dir='ltr'><strong><em>ἑκάστῳ</em></strong></span> <span class='ocrx_word' id='word_1_789' title='bbox 3444 5128 3590 5199; x_wconf 76' lang='grc' dir='ltr'><strong><em>ἡμῶν</em></strong></span> <span class='ocrx_word' id='word_1_790' title='bbox 3618 5121 3839 5197; x_wconf 79' lang='grc' dir='ltr'><strong><em>χρηστὸς</em></strong></span> 
     </span>
    </p>
   </div>
   <div class='ocr_carea' id='block_1_114' title="bbox 2257 5212 3837 5290">
    <p class='ocr_par' dir='ltr' id='par_1_114' title="bbox 2257 5212 3837 5290">
     <span class='ocr_line' id='line_1_114' title="bbox 2257 5212 3837 5290; baseline 0.004 -27"><span class='ocrx_word' id='word_1_791' title='bbox 2257 5213 2323 5262; x_wconf 87' lang='grc' dir='ltr'>ὡν</span> <span class='ocrx_word' id='word_1_792' title='bbox 2396 5214 2486 5265; x_wconf 80' lang='grc' dir='ltr'><strong><em>καὶ</em></strong></span> <span class='ocrx_word' id='word_1_793' title='bbox 2547 5213 2770 5285; x_wconf 84' lang='grc' dir='ltr'><strong><em>ἀγαθός,</em></strong></span> <span class='ocrx_word' id='word_1_794' title='bbox 2828 5216 3178 5290; x_wconf 88' lang='grc' dir='ltr'><strong><em>μακροθυμεῖ,</em></strong></span> <span class='ocrx_word' id='word_1_795' title='bbox 3247 5217 3377 5290; x_wconf 82' lang='grc' dir='ltr'><strong><em>ὁρῶν</em></strong></span> <span class='ocrx_word' id='word_1_796' title='bbox 3437 5221 3583 5267; x_wconf 88' lang='grc' dir='ltr'><strong><em>πόσα</em></strong></span> <span class='ocrx_word' id='word_1_797' title='bbox 3641 5212 3837 5269; x_wconf 72' lang='grc' dir='ltr'><strong><em>ἕκαστος</em></strong></span> 
     </span>
    </p>
   </div>
   <div class='ocr_carea' id='block_1_115' title="bbox 2252 5298 3831 5378">
    <p class='ocr_par' dir='ltr' id='par_1_115' title="bbox 2252 5298 3831 5378">
     <span class='ocr_line' id='line_1_115' title="bbox 2252 5298 3831 5378; baseline 0.005 -25"><span class='ocrx_word' id='word_1_798' title='bbox 2252 5308 2591 5375; x_wconf 84' lang='grc' dir='ltr'><strong><em>προσκόπτει,</em></strong></span> <span class='ocrx_word' id='word_1_799' title='bbox 2628 5302 2719 5355; x_wconf 87' lang='grc' dir='ltr'>καί</span> <span class='ocrx_word' id='word_1_800' title='bbox 2743 5305 3010 5376; x_wconf 71' lang='grc' dir='ltr'><strong><em>ἡσυχάζει</em></strong></span> <span class='ocrx_word' id='word_1_801' title='bbox 3030 5301 3395 5378; x_wconf 81' lang='grc' dir='ltr'><strong><em>ἐκδεχόμενος,</em></strong></span> <span class='ocrx_word' id='word_1_802' title='bbox 3422 5308 3549 5357; x_wconf 89' lang='grc' dir='ltr'><strong><em>πότε</em></strong></span> <span class='ocrx_word' id='word_1_803' title='bbox 3577 5298 3612 5357; x_wconf 91' lang='grc' dir='ltr'>δ</span> <span class='ocrx_word' id='word_1_804' title='bbox 3616 5300 3831 5372; x_wconf 54' lang='lat' dir='ltr'>tavit?!»</span> 
     </span>
    </p>
   </div>
   <div class='ocr_carea' id='block_1_116' title="bbox 2251 5384 3833 5470">
    <p class='ocr_par' dir='ltr' id='par_1_116' title="bbox 2251 5384 3833 5470">
     <span class='ocr_line' id='line_1_116' title="bbox 2251 5384 3833 5470; baseline 0 -28"><span class='ocrx_word' id='word_1_805' title='bbox 2251 5393 2341 5443; x_wconf 90' lang='lat' dir='ltr'>atati</span> <span class='ocrx_word' id='word_1_806' title='bbox 2396 5389 2861 5466; x_wconf 79' lang='grc' dir='ltr'><strong><em>ἀποστραφήσεται</em></strong></span> <span class='ocrx_word' id='word_1_807' title='bbox 2927 5400 3019 5447; x_wconf 85' lang='grc' dir='ltr'>τοῦ</span> <span class='ocrx_word' id='word_1_808' title='bbox 3086 5398 3276 5468; x_wconf 84' lang='grc' dir='ltr'><strong><em>μηκέτι</em></strong></span> <span class='ocrx_word' id='word_1_809' title='bbox 3340 5398 3719 5470; x_wconf 78' lang='grc' dir='ltr'><strong><em>προσκόπτειν,</em></strong></span> <span class='ocrx_word' id='word_1_810' title='bbox 3791 5384 3833 5438; x_wconf 73' lang='grc' dir='ltr'>ἐν</span> 
     </span>
    </p>
   </div>
   <div class='ocr_carea' id='block_1_117' title="bbox 2246 5479 3826 5559">
    <p class='ocr_par' dir='ltr' id='par_1_117' title="bbox 2246 5479 3826 5559">
     <span class='ocr_line' id='line_1_117' title="bbox 2246 5479 3826 5559; baseline 0.003 -26"><span class='ocrx_word' id='word_1_811' title='bbox 2246 5479 2407 5553; x_wconf 84' lang='grc' dir='ltr'><strong><em>πολλῇ</em></strong></span> <span class='ocrx_word' id='word_1_812' title='bbox 2448 5479 2626 5557; x_wconf 70' lang='grc' dir='ltr'><strong><em>ἀγάπη</em></strong></span> <span class='ocrx_word' id='word_1_813' title='bbox 2676 5486 2767 5538; x_wconf 79' lang='grc' dir='ltr'><strong><em>καὶ</em></strong></span> <span class='ocrx_word' id='word_1_814' title='bbox 2812 5488 2963 5559; x_wconf 79' lang='grc' dir='ltr'><strong><em>χαρᾷ</em></strong></span> <span class='ocrx_word' id='word_1_815' title='bbox 3012 5486 3100 5537; x_wconf 77' lang='grc' dir='ltr'>τόν</span> <span class='ocrx_word' id='word_1_816' title='bbox 3157 5482 3529 5559; x_wconf 77' lang='grc' dir='ltr'><strong><em>ίπιστρίφοντα</em></strong></span> <span class='ocrx_word' id='word_1_817' title='bbox 3583 5482 3682 5535; x_wconf 80' lang='grc' dir='ltr'>ἀπὸ</span> <span class='ocrx_word' id='word_1_818' title='bbox 3738 5481 3826 5537; x_wconf 67' lang='grc' dir='ltr'>τῆς</span> 
     </span>
    </p>
   </div>
   <div class='ocr_carea' id='block_1_118' title="bbox 2096 5671 2637 5741">
    <p class='ocr_par' dir='ltr' id='par_1_118' title="bbox 2096 5671 2637 5741">
     <span class='ocr_line' id='line_1_118' title="bbox 2096 5671 2637 5741; baseline -0.002 -10"><span class='ocrx_word' id='word_1_819' title='bbox 2096 5671 2146 5708; x_wconf 83' lang='grc'>⁴⁵</span> <span class='ocrx_word' id='word_1_820' title='bbox 2172 5673 2368 5733; x_wconf 79' lang='lat' dir='ltr'>Matth.</span> <span class='ocrx_word' id='word_1_821' title='bbox 2392 5689 2552 5741; x_wconf 77' lang='lat' dir='ltr'>niv,</span> <span class='ocrx_word' id='word_1_822' title='bbox 2582 5676 2637 5730; x_wconf 81' lang='lat'>2.</span> 
     </span>
    </p>
   </div>
  </div>
