4084 6256
209 313 317 372 ιδο
1509 313 1849 376 ΗΟΜῐΙιῙιΕ.

1943 345 1949 359 ι
1982 315 2155 377 HOM.
2197 305 2293 381 Iv.
3473 298 3581 383 390

207 440 473 512 ἄμαρτίας
495 437 799 512 δεχόμενος.
835 443 987 495 Ούτω
1010 443 1112 517 γάρ
1139 463 1269 516 φησι
1294 459 1308 474 ·
1335 445 1517 516 Χαρὰ
1552 446 1808 514 ’γίνεται

1943 462 2287 505 εοηνοτευω
2327 465 2463 505 cum
2504 467 2726 519 magna
2759 450 3072 508 dilectione
3111 455 3165 507 et
3205 453 3446 517 gaudio.
3490 454 3582 510 Sic

206 531 310 582 ἰπὶ
351 529 442 582 ἐνὶ
484 529 832 601 ἁμαρτωλῷ
861 541 1282 602 μετανοοῦντι
1306 551 1319 563 ·
1349 538 1436 585 καὶ
1466 533 1646 585 πάλιν·
1683 531 1809 584 Ούκ

1943 538 2086 592 enim
2115 539 2644 609 inquitzGaudium
2667 542 2735 606 ﬁt
2762 557 2943 608 super
2972 558 3088 596 uno
3101 548 3411 611 peccatore
3443 544 3582 598 resi-

207 621 349 673 ἕστι
411 620 657 690 θέλημα
711 629 824 673 τοῦ
866 627 1108 695 Πατρός
1166 643 1303 693 μου,
1349 624 1447 674 ἱνα
1486 622 1775 680 ἀπὸλητα

1943 626 2267 683 oiscente“.
2292 631 2600 683 Etrursum
2639 647 2651 684 :
2693 631 2984 686 Nonenim
3000 630 3362 686 estvoluntas
3381 632 3579 686 Patris

208 711 301 769 εἷς
338 717 458 761 τῶν
498 719 738 778 μικρῶν
779 715 1018 764 τούτων
1057 720 1173 764 τῶν
1215 713 1598 783 ἐλαχίστων.
1635 712 1691 764 Εἰ
1740 708 1800 763 δέ

1943 716 2060 776 mei.
2086 722 2150 771 ut
2186 723 2387 781 pereat
2416 735 2568 774 unus
2598 735 2672 774 ex
2695 720 2933 785 pavulis
2962 720 3088 774 istis
3121 720 3380 775 minimis
3412 722 3487 775 Π.
3518 721 3575 776 Si

206 820 290 861 τις
313 807 406 860 τῆς
435 804 808 870 χρηστότητος
833 807 922 854 καὶ
944 804 1307 874 μακροθυμίας
1334 810 1424 854 τοῦ
1457 809 1590 855 Θεοῦ
1624 802 1811 861 πολλῆς

1943 820 2072 859 vero
2101 806 2236 874 quis
2277 807 2495 869 ingenti
2537 823 2677 877 erga
2709 824 2771 862 se
2799 808 3062 863 bonitate
3092 825 3161 864 ac
3190 809 3425 864 lenitate
3459 810 3578 874 Dei,

208 887 531 960 ἐπικειμένης
577 889 653 941 ἐπ’
704 890 863 959 αύτῷ,
916 896 984 960 μή
1039 892 1441 962 ἓπεξερχομένου
1490 892 1562 953 εἰς
1614 893 1814 960 ἄμυναν

1943 893 2031 961 1ni
2081 893 2137 947 in
2197 895 2518 950 vindictam
2593 896 2925 959 sigillorum
2999 902 3401 965 peccatorum,
3456 901 3576 952 tam

208 987 319 1040 τοῖς
385 981 519 1030 κατὰ
575 982 723 1050 μέρος
773 988 873 1031 τῶν
928 980 1316 1052 ἁμαρτημάτων
1381 985 1809 1053 προσκόμμασιν,

1943 982 2296 1037 )ccultorum
2319 1000 2503 1054 quam
2525 984 2997 1048 manifestorum,
3023 1001 3142 1040 non
3166 985 3451 1055 procedit.
3478 986 3578 1041 sed

208 1071 310 1120 εἶτε
360 1075 632 1138 κρυπτοῖς,
697 1071 798 1120 εἴτε
855 1076 1111 1141 φανεροῖς,
1184 1070 1400 1138 ὁρῶντος
1450 1075 1540 1121 καὶ
1599 1071 1818 1138 ἡσυχά-

1943 1077 2179 1134 spectat,
2214 1077 2381 1132 tacet.
2413 1090 2482 1128 ac
2513 1077 2798 1144 tanquam
2827 1075 3236 1143 pcenitentiam
3267 1075 3580 1144 praestola-

208 1157 390 1217 ζοντος
415 1159 483 1218 ὡς
526 1156 598 1218 εἰς
645 1159 918 1226 μετάνοιαν
959 1155 1310 1228 ἐκδεχομένου
1342 1166 1433 1210 τοῦ
1469 1166 1623 1223 Θεοῦ,
1658 1158 1821 1211 αὐτὸς

1943 1177 2039 1224 .ur,
2083 1161 2330 1225 abusus,
2364 1178 2434 1216 eo
2475 1164 2864 1217 contumaciae
2897 1162 3200 1228 procedat,
3245 1167 3305 1217 ut
3339 1166 3582 1232 peccata

208 1246 284 1308 εἰς
336 1250 725 1317 καταφρόνησιν
777 1246 970 1304 πολλὴν
1026 1246 1201 1311 ἐλθὼν,
1249 1248 1606 1318 ἁμαρτήματα
1652 1268 1817 1321 προσ-

1943 1250 2181 1304 neccatis
2203 1255 2489 1315 apponat,
2511 1256 2565 1304 et
2595 1250 2930 1306 socordiam
2957 1250 3245 1306 socordiae
3274 1254 3576 1318 annectat,

205 1338 425 1393 τίθησιν
485 1335 568 1387 έπὶ
656 1334 1034 1409 ἁμαρτήματα,
1103 1343 1190 1389 καὶ
1262 1338 1516 1410 ῥᾳθυμίαν
1589 1337 1671 1390 ἐπὶ
1727 1339 1818 1412 ρᾳ-

1943 1343 1981 1392 at
2013 1338 2305 1393 offensam
2324 1339 2569 1393 offensae
2589 1339 3040 1408 supersediticet,
3072 1339 3165 1394 ille
3189 1355 3401 1394 omnes
3432 1340 3581 1394 ﬁnes

209 1427 404 1489 θυμίαν
481 1431 755 1490 συνάπτει,
823 1431 913 1477 καὶ
971 1430 1290 1498 πρόσκομμα
1351 1426 1436 1478 έπὶ
1497 1432 1817 1499 πρόσκομμα

1943 1428 2151 1482 οθοοείἰ
2184 1428 2408 1496 implet,
2438 1433 2492 1483 et
2515 1430 2572 1484 in
2602 1433 2826 1484 tantam
2858 1428 3471 1498 iniquitatemincidit,
3506 1443 3577 1483 ex

205 1509 499 1583 οἰκοδομεῖ,
531 1513 726 1585 πληροῖ
764 1517 885 1575 τοὺς
930 1515 1083 1584 ὄρους
1128 1524 1225 1567 τῶν
1259 1515 1546 1588 ἁμαρτιῶν,
1604 1519 1692 1566 καὶ
1751 1515 1817 1574 εἰς

1943 1533 2048 1587 ma
2073 1533 2376 1580 emergere
2407 1532 2524 1572 non
2568 1519 2779 1586 possit,
2811 1517 2918 1572 sed
2946 1518 3288 1582 conteritur,
3323 1521 3379 1569 et
3422 1517 3579 1572 malo

205 1609 460 1655 τοσοῦτον
512 1605 688 1654 λοιπὸν
757 1607 1078 1676 πρόσκομμα
1145 1606 1377 1676 ἔρχεται,
1435 1604 1487 1667 ἕξ
1533 1604 1594 1657 οὗ
1642 1604 1815 1656 ούκέτι

1949 1621 1985 1660 n
2015 1610 2366 1676 perpetuum
2395 1606 2665 1672 traditus,
2700 1607 2865 1678 perit.

208 1689 436 1746 δύναται
494 1691 792 1758 ἀνανεῦσαι,
851 1693 978 1746 ἀλλὰ
1035 1693 1366 1767 συντρίϐεται
1423 1701 1510 1748 καὶ
1563 1695 1634 1757 εἰς
1677 1694 1817 1756 τέλος

207 1791 284 1853 τῷ
314 1790 524 1854 πονηρῷ
563 1780 886 1854 παραδοθεὶς
916 1785 1223 1840 ἀπόλλυται,
1854 1783 1895 1837 Β

287 1905 407 1961 KB’.
441 1907 614 1968 Θύτως
645 1906 728 1960 ἰπὶ
760 1905 1003 1979 Σοδόμων
1032 1913 1226 1981 γέγονε.
1263 1910 1432 1962 Πολλὰ
1455 1912 1556 1980 ’γὰρ
1588 1909 1820 1981 ἁμαρτά-

2003 1913 2117 1982 20
2167 1912 2308 1966 XXII.
2362 1912 2453 1965 Sic
2508 1910 2834 1966 Sodomitis
2885 1911 3148 1973 contigit.
3203 1910 3378 1965 Multa
3420 1911 3580 1965 enim

207 2016 380 2056 νοντες
435 2001 522 2048 καὶ
578 1995 672 2048 οὐκ
728 1999 1138 2069 ἓπιστρέφοντες,
1198 1998 1413 2070 ὓστερον
1472 1999 1603 2052 οὕτω
1650 2019 1817 2069 προσ-

1943 2017 2064 2055 zum
2095 2005 2459 2069 peccassent,
2481 2015 2589 2054 nec
2606 2000 2875 2054 conversi
2901 1999 3166 2066 fuissent,
3192 2015 3262 2054 eo
3289 1999 3578 2062 criminis,

211 2086 411 2156 έκοψαν
466 2085 550 2152 ὶμὶ
603 2093 666 2157 τῇ
726 2095 826 2138 τῶν
883 2085 1109 2157 ἀγγέλων
1161 2095 1294 2158 κακῇ
1367 2085 1552 2159 βουλῇ,
1619 2087 1820 2162 ἆῤῥενο·

1943 2089 2006 2143 )b
2037 2089 2369 2155 peSsimum
2411 2089 2470 2142 in
2512 2087 2757 2149 angelos
2797 2087 3137 2152 consilium,
3181 2087 3578 2142 masculinum

209 2179 421 2227 κοιτίαν
489 2174 554 2235 εἰς
620 2174 811 2234 αύτούς
879 2175 1210 2246 ἐργάσασθαί
1287 2176 1608 2238 θελήσαντες,
1686 2177 1820 2227 ὥστε

1943 2179 2144 2232 :oitum
2186 2193 2324 2231 cum
2365 2177 2476 2231 illis
2514 2176 2844 2240 exercituri,
2876 2176 3138 2248 prolapsi
3180 2183 3337 2239 sunt,
3373 2180 3436 2230 ut
3475 2191 3584 2231 nec

209 2267 404 2336 μηκέτι
487 2263 672 2324 αὐτοὺς
742 2266 882 2334 ἔχειν
972 2267 1263 2330 μετάνοιαν,
1346 2264 1451 2316 ἀλλ’
1540 2265 1607 2324 εἰς
1678 2265 1819 2326 τέλος

1943 2266 2190 2335 amplius
2221 2265 2562 2336 paenitentia
2592 2265 2972 2328 ducerentur,
3007 2265 3110 2319 sed
3132 2265 3187 2319 in
3217 2269 3576 2335 perpetuum

210 2349 752 2422 ἁπεδοκιμάσθησαν.
812 2353 1216 2424 Ἀνεπλήρωσαν
1263 2357 1364 2424 γὰρ
1412 2357 1497 2406 τὸν
1559 2355 1674 2425 ὅρον
1720 2361 1819 2405 τῶν

1943 2355 2407 2424 reprobarentur.
2436 2355 2837 2422 Impleverunt
2863 2355 3019 2408 enim
3037 2353 3320 2408 terminos
3338 2353 3582 2422 peccati,

210 2442 501 2513 ἁμαρτιῶν,
559 2446 648 2493 καὶ
710 2442 1074 2513 ὑπερέϐησαν·
1134 2439 1220 2494 διὸ
1298 2448 1386 2495 καὶ
1469 2448 1820 2514 πυρίκαυστοι

1943 2444 2203 2515 minimo
2252 2444 2604 2508 transgressi
2645 2448 2800 2498 sunt.
2846 2445 3038 2508 Quare
3087 2443 3210 2509 igni
3260 2459 3331 2497 ex
3377 2443 3581 2498 divino

210 2533 314 2584 ύπό
359 2538 454 2593 τῆς
503 2533 642 2593 θείας
688 2530 846 2593 δίκης
891 2536 1206 2600 γεγόνασινο
1239 2532 1401 2594 οὕτως
1451 2536 1540 2584 καὶ
1584 2531 1663 2584 iui
1709 2539 1822 2584 Νῶε

1943 2533 2156 2596 iudicio
2204 2532 2542 2601 consumpti
2595 2537 2754 2586 sunt.
2809 2535 2891 2586 tta
2938 2537 2994 2586 et
3040 2530 3414 2601 temporibus
3464 2534 3581 2586 Noe

214 2624 418 2692 ⁶γέγονε,
476 2622 894 2693 προσκόπτοντες
947 2620 1110 2673 πολλὰ
1164 2626 1251 2673 καὶ
1310 2627 1690 2690 μετανοοῦντες,
1750 2621 1823 2683 εἰς

1943 2623 2196 2684 sontigit,
2227 2622 2409 2676 multa
2439 2637 2574 2675 cum
2607 2621 2830 2675 scelera
2859 2623 3320 2690 perpetrassent,
3355 2635 3463 2674 nec
3493 2635 3587 2674 re—

218 2708 512 2766 τηλικαῦτα
591 2708 947 2782 ἁμαρτήματα
1022 2711 1270 2780 ἔφθασαν,
1341 2711 1475 2763 ὥστε
1542 2709 1613 2769 εἰς
1682 2709 1823 2768 τέλος

1943 2711 2277 2782 sipuissent,
2312 2711 2366 2764 in
2402 2714 2565 2765 tanta
2597 2713 2840 2780 peccata
2870 2709 3223 2772 inciderunt,
3259 2713 3320 2763 ut
3343 2708 3585 2764 tandem

217 2803 390 2850 πᾶσαν
450 2802 545 2855 τήν
589 2807 690 2868 γῆν
748 2800 1166 2870 καταφθαρῆναι.
1225 2799 1403 2859 Οὕτως
1447 2799 1536 2851 κᾶὶ
1596 2797 1677 2850 ἐπὶ
1725 2804 1824 2848 τῶν

1943 2802 2211 2855 universa
2253 2803 2408 2854 terra
2455 2798 2691 2867 periret.
2734 2798 2827 2852 Sic
2866 2799 2924 2852 in
2975 2797 3280 2869 Egyptios
3333 2796 3584 2851 multum

218 2887 516 2958 Αἰγυπτίων
573 2887 738 2940 πολλὰ
788 2888 1218 2957 προσκοψάντων,
1271 2892 1356 2939 καὶ
1421 2889 1492 2948 εἰς
1563 2890 1648 2940 τὸν
1703 2886 1825 2938 λαὸν

1943 2888 2306 2944 nifendentes
2333 2891 2389 2942 et
2419 2887 2475 2941 in
2505 2887 2600 2941 Dei
2626 2886 2920 2956 populum
2945 2889 3259 2955 peccantes
3279 2884 3590 2939 clementia

219 2982 310 3027 τοῦ
384 2982 518 3027 Θεοῦ
585 2975 1026 3046 ἁμαρτησάντων,
1093 2977 1442 3048 ἰχρηστεύετο
1499 2978 1523 3028 6
1571 2979 1696 3036 Θεὸς
1753 2979 1822 3046 μή

1943 2982 2090 3032 Deus
2123 2993 2266 3030 usus
2305 2979 2411 3041 est,
2453 2991 2572 3030 non
2607 2976 2783 3029 tantis
2813 2975 3008 3044 pmnis
3042 2973 3174 3028 illos
3207 2973 3494 3037 afﬁciens,
3527 2975 3590 3026 ut

224 3064 466 3121 τοιαύτας
533 3063 708 3127 αὐτοῖς
765 3067 1027 3136 μάστιγας
1079 3064 1351 3136 ἐπιφέρειν,
1420 3067 1553 3118 ὥστε
1619 3066 1686 3126 εἰς
1748 3069 1829 3117 τί-

1943 3066 2184 3121 omnino
2216 3064 2504 3126 perirent:
2538 3064 2640 3118 sed
2661 3063 2734 3117 ad
2759 3062 3236 3130 castigationem,
3257 3061 3592 3115 conversio-

220 3149 304 3213 λος
355 3151 542 3212 αύτούς
598 3149 901 3225 διαφθεῖραι
937 3171 948 3183 ·
979 3153 1086 3205 ἀλλ’
1136 3154 1205 3215 εἰς
1256 3152 1525 3217 παιδείαν,
1581 3160 1670 3207 καὶ
1717 3157 1831 3207 ἔπι-

1943 3171 2074 3208 nem
2106 3157 2161 3208 et
2198 3153 2607 3222 pmnitentiam
2649 3151 2860 3205 inﬂixit
2889 3128 3033 3221 ipsis
3067 3151 3311 3212 exiguas
3341 3149 3453 3203 has
3489 3148 3591 3202 ﬂa-

224 3245 468 3313 στροφήν,
529 3246 618 3293 καὶ
677 3245 947 3312 μετάνοιαν
1003 3246 1169 3316 ἔφερεν
1236 3243 1412 3304 αὐτοῖς
1468 3243 1662 3304 ἐκείνας
1739 3246 1833 3304 τὰς

1943 3241 2230 3302 gellorum
2255 3241 2486 3311 plagas,
2513 3239 2751 3304 patienti
2776 3239 2981 3294 animo
3005 3242 3358 3307 exspectans
3383 3251 3591 3290 eorum

219 3332 411 3398 μικρὰς
449 3329 655 3398 πληγὰς
675 3333 684 3340 “
703 3338 802 3381 τῶν
846 3337 1136 3400 μαστίγων,
1191 3336 1563 3404 μακροθυμῶν,
1624 3337 1713 3384 καὶ
1762 3332 1832 3390 εἰς

1943 3331 2429 3400 resipiscentiam.
2473 3331 2679 3383 Vrrum
2732 3327 2812 3391 hi,
2853 3344 2990 3382 cum
3034 3326 3237 3382 multis
3288 3325 3483 3380 modis
3532 3325 3590 3379 in

221 3420 496 3488 μετάνοιαν
535 3417 726 3479 αύτούς
765 3416 1119 3490 έκδεχόμενος.
1166 3425 1232 3474 Οἱ
1275 3421 1353 3486 δὲ,
1395 3422 1558 3475 πολλὰ
1597 3423 1833 3494 ἁμαρτή⁹

1943 3420 2234 3487 populum
2282 3419 2377 3473 Dei
2420 3421 2786 3488 peccassent,
2829 3420 2883 3470 et
2921 3415 2998 3470 ad
3049 3417 3234 3469 Deum
3275 3428 3594 3468 conversos

223 3524 404 3565 σαντες
465 3505 539 3566 εἰς
612 3509 698 3557 τὸν
749 3507 870 3559 λαὸν
923 3517 1011 3561 τοῦ
1077 3516 1205 3564 Θεοῦ
1262 3516 1346 3563 καὶ
1417 3511 1829 3585 ἐπιστρέφοντες,

1943 3507 2317 3575 postmodum
2343 3505 2749 3562 conversionis
2767 3504 3100 3574 paeniteret,
3120 3509 3176 3558 et
3193 3503 3249 3557 in
3270 3503 3594 3556 inveterata

218 3599 309 3647 καὶ
378 3594 536 3646 πάλιν
610 3597 1028 3667 μεταμελόμενοι,
1102 3605 1191 3651 καὶ
1277 3601 1343 3660 εἰς
1427 3606 1521 3658 τὴν
1600 3600 1831 3673 ἀρχαίαν

1943 3614 2140 3660 pravae
2180 3596 2500 3651 voluntatis
2538 3593 2862 3650 difﬁdentia
2910 3593 3025 3663 ipsi
3076 3592 3591 3655 constituerentur,

218 3683 472 3736 ἀπιστίαν
531 3692 628 3746 τῆς
683 3695 851 3746 κακῆς
907 3691 1258 3758 προαιρέσεως
1315 3691 1711 3760 καθιστάμενοι,
1743 3693 1831 3741 καὶ

1943 3686 2354 3756 populumque
2386 3685 2482 3740 Dei
2526 3684 2811 3739 molestiis
2849 3683 2967 3737 fere
3006 3680 3434 3751 opprimerent,
3464 3682 3594 3734 tan-

220 3775 308 3824 τὸν
354 3772 477 3824 λαὸν
509 3780 601 3825 τοῦ
647 3781 781 3827 Θεοῦ
827 3781 1294 3840 καταπονήσαντες,
1350 3777 1592 3848 ὕστερον,
1632 3779 1711 3830 ὅτε
1740 3775 1832 3830 διὰ

1943 3777 2100 3840 dem,
2143 3791 2278 3829 cum
2321 3790 2424 3842 per
2463 3774 2726 3841 ingentia
2767 3770 3054 3827 miracula
3095 3771 3250 3825 Deus
3297 3767 3595 3839 populum

219 3863 530 3930 θαυμασίων
562 3862 762 3914 πολλῶν
794 3864 820 3915 6
865 3867 988 3922 Θεὸς
1019 3867 1106 3916 τὸν
1147 3865 1267 3918 λαὸν
1320 3865 1372 3929 ἐξ
1419 3867 1688 3937 Αἰγύπτου
1741 3863 1833 3918 διὰ

1943 3881 2116 3918 suum
2179 3879 2247 3918 ex
2309 3867 2560 3933 Angyto
2602 3877 2706 3930 per
2746 3863 2941 3915 Mosen
2997 3862 3293 3920 educeret,
3337 3856 3596 3921 graviter

215 3955 446 4012 Μωσέως
510 3951 735 4013 έξέϐαλε,
798 3955 934 4022 μέγα
986 3954 1341 4024 προσέκοψαν,
1416 3953 1833 4017 καταδιώξαντες

1943 3957 2282 4016 peccarunt,
2337 3954 2764 4020 persequentes
2813 3965 2848 4004 a
2895 3953 3060 4014 tergo
3110 3945 3404 4017 populum
3468 3943 3590 3998 Dei.

217 4039 390 4092 ὀπίσω
416 4047 508 4093 τοῦ
527 4039 657 4092 λαοῦ
685 4048 778 4093 τοῦ
803 4047 956 4096 Θεοῦ.
987 4045 1071 4095 Διὸ
1103 4048 1192 4096 καὶ
1221 4043 1290 4104 εἰς
1315 4043 1458 4105 τέλος
1488 4046 1517 4102 ἡ
1554 4046 1666 4096 θεία
1706 4040 1830 4101 δίκη

1943 4044 2315 4111 Quapropter
2341 4038 2585 4092 demum
2602 4037 2896 4108 judicium
2918 4035 3188 4089 divinum
3208 4033 3336 4088 illos
3351 4031 3590 4102 penitus

215 4129 433 4188 τούτους
464 4127 702 4185 ἀνήλωσε
731 4133 818 4181 καὶ
863 4127 1142 4201 διέφθειρε,
1181 4137 1269 4183 καὶ
1299 4131 1345 4183 έν
1376 4139 1486 4193 τοῖς
1518 4129 1683 4184 ὕδασι
1712 4145 1834 4183 κατ“

1943 4128 2314 4197 consumpsit
2336 4132 2390 4181 et
2411 4127 2644 4189 delevit,
2679 4129 2736 4180 et
2763 4124 2936 4197 aquis
2957 4123 3204 4180 obrutos
3226 4137 3299 4176 ne
3318 4120 3434 4175 hac
3463 4118 3594 4191 qui-

217 4220 478 4279 επόντισε,
546 4215 685 4289 μηδὲ
727 4226 821 4282 τῆς
861 4221 1128 4293 όρωμένης
1182 4221 1323 4283 ζωῆς
1367 4221 1540 4283 ἀξίους
1587 4225 1830 4293 κρίνασα·

1943 4219 2080 4274 dem
2111 4217 2229 4273 vita
2260 4216 2547 4285 dignatus
2576 4219 2682 4270 est.

296 4340 392 4394 KI"
441 4340 667 4411 Ὁμοίως
723 4343 747 4394 6
816 4343 1051 4416 Ἰσραήλ,
1138 4347 1202 4404 ὡς
1274 4365 1604 4418 προειρηται,
1673 4343 1836 4397 πολλὰ

2015 4341 2195 4398 XXIII.
2222 4339 2444 4396 Eodem
2475 4338 2655 4392 modo
2669 4337 2929 4407 populus
2952 4333 3150 4399 Israel,
3171 4330 3599 4404 utprmdictum

1943 4435 2050 4494 est,
2079 4446 2214 4485 cum
2246 4428 2448 4484 multis
2478 4425 2891 4498 iniquitatibus
2920 4428 2976 4480 et
3001 4423 3255 4495 peccatis
3285 4436 3347 4476 se
3379 4418 3601 4491 pollue-

803 4479 1128 4502 πρίν-μνη,
1217 4479 1326 4494 --η
1415 4479 1682 4506 ν-Γνγί·““ι
1752 4479 1830 4486 -ν-

218 4525 362 4570 Θεοῦ
400 4517 735 4586 ἀποκτείνων,
769 4526 859 4573 καὶ
910 4521 1039 4573 ἄλλα
1083 4521 1245 4573 πολλὰ
1303 4525 1439 4575 κακά
1484 4530 1665 4587 ποιῶν,
1728 4522 1836 4574 ἐπεὶ

1945 4524 2047 4586 ret,
2080 4517 2434 4573 interﬁciens
2464 4516 2788 4587 prophetas
2813 4513 2932 4579 Dei,
2967 4516 3021 4568 et
3061 4511 3181 4567 alia
3201 4509 3488 4573 facinora,
3516 4510 3602 4562 in-

219 4607 247 4658 6
299 4609 422 4668 Θεὸς
477 4607 830 4679 ἐμακροθύμει
891 4612 1205 4680 ἡσυχάζων,
1277 4615 1361 4663 καὶ
1417 4612 1487 4672 εἰς
1565 4613 1837 4681 μετάνοιαν

1944 4607 2111 4662 ﬁnita
2142 4611 2511 4676 perpetrans,
2540 4604 2684 4675 quia
2716 4605 2872 4659 Deus
2904 4602 3237 4673 quiescens,
3269 4602 3322 4653 et
3361 4597 3599 4653 illorum

223 4694 417 4755 αύτούς
466 4693 834 4767 έκδεχόμενος,
877 4701 1107 4768 ἔσχατον
1143 4699 1278 4751 οὕτω
1330 4700 1684 4773 προσέκοψαν,
1726 4699 1837 4751 ὃθεν

1946 4695 2355 4764 paenitentiam
2391 4697 2763 4766 exspectans,
2803 4691 3043 4746 lenitate
3087 4689 3273 4743 multa
3305 4685 3599 4750 utebatur,

224 4782 580 4852 συντριϐέντες
638 4785 812 4838 οὐκέτι
870 4787 1194 4858 ἠγέρθησαν.
1257 4788 1337 4848 Εἰς
1403 4791 1462 4840 τὸ
1527 4790 1838 4840 Δεσποτικὸν

1949 4785 2190 4838 tandem
2220 4785 2298 4839 ita
2321 4788 2663 4850 peccarunt,
2687 4781 3128 4837 utcontritinon
3142 4774 3598 4839 resurrexerint;

215 4874 324 4942 γὰρ
380 4872 585 4944 αξίωμα
645 4878 739 4936 τὰς
807 4875 1002 4926 ἑαυτῶν
1059 4885 1246 4947 χεῖρας
1305 4876 1567 4931 ἐπέϐαλον.
1631 4880 1717 4929 Διὸ
1749 4874 1838 4927 καὶ

1950 4872 2244 4944 siquidem
2276 4872 2330 4926 in
2359 4872 2727 4926 Dominicam
2751 4870 3126 4939 majestatem
3152 4881 3368 4920 manus
3390 4863 3605 4933 injece-

217 4960 295 5021 εἰς
348 4959 489 5020 τέλος
560 4962 986 5033 καταλειφθέντες
1069 4964 1459 5032 ἀπεϐλήθησαν,
1540 4970 1630 5017 καὶ
1701 4966 1836 5039 ἣρθη

1951 4966 2101 5015 rant.
2161 4961 2446 5025 Quocirca
2493 4959 2550 5013 in
2611 4964 2968 5029 perpetuum
3009 4955 3226 5011 deserti
3276 4969 3346 5010 ac
3402 4950 3603 5022 rejecti

219 5048 313 5101 ἀπ’
342 5049 511 5101 αὐτῶν
542 5052 571 5108 ἡ
615 5056 927 5122 προφητεία,
960 5057 1048 5104 καὶ
1083 5055 1111 5111 ἡ
1147 5055 1391 5123 ἱερατεία,
1420 5058 1508 5105 καὶ
1542 5055 1570 5112 ἠ
1604 5054 1836 5126 λατρεία,

1950 5053 2108 5115 sunt,
2159 5054 2214 5103 et
2267 5048 2468 5103 ablata
2524 5048 2602 5104 ab
2649 5047 2763 5103 illis
2811 5046 3140 5118 prophetia,
3173 5041 3596 5109 sacerdotium,

217 5143 310 5190 καὶ
355 5134 514 5196 έδόθη
555 5148 662 5200 τοῖς
717 5143 1069 5192 πιστεύσασιν
1119 5144 1332 5204 ἔθνεσιν,
1379 5144 1443 5202 ὧς
1490 5162 1649 5212 φησιν
1684 5143 1709 5194 ὸ
1739 5144 1838 5194 Κύ-

1949 5143 2004 5193 et
2029 5137 2218 5191 cultus
2245 5137 2361 5200 Dei,
2395 5141 2449 5190 et
2479 5137 2620 5191 data
2641 5139 2778 5190 sunt
2807 5151 2874 5189 ea
2899 5133 3174 5205 gentibus
3200 5129 3602 5192 credentibus,

219 5243 368 5299 ριος’
419 5228 806 5300 Ἀρθήσεται
865 5227 962 5298 ἀφ’
1023 5230 1194 5298 ὑμῶν
1244 5231 1273 5287 ἡ
1327 5229 1665 5300 βασιλεία,
1729 5234 1838 5282 καὶ

1951 5226 2104 5281 sicut
2135 5225 2214 5279 ait
2244 5223 2531 5279 Dominus
2565 5240 2578 5278 :
2607 5225 2935 5293 Auferetur
2964 5238 2999 5277 τι
3036 5221 3197 5277 vobis
3238 5233 3512 5287 regnum,
3547 5221 3601 5271 et

222 5311 568 5372 δοθήσεται
621 5316 785 5368 ἓθνει
839 5323 1129 5368 ποιοῦντι
1185 5325 1335 5378 τοῦς
1405 5321 1692 5390 καρποὺς
1743 5315 1840 5368 αύ-

1948 5314 2195 5370 dabitur
2218 5313 2381 5381 genti
2401 5313 2635 5380 fructus
2650 5314 2772 5381 ejus
2781 5310 3034 5381 facienti
3046 5311 3114 5364 η.
3133 5311 3428 5364 Hactenus
3442 5305 3602 5360 enim

222 5410 296 5461 τῆ
322 5423 362 5464 ς.
421 5407 601 5478 Μέχρι
630 5407 732 5478 γὰρ
765 5409 881 5458 τότε
907 5405 1150 5477 ἠνείχετο
1178 5405 1362 5470 αὐτῶν,
1394 5411 1484 5459 καὶ
1514 5409 1539 5459 6
1567 5410 1693 5466 Θεὸς
1716 5404 1843 5477 έμα-

1951 5403 2314 5457 sustinuerat
2344 5399 2475 5455 illos
2511 5403 2682 5465 Deus,
2714 5415 2824 5455 nec
2845 5398 3192 5454 destituerat
3222 5395 3351 5450 illos
3373 5409 3446 5448 ex
3470 5390 3600 5446 inti-

222 5493 501 5566 κροθύμει,
529 5497 620 5546 καὶ
644 5493 738 5547 οὐκ
769 5492 1026 5566 ἀφίστατο
1046 5493 1502 5568 σπλαγχιζόμενος
1521 5494 1792 5555 έπάύτούς
1815 5511 1834 5529 ο

1953 5490 2067 5547 mis
2108 5488 2438 5546 visceribus
2475 5504 2685 5548 eorum
2723 5487 3024 5546 misertus.
3065 5483 3358 5555 Quoniam
3401 5480 3604 5536 autem

214 4433 567 4498 προσκόπτων
631 4437 720 4483 καὶ
800 4432 1128 4502 ἁμαρτάνων,
1209 4437 1327 4494 τούς
1410 4440 1682 4506 προφήτας
1743 4441 1835 4486 τοῦ

307 5670 356 5709 ³⁸
387 5670 534 5728 Luc.
563 5686 658 5739 xv,
697 5671 788 5736 10.
863 5672 908 5708 ιτ
940 5671 1143 5730 Matth.
1170 5673 1330 5737 mil,
1360 5674 1426 5729 M
1501 5673 1550 5711 ⁸³
1571 5671 1766 5730 Matth.
1789 5668 2023 5744 1:1,“.
