4084 6256
553 286 654 365 491

1837 286 1899 347 s.
1940 284 2250 345 manu
2282 283 2599 361 gerem
3774 301 3865 360 ωε

552 414 959 487 impleverunt
987 415 1308 473 terminum
1321 416 1568 487 peccati,
1585 416 1705 471 imo
1718 414 1999 472 manibus
2013 415 2203 471 Domi-

2316 410 2486 467 ὄτιηδὲ
2517 414 2883 489 ἀνεπλήρωσαν
2924 422 3008 471 τὸν
3049 419 3162 491 ὁρον
3194 428 3290 473 τῶν
3327 420 3607 495 ἁμαρτιῶν,
3652 430 3737 478 καὶ
3770 427 3871 481 iam:

560 504 712 561 nicaa
738 506 1035 575 majestati
1063 506 1291 576 injectis
1330 506 1685 576 transgressi
1715 509 1872 571 sunt,
1903 504 1962 559 in
2000 520 2203 575 perpe-

559 597 729 650 tuum
765 610 800 650 a
824 594 945 650 Deo
974 600 1112 650 sunt
1139 595 1377 650 deserti.

626 700 803 755 XXIV.
839 702 1151 764 Caeterum,
1182 700 1397 763 dilecti,
1428 701 1556 756 haec
1595 700 1897 771 copiosius
1927 699 2205 753 disserui-

562 805 716 849 mus.
771 804 842 844 ex
894 789 1075 844 sacris
1125 790 1349 845 Litteris
1400 794 1757 852 astruentes,
1784 795 2058 859 oportere
2098 803 2205 842 nos

555 878 814 933 converti
865 878 1130 943 celerius,
1186 885 1240 934 et
1286 879 1560 934 festinare
1594 879 1670 934 ad
1718 878 2062 940 Dominum,
2103 877 2204 947 qui

554 967 873 1022 clementer
909 972 1217 1038 exspectat
1256 983 1389 1034 nos,
1417 972 1473 1021 et
1511 968 1589 1023 ab
1619 969 1783 1023 omni
1825 966 2111 1038 pravitate
2152 974 2205 1019 et

550 1056 1067 1127 praeoccupatione
1106 1056 1266 1112 mala
1305 1057 1539 1127 penitus
1586 1057 1930 1111 recedentes
1982 1070 2203 1123 magno

549 1162 687 1201 cum
719 1145 942 1215 gaudio
971 1146 1197 1215 recipit,
1240 1162 1314 1201 ne
1352 1152 1718 1215 exaugeatur
1758 1148 1814 1200 in
1857 1145 2029 1198 nobis
2060 1160 2201 1198 con-

554 1239 814 1305 temptus
850 1233 925 1289 de
974 1234 1069 1288 die
1094 1234 1154 1289 in
1193 1235 1373 1297 diem,
1407 1240 1463 1290 et
1521 1238 1767 1305 peccata
1802 1234 2103 1289 cumulata
2144 1235 2200 1287 in

553 1338 663 1379 nos
694 1322 1049 1386 redundent,
1086 1326 1143 1376 et
1173 1322 1250 1377 ob
1280 1322 1339 1377 id
1371 1322 1519 1377 iram
1547 1322 1812 1377 divinam
1845 1321 2019 1377 nobis
2062 1323 2203 1391 ipsis

551 1425 958 1467 accersamus.
992 1410 1675 1480 Demusigituroperam,
1692 1416 1754 1465 ut
1776 1411 2044 1466 conversi
2067 1426 2200 1464 cum

557 1515 699 1555 vero
727 1498 904 1553 corde
922 1499 998 1553 ad
1016 1514 1152 1553 eum
1172 1499 1552 1564 accedamus,
1578 1515 1696 1555 non
1722 1500 2106 1570 desperantes
2132 1499 2205 1553 de

553 1586 742 1644 salute
768 1588 952 1658 (quod
978 1587 1211 1643 malitiae
1232 1592 1289 1643 et
1312 1588 1616 1658 pravitatis
1644 1590 1952 1659 proprium
1972 1592 2081 1657 est)
2103 1604 2206 1659 per

554 1675 1032 1731 recordationem
1075 1677 1566 1747 prmvenientium
1621 1692 2028 1746 peccatorum,
2070 1693 2204 1748 quas

547 1764 852 1819 hominem
888 1764 963 1818 ad
986 1764 1490 1834 desperationem,
1510 1769 1585 1821 ait
1617 1766 1974 1830 socordiam,
2005 1766 2081 1820 ad
2110 1781 2205 1820 ne-
2240 1758 2280 1811 Β

554 1853 900 1924 gligentiam
933 1858 987 1907 et
1021 1854 1095 1908 ad
1130 1853 1438 1923 segnitiem
1471 1855 1737 1921 adigunt,
1772 1871 1843 1908 ne
1878 1870 2205 1909 conversus

553 1941 630 1997 ad
666 1942 982 1997 Dominum
1007 1942 1273 2008 accedat,
1292 1947 1347 1997 et
1375 1942 1582 1997 salutis
1600 1944 1894 2014 particeps
1919 1943 2038 2010 ﬁat,
2066 1960 2201 1997 cum

555 2034 767 2085 tamen
804 2046 1043 2087 summa
1084 2032 1422 2103 benignitas
1462 2032 1663 2102 generi
1710 2032 1980 2086 humano
2012 2048 2047 2085 a
2088 2032 2205 2087 Deo

557 2118 867 2199 proposita
893 2119 985 2175 sit.

628 2327 781 2386 XXV.
810 2329 979 2394 Quod
1027 2329 1076 2383 si
1120 2344 1262 2385 vero
1292 2328 1451 2384 velut
1478 2329 1719 2384 difﬁcile
1758 2334 1813 2384 et
1842 2330 2208 2402 impossibile

555 2417 731 2473 nobis
756 2418 1049 2482 videatur,
1066 2433 1225 2472 nosa
1246 2433 1470 2485 magna
1481 2422 1861 2489 peccatorum
1882 2419 2035 2473 mole
2055 2418 2207 2473 velut

549 2512 1002 2577 praeoccupatos
1033 2507 1311 2573 converti,
1327 2508 1511 2577 quod,
1548 2513 1606 2563 ut
1625 2508 2034 2578 praediximus,
2057 2508 2211 2563 indi-

558 2594 716 2651 cium
744 2595 1073 2661 malitiae,et
1102 2594 1599 2666 impedimentum
1630 2597 1835 2651 salutis
1862 2602 2077 2652 nostrae
2099 2604 2204 2661 est,

555 2682 941 2738 recordemur
965 2688 1020 2738 et
1045 2683 1838 2756 perpendamus,quomodo
1854 2685 2207 2740 Dominusin

557 2770 788 2827 mundo
838 2770 986 2825 dum
1029 2776 1205 2837 esset,
1241 2772 1412 2827 etscis
1464 2772 1661 2828 visum
1715 2773 2050 2838 restituerit,
2095 2775 2202 2844 21

556 2858 920 2930 paralyticos
954 2861 1268 2925 curaverit,
1298 2876 1540 2917 omnem
1570 2863 1851 2917 morbum
1890 2864 2206 2927 sanaverit,

560 2952 831 3003 mortuos
848 2948 975 3017 jam
1007 2948 1127 3003 fere
1153 2954 1483 3021 corruptos,
1503 2956 1557 3005 et
1586 2950 1645 3005 in
1668 2950 1967 3005 oblivione
1990 2952 2205 3006 consti-

560 3040 745 3104 tutos,
762 3038 1224 3105 resuscitaverit,
1240 3039 1452 3094 surdos
1466 3040 1673 3094 audire
1687 3040 2205 3109 fecerit,legionem

2316 503 2680 573 ρεπλεόνασαν,
2715 506 2787 567 εἰς
2815 511 3216 561 τὸΑΔεσποτικόν
3246 509 3446 582 ἀξίωμα
3474 514 3564 572 τὰς
3592 522 3767 587 χεῖρας
3795 517 3871 567 αῦ-

2315 601 2412 644 τῶν
2434 593 2778 659 ἐπιϐαλόντες,
2812 596 2884 656 εἰς
2904 597 3044 657 τελος
3067 600 3165 651 ὑπὸ
3196 607 3284 650 τοῦ
3314 608 3444 653 Θεοῦ
3474 601 3871 674 κατελείφθησαν.

2391 716 2510 775 ΚΔ’.
2564 727 2741 771 Ταῦτα
2794 717 2852 772 δὲ
2911 719 3003 773 διὰ
3073 723 3312 776 πλειόνων
3367 722 3709 798 διεξήλθομεν,
3760 728 3876 799 ἀγα-

2316 813 2494 867 πητοὶ,
2544 807 2644 859 ἀπὸ
2708 815 2977 881 Γραφικῶν
3026 810 3223 863 ἐννοιῶν
3275 809 3645 881 συνηστῶντες,⁸
3681 820 3733 869 τὸ
3784 814 3875 871 δεῖν

2317 898 2456 967 ἡμᾶς
2486 895 2805 970 ἐπιστρέφειν
2852 901 3061 971 τάχιον,
3118 905 3205 952 καὶ
3247 899 3488 953 σπεύδειν
3529 908 3649 976 πρὸς
3678 909 3757 956 τόν
3789 909 3877 959 Κύ-

2314 1006 2423 1059 ριον
2466 992 2879 1058 χρηστευόμενον
2907 994 2994 1040 καὶ
3043 987 3385 1061 ἐκδεχόμενον
3437 994 3569 1063 ἡμᾶς
3600 992 3693 1044 ἀπὸ
3722 998 3876 1057 πάσης

2313 1079 2560 1159 πονηρίας
2607 1080 2696 1127 καὶ
2752 1077 3055 1147 προλήψεως
3104 1088 3269 1140 κακῆς
3325 1080 3523 1142 τελείως
3573 1081 3872 1153 ἀναχωροῦν-

2314 1181 2422 1227 τας,
2454 1169 2543 1215 καὶ
2574 1166 2967 1237 ἐπιστρέφοντας
3011 1170 3140 1238 μετὰ
3164 1167 3355 1229 πολλῆς
3386 1176 3558 1242 χαρᾶς
3608 1168 3877 1243 προσδεχό-

2313 1274 2478 1325 μενον,
2515 1256 2595 1306 ἵνα
2626 1260 2696 1325 μὴ
2727 1254 2995 1329 ἐπαυξήση
3048 1259 3076 1314 ἡ
3137 1262 3520 1329 καταφρόνησις
3582 1261 3718 1330 ἡμῶν
3767 1263 3876 1331 ἠμέ-

2314 1363 2407 1406 ραν
2439 1343 2491 1405 ἐξ
2538 1345 2755 1415 ἡμέρας,
2796 1351 2885 1397 καὶ
2939 1348 3003 1396 τά
3054 1351 3443 1419 προσκόμματα
3493 1350 3719 1420 τιθέμενα
3753 1350 3877 1401 πλεο-

2315 1435 2449 1505 νάσῃ
2512 1433 2578 1491 εἰς
2623 1434 2777 1503 ἡμᾶς,
2810 1438 2899 1485 καὶ
2932 1430 3024 1485 διὰ
3076 1443 3227 1487 τοῦτο
3283 1440 3377 1493 τήν
3437 1436 3594 1509 ὀργήν
3639 1446 3724 1489 τοῦ
3769 1444 3875 1491 Θεοῦ

2317 1521 2659 1592 ἕπενέγκωμεν
2752 1522 2969 1583 ἑαυτοῖς.
3075 1522 3462 1594 Σπουδάσωμεν
3556 1531 3713 1578 τοίνυν
3790 1526 3879 1578 ἐπι-

2320 1615 2627 1681 στραφέντες
2675 1610 2722 1662 ἐν
2764 1610 2977 1682 ἀληθινῇ
3038 1610 3235 1686 καρδίᾳ
3286 1615 3583 1686 προσελθεῖν
3631 1616 3777 1685 αύτῷ,
3820 1620 3876 1684 μή

2318 1698 2680 1760 ἀπελπίζοντες
2718 1705 2810 1757 τήν
2844 1706 3126 1773 σωτηρίαν,
3175 1706 3295 1775 ὅπερ
3329 1709 3419 1754 καὶ
3451 1708 3575 1755 ᾶύτὸ
3606 1713 3690 1763 τῆς
3716 1709 3876 1764 κακίας

2317 1794 2405 1840 καὶ
2463 1794 2779 1862 πανουργίας
2842 1794 3113 1861 τυγχάνει,
3191 1794 3485 1863 ὑπομνήσει
3541 1793 3876 1867 προλαϐουσῶν

2319 1878 2604 1951 ἁμαρτιῶν,
2648 1878 2718 1940 εἰς
2770 1878 3098 1953 ἀπελπισμόν
3170 1890 3439 1954 φερουσῶν
3496 1888 3577 1934 τόν
3620 1884 3876 1953 ἄνθρωπον,

2317 1974 2405 2020 καὶ
2446 1968 2511 2027 εἰς
2554 1970 2823 2038 χαύνωσιν
2864 1974 2952 2019 καὶ
3018 1969 3314 2043 ὀλιγωρίαν,
3362 1976 3452 2023 καὶ
3493 1973 3775 2045 ῥᾳθυμίαν
3814 1972 3880 2022 ἶνα

2317 2062 2388 2127 μή
2440 2056 2755 2129 ἐπιστρέψας
2809 2062 2898 2109 καὶ
2945 2058 3244 2131 προσελθὼν
3289 2067 3363 2129 τῷ
3424 2066 3613 2135 Κυρίῳ,
3657 2064 3882 2133 σωτηρίας

2316 2148 2479 2216 τύχη,
2530 2144 2720 2206 πολλῆς
2779 2152 3145 2219 χρηστότητος
3199 2155 3289 2200 τοῦ
3351 2155 3544 2223 Κυρίου
3597 2148 3882 2221 ἐπικειμένης

2318 2242 2391 2304 τῷ
2423 2233 2724 2305 ἀνθρωπίνῳ
2762 2238 2915 2305 γένει.

2395 2340 2511 2393 KE'.
2569 2341 2628 2393 Ei
2682 2338 2740 2392 δὲ
2796 2344 2972 2416 ὥσπέρ
3031 2339 3286 2395 δύσκολον
3350 2346 3473 2416 ἡμῖν
3532 2349 3880 2416 καταφαίνεται,

2320 2434 2409 2481 καὶ
2464 2426 2716 2481 ἀδύνατον
2770 2429 2824 2481 ἐκ
2876 2431 3073 2482 πολλῶν
3133 2432 3529 2505 ἁμαρτημάτων
3590 2432 3881 2506 ἐπιστρέψαι,

2320 2521 2383 2578 ὡς
2413 2518 2869 2590 προειλημμένους.
2922 2520 3063 2589 ὅπερ,
3119 2523 3186 2581 ὡς
3228 2526 3637 2594 προειρήκαμεν,
3674 2523 3886 2579 ὑπόθεσις

2318 2608 2571 2677 τυγχάνει
2600 2615 2689 2665 τῆς
2719 2613 2925 2667 κακίας,
2982 2613 3070 2659 καὶ
3118 2617 3213 2669 τῆς
3272 2615 3541 2683 σωτηρίας
3595 2614 3729 2680 ἡμῶν
3756 2610 3883 2680 ίμπό-

2323 2693 2473 2748 διον’
2529 2698 2959 2767 μνημονεύσνυμεν
3011 2702 3102 2747 καὶ
3158 2696 3455 2769 ἀπίδωμεν,
3511 2708 3616 2761 πῶς
3662 2701 3686 2750 ὁ
3730 2701 3883 2769 Κύριος

2322 2781 2661 2855 επιδημὴσας
2702 2792 2763 2855 τῇ
2823 2784 3109 2855 ἀγαθότητι
3167 2788 3327 2839 αὐτοῦ
3392 2789 3613 2860 τυφλοὺς
3642 2786 3882 2857 ἀναϐλέψαι

2321 2873 2550 2933 ἐποίησε,
2606 2874 2991 2947 παραλυτικούς
3030 2874 3361 2946 ἐθεράπευσε,
3423 2885 3595 2930 πᾶσαν
3640 2882 3775 2929 νόσον
3822 2876 3881 2926 ἰαί-

2323 2982 2473 3028 σατο,
2500 2967 2710 3034 νεκρούς
2734 2967 2850 3022 τοὺς
2903 2964 2969 3023 εἰς
3002 2961 3289 3037 διαφθορὰν
3342 2973 3440 3019 καὶ
3498 2967 3769 3039 ἀφανισμὸν
3794 2960 3877 3022 ἤδη

2321 3054 2683 3122 τυγχάνοντας
2750 3050 3024 3117 ἀνέστησε,
3098 3057 3297 3125 κωφοὺς
3371 3055 3598 3108 ἀκοῦσαι
3650 3058 3877 3115 πεποίηκε,

552 3125 933 3182 diabolorum
985 3142 1055 3182 ex
1101 3128 1342 3183 homine
1374 3129 1626 3198 ejecerit,
1659 3133 1717 3185 et
1769 3135 1933 3185 tanta
1975 3131 2203 3185 insania

2319 3141 2539 3211 λεγεῶνα
2588 3137 2847 3211 δαιμόνων
2898 3140 2999 3193 ἀπὸ
3046 3140 3155 3203 ἐνὸς
3224 3142 3505 3217 ἀνθρώπου
3571 3143 3769 3207 ἐξέϐαλε,
3809 3144 3880 3191 καὶ

554 3215 930 3271 laborantem
960 3216 1178 3272 mentis
1216 3218 1530 3286 integritati
1563 3219 1877 3274 restituerit
1907 3218 1935 3274 ?
1975 3221 2208 3284 Quanto

568 3305 762 3373 magis
793 3305 973 3375 igitur
1000 3306 1263 3362 animam
1282 3306 1355 3361 ad
1372 3322 1506 3363 eum
1524 3323 1895 3371 conversam,
1911 3309 2206 3363 etmiseri-

560 3393 828 3447 cordiam
856 3393 933 3448 ab
951 3408 1022 3448 eo
1034 3394 1458 3463 requirentem,
1476 3396 1671 3464 etejus
1684 3412 1798 3465 ope
1817 3396 2203 3464 indigentem,

550 3486 869 3547 convertet,
912 3482 1055 3535 etin
1094 3482 1288 3537 laetam
1322 3482 1699 3538 aﬁ'ectionum
1732 3490 2108 3554 vacuitatem,
2153 3492 2207 3540 et

555 3573 779 3625 statum
810 3568 1008 3624 omnis
1037 3570 1266 3625 virtutis
1296 3587 1365 3627 ac
1391 3573 1603 3628 mentis
1640 3574 2089 3629 renovationem
2118 3590 2202 3628 re-

555 3657 758 3714 stituet
786 3673 800 3723 ;
833 3661 1011 3729 atque
1036 3658 1289 3714 sanitate
1332 3664 1393 3714 et
1430 3667 1680 3731 aspectu
1720 3664 1931 3717 mentis
1961 3668 2017 3717 et
2045 3672 2205 3718 tran-

553 3745 843 3819 quillitate
875 3745 1309 3814 cogitationum
1338 3748 1605 3816 redditis,
1631 3766 1666 3805 a
1698 3750 1979 3817 ctecitate,
2015 3752 2204 3806 surdi-

552 3839 688 3901 tate,
720 3841 911 3891 morte
941 3834 1325 3903 inﬁdelitatis,
1354 3842 1409 3892 et
1439 3837 1773 3907 ignorantia
1786 3847 1962 3911 atque
1978 3843 2204 3896 temeri-

552 3928 668 3987 tate
705 3924 781 3981 ad
813 3923 1168 3995 sapientiam
1185 3925 1435 3991 virtutis,
1466 3929 2201 3997 etpuritatemcordiseam

554 4002 827 4070 t'raducet
863 4014 891 4069 Τ
931 4014 1037 4078 Qui
1080 4013 1239 4069 enim
1287 4016 1555 4070 condidit
1594 4033 1831 4087 corpus,
1877 4018 2032 4072 idem
2079 4020 2202 4090 ipse

550 4102 819 4160 condidit
846 4118 1089 4175 quoque
1138 4103 1427 4159 animam.
1476 4104 1541 4159 Et
1571 4106 2088 4176 quemadmodum
2144 4109 2202 4162 in

551 4193 721 4248 terris
751 4192 897 4246 dum
928 4197 1276 4257 versaretur,
1309 4194 1731 4249 accedentibus
1753 4195 1829 4249 ad
1856 4212 1932 4257 se,
1956 4196 2101 4251 etab
2134 4212 2203 4252 eo

555 4280 894 4352 petentibus
947 4280 1236 4336 auxilium
1280 4286 1337 4337 et
1379 4282 1695 4338 sanitatem
1730 4299 1743 4349 ;
1777 4284 2094 4339 liberaliter
2146 4293 2200 4340 et

548 4369 807 4437 benigne
849 4370 1113 4439 praestitit
1151 4376 1207 4425 et
1238 4369 1522 4435 exhibuit,
1558 4371 1718 4427 velut
1743 4372 1939 4426 bonus
1973 4373 2201 4428 etsolus

554 4457 823 4513 medicus
856 4473 869 4527 ;
901 4459 1114 4515 eodem
1140 4460 1324 4515 modo
1354 4460 1414 4514 in
1447 4460 1873 4532 spiritualibus.

622 4672 799 4730 XXVI.
832 4671 890 4727 Si
917 4672 1080 4729 enim
1125 4687 1267 4740 erga
1313 4688 1587 4744 corpora,
1615 4690 1750 4746 quas
1796 4675 2203 4730 dissolvuntur

549 4765 606 4818 et
635 4765 824 4817 morte
838 4765 1107 4831 pereunt,
1126 4765 1635 4817 tantacommotus
1660 4768 1746 4818 est
1768 4764 2198 4829 misericordia,

549 4853 607 4905 et
638 4849 960 4920 unicuique
982 4849 1147 4920 quod
1174 4850 1482 4919 queerebat
1507 4858 1782 4921 prompte
1822 4858 1878 4907 et
1918 4852 2200 4907 benevole

548 4938 858 5011 praestitit;
893 4943 1121 5009 quanto
1150 4939 1343 5007 magis
1356 4939 1571 4995 animae
1586 4941 1932 5007 immortali,
1950 4943 2202 4996 indisso-

546 5026 717 5085 lubili
734 5030 790 5081 et
814 5026 1269 5098 incorruptibili,
1291 5042 1592 5099 oppressas
1608 5030 1818 5085 morbo
1835 5032 2199 5095 ignorantiae,

548 5114 805 5181 malitiae,
856 5114 1240 5182 inﬁdelitatis,
1298 5117 1647 5172 temeritatis
1706 5126 1762 5173 et
1835 5119 2199 5190 reliquarum

547 5203 777 5277 peccati
798 5200 1205 5268 aﬂectionum,
1238 5204 1541 5260 accedenti
1573 5206 1650 5261 ad
1680 5207 2017 5272 Dominum,
2052 5212 2106 5262 et
2126 5208 2203 5263 ab

545 5308 618 5349 eo
664 5291 953 5348 auxilium
999 5293 1339 5364 requirenti,
1394 5309 1465 5348 ac
1504 5293 1563 5349 in
1623 5295 2034 5351 misericordia
2078 5297 2203 5366 ejus

544 5381 818 5446 intuenti,
856 5396 965 5437 nec
992 5397 1112 5437 non
1144 5383 1401 5454 gratiam
1433 5383 1682 5453 Spiritus
1724 5385 1801 5439 ab
1838 5399 1907 5440 eo
1944 5386 2204 5455 recipere

544 5470 909 5529 desideranti
935 5470 1013 5527 ab
1047 5472 1522 5541 redemptionem
1553 5478 1611 5528 et
1644 5473 1898 5529 salutem
1922 5491 2116 5538 suam,
2150 5479 2205 5529 et

546 5562 625 5619 ab
655 5561 819 5618 omni
861 5562 1086 5618 malitia
1116 5568 1173 5618 et
1207 5560 1423 5617 affectu
1445 5562 1879 5624 liberationem,
1919 5563 2205 5617 concedet

543 5667 731 5727 quam
761 5651 1061 5710 celerrime
1080 5657 1136 5710 et
1169 5651 1614 5733 promptissime
1630 5650 1790 5710 velut
1815 5651 2113 5708 medicam
2131 5650 2206 5715 li-
2238 5695 2257 5725 ,

2321 3231 2386 3290 εἰς
2438 3232 2773 3301 σωφροσύνην
2822 3233 3112 3287 κατέστησε
3168 3234 3254 3283 τόν
3302 3232 3373 3292 εἰς
3429 3238 3681 3291 τοσαύτην
3724 3234 3877 3301 μανίαν

2317 3323 2685 3391 κεχωρηκότα.
2722 3320 2876 3389 Πόσῳ
2908 3315 2993 3370 οὖν
3038 3320 3225 3384 μᾶλλον
3273 3320 3467 3393 ψυχὴν
3513 3323 3877 3395 ἐπιστρέφουσαν

2319 3413 2445 3481 πρὸς
2498 3411 2670 3471 αὐτόν,
2724 3412 2807 3459 καὶ
2856 3408 2977 3479 παρ’
3034 3413 3193 3460 αὑτοῦ
3242 3414 3300 3461 τὸ
3362 3413 3504 3473 ἔλεος
3548 3412 3874 3471 ἐπιζητοῦσαν,

2317 3505 2407 3552 καὶ
2462 3495 2706 3569 δεομένην
2761 3505 2851 3557 τῆς
2918 3497 3073 3550 αὐτοῦ
3126 3498 3397 3570 βοηθείας,
3462 3502 3555 3553 οὐκ
3595 3496 3873 3566 ἐπιστρέψει,

2317 3594 2403 3639 καὶ
2440 3589 2509 3647 εἱς
2540 3587 2858 3659 εὐφροσύνην
2914 3586 3182 3650 ἀπαθείας,
3225 3595 3311 3640 καὶ
3374 3594 3697 3643 κατάστασιν
3731 3588 3877 3641 πάσης

2317 3676 2517 3750 ἀρετῆς,
2567 3682 2655 3727 καὶ
2704 3679 2819 3737 νοὸς
2875 3675 3246 3747 ἀνακαινισμὸν
3306 3680 3521 3750 ἓνεγκεῑ,
3589 3684 3674 3730 καὶ
3748 3692 3875 3746 μετα-

2316 3765 2459 3818 ϐαλεί
2511 3766 2581 3826 εἰς
2639 3766 2910 3836 ὑγιότητα,
2962 3770 3050 3817 καὶ
3106 3765 3386 3837 ἀνάϐλεψιν
3421 3766 3672 3831 διανοίας,
3703 3785 3781 3817 και
3813 3762 3877 3812 λο-

2312 3862 2518 3926 γισμῶν
2575 3855 2773 3927 εἰρήνην
2824 3852 2941 3905 ’ἀπὸ
2991 3863 3085 3914 τῆς
3126 3854 3457 3926 τυφλώσεως,
3500 3864 3587 3909 καὶ
3629 3859 3875 3927 κωφὼσεως

2314 3951 2408 4005 τῆς
2452 3942 2702 4004 ἀπιστίας
2748 3948 2836 3993 καί
2868 3943 3144 4013 ἀγνωσίας,
3195 3950 3285 3996 καὶ
3327 3944 3564 4017 ἀφοϐίας,
3618 3946 3682 4006 εἷς
3712 3958 3873 4012 σωφρο-

2312 4036 2496 4103 νισμόν
2537 4032 2721 4105 ἀρετῆς
2770 4037 2858 4082 καὶ
2897 4034 3231 4104 καθαρότητα
3273 4032 3501 4107 καρδίας
3549 4034 3793 4101 ὶνενεγκών
3818 4025 3873 4079 l6

2312 4124 2413 4192 γὰρ
2468 4126 2651 4179 κτίσας
2682 4123 2739 4172 τό
2768 4128 2941 4190 σῶμα,
2975 4125 3064 4172 καὶ
3091 4126 3183 4179 τήν
3226 4120 3414 4192 ψυχήν
3460 4123 3612 4184 αὐτὸς
3642 4122 3871 4173 πεποίηκα

2318 4216 2416 4263 Καὶ
2459 4210 2630 4281 ὥσπερ
2681 4206 3020 4277 ἐπιδημήσας
3064 4209 3111 4261 ἐν
3155 4218 3217 4281 τῇ
3249 4219 3340 4282 γῇ,
3396 4220 3505 4273 τοίς
3557 4206 3875 4283 προσερχομέ-

2312 4319 2418 4360 νοις
2464 4304 2553 4350 καὶ
2608 4299 2827 4358 ζητοῦσι
2874 4303 2967 4355 τὴν
2995 4299 3116 4371 παρ’
3143 4298 3303 4351 αὐτοῦ
3336 4299 3587 4370 βοήθειαν
3617 4303 3699 4350 καὶ
3740 4299 3871 4353 iactv,

2315 4387 2545 4459 ἀφθόνως
2611 4394 2672 4458 τῇ
2754 4392 3085 4459 χρηστότητι
3147 4387 3308 4439 αὐτοῦ
3382 4393 3681 4461 παρείχετο,
3731 4382 3871 4439 καθὼς

2236 4474 2280 4527 Ι)
2311 4478 2562 4550 ἔχρῃζον,
2613 4479 2676 4536 ὡς
2726 4474 2924 4547 ἀγαθὸς
2967 4480 3051 4528 καὶ
3096 4480 3249 4547 μόνος
3300 4477 3508 4550 ἰατρός·
3543 4477 3672 4529 οὕτω
3708 4475 3784 4524 καὶ
3806 4470 3873 4520 ἐπὶ

2310 4575 2409 4618 τῶν
2438 4573 2814 4635 πνευματικῶν.

2384 4673 2502 4737 Κς·’.

2310 4761 2463 4815 πάλιν
2516 4780 2753 4833 σωματα,
2805 4759 2968 4820 οὓτως
3022 4759 3481 4830 εὐσπλαγχνίσθη,
3527 4764 3613 4811 καὶ
3645 4748 3869 4820 ἑκάστῳὸ

2559 4671 2616 4724 Εἰ
2670 4674 2771 4743 γὰρ
2828 4670 2912 4722 ἐπὶ
2967 4673 3033 4722 τὰ
3088 4671 3309 4742 λυόμενα
3364 4676 3453 4724 καὶ
3514 4670 3872 4725 ἀποθνήσκοντα

2312 4849 2544 4909 ἐπεζήτει
2602 4853 2851 4905 πεποίηκε
2912 4850 3207 4921 προθύμως,
3269 4852 3356 4899 καὶ
3433 4854 3698 4920 χρηστῶς,
3748 4844 3871 4904 πόσῳ

2310 4939 2499 5010 μᾶλλον
2526 4948 2585 5010 τῇ
2620 4938 2855 5007 ἀθανάτῳ
2884 4937 3037 5007 ψυχῇ
3099 4942 3185 4989 καὶ
3237 4934 3502 5006 ἀδιαλύτῳ
3533 4940 3620 4987 καὶ
3664 4928 3872 5003 ἀφθάρτῳ

2310 5030 2652 5099 τυγχανούσρ
2715 5025 2761 5076 έν
2805 5031 2941 5095 νόσῳ
2994 5027 3220 5094 ἀγνοίας,
3262 5034 3355 5086 τῆς
3404 5029 3601 5088 κακίας,
3658 5018 3870 5072 ἀπιστίας

2310 5136 2363 5169 τε
2410 5122 2499 5168 καὶ
2556 5115 2794 5187 ἀφοϐίας,
2843 5119 2932 5165 και
2982 5122 3080 5165 τῶν
3136 5115 3323 5166 λοιπῶν
3382 5122 3469 5172 τῆς
3526 5112 3765 5183 ἁμαρτίας
3792 5121 3872 5155 πα-

2315 5207 2411 5257 θῶν
2446 5227 2457 5237 ·
2492 5208 2886 5275 προσερχομένη
2948 5199 3006 5254 δὲ
3034 5212 3103 5272 τῷ
3145 5203 3339 5273 Κυρίῳ,
3399 5207 3485 5254 καὶ
3536 5206 3624 5258 τὴν
3658 5195 3768 5267 παρ’
3797 5189 3872 5242 αὖ·

2314 5303 2403 5345 τοῦ
2464 5293 2711 5363 βοήθειαν
2768 5291 3112 5362 ἐπιζητιιύση,
3178 5297 3266 5343 καὶ
3320 5292 3390 5354 εἰς
3441 5294 3497 5343 τὸ
3566 5288 3716 5340 αὑτοῦ
3760 5281 3871 5336 ἔλεος

2314 5381 2697 5451 ἐπισκοπούσῃ,
2733 5385 2822 5441 καὶ
2862 5385 2955 5437 τὴν
2999 5382 3160 5451 χάριν
3208 5388 3299 5432 τοῦ
3333 5382 3622 5450 Πνεύματος
3656 5372 3768 5443 παρ’
3798 5365 3871 5418 αὖ·

2315 5478 2406 5522 τοῦ
2447 5467 2701 5531 δέξασθαι
2736 5468 3062 5540 ἑπιθυμούση
3101 5469 3172 5529 εἰς
3215 5468 3468 5540 λύτρωσιν
3520 5470 3606 5518 καὶ
3638 5460 3869 5528 σωτηρίαν

2318 5561 2500 5621 αὐτῆς,
2535 5558 2625 5610 καὶ
2671 5560 2847 5618 πάσης
2886 5562 3067 5617 κακίας
3122 5562 3211 5609 καὶ
3261 5562 3450 5618 παντὸς
3495 5556 3681 5612 πάθους
3732 5543 3869 5598 ἀπαλ’

2320 5655 2500 5722 λαγήν,
2565 5648 2642 5702 οὐ.
2670 5645 2970 5721 δωρήσεται
3014 5648 3213 5721 ,τάχιον
3273 5654 3387 5713 -καζ
3427 5645 3739 5717 ἑτοιμοτέρως
3767 5637 3866 5689 ’τὴν
