4084 6256
205 298 313 356 493

1518 298 1867 360 ΗΟΜῙῙᾸΛΕ.
1887 295 1974 348 Ἰ--
2005 296 2192 362 ΉσΜ.
2234 297 2299 362 V.

3468 295 3574 375 isi

209 423 574 499 ἀπολύτρωσιν
626 435 720 487 τῆς
776 435 979 493 ιασεῶς,
1044 430 1180 480 κατὰ
1235 430 1324 479 τὸν
1377 429 1534 481 αὐτὸν
1585 428 1736 501 λόγον
1799 447 1811 459 ⁶

1937 433 2316 500 berationem,
2333 437 2836 492 secunduinidem
2850 438 3105 494 dictum:
3133 441 3365 508 Quanto
3389 446 3576 515 magis

210 521 398 587 Πόσῳ
440 516 678 588 μᾶλλον
719 519 744 569 ό
786 519 1088 590 οὐράνιος
1127 521 1348 590 Πατὴρ
1393 525 1666 578 ποιήσει
1704 525 1816 579 τὴν

206 602 556 664 ἐκδίκησιν
596 615 713 657 τῶν
771 606 1062 678 βοωντων
1118 611 1270 678 πρὸς
1333 612 1523 660 αὑτὸν
1580 611 1818 681 ἡμέρας

204 713 270 746 τε
309 699 416 746 καὶ
456 700 843 764 νυκτός;καὶ
866 696 1040 767 ἐπάγει
1069 697 1250 766 λέγων,
1293 699 1413 751 Καὶ
1453 698 1607 769 λέγω
1647 700 1815 770 ύμῖν,

204 788 474 841 ποιήσει
515 789 625 841 τὴν
683 781 1032 842 ἐκδίκησιν
1091 787 1295 837 αὐτῶν
1336 786 1392 837 ἐν
1431 787 1668 857 τάχε”·
1731 793 1819 839 καὶ

1012 873 1268 928 Αἰτεῖτε
1306 880 1413 927 καὶ
1454 873 1819 933 δοθήσεται

490 967 605 1022 πᾶς
672 965 790 1035 γὰρ
854 965 879 1014 6
948 964 1141 1014 αἰτῶν
1210 963 1548 1034 λαμϐάνει,
1619 970 1727 1016 καὶ
1794 967 1819 1017 ό

205 871 362 924 πάλιν
403 871 450 924 ἐν
485 873 638 945 ἑτέρῳ
668 878 910 946 παραινεί
944 889 957 903 ·

207 963 355 1031 ὑμῖν
407 981 419 993 ·

208 1051 417 1110 ζητῶν
479 1052 782 1125 εὑρίσκει,
826 1056 930 1104 xui
980 1061 1062 1122 τῷ
1101 1055 1410 1127 κρούοντι
1473 1053 1821 1124 ἀνοιγήσε-

205 1159 311 1191 ται
375 1161 387 1172 ·
449 1145 538 1191 xui
596 1137 868 1202 διεξελθὼν
925 1144 1170 1214 ἐπιφέρει,

208 1232 426 1301 Πατὴρ
468 1230 635 1299 ὑμῶν
675 1231 700 1280 6
740 1231 1045 1302 οὐράνιος
1085 1227 1287 1282 δώσει
1331 1238 1591 1302 Πνεῦμα
1629 1231 1821 1302 ἅγιον

1252 1146 1435 1212 Πόσῳ
1499 1141 1736 1214 μᾶλλον
1794 1146 1819 1196 ὁ

205 1325 349 1377 τοῖς
389 1317 687 1369 αἰτοῦσιν
721 1319 948 1372 αύτόνι
983 1319 1178 1390 ’Λμὴν
1213 1319 1372 1390 λέγω
1411 1321 1581 1390 ύμῖν,
1623 1326 1674 1372 εὶ
1714 1325 1820 1373 καὶ

207 1402 320 1458 διὰ
361 1409 427 1458 τὸ
490 1403 656 1459 εἶναι
717 1407 902 1478 φίλον
960 1406 1160 1459 αὐτοῦ
1219 1412 1299 1478 μὴ
1361 1404 1558 1460 δὼσιί
1622 1408 1816 1478 αύτῷ,

206 1491 324 1547 διά
385 1514 455 1566 γε
516 1499 626 1554 τὴν
693 1493 1043 1548 ἀναίδειαν
1119 1496 1308 1548 αὐτοῦ
1375 1492 1581 1549 δώσει
1647 1498 1819 1568 αυτῷ

205 1582 516 1648 ἀναστὰς,
560 1585 711 1637 ὅσον
749 1588 1015 1657 χρῄζει.

281 1689 380 1742 KZ'
404 1687 657 1752 Ἀναιδῶς
684 1687 770 1743 οὖν
792 1697 881 1744 καὶ
908 1688 1278 1756 ἀδιαλείπτως,
1308 1696 1396 1744 καὶ
1419 1690 1821 1763 ἀπερικακήτως

203 1779 367 1831 αἰτεῖν
399 1782 538 1842 ἡμᾶς
567 1784 660 1838 τὴν
691 1782 813 1854 παρ’
843 1781 1001 1833 αὐτοῦ
1029 1789 1124 1841 τῆς
1152 1781 1372 1853 χάριτος
1398 1779 1693 1851 ἀντίληψιν,
1727 1778 1820 1834 διὰ

201 1871 402 1920 τούτων
432 1871 636 1920 πάντων
665 1869 1036 1942 προετρέψατο.
1080 1871 1173 1921 Διὰ
1202 1871 1305 1942 γὰρ
1340 1873 1457 1928 τοὺς
1487 1869 1819 1940 ἁμαρτωλοὺς

204 1954 380 2024 ἦλθεν,
443 1958 524 2008 ἵνα
590 1957 950 2029 ἔπιστρέψωσι
1016 1960 1146 2030 πρὸς
1204 1958 1379 2024 αὐτόν,
1453 1963 1543 2009 xui
1609 1958 1820 2016 ἰάσητοι

201 2051 320 2105 τόὺς
396 2049 731 2108 πιστεύοντας
796 2049 935 2117 αύτῷ
969 2065 981 2076 '
1037 2051 1190 2117 μόνον
1265 2048 1416 2118 ἡμεῖς
1482 2056 1581 2098 τῶν
1651 2055 1821 2103 κακῶν

202 2144 513 2216 προλήψεων
537 2143 917 2216 ἀποστήσωμεν
939 2144 1172 2208 ἑαυτοὺς,
1199 2146 1320 2197 ὅσον
1343 2148 1398 2196 τὸ
1427 2147 1475 2196 ἓν
1504 2146 1628 2215 ἡμῖν
1657 2141 1821 2196 δυνα-

199 2237 313 2300 τὸν,
344 2238 434 2285 καὶ
486 2239 797 2305 μισήσωμεν
830 2236 894 2286 τὰ
923 2234 1093 2305 φαῦλα
1141 2230 1556 2304 ἐπιτηδεύματα,
1591 2238 1684 2286 καὶ
1724 2236 1820 2295 τὰς

197 2339 291 2383 τοῦ
323 2336 528 2400 κόσμου
579 2330 801 2396 ἀπάτας,
843 2336 932 2384 καὶ
965 2335 1084 2391 τοὺς
1130 2335 1387 2403 πονηρούς
1425 2336 1515 2383 καὶ
1554 2328 1819 2402 ματαίους

197 2429 491 2500 λογισμοὺς
521 2428 954 2501 ἀποστραφῶμιν,
983 2434 1071 2480 καὶ
1104 2430 1324 2480 πάντοτε
1355 2431 1481 2498 πρὸς
1513 2428 1669 2480 αύτόν
1717 2430 1818 2485 ὅση

200 2520 430 2594 δύναμις
451 2525 921 2598 προσκολληθῶμεν
949 2543 960 2554 ·
987 2530 1076 2577 καὶ
1100 2526 1253 2585 αὐτὸς
1275 2526 1484 2596 ἕτοιμος
1505 2532 1668 2577 ποιεῖν
1694 2526 1818 2596 ἡμῖν

195 2626 291 2678 τὴν
314 2623 435 2694 παρ’
465 2623 624 2674 αὐτοῦ
649 2624 916 2695 βοήθειαν.
953 2624 1039 2686 Εἰς
1061 2632 1210 2675 τοῦτο
1234 2625 1334 2695 γάρ
1366 2622 1505 2674 ἐστιν
1533 2622 1699 2691 ἐλεῶν,
1727 2643 1818 2690 καὶ

202 2720 488 2785 ζωοποιῶν,
526 2727 616 2775 καὶ
664 2722 874 2793 ἰώμενος
903 2725 966 2774 τά
1006 2721 1191 2773 ἀνίατα
1221 2722 1385 2785 πάθη,
1426 2726 1512 2773 xui
1554 2721 1817 2794 λύτρωσιν

199 2826 358 2868 ποιῶν
423 2827 532 2879 τοῖς
616 2818 1033 2890 ἐπικαλουμένοις
1087 2820 1239 2871 αὑτὸν
1312 2824 1401 2870 xui
1466 2822 1596 2892 πρὸς
1658 2819 1816 2870 αύτόν

199 2904 593 2979 ἐπιστρέφουσι,
641 2911 820 2970 πάσης
867 2917 1130 2979 κοσμικῆς
1183 2907 1390 2978 ἀγάπης
1443 2909 1541 2964 ὅση
1589 2904 1818 2978 δύναμις

201 2997 257 3045 ἐκ
311 2995 589 3066 θελήματος
635 3003 724 3049 καὶ
785 3003 1130 3070 προαιρέσεως
1176 2997 1539 3069 ἀναχωροῦσι,
1592 3001 1680 3047 xui
1726 3001 1817 3054 τὴν

205 3078 444 3134 διάνοιαν
476 3085 574 3136 ἀπὸ
614 3094 712 3157 γῆς
751 3087 982 3151 ἕλκουσι,
1017 3091 1105 3138 καὶ
1152 3090 1280 3158 πρὸς
1312 3086 1465 3136 αὐτὸν
1513 3092 1573 3156 τῇ
1633 3084 1818 3145 ἐπιζη-

200 3184 354 3238 τήσει
412 3187 501 3234 xui
558 3185 868 3242 ἒπιποθήσει
935 3184 1417 3256 ἀποκρεμαμένοις·
1495 3184 1520 3240 ὃ
1591 3185 1809 3239 τοιαύτη

200 3278 356 3348 ψυχὴ
416 3288 508 3339 τῆς
558 3281 680 3350 παρ’
738 3282 898 3332 αὐτοῦ
959 3280 1203 3352 βοηθείας
1257 3279 1516 3344 ἀξιοῦται,
1561 3281 1589 3337 ἡ
1652 3281 1818 3331 πάντα

204 3369 436 3437 περισσὰ
483 3369 774 3438 ἡγουμένη,
818 3374 907 3420 καὶ
937 3368 1019 3420 ἐπὶ
1067 3365 1258 3440 μηδενὶ
1302 3376 1395 3420 τοῦ
1435 3371 1638 3438 κόσμου
1690 3366 1817 3419 ἀνα-

208 3481 475 3532 παυομενη
526 3479 538 3492 ⁸
579 3462 685 3514 ἀλλ’
720 3465 789 3524 εἰς
835 3471 924 3523 τὴν
973 3467 1131 3518 αὐτοῦ
1180 3465 1472 3517 ἀνάπαυσιν
1533 3473 1628 3525 τῆς
1681 3481 1816 3537 χρη⁹

204 3556 465 3612 στότητος
533 3554 792 3612 ἀναπῆναι
850 3559 936 3607 καὶ
994 3556 1340 3630 εὐφρανθῆναι
1415 3550 1735 3625 ἐκδεχομένη
1798 3570 1812 3584 ⁸

200 3645 290 3691 xui
330 3641 498 3703 ούτως
541 3637 635 3693 διὰ
669 3651 762 3705 τῆς
810 3647 1058 3706 τοιαύτης
1099 3650 1320 3703 πίστεως
1361 3645 1696 3713 ἐπιτυχοῦσα
1726 3651 1816 3702 τῆς

201 3728 510 3803 ἐπουρανίου
585 3729 804 3806 δωρεᾶς,
876 3738 965 3784 xui
1026 3737 1118 3791 τὴν
1191 3735 1470 3803 ἐπιθυμίαν
1549 3731 1708 3791 αὐτῆς
1767 3730 1814 3782 ἐν

199 3818 528 3891 πληροφορίᾳ
578 3816 673 3872 διὰ
721 3831 810 3882 τῆς
855 3824 1083 3896 χάριτος
1132 3821 1505 3883 ἀναπαύσασα,
1560 3825 1649 3871 καὶ
1707 3821 1813 3872 λοι·

200 3911 297 3959 πὸν
350 3915 633 3980 συμφώνως
680 3916 767 3962 καὶ
814 3910 1111 3972 ἀκολούθως
1143 3919 1214 3980 τῷ
1257 3913 1515 3980 Πνεύματι
1564 3918 1635 3979 τῷ
1682 3909 1815 3980 ἁγίῳ

203 3993 598 4062 διακονήσασα,
654 4005 743 4051 καὶ
815 4001 1073 4072 ὁσημέραι
1128 3999 1200 4060 εἰς
1264 4002 1322 4050 τό
1377 3997 1571 4069 ἀγαθόν
1629 4001 1816 4068 προκό-

202 4104 435 4150 πτουσα,
469 4091 559 4138 xui
591 4087 656 4147 εἰς
688 4092 783 4145 τὴν
814 4085 938 4139 ὁδὸν
967 4095 1058 4147 τῆς
1105 4083 1449 4146 δικαιοσύνης
1495 4084 1808 4155 ἐμμένουσα,

204 4178 294 4225 καὶ
344 4174 414 4235 εἰς
465 4178 523 4226 τό
577 4176 720 4236 τέλος
773 4177 1038 4248 ἄκαμπτος
1085 4180 1174 4227 καὶ
1229 4171 1593 4232 ἀσυνδύαστος
1645 4172 1716 4232 εἰς
1757 4176 1814 4224 τὸ

203 4268 398 4323 κακίας
446 4268 597 4336 μέρος
644 4261 982 4337 διαμείνασα,
1035 4269 1123 4316 xui
1175 4268 1268 4321 τὴν
1315 4265 1478 4334 χάριν
1528 4260 1574 4312 ἐν
1628 4258 1815 4332 μηδενὶ

1931 524 2111 576 Pater
2122 524 2371 578 ccclesiis
2382 525 2562 590 faciet
2579 525 2905 583 vindictam
2921 530 3308 586 clamantium
3323 533 3401 586 ad
3413 549 3471 589 se
3483 535 3580 590 die

1928 625 1999 665 ac
2023 618 2191 667 nocte
2219 614 2246 666 ?
2277 615 2337 667 Et
2366 613 2590 679 subdit,
2614 615 2822 669 dicens
2847 632 2858 669 :
2896 617 3067 672 Certe
3092 619 3224 673 dico
3254 620 3433 685 vobis,
3462 622 3576 677 cito

1926 700 2108 768 faciet
2131 701 2449 756 vindictam
2469 703 2714 758 illorum
2738 705 2806 756 ιθ.
2834 707 2898 758 Et
2924 721 3161 761 rursum
3189 708 3328 762 alibi
3360 709 3580 764 adhor-

1931 794 2086 842 tatur
2115 805 2126 842 :
2152 790 2341 846 Petite
2360 798 2411 846 et
2429 792 2671 847 dabitur
2685 793 2864 847 vobis.
2883 795 3083 850 Omnis
3109 797 3262 852 enim
3285 798 3390 868 qui
3409 799 3577 865 petit,

1929 877 2226 944 accipit,et
2240 882 2344 948 qui
2354 881 2586 949 quwrit,
2601 880 2826 936 invenit
2833 889 2904 941 ,et
2916 883 3186 950 pulsanti
3196 888 3504 952 aperietur
3516 889 3575 942 ⁵ο.

1927 966 2253 1036 Etpaulum
2275 983 2626 1036 progressus
2640 970 2903 1040 subjicit:
2933 972 3165 1038 Quanto
3181 976 3372 1043 magis
3398 977 3581 1032 Pater

1930 1059 2116 1110 vester
2135 1057 2381 1111 ctelestis
2407 1058 2572 1111 dabit
2595 1059 2885 1127 Spiritum
2909 1069 3177 1116 sanctum
3204 1065 3577 1129 poscentibus

1930 1146 2115 1198 eum51
2145 1146 2170 1198 ?
2191 1146 2379 1200 Amen
2396 1147 2526 1201 dico
2544 1148 2722 1211 vobis,
2751 1149 2856 1202 etsi
2876 1165 2993 1204 non
3021 1151 3312 1214 dabitilli,
3331 1167 3393 1207 eo
3420 1137 3578 1223 quod

1930 1233 2154 1287 amicus
2165 1233 2258 1298 sit,
2282 1241 2524 1302 propter
2543 1234 2972 1303 impudentiam
2993 1243 3192 1293 tamen
3207 1241 3332 1308 ejus
3349 1246 3572 1310 surget,

1929 1323 1982 1375 et
2006 1320 2168 1375 dabit
2200 1330 2491 1391 quantum
2523 1338 2668 1391 opus
2704 1324 2880 1380 habet
2907 1326 2975 1380 ⁵³.

2004 1695 2199 1750 XXV".
2255 1696 2497 1766 Absque
2538 1696 2766 1767 pudore
2819 1698 3015 1767 igitur,
3067 1698 3473 1755 indesinenter
3526 1704 3582 1755 et

1855 1772 1897 1826 Β
1929 1783 2223 1837 indefesse
2267 1791 2326 1838 ut
2359 1789 2633 1855 petamus
2683 1786 2760 1840 ab
2791 1803 2862 1841 eo
2892 1787 3121 1841 donum
3153 1789 3376 1856 gratiae,
3419 1789 3581 1843 hisce

1929 1872 2210 1925 omnibus
2243 1873 2583 1928 exhortatus
2625 1879 2727 1928 est.
2772 1875 3014 1945 Propter
3047 1881 3387 1945 peccatores
3417 1877 3579 1932 enim

1930 1961 2108 2024 venit,
2150 1966 2209 2015 ut
2239 1967 2646 2016 converterent
2680 1978 2740 2016 se
2781 1963 2855 2016 ad
2884 1963 3071 2027 illum,
3104 1969 3160 2018 et
3184 1969 3419 2018 curaret
3456 1979 3583 2019 cre-

1929 2048 2134 2102 dentes
2158 2049 2289 2118 ipsi.
2318 2052 2488 2104 Modo
2511 2065 2620 2104 nos
2647 2050 2762 2120 ipsi
2784 2067 2820 2106 a
2845 2050 3020 2105 malis
3046 2054 3583 2121 praeoccupationi-

1931 2135 2042 2190 bus
2072 2136 2501 2202 abstineamus,
2550 2149 2844 2209 quantum
2870 2139 2929 2193 in
2973 2140 3193 2194 viribus
3225 2141 3443 2196 nostris
3473 2147 3578 2211 est,

1930 2225 2139 2279 etodio
2154 2241 2786 2297 prcsequamuropera
2807 2227 2984 2294 mala,
3002 2233 3055 2283 et
3079 2229 3285 2283 mundi
3302 2230 3580 2286 technam

1930 2320 2108 2385 atque
2134 2315 2446 2384 improbos
2472 2331 2542 2369 ac
2565 2331 2753 2370 vanos
2778 2332 3086 2371 sermones
3115 2317 3576 2384 abhorreamus,

1928 2409 1984 2458 et
2016 2419 2120 2473 per
2154 2404 2356 2459 omnia
2397 2405 2469 2468 ei,
2499 2409 2796 2476 quantum
2827 2405 2953 2460 ﬁeri
3000 2410 3214 2476 potest,
3247 2407 3582 2478 agglutine-

1929 2508 2080 2546 mur.
2102 2497 2227 2563 Ipse
2257 2492 2502 2564 quidem
2528 2497 2769 2564 paratus
2791 2498 2879 2549 est
2903 2494 3183 2550 exhibere
3207 2495 3380 2550 nobis
3404 2512 3580 2552 suum

1927 2581 2236 2635 auxilium.
2263 2583 2573 2652 Propterea
2596 2583 2754 2637 enim
2789 2583 3121 2638 misericors
3142 2588 3252 2652 est,
3272 2584 3581 2639 viviﬁcans

1927 2677 1982 2724 et
2010 2686 2232 2724 sanans
2255 2670 2599 2725 affectiones
2622 2671 3000 2736 incurabiles,
3028 2677 3082 2728 et
3105 2673 3581 2742 redemptionem

1927 2757 2152 2812 faciens
2187 2759 2254 2811 iis
2285 2760 2384 2830 qui
2427 2759 2709 2813 invocant
2739 2775 2898 2826 eum,
2931 2767 2986 2814 et
3022 2761 3126 2831 qui
3156 2760 3233 2815 ad
3268 2775 3405 2816 eum
3440 2776 3586 2815 con-

1929 2847 2099 2910 versi,
2125 2846 2201 2900 ab
2225 2847 2385 2900 omni
2414 2846 2728 2902 dilectione
2749 2847 2978 2908 mundi.
3007 2853 3302 2918 quantum
3331 2848 3456 2903 ﬁeri
3482 2862 3586 2918 po-

1929 2939 2054 2997 test,
2076 2940 2288 3004 sponte
2309 2939 2364 2989 et
2384 2933 2714 2989 voluntarie
2739 2936 3043 3000 recedunt,
3067 2936 3293 3006 quique
3319 2940 3583 2990 mentem

1926 3038 1960 3076 a
1992 3025 2235 3076 terrenis
2283 3023 2651 3078 abstractam
2698 3023 2774 3078 ad
2815 3039 2954 3078 eum
3001 3030 3138 3078 voto
3189 3027 3245 3078 et
3282 3023 3582 3078 desiderio

1851 3127 1890 3182 ς]
1926 3110 2321 3178 sus-pendunt.
2377 3111 2683 3179 Ejusmodi
2716 3111 2920 3165 anima
2965 3111 3093 3180 ejus
3135 3111 3358 3165 auxilio
3397 3109 3582 3178 digna

1926 3198 2196 3263 habetur,
2215 3215 2350 3268 quas
2381 3199 2585 3254 omnia
2611 3215 2720 3269 pro
2749 3198 3067 3269 superﬂuis
3092 3200 3415 3264 existimat,
3447 3202 3502 3253 et
3522 3199 3581 3253 in

1925 3286 2090 3341 nulla
2110 3304 2170 3341 re
2205 3288 2512 3343 mundana
2544 3288 2905 3360 acquiescit;
2941 3288 3048 3343 sed
3077 3293 3381 3358 exspectat
3407 3288 3464 3341 in
3497 3301 3586 3341 re-

1925 3377 2062 3447 quie
2113 3377 2496 3444 benignitatis
2548 3376 2920 3448 requiescere
2951 3382 3007 3432 et
3049 3377 3357 3446 gaudere:
3411 3380 3466 3430 et
3499 3376 3582 3429 sic

1926 3481 2031 3535 per
2081 3466 2429 3535 hujusmodi
2464 3465 2644 3520 ﬁdem
2689 3467 2924 3521 caeleste
2955 3466 3185 3520 donum
3234 3469 3581 3528 consecuta,

1925 3569 2103 3608 omne
2138 3571 2316 3608 suum
2345 3555 2710 3609 desiderium
2742 3555 2800 3609 in
2835 3555 3012 3626 plena
3041 3554 3159 3609 ﬁde
3191 3570 3297 3624 per
3327 3553 3582 3623 gratiam

1925 3642 2194 3708 collocat,
2229 3650 2283 3697 et
2307 3644 2566 3715 denique
2593 3659 2854 3713 congrue
2881 3649 2936 3699 et
2964 3644 3385 3699 convenienter
3409 3641 3586 3712 Spiri-

1924 3731 2006 3785 tui
2040 3737 2245 3786 sancto
2272 3733 2582 3798 ministrat,
2615 3733 2881 3804 quotidie
2901 3733 3164 3787 bonitate
3189 3732 3302 3800 22
3330 3729 3581 3801 proﬁcit,

1924 3820 2105 3889 inque
2151 3821 2247 3875 via
2277 3821 2519 3891 justitite
2566 3836 2954 3891 perseverans
2996 3821 3054 3874 in
3097 3827 3474 3890 perpetuum,
3507 3816 3585 3874 ad

1926 3908 2163 3962 malitiae
2187 3924 2408 3978 genera
2429 3926 2545 3963 non
2569 3908 2841 3978 ﬂectitur,
2864 3924 2974 3963 nec
2997 3907 3075 3964 ad
3099 3908 3233 3963 vitia
3256 3906 3376 3962 ullo
3399 3905 3584 3961 modo

1924 3996 2204 4062 declinat,
2237 4003 2414 4068 atque
2446 3999 2700 4067 gratiam
2730 3997 2789 4051 in
2820 3995 2985 4052 nulla
3014 4012 3076 4051 re
3106 3995 3344 4051 tristitia
3374 3993 3582 4060 afﬁcit,

1925 4091 1980 4140 et
2010 4092 2229 4140 aeterna
2262 4087 2452 4141 salute
2484 4102 2621 4140 cum
2661 4085 2944 4140 omnibus
2983 4085 3202 4140 sanctis
3233 4083 3416 4153 digna
3443 4096 3584 4136 cen-

1926 4181 2106 4241 setur,
2142 4175 2295 4230 velut
2347 4175 2416 4230 iis
2449 4174 2613 4229 socia
2651 4180 2707 4229 et
2754 4189 2956 4228 comes
3001 4171 3331 4228 imitatione
3372 4185 3580 4226 eorum

1926 4263 1982 4316 in
2017 4265 2244 4318 mundo
2275 4268 2646 4318 conversata.
2678 4267 2886 4317 Amen.

205 4352 501 4409 λυπήσασα
530 4361 621 4413 τῆς
647 4354 858 4406 αἰωνίου
896 4358 1157 4426 σωτηρίας
1191 4356 1284 4404 σὺν
1312 4358 1444 4404 πᾶσι
1500 4358 1608 4410 τοίς
1637 4348 1809 4421 ἁγίοις
1839 4351 2181 4414 καταξιοῦται
2213 4353 2302 4406 ἅτε
2334 4351 2400 4411 δὴ
2434 4355 2677 4414 κοινωνὸς
2720 4355 2808 4404 xui
2841 4346 3136 4422 σύνδρομος
3180 4349 3317 4401 κατὰ
3353 4350 3583 4420 μίμησιν

206 4440 377 4491 αύτῶν
409 4439 456 4491 ἐν
485 4447 669 4513 κόσμῳ
702 4440 1111 4516 διαστραφεῐσα.
1153 4442 1334 4513 Ἀμήν.

838 4550 1084 4603 ΟΜΙΛΙΑ
1130 4547 1200 4602 Ε’.

211 4635 421 4691 Πολλὴ
483 4639 887 4706 μετάστασις
943 4637 1177 4710 μεταξὺ
1237 4644 1352 4687 τῶν
1413 4640 1823 4710 Χριστιανῶν

286 4710 396 4755 xui
435 4705 550 4758 τῶν
604 4705 951 4780 ἀνθρώπων
998 4716 1105 4760 τοῦ
1146 4712 1392 4776 κόσμου
1453 4705 1690 4759 τούτου.
1752 4705 1826 4754 Οἱ

286 4781 398 4847 μὲν
431 4783 572 4853 Δγάρ
614 4789 861 4851 πνεῦμα
918 4788 1028 4831 τοῦ
1091 4785 1334 4850 κόσμου
1403 4780 1688 4853 ἕχονςεςς
1750 4782 1820 4853 τῇ

285 4844 670 4921 καρδ’ία’καὶ
711 4844 914 4921 τῷγῷ
954 4855 1010 4903 ἓν
1065 4844 1502 4914 τοῖςγηίνοις
1557 4844 1826 4916 δεσμοῖς

287 4915 590 4973 δέδενται
633 4941 648 4954 ·
691 4915 1033 4980 οἶδἐτὴν
1096 4922 1351 4992 ἀγάπην
1403 4927 1512 4992 τοῦ
1566 4915 1827 4988 ἐπουρα-

283 4996 425 5043 νίου
505 4999 756 5064 Πατρὸς
832 4994 1290 5057 ἐπιποθοῦσιν,
1370 4991 1565 5064 αὑτὸν
1639 4993 1826 5062 μόνον

285 5067 408 5134 πρὸ
449 5063 787 5136 ὀφθαλμῶν
845 5068 903 5116 ἐν
942 5065 1143 5136 πολλῇ
1188 5064 1504 5134 ἐπιθυμίᾳ
1543 5063 1842 5131 ἔχοντες.’

286 5169 364 5222 A'.
427 5168 484 5221 Ὀ
539 5179 637 5222 τῶν
697 5179 1024 5245 Χριστιανῶν
1082 5175 1280 5240 κόσμος
1335 5169 1506 5240 ἕτερός
1560 5165 1690 5230 ἐστι,
1736 5171 1828 5217 xui

213 5255 484 5328 διαγωγὴ,
546 5265 636 5311 καὶ
701 5267 840 5326 νοῦς,
902 5264 990 5310 καὶ
1042 5259 1213 5330 λόγος,
1275 5261 1364 5308 καὶ
1422 5255 1609 5326 πρᾶξις
1676 5253 1828 5326 ἑτέρα

208 5350 494 5418 τυγχάνει,
538 5353 624 5399 καὶ
672 5351 701 5406 ἠ
746 5355 846 5398 τῶν
901 5347 1182 5420 ἀνθρώπων
1238 5353 1329 5397 τοῦ
1381 5349 1582 5416 κόσμου
1644 5344 1827 5393 τούτου

211 5431 483 5506 διαγωγὴ,
549 5442 639 5488 καί
697 5445 831 5500 νοῦς,
892 5442 980 5488 καὶ
1044 5437 1218 5505 λόγος,
1278 5440 1367 5485 καὶ
1417 5432 1605 5508 πρᾶξις
1656 5430 1824 5502 ἑτέρα.

208 5523 374 5578 Ἀλλο
434 5531 486 5577 τί
541 5525 670 5578 εἰσιν
725 5525 906 5578 ἐκεῖνοι
957 5531 1046 5578 καὶ
1098 5524 1218 5577 ἄλλο
1268 5526 1321 5575 τί
1364 5522 1493 5575 εἰσιν
1546 5520 1705 5585 οὗτοι,
1741 5522 1829 5571 καὶ

325 5688 370 5720 ιθ
407 5691 472 5746 ιι
497 5703 542 5738 (ι.
577 5699 735 5752 nm,
772 5683 1320 5750 7,τ.ι(τΜε›11’.γ]ι,
1350 5686 1404 5750 7,
1439 5683 1488 5737 8.
1523 5680 1566 5716 ⁵¹
1599 5679 1735 5734 Luc.
1761 5690 1843 5742 ιι,
1869 5677 1901 5731 9

2569 4547 2858 4605 HOMILIA
2899 4548 2962 4601 V.

1939 4639 2159 4707 Magna
2173 4638 2514 4707 different-ia
2527 4638 2683 4693 inter
2698 4636 3064 4692 Christianos
3078 4641 3129 4690 et
3143 4630 3587 4707 homines-hujus

2007 4705 2326 4765 suculiﬂi
2341 4709 2490 4764 enim
2507 4709 2725 4776 spiritu
2743 4707 2950 4762 mundi
2957 4705 3200 4777 praediti
3212 4706 3585 4777 animotenus

2007 4797 2076 4836 ac
2090 4782 2262 4835 corde
2287 4773 2662 4836 terrestribus
2679 4779 2929 4833 vinculis
2949 4773 3133 4833 vincti
3147 4779 3312 4831 sunt:
3329 4773 3426 4830 illi
3450 4788 3588 4827 vero

2006 4852 2313 4906 dilectione
2325 4851 2564 4906 caelestis
2577 4850 2773 4905 Patris
2787 4850 3158 4914 detenti,eum
3175 4849 3364 4904 solum
3377 4845 3442 4901 ob
3455 4859 3591 4900 ocu-

2011 4925 2095 4978 los
2121 4925 2183 4978 in
2223 4927 2386 4978 omni
2412 4921 2700 4977 desiderio
2732 4921 2971 4978 habent.

2011 5155 2049 5207 Ι.
2087 5153 2246 5207 Alius
2275 5156 2361 5207 est
2408 5152 2873 5207 Christianorum
2919 5147 3206 5214 mundus,
3241 5143 3406 5203 aliud
3453 5143 3591 5199 vitae

1940 5242 2291 5305 institutum,
2313 5241 2429 5296 alia
2451 5255 2638 5305 mens,
2660 5240 2813 5294 alius
2832 5253 3028 5292 sermo
3046 5243 3224 5308 atque
3242 5234 3358 5290 alia
3375 5247 3560 5303 opera
3580 5269 3595 5296 ,

1939 5337 1995 5386 et
2019 5332 2180 5386 aliud
2205 5337 2294 5384 est
2316 5332 2444 5384 vitae
2471 5328 2804 5383 institutum
2826 5327 3140 5382 hominum
3159 5324 3337 5394 hujus
3356 5319 3590 5385 mundi,

1940 5422 2052 5477 alia
2080 5437 2268 5485 mens,
2289 5421 2436 5474 alius
2455 5434 2673 5484 sermo,
2691 5423 2870 5489 atque
2891 5417 3006 5472 alia
3027 5429 3239 5487 opera:
3264 5409 3427 5468 aliud
3455 5410 3594 5463 sunt

1942 5512 2043 5584 illi,
2070 5519 2124 5568 et
2150 5510 2314 5567 aliud
2345 5509 2557 5566 sunthi
2587 5526 2600 5565 :
2630 5513 2684 5566 et
2716 5521 2939 5578 magna
2965 5502 3300 5561 diﬁerentia
3328 5503 3418 5556 est
3441 5497 3591 5553 inter

1907 5673 1984 5732 .⁶³
2009 5671 2155 5731 ibid.
2185 5662 2280 5727 to}
