4084 6256
564 290 672 350 495

1841 290 1905 351 S.
1946 286 2254 347 MACARII
2289 287 2601 349 EGYPTII
3786 296 3874 358 496

563 419 676 477 hos
705 423 760 475 et
785 419 940 477 illos.
982 418 1349 476 Habitatores
1380 418 1538 475 enim
1581 424 1770 487 terras,
1802 422 1859 474 et
1885 418 1987 473 ﬁlii
2026 418 2202 490 hujus

2315 417 2475 476 πολλὴ
2534 415 2817 479 διάστασις
2874 419 3064 489 μεταξὺ
3121 440 3313 473 τουτων
3362 420 3625 477 κάκείνων.
3679 425 3741 477 Οἱ
3786 429 3874 500 γὰρ

565 509 766 565 saeculi
787 509 1009 564 similes
1027 509 1471 564 suntfrumento
1492 509 1550 563 in
1565 509 1825 564 cribrum
1846 509 2024 578 hujus
2039 514 2206 563 terrae

562 600 850 671 conjecto,
900 600 1123 670 quippe
1170 601 1270 670 qui
1319 603 1769 654 commoventur
1802 598 1976 653 ﬂuxis
2024 598 2205 667 hujus

565 688 773 743 mundi
818 687 1293 757 cogitationibus,
1342 694 1399 742 et
1428 687 1858 757 jactationibus
1908 686 2207 758 perpetuis

561 782 928 833 terrenarum
959 793 1181 837 rerum.
1219 776 1655 833 desideriorum
1688 793 1756 831 ac
1786 776 2081 830 variarum
2113 792 2208 831 co-

562 866 912 937 gitationum
931 881 1267 921 crassarum
1300 882 1313 920 :
1336 866 1599 935 jactaute
1626 866 1862 920 animas
1888 867 2124 927 Satana,
2151 869 2208 919 et

561 954 855 1010 cribrante
881 953 1094 1020 cribro,
1122 955 1236 1009 hoc
1261 961 1366 1018 est,
1399 955 1579 1008 rebus
1604 954 1871 1018 terrenis,
1905 969 2083 1009 omne
2102 968 2206 1022 ge-

556 1058 671 1098 nus
684 1043 1041 1107 humanum,
1060 1049 1303 1114 peccato
1320 1043 1649 1099 obnoxium
1676 1059 1710 1098 a
1728 1048 1989 1113 tempore
2004 1042 2208 1112 lapsus

557 1132 719 1199 Adae,
772 1133 875 1203 qui
920 1137 1330 1201 transgressus
1388 1132 1759 1192 mandatum,
1814 1133 1871 1186 in
1925 1131 2208 1202 principis

566 1221 806 1277 malitiae
831 1225 1182 1291 potestatem
1214 1222 1394 1276 venit.
1428 1223 1554 1286 Qua
1580 1221 1672 1275 ille
1704 1226 1969 1291 accepta,
2002 1235 2208 1291 perpe-

563 1311 679 1366 tuis
733 1310 1012 1365 fraudum
1073 1315 1128 1364 et
1178 1310 1690 1381 perturbationum
1751 1309 2208 1379 cogitationibus

561 1397 796 1463 cribrat,
830 1402 884 1453 et
913 1396 1139 1453 collidit
1178 1398 1373 1453 cribro
1404 1404 1571 1453 terra;
1600 1414 1811 1454 omnes
1839 1398 1993 1453 ﬁlios
2029 1398 2209 1468 hujus

564 1485 786 1542 saeculi.

636 1701 702 1756 Il.
755 1699 1279 1765 Quemadmodum
1325 1701 1481 1755 enim
1534 1700 1593 1756 in
1642 1700 1838 1756 cribro
1877 1702 2133 1756 triticum
2174 1717 2209 1756 a
2243 1733 2280 1787 Β

563 1789 859 1846 cribrante
886 1788 1161 1853 alliditur,
1196 1793 1253 1844 et
1277 1789 1334 1844 in
1363 1804 1433 1845 eo
1454 1790 1740 1856 agitatum
1765 1791 2041 1845 continue
2072 1805 2207 1844 con-

558 1878 835 1935 vertitur:
862 1878 947 1933 sic
967 1879 1245 1949 princeps
1268 1879 1505 1934 malitiaa
1523 1879 1770 1934 terrenis
1789 1880 1968 1934 rebus
1987 1879 2208 1934 detinet

556 1967 853 2029 homines,
877 1967 1065 2038 iisque
1078 1984 1179 2022 eos
1197 1969 1399 2037 agitat,
1423 1968 1739 2024 conturbat
1753 1985 1822 2024 ac
1839 1975 2205 2033 commovet;

557 2061 611 2113 et
634 2062 695 2112 ut
726 2057 1051 2112 alliduntur
1070 2057 1529 2125 cogitationibus
1560 2059 1752 2123 vanis,
1781 2058 2209 2128 cupiditatibus

566 2146 839 2216 turpibus
866 2161 935 2200 ac
974 2145 1226 2200 vinculis
1258 2147 1500 2200 terrenis
1527 2152 1583 2200 et
1624 2147 1969 2211 mundanis,
2013 2146 2206 2211 efﬁcit,

556 2234 787 2305 absque
818 2234 938 2289 ulla
976 2234 1417 2290 intermissione
1448 2236 1778 2305 captivans,
1831 2235 2208 2304 perturbans,

557 2327 614 2379 et
650 2322 924 2378 inescans
948 2338 1128 2378 omne
1159 2338 1347 2393 genus
1377 2322 1519 2377 Adae
1548 2331 1796 2393 peccato
1826 2323 2155 2379 obnoxium
2193 2343 2205 2379 :

555 2410 1073 2482 quemadmodum
1099 2411 1385 2466 Dominus
1404 2411 1692 2482 apostolis
1710 2412 1970 2467 futuram
1996 2413 2208 2483 princi-

556 2502 652 2572 pis
678 2501 954 2572 nequitias
975 2501 1259 2555 adversus
1272 2516 1373 2556 eos
1395 2501 1881 2556 insurrectionem
1904 2502 2202 2572 praedixit:

554 2589 863 2660 Expetivit
874 2589 1135 2644 Satanas
1152 2604 1249 2644 vos
1262 2589 1342 2645 ad
1353 2588 1740 2645 cribrandum
1755 2592 1907 2645 sicut
1920 2590 2207 2647 triticum:

562 2678 668 2734 sed
693 2693 797 2748 ego
828 2678 1039 2747 rogavi
1068 2679 1306 2733 Patrem
1338 2693 1549 2743 meum,
1582 2694 1656 2735 ne
1692 2680 1919 2746 deﬁciat
1944 2680 2089 2748 ﬁdes
2118 2696 2207 2735 ve-

558 2772 685 2823 stra
717 2766 784 2820 ⁵³.
814 2765 1071 2821 Verbum
1102 2766 1261 2821 enim
1292 2765 1437 2821 illud
1471 2767 1631 2838 quod
1663 2783 1697 2821 a
1728 2770 1998 2823 Creatore
2026 2769 2204 2825 Caino

559 2854 782 2911 dictum
820 2859 927 2919 est,
960 2859 1016 2909 et
1042 2855 1331 2909 sententia
1356 2854 1453 2909 illa
1488 2855 1685 2926 palam
1720 2856 1969 2926 prolata,
1998 2856 2206 2912 videli-

554 2949 665 3009 cet,
697 2944 944 3000 Gemens
965 2959 1035 2999 ac
1059 2947 1311 3000 tremens
1337 2960 1516 3014 super
1537 2948 1755 3000 terram
1784 2946 2107 3014 agitaberis
2133 2948 2200 3011 5‘.

547 3037 727 3105 typus
758 3037 814 3088 et
854 3032 1057 3103 imago
1085 3032 1320 3088 occulta
1366 3034 1637 3088 omnium
1680 3038 2059 3104 peccatorum
2094 3041 2200 3091 est.

552 3122 645 3177 Sic
676 3121 833 3177 enim
861 3136 1050 3190 genus
1078 3121 1241 3187 Adae,
1283 3138 1420 3178 cum
1452 3122 1721 3191 neglecto
1757 3123 1850 3177 Dei
1884 3130 2200 3195 praecepto.

547 3218 792 3283 peccato
834 3211 1164 3267 obnoxium
1213 3211 1431 3266 tactum
1466 3218 1639 3280 esset,
1684 3211 1846 3267 illam
1879 3214 2201 3282 imaginem

538 3298 792 3355 latenter
838 3301 897 3354 in
947 3315 1010 3354 se
1043 3300 1349 3371 possidere
1404 3301 1602 3371 ccepit,
1650 3301 1937 3365 agitatum
1996 3309 2202 3372 postea

547 3388 843 3443 continuis
890 3388 1351 3458 cogitationibus
1404 3393 1597 3444 metus
1646 3394 1699 3444 et
1733 3390 1978 3453 timoris,
2022 3397 2200 3462 atque

550 3475 748 3532 omnis
778 3475 1261 3545 perturbationis,
1291 3478 1467 3532 variis
1499 3477 1924 3548 cupiditatibus
1951 3484 2004 3533 et
2034 3480 2203 3534 volu-

551 3563 836 3634 ptatibus,
878 3563 1144 3634 principe
1173 3563 1355 3633 hujus
1398 3565 1628 3630 mundi,
1662 3582 1903 3621 omnem
1935 3568 2197 3623 animam

550 3667 622 3707 ex
648 3653 764 3705 Deo
791 3666 910 3706 non
942 3654 1234 3717 renatam,
1266 3651 1383 3707 huc
1411 3651 1548 3708 illuc
1574 3653 1931 3723 impellente,
1962 3660 2017 3710 et
2046 3656 2201 3712 velut

548 3739 805 3796 triticum
832 3739 889 3795 in
922 3739 1117 3794 cribro
1136 3739 1425 3809 agitatum
1451 3740 1693 3797 assidue
1711 3743 2023 3798 hominum
2046 3746 2201 3815 cogi-

544 3827 800 3884 tationes
841 3827 1252 3894 conturbante,
1295 3836 1477 3900 atque
1527 3829 1977 3887 seductionibus
2021 3832 2200 3904 hujus

546 3916 780 3983 mundi,
807 3920 867 3973 et
893 3916 1322 3988 voluptatibus,
1355 3922 1410 3973 et
1450 3918 1761 3974 timoribus
1793 3936 1862 3975 ac
1889 3922 2201 3991 perturba-

548 4005 814 4063 tionibus
839 4021 1052 4063 omnes
1082 4006 1347 4076 agitante
1377 4012 1555 4079 atque
1580 4008 1904 4065 inescante.

615 4218 712 4273 Ill.
737 4218 942 4290 Itaque
970 4218 1611 4282 Uominus,ostendens
1644 4234 1748 4274 eos
1776 4221 1876 4293 qui
1891 4221 2197 4278 illecebras

543 4310 599 4363 et
625 4306 994 4362 voluntatem
1015 4306 1301 4379 principis
1329 4322 1589 4379 nequam
1615 4315 1966 4380 sequuntur,
1993 4313 2198 4382 imagi-

2314 514 2409 567 τῆς
2437 516 2533 577 γῆς
2576 508 2863 582 οἰκήτορες,
2910 514 2999 561 καὶ
3037 512 3103 561 τὰ
3145 514 3294 562 τέκνα
3338 519 3431 563 τοῦ
3477 512 3654 574 αἰῶνος
3692 517 3872 577 τούτου,

2316 595 2518 648 ἐοίκασι
2572 602 2703 668 σίτῳ
2762 596 3058 669 βεϐλημένῳ
3107 600 3157 651 ἐν
3212 605 3356 669 σινίῳ
3409 610 3502 662 τῆς
3542 609 3641 672 γῆς
3691 605 3877 671 ταύτης,

2318 686 2669 757 σινιαζόμενοι
2714 686 2760 739 ἐν
2806 686 3054 749 ἀστάτοις
3101 689 3370 760 λογισμοῖς
3407 698 3495 741 τοῦ
3542 694 3736 761 κόσμου
3776 696 3882 743 τού-

2315 794 2427 843 του,
2486 781 2575 827 καὶ
2633 777 2773 848 σάλῳ
2839 776 3091 848 ἀπαύστῳ
3156 787 3255 829 τῶν
3314 781 3508 849 γηίνων
3568 783 3876 852 πραγμάτων,

2314 866 2615 935 ἐπιθυμιῶν,
2692 871 2782 918 καὶ
2856 866 3191 919 πολυπλόκων
3266 866 3465 920 ἐννοιῶν
3538 868 3739 932 ύλικῶν,
3805 874 3883 932 τὰς

2314 952 2501 1024 ψυχὰς
2557 952 2968 1017 κλυδωνίζοντος
3021 962 3109 1009 xui
3165 958 3489 1019 σινιάξοντος
3557 964 3749 1010 Σατανα
3807 955 3885 1011 διὰ

2315 1049 2406 1093 τοῦ
2438 1048 2623 1105 σινίου,
2674 1048 2916 1097 τουτέστι
2962 1054 3060 1097 τῶν
3104 1049 3296 1115 γηίνων
3344 1049 3680 1119 πραγμόιτων,
3713 1053 3801 1098 πᾶν
3838 1052 3884 1100 τό

2316 1129 2618 1203 ἁμαρτωλὸν
2666 1138 2808 1204 γένος
2836 1144 2936 1186 τῶν
2987 1134 3287 1206 ἀνθρώπων,
3322 1137 3424 1188 ἀπὸ
3470 1145 3563 1197 τῆς
3606 1143 3694 1187 τοῦ
3735 1133 3885 1208 Ἀδὰμ

2316 1217 2617 1283 ἐκπτώσεως
2670 1223 2997 1295 παραϐάντος
3050 1230 3143 1281 τὴν
3205 1224 3410 1283 ἐντολήν
3464 1244 3475 1256 ·
3533 1230 3621 1277 καὶ
3672 1227 3763 1277 ύπὸ
3814 1229 3885 1277 τὸν

2316 1310 2552 1382 ἄρχοντα
2582 1319 2672 1371 τῆς
2720 1318 2970 1387 πονηρίας
3003 1318 3292 1384 γεγονότος,
3344 1314 3588 1374 λαϐόντος
3627 1315 3775 1366 αὐτοῦ
3809 1319 3888 1372 τὴν

2317 1397 2579 1465 ἐξουσίαν,
2642 1406 2731 1452 καὶ
2782 1401 2960 1453 λοιπὸν
3019 1402 3313 1464 ἀπαύστοις
3378 1404 3653 1475 λογισμοῖς
3714 1403 3889 1464 ἀπάτης

2315 1492 2405 1539 xui
2444 1488 2625 1541 κλόνου
2673 1492 2997 1553 σινιάζοντος
3049 1496 3138 1544 καὶ
3187 1496 3603 1565 προσκρούοντος
3646 1501 3714 1563 τῷ
3763 1498 3889 1563 σινίῳ

2315 1583 2406 1637 τῆς
2434 1585 2533 1648 γῆς
2559 1580 2755 1641 πάντας
2777 1583 2892 1641 τοὺς
2922 1583 3067 1642 υἱούς
3096 1589 3188 1633 τοῦ
3217 1582 3398 1643 αἰῶνος
3426 1585 3631 1636 τούτου.

2390 1699 2435 1753 Β’
2473 1701 2675 1774 Ὠσπερ
2714 1706 2816 1776 γὰρ
2859 1704 2906 1756 ἐν
2946 1713 3017 1775 τῷ
3053 1711 3199 1777 σινίῳ
3240 1708 3264 1758 ὸ
3307 1714 3451 1767 σῖτος
3490 1708 3589 1758 ὑπὸ
3628 1714 3713 1757 τοῦ
3752 1708 3892 1757 σινιά-

2320 1790 2496 1852 ζοντος
2552 1798 2892 1865 προσκόπτει,
2960 1799 3048 1846 καὶ
3101 1794 3148 1846 ἐν
3203 1795 3344 1865 αὐτῷ
3411 1795 3646 1855 ἀστάτως
3706 1795 3891 1847 σαλευό-

2320 1899 2463 1951 μενος
2518 1886 2790 1955 στρέφεται
2820 1901 2831 1913 ·
2887 1883 3021 1935 οὕτω
3071 1880 3166 1935 διὰ
3216 1894 3316 1936 τῶν
3365 1887 3562 1955 γηίνων
3608 1886 3889 1957 πραγμάτων

2320 1972 2516 2031 πάντας
2582 1974 2699 2032 τούς
2767 1970 3068 2043 ἀνθρώπους
3143 1978 3361 2045 κατέχει
3430 1976 3456 2025 6
3519 1982 3610 2034 τῆς
3674 1976 3889 2041 πονηρίας

2322 2060 2522 2132 ἄρχων,
2562 2065 2649 2111 καὶ
2690 2058 2762 2112 δι’
2804 2062 2970 2113 αὐτῶν
3013 2062 3234 2129 σαλεύει,
3276 2069 3369 2115 καὶ
3410 2064 3590 2124 κλονεῖ,
3633 2068 3716 2114 καὶ
3754 2081 3889 2135 προσ-

2321 2152 2528 2199 κόπτειν
2589 2157 2725 2201 ποιεῖ
2784 2147 3146 2223 διαλογισμοῖς
3197 2158 3462 2223 ματαίοις,
3527 2156 3614 2203 καὶ
3668 2151 3889 2221 αἰσχραῖς

2321 2237 2625 2308 ἐπιθυμίαις
2661 2243 2750 2290 καὶ
2792 2236 3009 2310 δεσμοῖς
3046 2243 3248 2311 γηῖνοις
3285 2246 3380 2294 καὶ
3420 2248 3712 2312 κοσμικοῖς,
3753 2237 3889 2290 ἀστά-

2319 2345 2416 2385 τως
2453 2326 2861 2397 αἰχμαλωτίςων
2908 2334 2996 2381 καὶ
3036 2330 3240 2390 κλονῶν,
3284 2336 3383 2383 καὶ
3424 2330 3676 2390 Δελεὰζων
3712 2334 3801 2379 πᾶν
3845 2330 3891 2378 τὸ

2320 2414 2623 2487 ἁμαρτωλὸν
2666 2420 2812 2487 γένος
2857 2426 2947 2469 τοῦ
2979 2416 3176 2490 Ἀδὰμ,
3226 2423 3294 2481 ὡς
3326 2422 3351 2472 ό
3409 2423 3593 2489 Κύριος
3644 2424 3743 2476 τοῖς
3784 2415 3890 2467 ἀπο-

2318 2503 2515 2564 στόλοις
2573 2509 2667 2562 τὴν
2722 2512 2813 2557 τοῦ
2866 2515 3094 2577 πονηροῦ
3145 2508 3257 2559 κατ’
3326 2510 3506 2561 αὐτῶν
3576 2508 3889 2559 ἐπανάστασιν

3291 2599 3708 2671 Ἐξῃτήσατο
3754 2596 3888 2663 ὑμᾶς

3644 2684 3885 2751 ἀλλ’ἑγω

2316 2592 2602 2664 μέλλουσαν
2658 2596 2868 2646 ἔσεσθαι
2918 2596 3183 2666 προέλεγεν
3217 2615 3227 2626 ’

2317 2683 2341 2733 ὸ
2386 2688 2667 2744 Σατανᾶς
2710 2688 3013 2736 σινιάσαι
3070 2688 3147 2746 ὡς
3198 2690 3305 2737 τὸν
3365 2695 3551 2739 σῖτον
3586 2703 3596 2716 ³

2316 2768 2589 2829 ἐδεήθην
2644 2780 2753 2824 τοῦ
2806 2779 3055 2847 Πατρός
3103 2796 3241 2846 μου,
3298 2778 3409 2829 ἵνα
3460 2781 3544 2848 μὴ
3601 2775 3808 2843 ἐκλίπῃ
3858 2771 3881 2825 ἦ

2314 2866 2543 2923 πίστις
2587 2862 2775 2932 ὑμῶν.
2830 2862 2888 2915 Ὀ
2919 2866 3018 2937 γὰρ
3052 2872 3124 2934 τῷ
3158 2867 3283 2917 Κάῐν
3312 2868 3420 2918 ὑπὸ
3453 2873 3544 2918 τοῦ
3594 2863 3882 2935 Δημιουργοῦ

2312 2950 2487 3024 ῥηθεὶς
2517 2950 2686 3021 λόγος,
2712 2956 2801 3003 καὶ
2822 2955 2850 3010 ἡ
2882 2950 3143 3023 ἀπόφασις
3171 2955 3241 3015 εἰς
3266 2959 3322 3007 τὸ
3355 2958 3636 3029 προφανὲς,
3674 2955 3745 3014 τὸ,
3779 2950 3877 3000 Στέ-

2314 3060 2449 3104 νων,
2498 3044 2605 3091 καὶ
2654 3044 2919 3113 τρέμων,
2966 3047 3078 3094 καὶ
3128 3049 3474 3115 σειόμενος
3522 3047 3630 3115 ἔσῃ
3673 3040 3884 3094 ἒπὶτῆς

2312 3135 2389 3198 γῆ
2411 3149 2452 3196 ς,
2497 3132 2653 3189 τύπος
2682 3134 2771 3181 καὶ
2803 3130 2948 3182 εἰκὼν
2971 3151 3171 3183 παντων
3195 3141 3293 3183 τῶν
3320 3133 3642 3206 ἁμαρτωλῶν
3666 3129 3880 3198 τυγχὰνει

2312 3220 2447 3269 κατά
2493 3222 2551 3269 τὸ
2595 3223 2841 3289 κρυπτὸν.
2879 3220 3031 3271 Οὕτω
3079 3224 3178 3292 γὰρ
3234 3221 3458 3275 ἐκπεσὸν
3490 3230 3583 3283 τῆς
3630 3217 3803 3274 ἐντολῆς
3832 3215 3877 3263 τό

2311 3311 2456 3376 γένος
2510 3303 2703 3377 Ἀδὰμ,
2750 3314 2837 3360 xui
2891 3309 3193 3381 ἁμαρτωλὸν
3244 3314 3533 3374 καταστὰν,
3586 3309 3761 3362 ἐκείνην
3802 3306 3878 3356 τὴν

2313 3396 2483 3447 εἰκόνα
2512 3399 2647 3448 κατὰ
2674 3400 2728 3449 τὸ
2777 3402 3005 3468 κρυπτὸν
3049 3404 3312 3461 κέκτηται,
3364 3401 3700 3470 σαλευόμενον
3744 3391 3878 3444 ἀστά-

2311 3504 2417 3545 τοις
2463 3485 2736 3556 λογισμοῖς
2782 3484 2980 3549 δειλίας
3026 3507 3080 3540 τε
3127 3494 3216 3540 καὶ
3261 3487 3448 3560 φόϐου,
3484 3493 3572 3541 καὶ
3622 3488 3782 3543 πάσης
3808 3497 3877 3530 τα·

2310 3581 2507 3645 ραχῆς,
2558 3573 2860 3645 ἐπιθυμίαις
2888 3580 2980 3627 xui
3011 3574 3228 3637 ἡδοναῖς
3270 3576 3633 3636 παντοδαπαῖς
3674 3576 3753 3624 καὶ
3779 3586 3875 3620 ποι-

2310 3662 2482 3724 κίλαις
2521 3670 2610 3715 τοῦ
2662 3666 2920 3736 ἄρχοντος
2966 3673 3056 3716 τοῦ
3105 3670 3307 3737 κόσμου
3359 3671 3551 3720 τούτου
3602 3670 3760 3716 πᾶσαν
3796 3656 3875 3726 ψιν

2309 3755 2417 3823 χὴν
2486 3749 2911 3817 κλυδωνίζοντος,
2981 3758 3074 3812 τὴν
3128 3759 3199 3826 μὴ
3267 3760 3641 3828 γεγεννημένην
3705 3749 3752 3800 ἐκ
3806 3747 3877 3795 τοῦ

2311 3848 2465 3908 Θεοῦ,
2522 3847 2612 3893 καὶ
2667 3844 2733 3903 ὡς
2793 3850 2934 3895 σῖτον
2989 3842 3038 3894 ἐν
3092 3849 3239 3915 σινίῳ
3292 3852 3633 3919 στρεφόμενον
3682 3835 3878 3890 ἀστάτως

2310 3933 2429 3991 τοὺς
2486 3939 2585 3982 τῶν
2658 3930 2938 4005 ἀνθρώπων
3008 3932 3289 4004 λογισμοὺς
3359 3935 3611 3994 ποικίλως
3666 3922 3877 3980 κλυδωνί-

2311 4020 2507 4087 ζοντος,
2574 4018 2621 4070 ἐν
2681 4018 2906 4082 ἀπάταις
2960 4030 3244 4092 κοσμικαῖς
3300 4029 3517 4096 σαρκὸς,
3568 4024 3653 4073 καὶ
3714 4011 3873 4086 φόϐοις,

2310 4112 2399 4159 καὶ
2431 4115 2693 4179 ταραχαῖς
2723 4110 2919 4171 πάντας
2954 4109 3287 4177 σαλεύοντος,
3330 4118 3422 4165 xui
3458 4109 3789 4168 δελεάζοντος-

2382 4223 2452 4278 Γ’.
2488 4226 2590 4279 Καὶ
2613 4226 2711 4297 γὰρ
2745 4225 2769 4275 ὁ
2803 4227 2999 4298 Κύριος
3028 4229 3148 4288 τούς
3190 4235 3306 4289 ταῖς
3338 4227 3560 4287 ἀπάταις
3587 4228 3669 4276 xui
3698 4224 3794 4277 τοῖς
3821 4213 3879 4263 9⁸·

2307 4312 2508 4384 λήμασι
2564 4320 2656 4365 τοῦ
2704 4322 2932 4385 πονηροῦ
2988 4314 3458 4379 ἐξακολουθοῦντας
3511 4313 3764 4374 δεικνύων,
3812 4301 3875 4351 ὅτι

542 4410 682 4452 nem
703 4394 1115 4452 Cainimalitiae
1136 4400 1392 4464 gestare,
1407 4400 1465 4451 et
1488 4396 1928 4467 reprehendens
1950 4400 2194 4456 eosdem

2312 4406 2399 4459 τὴν
2432 4401 2602 4453 εἰκόνα
2631 4410 2723 4453 τοῦ
2769 4404 2896 4454 Κάῖν
2942 4412 3032 4463 τῆς
3075 4411 3329 4478 πονηρίας
3370 4412 3632 4479 φέρουσιν,
3679 4396 3873 4464 ἐλέγχων

545 4483 691 4540 dixit
724 4502 737 4542 :
796 4484 924 4549 Vos,
953 4484 1053 4550 ait,
1085 4485 1381 4541 desideria
1424 4486 1624 4556 patris
1656 4487 1840 4542 vestri
1868 4489 2047 4543 vultis
2081 4491 2191 4562 23

541 4573 764 4643 facere.
788 4573 896 4629 Ille
912 4573 1207 4630 homicida
1228 4575 1647 4639 eratabinitio,
1671 4576 1798 4632 etin
1814 4578 2055 4634 veritate
2075 4595 2193 4633 non

541 4661 697 4718 stetit
713 4661 776 4715 ⁵⁵.
815 4662 1018 4733 Itaque
1049 4663 1393 4718 universum
1424 4678 1614 4733 genus
1643 4663 1783 4719 Adae
1815 4672 2056 4733 peccato
2086 4667 2192 4721 ob-

542 4749 812 4814 noxium,
867 4750 1430 4806 condemnationem
1475 4752 1638 4807 illam
1691 4752 1969 4808 latentem
2024 4756 2079 4808 in
2133 4772 2191 4811 se

540 4837 741 4901 habet,
766 4836 1037 4893 videlicet
1058 4843 1349 4907 gementes
1371 4855 1442 4895 ac
1476 4845 1786 4897 trementes
1811 4842 1992 4906 eritis,
2018 4848 2195 4915 atque

541 4925 922 4997 agitabimini
934 4925 997 4982 in
1009 4927 1205 4982 cribro
1221 4931 1393 4982 terra:
1407 4942 1443 4982 a
1458 4927 1685 4984 Satana
1699 4930 2019 4987 cribrante.
2036 4933 2126 4986 Sic
2136 4939 2193 4989 ut

539 5015 702 5073 enim
720 5014 797 5069 ab
812 5014 1132 5071 unoAdam
1149 5030 1338 5084 genus
1351 5015 1664 5071 hominum
1682 5034 1860 5088 super
1875 5025 2027 5075 terra
2048 5039 2100 5075 ιη
2113 5022 2189 5075 ιι]-

540 5103 869 5176 tiplicatum
890 5108 976 5158 est
996 5118 1013 5166 ;
1037 5104 1118 5159 ita
1138 5119 1261 5159 una
1281 5104 1543 5174 pravitas
1561 5104 1939 5161 aﬂ'ectionum
1964 5110 2192 5164 univer-

534 5208 672 5250 sum
697 5207 885 5264 genus
910 5191 1228 5248 hominum
1254 5192 1489 5254 invasit,
1516 5193 1767 5265 illosque
1799 5212 2007 5252 omnes
2038 5201 2192 5269 priu-

533 5299 676 5355 ceps
708 5280 945 5337 malitiae
971 5280 1291 5350 continuis,
1313 5282 1550 5345 crassis,
1580 5283 1745 5337 vanis
1774 5300 1843 5339 ac
1874 5287 2192 5344 tumultuo-

532 5372 612 5430 sis
642 5370 1105 5441 cogitationibus
1138 5375 1331 5440 potest
1355 5370 1637 5426 cribrare.
1673 5374 1816 5427 Nam
1853 5375 2000 5429 sicut
2033 5393 2189 5431 unus

533 5467 746 5521 ventus
775 5474 987 5518 omnes
1020 5458 1255 5532 plantas
1285 5475 1355 5515 ac
1390 5461 1624 5517 semina
1658 5466 1849 5533 potest
1880 5464 2104 5533 agitare
2136 5472 2193 5523 et

603 5659 651 5696 ⁸³
675 5657 818 5715 Luc.
846 5672 990 5726 xm,
1017 5660 1106 5725 3t,
1139 5657 1227 5716 32.
1303 5657 1354 5697 “
1385 5658 1530 5716 Gen.
1558 5671 1641 5726 1v,
1668 5656 1758 5712 12.

2766 4491 2986 4563 Ὑμεις,
3039 4498 3190 4565 φησὶ,
3242 4498 3349 4556 τὰς
3394 4494 3738 4562 ἐπιθυμίας
3784 4479 3874 4529 τοῦ

3367 4586 3640 4637 Ἐκεῖνος
3677 4571 3873 4639 ἀνθΡ¹¹”

2302 4673 2611 4731 ποκτὸνος
2654 4665 2722 4726 ἦν
2764 4668 3092 4744 ἀπαρχῆς,
3136 4678 3243 4724 καὶ
3284 4674 3339 4724 ἐν
3370 4684 3441 4747 τῇ
3476 4668 3738 4731 ἀληθείᾳ
3772 4653 3872 4747 υρχ

2307 4493 2490 4549 αὐτοὺς
2515 4489 2674 4560 ἔλεγεν
2710 4509 2721 4520 ·

2306 4583 2557 4652 Πατρός
2604 4581 2772 4650 ὑμῶν
2821 4580 3033 4633 θέλετε
3072 4592 3283 4635 ποιεῖν
3318 4602 3329 4615 ·

2302 4759 2591 4816 ἔστηκεν,
2659 4757 2820 4810 Ὠστε
2874 4766 2973 4811 πᾶν
3033 4760 3337 4833 ἁμαρτωλὸν
3389 4768 3528 4833 γένος
3584 4761 3669 4808 τοῦ
3724 4739 3872 4808 Ἀδὰμ

2302 4852 2394 4905 τὴν
2428 4844 2718 4905 καταδίκην
2766 4847 2960 4906 ἐκείνην
2992 4853 3130 4902 κατὰ
3162 4855 3219 4901 τὸ
3252 4856 3480 4922 κρυπτὸν
3526 4852 3776 4900 κέκτηται,
3806 4846 3870 4929 τξν

2304 4941 2626 4997 Στένοντες
2665 4943 2766 4988 καὶ
2811 4943 3156 5011 τρέμοντες
3196 4942 3430 4993 ἔσεσθε
3487 4939 3791 5002 σειόμενοι
3823 4933 3870 4965 εν

2302 5034 2381 5095 τῷ
2426 5032 2606 5097 σινίῳ
2645 5037 2757 5088 τῆς
2794 5035 2925 5098 γῆς.
2960 5030 3077 5080 ὑπὸ
3118 5038 3228 5081 τού
3273 5031 3677 5090 σινιάζοντος
3714 5022 3874 5067 Σατα-

2301 5121 2392 5170 νᾶ.
2439 5114 2638 5187 ’Ὠσπερ
2683 5119 2783 5188 γὰρ
2836 5114 2886 5178 ἐξ
2916 5115 3024 5177 ἐνὸς
3074 5125 3164 5168 τοῦ
3207 5115 3382 5189 Ἀδὰμ
3416 5125 3512 5171 πᾶν
3552 5116 3607 5165 τὸ
3636 5110 3767 5178 γένος
3793 5111 3871 5147 των

2304 5202 2581 5277 ἀνθρώπων
2633 5207 2715 5254 ἐπὶ
2763 5212 2857 5263 τῆς
2904 5212 3003 5274 γῆς
3047 5206 3322 5277 ἓφηπλώθη
3353 5226 3365 5239 ο
3402 5209 3533 5260 οὕτω
3561 5204 3652 5272 μία
3698 5209 3769 5249 τις
3799 5200 3873 5281 xi“

2302 5298 2391 5343 κία
2422 5300 2519 5343 τῶν
2580 5295 2754 5344 παθῶν
2809 5294 2881 5354 εἰς
2910 5298 2965 5345 τὸ
3020 5293 3323 5368 ἁμαρτωλὸν
3372 5302 3515 5366 γένος
3562 5296 3654 5341 τῶν
3699 5278 3869 5371 ἀνθράξ⁶

2475 5380 2484 5395 ι
2638 5378 2684 5397 σς
2917 5389 2925 5400 ι
3035 5386 3045 5399 ι
3222 5386 3234 5398 ο
3320 5395 3339 5405 _
3521 5386 3530 5400 ν
3642 5375 3659 5389 "
3826 5375 3866 5407 εν

2301 5401 2407 5432 πων
2466 5392 2803 5451 εγκατεθυσε,
2845 5403 2935 5434 και
2972 5404 3171 5446 πάντας
3213 5404 3238 5436 ο
3279 5406 3369 5446 της
3410 5399 3591 5441 κακιας
3626 5384 3798 5451 “laxari

2303 5467 2575 5536 ἀστάτοις,
2617 5474 2704 5521 xui
2746 5470 2960 5537 ύλικοῖς,
3006 5478 3095 5525 καὶ
3133 5480 3399 5546 ματαίοις,
3439 5475 3523 5526 καὶ
3562 5446 3858 5537 ταραχώδη

1843 5657 1901 5720 ⁸⁸.
1919 5658 2093 5719 Joan.
2121 5675 2252 5731 vui,
2278 5664 2368 5723 44.
2430 5720 2435 5727 ,
