4084 6256
265 349 380 407 497

1564 344 1908 406 HOMILUE.
1944 379 2021 392 —
2055 341 2234 409 HOM'.
2268 352 2334 409 V.

3530 359 3638 415 498

263 472 544 549 λογισμοῖς
594 474 847 535 σινιάζειν
897 473 1128 547 ἐπαρκεῖ.
1169 471 1373 546 Ὠσπερ
1423 474 1525 545 γὰρ
1577 472 1650 533 εἷς
1691 472 1877 544 ἄνεμος

1997 478 2540 542 commovere;aut
2584 476 2768 533 veluti
2820 493 2957 534 unae
3000 477 3259 535 tenebrae
3300 481 3489 536 noctis
3532 495 3640 553 per

267 568 443 620 πάντα
498 567 564 617 τὰ
616 568 751 637 φυτὰ
806 568 894 615 καὶ
945 566 1010 615 τὰ
1077 567 1351 636 σπέρματα
1417 561 1631 633 ἐπαρκεῖ
1684 563 1876 615 κλονεῖν

268 660 359 706 καὶ
402 660 556 707 σείειν
586 675 599 686 ·
660 657 688 710 ἤ
733 654 907 725 ὥσπερ
955 655 1003 705 ἔν
1062 657 1248 713 σκότος
1286 660 1379 713 τῆς
1419 654 1600 711 νυκτός
1639 650 1722 702 ἰπὶ
1783 657 1875 703 πᾶ-

273 763 370 795 σαν
429 746 522 801 τὴν
568 742 873 812 οἰκουμένην
921 740 1257 813 ἐφαπλοῦται,
1307 739 1469 801 οὑτως
1521 741 1547 790 ό
1594 747 1686 801 τῆς
1720 759 1876 797 πονη-

269 837 389 905 ρίας
430 832 632 905 ἄρχων,
697 834 881 890 σκότος
923 849 975 881 τι
1029 829 1235 897 λογικόν
1291 833 1474 888 κακίας
1515 833 1601 879 καὶ
1653 829 1874 880 θανάτου

270 923 551 994 ὑπάρχων,
588 925 677 972 καὶ
721 920 905 988 ἄνεμός
962 939 1039 980 τις
1096 922 1323 989 κρυπτὸς
1380 924 1468 969 καὶ
1520 918 1702 988 ἄγριος
1756 937 1877 987 τυγ-

268 1013 469 1083 χάνων,
530 1015 632 1061 πᾶν
698 1012 756 1060 τὸ
810 1007 893 1060 ἐπὶ
950 1016 1045 1069 τῆς
1095 1016 1192 1078 γῆς
1242 1012 1387 1077 γένος
1443 1016 1541 1059 τῶν
1594 1006 1875 1079 ἀνθρώπων

267 1096 601 1161 κλυδωνίζει,
659 1103 748 1149 καὶ
807 1100 1067 1170 περιφέρει
1125 1096 1372 1158 ἀστάτοις
1424 1095 1719 1167 λογισμοῖς,
1786 1100 1875 1148 καὶ

267 1188 574 1259 ἐπιθυμίαις
611 1192 814 1258 κόσμου
856 1183 1110 1246 δελεάζων
1144 1189 1238 1246 τάς
1275 1182 1501 1255 καρδίας
1538 1194 1637 1237 τῶν
1679 1184 1872 1254 ἀνθρώ-

265 1298 399 1341 πων,
457 1281 547 1328 καὶ
607 1281 823 1336 σκότους
872 1274 1157 1345 ἀγνωσίας,
1215 1280 1499 1346 πηρώσεως
1559 1279 1647 1326 καὶ
1711 1273 1876 1334 λήθης

265 1366 604 1437 ἐμπίμπλησι
650 1370 825 1417 πᾶσαν
884 1364 1091 1435 ψυχὴν,
1149 1368 1242 1421 τὴν
1283 1369 1352 1435 μὴ
1403 1365 1592 1415 ἄνωθεν
1638 1382 1874 1433 γεγεννη-

263 1460 445 1526 μένην,
506 1458 596 1506 καὶ
644 1462 717 1524 τῷ
765 1458 1059 1527 φρονήματι
1106 1457 1193 1504 xui
1240 1453 1311 1521 τῷ
1357 1460 1425 1522 νῷ
1468 1451 1516 1503 ἰν
1556 1451 1693 1522 ἄλλῳ
1734 1452 1881 1504 αἰῶνι

262 1562 475 1615 τευμα
539 1542 598 1595 ἓν
658 1543 969 1615 οὐρανοῖς
1034 1544 1345 1616 ὑπάρχει.

339 1669 413 1722 Δ’.
476 1667 557 1721 Ἐν
621 1671 786 1739 τούτῳ
851 1670 950 1739 γάρ
1005 1664 1344 1741 διαφέρουσιν
1396 1667 1444 1718 οἱ
1505 1664 1712 1725 ἀληθεῖς
1754 1673 1880 1738 Χρι-

269 1762 472 1811 στιανοὶ
520 1760 713 1818 παντὸς
753 1763 844 1809 τοῦ
887 1760 1062 1826 γένους
1099 1764 1198 1808 τῶν
1243 1754 1542 1830 ἀνθρώπων,
1591 1760 1679 1807 καὶ
1718 1755 1876 1813 πολλή

273 1843 560 1906 διάστασις
621 1845 810 1917 μεταξὺ
871 1844 1167 1917 ἀμφοτέρων
1227 1845 1503 1915 τυγχάνει,
1560 1845 1627 1904 ὡς
1678 1843 1877 1915 προελέ-

265 1954 450 2006 γομεν,
511 1933 558 1985 ἐν
611 1942 680 2004 τῷ
739 1937 825 1986 τόν
886 1941 1002 1986 νοῦν
1068 1938 1155 1985 καὶ
1216 1937 1309 1991 τήν
1369 1929 1606 1984 διάνοιαν
1661 1934 1880 1984 πάντοτε

266 2023 315 2076 ἓν
374 2032 446 2094 τῷ
495 2023 716 2097 οὐρανίῳ
767 2028 1056 2094 φρονήματι
1094 2024 1395 2093 τυγχάνειν,
1446 2026 1535 2072 καὶ
1577 2024 1644 2073 τὰ
1696 2022 1880 2073 αἰώνια

271 2112 450 2182 ἀγαθὰ
509 2112 902 2183 ἐνοπτρίζεσθαι
970 2108 1063 2164 διὰ
1122 2116 1215 2169 τὴν
1267 2115 1549 2182 μετουσίαν
1615 2116 1703 2162 καὶ
1760 2130 1872 2181 μετα

274 2207 413 2272 οχὴν
469 2208 562 2253 τοῦ
613 2204 906 2271 Πνεὺματος
964 2208 1056 2253 τοῦ
1109 2200 1282 2269 ἁγίου,
1332 2208 1404 2271 τῷ
1452 2201 1640 2251 ἄνωθεν
1698 2200 1882 2260 αὑτοὺς

270 2294 326 2343 ἐκ
394 2298 528 2344 Θεοῦ
588 2294 950 2361 γεγεννῆσθαι,
1019 2295 1105 2342 καὶ
1154 2293 1304 2341 τέκνα
1367 2296 1501 2342 Θεοῦ
1558 2287 1605 2340 ἕν
1669 2288 1882 2361 ἀληθείᾳ

269 2386 361 2432 xui
422 2376 642 2451 δυνάμει
697 2382 938 2450 γενέσθαι
993 2378 1376 2445 κατηξιῶσθαι,
1432 2382 1518 2429 xui
1568 2378 1638 2440 εἰς
1694 2380 1882 2429 στάσιν

267 2474 360 2522 καὶ
410 2466 746 2541 ἑδραιότητα,
789 2474 879 2520 xui
927 2468 1212 2541 ἀταραξίαν
1263 2471 1353 2519 καὶ
1396 2469 1730 2519 κατάπαυσιν
1788 2467 1881 2518 αὑ-

268 2562 390 2619 τοὺς
455 2554 549 2609 διὰ
608 2557 806 2610 πολλῶν
873 2558 1081 2628 ἀγώνων
1142 2565 1231 2612 καὶ
1288 2564 1479 2623 κόπων,
1534 2561 1623 2609 καὶ
1679 2560 1883 2629 χρόνων

267 2652 671 2712 κατηντηκίναι,
752 2652 938 2717 μηκέτι
1016 2650 1404 2720 σινιαζομένους
1477 2653 1566 2699 καὶ
1640 2665 1884 2717 κυμαινο-

270 2741 454 2808 μένους
528 2736 576 2789 ἐν
641 2736 906 2801 ἀστάτοις,
984 2743 1074 2790 καὶ
1138 2743 1382 2809 ματαίοις
1444 2738 1721 2808 λογισμοῖς
1762 2754 1773 2765 '
1836 2733 1884 2786 ἐν

274 2828 442 2897 τούτῳ
496 2826 598 2878 εἰσὶ
650 2830 864 2897 μείζους
921 2832 1010 2878 καὶ
1058 2832 1338 2899 κρείττονες
1388 2834 1478 2879 τοῦ
1521 2830 1744 2897 κόσμου,
1794 2820 1887 2875 διὰ

268 2919 327 2967 τό
384 2919 473 2966 τόν
526 2923 642 2966 νοῦν
691 2915 860 2966 αὑτῶν
913 2921 1004 2967 καὶ
1052 2920 1109 2968 τό
1164 2937 1404 2989 φρονημα
1454 2923 1549 2975 τῆς
1606 2915 1789 2985 ψυχῆς
1836 2915 1885 2964 ἓν

271 3012 336 3075 τῇ
398 3012 491 3054 τοῦ
549 3012 783 3076 Χριστοῦ
836 3004 1036 3079 εἰρήνῃ,
1087 3010 1173 3057 καί
1232 3005 1280 3057 ἐν
1334 3014 1395 3079 τῇ
1449 3013 1539 3057 τοῦ
1596 3006 1888 3074 Πνεῦματος

280 3090 459 3162 ἀγάπῃ
518 3096 795 3164 τυγχάνειν
826 3112 837 3122 ·
905 3096 1078 3167 ὥσπερ
1137 3100 1226 3147 καὶ
1279 3096 1305 3146 ό
1366 3098 1557 3167 Κύριος
1614 3097 1732 3165 περὶ
1787 3101 1887 3145 τῶν

1988 563 2324 619 universam
2382 569 2597 621 terram
2674 567 3185 638 multiplicantur:
3222 569 3301 624 ita
3358 572 3635 641 princeps

1988 652 2249 717 malitia»,
2280 655 2381 726 qui
2414 659 2504 709 est
2531 655 2691 711 velut
2736 658 3015 713 tenebrae
3043 658 3365 714 rationales
3395 660 3633 715 malitia)

1986 745 2041 795 et
2096 742 2324 807 mortis,
2358 758 2427 797 ac
2480 744 2638 797 velut
2692 750 2903 800 ventus
2933 746 3201 801 occultus
3258 752 3313 801 et
3359 749 3634 814 agrestis,

1985 845 2165 885 omne
2225 845 2413 898 genus
2442 832 2801 895 humanum.
2858 834 3021 905 quod
3068 839 3157 890 est
3183 852 3361 907 super
3390 841 3634 903 terram,

1986 918 2303 973 conturbat
2334 935 2402 974 ac
2431 920 2781 990 circumagit
2813 924 3110 978 continuis
3134 926 3630 993 cogitationibus:

1986 1011 2041 1063 et
2070 1008 2478 1078 voluptatibus
2503 1012 2709 1065 mundi
2741 1012 2964 1067 inescat
2995 1013 3178 1068 corda
3223 1014 3537 1070 hominum
3562 1031 3634 1069 ac

1986 1096 2366 1153 tenebrarum
2392 1099 2749 1165 ignorantia,
2769 1102 3027 1157 caecitate
3049 1108 3104 1157 et
3122 1102 3418 1158 oblivione
3446 1103 3636 1173 replet

1983 1202 2225 1242 omnem
2240 1186 2509 1243 animam
2525 1188 2782 1259 desuper
2794 1206 2911 1244 non
2933 1196 3225 1255 renatam,
3242 1197 3417 1262 atque
3434 1196 3633 1248 mente

1985 1282 2041 1331 et
2092 1280 2296 1334 animo
2346 1280 2398 1333 in
2463 1277 2750 1333 saeculum
2784 1278 2945 1333 aliud
2992 1295 3110 1334 non
3148 1280 3536 1335 translatam:
3573 1284 3633 1335 ut

1986 1365 2210 1423 dictum
2246 1374 2368 1422 est:
2398 1368 2643 1423 Nostra'
2664 1369 3033 1423 conversatio
3062 1371 3123 1422 in
3154 1370 3314 1424 oculis
3345 1375 3430 1424 est
3460 1370 3528 1421 ⁵⁸.

1919 1454 2369 1525 μεταϐεϐηκυῑαν·
2418 1459 2585 1517 καθὼς
2616 1460 2859 1529 εἴρηται·
2920 1456 3124 1529 Ἠμῶν
3193 1453 3262 1509 δε
3328 1459 3397 1509 τὸ
3464 1456 3637 1509 πολί-

2062 1671 2148 1724 lV.
2176 1670 2235 1725 In
2260 1671 2375 1726 hoc
2397 1671 2555 1726 enim
2579 1670 2860 1726 differunt
2882 1671 2998 1725 veri
3029 1670 3338 1726 Christiani
3366 1670 3444 1726 ab
3465 1671 3633 1729 omni

1991 1774 2204 1827 genere
2228 1761 2544 1817 hominum
2572 1780 2583 1825 ;
2610 1766 2665 1816 et
2687 1776 2913 1829 magna
2942 1760 3640 1817 differentiainterutros-

1921 1880 1959 1933 Β
1992 1865 2130 1921 que,
2164 1855 2227 1904 ut
2257 1850 2530 1920 praedixi,
2564 1855 2837 1904 versatur
2881 1850 2936 1903 in
2992 1865 3083 1913 eo,
3117 1850 3279 1921 quod
3322 1850 3561 1904 animus
3587 1854 3643 1905 et

1992 1938 2319 1993 intellectus
2372 1939 2841 1993 Christianorum
2899 1953 3138 2007 semper
3185 1938 3339 1993 circa
3368 1938 3636 1994 caelestes

1992 2029 2381 2095 cogitationes
2411 2036 2700 2089 versetur.
2751 2032 2809 2082 et
2838 2027 3101 2084 ccelestia
3134 2027 3293 2082 bona
3339 2028 3639 2083 intueatur

1991 2123 2234 2189 propter
2263 2119 2781 2189 participationem
2816 2118 3065 2187 Spiritus
3086 2118 3309 2179 sancti;
3342 2117 3504 2186 quod
3537 2116 3641 2172 de-

1998 2222 2178 2278 super
2203 2223 2270 2261 ex
2302 2209 2417 2261 Deo
2447 2207 2588 2271 nati,
2624 2210 2679 2261 et
2707 2211 2768 2260 ut
2800 2206 2947 2260 ﬁant
2971 2205 3072 2260 ﬁlii
3107 2206 3203 2259 Dei
3236 2206 3291 2259 in
3327 2205 3568 2261 veritate
3586 2210 3642 2260 et

1994 2296 2277 2366 potentia.
2309 2295 2475 2363 digni
2506 2295 2827 2349 existimati
2864 2295 3003 2359 sint,
3030 2299 3206 2363 atque
3237 2294 3312 2349 ad
3345 2298 3563 2349 statum
3588 2298 3645 2350 et

1994 2384 2394 2449 stabilitatem,
2424 2389 2479 2439 et
2502 2383 2983 2453 tranquillitatem
3010 2399 3079 2438 ac
3100 2383 3365 2454 requiem
3390 2398 3496 2453 per
3518 2399 3641 2438 ma-

1995 2488 2145 2541 gnos
2165 2473 2400 2529 labores
2421 2489 2490 2528 ac
2514 2472 2763 2527 sudores
2789 2470 2971 2527 multa
3005 2474 3139 2542 post
3162 2478 3433 2542 tempora
3459 2472 3640 2527 deve-

1993 2562 2206 2627 nerint,
2258 2562 2420 2616 nullo
2478 2562 2737 2632 amplius
2790 2561 2954 2615 cribo
3009 2560 3230 2629 agitati,
3289 2575 3484 2632 neque
3533 2559 3641 2614 ﬂu-

1994 2656 2261 2707 ctuantes
2290 2653 2346 2706 in
2376 2651 2619 2705 caducis
2643 2666 2713 2705 ac
2736 2651 2905 2705 vanis
2928 2649 3409 2714 cogitationibus.
3442 2652 3501 2703 In
3522 2665 3644 2719 quo

1996 2740 2254 2811 majores
2287 2756 2356 2794 ac
2388 2739 2662 2794 meliores
2694 2744 2835 2793 sunt
2895 2738 3143 2803 mundo,
3178 2754 3248 2793 eo
3278 2738 3438 2807 quod
3483 2738 3646 2792 intel-

1995 2829 2180 2884 lectus
2212 2845 2442 2895 eorum,
2475 2834 2528 2883 et
2556 2829 2836 2899 cogitatio
2880 2828 3097 2883 animae
3134 2827 3190 2881 in
3234 2827 3445 2883 Christi
3474 2842 3643 2897 pace,

1996 2920 2247 2992 atquein
2267 2916 2577 2973 dilectione
2605 2917 2853 2984 Spiritus
2876 2922 3154 2976 versetur.
3187 2916 3333 2969 sicut
3359 2916 3643 2969 Dominus

1996 3008 2069 3063 de
2086 3008 2247 3063 hisce
2275 3023 2614 3061 sermonem
2661 3006 2912 3067 habens,
2942 3004 3125 3059 dixit:
3180 3006 3295 3059 Eos
3336 3005 3645 3060 transit'sse

1936 3149 1948 3168 ,
1995 3112 2071 3154 ea:
2092 3101 2279 3152 morte
2305 3096 2367 3151 in
2399 3099 2576 3151 vitam
2609 3096 2678 3147 ⁸⁷.
2714 3098 2835 3149 Non
2869 3094 3045 3161 igitur
3074 3094 3129 3147 iu
3161 3093 3369 3159 ﬁguris
3395 3097 3498 3147 aut
3524 3092 3641 3147 for-

275 3182 523 3232 τοιοῦτων
578 3177 969 3255 διεξερχόμενος
1022 3182 1159 3253 ἔλεγε
1216 3183 1619 3255 μεταϐεϐηκέναι
1686 3181 1737 3233 ἐκ
1794 3188 1883 3233 τοῦ

1999 3186 2111 3242 mis
2139 3185 2527 3240 exterioribus
2549 3184 2859 3238 diversitas
2873 3182 3339 3239 Christianorum
3354 3181 3639 3236 consistit.

276 3270 504 3321 θανάτου
561 3270 630 3329 εἰς
686 3275 779 3329 τὴν
840 3275 995 3333 ζωήν.
1056 3280 1343 3344 Τοιγαροῦν
1394 3273 1487 3325 οὑκ
1536 3271 1583 3323 ἰν
1634 3275 1886 3342 σχήμασι

273 3363 366 3410 καὶ
426 3360 613 3418 τύποις
680 3358 937 3430 ᾶξωτίροις
992 3364 1021 3418 ἡ
1075 3360 1346 3421 ἀλλοίωσις
1400 3370 1498 3413 τῶν
1556 3368 1885 3434 Χριστιανῶν

278 3447 536 3518 ὑπάρχει,
595 3449 664 3505 ὡς
715 3449 764 3498 οἱ
817 3447 989 3500 πολλοὶ
1047 3448 1094 3501 ἐν
1138 3453 1305 3521 τούτῳ
1354 3454 1551 3502 οἴονται
1610 3445 1738 3501 εἶναι
1791 3453 1885 3506 τὴν

280 3530 541 3607 διαφορὰν
600 3539 689 3586 καὶ
736 3532 1002 3607 διάκρισιν
1050 3539 1242 3609 μεταξὺ
1293 3544 1383 3591 καὶ
1422 3539 1590 3591 αὑτῶν
1643 3540 1692 3589 ἓν
1749 3540 1887 3608 σχή-

274 3642 413 3694 μασι
461 3627 551 3674 καὶ
606 3625 824 3685 τύποις·
873 3630 959 3678 καὶ
1015 3624 1129 3680 ἰδοὺ
1184 3637 1253 3698 τῷ
1300 3636 1369 3699 νῷ
1417 3634 1504 3679 καὶ
1553 3634 1614 3698 τῇ
1676 3622 1887 3697 διανοίᾳ

273 3713 448 3782 ὅμοιοι
495 3720 565 3781 τῷ
614 3716 796 3783 κόσμῳ
844 3718 1190 3785 τυγχάνουσι.
1242 3720 1327 3768 τόν
1375 3720 1586 3789 σεισμόν
1630 3721 1719 3768 καὶ
1763 3714 1888 3766 ἀκα-

268 3806 565 3854 ταστασὶαν
614 3810 709 3853 τῶν
758 3802 1045 3874 λογισμῶν,
1090 3811 1179 3857 καὶ
1225 3806 1494 3871 ἀπιστίαν,
1551 3810 1639 3857 καὶ
1685 3808 1889 3875 σύγχυ-

272 3910 377 3955 σιν,
428 3895 518 3942 καὶ
562 3897 828 3963 ταραχὴν,
877 3898 967 3944 καὶ
1019 3891 1213 3946 δειλίαν
1258 3897 1328 3956 ὡς
1370 3897 1557 3957 πάντες
1609 3897 1657 3946 οἱ
1694 3895 1888 3965 ἄνθρω-

270 3999 362 4032 ποι
417 3981 645 4051 ἔχοντες.
707 3985 803 4034 Kui
862 3989 935 4051 τῷ
992 3985 1081 4054 μεν
1138 3988 1404 4056 σχήματι,
1455 3990 1544 4036 καὶ
1593 3991 1664 4055 τῷ
1715 3979 1886 4035 δοκεῖν

270 4076 365 4120 τοῦ
428 4074 632 4140 κόσμου
686 4067 1020 4143 διαφέρουσι,
1068 4077 1158 4123 καί
1201 4092 1339 4124 τισιν
1394 4072 1661 4144 ἓξωτέροις
1706 4090 1897 4143 κατορ.

274 4159 489 4229 θώμασι
518 4179 530 4190 ·
582 4165 645 4229 τῇ
690 4155 750 4210 δι
788 4156 1004 4233 καρδίᾳ,
1055 4166 1144 4214 καὶ
1185 4170 1256 4232 τῷ
1305 4170 1393 4232 νῷ,
1444 4160 1491 4212 ἐν
1533 4168 1645 4223 τοῖς
1689 4163 1892 4232 γηῖνοις

275 4241 499 4317 δεσμοῖς
553 4242 813 4313 δέδενται,
865 4247 1159 4302 ἀνάπαυσιν
1203 4251 1256 4301 ἐκ
1307 4258 1397 4302 τοῦ
1448 4256 1579 4302 Θεοῦ
1618 4255 1707 4301 καὶ
1754 4250 1892 4323 εἰρή-

272 4354 365 4393 νην
418 4339 513 4394 τὴν
564 4343 655 4387 τοῦ
711 4339 1003 4409 Πνεὺματος
1052 4339 1290 4411 οὐράνιον
1352 4337 1399 4390 ἓν
1458 4346 1518 4411 τῇ
1573 4335 1771 4412 καρδίᾳ
1816 4343 1888 4410 μὴ

274 4428 619 4496 κεκτημένον
675 4423 784 4478 ἐπεὶ
828 4422 917 4478 οὖν
965 4428 1058 4479 οῦκ
1104 4428 1369 4488 ἐζήτησαν
1411 4430 1553 4501 ποιρά
1597 4435 1749 4493 Θεοῦ,
1800 4433 1890 4481 καὶ

275 4513 373 4564 οῦκ
398 4511 712 4566 ἐπίστευσαν
737 4517 931 4567 τούτων
960 4517 1369 4580 καταξιωθῆναι.

352 4618 425 4672 Ε¹.
482 4619 562 4673 Ἐν
608 4622 710 4693 γάρ
759 4630 822 4694 τῇ
880 4630 970 4675 τοῦ
1019 4627 1133 4685 νοὸς
1182 4623 1504 4676 ἀνακαινίσει
1550 4629 1639 4675 καὶ
1693 4632 1749 4696 τῇ
1792 4632 1891 4676 τῶν

277 4708 548 4779 λογισμῶν
618 4709 815 4782 εἰρήνῃ,
880 4716 968 4763 καὶ
1026 4720 1088 4785 τῇ
1161 4720 1252 4765 τοῦ
1314 4717 1508 4785 Κυρίου
1563 4714 1740 4784 ἀγάπῃ
1801 4718 1891 4765 καὶ

282 4796 504 4867 οὐρανίῳ
576 4800 746 4871 ἔρωτι,
821 4801 850 4857 ἡ
930 4806 1077 4859 καινὴ
1152 4807 1327 4862 κτίσις
1391 4811 1489 4854 τῶν
1555 4810 1882 4871 Χριστιανῶν

277 4887 485 4937 πάντων
534 4885 814 4959 ἀνθρώπων
868 4896 959 4941 τοῦ
1009 4896 1211 4962 κόσμου
1261 4888 1511 4963 διαρέρει.
1567 4895 1653 4943 Διό
1711 4895 1798 4942 καὶ
1856 4893 1884 4951 ἠ

275 4970 477 5031 ἕλευσις
535 4979 625 5023 τοῦ
681 4977 874 5044 Κυρίου
939 4978 1135 5045 γέγονε.
1204 4979 1395 5028 τούτων
1451 4984 1548 5028 τῶν
1614 4995 1891 5046 πνευματι-

272 5068 378 5111 κῶν
447 5061 656 5131 ἀγαθῶν
718 5063 1044 5124 καταξιῶσαι
1104 5068 1217 5125 τοὺς
1279 5063 1484 5125 ἀληθῶς
1550 5067 1891 5125 πιστεύοντας

274 5149 349 5209 εἰς
404 5150 578 5202 αὐτόν.
635 5157 964 5221 Χριστιανῶν
1016 5156 1114 5224 γὰρ
1158 5155 1188 5211 ἡ
1243 5149 1394 5220 δόξα,
1445 5158 1534 5206 καὶ
1576 5158 1634 5205 τὸ
1686 5153 1887 5219 κάλλος,

271 5242 364 5289 καὶ
428 5238 453 5289 ό
500 5236 718 5300 πλοῦτος
763 5240 789 5290 ό
844 5240 1083 5310 οὐράνιος
1135 5240 1388 5303 ἀλάλητός
1444 5241 1574 5307 ἐστι,
1631 5247 1719 5294 καὶ
1760 5246 1890 5312 μετὰ

271 5331 457 5390 πόνου,
517 5332 606 5378 καὶ
665 5324 918 5399 ἱδρώτων,
979 5336 1069 5382 καὶ
1123 5326 1471 5401 δοκιμασιῶν,
1532 5334 1622 5382 καὶ
1680 5330 1888 5401 ἀγώνων

274 5414 476 5468 πολλῶν
506 5419 844 5487 ποριζόμενος
870 5435 881 5447 ⁸
925 5421 983 5470 τό
1021 5416 1080 5472 δε
1110 5418 1243 5486 ὅλον,
1286 5421 1471 5492 χάριτι
1509 5424 1654 5474 Θεοῦ.
1692 5420 1748 5473 Εἰ
1786 5423 1886 5493 γὰρ

274 5507 304 5563 ἡ
345 5512 441 5558 τοῦ
489 5503 711 5558 ἔπιλείου
757 5505 1013 5579 βασιλέως
1063 5511 1153 5562 θέα
1192 5506 1485 5581 ἰπιθυμητὴ
1540 5513 1684 5583 παρά
1726 5517 1890 5562 πᾶσιν

349 5696 402 5736 ⁵⁸
432 5694 690 5772 Philipp.
718 5712 803 5771 ω,
894 5702 988 5758 20.
1013 5700 1062 5739 ⁸⁷
1096 5700 1273 5760 Joan.
1298 5714 1355 5770 ν.
1456 5736 1479 5758 .

1996 3274 2513 3348 quemadmodum
2546 3274 2602 3326 in
2637 3273 2751 3327 hoc
2777 3270 3119 3327 existimant
3141 3269 3309 3325 multi
3327 3270 3646 3324 consistere

1997 3364 2401 3420 diversitatem
2428 3378 2497 3417 ac
2519 3361 2912 3416 differentiam
2940 3360 3090 3414 inter
3110 3374 3229 3423 eos,
3252 3359 3308 3413 in
3334 3356 3647 3428 superﬁcie

1996 3469 2066 3509 ac
2097 3453 2326 3518 ﬁguris.
2352 3452 2581 3522 Quippe
2613 3451 2775 3521 quod
2810 3449 2955 3503 tales
3000 3453 3195 3503 mente
3223 3451 3400 3519 atque
3426 3446 3647 3515 cogita-

1999 3544 2156 3599 tione
2179 3541 2400 3596 similes
2431 3544 2567 3594 sunt
2592 3539 2841 3605 mundo,
2866 3554 2934 3592 ac
2963 3537 3366 3592 commotione
3389 3543 3444 3591 et
3465 3535 3643 3590 insta-

1996 3630 2221 3686 bilitate
2253 3628 2703 3692 cogitationum,
2731 3626 3159 3691 incredulitate,
3195 3624 3568 3690 confusione,
3591 3628 3647 3678 et

1997 3718 2448 3788 perturbatione
2480 3733 2548 3771 ac
2580 3722 2764 3783 metu,
2799 3721 2857 3770 ut
2891 3716 3082 3770 caeteri
3116 3730 3325 3769 omnes
3352 3714 3646 3777 homines,

1995 3809 2282 3865 laborent.
2316 3807 2378 3860 Et
2398 3806 2455 3860 hi
2484 3806 2728 3876 quidem
2753 3803 3065 3875 superﬁcie
3083 3807 3254 3857 tenus
3276 3819 3345 3857 ac
3368 3802 3649 3873 opinione

1999 3904 2052 3953 et
2085 3902 2325 3951 externo
2347 3895 2614 3966 quodam
2638 3899 2792 3947 recte
2816 3893 2995 3955 facto,
3019 3908 3053 3946 a
3074 3891 3302 3945 mundo
3324 3890 3605 3945 differunt
3631 3910 3644 3949 :

2000 3985 2103 4041 sed
2136 3983 2314 4039 corde
2362 3988 2541 4054 atque
2586 3984 2790 4037 animo
2834 3981 3080 4035 terrenis
3128 3979 3354 4049 laqueis
3385 3978 3653 4049 impediti

2001 4080 2159 4137 sunt,
2191 4073 2457 4143 requiem
2483 4070 2750 4125 divinam
2770 4077 2824 4124 et
2845 4069 3141 4125 caelestem
3167 4083 3375 4137 pacem
3402 4066 3652 4137 Spiritus

2000 4164 2059 4219 in
2093 4161 2274 4216 corde
2316 4176 2435 4214 non
2481 4158 2877 4231 possidentes,
2924 4173 2994 4212 eo
3019 4156 3181 4229 quod
3216 4170 3335 4210 non
3380 4154 3654 4226 petierint

2002 4267 2037 4307 a
2072 4253 2210 4313 Deo,
2266 4264 2371 4304 nec
2420 4248 2489 4303 iis
2534 4263 2595 4301 se
2642 4245 2997 4301 crediderint
3039 4245 3256 4314 dignos
3309 4247 3647 4315 reputatum

2002 4341 2091 4396 iri.

2073 4624 2133 4677 V.
2165 4626 2268 4678 Per
2300 4622 2515 4677 mentis
2568 4620 2726 4676 enim
2755 4618 3229 4685 renovationem,
3268 4624 3325 4674 et
3353 4619 3657 4687 cogitatio-

2000 4730 2147 4768 num
2178 4710 2690 4783 tranquillitatem,
2745 4714 2801 4763 et
2861 4707 3238 4763 dilectionem
3291 4706 3546 4771 Domini,
3600 4711 3657 4763 et

2003 4817 2270 4857 amorem
2305 4801 2626 4861 caelestem.
2660 4799 2858 4855 omnis
2891 4813 3050 4854 nova
3074 4801 3346 4853 creatura
3374 4796 3655 4853 Christia-

2000 4907 2214 4947 norum
2247 4890 2324 4944 ab
2349 4888 2696 4944 hominibus
2728 4886 2911 4958 hujus
2946 4886 3153 4942 mundi
3177 4887 3495 4958 discrepat.
3522 4889 3654 4942 Pro-

2000 4984 2202 5051 pterea
2232 4978 2389 5032 enim
2423 4977 2716 5034 adventus
2777 4976 3006 5032 Domini
3060 4975 3328 5044 contigit,
3380 4980 3445 5031 ut
3492 4975 3656 5031 hisce

2000 5066 2408 5138 spiritualibus
2431 5066 2605 5121 bonis
2618 5065 2966 5135 dignaretur
2979 5080 3114 5119 vere
3142 5065 3200 5119 in
3223 5081 3283 5119 se
3311 5064 3649 5121 credentes.

1998 5155 2196 5211 Gloria
2249 5156 2407 5208 enim
2460 5154 2933 5209 Christianorum
2965 5156 3021 5207 et
3050 5152 3452 5222 pulchritudo,
3481 5156 3536 5208 et
3562 5152 3660 5208 di-

1999 5245 2154 5299 vitia)
2182 5243 2451 5298 caelestes
2477 5240 2813 5297 ineﬂabiles
2842 5247 2999 5305 sunt,
3033 5244 3089 5295 et
3115 5256 3335 5311 magno
3358 5241 3564 5297 labore
3587 5257 3659 5297 ac

1999 5333 2235 5400 sudore,
2254 5330 2677 5386 tentationibus
2702 5328 3198 5384 etcertaminibus
3220 5330 3423 5385 multis
3455 5331 3661 5400 acqui-

2000 5422 2147 5476 sitaa.
2181 5420 2352 5486 Quod
2384 5424 2573 5474 totum
2611 5416 2814 5487 gratim
2844 5416 3057 5472 divinae
3116 5417 3564 5473 ascribendum.
3598 5416 3658 5471 Si

1998 5511 2161 5566 enim
2185 5509 2396 5567 terreni
2417 5508 2573 5578 regis
2590 5509 2869 5581 aspectus
2898 5504 2977 5562 ab
2998 5506 3282 5563 omnibus
3300 5504 3654 5564 hominibus
