4084 6256
513 291 621 350 400

1805 285 1866 342 S.
1909 283 2165 342 ΜΛΟΛΒ.

2277 282 2563 345 EGYP’I'II
3734 285 3824 350 500

515 417 908 476 desideratur.
938 421 995 471 et
1018 416 1228 471 omnis.
1257 414 1359 485 qui
1383 415 1438 470 in
1461 413 1605 469 urbe
1631 415 1785 478 regis
1803 412 2158 474 diversatur,

2277 408 2558 481 ἀνθρώποις
2597 413 2870 482 τυγχάνει,
2915 413 3004 464 καὶ
3055 419 3157 474 πᾶς
3202 434 3278 474 τις
3327 412 3591 487 ἕπιδημῶν
3624 417 3671 469 ἐν
3711 417 3831 470 πόλει

516 505 905 560 desideratad
935 505 1246 559 minimum
1275 503 1775 573 pulchritudinem
1797 503 1926 570 ejus
1941 500 2158 562 videre,

516 599 618 650 aut
661 595 1013 656 elegantiam
1052 593 1166 664 24
1197 594 1708 655 vestimentorum,
1751 598 1850 644 aut
1882 605 2161 660 purpurae

518 683 918 753 splendorem,
949 684 1234 736 variarum
1261 681 1720 744 margaritarum
1740 681 2009 741 nitorem,
2034 678 2163 732 dia—

517 773 770 827 dematis
803 772 1099 832 decorem,
1131 776 1308 840 atque
1339 769 1743 840 praestantiam
1769 784 1999 833 eorum,
2025 784 2161 838 quae

516 861 591 915 ad
612 861 982 930 majestatem
1007 861 1138 929 eius
1155 859 1448 929 pertinent
1471 875 1484 922 ;
1511 858 1620 911 nisi
1645 857 1808 929 quod
1825 856 2161 926 spirituales

515 948 719 1003 isthaec
745 953 1148 1009 contemnant,
1175 948 1318 1017 quia
1368 947 1545 1001 aliam
1579 946 1829 1013 gloriam
1861 945 2156 1000 ccelestem

515 1037 928 1108 incorpoream
958 1038 1196 1107 experti,
1247 1037 1363 1092 alia
1411 1034 1692 1089 ineffabili
1726 1034 2160 1104 pulchritudine

516 1126 779 1189 sauciati,
836 1126 1212 1195 aliarumque
1262 1124 1606 1178 divitiarum
1660 1124 1976 1193 participes
2020 1129 2159 1178 sunt

517 1213 671 1278 facti,
705 1220 759 1268 et
790 1213 1124 1269 secundum
1147 1214 1442 1267 internum
1472 1213 1798 1271 hominem.
1833 1213 2013 1266 alium
2043 1213 2158 1282 spi-

515 1305 695 1358 ritum
723 1303 1020 1357 consecuti
1047 1307 1201 1356 sunt.
1224 1304 1515 1367 Quoniam
1542 1303 1719 1371 igitur
1750 1301 1926 1371 hujus
1952 1301 2159 1355 mundi

515 1393 808 1460 homines,
851 1392 952 1462 qui
994 1390 1268 1462 spiritum
1313 1391 1517 1445 mundi
1561 1390 1885 1458 possident,
1939 1405 2161 1458 magno

518 1481 811 1534 desiderio
865 1485 1136 1534 tenentur
1203 1480 1414 1534 terreni
1490 1480 1641 1547 regis
1699 1479 2159 1549 contemplandi,

519 1568 728 1623 saltem
761 1585 896 1624 cum
947 1570 1107 1623 omni
1163 1573 1378 1623 ornatu
1407 1574 1459 1623 et
1500 1569 1685 1638 gloria
1735 1569 1860 1639 ejus
1892 1589 1904 1624 :
1940 1575 2164 1639 quanto

521 1658 679 1711 enim
713 1658 768 1711 in
801 1658 868 1711 iis
902 1673 1036 1728 quae
1068 1658 1362 1723 videntur,
1396 1657 1659 1712 conditio
1691 1657 1818 1726 ejus
1853 1659 2046 1726 major
2075 1661 2166 1710 est

2275 497 2552 568 βασιλέως,
2612 500 2845 566 ἐπιθυμεῖ
2889 503 2984 553 κᾶν
3031 507 3184 572 μόνον
3230 505 3514 556 θεάσασθαι
3564 508 3619 556 τὸ
3673 505 3832 567 κάλλος

2273 587 2450 656 αὐτοῦ,
2495 593 2524 646 ἣ
2562 593 2649 646 τὴν
2679 593 2974 662 ὡραιότητα
3018 599 3117 643 τῶν
3163 590 3484 663 ἐνδυμάτων,
3518 596 3547 651 ἦ
3595 602 3686 654 τῆς
3724 613 3836 664 πορ-

2272 679 2437 749 φύρας
2500 682 2592 734 τὴν
2676 675 2854 746 δόξαν,
2922 689 3022 732 τῶν
3086 681 3333 732 ποικίλων
3401 690 3721 753 μαργαριτῶν
3787 685 3835 733 τὸ

2271 765 2474 829 κάλλος,
2529 774 2621 818 τοῦ
2685 763 3021 831 διαδήματος
3071 774 3163 828 τὴν
3226 770 3548 841 εὐπρέπειαν,
3606 778 3698 822 τῶν
3755 773 3836 822 σὺν

2273 855 2413 924 αὐτῷ
2480 854 2784 926 ἀξιωμάτων
2849 862 2942 916 τὴν
2996 863 3310 929 τιμιότητα·
3373 859 3518 920 ἐκτὸς
3578 859 3617 911 εἰ
3676 864 3738 929 μὴ
3797 861 3838 910 οἱ

2270 950 2610 1014 πνευματικοὶ
2658 943 3015 1006 ίξουδενοῦσιν
3057 949 3208 1012 αὐτὰ,
3263 946 3358 1000 διὰ
3406 952 3461 999 τό
3511 947 3661 1009 ἄλλης
3702 945 3838 1010 δόξης

2271 1031 2576 1104 ἐπουρανίου
2653 1040 2735 1085 xui
2793 1034 3072 1107 ἀσωμάτου
3149 1038 3514 1109 πεπειρᾶσθαι,
3572 1041 3656 1087 καὶ
3724 1035 3838 1106 ἄλλῳ

2271 1121 2442 1173 κάλλει
2491 1121 2696 1195 ἀρῥήτῳ
2736 1127 3044 1197 τετρῶσθαι,
3091 1131 3176 1177 καὶ
3227 1126 3384 1177 ἄλλου
3435 1125 3653 1177 πλούτου
3697 1142 3840 1175 κεκοι-

2270 1215 2566 1276 νωνηκέναι,
2630 1217 2717 1263 καὶ
2769 1222 2840 1282 τῷ
2888 1216 2988 1266 ἔσω
3041 1213 3294 1286 ἀνθρώπῳ
3351 1217 3583 1278 ἔσεσθαι,
3635 1217 3717 1264 καὶ
3764 1211 3842 1262 ἄλ-

2271 1297 2360 1348 λου
2409 1303 2697 1370 πνεύματος
2747 1305 3004 1372 μετέχειν.
3059 1304 3198 1356 Ἐπεὶ
3239 1301 3327 1355 οὖν
3371 1309 3465 1354 τοῦ
3503 1306 3695 1372 κόσμου
3742 1302 3840 1350 τού·

2271 1407 2360 1439 του
2405 1390 2688 1463 ἄνθρωποι,
2734 1393 2782 1443 οἱ
2832 1395 2890 1443 τὸ
2930 1401 3129 1464 πνεῦμα
3178 1401 3268 1445 τοῦ
3313 1397 3515 1462 κόσμου
3552 1393 3762 1461 ἔχοντες,
3803 1390 3842 1440 ίν

2272 1476 2430 1548 πολλῇ
2487 1477 2739 1550 ἐπιθυμίᾳ
2789 1480 2890 1532 εἰσὶ
2933 1489 3024 1533 τοῦ
3071 1484 3154 1533 τὸν
3208 1480 3434 1551 ἐπίγειον
3485 1479 3697 1552 βασιλέα
3750 1477 3842 1528 θεά-

2277 1568 2496 1630 σασθαι,
2533 1572 2683 1637 μόνον
2731 1588 2824 1620 συν
2863 1572 3006 1641 πάσῃ
3062 1578 3122 1642 τῇ
3166 1571 3446 1643 εὐπρεπείᾳ
3487 1574 3574 1620 καὶ
3618 1564 3734 1638 δόξῃ
3770 1564 3844 1617 αὖ·

2276 1661 2402 1705 τοῠ’
2459 1657 2577 1706 ὅσον
2620 1659 2720 1729 γὰρ
2775 1657 2822 1708 ἐν
2867 1665 2967 1718 τοῖς
3012 1663 3335 1730 φαινομένοις
3388 1657 3556 1727 πολλῷ
3603 1659 3774 1726 μείζων
3818 1654 3841 1709 ἦ

518 1760 702 1815 quam
739 1747 1010 1800 omnium
1044 1747 1377 1808 hominum,
1414 1751 1578 1800 tanto
1619 1747 1954 1815 gloriosius,
2003 1752 2165 1800 tanto

2277 1749 2422 1817 μερὶς
2488 1745 2647 1796 αὑτοῦ
2714 1749 2825 1797 ἔστι
2892 1751 3032 1820 παρὰ
3097 1751 3290 1808 πάντας
3365 1751 3480 1808 τοὺς
3553 1745 3841 1815 ἀνθρώπους,

517 1835 837 1906 optabilius
864 1835 940 1890 ab
957 1837 1238 1891 omnibus
1271 1837 1520 1891 habetur
1543 1835 1631 1890 vel
1669 1843 1899 1891 tantum
1930 1837 2165 1904 Vidisse,

519 1928 574 1978 et
605 1925 1018 1994 unusquisque
1052 1925 1212 1996 apud
1247 1941 1308 1979 se
1356 1926 1494 1980 dicit
1530 1943 1539 1980 :
1579 1927 1812 1982 Utinam
1859 1927 1990 1995 quis
2024 1924 2169 1980 mihi

516 2011 686 2066 illam
717 2013 996 2081 gloriam,
1031 2014 1295 2068 decorem
1331 2030 1401 2069 ac
1432 2015 1804 2084 splendorem
1833 2014 2116 2070 concedat
2149 2016 2167 2068 Ι

515 2101 845 2173 praedicans
873 2117 1008 2154 eum
1031 2103 1293 2166 beatum,
1315 2103 1564 2157 similem
1600 2103 1818 2173 alioqui
1851 2104 1962 2167 sui,
1997 2110 2168 2157 terre-

518 2205 687 2256 num,
703 2189 1032 2258 iisdemque
1048 2190 1462 2244 aﬂectionibus
1477 2190 1695 2245 obnoxi
1708 2208 1805 2245 um
1821 2195 1998 2262 atque
2014 2209 2166 2246 mor-

519 2277 720 2340 talem,
777 2283 1015 2347 propter
1068 2285 1555 2333 momentaneum
1590 2295 1730 2334 vero
1785 2288 2062 2335 ornatum
2111 2287 2166 2335 et

521 2366 771 2434 gloriam
801 2367 1284 2439 desiderabilem.

592 2493 678 2545 Vl.
710 2491 763 2546 Si
791 2491 987 2558 igitur,
1034 2491 1306 2561 inquam,
1338 2493 1605 2547 carnales
1639 2494 1910 2549 homines
1937 2494 2167 2550 deside-

524 2585 654 2635 rant
679 2585 984 2649 tantopere
1003 2579 1254 2646 gloriam
1287 2583 1498 2636 terreni
1523 2583 1696 2648 regis,
1726 2589 1951 2653 quanto
1975 2586 2167 2652 magis

523 2668 603 2730 hi,
639 2668 696 2721 in
725 2684 878 2737 quos
935 2667 1235 2722 instillavit
1265 2674 1433 2739 gutta
1462 2671 1712 2742 Spiritus
1761 2674 1915 2740 vitae,
1951 2675 2050 2743 qui
2083 2679 2168 2727 est

524 2756 880 2819 divinitatis;
914 2761 965 2810 et
987 2772 1243 2827 quorum
1275 2774 1375 2812 cor
1398 2759 1723 2814 vulneravit
1749 2776 1952 2815 amore
1969 2763 2167 2816 divino

525 2861 668 2914 erga
700 2845 995 2900 caelestem
1035 2860 1232 2912 regem
1254 2846 1568 2912 Christum,
1595 2849 1852 2904 devincti
1885 2855 2021 2904 sunt
2042 2851 2168 2923 pul-

525 2935 857 2990 chritudine
889 2933 984 2989 illa
1011 2940 1067 2988 et
1093 2935 1279 3000 gloria
1305 2936 1605 3001 ineffabili,
1653 2944 1709 2993 et
1732 2939 1945 2993 decore
1972 2939 2171 2995 incor-

522 3023 784 3094 ruptibili
839 3029 895 3078 et
957 3024 1662 3094 incomprehensibilibus
1712 3028 1932 3082 divitiis
1967 3031 2082 3083 veri
2115 3038 2170 3084 et

523 3092 725 3169 interni
759 3113 912 3183 regis
954 3092 1183 3181 Christi,
1216 3115 1385 3183 cujus
1439 3121 1576 3170 voto
1602 3123 1656 3171 et
1687 3117 1982 3173 desiderio
2014 3120 2168 3188 capti
2200 3092 2246 3154 θ

519 3207 810 3266 tenentur,
835 3203 936 3256 toti
961 3203 1207 3257 omnino
1231 3203 1305 3257 ad
1333 3220 1469 3258 eum
1504 3207 1790 3270 conversi,
1819 3211 1998 3277 atque
2021 3208 2171 3261 desi-

523 3292 734 3346 derant
765 3293 1048 3360 consequi
1110 3292 1530 3347 inenarrabilia
1566 3293 1663 3348 illa
1694 3295 1871 3361 bona,
1904 3312 2039 3366 quae
2068 3313 2171 3366 per

528 3379 808 3449 Spiritum
865 3379 1205 3444 intuentur;
1238 3396 1492 3450 quorum
1528 3383 1715 3450 gratia
1768 3387 1992 3451 omnia,
2035 3403 2170 3458 quae

527 3471 668 3520 sunt
686 3483 864 3536 super
888 3473 1100 3521 terram
1126 3468 1394 3537 pulchra,
1419 3475 1474 3524 et
1495 3480 1794 3533 ornatum,
1819 3480 1873 3526 et
1895 3474 2166 3537 gloriam,

524 3559 579 3609 et
609 3555 924 3617 honorem,
952 3563 1005 3608 et
1035 3556 1272 3610 divitias
1299 3573 1504 3625 regum
1539 3575 1605 3613 ac
1636 3560 1968 3630 principum
2006 3564 2167 3617 nihili

525 3645 784 3698 ducunt:
823 3642 1024 3698 divina
1054 3644 1212 3697 enim
1247 3645 1686 3715 pulchritudine
1739 3651 1982 3704 sauciati
2014 3659 2168 3716 sunt,

525 3737 578 3786 et
609 3732 728 3785 vita
774 3731 1235 3787 immortalitatis
1289 3734 1545 3788 cmlestis
1602 3737 1655 3789 in
1691 3737 1923 3792 illorum
1958 3742 2172 3795 animis

455 3839 458 3842 ί
525 3818 844 3874 instillavit.
871 3820 1332 3883 Quocircaillam
1358 3821 1733 3879 dilectionem
1755 3826 2172 3898 cmlestisregis

521 3912 826 3978 exoptant,
882 3909 1169 3979 illumque
1223 3911 1416 3965 solum
1449 3911 1526 3966 ob
1557 3913 1761 3969 oculos
1797 3915 1850 3969 in
1889 3918 2172 3973 omnibus

526 3997 835 4052 desideriis
893 3996 1201 4063 habentes,
1240 3999 1466 4070 seipsos
1496 4003 1658 4056 omni
1688 4005 1993 4060 mundana
2025 4008 2170 4062 dile-

526 4086 718 4140 ctione
751 4101 855 4156 per
912 4103 1048 4141 eum
1104 4088 1435 4154 exsolvunt,
1485 4098 1540 4144 et
1567 4093 1850 4146 recedunt
1897 4094 1973 4148 ab
2005 4103 2168 4156 omni

525 4175 768 4230 vinculo
794 4180 1040 4239 terreno,
1079 4184 1139 4229 ut
1164 4177 1556 4246 possintillud
1583 4181 1945 4237 desiderium
1975 4186 2167 4240 solum

519 4280 755 4335 semper
804 4265 862 4318 in
919 4265 1200 4320 cordibus
1256 4270 1376 4321 suis
1435 4271 1735 4339 possidere
1793 4287 1986 4342 neque
2009 4275 2167 4330 aliud

520 4367 660 4406 cum
692 4351 789 4405 illo
838 4354 1243 4407 commiscere.
1276 4357 1451 4410 Pauci
1501 4374 1639 4412 vero
1672 4365 1808 4414 sunt
1839 4360 2167 4418 admodum

2276 1833 2437 1894 οὕτως
2499 1831 2722 1897 ἔνδοξον,
2777 1836 2936 1897 οὕτως
2989 1837 3310 1907 ἐπιθυμητὸν
3363 1838 3463 1888 ὑπὸ
3513 1838 3723 1892 πάντων,
3764 1831 3842 1880 κάν

2276 1928 2346 1988 τῷ
2417 1923 2660 1980 θεαθῆναι
2707 1929 2892 1992 μόνον’
2955 1931 3043 1976 καὶ
3101 1928 3318 1988 ἕκαστος
3373 1925 3422 1976 ἐν
3478 1923 3636 1989 ἑαυτῷ
3685 1921 3840 1989 λέγει’

2279 2011 2419 2062 me:
2476 2031 2574 2072 τις
2613 2009 2810 2065 ἔδωκέ
2861 2034 2970 2084 μοι
3012 2013 3259 2070 ἐκείνην
3324 2019 3437 2068 τὴν
3499 2009 3706 2074 δόξαν,
3755 2011 3844 2057 καὶ

2275 2102 2385 2156 τὴν
2418 2099 2816 2172 εὐπρέπειαν,
2860 2109 2964 2155 καὶ
3004 2108 3112 2161 τὴν
3153 2095 3843 2174 ὡραιότητα,μακαρὶξων

2275 2185 2460 2238 ἐκεῖνον
2500 2192 2586 2239 τὸν
2639 2189 2813 2260 ὅμοιον
2852 2190 3013 2242 αὐτοῦ
3061 2196 3258 2261 γήῐνον,
3307 2197 3398 2244 καὶ
3442 2187 3721 2262 ὁμοιοπαθῆ
3770 2187 3844 2233 καὶ

2278 2279 2458 2334 θνητὸν
2509 2283 2650 2342 ὄντα,
2692 2277 2785 2331 διὰ
2828 2278 2887 2334 δὲ
2934 2285 3026 2338 τὴν
3067 2287 3389 2355 πρόσκαιρον
3426 2280 3736 2351 εὐπρέπειαν,
3771 2275 3844 2323 καὶ

2277 2362 2454 2434 δόξαν,
2485 2370 2820 2439 ἐπιθυμητὸν.

2348 2490 2419 2555 ς’.
2492 2492 2550 2543 Εἰ
2613 2489 2701 2544 οὖν
2758 2494 2920 2554 οὕτως
2978 2496 3027 2546 οἱ
3075 2499 3322 2566 σαρκικοὶ
3387 2494 3645 2565 ἅνθρωποι
3696 2486 3846 2539 ἐπιθυ-

2276 2587 2438 2651 μοῦσι
2488 2589 2582 2640 τῆς
2623 2578 2779 2643 δόξης
2818 2591 2908 2634 τοῦ
2957 2587 3142 2653 γηῖνου
3184 2582 3468 2654 βασιλέως,
3507 2584 3650 2648 πόσῳ
3687 2573 3846 2646 μᾶλλον

2277 2670 2353 2730 οἷς
2417 2671 2676 2732 ἐνέσταξεν
2743 2671 2904 2728 ἐκείνη
2969 2675 2998 2729 ἡ
3067 2673 3211 2746 ῥανὶς
3268 2680 3365 2724 τοῦ
3427 2671 3713 2738 Πνεύματος
3772 2667 3849 2720 τῆς

2279 2758 2413 2818 ζωῆς
2470 2768 2560 2818 τῆς
2608 2762 2866 2827 θεότητος,
2919 2766 3006 2812 καὶ
3058 2764 3248 2832 ἔτρωσε
3304 2766 3406 2819 τὴν
3447 2754 3666 2831 καρδίαν
3711 2751 3848 2802 αὐτῶν

2278 2849 2427 2920 ἔρωτι
2479 2851 2616 2919 θείῳ,
2670 2853 2799 2922 πρὸς
2850 2854 2936 2901 τὸν
2990 2849 3289 2924 ἐπουράνιον
3353 2848 3582 2921 βασιλέα
3633 2841 3843 2913 Χριστόν»

2279 2938 2346 2997 εἰς
2397 2939 2554 2990 ἓκεῖνο
2619 2941 2677 2988 τὸ
2729 2938 2913 3000 κάλλος
2971 2936 3211 2991 δέδενται
3257 2944 3346 2991 καὶ
3401 2943 3495 2995 τὴν
3550 2929 3841 2986 ἀνεκλάλητον

2281 3024 2437 3088 δόξαν
2489 3031 2577 3078 καὶ
2621 3029 2883 3099 ἄφθαρτον
2938 3028 3259 3099 εὐπρέπειαν,
3312 3033 3405 3080 καὶ
3455 3029 3542 3079 τὸν
3591 3021 3844 3073 ἀνεννόητον

2279 3116 2497 3168 πλοῦτον
2540 3123 2628 3166 τοῦ
2663 3115 2910 3173 ἀληθινοῦ
2948 3122 3037 3169 καὶ
3077 3117 3285 3169 αἰωνίου
3328 3115 3592 3187 βασιλέως
3629 3108 3844 3183 Χριστοῦ,

2281 3205 2340 3257 οὗ
2383 3212 2445 3275 τῇ
2486 3206 2756 3276 ἐπιθυμίᾳ.
2798 3211 2886 3258 καὶ
2922 3214 2993 3274 τῷ
3041 3208 3184 3276 πόθῳ
3223 3203 3719 3277 αἰχμαλωτίζονται,
3757 3191 3845 3244 ὅλοι

2282 3292 2334 3356 ἐξ
2386 3293 2503 3344 ὅλου
2553 3297 2676 3366 πρὸς
2718 3294 2874 3346 αὐτὸν
2910 3297 3281 3365 τυγχάνοντες,
3320 3300 3416 3347 καὶ
3453 3293 3749 3361 ἔπιθυμοῦσι
3776 3298 3846 3330 τυ·

2283 3390 2398 3454 χεῖν
2466 3380 2664 3434 ἐκείνων
2716 3383 2782 3433 ὧν
2835 3383 3223 3455 ἓνοπτρίζονται
3282 3380 3378 3435 διὰ
3439 3388 3531 3434 τοῦ
3592 3377 3848 3442 Πνεύματος

2284 3471 2549 3529 ἀλαλὴτων
2595 3471 2824 3541 ἀγαθῶν,
2876 3473 2936 3524 οὗ
2975 3473 3132 3524 ἕνεκεν
3183 3473 3353 3524 πάντα
3394 3475 3459 3524 τὰ
3507 3471 3588 3521 ἐπὶ
3626 3473 3717 3534 γῆς
3750 3455 3848 3510 κάλ’

2281 3561 2343 3618 λη
2385 3565 2468 3612 xui
2509 3560 2830 3633 εὐπρεπείας,
2880 3565 2969 3612 καὶ
3013 3558 3186 3624 δόξας,
3237 3566 3324 3613 καὶ
3384 3561 3558 3632 τιμὰς,
3605 3558 3688 3606 καὶ
3723 3547 3848 3600 πλοῦ·

2281 3670 2362 3702 τον
2419 3649 2673 3721 βασιλέων
2721 3656 2810 3702 καὶ
2867 3649 3135 3720 ἀρχόντων
3179 3646 3513 3712 ἐξουδενοῦσι
3551 3668 3562 3680 ο
3616 3645 3723 3709 θείῳ
3767 3635 3848 3721 γὰρ

2281 3739 2452 3791 κάλλει
2516 3738 2839 3811 ἐτρώθησαν,
2899 3743 2986 3790 καὶ
3036 3739 3143 3798 ζωὴ
3199 3737 3497 3798 ἀθανασίας
3550 3733 3771 3803 οὐρανίου
3811 3739 3852 3771 ιν

2282 3836 2397 3889 ταῖς
2461 3828 2668 3898 ψυχαῖς
2733 3827 2900 3879 αὐτῶν
2964 3825 3210 3888 ἐνέσταξε.
3277 3829 3364 3878 Διό
3419 3829 3515 3877 καὶ
3568 3822 3635 3880 εἰς
3690 3816 3855 3867 ἐκείνην

2281 3923 2374 3974 την
2442 3915 2650 3986 ἀγάπην
2710 3923 2799 3968 τοῦ
2866 3915 3171 3986 ἇπουρανιου
3236 3914 3506 3986 βασιλέως
3562 3905 3852 3962 ἐπιποθοῦσι,

2281 4011 2370 4071 τεαὶ
2419 4006 2572 4057 αὐτὸν
2625 4008 2776 4075 μόνον
2835 4008 2934 4078 πρὸ
2992 4004 3263 4076 ὀφθαλμῶν
3321 4002 3369 4055 ἐν
3417 4001 3583 4072 πολλῇ
3641 3989 3854 4058 ἐπιθυμίᾳ

2282 4098 2485 4166 ἔχοντες
2545 4092 2617 4147 δι’
2675 4095 2834 4145 αὑτοῦ
2889 4096 3060 4154 πάσης
3127 4093 3332 4162 ἀγάπης
3403 4097 3611 4161 κόσμου
3671 4083 3853 4166 λύουσιν

2282 4185 2516 4246 ἑαυτοὺς,
2558 4188 2647 4236 καὶ
2690 4182 3030 4255 ἀναχωροῦσι
3077 4186 3270 4243 παντὸς
3306 4184 3498 4252 γηίνου
3539 4176 3744 4246 δεσμοῦ,
3787 4165 3853 4215 ἶνα

2282 4270 2581 4330 δυνηθῶσιν
2629 4272 2813 4324 ἐκεῖνον
2867 4277 3018 4343 μόνον
3065 4275 3151 4324 τὸν
3205 4273 3362 4324 πόθον
3420 4270 3472 4322 ἔν
3523 4273 3633 4326 ταῖς
3689 4260 3851 4312 έαυτων

2279 4359 2523 4435 καρδίαις
2569 4364 2710 4431 ἔχειν
2753 4364 2971 4413 πάντοτε
3015 4360 3162 4433 [(1),
3213 4365 3302 4412 καὶ
3354 4357 3523 4430 μηδὶν
3570 4356 3726 4425 ἕτερον
3775 4343 3850 4435 of"?

524 4438 623 4510 qui
679 4439 838 4494 bono
898 4440 1062 4496 initio
1115 4442 1340 4498 bonum
1399 4445 1580 4501 ﬁnem
1640 4455 1974 4515 procurent.
2006 4456 2060 4506 et
2092 4453 2165 4507 ad

2280 4450 2449 4520 ἐκείνῳ
2503 4452 2733 4521 μιγνύειν
2763 4467 2774 4479 ·
2823 4449 2990 4520 ὀλίγοι
3043 4447 3100 4502 δε
3157 4449 3258 4502 εἱσι
3301 4451 3435 4500 πάνυ
3487 4449 3534 4499 οἱ
3585 4449 3644 4512 τῇ
3705 4429 3846 4503 ἁγαθῇ

524 4526 706 4581 ﬁnem
741 4529 1086 4598 perveniant
1139 4531 1370 4602 absque
1423 4533 1616 4603 lapsu,
1648 4535 2025 4592 dilectionem
2059 4541 2166 4596 soli

523 4618 641 4671 Deo
698 4617 1011 4684 habentes,
1067 4625 1121 4673 et
1171 4621 1398 4692 seipsos
1427 4622 1503 4676 ab
1535 4625 1818 4678 omnibus
1851 4628 2163 4683 solventcs.

522 4705 674 4759 Multi
702 4707 858 4759 enim
889 4716 1396 4777 compunguntur,
1455 4717 1508 4766 et
1566 4713 1730 4767 multi
1761 4715 1966 4779 gratiae
1999 4718 2167 4772 coele-

523 4795 627 4847 stis
683 4794 998 4865 participes
1050 4796 1219 4860 fiunt,
1252 4803 1305 4851 et
1337 4799 1557 4854 cmlesti
1615 4817 1818 4856 amore
1879 4806 2166 4862 vulnerati

523 4885 679 4944 sunt,
745 4882 847 4934 sed
924 4898 1027 4953 per
1107 4886 1489 4953 quotidianas
1544 4905 1778 4958 pugnas
1863 4898 1915 4947 et
1980 4902 2166 4950 certa-

524 4968 708 5035 mina,
729 4974 784 5024 et
808 4969 1067 5036 labores,
1103 4979 1157 5027 et
1181 4975 1527 5030 tentationes
1561 4980 1749 5033 varias
1779 4982 2021 5050 maligni
2047 5000 2164 5038 non

520 5057 897 5121 sustinentes,
929 5061 1111 5116 variis
1139 5068 1194 5117 et
1246 5063 1492 5117 diversis
1524 5067 1845 5123 mundanis
1873 5072 2167 5142 cupidita-

519 5147 681 5204 tibus
708 5148 932 5216 agitati,
966 5151 1109 5221 quia
1137 5151 1499 5209 voluntatem
1557 5156 1810 5228 quisque
1835 5160 2010 5214 habet
2040 5161 2168 5216 dili-

521 5237 701 5307 gendi
731 5236 957 5308 aliquid
990 5255 1060 5294 ex
1123 5240 1235 5296 hoc
1269 5243 1514 5308 mundo,
1547 5250 1602 5299 et
1631 5261 1750 5299 non
1813 5249 2081 5303 solvendi
2110 5267 2168 5305 se

521 5327 770 5381 omnino
799 5325 877 5381 ab
908 5328 1034 5397 ejus
1061 5328 1391 5396 dilectione,
1414 5340 1760 5389 manserunt
1789 5341 1842 5389 et
1873 5337 2167 5394 submersi

525 5415 744 5472 suntin
775 5415 986 5472 mundi
1015 5415 1256 5492 abysso,
1289 5420 1368 5476 ob
1420 5423 1676 5496 propriaa
1729 5424 2048 5482 voluntatis
2080 5442 2168 5482 ve-

2281 4538 2422 4612 ἀρχῇ
2484 4538 2619 4599 τέλος
2670 4536 2862 4608 ἀγαθὸν
2920 4540 3282 4609 πορισάμενοι,
3324 4541 3413 4589 καὶ
3475 4529 3844 4604 διεξερχόμενοῑι

2279 4629 2370 4690 ἕως
2430 4627 2598 4687 τέλους
2653 4628 2903 4688 ἄπτωτοι,
2964 4631 3057 4684 τὴν
3115 4632 3238 4697 μίαν
3291 4625 3501 4696 ἀγάπην
3558 4621 3678 4689 πρὸς
3722 4621 3846 4682 μονον

2277 4720 2360 4768 τὸν
2419 4720 2545 4769 Θεὸν
2614 4719 2839 4786 ἔχοντες,
2901 4720 2989 4767 xui
3053 4717 3252 4766 πάντων
3321 4713 3534 4772 ἑαυτοὺς
3596 4704 3844 4758 λελυκοτις.

2281 4805 2464 4857 Πολλοὶ
2555 4808 2653 4862 γάο
2729 4807 3169 4862 κατανύσσονται,
3247 4807 3335 4854 καὶ
3411 4799 3586 4854 πολλοὶ
3659 4789 3846 4862 χάριτος

2278 4895 2518 4965 οὐρανίου
2585 4899 2805 4965 μέτοχοι
2865 4897 3116 4963 γίνονται,
3176 4897 3263 4944 καὶ
3323 4894 3473 4964 ἔρωτι
3524 4884 3844 4965 οὐρανίῳ

2555 4808 2653 4876 γὰρ
2729 4807 3169 4868 κατανύσσονται,

2277 4985 2620 5054 τρὼσκονται,
2656 4982 2782 5032 ἀλλά
2822 4979 2854 5034 δ
2860 4984 2914 5034 ιά
2951 4985 3066 5041 τοὺς
3106 4980 3154 5031 ἑν
3185 4984 3326 5052 μέσῳ
3367 4979 3562 5050 ἀγῶνας
3594 4973 3676 5023 καὶ
3712 4958 3844 5054 clm-'3:

2281 5091 2382 5131 σεις
2457 5076 2545 5122 καὶ
2619 5077 2807 5131 πόνους
2880 5074 2968 5121 καὶ
3034 5073 3355 5142 πειρασμοὺς
3433 5064 3704 5136 διαφόρους
3753 5061 3841 5142 ,τον

2277 5169 2503 5234 πονηροῦ
2579 5165 2650 5230 μὴ
2729 5161 3081 5222 ὑπομένοντες,
3160 5157 3207 5210 ἐν
3275 5157 3532 5216 ποικίλαις
3602 5149 3685 5200 καὶ
3744 5133 3841 5234 δξέ

2279 5224 2456 5320 φόροις
2502 5224 2800 5318 ἐπίθυμίαις
2845 5255 3126 5318 κοσμικαῖς
3177 5251 3492 5319 τρεπόμενοι,
3541 5238 3629 5293 διὰ
3674 5233 3725 5282 τὸ
3779 5224 3841 5272 θέ⁸

2277 5335 2418 5407 λημα
2479 5339 2618 5406 ἔχειν
2670 5337 2885 5389 ἕκαστον
2950 5343 3039 5388 τοῦ
3095 5335 3372 5406 ἀγαπῆσαί
3425 5353 3476 5384 τι
3535 5332 3618 5381 τοῦ
3667 5327 3838 5410 κοσμ⁰ξ¹

2277 5427 2483 5489 τούτου,
2535 5428 2623 5476 καὶ
2674 5430 2744 5495 μὴ
2795 5423 3054 5477 λελυκέναι
3101 5424 3348 5475 πάντοθεν
3394 5425 3486 5479 τήν
3533 5415 3721 5488 ἀγάπην
3768 5417 3844 5450 αυ“

599 5650 676 5729 (ι)
704 5653 882 5712 Uncis
911 5654 1147 5715 inclusa
1172 5657 1526 5736 supplentur
1555 5674 1627 5718 ex
1671 5659 1806 5717 cod.
1839 5676 1954 5720 ms.
1989 5662 2165 5718 Graec.

2302 5663 2364 5717 16
2389 5658 2767 5717 Bibliotheca
2798 5655 3227 5715 Berolinensts;
