4084 6256
226 308 337 377 504

228 441 341 499 τοῦ,
379 433 658 505 ἀπίμειναν
712 441 796 488 καὶ
866 436 1222 497 ἒϐυθίσθοσαν
1279 441 1329 495 ἂν
1379 449 1450 513 τῷ
1494 450 1585 495 τοῦ
1628 446 1831 515 κόσμου
1861 444 1907 496 Α

226 521 403 595 βυθῷ,
450 519 543 575 διὰ
573 532 664 576 τοῦ
719 523 858 578 ἰδίου
893 528 1177 600 θελήματος
1222 528 1523 604 ἀνανδρίαν,
1579 537 1669 585 καὶ
1698 534 1834 603 χαύ-

224 633 407 677 νωσιν,
443 614 472 671 ἢ
532 609 747 676 δειλίαν,
786 619 815 674 ἦ
867 613 939 668 δι’
993 617 1202 688 ἀγάπην
1244 624 1358 673 τινά
1408 626 1609 692 γήίνον.
1642 624 1707 673 οι
1734 624 1833 692 γάρ

227 701 283 764 ἐξ
330 701 576 762 ἀληθείας
631 699 903 765 διεξελθεῖν
953 708 1041 767 ἕως
1099 708 1272 769 τέλους
1315 712 1362 761 ἐν
1394 709 1563 781 ἀγαθῇ
1595 707 1830 782 διαγωγῇ

228 789 543 861 βουλόμενοι
589 790 739 843 ἄλλον
789 795 955 865 ἔρωτα
1002 801 1091 847 καὶ
1149 797 1305 855 ἄλλην
1339 797 1546 867 ἀγάπην
1586 802 1678 849 σὺν
1710 801 1832 850 ἐκεί·

225 899 285 952 νῃ
338 887 399 951 τῇ
457 879 746 954 ἐπουρανίῳ
813 881 1212 955 παραδέξασθαι
1261 887 1506 947 ἑκουσίως
1570 892 1659 939 καὶ
1689 886 1838 956 μῖξαι

228 967 324 1018 ούκ
394 966 707 1039 ὀφείλουσιν,
766 972 849 1021 ἵνα
898 977 969 1043 μή
1021 971 1389 1045 ἐμποδισθώσι
1420 984 1517 1027 τῶν
1549 995 1835 1046 πνευματι-

228 1066 353 1120 κῶν,
389 1063 478 1109 καὶ
512 1068 813 1130 στραφῶσιν
870 1061 941 1121 εἰς
993 1066 1057 1114 τά
1114 1063 1305 1128 ὀπίσω,
1364 1070 1452 1117 καὶ
1500 1064 1639 1126 τέλος
1693 1064 1835 1116 ἐκπέ·

231 1166 372 1198 σωσι
420 1154 514 1210 τῆς
568 1151 723 1211 ζωῆς.
780 1148 979 1222 Ὠσπερ
1053 1155 1151 1226 γὰρ
1224 1153 1423 1223 μεγάλα
1459 1159 1548 1205 καὶ
1605 1152 1839 1210 ἀλάλητα

228 1239 319 1285 καὶ
351 1230 705 1305 ἀνεκδιήγητα
730 1235 1083 1309 ἐπηγγελμένα
1110 1243 1250 1313 παρά
1267 1248 1380 1311 Θεῴ
1403 1243 1675 1312 τυγχάνει,
1702 1241 1836 1293 οὓτω

227 1328 454 1384 πίστεως
492 1328 582 1375 καὶ
622 1322 829 1387 ἐλπίδος
880 1332 969 1378 καὶ
1008 1334 1173 1380 πόνων
1213 1334 1302 1381 καὶ
1356 1328 1562 1400 ἀγώνων
1601 1330 1834 1401 μεγάλων

227 1417 390 1484 χρεία
414 1417 503 1463 καὶ
530 1413 716 1474 πολλῆς
744 1412 1083 1485 δοκιμασίας.
1129 1418 1203 1469 Οὐ
1243 1420 1343 1491 γάρ
1406 1439 1457 1469 τι
1482 1423 1667 1490 μικρὸν
1711 1439 1832 1489 τυγ⁹

227 1503 407 1572 χάνει,
438 1500 473 1552 οἷ
501 1502 699 1563 ἐλπίζει
740 1502 915 1574 ἀγαθά
944 1504 1115 1558 λαϐεῖν
1168 1508 1192 1557 ο
1240 1508 1511 1578 οῐνθρωπος
1557 1506 1832 1579 βασιλείας

230 1589 463 1663 οὐρανῶν
512 1590 773 1662 ἐπιθυμῶν
808 1610 819 1621 ’
858 1593 1279 1666 συμϐασιλεύσαι
1330 1603 1543 1668 Χριστῷ
1602 1596 1667 1655 εἰς
1711 1599 1830 1657 τοὺς

230 1678 555 1750 ἀπεράντους
585 1680 773 1741 αἰῶνας
807 1680 1003 1753 βούλει,
1037 1689 1126 1735 καὶ
1149 1687 1264 1744 τούς
1292 1684 1495 1755 ἀγῶνας
1525 1689 1614 1736 καὶ
1644 1690 1831 1745 πόνους

228 1773 320 1819 καὶ
362 1773 687 1841 πειρασμοὺς
716 1778 807 1821 τοῦ
859 1770 1035 1842 ὀλίγου
1067 1777 1263 1843 χρόνου
1296 1782 1390 1833 τῆς
1434 1773 1574 1834 ζωῆς
1633 1776 1829 1833 ταύτης
1860 1790 1903 1844 Β

230 1854 632 1919 καταδέξασθαι
654 1861 935 1930 προθύμως
966 1861 1053 1920 ἕως
1077 1863 1298 1913 θανάτου
1323 1862 1380 1914 οὐ
1399 1859 1675 1934 καταδέχη
1700 1879 1714 1927 ;
1739 1869 1829 1913 τοῦ

230 1952 428 2019 Κυρίου
459 1946 681 2018 βοῶντος
714 1968 725 1978 ·
756 1951 821 2000 Εἰ
858 1969 956 2010 τις
998 1949 1163 2002 θέλει
1205 1950 1410 2003 ὀπίσω
1448 1971 1565 2022 μου
1606 1951 1828 2014 ἐλθεῖν,

227 2032 716 2106 ἀπαρνησάσθω
760 2036 1004 2105 ἑαυτὸν,
1059 2044 1171 2091 καὶ
1225 2038 1436 2112 ἀράτω
1478 2044 1586 2090 τὸν
1650 2059 1832 2091 σταυ-

224 2127 334 2196 ρὸν
392 2126 589 2176 αὑτοῦ
629 2127 764 2178 καθ’
808 2129 1054 2200 ἡμέραν
1093 2133 1365 2202 χαίρων,
1418 2134 1530 2181 καὶ
1571 2128 1829 2180 ἀκολου-

232 2215 417 2264 θείτω
456 2234 585 2285 μοι.
648 2219 747 2267 Καὶ
798 2215 992 2267 πάλιν·
1057 2216 1192 2268 ’,Εάν
1250 2222 1331 2288 μὴ
1390 2236 1500 2280 τις
1574 2222 1829 2289 μισήσῃ

223 2306 493 2373 πατέρα,
550 2307 816 2377 μητέρα,
864 2311 1165 2374 γυναῖκα,
1222 2310 1429 2370 τέκνα,
1491 2303 1829 2378 ἀδελφοὺς,

228 2387 539 2461 ἀδελφὰς,
594 2393 688 2442 ἔτι
748 2388 816 2443 δὲ
871 2398 982 2444 καὶ
1040 2397 1133 2451 τὴν
1188 2393 1418 2446 ἑαυτοῦ
1467 2394 1701 2466 ψυχήν,
1764 2395 1831 2446 οὐ

227 2476 514 2532 δύναταί
580 2500 696 2551 μου
754 2477 922 2533 εἶναι
954 2484 1278 2553 μαθητής’
1314 2483 1621 2535 οἱπλεῖστοι
1648 2481 1706 2536 δὲ
1734 2492 1833 2535 τῶν

223 2567 509 2641 ἀνθρώπων
542 2567 812 2640 βασιλείας
844 2573 933 2639 μὲν
969 2571 1237 2642 ἐπιτυχεῖν
1269 2570 1566 2643 βούλονται,
1617 2579 1706 2624 καὶ
1741 2577 1834 2631 τήν

227 2658 433 2709 αἰώνιον
463 2658 602 2718 ζωὴν
648 2658 1041 2729 κληρονομῆσαι
1088 2660 1311 2723 θέλουσι,
1360 2661 1456 2731 ζῇν
1516 2658 1575 2712 δὲ
1625 2660 1671 2711 ἐν
1729 2669 1837 2724 τοῖς

228 2742 424 2806 τὲδίοις
455 2746 621 2797 αύτών
656 2749 932 2817 θελήμασι,
975 2754 1061 2800 καὶ
1115 2748 1287 2808 αὐτοῖς
1340 2749 1693 2811 ἐξακολουθείν
1745 2751 1837 2802 οὐκ

231 2835 620 2903 ἀπαναίνονται,
645 2836 835 2907 μᾶλλον
879 2833 937 2888 δὲ
982 2845 1052 2906 τῷ
1088 2842 1352 2911 σπείροντι
1381 2841 1444 2890 τὰ
1468 2840 1669 2909 μάταια
1701 2839 1833 2909 (16),

233 2929 323 2975 καὶ
364 2929 435 2996 μή
484 2924 865 2996 ἀπαρνούμενοι
919 2924 1128 2985 ἑαυτοὺς
1196 2925 1475 2997 βούλονται
1515 2931 1601 2985 τήν
1635 2927 1838 2980 αἰώνιον

237 3011 635 3081 κλςρονομῆσαι
663 3013 821 3077 ζωὴν,
847 3016 968 3089 ὅπερ
1000 3016 1139 3066 ἐστὶν
1170 3012 1447 3068 ἀδύνατον.

307 3097 368 3149 Ὀ
398 3100 497 3198 γὰρ
528 3099 805 3198 ).όγος.τοῦ
840 3107 1036 3175 Κυρίου
1096 3101 1293 3165 ἀληθής
1344 3106 1618 3175 τυγχάνει.
1680 3104 1839 3157 Οὗτοι
1879 3143 1917 3198 C

235 3189 335 3261 γάρ
392 3188 620 3240 ἄπτωτοι
674 3185 1054 3262 διεξέρχονται,
1095 3194 1143 3243 οἱ
1181 3194 1314 3244 κατά
1361 3198 1454 3250 τήν
1512 3193 1715 3252 ἐντολήν
1747 3202 1837 3246 τοῦ

238 3281 432 3347 Κυρίου
498 3275 847 3349 ἀρνησάμενοι
886 3279 991 3331 ὅλοι
1031 3279 1083 3341 ἐξ
1122 3280 1239 3332 ὅλου
1273 3281 1507 3345 ἑαυτοὺς,
1548 3287 1637 3334 καὶ
1667 3285 1839 3343 πάσας

236 3367 327 3424 τάς
363 3372 456 3415 τοῦ
506 3372 711 3435 κοσμου
762 3368 1036 3438 ἆπιθυμίας
1084 3374 1173 3420 καὶ
1234 3366 1460 3440 δεσμοὺς
1516 3375 1604 3422 καὶ
1650 3390 1834 3436 μετεω-

237 3457 461 3523 ρισμοὺς
517 3457 607 3503 καὶ
658 3450 849 3515 ἡδονὰς
898 3462 982 3507 καὶ
1021 3456 1279 3528 ἀσχολίας
1310 3456 1707 3530 βδελυξάμενοι,
1750 3464 1838 3512 καὶ

236 3540 396 3591 αὐτὸν
422 3546 577 3611 μόνον
618 3546 716 3614 πρὸ
769 3541 1037 3616 ὀφθαλμῶν
1092 3549 1320 3617 ἔχοντες,
1354 3552 1441 3600 καὶ
1494 3550 1587 3610 τάς
1635 3548 1839 3610 ἐντολὰς

234 3630 398 3681 αὐτοῦ
491 3638 653 3681 ποιεῖν
740 3630 1119 3705 ἐπιθυμοῦντες,
1199 3634 1332 3688 ὣστε
1398 3633 1517 3708 ἰδίῳ
1589 3637 1838 3707 θελήματι

232 3719 613 3791 ἀποστρέφεται
669 3720 902 3785 ἕκαστος,
950 3731 1044 3781 τῆς
1105 3722 1378 3793 βασιλείας
1428 3729 1485 3777 τὸ
1518 3725 1570 3787 ἐξ
1602 3725 1838 3787 ἀληθείας

230 3813 300 3879 μή
388 3808 607 3865 θελῆσαι
679 3809 850 3860 λαϐεῖν
922 3816 1009 3861 καὶ
1074 3813 1409 3883 ἀρνήσασθαι
1486 3814 1684 3879 ἑαυτὸν,
1749 3820 1838 3867 καὶ

228 3894 442 3967 ἀγαπᾷν
490 3916 541 3948 τι
594 3902 686 3949 σύν
740 3898 905 3971 ἐκείνῃ
961 3908 1022 3970 τῇ
1077 3900 1277 3973 ἀγάπη,
1338 3911 1408 3973 τῷ
1458 3900 1686 3961 ήδεσθαί
1727 3923 1840 3956 τισι

230 3992 324 4035 τοῦ
373 3985 558 4046 αἰῶνος
612 3989 797 4038 τούτου
848 3984 1120 4050 ἡδοναῖςῆ
1169 3993 1492 4062 ἐπιθυμίαις,
1540 3997 1629 4044 καὶ
1654 4004 1726 4063 τῳ
1764 3998 1834 4064 μή

230 4072 356 4129 ὅλην
413 4078 508 4131 τὴν
559 4073 792 4145 ἀγάπην,
850 4075 971 4128 ὅσον
1020 4076 1065 4127 ἐν
1122 4083 1420 4151 προαιρέσει
1464 4086 1553 4131 καὶ
1591 4080 1841 4152 θελήματι

232 4158 486 4226 δυνατὸν,
544 4167 672 4236 πρὸς
726 4166 917 4235 Κύριον
950 4168 1112 4236 ἔχειν.
1173 4166 1256 4229 Ἐξ
1286 4166 1387 4227 ἐνὸς
1421 4164 1479 4219 δὲ
1509 4167 1838 4240 ὑποδείγμα-

230 4269 321 4311 τος
395 4256 682 4308 συννὸησόν
753 4273 843 4323 μοι
922 4256 1110 4307 πάντα.
1194 4261 1474 4330 Διακρίνων
1531 4259 1620 4328 μὲν
1681 4256 1841 4311 ἐνίοτε

231 4336 495 4412 διακρίνει
550 4339 768 4401 ἕκαστος
824 4348 913 4394 καὶ
982 4340 1142 4406 οἶδεν,
1218 4346 1299 4396 ὅτι
1368 4347 1559 4397 ἄτοπὸν
1605 4346 1765 4411 ἐστιν,
1815 4348 1840 4399 ὅ

236 4428 372 4479 θέλει
410 4436 655 4493 ποιῆσαι,
708 4429 817 4481 ἀλλ’
854 4428 1036 4490 ἐπειδὴ
1093 4431 1273 4503 ἀγαπᾷ
1325 4439 1410 4486 καὶ
1446 4434 1539 4486 ούκ
1590 4434 1835 4506 ἀρνεῖται,

233 4519 461 4576 ἣττηται
510 4517 675 4588 αύτῷ,
755 4525 1007 4594 Πρότερον
1064 4525 1166 4593 γάρ
1220 4524 1320 4575 ἔσω
1364 4521 1411 4573 ἐν
1466 4532 1528 4597 τῇ
1586 4522 1838 4598 καρδίαὸ
1876 4513 1920 4567 D

232 4604 459 4677 πόλεμος
487 4610 706 4676 γίνεται,
758 4614 846 4660 καὶ
900 4611 925 4659 ὁ
977 4608 1133 4680 ἀγὼν,
1186 4616 1275 4662 καὶ
1328 4616 1385 4664 τὸ
1441 4614 1715 4682 στάθμιον,
1748 4618 1839 4665 καὶ

237 4696 269 4750 ἡ
303 4695 463 4765 ῥοπὴ,
515 4701 603 4747 καὶ
652 4700 710 4748 τὸ
762 4697 939 4768 ξύγιον
995 4708 1087 4759 τῆς
1144 4699 1353 4770 ἀγάπης
1394 4709 1486 4753 τοῦ
1537 4708 1688 4766 Θεοῦ,
1749 4706 1838 4754 καὶ

236 4789 338 4842 τῆς
382 4781 587 4852 ἀγάπης
631 4792 723 4836 τοῦ
776 4792 996 4858 κόσμου,
1044 4793 1133 4840 καὶ
1190 4794 1303 4842 τότε
1359 4794 1697 4864 προέρχεται,
1750 4796 1838 4843 καὶ

233 4867 498 4942 διακρίνει
546 4874 786 4937 ἕκαστος,
847 4875 889 4926 εἰ
944 4880 1085 4949 τύχη
1133 4877 1201 4938 εἰς
1258 4880 1441 4950 μάχην
1495 4888 1583 4930 καὶ
1617 4876 1838 4937 διαπλη-

229 4964 460 5032 κτισμὸν
498 4965 628 5033 πρὸς
681 4967 767 5013 τὸν
814 4960 1054 5035 ἀδελφὸν,
1114 4965 1272 5036 λέγων
1313 4966 1359 5018 ἐν
1393 4968 1590 5037 ἐαυτῷο
1648 4967 1834 5035 Eine»;

229 5048 485 5115 λαλήσω;
542 5048 670 5102 ἀλλά
701 5055 772 5122 μή
806 5051 1054 5118 λαλήσω;
1089 5060 1418 5127 μνημονεύων
1471 5059 1560 5128 μὲν
1606 5062 1695 5109 καὶ
1746 5066 1837 5110 τοῦ

301 5263 352 5300 ⁵³
383 5263 590 5323 Matth.
616 5278 736 5329 xvr,
770 5267 859 5319 24.
894 5266 990 5336 τλ⁵⁰
1024 5267 1159 5322 Luc.
1192 5283 1311 5335 xw,
1344 5270 1435 5326 26.

1538 314 1888 385 nouum;
1927 332 2000 361 ω-
2029 313 2214 371 ncia.
2240 316 2311 373 ν.

3486 310 3593 366 ωε

1945 441 2233 507 cordiam,
2288 447 2346 499 et
2397 444 2859 509 imbecllitatem,
2922 448 2977 500 et
3029 442 3423 504 timiditatem,
3489 440 3595 494 aut

1945 532 2024 587 ob
2052 538 2383 589 terrestrem
2412 534 2744 605 quamdam
2777 534 3175 589 dilectionem.
3205 531 3313 596 Qui
3346 529 3503 583 enim
3532 527 3592 581 in

1947 623 2185 677 veritate
2212 624 2285 677 ad
2309 623 2489 677 ﬁnem
2526 623 2829 693 pervenire
2851 623 3055 678 volunt
3076 622 3133 675 in
3168 621 3327 675 bona
3349 632 3593 673 conver-

1946 712 2194 772 satione,
2215 712 2402 767 alium
2429 728 2696 767 amorem
2724 717 2825 766 aut
2846 712 3023 766 aliam
3045 708 3427 764 dilectionem
3453 720 3591 760 cum

1946 798 2044 854 illa
2091 800 2315 855 caelesti
2355 800 2670 855 dilectione
2727 800 3037 855 admittere
3084 799 3333 853 libenter
3382 799 3437 850 et
3484 792 3593 848 ad-

1949 889 2197 944 miscere
2240 905 2360 944 non
2407 889 2646 954 debent,
2690 905 2763 944 ne
2802 888 3207 960 impediantur
3236 903 3272 941 a
3317 883 3594 955 spiritua-

1949 978 2106 1040 ibus,
2131 984 2183 1033 et
2210 984 2632 1033 convertantur
2657 985 3006 1042 retrorsum,
3042 982 3097 1031 et
3126 977 3370 1031 demum
3404 991 3437 1027 a
3472 973 3593 1026 vita

1947 1083 2056 1121 sua
2082 1068 2376 1121 excidant.
2414 1068 2572 1122 Sicut
2600 1067 2759 1121 enim
2787 1082 3030 1134 magna,
3073 1072 3127 1119 et
3156 1060 3505 1125 ineffabilia,
3538 1065 3595 1115 et

1947 1154 2371 1210 inenarrabilia
2402 1156 2700 1225 promissa
2741 1157 2904 1226 apud
2940 1156 3124 1208 Deum
3171 1152 3591 1213 inveniuntur;

1947 1243 2025 1297 ita
2051 1245 2185 1308 ﬁde,
2216 1250 2269 1297 et
2297 1260 2400 1313 spe
2422 1250 2477 1299 et
2506 1244 2815 1299 laboribus
2842 1248 2899 1297 et
2927 1243 3144 1313 pugnis
3171 1237 3406 1307 magnis
3438 1252 3593 1307 opus

1942 1338 2031 1387 est
2052 1344 2106 1387 et
2130 1333 2315 1388 multa
2343 1333 2716 1404 probatione.
2744 1335 2869 1387 Non
2896 1330 3054 1385 enim
3082 1344 3337 1400 parvum
3365 1324 3593 1395 aliquid

1944 1427 2083 1476 sunt
2127 1423 2291 1478 bona
2335 1439 2469 1494 quae
2519 1427 2718 1492 sperat
2772 1421 2955 1476 homo
3010 1419 3302 1488 accipere,
3344 1413 3594 1485 quando

1943 1525 2192 1579 regnum
2233 1510 2521 1566 cmlorum
2565 1509 2847 1565 affectat:
2890 1523 3140 1577 regnare
3180 1522 3317 1560 cum
3358 1502 3589 1560 Christo

1942 1600 1998 1653 in
2042 1600 2272 1655 inﬁnita
2322 1601 2545 1654 saecula
2573 1599 2762 1669 cupis,
2805 1605 2860 1653 et
2903 1611 3138 1668 pugnas
3168 1601 3222 1651 et
3268 1593 3506 1650 labores
3541 1591 3598 1645 et

1943 1690 2300 1743 tentationes
2348 1688 2544 1744 brevis
2592 1688 2873 1759 temporis
2913 1686 3092 1756 hujus
3129 1686 3260 1739 vitm
3306 1681 3597 1736 sustinere

1944 1776 2181 1831 viriliter
2232 1793 2420 1847 usque
2456 1777 2533 1831 ad
2575 1782 2829 1831 mortem
2861 1791 2977 1830 non
3019 1773 3274 1843 suscipis
3302 1770 3330 1825 ‘i
3364 1770 3598 1825 Dicente

1944 1865 2196 1920 Domino
2221 1885 2232 1920 :
2266 1866 2476 1936 Siquis
2496 1866 2839 1921 vultvenire
2854 1868 2989 1934 post
3008 1878 3113 1926 me,
3131 1861 3379 1927 abneget
3399 1860 3599 1914 semet-

1940 1954 2156 2022 ipsum,
2192 1962 2242 2010 et
2275 1956 2449 2010 tollat
2476 1970 2706 2010 crucem
2741 1964 2909 2009 ‘suam
2942 1951 3203 2024 quotidie
3229 1949 3518 2018 gaudens,
3548 1952 3597 2000 et

1942 2051 2226 2114 sequatur
2250 2058 2339 2099 me
2361 2044 2407 2078 ⁵⁸
2434 2060 2447 2108 ;
2476 2048 2532 2098 et
2557 2059 2793 2097 rursum
2821 2059 2833 2096 :
2866 2042 2935 2097 Si
2963 2040 3095 2111 quis
3124 2055 3240 2093 non
3275 2037 3465 2092 oderit
3490 2050 3598 2104 pa-

1944 2136 2112 2195 trem,
2140 2139 2410 2195 matrem,
2436 2147 2703 2199 uxorem,
2728 2132 2911 2199 ﬁlias,
2933 2130 3182 2199 fratres,
3217 2140 3467 2194 sorores,
3493 2123 3598 2180 ad-

1945 2220 2060 2301 huc
2090 2227 2285 2275 autem
2315 2224 2369 2276 et
2398 2221 2659 2275 animam
2697 2234 2888 2283 suam,
2922 2232 3041 2273 non
3066 2221 3252 2285 potest
3282 2229 3445 2270 meus
3476 2226 3597 2268 esse

1943 2309 2276 2377 discipulus
2290 2310 2357 2363 ⁵³.
2387 2309 2652 2379 Plerique
2674 2308 2948 2363 homines
2962 2320 3213 2374 regnum
3232 2302 3483 2374 adipisci
3497 2317 3597 2355 vo-

1944 2399 2092 2462 lunt,
2124 2404 2179 2453 et
2221 2403 2505 2453 aeternam
2547 2398 2730 2452 vitam
2771 2396 3039 2465 accipere
3064 2394 3348 2465 cupiunt;
3400 2391 3596 2445 vivere

1946 2494 2145 2543 autem
2194 2487 2250 2540 in
2293 2487 2551 2557 propriis
2599 2484 2721 2540 suis
2769 2482 3197 2547 voluntatibus,
3231 2484 3289 2535 et
3334 2479 3448 2534 illis
3494 2478 3598 2532 ob-

1948 2582 2277 2645 temperare
2300 2591 2418 2630 non
2453 2579 2749 2638 recusant,
2776 2572 2968 2641 magis
2993 2576 3190 2625 autem
3215 2567 3438 2623 similes
3461 2566 3597 2622 facti

1947 2665 2084 2720 huic
2116 2665 2215 2734 qui
2249 2679 2403 2717 vana
2438 2663 2710 2727 seminat,
2744 2676 2939 2733 neque
2969 2659 3341 2728 abnegantes
3384 2662 3597 2709 semet-

1948 2754 2114 2823 ipsos
2139 2752 2342 2807 volunt
2359 2758 2645 2807 aeternam
2668 2751 2843 2806 vitam
2865 2749 3167 2819 accipere;
3192 2744 3356 2818 quod
3378 2745 3599 2814 impos-

1950 2842 2118 2898 sibile
2150 2846 2258 2897 est.

2021 3108 2228 3162 Sermo
2269 3107 2428 3161 enim
2471 3104 2703 3160 Domini
2750 3118 2921 3157 verus
2972 3099 3287 3155 invenitur.
3340 3101 3488 3154 Nam
3520 3094 3600 3150 illi

1951 3197 2124 3268 lapsu
2175 3195 2544 3266 perveniunt,
2595 3192 2697 3264 qui
2754 3191 3086 3247 secundum
3142 3186 3377 3244 Domini
3433 3200 3597 3240 man-

1949 3286 2157 3341 datum
2190 3284 2493 3355 abnegant
2520 3283 2625 3338 toti
2656 3281 2907 3352 seipsos,
2940 3284 2995 3334 et
3021 3278 3229 3333 omnia
3255 3275 3463 3331 mundi
3495 3289 3600 3328 cu-

1952 3375 2246 3444 piditates,
2291 3372 2545 3437 vincula,
2588 3369 2922 3441 superbias,
2954 3367 3290 3438 voluptates
3320 3369 3376 3420 et
3414 3364 3599 3434 impe-

1948 3463 2214 3517 dimenta
2272 3461 2573 3531 abjiciant,
2629 3464 2683 3514 et
2735 3458 2899 3513 illum
2964 3456 3160 3511 solum
3216 3470 3351 3525 qua;
3409 3451 3598 3508 oculis

1951 3552 2189 3616 habent,
2224 3558 2280 3605 et
2306 3550 2459 3605 illius
2502 3548 2787 3604 mandata
2833 3560 3069 3601 servare
3112 3544 3381 3614 cupiunt,
3415 3541 3495 3595 ita
3538 3544 3601 3594 ut

1949 3639 2204 3711 quisque
2228 3640 2469 3709 propria
2496 3637 2799 3691 voluntate
2820 3637 3142 3697 avertatur,
3164 3646 3419 3701 regnum
3444 3626 3601 3684 nolle

1949 3730 2007 3783 in
2080 3728 2316 3781 veritate
2383 3726 2647 3780 obtinere
2712 3729 2766 3779 et
2820 3723 3084 3793 seipsum
3155 3720 3477 3787 abnegare,
3546 3720 3603 3771 et

1949 3817 2197 3885 diligere
2238 3815 2465 3886 aliquid
2499 3830 2635 3869 cum
2669 3814 2768 3868 illa
2803 3811 3135 3874 dilectione,
3169 3805 3491 3877 gaudendo
3539 3804 3601 3859 in

1950 3905 2249 3976 aliquibus
2288 3903 2485 3959 saeculi
2538 3903 2720 3972 hujus
2766 3899 3173 3970 voluptatibus
3212 3900 3268 3950 et
3313 3894 3603 3965 cupidita-

1951 3994 2135 4063 tibus,
2182 4000 2385 4048 etnon
2436 3991 2718 4046 habendo
2746 3991 2806 4044 in
2858 3987 3176 4043 Dominum
3225 3989 3411 4038 totam
3458 3980 3602 4035 dile-

1951 4083 2230 4144 ctionem,
2255 4085 2551 4153 quantum
2574 4078 2905 4141 intentioni,
2930 4083 2982 4130 et
3007 4072 3295 4129 voluntati
3317 4068 3603 4141 possibile

1951 4178 2055 4227 est.
2095 4173 2169 4225 Ex
2224 4185 2341 4224 uno
2373 4168 2651 4239 exemplo
2693 4165 2837 4221 mihi
2877 4163 3136 4231 intellige
3167 4160 3390 4216 omnia.
3440 4156 3599 4212 Judi-

1950 4260 2145 4316 cando
2191 4259 2417 4328 judicat
2443 4257 2698 4328 quisque
2737 4260 2795 4310 et
2852 4253 3040 4308 noscit
3072 4250 3423 4306 indecorum
3470 4260 3601 4301 esse

1952 4348 2115 4421 quod
2161 4348 2350 4403 facere
2382 4345 2503 4400 vult
2530 4362 2543 4410 ;
2572 4344 2674 4399 sed
2706 4342 2953 4415 quando
2989 4340 3181 4409 diligit
3208 4343 3264 4394 et
3290 4352 3413 4393 non
3436 4350 3604 4391 recu-

1954 4444 2063 4501 sat,
2117 4437 2229 4492 hoc
2280 4436 2550 4490 vincitur.
2606 4432 2866 4487 Primum
2916 4430 3076 4486 enim
3107 4429 3165 4483 in
3219 4426 3397 4482 corde
3443 4424 3603 4479 intus

1954 4525 2174 4581 bellum
2225 4524 2308 4589 ﬁt,
2359 4529 2413 4577 et
2459 4538 2684 4593 pugna,
2731 4526 2784 4576 et
2823 4518 3081 4583 libratio,
3129 4512 3603 4586 ponderatioque

1950 4614 2333 4670 dilectionem
2369 4613 2463 4667 Dei
2494 4612 2642 4666 inter
2673 4611 2725 4665 ei
2769 4607 3149 4664 dilectionem
3184 4602 3430 4667 mundi;
3462 4605 3603 4655 tunc

1950 4702 2182 4759 accedit
2226 4702 2481 4772 quisque
2541 4706 2596 4755 et
2650 4699 2899 4769 judicat,
2958 4698 3004 4751 si
3052 4694 3201 4750 forte
3260 4695 3475 4759 agatur
3526 4688 3602 4743 de

1949 4794 2075 4847 rixa
2100 4796 2156 4846 et
2186 4788 2495 4844 iracundia
2518 4793 2726 4843 contra
2755 4785 2998 4841 fratrem
3033 4800 3045 4839 :
3082 4783 3301 4847 dicam,
3338 4782 3439 4835 aut
3478 4792 3604 4832 non

1947 4880 2188 4935 dicam?
2234 4878 2467 4948 loquar,
2508 4882 2609 4930 aut
2639 4891 2760 4929 non
2798 4871 3055 4944 loquar?
3088 4884 3318 4925 memor
3355 4865 3603 4938 quidem

1951 4968 2068 5031 Dei,
2127 4967 2233 5020 sed
2290 4965 2597 5036 propriam
2652 4962 2907 5031 gloriam
2963 4973 3314 5027 procurans,
3375 4960 3429 5010 et
3478 4968 3602 5036 non

1948 5056 2212 5127 seipsum
2256 5054 2588 5124 abnegans,
2637 5030 2843 5106 verum
2887 5049 2937 5104 si
2990 5045 3171 5119 paulo
3222 5030 3609 5116 praevaluerit

1616 5465 1847 5523 VARle
1877 5464 2273 5561 ιΕΟΤιΟΝΕξ.

1742 5610 1745 5611 ν
1764 5598 1797 5614 \l

294 5673 418 5747 (l6)
462 5676 652 5730 Locus
681 5677 836 5730 certe
868 5675 1111 5732 mutilus
1145 5692 1158 5742 ;
1192 5678 1560 5765 ροξίθμείτᾳεα
1583 5678 1816 5764 nullum

1948 5679 2140 5757 sodice
2178 5673 2979 5765 interpunctiogis,_lisnm
3070 5710 3080 5748 ι
3162 5724 3176 5741 .
3288 5722 3294 5733 ι
3386 5688 3417 5735 ’ί
3468 5680 3539 5753 Ϊὶὶ
