4084 6256
539 324 646 383 503

545 452 779 508 dilectio
824 456 879 506 et
909 452 1150 519 pondus
1198 451 1404 506 mundi
1439 453 1494 506 in
1535 451 1733 506 cordis
1780 451 1952 514 libra,
1993 451 2187 506 statim

541 541 919 612 progreditur
948 558 1166 610 pravus
1198 557 1395 595 sermo
1437 557 1626 610 usque
1653 541 1727 596 ad
1756 541 1932 595 labia.
1971 541 2189 595 Deinde

541 637 826 701 tanquam
870 631 1115 699 sagittas
1142 631 1404 698 dirigens
1450 647 1618 684 mens
1661 631 1816 684 intus
1847 631 2186 699 proximum

542 721 672 774 telis
703 721 931 788 impetit
961 736 1066 788 per
1106 720 1394 778 linguam.
1430 721 1658 785 jaciens
1693 721 1805 774 tela
1844 736 2189 775 sermonum

541 809 1112 864 contumeliosorum
1144 809 1201 863 in
1242 809 1545 864 voluntate
1585 816 1934 880 spontanee,
1985 825 2190 864 suam-

543 903 660 953 met
709 899 959 963 gloriam
1009 915 1362 968 procurans.
1417 899 1634 953 Deinde
1682 899 1884 953 multis
1931 900 2008 953 ita
2064 899 2194 954 telis

539 988 881 1058 proximum
916 988 1207 1057 impetens
1229 1004 1335 1057 per
1369 988 1836 1043 contumeliosos
1863 1004 2191 1050 sermones.

540 1076 878 1148 usquedum
936 1084 988 1130 et
1045 1077 1102 1131 in
1147 1077 1405 1131 decursu
1468 1081 1692 1131 crescat
1745 1080 2056 1148 peceatum
2119 1077 2193 1131 ad

537 1164 814 1220 ltesiones
870 1166 1198 1235 aliquando
1229 1171 1283 1220 et
1344 1167 1610 1222 vulnera.
1667 1166 1722 1220 in
1778 1182 2026 1233 corpore
2068 1181 2201 1220 mn-

540 1258 676 1310 tuas
724 1254 860 1309 belli
911 1259 1109 1323 partes
1165 1261 1407 1314 exercet.
1457 1256 1822 1326 quandoque
1880 1271 2068 1323 usque
2123 1256 2196 1309 ad

549 1347 797 1398 mortem
826 1362 838 1411 ;
883 1344 965 1397 sic
999 1343 1158 1397 necis
1203 1349 1409 1399 auctor
1440 1344 1694 1399 efﬁcitur
1740 1345 1999 1399 hominis
2029 1350 2199 1413 pravi

545 1432 866 1501 cupiditas,
915 1431 1070 1498 vide,
1121 1433 1278 1486 unde
1327 1437 1531 1488 exorta
1579 1434 1669 1497 sit,
1713 1438 1766 1488 et
1803 1433 2041 1503 qualem
2091 1435 2198 1488 ha-

545 1520 739 1575 buerit
753 1521 933 1574 ﬁnem
955 1520 1192 1574 dilectio
1217 1521 1542 1575 mundanae
1557 1521 1758 1583 gloriae
1776 1522 2038 1592 pondere
2053 1538 2200 1593 prm-

544 1607 752 1662 valens
779 1608 836 1661 in
860 1608 1056 1662 cordis
1072 1608 1222 1663 libra
1237 1609 1548 1679 etpropria
1561 1609 1886 1666 voluntate.
1903 1611 2197 1675 Quoniam

545 1696 703 1752 enim
741 1696 958 1766 aliquis
995 1697 1262 1765 seipsum
1300 1713 1417 1752 non
1449 1697 1790 1764 abnegavit,
1831 1702 1885 1753 et
1911 1699 2135 1769 aliquid
2167 1716 2196 1754 e

545 1785 776 1840 mundo
799 1786 1021 1849 dilexit,
1051 1786 1148 1840 illa
1176 1786 1380 1841 omnia
1401 1786 1622 1856 ﬂagitia
1645 1789 1946 1843 eveniunt.
1970 1791 2051 1844 lta
2067 1805 2198 1844 esse

544 1875 834 1929 arbitrare
879 1876 935 1929 in
983 1891 1346 1945 quocunque
1397 1881 1642 1945 peccato
1675 1881 1728 1929 et
1770 1878 2199 1932 consuetudine

545 1963 727 2029 mala,
759 1979 896 2018 cum
930 1963 1232 2018 blanditur
1265 1964 1484 2019 malitia
1512 1971 1565 2019 et
1595 1966 1958 2024 voluntatem
1987 1967 2201 2021 mentis

543 2053 639 2108 inc
675 2053 798 2108 inat
834 2053 907 2107 ad
945 2053 1283 2107 mundanas
1317 2053 1673 2122 cupiditates
1706 2060 1759 2108 et
1805 2055 2113 2110 illecebras
2147 2060 2203 2109 et

543 2141 877 2210 voluptates
899 2143 1115 2195 carnis.
1148 2142 1226 2195 Ita
1250 2157 1427 2197 omne
1451 2143 1686 2198 malitiae
1704 2159 1857 2211 opus
1879 2151 2199 2207 exercetur,

545 2231 631 2286 ita
659 2230 1043 2300 impudicitiae
1074 2235 1127 2285 et
1161 2231 1407 2295 furtum,
1443 2235 1522 2286 ita
1573 2233 1820 2287 avaritia
1859 2238 1914 2287 et
1945 2234 2204 2316 pigritia,

550 2322 632 2375 ita
659 2320 783 2373 auri
817 2320 1110 2388 cupiditas
1138 2325 1192 2374 et
1219 2336 1376 2374 vana
1405 2321 1612 2386 gloria,
1643 2322 1721 2377 ita
1747 2322 1969 2376 invidia
2000 2327 2056 2377 et
2080 2340 2204 2378 am-

548 2409 714 2469 bitio,
744 2413 799 2463 et
829 2409 1236 2480 quodcunque
1273 2414 1360 2464 est
1393 2410 1632 2465 malitiae
1664 2427 1834 2480 opus.
1868 2412 2204 2481 Aliquando

547 2514 731 2567 opera
773 2514 908 2567 quae
942 2498 1102 2552 bona
1155 2498 1433 2553 videntur
1472 2499 1545 2554 ad
1581 2500 1832 2569 gloriam
1875 2507 1930 2555 et
1960 2501 2200 2557 laudem

547 2587 863 2641 hominum
914 2587 1321 2656 perﬁciuntur,
1373 2604 1509 2658 quae
1550 2589 1712 2659 apud
1752 2592 1934 2644 Deum
1988 2591 2204 2646 similia

549 2679 686 2728 sunt
711 2675 1035 2743 injustitise,
1092 2674 1244 2728 furto
1285 2680 1340 2730 et
1372 2676 1500 2730 aliis
1531 2680 1810 2746 peccatis.
1841 2679 1991 2732 Deus
2043 2681 2199 2733 enim

551 2763 721 2821 dicit:
742 2764 1036 2833 Dispersi!
1053 2779 1185 2819 ossa
1199 2780 1401 2820 eorum
1419 2766 1522 2835 qui
1535 2767 1867 2821 hominibus
1885 2769 2198 2835 placent“;

549 2853 630 2907 ita
653 2857 714 2905 ut
743 2868 849 2922 per
872 2868 941 2906 ea
960 2868 1094 2921 quae
1123 2852 1281 2907 bona
1308 2854 1583 2908 videntur
1606 2855 1908 2918 malignus
1938 2857 2204 2912 minister

549 2941 801 3008 diligens
833 2957 1123 3011 apparere
1152 2942 1307 3007 velit,
1335 2944 1535 2997 varius
1565 2945 1722 2999 enim
1748 2950 1832 2999 est
1859 2951 1910 2998 et
1942 2946 2199 3002 mendax

550 3030 606 3084 in
673 3030 1098 3100 cupiditatibus
1161 3032 1387 3086 mundi.
1446 3035 1588 3088 Nam
1658 3049 1764 3103 per
1818 3034 2199 3091 dilectionem

551 3120 886 3191 quamdam
923 3125 1251 3175 terrestrem
1283 3125 1337 3175 et
1359 3122 1682 3185 carnalem,
1717 3123 1769 3177 in
1793 3139 1914 3194 qua
1945 3124 2202 3179 vincitur

550 3210 736 3264 homo
764 3209 1009 3279 propria
1059 3209 1381 3270 voluntate.
1411 3210 1667 3266 allicitur
1715 3213 1960 3274 malitia,
1993 3219 2054 3267 ut
2097 3214 2200 3268 ﬁat

553 3297 630 3352 illi
664 3297 969 3354 vinculum
1001 3298 1316 3353 insolubile
1348 3303 1402 3352 et
1429 3299 1661 3354 sarcina
1695 3301 1913 3363 gravis,
1946 3302 2201 3356 immer-

551 3402 698 3455 gens
729 3390 783 3438 et
822 3386 1125 3441 suﬁ'ocans
1155 3404 1290 3440 eum
1326 3388 1383 3440 in
1425 3388 1644 3443 saeculo
1675 3389 1973 3461 nequitiae,
2006 3407 2201 3461 neque

553 3475 755 3529 sinens
798 3489 1129 3539 assurgere,
1179 3480 1234 3529 et
1264 3475 1337 3528 ad
1392 3478 1575 3531 Deum
1609 3476 1837 3542 redire;
1885 3479 2199 3548 quoniam,

552 3562 850 3632 quidquid
883 3578 912 3615 e
946 3563 1175 3617 mundo
1197 3563 1412 3633 aliquis
1440 3564 1728 3630 dilexerit,
1759 3565 1912 3620 illius
1942 3574 2198 3623 mentem

553 3651 838 3720 opprimit
865 3655 919 3704 et
950 3651 1196 3715 obtinet,
1235 3668 1427 3722 neque
1456 3668 1773 3707 assuroere
1806 3655 1959 3709 sinit.
1993 3657 2050 3709 ln
2091 3657 2203 3712 hac

554 3739 712 3794 enim
757 3738 1070 3794 libratione
1109 3747 1163 3794 et
1203 3741 1633 3809 ponderatione
1673 3758 1808 3813 quae
1841 3759 1945 3812 per
1988 3745 2200 3800 libram

557 3827 800 3883 malitia).
840 3829 923 3891 ﬁt,
955 3829 1233 3899 penditur
1262 3835 1316 3883 et
1365 3830 1653 3899 probatur
1682 3847 1861 3886 omne
1889 3833 2201 3890 hominum

557 3931 667 3986 gen
680 3933 766 3982 us,
783 3916 1250 3973 Christianorum
1267 3935 1483 3989 nempe
1497 3919 1552 3974 in
1571 3919 1821 3974 urbibus
1836 3921 2203 3988 degentium,

558 4009 660 4061 aut
690 4006 744 4059 in
780 4006 1106 4072 montibus,
1141 4015 1242 4061 aut
1280 4008 1338 4063 in
1373 4009 1766 4072 monasteriis,
1797 4015 1898 4065 aut
1937 4011 1991 4065 in
2024 4012 2202 4080 agris,

554 4099 658 4150 aut
687 4095 742 4149 in
773 4095 1016 4150 desertis
1043 4095 1208 4156 locis.
1245 4098 1388 4167 quia
1415 4098 1720 4155 voluntate
1752 4101 1997 4168 propria
2030 4102 2208 4156 sedu-

557 4187 687 4239 ctus
713 4183 896 4239 homo
919 4184 1105 4255 diligit
1132 4186 1355 4256 aliquid
1383 4194 1435 4240 et
1453 4186 1668 4257 quovis
1693 4189 1875 4244 modo
1903 4190 2094 4246 vincta
2119 4196 2209 4245 est

557 4273 688 4344 ejus
718 4272 972 4338 dilectio,
1017 4278 1073 4327 et
1104 4290 1222 4328 non
1266 4280 1351 4329 est
1379 4278 1502 4330 tota
1533 4275 1589 4329 in
1625 4277 1806 4330 Deum
1840 4295 1854 4342 ;
1894 4277 1989 4332 hic
2021 4279 2203 4345 enim,

556 4360 721 4416 verbi
767 4362 973 4429 gratia,
1017 4362 1218 4418 dilexit
1255 4379 1420 4433 opes,
1470 4363 1622 4418 alius
1653 4380 1866 4420 aurum
1900 4371 1956 4421 et
1999 4382 2208 4434 argen-

559 4454 709 4514 tum,
739 4449 890 4503 alius
915 4450 1197 4505 disertam
1226 4451 1432 4506 mundi
1462 4451 1818 4521 sapientiam
1849 4454 1928 4508 ob
1955 4453 2205 4523 gloriam

559 4537 897 4603 hominum,
931 4539 1080 4594 alius
1102 4540 1303 4594 dilexit
1332 4541 1681 4610 potentiam,
1711 4540 1864 4596 alius
1891 4543 2127 4599 laudem
2153 4551 2208 4601 et

560 4628 818 4682 honores
843 4628 1183 4692 hominum,
1215 4629 1363 4683 alius
1395 4630 1544 4684 iram
1577 4633 1632 4683 et
1664 4629 2023 4686 violentiam.
2061 4635 2208 4688 Nam

558 4717 953 4788 permittendo
982 4735 1043 4771 se
1066 4723 1339 4786 prompte
1362 4717 1625 4787 passioni
1654 4717 1811 4772 hanc
1829 4719 2037 4787 diligit,
2059 4721 2210 4776 alius

560 4805 795 4860 inutiles
821 4811 1087 4869 eventus,
1114 4805 1263 4859 alius
1291 4805 1598 4871 invidiam,
1629 4805 1777 4860 alius
1799 4809 1961 4862 omni
1994 4810 2087 4864 die
2114 4828 2208 4865 su-

561 4892 756 4966 perbit
786 4897 839 4946 et
867 4893 1117 4956 laatatur,
1153 4893 1306 4947 alius
1338 4893 1617 4947 inanibus
1649 4894 1979 4951 rationibus
2012 4897 2210 4953 illudi-

565 4985 678 5045 tur,
704 4979 854 5034 alius
882 4987 1167 5052 tanquam
1192 4981 1335 5044 legis
1362 4981 1642 5051 magister
1661 4981 1867 5038 haberi
1890 4984 2099 5051 diligit,
2132 4989 2211 5042 ob

563 5068 880 5125 hominum
905 5069 1180 5137 gloriam,
1197 5069 1350 5124 alius
1369 5069 1640 5125 socordia
1655 5075 1709 5126 et
1726 5071 1953 5127 incuria
1969 5075 2206 5141 gaudet,

563 5158 716 5214 alius
740 5158 1004 5213 vestibus
1034 5164 1089 5214 et
1131 5158 1346 5228 pannis
1385 5158 1697 5223 detinetur,
1727 5160 1878 5216 alius
1912 5163 2069 5217 curis
2099 5168 2207 5218 ter-

565 5245 853 5304 restribus
901 5263 964 5302 se
994 5246 1115 5312 dat,
1146 5247 1297 5302 alius
1333 5262 1614 5303 somnum
1642 5253 1697 5302 et
1727 5251 2019 5306 sermonis
2045 5251 2210 5324 lepo-

639 5417 683 5453 ⁸⁸
711 5415 868 5472 Psal.
901 5432 995 5481 ιιι,
1029 5420 1080 5472 ϐ.

1851 322 1911 379 8.
1950 320 2252 380 MACABII
2293 319 2596 380 EGYPTlI

3765 328 3856 383 5οι

2224 449 2270 504 Α
2305 457 2460 512 Θεοῦ,
2511 449 2639 502 ἀλλὰ
2688 453 2782 507 τὴν
2830 446 2971 502 ἰδίαν
3029 445 3186 512 δόξαν
3233 453 3662 522 περιποιούμενος,
3693 455 3774 504 καὶ
3800 457 3858 522 μή

2301 540 2481 592 ἑαυτὸν
2550 539 2873 612 ἀρνούμενος.
2949 537 3097 592 Ἀλλ’
3154 539 3240 590 ἐὰν
3321 539 3489 610 ὀλίγον
3543 539 3859 612 καταϐαρήση

2301 630 2331 686 ή
2363 629 2540 698 ἀγάπη
2573 636 2666 680 τοῦ
2695 633 2898 699 κόσμου
2931 633 3020 680 καὶ
3066 630 3096 686 ή
3129 629 3262 702 ῥοπή
3319 627 3366 680 ἒν
3415 636 3485 697 τῷ
3524 636 3616 690 τῆς
3665 626 3866 701 καρδίας

2303 719 2488 788 ζυγίῳ,
2533 718 2680 778 εὐθὺς
2728 721 3045 789 προέρχεται
3094 717 3119 768 ὸ
3166 719 3385 785 πονηρὸς
3413 716 3564 785 λόγος
3594 721 3745 786 μέχρι
3782 727 3867 769 τῶν

2303 807 2536 878 χειλέων.
2595 806 2718 860 Εἶτα
2776 808 2949 876 ῶσπερ
3007 804 3131 877 βέλη
3186 809 3411 858 ἐντείνων
3465 808 3489 857 ό
3546 813 3660 866 νοῦς
3687 803 3867 860 ἔνδοθεν

2303 899 2496 959 τοξεύει
2540 899 2625 948 τὸν
2657 896 2878 954 πλησίον
2917 893 3010 947 διὰ
3056 895 3310 964 γλώττης,
3372 899 3584 966 πέμπων
3635 894 3748 965 βέλη
3800 896 3868 948 λό-

2303 1007 2406 1056 γων
2444 984 2682 1056 ἀπρεπῶν
2740 988 2788 1036 ἓν
2834 985 3082 1052 θελήματι
3129 983 3373 1054 ἑκουσίῳ,
3427 988 3522 1040 τὴν
3576 983 3749 1036 εαυτοῦ
3795 981 3870 1037 δό·

2308 1075 2397 1137 ξαν
2423 1077 2863 1145 περιποιούμενος.
2917 1070 3040 1126 Εἶτα
3082 1073 3299 1135 τοξεύων
3352 1071 3431 1124 ἐπὶ
3473 1072 3600 1124 πολὺ
3651 1075 3729 1123 τὸν
3753 1073 3868 1131 πλη-

2311 1169 2422 1216 σίον
2459 1160 2552 1215 διὰ
2593 1163 2758 1232 λόγων
2804 1161 3062 1232 ἀπρεπῶν,
3116 1162 3207 1224 ἓως
3263 1162 3324 1213 οὗ
3363 1166 3454 1213 καὶ
3498 1160 3546 1213 ἰν
3591 1168 3696 1222 τοῖς
3723 1161 3871 1231 με’λισι

2313 1249 2551 1324 διαχυθῇ
2611 1257 2669 1304 τό
2718 1253 3002 1323 ἁμάρτημα
3057 1252 3123 1311 εἰς
3174 1247 3567 1320 συμπληγάδας
3614 1253 3759 1302 ἰνίοτε
3798 1255 3873 1302 καὶ

2311 1344 2604 1415 τραύματα,
2653 1339 2744 1393 διὰ
2800 1349 2888 1393 τοῦ
2944 1346 3185 1411 σώματος
3245 1339 3446 1397 ἄλληλα
3509 1341 3574 1390 τὰ
3635 1338 3750 1410 μέλη
3794 1358 3874 1391 πο-

2308 1429 2560 1500 λεμοῦντα
2616 1429 2987 1500 ἀπεργάζεται,
3038 1428 3195 1481 ἰνίοτε
3233 1433 3324 1479 καὶ
3382 1427 3477 1488 ἓως
3530 1431 3696 1498 φόνου,
3747 1428 3875 1479 θανάι

2309 1540 2400 1572 του
2458 1519 2803 1590 ἀπαρτίζεται
2857 1522 2912 1570 τὸ
2970 1525 3060 1569 τοῦ
3113 1525 3343 1589 πονηροῦ
3394 1519 3710 1586 ἐπιθύμημα.
3764 1512 3873 1579 Ἴδε,

2308 1611 2461 1662 πόθεν
2492 1609 2706 1680 ήρξατο,
2747 1612 2835 1659 καὶ
2892 1615 3038 1659 ποῖον
3076 1610 3208 1678 ἔσχε
3251 1610 3311 1658 τὸ
3365 1605 3506 1666 τέλος
3535 1604 3704 1675 ἀγάπη
3739 1600 3876 1665 δόξης

2307 1706 2564 1769 κοσμικῆς
2615 1697 2906 1770 βαρυθεῖσα
2955 1698 3031 1766 (1)
3097 1704 3160 1767 τῇ
3205 1697 3341 1770 ῥοπῇ
3398 1699 3495 1747 τὸῦ
3548 1702 3636 1754 τῆς
3679 1690 3874 1764 καρδίας

2231 1789 2275 1843 Β
2312 1789 2474 1855 ζυγοῦ
2501 1787 2554 1849 ἐξ
2601 1783 2740 1838 ἰδίου
2774 1785 3056 1856 θελήματος
3143 1787 3237 1837 Διά
3259 1787 3362 1857 γὰρ
3392 1788 3450 1836 τὸ
3481 1789 3551 1854 μή
3581 1781 3875 1854 ἀρνήσασθαι

2309 1874 2508 1936 ἑαυτὸν,
2573 1880 2661 1927 καὶ
2708 1875 2912 1945 ἀγαπᾷν
2963 1895 3012 1927 τι
3069 1881 3161 1926 τοῦ
3199 1893 3430 1944 κοσμου,
3493 1873 3657 1926 ἐκεῖνα
3709 1871 3790 1923 ὅλα
3824 1873 3878 1922 τὰ

2311 1961 2624 2033 ἀτοπήματα
2651 1969 2910 2032 γίγνεται.
2952 1964 3130 2024 Οὕτως
3171 1967 3274 2014 νόει
3318 1982 3415 2028 μοι
3454 1965 3544 2014 καὶ
3597 1961 3665 2021 εἰς
3694 1959 3876 2012 ἕκαστον

2311 2051 2597 2124 ἁμάρτημα
2653 2057 2742 2104 καὶ
2796 2049 3123 2121 ἐπιτήδευμα
3201 2050 3397 2121 φαῦλον
3447 2057 3536 2110 τῆς
3587 2053 3760 2109 κακίας
3809 2067 3876 2099 κο·

2310 2140 2651 2205 λακευούσης,
2691 2146 2780 2193 καὶ
2838 2145 3255 2212 προτρεπομένης
3304 2143 3368 2192 τὸ
3411 2140 3607 2208 θέλημα
3651 2146 3734 2190 τοῦ
3783 2139 3877 2197 νοὸς

2313 2236 2400 2283 καὶ
2447 2230 2742 2301 ἔπιθυμίαις
2789 2238 3068 2301 κοσμικαῖς
3115 2235 3203 2282 καὶ
3234 2228 3414 2301 ἀπάτη
3458 2233 3546 2281 καὶ
3575 2225 3731 2298 ἡδονη
3767 2245 3874 2298 σαρ-

2313 2324 2420 2379 κός.
2477 2323 2625 2372 Οὕτω
2694 2325 2795 2372 πᾶν
2881 2326 3100 2390 πρᾶγμα
3156 2323 3341 2379 κακίας
3409 2317 3741 2390 ἀπαρτίζεται
3792 2315 3872 2379 (2),

2313 2408 2446 2460 οὕτω
2491 2413 2708 2480 μοιχεία
2745 2413 2832 2460 καὶ
2891 2408 3080 2471 κλοπή,
3139 2409 3272 2459 οὕτω
3328 2406 3597 2469 πλεονεξία
3645 2409 3727 2456 καὶ
3768 2404 3873 2474 μέθη

2311 2499 2446 2550 οὕτω
2512 2498 2825 2570 φιλαργυρία
2890 2503 2978 2549 καὶ
3051 2493 3345 2561 κενοδοξία,
3410 2496 3544 2549 οὕτω
3607 2494 3749 2556 ζῆλος
3804 2495 3875 2543 καὶ

2312 2588 2570 2660 φιλαρχία
2643 2592 2731 2638 καὶ
2784 2592 2884 2638 πᾶν
2955 2587 3127 2638 ὁτιοῦν
3178 2586 3290 2638 ἔστι
3348 2594 3449 2646 τῆς
3499 2589 3680 2645 κακίας
3727 2581 3870 2638 inmi-

2312 2673 2499 2746 δευμα.
2581 2674 2768 2728 Ἐνίοτε
2844 2675 2979 2727 καλὰ
3050 2672 3306 2727 δοκοῦντα
3391 2670 3768 2739 ἐπιτηδεύματα
3801 2666 3872 2720 διὰ

2313 2762 2471 2827 δόξαν
2510 2769 2599 2816 καὶ
2651 2767 2855 2816 ἔπαινον
2909 2763 3187 2837 ἀνθρώπων
3223 2763 3552 2827 ἂπιτελεῖται,
3614 2761 3730 2832 άπερ
3781 2757 3865 2809 tari

2311 2856 2452 2925 παρά
2509 2861 2622 2922 Θεῷ
2665 2857 2750 2905 ἵνα
2789 2849 3006 2914 ἀδικίας
3069 2857 3158 2905 καὶ
3209 2852 3411 2913 κλοπῆς
3466 2855 3550 2903 καὶ
3594 2858 3687 2901 τῶν
3738 2846 3862 2899 ἄλλων

2311 2944 2718 3014 ἁμαρτημάτων.
2773 2942 2832 2995 Ὀ
2889 2946 3018 3004 Θεὸς
3075 2945 3173 3015 γὰρ
3229 2961 3392 3013 φησιν
3425 2959 3436 2969 ’
3490 2941 3858 3011 Ἐσκόρπισεν

2312 3033 2473 3085 ὀστᾶ
2516 3031 3090 3104 ἀνθρωπαρίσκων·
3145 3032 3277 3082 ὥστε
3327 3025 3426 3081 διὰ
3469 3037 3566 3080 τῶν
3621 3023 3862 3079 δοκούντων

2232 3093 2272 3148 c
2311 3121 2479 3173 καλῶν
2511 3123 2536 3172 ό
2575 3093 2799 3194 πονηρὸς
2828 3093 3207 3192 ’ὑπηρετεῖσθαι
3235 3118 3504 3191 βούλεται.
3545 3110 3864 3170 Πολυποίκιλος

2311 3213 2412 3282 γὰρ
2443 3211 2555 3262 ἐστι
2583 3215 2672 3262 καὶ
2703 3209 2963 3269 ἀπατηλὸς
3012 3209 3059 3260 ἄν
3091 3208 3395 3279 ἔπιθυμιαις
3432 3225 3649 3277 κόσμου.
3679 3204 3756 3256 Διά
3778 3201 3860 3269 γὰρ

2315 3299 2522 3370 ἀγάπην
2576 3303 2690 3352 τινά
2736 3303 2924 3370 γηίνην
2974 3301 3052 3367 (3)
3118 3303 3207 3350 καὶ
3247 3302 3531 3367 σαρκικήν,
3590 3295 3657 3354 εἰς
3703 3291 3753 3348 ἣν
3793 3284 3865 3339 δε·

3471 3382 3749 3442 δελεάζεται
3789 3377 3866 3426 ὑπὸ

2311 3488 2402 3539 τῆς
2453 3483 2660 3546 κακίας,
2710 3478 2844 3538 ὃπως
2879 3482 3078 3548 γίνεται
3136 3473 3273 3544 αὐτῷ
3329 3473 3520 3535 ἅλυσις
3579 3477 3662 3524 καὶ
3709 3466 3868 3535 δεσμὸς

2952 3562 3303 3625 καταϐυθίζον
3358 3567 3449 3614 καὶ
3511 3568 3680 3629 πνῖγον
3725 3555 3766 3607 ἐν
3815 3559 3868 3619 τῷ

2315 3397 2520 3460 σμεῖται
2579 3391 2844 3460 ἄνθρωπος
2915 3387 3164 3457 θελήματι
3240 3383 3389 3455 ἰδίῳ,

2313 3572 2402 3618 καὶ
2443 3572 2647 3640 φορτίον
2711 3565 2870 3638 βαρὺ,

2315 3656 2463 3707 αἰῶνι
2527 3665 2619 3718 τῆς
2671 3660 2944 3725 πονηρίας,
2996 3658 3067 3723 μὴ
3121 3659 3442 3722 συγχωροῦν
3501 3646 3766 3715 ἀνακύψαι,
3799 3642 3868 3691 καὶ

2313 3748 2437 3816 πρὸς
2486 3747 2571 3796 τόν
2625 3747 2752 3797 Θεὸν
2809 3743 3058 3796 ἀπελθεῖν.
3107 3738 3320 3798 Ἐπειδὴ
3376 3742 3498 3810 ὅπερ
3535 3757 3609 3797 τις
3666 3733 3868 3804 ἠγάπησα

2314 3841 2403 3885 τοῦ
2447 3837 2670 3903 κόσμου,
2721 3832 3006 3903 καταϐαρεῖ
3069 3833 3154 3882 τὸν
3205 3836 3321 3881 νοῦν
3390 3832 3553 3881 αὐτοῦ
3607 3828 3692 3877 καὶ
3740 3835 3871 3871 κατα-

2317 3930 2497 3995 κρατεῖ
2547 3924 2644 3994 (4),
2695 3927 2784 3974 καὶ
2836 3921 2930 3973 οὐκ
2969 3921 3026 3990 ἰᾷ
3063 3918 3346 3988 ἀνακύψαι.
3407 3917 3494 3977 Εἰς
3546 3921 3690 3967 τοῦτο
3716 3905 3868 3982 γὰρτὸ

2321 4014 2569 4082 στάθμιον
2612 4017 2700 4063 καὶ
2749 4016 2842 4068 τὴν
2888 4012 3052 4084 ῥοπὴν
3105 4012 3194 4060 καὶ
3234 4010 3290 4060 τὸ
3348 4015 3449 4068 τῆς
3495 4007 3672 4063 κακίας
3725 4000 3868 4092 ξύγξον

2319 4106 2592 4174 κρέμαται,
2672 4104 2761 4152 καὶ
2825 4097 3170 4170 δοκιμάζεται
3226 4102 3316 4147 νᾶν
3372 4099 3436 4148 τό
3490 4098 3624 4163 γένος
3677 4097 3763 4142 τῶν
3805 4093 3867 4132 ἀν’

2323 4191 2557 4259 θρώπων,
2599 4190 2714 4248 ἦτοι
2754 4195 3083 4259 Χριστιανῶν
3122 4193 3220 4238 τῶν
3271 4183 3320 4236 ἐν
3375 4183 3584 4236 πόλεσιν
3613 4178 3864 4233 οἰκούντων,

2319 4279 2348 4335 ἦ
2402 4277 2448 4328 ἐν
2500 4282 2690 4350 ὄρεσιν,
2742 4278 2771 4336 ἢ
2818 4280 2866 4328 ἑν
2916 4281 3113 4346 μοναῖς,
3157 4277 3187 4332 ἤ
3249 4271 3297 4324 ἕν
3354 4270 3552 4344 ἀγροῖς,
3612 4271 3638 4325 ἧ
3691 4265 3732 4316 ἕν
3777 4261 3866 4350 ἓρᾼύ·

2319 4385 2438 4436 μοις
2491 4347 2690 4429 τόποις,
2746 4367 2826 4417 ὃτι
2872 4364 3118 4434 θελήματι
3170 4358 3292 4431 ἰδίῳ
3337 4357 3692 4430 δελεαζόμενος
3736 4351 3758 4402 ό
3799 4347 3867 4436 ἀνί

2242 4451 2286 4504 D
2323 4457 2523 4529 θρωπος
2575 4453 2755 4525 ἀγαπᾷ
2801 4474 2851 4505 τι
2903 4459 2993 4505 καὶ
3037 4447 3369 4508 ὁπουδήποτε
3422 4446 3630 4503 δέδεται
3681 4434 3861 4494 αὖτοῧῆ

2320 4544 2520 4615 ἀγάπη,
2565 4549 2653 4596 καὶ
2681 4543 2773 4596 οὐκ
2817 4546 2956 4596 ἔστιν
2989 4542 3078 4600 ὅλη
3139 4543 3264 4614 πρὸς
3312 4543 3399 4591 τὸν
3453 4543 3580 4591 Θεόν
3610 4552 3620 4564 ·
3663 4531 3865 4601 ἠγάπησε

2320 4636 2421 4706 γὰρ
2452 4653 2549 4694 τις,
2607 4632 2650 4685 εἰ
2687 4636 2848 4703 τύχοι
2890 4636 3150 4702 κτήματα»
3213 4628 3364 4688 ἄλλος
3392 4628 3596 4699 χρυσὸν
3624 4625 3707 4712 fui
3738 4619 3863 4712 ἀρ’(ψ

2319 4742 2425 4795 ρον,
2490 4721 2634 4782 ἄλλος
2713 4726 2896 4793 σοφίαν
2978 4720 3157 4789 λογίαν
3209 4721 3412 4787 κόσμου
3480 4712 3570 4766 διὰ
3620 4707 3758 4800 δόξαν

2323 4813 2558 4883 θρώπων,
2618 4811 2767 4872 ἄλλος
2819 4811 3088 4880 ἠγάπησιν
3167 4807 3341 4880 ἀρχήν
3406 4805 3552 4864 ἄλλος
3608 4797 3748 4888 δόξαν
3796 4797 3865 4888 κξιῖ

2319 4882 2478 4970 τιμὰς
2515 4902 2815 4970 ἀνθρώπων,
2871 4897 3022 4958 ἄλλος
3072 4897 3230 4968 ὀργὴν
3284 4899 3372 4946 καὶ
3419 4902 3567 4964 μῆνιν
3599 4909 3610 4921 ·
3664 4882 3862 4983 διάιγξιρ

2320 4993 2378 5040 τὸ
2410 4992 2608 5060 ταχέως
2653 4988 2832 5041 ἑαυτὸν
2864 4982 3166 5038 ἐπιδιδόναι
3214 4991 3286 5051 τῷ
3327 4984 3478 5035 πάθει
3510 4979 3679 5047 ἀγαπᾴ
3720 4979 3861 5064 αντα·

2321 5077 2471 5140 ἆλλος
2540 5077 2789 5148 ἀκαίρους
2839 5079 3148 5145 συντυχίας,
3201 5072 3350 5133 ἄλλος
3404 5070 3573 5132 ζῆλον,
3625 5061 3757 5152 ἄλλος
3789 5061 3865 5152 πῆ·

2327 5186 2421 5218 σαν
2479 5144 2674 5240 ἡμέραν
2728 5144 3089 5238 μενεωρίζεται
3139 5165 3227 5213 καὶ
3277 5157 3481 5223 ἣδεται,
3535 5153 3676 5242 ἄλλος
3720 5144 3866 5242 ἀργοῖς

2327 5238 2594 5326 λογισμοῖς
2652 5254 2937 5317 ἀπατᾶται,
2986 5251 3136 5312 ἄλλος
3178 5252 3246 5312 ὡς
3293 5238 3729 5321 νομοδιδάσκαλος
3763 5238 3867 5281 εἰναι

1907 5551 2142 5610 VARLE
2178 5555 2577 5616 LECTIONES.

639 5698 722 5776 (ί)
761 5699 857 5760 Sic
883 5701 1021 5761 cod.
1096 5701 1172 5777 (2)
1209 5699 1357 5762 Cod.
1387 5701 1728 5777 άαρτίζεταεο
1805 5701 1880 5776 (3)
1923 5703 2015 5761 Sic
2045 5703 2182 5764 cod.

2257 5706 2332 5779 (4)
2373 5705 2518 5766 Cod.
2544 5707 2896 5780 κατωκρατεῖ.
