  <div class='ocr_page' id='page_1' title='image "/cluster/home/n/w/nwhite01/storage/ocr_20150623/34/mdp.39015041165401/292.png"; bbox 0 0 4084 6256; ppageno 0'>
   <div class='ocr_carea' id='block_1_1' title="bbox 243 305 353 364">
    <p class='ocr_par' dir='ltr' id='par_1_1' title="bbox 243 305 353 364">
     <span class='ocr_line' id='line_1_1' title="bbox 243 305 353 364; baseline 0 -1"><span class='ocrx_word' id='word_1_1' title='bbox 243 305 353 364; x_wconf 80' lang='lat'><strong>505</strong></span> 
     </span>
    </p>
   </div>
   <div class='ocr_carea' id='block_1_2' title="bbox 1563 299 2312 359">
    <p class='ocr_par' dir='ltr' id='par_1_2' title="bbox 1563 299 2312 359">
     <span class='ocr_line' id='line_1_2' title="bbox 1563 299 2312 359; baseline 0.001 -3"><span class='ocrx_word' id='word_1_2' title='bbox 1563 299 1902 359; x_wconf 67' lang='lat' dir='ltr'><strong>HOMILIIE.</strong></span> <span class='ocrx_word' id='word_1_3' title='bbox 1928 330 1997 346; x_wconf 88' lang='lat'>—</span> <span class='ocrx_word' id='word_1_4' title='bbox 2042 299 2216 357; x_wconf 83' lang='lat' dir='ltr'><strong>HOM.</strong></span> <span class='ocrx_word' id='word_1_5' title='bbox 2247 301 2312 358; x_wconf 90' lang='lat' dir='ltr'><strong>V.</strong></span> 
     </span>
    </p>
   </div>
   <div class='ocr_carea' id='block_1_3' title="bbox 3515 308 3622 363">
    <p class='ocr_par' dir='ltr' id='par_1_3' title="bbox 3515 308 3622 363">
     <span class='ocr_line' id='line_1_3' title="bbox 3515 308 3622 363; baseline 0.009 -1"><span class='ocrx_word' id='word_1_6' title='bbox 3515 308 3622 363; x_wconf 86' lang='lat'><strong>506</strong></span> 
     </span>
    </p>
   </div>
   <div class='ocr_carea' id='block_1_4' title="bbox 248 425 1868 506">
    <p class='ocr_par' dir='ltr' id='par_1_4' title="bbox 248 425 1849 506">
     <span class='ocr_line' id='line_1_4' title="bbox 248 425 1849 506; baseline -0.006 -19"><span class='ocrx_word' id='word_1_7' title='bbox 248 435 438 506; x_wconf 79' lang='grc' dir='ltr'>ἀγαπᾷ</span> <span class='ocrx_word' id='word_1_8' title='bbox 493 429 588 484; x_wconf 78' lang='grc' dir='ltr'>διὰ</span> <span class='ocrx_word' id='word_1_9' title='bbox 641 427 799 492; x_wconf 82' lang='grc' dir='ltr'>δόξαν</span> <span class='ocrx_word' id='word_1_10' title='bbox 856 426 1158 499; x_wconf 80' lang='grc' dir='ltr'>ἀνθρώπων,</span> <span class='ocrx_word' id='word_1_11' title='bbox 1217 425 1362 486; x_wconf 72' lang='grc' dir='ltr'>ἄλλος</span> <span class='ocrx_word' id='word_1_12' title='bbox 1418 432 1688 497; x_wconf 86' lang='grc' dir='ltr'>χαυνώσει</span> <span class='ocrx_word' id='word_1_13' title='bbox 1759 431 1849 478; x_wconf 83' lang='grc' dir='ltr'>καὶ</span> 
     </span>
    </p>
   </div>
   <div class='ocr_carea' id='block_1_5' title="bbox 1977 425 3619 506">
    <p class='ocr_par' dir='ltr' id='par_1_5' title="bbox 1977 428 3619 506">
     <span class='ocr_line' id='line_1_5' title="bbox 1977 428 3619 506; baseline 0.003 -24"><span class='ocrx_word' id='word_1_14' title='bbox 1977 443 2084 483; x_wconf 67' lang='lat' dir='ltr'><strong>rem</strong></span> <span class='ocrx_word' id='word_1_15' title='bbox 2113 434 2214 484; x_wconf 87' lang='lat' dir='ltr'><strong>aut</strong></span> <span class='ocrx_word' id='word_1_16' title='bbox 2243 428 2668 486; x_wconf 86' lang='lat' dir='ltr'><strong>obscenitatem</strong></span> <span class='ocrx_word' id='word_1_17' title='bbox 2696 430 2907 503; x_wconf 79' lang='lat' dir='ltr'><strong>diligit,</strong></span> <span class='ocrx_word' id='word_1_18' title='bbox 2940 440 2996 489; x_wconf 92' lang='lat' dir='ltr'><strong>et</strong></span> <span class='ocrx_word' id='word_1_19' title='bbox 3037 434 3237 490; x_wconf 77' lang='lat' dir='ltr'><strong>statim</strong></span> <span class='ocrx_word' id='word_1_20' title='bbox 3288 450 3358 489; x_wconf 93' lang='lat' dir='ltr'><strong>ac</strong></span> <span class='ocrx_word' id='word_1_21' title='bbox 3401 432 3619 506; x_wconf 81' lang='lat' dir='ltr'><strong>aliquis</strong></span> 
     </span>
    </p>
   </div>
   <div class='ocr_carea' id='block_1_6' title="bbox 247 513 1850 596">
    <p class='ocr_par' dir='ltr' id='par_1_6' title="bbox 247 513 1850 596">
     <span class='ocr_line' id='line_1_6' title="bbox 247 513 1850 596; baseline -0.006 -20"><span class='ocrx_word' id='word_1_22' title='bbox 247 523 462 596; x_wconf 74' lang='grc' dir='ltr'>ἀμελείᾳ</span> <span class='ocrx_word' id='word_1_23' title='bbox 521 517 728 583; x_wconf 76' lang='grc' dir='ltr'>ἣδεται,</span> <span class='ocrx_word' id='word_1_24' title='bbox 787 517 936 577; x_wconf 77' lang='grc' dir='ltr'>ἄλλος</span> <span class='ocrx_word' id='word_1_25' title='bbox 987 521 1191 587; x_wconf 88' lang='grc' dir='ltr'>ματίοις</span> <span class='ocrx_word' id='word_1_26' title='bbox 1237 520 1326 566; x_wconf 79' lang='grc' dir='ltr'><strong>καί</strong></span> <span class='ocrx_word' id='word_1_27' title='bbox 1377 515 1565 588; x_wconf 80' lang='grc' dir='ltr'>ῥάκεσι</span> <span class='ocrx_word' id='word_1_28' title='bbox 1618 513 1850 579; x_wconf 76' lang='grc' dir='ltr'><strong>δέδεται,</strong></span> 
     </span>
    </p>
   </div>
   <div class='ocr_carea' id='block_1_7' title="bbox 243 602 1614 684">
    <p class='ocr_par' dir='ltr' id='par_1_7' title="bbox 243 602 1614 684">
     <span class='ocr_line' id='line_1_7' title="bbox 243 602 1614 684; baseline -0.007 -19"><span class='ocrx_word' id='word_1_29' title='bbox 243 614 401 672; x_wconf 79' lang='grc' dir='ltr'>ἄλλος</span> <span class='ocrx_word' id='word_1_30' title='bbox 472 616 748 684; x_wconf 74' lang='grc' dir='ltr'><strong>μερίμναις</strong></span> <span class='ocrx_word' id='word_1_31' title='bbox 818 614 1024 678; x_wconf 86' lang='grc' dir='ltr'>γηῖναις</span> <span class='ocrx_word' id='word_1_32' title='bbox 1110 604 1290 655; x_wconf 80' lang='grc' dir='ltr'>ἑαυτὸν</span> <span class='ocrx_word' id='word_1_33' title='bbox 1367 602 1614 676; x_wconf 71' lang='grc' dir='ltr'>δίδωσιν,</span> 
     </span>
    </p>
   </div>
   <div class='ocr_carea' id='block_1_8' title="bbox 246 693 1716 770">
    <p class='ocr_par' dir='ltr' id='par_1_8' title="bbox 246 693 1716 770">
     <span class='ocr_line' id='line_1_8' title="bbox 246 693 1716 770; baseline -0.007 -16"><span class='ocrx_word' id='word_1_34' title='bbox 246 703 409 754; x_wconf 82' lang='grc' dir='ltr'>ὕπνον</span> <span class='ocrx_word' id='word_1_35' title='bbox 455 705 546 752; x_wconf 77' lang='grc' dir='ltr'>καὶ</span> <span class='ocrx_word' id='word_1_36' title='bbox 600 697 937 770; x_wconf 71' lang='grc' dir='ltr'><strong>εὐτραπελίαν</strong></span> <span class='ocrx_word' id='word_1_37' title='bbox 983 695 1012 751; x_wconf 75' lang='grc' dir='ltr'><em>ἦ</em></span> <span class='ocrx_word' id='word_1_38' title='bbox 1059 693 1442 764; x_wconf 78' lang='grc' dir='ltr'><strong>αἰσχρολογίαν</strong></span> <span class='ocrx_word' id='word_1_39' title='bbox 1492 694 1673 764; x_wconf 84' lang='grc' dir='ltr'>ἀγαπᾲ</span> <span class='ocrx_word' id='word_1_40' title='bbox 1705 713 1716 725; x_wconf 89' lang='grc'><strong>·</strong></span> 
     </span>
    </p>
   </div>
   <div class='ocr_carea' id='block_1_9' title="bbox 1704 606 1854 666">
    <p class='ocr_par' dir='ltr' id='par_1_9' title="bbox 1704 606 1854 666">
     <span class='ocr_line' id='line_1_9' title="bbox 1704 606 1854 666; baseline -0.007 -10"><span class='ocrx_word' id='word_1_41' title='bbox 1704 606 1854 666; x_wconf 86' lang='grc' dir='ltr'>οῐλλος</span> 
     </span>
    </p>
   </div>
   <div class='ocr_carea' id='block_1_10' title="bbox 1765 699 1854 745">
    <p class='ocr_par' dir='ltr' id='par_1_10' title="bbox 1765 699 1854 745">
     <span class='ocr_line' id='line_1_10' title="bbox 1765 699 1854 745; baseline 0 -1"><span class='ocrx_word' id='word_1_42' title='bbox 1765 699 1854 745; x_wconf 85' lang='grc' dir='ltr'><strong>καί</strong></span> 
     </span>
    </p>
   </div>
   <div class='ocr_carea' id='block_1_11' title="bbox 245 779 1853 864">
    <p class='ocr_par' dir='ltr' id='par_1_11' title="bbox 245 779 1853 864">
     <span class='ocr_line' id='line_1_11' title="bbox 245 779 1853 864; baseline -0.006 -22"><span class='ocrx_word' id='word_1_43' title='bbox 245 798 423 864; x_wconf 82' lang='grc' dir='ltr'>μικρῷ</span> <span class='ocrx_word' id='word_1_44' title='bbox 461 793 563 863; x_wconf 85' lang='grc' dir='ltr'><strong>γάρ</strong></span> <span class='ocrx_word' id='word_1_45' title='bbox 604 807 683 848; x_wconf 91' lang='grc' dir='ltr'><strong>τις</strong></span> <span class='ocrx_word' id='word_1_46' title='bbox 714 791 803 837; x_wconf 79' lang='grc' dir='ltr'>καὶ</span> <span class='ocrx_word' id='word_1_47' title='bbox 845 783 1052 856; x_wconf 85' lang='grc' dir='ltr'>μεγάλῳ</span> <span class='ocrx_word' id='word_1_48' title='bbox 1098 779 1448 854; x_wconf 87' lang='grc' dir='ltr'>δεσμούμενος</span> <span class='ocrx_word' id='word_1_49' title='bbox 1492 794 1581 834; x_wconf 87' lang='grc' dir='ltr'><strong>του</strong></span> <span class='ocrx_word' id='word_1_50' title='bbox 1629 802 1853 855; x_wconf 76' lang='grc' dir='ltr'><strong>κοσμου⁹</strong></span> 
     </span>
    </p>
   </div>
   <div class='ocr_carea' id='block_1_12' title="bbox 247 871 1856 950">
    <p class='ocr_par' dir='ltr' id='par_1_12' title="bbox 247 871 1856 950">
     <span class='ocr_line' id='line_1_12' title="bbox 247 871 1856 950; baseline -0.006 -18"><span class='ocrx_word' id='word_1_51' title='bbox 247 880 424 950; x_wconf 76' lang='grc' dir='ltr'>ἐκείνῳ</span> <span class='ocrx_word' id='word_1_52' title='bbox 476 882 759 948; x_wconf 75' lang='grc' dir='ltr'>κατέχεται</span> <span class='ocrx_word' id='word_1_53' title='bbox 814 882 904 926; x_wconf 85' lang='grc' dir='ltr'><strong>καῖ</strong></span> <span class='ocrx_word' id='word_1_54' title='bbox 965 873 1060 923; x_wconf 80' lang='grc' dir='ltr'>οὐκ</span> <span class='ocrx_word' id='word_1_55' title='bbox 1110 875 1256 922; x_wconf 74' lang='grc' dir='ltr'>ἰᾶται</span> <span class='ocrx_word' id='word_1_56' title='bbox 1313 871 1598 942; x_wconf 76' lang='grc' dir='ltr'>ἀνακύψαι,</span> <span class='ocrx_word' id='word_1_57' title='bbox 1653 880 1783 945; x_wconf 87' lang='grc' dir='ltr'>ιΙρος</span> <span class='ocrx_word' id='word_1_58' title='bbox 1830 871 1856 922; x_wconf 88' lang='grc' dir='ltr'><strong>ὃ</strong></span> 
     </span>
    </p>
   </div>
   <div class='ocr_carea' id='block_1_13' title="bbox 246 960 1854 1042">
    <p class='ocr_par' dir='ltr' id='par_1_13' title="bbox 246 960 1854 1042">
     <span class='ocr_line' id='line_1_13' title="bbox 246 960 1854 1042; baseline -0.007 -20"><span class='ocrx_word' id='word_1_59' title='bbox 246 973 349 1042; x_wconf 85' lang='grc' dir='ltr'><strong>γάρ</strong></span> <span class='ocrx_word' id='word_1_60' title='bbox 408 987 486 1028; x_wconf 86' lang='grc' dir='ltr'><strong>τις</strong></span> <span class='ocrx_word' id='word_1_61' title='bbox 536 968 697 1026; x_wconf 88' lang='grc' dir='ltr'>πάθος</span> <span class='ocrx_word' id='word_1_62' title='bbox 744 964 804 1016; x_wconf 82' lang='grc' dir='ltr'>οὐ</span> <span class='ocrx_word' id='word_1_63' title='bbox 860 962 1069 1033; x_wconf 79' lang='grc' dir='ltr'><strong>πολεμεῖ</strong></span> <span class='ocrx_word' id='word_1_64' title='bbox 1123 965 1386 1030; x_wconf 88' lang='grc' dir='ltr'>γενναίως,</span> <span class='ocrx_word' id='word_1_65' title='bbox 1446 960 1603 1011; x_wconf 72' lang='grc' dir='ltr'>ἐκεῖνο</span> <span class='ocrx_word' id='word_1_66' title='bbox 1655 961 1854 1031; x_wconf 76' lang='grc' dir='ltr'>ἀγαπᾷ,</span> 
     </span>
    </p>
   </div>
   <div class='ocr_carea' id='block_1_14' title="bbox 248 1046 1858 1127">
    <p class='ocr_par' dir='ltr' id='par_1_14' title="bbox 248 1046 1858 1127">
     <span class='ocr_line' id='line_1_14' title="bbox 248 1046 1858 1127; baseline -0.005 -19"><span class='ocrx_word' id='word_1_67' title='bbox 248 1062 458 1109; x_wconf 86' lang='grc' dir='ltr'>κάκεῖνο</span> <span class='ocrx_word' id='word_1_68' title='bbox 509 1061 691 1127; x_wconf 86' lang='grc' dir='ltr'>κρατεῖ</span> <span class='ocrx_word' id='word_1_69' title='bbox 737 1051 912 1118; x_wconf 79' lang='grc' dir='ltr'>αὐτὸν,</span> <span class='ocrx_word' id='word_1_70' title='bbox 963 1069 1052 1100; x_wconf 89' lang='grc' dir='ltr'><strong>και</strong></span> <span class='ocrx_word' id='word_1_71' title='bbox 1099 1046 1334 1122; x_wconf 77' lang='grc' dir='ltr'>βαρύνει,</span> <span class='ocrx_word' id='word_1_72' title='bbox 1380 1054 1469 1098; x_wconf 82' lang='grc' dir='ltr'><strong>καί</strong></span> <span class='ocrx_word' id='word_1_73' title='bbox 1521 1054 1718 1118; x_wconf 87' lang='grc' dir='ltr'>γίνεται</span> <span class='ocrx_word' id='word_1_74' title='bbox 1766 1050 1858 1100; x_wconf 81' lang='grc' dir='ltr'>αύ-</span> 
     </span>
    </p>
   </div>
   <div class='ocr_carea' id='block_1_15' title="bbox 248 1138 1858 1216">
    <p class='ocr_par' dir='ltr' id='par_1_15' title="bbox 248 1138 1858 1216">
     <span class='ocr_line' id='line_1_15' title="bbox 248 1138 1858 1216; baseline -0.005 -20"><span class='ocrx_word' id='word_1_75' title='bbox 248 1154 322 1216; x_wconf 86' lang='grc' dir='ltr'>τῷ</span> <span class='ocrx_word' id='word_1_76' title='bbox 379 1140 634 1216; x_wconf 72' lang='grc' dir='ltr'>ἐμποδιον</span> <span class='ocrx_word' id='word_1_77' title='bbox 692 1148 780 1192; x_wconf 83' lang='grc' dir='ltr'><strong>καῖ</strong></span> <span class='ocrx_word' id='word_1_78' title='bbox 832 1139 1040 1207; x_wconf 73' lang='grc' dir='ltr'>ἅλυσις,</span> <span class='ocrx_word' id='word_1_79' title='bbox 1101 1146 1192 1188; x_wconf 81' lang='grc' dir='ltr'><strong>τού</strong></span> <span class='ocrx_word' id='word_1_80' title='bbox 1245 1143 1315 1208; x_wconf 83' lang='grc' dir='ltr'><strong>μη</strong></span> <span class='ocrx_word' id='word_1_81' title='bbox 1382 1141 1468 1187; x_wconf 86' lang='grc' dir='ltr'>τόν</span> <span class='ocrx_word' id='word_1_82' title='bbox 1525 1145 1641 1187; x_wconf 80' lang='grc' dir='ltr'>νοῦν</span> <span class='ocrx_word' id='word_1_83' title='bbox 1697 1138 1858 1188; x_wconf 76' lang='grc' dir='ltr'>αὑτοῦ</span> 
     </span>
    </p>
   </div>
   <div class='ocr_carea' id='block_1_16' title="bbox 251 1226 1859 1307">
    <p class='ocr_par' dir='ltr' id='par_1_16' title="bbox 251 1226 1859 1307">
     <span class='ocr_line' id='line_1_16' title="bbox 251 1226 1859 1307; baseline -0.007 -20"><span class='ocrx_word' id='word_1_84' title='bbox 251 1235 462 1287; x_wconf 73' lang='grc' dir='ltr'>ἀπῖέναι</span> <span class='ocrx_word' id='word_1_85' title='bbox 507 1236 638 1307; x_wconf 86' lang='grc' dir='ltr'>πρὸς</span> <span class='ocrx_word' id='word_1_86' title='bbox 688 1234 772 1282; x_wconf 86' lang='grc' dir='ltr'>τὸν</span> <span class='ocrx_word' id='word_1_87' title='bbox 823 1234 972 1292; x_wconf 74' lang='grc' dir='ltr'>Θεὸν,</span> <span class='ocrx_word' id='word_1_88' title='bbox 1027 1233 1116 1278; x_wconf 87' lang='grc' dir='ltr'><strong>καῖ</strong></span> <span class='ocrx_word' id='word_1_89' title='bbox 1165 1226 1515 1298; x_wconf 76' lang='grc' dir='ltr'>εὐαρεστῆσαι</span> <span class='ocrx_word' id='word_1_90' title='bbox 1563 1227 1722 1297; x_wconf 75' lang='grc' dir='ltr'>αὐτῷ,</span> <span class='ocrx_word' id='word_1_91' title='bbox 1770 1231 1859 1277; x_wconf 85' lang='grc' dir='ltr'><strong>καῖ</strong></span> 
     </span>
    </p>
   </div>
   <div class='ocr_carea' id='block_1_17' title="bbox 250 1313 1857 1393">
    <p class='ocr_par' dir='ltr' id='par_1_17' title="bbox 250 1313 1857 1393">
     <span class='ocr_line' id='line_1_17' title="bbox 250 1313 1857 1393; baseline -0.006 -17"><span class='ocrx_word' id='word_1_92' title='bbox 250 1323 394 1393; x_wconf 77' lang='grc' dir='ltr'>αὐτῷ</span> <span class='ocrx_word' id='word_1_93' title='bbox 441 1341 582 1393; x_wconf 88' lang='grc' dir='ltr'>μονῳ</span> <span class='ocrx_word' id='word_1_94' title='bbox 639 1320 996 1392; x_wconf 88' lang='grc' dir='ltr'>λατρεύσαντα</span> <span class='ocrx_word' id='word_1_95' title='bbox 1047 1326 1416 1387; x_wconf 81' lang='grc' dir='ltr'>χρησιμεύσαι</span> <span class='ocrx_word' id='word_1_96' title='bbox 1473 1323 1534 1386; x_wconf 75' lang='grc' dir='ltr'>τῇ</span> <span class='ocrx_word' id='word_1_97' title='bbox 1588 1313 1857 1386; x_wconf 84' lang='grc' dir='ltr'>βασιλείᾳ,</span> 
     </span>
    </p>
   </div>
   <div class='ocr_carea' id='block_1_18' title="bbox 250 1405 1861 1477">
    <p class='ocr_par' dir='ltr' id='par_1_18' title="bbox 250 1405 1861 1477">
     <span class='ocr_line' id='line_1_18' title="bbox 250 1405 1861 1477; baseline -0.006 -13"><span class='ocrx_word' id='word_1_98' title='bbox 250 1417 345 1463; x_wconf 86' lang='grc' dir='ltr'><strong>καῖ</strong></span> <span class='ocrx_word' id='word_1_99' title='bbox 388 1411 531 1471; x_wconf 80' lang='grc' dir='ltr'>ζωῆς</span> <span class='ocrx_word' id='word_1_100' title='bbox 570 1409 783 1461; x_wconf 84' lang='grc' dir='ltr'>αἰωνίου</span> <span class='ocrx_word' id='word_1_101' title='bbox 821 1413 1004 1477; x_wconf 87' lang='grc' dir='ltr'>τυχεῖν</span> <span class='ocrx_word' id='word_1_102' title='bbox 1039 1422 1050 1433; x_wconf 88' lang='grc'><strong>·</strong></span> <span class='ocrx_word' id='word_1_103' title='bbox 1092 1405 1247 1475; x_wconf 72' lang='grc' dir='ltr'>ψυχὴ</span> <span class='ocrx_word' id='word_1_104' title='bbox 1284 1407 1381 1477; x_wconf 77' lang='grc' dir='ltr'>γὰρ</span> <span class='ocrx_word' id='word_1_105' title='bbox 1424 1406 1452 1460; x_wconf 79' lang='grc' dir='ltr'><strong>η</strong></span> <span class='ocrx_word' id='word_1_106' title='bbox 1493 1406 1696 1465; x_wconf 87' lang='grc' dir='ltr'>αληθως</span> <span class='ocrx_word' id='word_1_107' title='bbox 1736 1410 1861 1476; x_wconf 82' lang='grc' dir='ltr'>πρὸς</span> 
     </span>
    </p>
   </div>
   <div class='ocr_carea' id='block_1_19' title="bbox 253 1493 1860 1575">
    <p class='ocr_par' dir='ltr' id='par_1_19' title="bbox 253 1493 1860 1575">
     <span class='ocr_line' id='line_1_19' title="bbox 253 1493 1860 1575; baseline -0.006 -23"><span class='ocrx_word' id='word_1_108' title='bbox 253 1504 449 1575; x_wconf 79' lang='grc' dir='ltr'>Κύριον</span> <span class='ocrx_word' id='word_1_109' title='bbox 498 1503 592 1556; x_wconf 82' lang='grc' dir='ltr'><strong>τῆν</strong></span> <span class='ocrx_word' id='word_1_110' title='bbox 640 1500 803 1572; x_wconf 77' lang='grc' dir='ltr'>ὁρμὴν</span> <span class='ocrx_word' id='word_1_111' title='bbox 852 1499 1057 1567; x_wconf 75' lang='grc' dir='ltr'>ἔχουσα</span> <span class='ocrx_word' id='word_1_112' title='bbox 1102 1496 1190 1550; x_wconf 86' lang='grc' dir='ltr'>ὅλη</span> <span class='ocrx_word' id='word_1_113' title='bbox 1237 1493 1288 1546; x_wconf 79' lang='grc' dir='ltr'><strong>ἐξ</strong></span> <span class='ocrx_word' id='word_1_114' title='bbox 1344 1494 1461 1543; x_wconf 86' lang='grc' dir='ltr'>ολου</span> <span class='ocrx_word' id='word_1_115' title='bbox 1510 1497 1603 1550; x_wconf 78' lang='grc' dir='ltr'><strong>τῆν</strong></span> <span class='ocrx_word' id='word_1_116' title='bbox 1653 1497 1860 1562; x_wconf 84' lang='grc' dir='ltr'>ἀγάπην</span> 
     </span>
    </p>
   </div>
   <div class='ocr_carea' id='block_1_20' title="bbox 251 1582 1860 1660">
    <p class='ocr_par' dir='ltr' id='par_1_20' title="bbox 251 1582 1860 1660">
     <span class='ocr_line' id='line_1_20' title="bbox 251 1582 1860 1660; baseline -0.006 -19"><span class='ocrx_word' id='word_1_117' title='bbox 251 1590 414 1648; x_wconf 85' lang='grc' dir='ltr'>αὐτῆς</span> <span class='ocrx_word' id='word_1_118' title='bbox 463 1592 594 1660; x_wconf 83' lang='grc' dir='ltr'>πρὸς</span> <span class='ocrx_word' id='word_1_119' title='bbox 645 1587 800 1638; x_wconf 77' lang='grc' dir='ltr'>αὐτὸν</span> <span class='ocrx_word' id='word_1_120' title='bbox 855 1585 988 1635; x_wconf 79' lang='grc' dir='ltr'>ἕλκει</span> <span class='ocrx_word' id='word_1_121' title='bbox 1034 1588 1137 1653; x_wconf 79' lang='grc' dir='ltr'><strong>(ὅ),</strong></span> <span class='ocrx_word' id='word_1_122' title='bbox 1192 1587 1281 1633; x_wconf 83' lang='grc' dir='ltr'>καὶ</span> <span class='ocrx_word' id='word_1_123' title='bbox 1328 1586 1457 1652; x_wconf 87' lang='grc' dir='ltr'>πρὸς</span> <span class='ocrx_word' id='word_1_124' title='bbox 1507 1582 1660 1632; x_wconf 77' lang='grc' dir='ltr'>αὐτὸν</span> <span class='ocrx_word' id='word_1_125' title='bbox 1708 1601 1860 1653; x_wconf 88' lang='grc' dir='ltr'>μονον</span> 
     </span>
    </p>
   </div>
   <div class='ocr_carea' id='block_1_21' title="bbox 251 1668 1861 1751">
    <p class='ocr_par' dir='ltr' id='par_1_21' title="bbox 251 1668 1861 1751">
     <span class='ocr_line' id='line_1_21' title="bbox 251 1668 1861 1751; baseline -0.008 -20"><span class='ocrx_word' id='word_1_126' title='bbox 251 1682 309 1732; x_wconf 73' lang='grc' dir='ltr'>ἑκ</span> <span class='ocrx_word' id='word_1_127' title='bbox 368 1682 738 1751; x_wconf 73' lang='grc' dir='ltr'>προαιρέσεως,</span> <span class='ocrx_word' id='word_1_128' title='bbox 800 1677 897 1731; x_wconf 84' lang='grc' dir='ltr'>ὅση</span> <span class='ocrx_word' id='word_1_129' title='bbox 961 1671 1199 1744; x_wconf 85' lang='grc' dir='ltr'>δύναμις,</span> <span class='ocrx_word' id='word_1_130' title='bbox 1261 1668 1552 1742; x_wconf 86' lang='grc' dir='ltr'>δεσμιίται,</span> <span class='ocrx_word' id='word_1_131' title='bbox 1630 1672 1861 1723; x_wconf 85' lang='grc' dir='ltr'>κάκεῖθεν</span> 
     </span>
    </p>
   </div>
   <div class='ocr_carea' id='block_1_22' title="bbox 251 1761 1862 1839">
    <p class='ocr_par' dir='ltr' id='par_1_22' title="bbox 251 1761 1862 1839">
     <span class='ocr_line' id='line_1_22' title="bbox 251 1761 1862 1839; baseline -0.005 -19"><span class='ocrx_word' id='word_1_132' title='bbox 251 1774 352 1826; x_wconf 79' lang='grc' dir='ltr'>τὴν</span> <span class='ocrx_word' id='word_1_133' title='bbox 405 1767 659 1839; x_wconf 78' lang='grc' dir='ltr'>βοήθειαν</span> <span class='ocrx_word' id='word_1_134' title='bbox 710 1773 800 1824; x_wconf 87' lang='grc' dir='ltr'><strong>τῆς</strong></span> <span class='ocrx_word' id='word_1_135' title='bbox 859 1765 1079 1833; x_wconf 86' lang='grc' dir='ltr'>χάριτος</span> <span class='ocrx_word' id='word_1_136' title='bbox 1136 1767 1487 1834; x_wconf 79' lang='grc' dir='ltr'>προσκτᾶται,</span> <span class='ocrx_word' id='word_1_137' title='bbox 1543 1766 1632 1812; x_wconf 80' lang='grc' dir='ltr'>καὶ</span> <span class='ocrx_word' id='word_1_138' title='bbox 1677 1761 1862 1818; x_wconf 74' lang='grc' dir='ltr'>ἑαυτὴν</span> 
     </span>
    </p>
   </div>
   <div class='ocr_carea' id='block_1_23' title="bbox 253 1848 1864 1928">
    <p class='ocr_par' dir='ltr' id='par_1_23' title="bbox 253 1848 1864 1928">
     <span class='ocr_line' id='line_1_23' title="bbox 253 1848 1864 1928; baseline -0.004 -21"><span class='ocrx_word' id='word_1_139' title='bbox 253 1855 512 1928; x_wconf 79' lang='grc' dir='ltr'>ἀρνεῖται,</span> <span class='ocrx_word' id='word_1_140' title='bbox 565 1860 654 1906; x_wconf 84' lang='grc' dir='ltr'><strong>καῖ</strong></span> <span class='ocrx_word' id='word_1_141' title='bbox 726 1859 835 1913; x_wconf 90' lang='grc' dir='ltr'>τοῖς</span> <span class='ocrx_word' id='word_1_142' title='bbox 893 1851 1149 1921; x_wconf 81' lang='grc' dir='ltr'>θελήμασι</span> <span class='ocrx_word' id='word_1_143' title='bbox 1206 1856 1297 1899; x_wconf 79' lang='grc' dir='ltr'><strong>τού</strong></span> <span class='ocrx_word' id='word_1_144' title='bbox 1357 1853 1469 1908; x_wconf 81' lang='grc' dir='ltr'>νοὸς</span> <span class='ocrx_word' id='word_1_145' title='bbox 1538 1848 1698 1909; x_wconf 80' lang='grc' dir='ltr'>αὐτῆς</span> <span class='ocrx_word' id='word_1_146' title='bbox 1770 1850 1864 1900; x_wconf 76' lang='grc' dir='ltr'>οὐκ</span> 
     </span>
    </p>
   </div>
   <div class='ocr_carea' id='block_1_24' title="bbox 255 1937 1862 2011">
    <p class='ocr_par' dir='ltr' id='par_1_24' title="bbox 255 1937 1862 2011">
     <span class='ocr_line' id='line_1_24' title="bbox 255 1937 1862 2011; baseline -0.004 -14"><span class='ocrx_word' id='word_1_147' title='bbox 255 1945 552 2011; x_wconf 79' lang='grc' dir='ltr'>ἀκολουθεῖ,</span> <span class='ocrx_word' id='word_1_148' title='bbox 600 1945 682 1994; x_wconf 88' lang='grc' dir='ltr'>ὃτι</span> <span class='ocrx_word' id='word_1_149' title='bbox 730 1939 912 2000; x_wconf 87' lang='grc' dir='ltr'>δολίως</span> <span class='ocrx_word' id='word_1_150' title='bbox 968 1942 1242 2011; x_wconf 85' lang='grc' dir='ltr'>πορεύεται</span> <span class='ocrx_word' id='word_1_151' title='bbox 1297 1937 1410 2008; x_wconf 87' lang='grc' dir='ltr'>μεθ’</span> <span class='ocrx_word' id='word_1_152' title='bbox 1465 1939 1609 2008; x_wconf 75' lang='grc' dir='ltr'>ἡμῶν</span> <span class='ocrx_word' id='word_1_153' title='bbox 1665 1937 1760 1989; x_wconf 78' lang='grc' dir='ltr'>διὰ</span> <span class='ocrx_word' id='word_1_154' title='bbox 1805 1943 1862 1991; x_wconf 89' lang='grc' dir='ltr'>τὸ</span> 
     </span>
    </p>
   </div>
   <div class='ocr_carea' id='block_1_25' title="bbox 258 2027 1865 2099">
    <p class='ocr_par' dir='ltr' id='par_1_25' title="bbox 258 2027 1865 2099">
     <span class='ocr_line' id='line_1_25' title="bbox 258 2027 1865 2099; baseline -0.004 -12"><span class='ocrx_word' id='word_1_155' title='bbox 258 2039 416 2087; x_wconf 83' lang='grc' dir='ltr'>συνὸν</span> <span class='ocrx_word' id='word_1_156' title='bbox 447 2039 536 2086; x_wconf 88' lang='grc' dir='ltr'><strong>καῖ</strong></span> <span class='ocrx_word' id='word_1_157' title='bbox 589 2031 828 2095; x_wconf 79' lang='grc' dir='ltr'>δελεάζον</span> <span class='ocrx_word' id='word_1_158' title='bbox 858 2035 1038 2094; x_wconf 87' lang='grc' dir='ltr'>κακὸν,</span> <span class='ocrx_word' id='word_1_159' title='bbox 1089 2027 1218 2079; x_wconf 85' lang='grc' dir='ltr'><strong>ἀλλά</strong></span> <span class='ocrx_word' id='word_1_160' title='bbox 1247 2035 1318 2096; x_wconf 83' lang='grc' dir='ltr'>τῷ</span> <span class='ocrx_word' id='word_1_161' title='bbox 1366 2035 1456 2078; x_wconf 80' lang='grc' dir='ltr'><strong>τού</strong></span> <span class='ocrx_word' id='word_1_162' title='bbox 1507 2032 1699 2099; x_wconf 82' lang='grc' dir='ltr'>Κυρίου</span> <span class='ocrx_word' id='word_1_163' title='bbox 1730 2029 1865 2099; x_wconf 87' lang='grc' dir='ltr'>λογῳ</span> 
     </span>
    </p>
   </div>
   <div class='ocr_carea' id='block_1_26' title="bbox 257 2116 1863 2188">
    <p class='ocr_par' dir='ltr' id='par_1_26' title="bbox 257 2116 1863 2188">
     <span class='ocr_line' id='line_1_26' title="bbox 257 2116 1863 2188; baseline -0.006 -12"><span class='ocrx_word' id='word_1_164' title='bbox 257 2124 503 2186; x_wconf 86' lang='grc' dir='ltr'>ὀλοτελῶς</span> <span class='ocrx_word' id='word_1_165' title='bbox 557 2124 746 2179; x_wconf 82' lang='grc' dir='ltr'>εαυτῆν</span> <span class='ocrx_word' id='word_1_166' title='bbox 800 2116 1081 2188; x_wconf 74' lang='grc' dir='ltr'>ἐκδίδωσι,</span> <span class='ocrx_word' id='word_1_167' title='bbox 1140 2123 1230 2168; x_wconf 85' lang='grc' dir='ltr'>καὶ</span> <span class='ocrx_word' id='word_1_168' title='bbox 1301 2120 1488 2176; x_wconf 85' lang='grc' dir='ltr'>παντὸς</span> <span class='ocrx_word' id='word_1_169' title='bbox 1561 2123 1863 2188; x_wconf 75' lang='grc' dir='ltr'>φαινομένου</span> 
     </span>
    </p>
   </div>
   <div class='ocr_carea' id='block_1_27' title="bbox 261 2203 1866 2286">
    <p class='ocr_par' dir='ltr' id='par_1_27' title="bbox 261 2203 1866 2286">
     <span class='ocr_line' id='line_1_27' title="bbox 261 2203 1866 2286; baseline -0.005 -20"><span class='ocrx_word' id='word_1_170' title='bbox 261 2212 463 2286; x_wconf 85' lang='grc' dir='ltr'>δεσμοῦ</span> <span class='ocrx_word' id='word_1_171' title='bbox 509 2212 618 2264; x_wconf 86' lang='grc' dir='ltr'>λύει</span> <span class='ocrx_word' id='word_1_172' title='bbox 664 2211 870 2276; x_wconf 80' lang='grc' dir='ltr'>εαυτῆν,</span> <span class='ocrx_word' id='word_1_173' title='bbox 923 2211 1043 2260; x_wconf 83' lang='grc' dir='ltr'>ὅσον</span> <span class='ocrx_word' id='word_1_174' title='bbox 1074 2211 1129 2259; x_wconf 80' lang='grc' dir='ltr'>ἐκ</span> <span class='ocrx_word' id='word_1_175' title='bbox 1174 2207 1452 2277; x_wconf 79' lang='grc' dir='ltr'>θελήματος</span> <span class='ocrx_word' id='word_1_176' title='bbox 1503 2203 1746 2272; x_wconf 81' lang='grc' dir='ltr'>δυνατὸν,</span> <span class='ocrx_word' id='word_1_177' title='bbox 1777 2211 1866 2258; x_wconf 84' lang='grc' dir='ltr'>καὶ</span> 
     </span>
    </p>
   </div>
   <div class='ocr_carea' id='block_1_28' title="bbox 256 2292 1867 2376">
    <p class='ocr_par' dir='ltr' id='par_1_28' title="bbox 256 2292 1867 2376">
     <span class='ocr_line' id='line_1_28' title="bbox 256 2292 1867 2376; baseline -0.007 -19"><span class='ocrx_word' id='word_1_178' title='bbox 256 2313 332 2375; x_wconf 82' lang='grc' dir='ltr'>τῷ</span> <span class='ocrx_word' id='word_1_179' title='bbox 361 2307 536 2376; x_wconf 89' lang='grc' dir='ltr'>Κυρίῳ</span> <span class='ocrx_word' id='word_1_180' title='bbox 566 2301 618 2364; x_wconf 83' lang='grc' dir='ltr'><strong>ἐξ</strong></span> <span class='ocrx_word' id='word_1_181' title='bbox 662 2302 780 2354; x_wconf 83' lang='grc' dir='ltr'>ὅλου</span> <span class='ocrx_word' id='word_1_182' title='bbox 813 2302 1000 2356; x_wconf 80' lang='grc' dir='ltr'>ἑαυτὴν</span> <span class='ocrx_word' id='word_1_183' title='bbox 1033 2294 1253 2362; x_wconf 82' lang='grc' dir='ltr'>δίδωσι,</span> <span class='ocrx_word' id='word_1_184' title='bbox 1305 2301 1394 2347; x_wconf 79' lang='grc' dir='ltr'><strong>καί</strong></span> <span class='ocrx_word' id='word_1_185' title='bbox 1426 2296 1560 2346; x_wconf 81' lang='grc' dir='ltr'>οὑτω</span> <span class='ocrx_word' id='word_1_186' title='bbox 1593 2292 1867 2358; x_wconf 78' lang='grc' dir='ltr'>διεξελθεῖν</span> 
     </span>
    </p>
   </div>
   <div class='ocr_carea' id='block_1_29' title="bbox 259 2385 1868 2465">
    <p class='ocr_par' dir='ltr' id='par_1_29' title="bbox 259 2385 1868 2465">
     <span class='ocr_line' id='line_1_29' title="bbox 259 2385 1868 2465; baseline -0.006 -20"><span class='ocrx_word' id='word_1_187' title='bbox 259 2392 492 2465; x_wconf 77' lang='grc' dir='ltr'>εὐχερῶς</span> <span class='ocrx_word' id='word_1_188' title='bbox 542 2387 829 2448; x_wconf 78' lang='grc' dir='ltr'>δυνήσεται</span> <span class='ocrx_word' id='word_1_189' title='bbox 875 2392 991 2447; x_wconf 81' lang='grc' dir='ltr'>τοὺς</span> <span class='ocrx_word' id='word_1_190' title='bbox 1015 2388 1220 2458; x_wconf 75' lang='grc' dir='ltr'>ἀγῶνας</span> <span class='ocrx_word' id='word_1_191' title='bbox 1274 2390 1362 2436; x_wconf 89' lang='grc' dir='ltr'><strong>καῖ</strong></span> <span class='ocrx_word' id='word_1_192' title='bbox 1414 2403 1601 2444; x_wconf 89' lang='grc' dir='ltr'>πονους</span> <span class='ocrx_word' id='word_1_193' title='bbox 1630 2391 1714 2437; x_wconf 71' lang='grc' dir='ltr'><strong>καί</strong></span> <span class='ocrx_word' id='word_1_194' title='bbox 1767 2385 1868 2436; x_wconf 85' lang='grc' dir='ltr'>θλί-</span> 
     </span>
    </p>
   </div>
   <div class='ocr_carea' id='block_1_30' title="bbox 257 2472 1869 2554">
    <p class='ocr_par' dir='ltr' id='par_1_30' title="bbox 257 2472 1869 2554">
     <span class='ocr_line' id='line_1_30' title="bbox 257 2472 1869 2554; baseline -0.006 -20"><span class='ocrx_word' id='word_1_195' title='bbox 257 2482 397 2553; x_wconf 67' lang='grc' dir='ltr'>ψεις.</span> <span class='ocrx_word' id='word_1_196' title='bbox 452 2481 622 2532; x_wconf 84' lang='grc' dir='ltr'>Ὀπου</span> <span class='ocrx_word' id='word_1_197' title='bbox 669 2481 768 2554; x_wconf 84' lang='grc' dir='ltr'><strong>γὰρ</strong></span> <span class='ocrx_word' id='word_1_198' title='bbox 819 2476 1111 2549; x_wconf 78' lang='grc' dir='ltr'>ἀγαπᾶται,</span> <span class='ocrx_word' id='word_1_199' title='bbox 1144 2475 1329 2526; x_wconf 79' lang='grc' dir='ltr'>ἐκεῖθεν</span> <span class='ocrx_word' id='word_1_200' title='bbox 1370 2472 1664 2545; x_wconf 79' lang='grc' dir='ltr'>βοηθεῖται,</span> <span class='ocrx_word' id='word_1_201' title='bbox 1697 2473 1869 2526; x_wconf 81' lang='grc' dir='ltr'>κάκεῖ-</span> 
     </span>
    </p>
   </div>
   <div class='ocr_carea' id='block_1_31' title="bbox 259 2563 1867 2644">
    <p class='ocr_par' dir='ltr' id='par_1_31' title="bbox 259 2563 1867 2644">
     <span class='ocr_line' id='line_1_31' title="bbox 259 2563 1867 2644; baseline -0.006 -21"><span class='ocrx_word' id='word_1_202' title='bbox 259 2573 341 2624; x_wconf 90' lang='grc' dir='ltr'><strong>θεν</strong></span> <span class='ocrx_word' id='word_1_203' title='bbox 372 2569 619 2644; x_wconf 83' lang='grc' dir='ltr'>βαρεῖται</span> <span class='ocrx_word' id='word_1_204' title='bbox 645 2583 659 2598; x_wconf 80' lang='grc'><em>’</em></span> <span class='ocrx_word' id='word_1_205' title='bbox 709 2566 792 2619; x_wconf 76' lang='grc' dir='ltr'>ἐάν</span> <span class='ocrx_word' id='word_1_206' title='bbox 824 2585 874 2618; x_wconf 89' lang='grc' dir='ltr'><strong>τι</strong></span> <span class='ocrx_word' id='word_1_207' title='bbox 904 2573 995 2616; x_wconf 87' lang='grc' dir='ltr'>τοῦ</span> <span class='ocrx_word' id='word_1_208' title='bbox 1045 2583 1247 2634; x_wconf 86' lang='grc' dir='ltr'>κοσμου</span> <span class='ocrx_word' id='word_1_209' title='bbox 1292 2565 1491 2633; x_wconf 74' lang='grc' dir='ltr'>ἀγαπᾷ,</span> <span class='ocrx_word' id='word_1_210' title='bbox 1536 2563 1662 2614; x_wconf 77' lang='grc' dir='ltr'>αὐτὸ</span> <span class='ocrx_word' id='word_1_211' title='bbox 1707 2563 1867 2614; x_wconf 81' lang='grc' dir='ltr'>ἐκεῖνο</span> 
     </span>
    </p>
   </div>
   <div class='ocr_carea' id='block_1_32' title="bbox 255 2650 1865 2731">
    <p class='ocr_par' dir='ltr' id='par_1_32' title="bbox 255 2650 1865 2731">
     <span class='ocr_line' id='line_1_32' title="bbox 255 2650 1865 2731; baseline -0.006 -20"><span class='ocrx_word' id='word_1_212' title='bbox 255 2665 456 2731; x_wconf 86' lang='grc' dir='ltr'>γίνεται</span> <span class='ocrx_word' id='word_1_213' title='bbox 504 2658 646 2728; x_wconf 82' lang='grc' dir='ltr'>αύτῷ</span> <span class='ocrx_word' id='word_1_214' title='bbox 690 2659 896 2730; x_wconf 76' lang='grc' dir='ltr'>φορτίον</span> <span class='ocrx_word' id='word_1_215' title='bbox 941 2660 1028 2705; x_wconf 85' lang='grc' dir='ltr'>καὶ</span> <span class='ocrx_word' id='word_1_216' title='bbox 1089 2650 1279 2723; x_wconf 82' lang='grc' dir='ltr'>δεσμοὶ</span> <span class='ocrx_word' id='word_1_217' title='bbox 1332 2653 1659 2710; x_wconf 77' lang='grc' dir='ltr'>καθέλκοντες</span> <span class='ocrx_word' id='word_1_218' title='bbox 1705 2655 1865 2718; x_wconf 82' lang='grc' dir='ltr'>κάτω,</span> 
     </span>
    </p>
   </div>
   <div class='ocr_carea' id='block_1_33' title="bbox 259 2741 1866 2820">
    <p class='ocr_par' dir='ltr' id='par_1_33' title="bbox 259 2741 1866 2820">
     <span class='ocr_line' id='line_1_33' title="bbox 259 2741 1866 2820; baseline -0.005 -19"><span class='ocrx_word' id='word_1_219' title='bbox 259 2754 351 2800; x_wconf 85' lang='grc' dir='ltr'>καὶ</span> <span class='ocrx_word' id='word_1_220' title='bbox 394 2753 464 2820; x_wconf 77' lang='grc' dir='ltr'>μὴ</span> <span class='ocrx_word' id='word_1_221' title='bbox 519 2753 922 2819; x_wconf 83' lang='grc' dir='ltr'>συγχωροῦντες</span> <span class='ocrx_word' id='word_1_222' title='bbox 967 2745 1072 2795; x_wconf 78' lang='grc' dir='ltr'>ἄνω</span> <span class='ocrx_word' id='word_1_223' title='bbox 1120 2747 1246 2814; x_wconf 87' lang='grc' dir='ltr'>πρὸς</span> <span class='ocrx_word' id='word_1_224' title='bbox 1278 2746 1406 2794; x_wconf 84' lang='grc' dir='ltr'>Θεὸν</span> <span class='ocrx_word' id='word_1_225' title='bbox 1450 2741 1692 2793; x_wconf 82' lang='grc' dir='ltr'>ἀνελθεῖν.</span> <span class='ocrx_word' id='word_1_226' title='bbox 1749 2743 1866 2794; x_wconf 82' lang='grc' dir='ltr'><strong>Ἐὰν</strong></span> 
     </span>
    </p>
   </div>
   <div class='ocr_carea' id='block_1_34' title="bbox 265 2830 1865 2910">
    <p class='ocr_par' dir='ltr' id='par_1_34' title="bbox 265 2830 1865 2910">
     <span class='ocr_line' id='line_1_34' title="bbox 265 2830 1865 2910; baseline -0.005 -20"><span class='ocrx_word' id='word_1_227' title='bbox 265 2835 324 2890; x_wconf 65' lang='grc' dir='ltr'>δὲ</span> <span class='ocrx_word' id='word_1_228' title='bbox 355 2841 440 2890; x_wconf 86' lang='grc' dir='ltr'>τὸν</span> <span class='ocrx_word' id='word_1_229' title='bbox 470 2840 660 2910; x_wconf 78' lang='grc' dir='ltr'>Κύριον</span> <span class='ocrx_word' id='word_1_230' title='bbox 711 2837 919 2893; x_wconf 79' lang='grc' dir='ltr'>καὶτὰς</span> <span class='ocrx_word' id='word_1_231' title='bbox 970 2833 1174 2891; x_wconf 72' lang='grc' dir='ltr'>ἐντολὰς</span> <span class='ocrx_word' id='word_1_232' title='bbox 1217 2830 1377 2882; x_wconf 79' lang='grc' dir='ltr'>αὐτου</span> <span class='ocrx_word' id='word_1_233' title='bbox 1429 2830 1630 2901; x_wconf 77' lang='grc' dir='ltr'>ἀγαπᾷ,</span> <span class='ocrx_word' id='word_1_234' title='bbox 1679 2831 1865 2884; x_wconf 76' lang='grc' dir='ltr'>ἐκεῖθεν</span> 
     </span>
    </p>
   </div>
   <div class='ocr_carea' id='block_1_35' title="bbox 263 2920 1866 2998">
    <p class='ocr_par' dir='ltr' id='par_1_35' title="bbox 263 2920 1866 2998">
     <span class='ocr_line' id='line_1_35' title="bbox 263 2920 1866 2998; baseline -0.005 -20"><span class='ocrx_word' id='word_1_235' title='bbox 263 2925 539 2998; x_wconf 81' lang='grc' dir='ltr'>βοηθεῖται</span> <span class='ocrx_word' id='word_1_236' title='bbox 607 2923 842 2976; x_wconf 82' lang='grc' dir='ltr'>κάκεῖθεν</span> <span class='ocrx_word' id='word_1_237' title='bbox 912 2921 1236 2992; x_wconf 74' lang='grc' dir='ltr'>κουφίζεται,</span> <span class='ocrx_word' id='word_1_238' title='bbox 1315 2925 1403 2970; x_wconf 83' lang='grc' dir='ltr'><strong>καῖ</strong></span> <span class='ocrx_word' id='word_1_239' title='bbox 1478 2920 1662 2971; x_wconf 77' lang='grc' dir='ltr'>εὔκολα</span> <span class='ocrx_word' id='word_1_240' title='bbox 1727 2920 1866 2990; x_wconf 76' lang='grc' dir='ltr'>αὐτῷ</span> 
     </span>
    </p>
   </div>
   <div class='ocr_carea' id='block_1_36' title="bbox 264 3008 1866 3085">
    <p class='ocr_par' dir='ltr' id='par_1_36' title="bbox 264 3008 1866 3085">
     <span class='ocr_line' id='line_1_36' title="bbox 264 3008 1866 3085; baseline -0.005 -18"><span class='ocrx_word' id='word_1_241' title='bbox 264 3017 437 3067; x_wconf 88' lang='grc' dir='ltr'>πάντα</span> <span class='ocrx_word' id='word_1_242' title='bbox 498 3019 697 3085; x_wconf 89' lang='grc' dir='ltr'>γίνεται</span> <span class='ocrx_word' id='word_1_243' title='bbox 761 3014 828 3063; x_wconf 84' lang='grc' dir='ltr'>τὰ</span> <span class='ocrx_word' id='word_1_244' title='bbox 885 3018 977 3062; x_wconf 82' lang='grc' dir='ltr'>τοῦ</span> <span class='ocrx_word' id='word_1_245' title='bbox 1061 3013 1254 3081; x_wconf 81' lang='grc' dir='ltr'>Κυρίου</span> <span class='ocrx_word' id='word_1_246' title='bbox 1321 3008 1733 3080; x_wconf 74' lang='grc' dir='ltr'>παραγγέλματα</span> <span class='ocrx_word' id='word_1_247' title='bbox 1795 3017 1866 3078; x_wconf 82' lang='grc' dir='ltr'>τῷ</span> 
     </span>
    </p>
   </div>
   <div class='ocr_carea' id='block_1_37' title="bbox 270 3096 1867 3172">
    <p class='ocr_par' dir='ltr' id='par_1_37' title="bbox 270 3096 1867 3172">
     <span class='ocr_line' id='line_1_37' title="bbox 270 3096 1867 3172; baseline -0.003 -19"><span class='ocrx_word' id='word_1_248' title='bbox 270 3107 364 3160; x_wconf 81' lang='grc' dir='ltr'><strong>τῆν</strong></span> <span class='ocrx_word' id='word_1_249' title='bbox 422 3102 627 3172; x_wconf 76' lang='grc' dir='ltr'>ἀγάπην</span> <span class='ocrx_word' id='word_1_250' title='bbox 693 3101 848 3153; x_wconf 74' lang='grc' dir='ltr'>αὑτοῦ</span> <span class='ocrx_word' id='word_1_251' title='bbox 909 3103 1037 3172; x_wconf 85' lang='grc' dir='ltr'>πρὸς</span> <span class='ocrx_word' id='word_1_252' title='bbox 1089 3098 1244 3148; x_wconf 78' lang='grc' dir='ltr'>αὐτὸν</span> <span class='ocrx_word' id='word_1_253' title='bbox 1304 3096 1596 3156; x_wconf 73' lang='grc' dir='ltr'>ἀποσώζειν</span> <span class='ocrx_word' id='word_1_254' title='bbox 1656 3097 1867 3156; x_wconf 83' lang='grc' dir='ltr'>ὁλοκλή-</span> 
     </span>
    </p>
   </div>
   <div class='ocr_carea' id='block_1_38' title="bbox 264 3157 1944 3266">
    <p class='ocr_par' dir='ltr' id='par_1_38' title="bbox 264 3157 1944 3266">
     <span class='ocr_line' id='line_1_38' title="bbox 264 3157 1944 3266; baseline -0.004 -23"><span class='ocrx_word' id='word_1_255' title='bbox 264 3211 388 3266; x_wconf 78' lang='grc' dir='ltr'>ρως,</span> <span class='ocrx_word' id='word_1_256' title='bbox 440 3157 528 3242; x_wconf 57' lang='grc' dir='ltr'><strong>καί</strong></span> <span class='ocrx_word' id='word_1_257' title='bbox 585 3188 737 3265; x_wconf 89' lang='grc' dir='ltr'>βαρεῖ</span> <span class='ocrx_word' id='word_1_258' title='bbox 775 3190 844 3252; x_wconf 90' lang='grc' dir='ltr'><strong>εἰς</strong></span> <span class='ocrx_word' id='word_1_259' title='bbox 882 3157 960 3240; x_wconf 84' lang='grc' dir='ltr'><strong>τὸ⁸</strong></span> <span class='ocrx_word' id='word_1_260' title='bbox 998 3187 1214 3258; x_wconf 86' lang='grc' dir='ltr'>ἀγαθὸν,</span> <span class='ocrx_word' id='word_1_261' title='bbox 1266 3186 1455 3257; x_wconf 85' lang='grc' dir='ltr'>μᾶλλον</span> <span class='ocrx_word' id='word_1_262' title='bbox 1507 3182 1565 3238; x_wconf 88' lang='grc' dir='ltr'><strong>δε</strong></span> <span class='ocrx_word' id='word_1_263' title='bbox 1607 3193 1697 3238; x_wconf 81' lang='grc' dir='ltr'><strong>καί</strong></span> <span class='ocrx_word' id='word_1_264' title='bbox 1745 3206 1868 3238; x_wconf 90' lang='grc' dir='ltr'>κου-</span> <span class='ocrx_word' id='word_1_265' title='bbox 1904 3157 1944 3211; x_wconf 75' lang='lat' dir='ltr'>c</span> 
     </span>
    </p>
   </div>
   <div class='ocr_carea' id='block_1_39' title="bbox 265 3276 1868 3352">
    <p class='ocr_par' dir='ltr' id='par_1_39' title="bbox 265 3276 1868 3352">
     <span class='ocr_line' id='line_1_39' title="bbox 265 3276 1868 3352; baseline -0.004 -20"><span class='ocrx_word' id='word_1_266' title='bbox 265 3283 404 3352; x_wconf 83' lang='grc' dir='ltr'><strong>φίζεί</strong></span> <span class='ocrx_word' id='word_1_267' title='bbox 454 3284 541 3330; x_wconf 78' lang='grc' dir='ltr'>καὶ</span> <span class='ocrx_word' id='word_1_268' title='bbox 593 3279 857 3352; x_wconf 78' lang='grc' dir='ltr'>ἓλαφρύνει</span> <span class='ocrx_word' id='word_1_269' title='bbox 903 3279 1074 3328; x_wconf 87' lang='grc' dir='ltr'>πάντα</span> <span class='ocrx_word' id='word_1_270' title='bbox 1128 3281 1345 3345; x_wconf 81' lang='grc' dir='ltr'>πόλεμον</span> <span class='ocrx_word' id='word_1_271' title='bbox 1397 3279 1486 3325; x_wconf 88' lang='grc' dir='ltr'><strong>καῖ</strong></span> <span class='ocrx_word' id='word_1_272' title='bbox 1527 3293 1701 3326; x_wconf 88' lang='grc' dir='ltr'>πασαν</span> <span class='ocrx_word' id='word_1_273' title='bbox 1763 3276 1868 3326; x_wconf 91' lang='grc' dir='ltr'>θλί-</span> 
     </span>
    </p>
   </div>
   <div class='ocr_carea' id='block_1_40' title="bbox 263 3361 1868 3439">
    <p class='ocr_par' dir='ltr' id='par_1_40' title="bbox 263 3361 1868 3439">
     <span class='ocr_line' id='line_1_40' title="bbox 263 3361 1868 3439; baseline -0.003 -19"><span class='ocrx_word' id='word_1_274' title='bbox 263 3369 379 3439; x_wconf 72' lang='grc' dir='ltr'>ψιν,</span> <span class='ocrx_word' id='word_1_275' title='bbox 434 3374 526 3419; x_wconf 85' lang='grc' dir='ltr'>καὶ</span> <span class='ocrx_word' id='word_1_276' title='bbox 580 3365 671 3418; x_wconf 82' lang='grc' dir='ltr'>διὰ</span> <span class='ocrx_word' id='word_1_277' title='bbox 710 3375 805 3427; x_wconf 88' lang='grc' dir='ltr'><strong>τῆς</strong></span> <span class='ocrx_word' id='word_1_278' title='bbox 846 3368 984 3425; x_wconf 83' lang='grc' dir='ltr'>θείας</span> <span class='ocrx_word' id='word_1_279' title='bbox 1048 3361 1317 3435; x_wconf 83' lang='grc' dir='ltr'>δυνάμεως</span> <span class='ocrx_word' id='word_1_280' title='bbox 1365 3368 1452 3414; x_wconf 86' lang='grc' dir='ltr'>τὸν</span> <span class='ocrx_word' id='word_1_281' title='bbox 1501 3383 1697 3434; x_wconf 91' lang='grc' dir='ltr'>κοσμον</span> <span class='ocrx_word' id='word_1_282' title='bbox 1744 3361 1868 3415; x_wconf 81' lang='grc' dir='ltr'>δια-</span> 
     </span>
    </p>
   </div>
   <div class='ocr_carea' id='block_1_41' title="bbox 267 3450 1867 3524">
    <p class='ocr_par' dir='ltr' id='par_1_41' title="bbox 267 3450 1867 3524">
     <span class='ocr_line' id='line_1_41' title="bbox 267 3450 1867 3524; baseline -0.001 -18"><span class='ocrx_word' id='word_1_283' title='bbox 267 3462 470 3520; x_wconf 81' lang='grc' dir='ltr'>κόπτει,</span> <span class='ocrx_word' id='word_1_284' title='bbox 513 3460 598 3505; x_wconf 84' lang='grc' dir='ltr'><strong>καῖ</strong></span> <span class='ocrx_word' id='word_1_285' title='bbox 644 3457 738 3515; x_wconf 82' lang='grc' dir='ltr'>τὰς</span> <span class='ocrx_word' id='word_1_286' title='bbox 788 3450 1032 3524; x_wconf 82' lang='grc' dir='ltr'>δυνάμεις</span> <span class='ocrx_word' id='word_1_287' title='bbox 1076 3461 1167 3514; x_wconf 78' lang='grc' dir='ltr'><strong>τῆς</strong></span> <span class='ocrx_word' id='word_1_288' title='bbox 1223 3458 1426 3520; x_wconf 83' lang='grc' dir='ltr'>κακίας,</span> <span class='ocrx_word' id='word_1_289' title='bbox 1487 3454 1574 3512; x_wconf 83' lang='grc' dir='ltr'>τὰς</span> <span class='ocrx_word' id='word_1_290' title='bbox 1630 3456 1678 3503; x_wconf 73' lang='grc' dir='ltr'>ἂν</span> <span class='ocrx_word' id='word_1_291' title='bbox 1726 3453 1867 3523; x_wconf 83' lang='grc' dir='ltr'>αύτῷ</span> 
     </span>
    </p>
   </div>
   <div class='ocr_carea' id='block_1_42' title="bbox 265 3540 1870 3616">
    <p class='ocr_par' dir='ltr' id='par_1_42' title="bbox 265 3540 1870 3616">
     <span class='ocr_line' id='line_1_42' title="bbox 265 3540 1870 3616; baseline -0.002 -19"><span class='ocrx_word' id='word_1_292' title='bbox 265 3540 664 3615; x_wconf 85' lang='grc' dir='ltr'>παγιδευούσας</span> <span class='ocrx_word' id='word_1_293' title='bbox 722 3547 812 3600; x_wconf 80' lang='grc' dir='ltr'>τὴν</span> <span class='ocrx_word' id='word_1_294' title='bbox 876 3542 1078 3614; x_wconf 74' lang='grc' dir='ltr'>ψυχήν,</span> <span class='ocrx_word' id='word_1_295' title='bbox 1142 3548 1230 3594; x_wconf 82' lang='grc' dir='ltr'>καὶ</span> <span class='ocrx_word' id='word_1_296' title='bbox 1298 3541 1519 3616; x_wconf 87' lang='grc' dir='ltr'>βροχοις</span> <span class='ocrx_word' id='word_1_297' title='bbox 1585 3545 1870 3613; x_wconf 68' lang='grc' dir='ltr'>ἐπιθυμιῶν</span> 
     </span>
    </p>
   </div>
   <div class='ocr_carea' id='block_1_43' title="bbox 260 3628 1865 3703">
    <p class='ocr_par' dir='ltr' id='par_1_43' title="bbox 260 3628 1865 3703">
     <span class='ocr_line' id='line_1_43' title="bbox 260 3628 1865 3703; baseline -0.002 -17"><span class='ocrx_word' id='word_1_298' title='bbox 260 3631 616 3687; x_wconf 74' lang='grc' dir='ltr'>παντοδαπῶν</span> <span class='ocrx_word' id='word_1_299' title='bbox 655 3632 702 3683; x_wconf 78' lang='grc' dir='ltr'><strong>ἰν</strong></span> <span class='ocrx_word' id='word_1_300' title='bbox 733 3641 803 3703; x_wconf 83' lang='grc' dir='ltr'>τῷ</span> <span class='ocrx_word' id='word_1_301' title='bbox 840 3640 928 3683; x_wconf 82' lang='grc' dir='ltr'>τοῦ</span> <span class='ocrx_word' id='word_1_302' title='bbox 966 3639 1166 3703; x_wconf 88' lang='grc' dir='ltr'>κοσμου</span> <span class='ocrx_word' id='word_1_303' title='bbox 1209 3630 1358 3703; x_wconf 84' lang='grc' dir='ltr'>βυθῴ</span> <span class='ocrx_word' id='word_1_304' title='bbox 1401 3628 1865 3703; x_wconf 82' lang='grc' dir='ltr'>καταδεσμούσας,</span> 
     </span>
    </p>
   </div>
   <div class='ocr_carea' id='block_1_44' title="bbox 259 3717 1870 3791">
    <p class='ocr_par' dir='ltr' id='par_1_44' title="bbox 259 3717 1870 3791">
     <span class='ocr_line' id='line_1_44' title="bbox 259 3717 1870 3791; baseline -0.003 -15"><span class='ocrx_word' id='word_1_305' title='bbox 259 3730 351 3776; x_wconf 88' lang='grc' dir='ltr'><strong>καῖ</strong></span> <span class='ocrx_word' id='word_1_306' title='bbox 383 3724 549 3782; x_wconf 79' lang='grc' dir='ltr'>οὕτως</span> <span class='ocrx_word' id='word_1_307' title='bbox 601 3722 862 3784; x_wconf 74' lang='grc' dir='ltr'>ἐξειλῆσαι</span> <span class='ocrx_word' id='word_1_308' title='bbox 902 3722 978 3791; x_wconf 71' lang='grc'><strong>(6)</strong></span> <span class='ocrx_word' id='word_1_309' title='bbox 1028 3721 1079 3782; x_wconf 83' lang='grc' dir='ltr'>ἐξ</span> <span class='ocrx_word' id='word_1_310' title='bbox 1119 3721 1285 3772; x_wconf 80' lang='grc' dir='ltr'>αὐτῶν</span> <span class='ocrx_word' id='word_1_311' title='bbox 1327 3718 1422 3772; x_wconf 85' lang='grc' dir='ltr'><strong>διὰ</strong></span> <span class='ocrx_word' id='word_1_312' title='bbox 1465 3729 1556 3780; x_wconf 90' lang='grc' dir='ltr'><strong>τῆς</strong></span> <span class='ocrx_word' id='word_1_313' title='bbox 1598 3717 1735 3781; x_wconf 84' lang='grc' dir='ltr'>ἰδίας</span> <span class='ocrx_word' id='word_1_314' title='bbox 1789 3725 1870 3772; x_wconf 90' lang='grc' dir='ltr'>πί-</span> 
     </span>
    </p>
   </div>
   <div class='ocr_carea' id='block_1_45' title="bbox 267 3807 1870 3882">
    <p class='ocr_par' dir='ltr' id='par_1_45' title="bbox 267 3807 1870 3882">
     <span class='ocr_line' id='line_1_45' title="bbox 267 3807 1870 3882; baseline -0.003 -16"><span class='ocrx_word' id='word_1_315' title='bbox 267 3832 430 3874; x_wconf 87' lang='grc' dir='ltr'>στεως</span> <span class='ocrx_word' id='word_1_316' title='bbox 457 3817 548 3864; x_wconf 89' lang='grc' dir='ltr'><strong>καῖ</strong></span> <span class='ocrx_word' id='word_1_317' title='bbox 590 3807 831 3871; x_wconf 82' lang='grc' dir='ltr'>σπουδῆς</span> <span class='ocrx_word' id='word_1_318' title='bbox 869 3811 1082 3874; x_wconf 87' lang='grc' dir='ltr'>πολλῆς,</span> <span class='ocrx_word' id='word_1_319' title='bbox 1119 3815 1207 3861; x_wconf 82' lang='grc' dir='ltr'><strong>καῖ</strong></span> <span class='ocrx_word' id='word_1_320' title='bbox 1248 3807 1339 3861; x_wconf 78' lang='grc' dir='ltr'>διὰ</span> <span class='ocrx_word' id='word_1_321' title='bbox 1368 3817 1462 3871; x_wconf 86' lang='grc' dir='ltr'><strong>τῆς</strong></span> <span class='ocrx_word' id='word_1_322' title='bbox 1509 3812 1698 3862; x_wconf 81' lang='grc' dir='ltr'>ἄνωθεν</span> <span class='ocrx_word' id='word_1_323' title='bbox 1740 3809 1870 3882; x_wconf 90' lang='grc' dir='ltr'>βοη-</span> 
     </span>
    </p>
   </div>
   <div class='ocr_carea' id='block_1_46' title="bbox 260 3899 1865 3972">
    <p class='ocr_par' dir='ltr' id='par_1_46' title="bbox 260 3899 1865 3972">
     <span class='ocr_line' id='line_1_46' title="bbox 260 3899 1865 3972; baseline -0.003 -17"><span class='ocrx_word' id='word_1_324' title='bbox 260 3906 426 3970; x_wconf 88' lang='grc' dir='ltr'>θείας,</span> <span class='ocrx_word' id='word_1_325' title='bbox 475 3904 597 3953; x_wconf 81' lang='grc' dir='ltr'>ἕνθα</span> <span class='ocrx_word' id='word_1_326' title='bbox 649 3902 918 3972; x_wconf 76' lang='grc' dir='ltr'>ἠγάπησε,</span> <span class='ocrx_word' id='word_1_327' title='bbox 978 3908 1072 3960; x_wconf 89' lang='grc' dir='ltr'><strong>τῆς</strong></span> <span class='ocrx_word' id='word_1_328' title='bbox 1121 3901 1329 3951; x_wconf 81' lang='grc' dir='ltr'>αἰωνίου</span> <span class='ocrx_word' id='word_1_329' title='bbox 1373 3899 1642 3971; x_wconf 82' lang='grc' dir='ltr'>βασιλείας</span> <span class='ocrx_word' id='word_1_330' title='bbox 1693 3901 1865 3962; x_wconf 78' lang='grc' dir='ltr'>ἀξιοῦ-</span> 
     </span>
    </p>
   </div>
   <div class='ocr_carea' id='block_1_47' title="bbox 257 3987 1870 4062">
    <p class='ocr_par' dir='ltr' id='par_1_47' title="bbox 257 3987 1870 4062">
     <span class='ocr_line' id='line_1_47' title="bbox 257 3987 1870 4062; baseline -0.002 -18"><span class='ocrx_word' id='word_1_331' title='bbox 257 4011 370 4058; x_wconf 89' lang='grc' dir='ltr'>ται,</span> <span class='ocrx_word' id='word_1_332' title='bbox 426 3991 486 4049; x_wconf 85' lang='grc' dir='ltr'>ἢν</span> <span class='ocrx_word' id='word_1_333' title='bbox 547 3987 667 4062; x_wconf 87' lang='grc' dir='ltr'>ἰδίῳ</span> <span class='ocrx_word' id='word_1_334' title='bbox 722 3989 974 4061; x_wconf 77' lang='grc' dir='ltr'>θελήματι</span> <span class='ocrx_word' id='word_1_335' title='bbox 1031 3987 1310 4059; x_wconf 80' lang='grc' dir='ltr'>ἀγαπήσας</span> <span class='ocrx_word' id='word_1_336' title='bbox 1365 3988 1416 4050; x_wconf 73' lang='grc' dir='ltr'><strong>ἐξ</strong></span> <span class='ocrx_word' id='word_1_337' title='bbox 1471 3987 1730 4055; x_wconf 86' lang='grc' dir='ltr'>ἀληθείας,</span> <span class='ocrx_word' id='word_1_338' title='bbox 1782 3995 1870 4040; x_wconf 85' lang='grc' dir='ltr'><strong>καῖ</strong></span> 
     </span>
    </p>
   </div>
   <div class='ocr_carea' id='block_1_48' title="bbox 258 4078 1869 4153">
    <p class='ocr_par' dir='ltr' id='par_1_48' title="bbox 258 4078 1869 4153">
     <span class='ocr_line' id='line_1_48' title="bbox 258 4078 1869 4153; baseline -0.004 -20"><span class='ocrx_word' id='word_1_339' title='bbox 258 4083 363 4133; x_wconf 76' lang='grc' dir='ltr'><strong>ὑπὸ</strong></span> <span class='ocrx_word' id='word_1_340' title='bbox 422 4088 514 4132; x_wconf 85' lang='grc' dir='ltr'>τοῦ</span> <span class='ocrx_word' id='word_1_341' title='bbox 575 4084 766 4153; x_wconf 87' lang='grc' dir='ltr'>Κυρίου</span> <span class='ocrx_word' id='word_1_342' title='bbox 826 4078 1130 4151; x_wconf 84' lang='grc' dir='ltr'>βοηθηθεῖς,</span> <span class='ocrx_word' id='word_1_343' title='bbox 1180 4087 1270 4137; x_wconf 85' lang='grc' dir='ltr'><strong>τῆς</strong></span> <span class='ocrx_word' id='word_1_344' title='bbox 1320 4078 1530 4129; x_wconf 79' lang='grc' dir='ltr'>αἰωνίου</span> <span class='ocrx_word' id='word_1_345' title='bbox 1586 4082 1718 4140; x_wconf 84' lang='grc' dir='ltr'>ζωῆς</span> <span class='ocrx_word' id='word_1_346' title='bbox 1777 4082 1869 4129; x_wconf 78' lang='grc' dir='ltr'>οὐκ</span> 
     </span>
    </p>
   </div>
   <div class='ocr_carea' id='block_1_49' title="bbox 259 4163 1870 4239">
    <p class='ocr_par' dir='ltr' id='par_1_49' title="bbox 259 4163 1870 4239">
     <span class='ocr_line' id='line_1_49' title="bbox 259 4163 1870 4239; baseline -0.002 -17"><span class='ocrx_word' id='word_1_347' title='bbox 259 4173 522 4222; x_wconf 70' lang='grc' dir='ltr'>ἐκπίπτει.</span> <span class='ocrx_word' id='word_1_348' title='bbox 573 4166 684 4221; x_wconf 78' lang='grc' dir='ltr'>Ἵνα</span> <span class='ocrx_word' id='word_1_349' title='bbox 736 4165 795 4220; x_wconf 72' lang='grc' dir='ltr'><strong>δε</strong></span> <span class='ocrx_word' id='word_1_350' title='bbox 850 4166 950 4219; x_wconf 82' lang='grc' dir='ltr'>ἀπὸ</span> <span class='ocrx_word' id='word_1_351' title='bbox 1003 4167 1323 4239; x_wconf 81' lang='grc' dir='ltr'>πραγμάτων</span> <span class='ocrx_word' id='word_1_352' title='bbox 1377 4175 1602 4239; x_wconf 85' lang='grc' dir='ltr'>φανερῶν</span> <span class='ocrx_word' id='word_1_353' title='bbox 1661 4163 1870 4219; x_wconf 82' lang='grc' dir='ltr'>ἀποδεί-</span> 
     </span>
    </p>
   </div>
   <div class='ocr_carea' id='block_1_50' title="bbox 260 4252 1870 4330">
    <p class='ocr_par' dir='ltr' id='par_1_50' title="bbox 260 4252 1870 4330">
     <span class='ocr_line' id='line_1_50' title="bbox 260 4252 1870 4330; baseline -0.002 -20"><span class='ocrx_word' id='word_1_354' title='bbox 260 4259 450 4330; x_wconf 80' lang='grc' dir='ltr'>ξωμεν,</span> <span class='ocrx_word' id='word_1_355' title='bbox 502 4266 614 4319; x_wconf 85' lang='grc' dir='ltr'>πῶς</span> <span class='ocrx_word' id='word_1_356' title='bbox 669 4257 921 4328; x_wconf 78' lang='grc' dir='ltr'>θελήματι</span> <span class='ocrx_word' id='word_1_357' title='bbox 975 4252 1096 4328; x_wconf 84' lang='grc' dir='ltr'>ἰδίῳ</span> <span class='ocrx_word' id='word_1_358' title='bbox 1151 4256 1328 4308; x_wconf 77' lang='grc' dir='ltr'>πολλοὶ</span> <span class='ocrx_word' id='word_1_359' title='bbox 1392 4256 1724 4320; x_wconf 86' lang='grc' dir='ltr'>ἀπολλυνται,</span> <span class='ocrx_word' id='word_1_360' title='bbox 1782 4260 1870 4306; x_wconf 84' lang='grc' dir='ltr'>καὶ</span> 
     </span>
    </p>
   </div>
   <div class='ocr_carea' id='block_1_51' title="bbox 259 4344 1870 4418">
    <p class='ocr_par' dir='ltr' id='par_1_51' title="bbox 259 4344 1870 4418">
     <span class='ocr_line' id='line_1_51' title="bbox 259 4344 1870 4418; baseline -0.004 -18"><span class='ocrx_word' id='word_1_361' title='bbox 259 4347 312 4400; x_wconf 72' lang='grc' dir='ltr'>ἐν</span> <span class='ocrx_word' id='word_1_362' title='bbox 369 4347 609 4418; x_wconf 77' lang='grc' dir='ltr'>θαλάσσῃ</span> <span class='ocrx_word' id='word_1_363' title='bbox 666 4344 996 4418; x_wconf 77' lang='grc' dir='ltr'>βυθίζονται,</span> <span class='ocrx_word' id='word_1_364' title='bbox 1048 4350 1136 4397; x_wconf 81' lang='grc' dir='ltr'>καὶ</span> <span class='ocrx_word' id='word_1_365' title='bbox 1184 4346 1234 4396; x_wconf 75' lang='grc' dir='ltr'>ἐν</span> <span class='ocrx_word' id='word_1_366' title='bbox 1292 4344 1641 4416; x_wconf 83' lang='grc' dir='ltr'>αἰχμαλωσίᾳ</span> <span class='ocrx_word' id='word_1_367' title='bbox 1701 4344 1870 4417; x_wconf 81' lang='grc' dir='ltr'>ἀρπά-</span> 
     </span>
    </p>
   </div>
   <div class='ocr_carea' id='block_1_52' title="bbox 260 4431 1869 4508">
    <p class='ocr_par' dir='ltr' id='par_1_52' title="bbox 260 4431 1869 4508">
     <span class='ocr_line' id='line_1_52' title="bbox 260 4431 1869 4508; baseline -0.002 -20"><span class='ocrx_word' id='word_1_368' title='bbox 260 4438 465 4501; x_wconf 79' lang='grc' dir='ltr'>ζονται,</span> <span class='ocrx_word' id='word_1_369' title='bbox 521 4437 719 4488; x_wconf 86' lang='grc' dir='ltr'>ὑποθου</span> <span class='ocrx_word' id='word_1_370' title='bbox 790 4441 878 4507; x_wconf 90' lang='grc' dir='ltr'><strong>μοί</strong></span> <span class='ocrx_word' id='word_1_371' title='bbox 934 4453 1049 4486; x_wconf 89' lang='grc' dir='ltr'>τινα</span> <span class='ocrx_word' id='word_1_372' title='bbox 1108 4431 1247 4486; x_wconf 83' lang='grc' dir='ltr'>οἶκον</span> <span class='ocrx_word' id='word_1_373' title='bbox 1301 4436 1666 4508; x_wconf 78' lang='grc' dir='ltr'>ἑμπίπρασθαι</span> <span class='ocrx_word' id='word_1_374' title='bbox 1721 4438 1869 4506; x_wconf 83' lang='grc' dir='ltr'>πυρὶ,</span> 
     </span>
    </p>
   </div>
   <div class='ocr_carea' id='block_1_53' title="bbox 261 4522 1950 4596">
    <p class='ocr_par' dir='ltr' id='par_1_53' title="bbox 261 4522 1950 4596">
     <span class='ocr_line' id='line_1_53' title="bbox 261 4522 1950 4596; baseline -0.003 -18"><span class='ocrx_word' id='word_1_375' title='bbox 261 4534 354 4578; x_wconf 91' lang='grc' dir='ltr'><strong>καῖ</strong></span> <span class='ocrx_word' id='word_1_376' title='bbox 400 4525 449 4585; x_wconf 87' lang='grc' dir='ltr'>ὃς</span> <span class='ocrx_word' id='word_1_377' title='bbox 497 4529 586 4596; x_wconf 78' lang='grc' dir='ltr'><strong>μεν</strong></span> <span class='ocrx_word' id='word_1_378' title='bbox 642 4533 811 4577; x_wconf 84' lang='grc' dir='ltr'>σῶσαι</span> <span class='ocrx_word' id='word_1_379' title='bbox 861 4523 1042 4576; x_wconf 74' lang='grc' dir='ltr'>ἑαυτὸν</span> <span class='ocrx_word' id='word_1_380' title='bbox 1087 4522 1419 4595; x_wconf 81' lang='grc' dir='ltr'>βουλόμενος,</span> <span class='ocrx_word' id='word_1_381' title='bbox 1462 4523 1730 4582; x_wconf 89' lang='grc' dir='ltr'>αἰσθηθεις</span> <span class='ocrx_word' id='word_1_382' title='bbox 1781 4530 1872 4574; x_wconf 82' lang='grc' dir='ltr'>τοῦ</span> <span class='ocrx_word' id='word_1_383' title='bbox 1907 4530 1950 4583; x_wconf 82' lang='grc' dir='ltr'><strong>Ι)</strong></span> 
     </span>
    </p>
   </div>
   <div class='ocr_carea' id='block_1_54' title="bbox 263 4613 1098 4686">
    <p class='ocr_par' dir='ltr' id='par_1_54' title="bbox 263 4613 1098 4686">
     <span class='ocr_line' id='line_1_54' title="bbox 263 4613 1098 4686; baseline 0 -20"><span class='ocrx_word' id='word_1_384' title='bbox 263 4613 602 4686; x_wconf 74' lang='grc' dir='ltr'>ἐμπρησμοῦ,</span> <span class='ocrx_word' id='word_1_385' title='bbox 671 4618 864 4686; x_wconf 85' lang='grc' dir='ltr'>γυμνὸς</span> <span class='ocrx_word' id='word_1_386' title='bbox 927 4616 1098 4686; x_wconf 84' lang='grc' dir='ltr'>ἔφυγε,</span> 
     </span>
    </p>
   </div>
   <div class='ocr_carea' id='block_1_55' title="bbox 266 4699 1872 4776">
    <p class='ocr_par' dir='ltr' id='par_1_55' title="bbox 266 4699 1872 4776">
     <span class='ocr_line' id='line_1_55' title="bbox 266 4699 1872 4776; baseline -0.002 -22"><span class='ocrx_word' id='word_1_387' title='bbox 266 4704 454 4755; x_wconf 74' lang='grc' dir='ltr'>ἑαυτοῦ</span> <span class='ocrx_word' id='word_1_388' title='bbox 501 4708 593 4761; x_wconf 79' lang='grc' dir='ltr'>τὴν</span> <span class='ocrx_word' id='word_1_389' title='bbox 639 4702 826 4775; x_wconf 72' lang='grc' dir='ltr'>ψυχὴν</span> <span class='ocrx_word' id='word_1_390' title='bbox 878 4709 1031 4774; x_wconf 85' lang='grc' dir='ltr'>μόνον</span> <span class='ocrx_word' id='word_1_391' title='bbox 1084 4705 1535 4776; x_wconf 71' lang='grc' dir='ltr'>περιποιήσασθαι</span> <span class='ocrx_word' id='word_1_392' title='bbox 1598 4699 1872 4772; x_wconf 79' lang='grc' dir='ltr'>βουληθεὶς</span> 
     </span>
    </p>
   </div>
   <div class='ocr_carea' id='block_1_56' title="bbox 267 4787 1870 4865">
    <p class='ocr_par' dir='ltr' id='par_1_56' title="bbox 267 4787 1870 4865">
     <span class='ocr_line' id='line_1_56' title="bbox 267 4787 1870 4865; baseline -0.002 -22"><span class='ocrx_word' id='word_1_393' title='bbox 267 4787 523 4850; x_wconf 78' lang='grc' dir='ltr'>διεσώθη.</span> <span class='ocrx_word' id='word_1_394' title='bbox 569 4789 752 4854; x_wconf 79' lang='grc' dir='ltr'>Ἀλλος</span> <span class='ocrx_word' id='word_1_395' title='bbox 784 4788 842 4843; x_wconf 73' lang='grc' dir='ltr'>δὲ</span> <span class='ocrx_word' id='word_1_396' title='bbox 891 4791 1200 4865; x_wconf 57' lang='grc' dir='ltr'>βουλομένας</span> <span class='ocrx_word' id='word_1_397' title='bbox 1230 4799 1398 4843; x_wconf 67' lang='grc' dir='ltr'>Λαόεῖν</span> <span class='ocrx_word' id='word_1_398' title='bbox 1438 4810 1554 4842; x_wconf 88' lang='grc' dir='ltr'>τινα</span> <span class='ocrx_word' id='word_1_399' title='bbox 1596 4798 1688 4842; x_wconf 82' lang='grc' dir='ltr'>τοῦ</span> <span class='ocrx_word' id='word_1_400' title='bbox 1728 4792 1870 4841; x_wconf 82' lang='grc' dir='ltr'>οἴκου</span> 
     </span>
    </p>
   </div>
   <div class='ocr_carea' id='block_1_57' title="bbox 263 4875 1868 4956">
    <p class='ocr_par' dir='ltr' id='par_1_57' title="bbox 263 4875 1868 4956">
     <span class='ocr_line' id='line_1_57' title="bbox 263 4875 1868 4956; baseline 0 -24"><span class='ocrx_word' id='word_1_401' title='bbox 263 4883 428 4937; x_wconf 84' lang='grc' dir='ltr'>σκεύη</span> <span class='ocrx_word' id='word_1_402' title='bbox 483 4882 511 4940; x_wconf 78' lang='grc' dir='ltr'>ἡ</span> <span class='ocrx_word' id='word_1_403' title='bbox 568 4881 698 4933; x_wconf 82' lang='grc' dir='ltr'>ἄλλα</span> <span class='ocrx_word' id='word_1_404' title='bbox 753 4883 870 4932; x_wconf 77' lang='grc' dir='ltr'>τινα</span> <span class='ocrx_word' id='word_1_405' title='bbox 938 4881 1172 4939; x_wconf 83' lang='grc' dir='ltr'>εἰσῆλθεν</span> <span class='ocrx_word' id='word_1_406' title='bbox 1230 4875 1374 4956; x_wconf 88' lang='grc' dir='ltr'>ἆραι,</span> <span class='ocrx_word' id='word_1_407' title='bbox 1433 4885 1523 4932; x_wconf 76' lang='grc' dir='ltr'>καὶ</span> <span class='ocrx_word' id='word_1_408' title='bbox 1575 4883 1643 4940; x_wconf 80' lang='grc' dir='ltr'>ὡς</span> <span class='ocrx_word' id='word_1_409' title='bbox 1697 4877 1868 4932; x_wconf 81' lang='grc' dir='ltr'>ἔλαϐε.</span> 
     </span>
    </p>
   </div>
   <div class='ocr_carea' id='block_1_58' title="bbox 254 4968 1869 5043">
    <p class='ocr_par' dir='ltr' id='par_1_58' title="bbox 254 4968 1869 5043">
     <span class='ocr_line' id='line_1_58' title="bbox 254 4968 1869 5043; baseline -0.002 -22"><span class='ocrx_word' id='word_1_410' title='bbox 254 4975 630 5042; x_wconf 86' lang='grc' dir='ltr'>κατεκυρίευσε</span> <span class='ocrx_word' id='word_1_411' title='bbox 673 4973 730 5021; x_wconf 83' lang='grc' dir='ltr'>τό</span> <span class='ocrx_word' id='word_1_412' title='bbox 772 4978 875 5043; x_wconf 76' lang='grc' dir='ltr'>πῦρ</span> <span class='ocrx_word' id='word_1_413' title='bbox 908 4979 997 5022; x_wconf 77' lang='grc' dir='ltr'>τοῦ</span> <span class='ocrx_word' id='word_1_414' title='bbox 1041 4974 1208 5036; x_wconf 82' lang='grc' dir='ltr'>οἴκου,</span> <span class='ocrx_word' id='word_1_415' title='bbox 1255 4977 1344 5023; x_wconf 88' lang='grc' dir='ltr'><strong>καῖ</strong></span> <span class='ocrx_word' id='word_1_416' title='bbox 1393 4968 1664 5022; x_wconf 82' lang='grc' dir='ltr'>συνέλαϐεν</span> <span class='ocrx_word' id='word_1_417' title='bbox 1714 4968 1869 5020; x_wconf 76' lang='grc' dir='ltr'>αὐτὸν</span> 
     </span>
    </p>
   </div>
   <div class='ocr_carea' id='block_1_59' title="bbox 254 5053 1871 5132">
    <p class='ocr_par' dir='ltr' id='par_1_59' title="bbox 254 5053 1871 5132">
     <span class='ocr_line' id='line_1_59' title="bbox 254 5053 1871 5132; baseline -0.001 -21"><span class='ocrx_word' id='word_1_418' title='bbox 254 5055 407 5111; x_wconf 78' lang='grc' dir='ltr'>ἔνδον</span> <span class='ocrx_word' id='word_1_419' title='bbox 459 5077 549 5110; x_wconf 87' lang='grc' dir='ltr'><strong>και</strong></span> <span class='ocrx_word' id='word_1_420' title='bbox 590 5063 926 5113; x_wconf 78' lang='grc' dir='ltr'>κατέκαυσεν.</span> <span class='ocrx_word' id='word_1_421' title='bbox 974 5058 1147 5132; x_wconf 75' lang='grc' dir='ltr'>Ὁρᾷς,</span> <span class='ocrx_word' id='word_1_422' title='bbox 1195 5061 1276 5111; x_wconf 88' lang='grc' dir='ltr'>ὃτι</span> <span class='ocrx_word' id='word_1_423' title='bbox 1321 5056 1440 5131; x_wconf 84' lang='grc' dir='ltr'>ἰδίῳ</span> <span class='ocrx_word' id='word_1_424' title='bbox 1494 5059 1741 5130; x_wconf 79' lang='grc' dir='ltr'>θελήματι</span> <span class='ocrx_word' id='word_1_425' title='bbox 1797 5053 1871 5109; x_wconf 85' lang='grc' dir='ltr'>δι’</span> 
     </span>
    </p>
   </div>
   <div class='ocr_carea' id='block_1_60' title="bbox 1175 4613 1872 4678">
    <p class='ocr_par' dir='ltr' id='par_1_60' title="bbox 1175 4613 1872 4678">
     <span class='ocr_line' id='line_1_60' title="bbox 1175 4613 1872 4678; baseline 0 -14"><span class='ocrx_word' id='word_1_426' title='bbox 1175 4613 1472 4664; x_wconf 87' lang='grc' dir='ltr'>καταλιπὼν</span> <span class='ocrx_word' id='word_1_427' title='bbox 1526 4616 1715 4678; x_wconf 83' lang='grc' dir='ltr'>πάντα,</span> <span class='ocrx_word' id='word_1_428' title='bbox 1784 4617 1872 4664; x_wconf 80' lang='grc' dir='ltr'>καὶ</span> 
     </span>
    </p>
   </div>
   <div class='ocr_carea' id='block_1_61' title="bbox 253 5148 1866 5223">
    <p class='ocr_par' dir='ltr' id='par_1_61' title="bbox 253 5148 1866 5223">
     <span class='ocr_line' id='line_1_61' title="bbox 253 5148 1866 5223; baseline -0.001 -22"><span class='ocrx_word' id='word_1_429' title='bbox 253 5148 492 5221; x_wconf 81' lang='grc' dir='ltr'>ἀγάπην,</span> <span class='ocrx_word' id='word_1_430' title='bbox 551 5151 668 5200; x_wconf 81' lang='grc' dir='ltr'>τινὰ</span> <span class='ocrx_word' id='word_1_431' title='bbox 718 5153 847 5223; x_wconf 85' lang='grc' dir='ltr'>πρὸς</span> <span class='ocrx_word' id='word_1_432' title='bbox 901 5153 1081 5222; x_wconf 84' lang='grc' dir='ltr'>καιρὸν</span> <span class='ocrx_word' id='word_1_433' title='bbox 1139 5151 1260 5222; x_wconf 78' lang='grc' dir='ltr'>παρ’</span> <span class='ocrx_word' id='word_1_434' title='bbox 1326 5149 1504 5201; x_wconf 81' lang='grc' dir='ltr'>ἑαυτὸν</span> <span class='ocrx_word' id='word_1_435' title='bbox 1558 5148 1866 5221; x_wconf 81' lang='grc' dir='ltr'>ἀγαπήσας,</span> 
     </span>
    </p>
   </div>
   <div class='ocr_carea' id='block_1_62' title="bbox 253 5237 1864 5311">
    <p class='ocr_par' dir='ltr' id='par_1_62' title="bbox 253 5237 1864 5311">
     <span class='ocr_line' id='line_1_62' title="bbox 253 5237 1864 5311; baseline -0.002 -19"><span class='ocrx_word' id='word_1_436' title='bbox 253 5239 304 5292; x_wconf 74' lang='grc' dir='ltr'><strong>ἰν</strong></span> <span class='ocrx_word' id='word_1_437' title='bbox 358 5245 433 5310; x_wconf 84' lang='grc' dir='ltr'>τῷ</span> <span class='ocrx_word' id='word_1_438' title='bbox 491 5242 618 5310; x_wconf 80' lang='grc' dir='ltr'>πυρὶ</span> <span class='ocrx_word' id='word_1_439' title='bbox 648 5237 879 5291; x_wconf 81' lang='grc' dir='ltr'>ἀπώλετο</span> <span class='ocrx_word' id='word_1_440' title='bbox 922 5259 936 5272; x_wconf 90' lang='grc'><strong>·</strong></span> <span class='ocrx_word' id='word_1_441' title='bbox 995 5240 1182 5311; x_wconf 77' lang='grc' dir='ltr'>ὁμοίως</span> <span class='ocrx_word' id='word_1_442' title='bbox 1229 5239 1381 5290; x_wconf 88' lang='grc' dir='ltr'>πάλιν</span> <span class='ocrx_word' id='word_1_443' title='bbox 1412 5241 1460 5291; x_wconf 79' lang='grc' dir='ltr'>ἐν</span> <span class='ocrx_word' id='word_1_444' title='bbox 1499 5246 1560 5310; x_wconf 77' lang='grc' dir='ltr'>τῇ</span> <span class='ocrx_word' id='word_1_445' title='bbox 1625 5238 1864 5310; x_wconf 76' lang='grc' dir='ltr'>θαλάσσῃ</span> 
     </span>
    </p>
   </div>
   <div class='ocr_carea' id='block_1_63' title="bbox 1965 522 3623 590">
    <p class='ocr_par' dir='ltr' id='par_1_63' title="bbox 1965 522 3623 590">
     <span class='ocr_line' id='line_1_63' title="bbox 1965 522 3623 590; baseline 0.002 -18"><span class='ocrx_word' id='word_1_446' title='bbox 1965 533 2153 588; x_wconf 87' lang='lat' dir='ltr'><strong>parvo</strong></span> <span class='ocrx_word' id='word_1_447' title='bbox 2194 524 2296 572; x_wconf 89' lang='lat' dir='ltr'><strong>aut</strong></span> <span class='ocrx_word' id='word_1_448' title='bbox 2340 533 2559 587; x_wconf 87' lang='lat' dir='ltr'><strong>magno</strong></span> <span class='ocrx_word' id='word_1_449' title='bbox 2595 522 2806 575; x_wconf 89' lang='lat' dir='ltr'><strong>mundi</strong></span> <span class='ocrx_word' id='word_1_450' title='bbox 2859 522 3094 577; x_wconf 80' lang='lat' dir='ltr'><strong>Vinculo</strong></span> <span class='ocrx_word' id='word_1_451' title='bbox 3145 523 3456 590; x_wconf 73' lang='lat' dir='ltr'><strong>detinetur,</strong></span> <span class='ocrx_word' id='word_1_452' title='bbox 3507 524 3623 577; x_wconf 89' lang='lat' dir='ltr'><strong>hoc</strong></span> 
     </span>
    </p>
   </div>
   <div class='ocr_carea' id='block_1_64' title="bbox 1971 607 3622 680">
    <p class='ocr_par' dir='ltr' id='par_1_64' title="bbox 1971 607 3622 680">
     <span class='ocr_line' id='line_1_64' title="bbox 1971 607 3622 680; baseline 0.002 -21"><span class='ocrx_word' id='word_1_453' title='bbox 1971 607 2312 677; x_wconf 71' lang='lat' dir='ltr'><strong>possidetur</strong></span> <span class='ocrx_word' id='word_1_454' title='bbox 2338 623 2446 661; x_wconf 92' lang='lat' dir='ltr'><strong>nec</strong></span> <span class='ocrx_word' id='word_1_455' title='bbox 2477 610 2686 663; x_wconf 77' lang='lat' dir='ltr'><strong>sinitur</strong></span> <span class='ocrx_word' id='word_1_456' title='bbox 2703 626 3034 680; x_wconf 77' lang='lat' dir='ltr'><strong>assurgere.</strong></span> <span class='ocrx_word' id='word_1_457' title='bbox 3061 612 3408 666; x_wconf 87' lang='lat' dir='ltr'><strong>Passionem</strong></span> <span class='ocrx_word' id='word_1_458' title='bbox 3435 614 3622 676; x_wconf 80' lang='lat' dir='ltr'><strong>enini,</strong></span> 
     </span>
    </p>
   </div>
   <div class='ocr_carea' id='block_1_65' title="bbox 1966 700 3626 770">
    <p class='ocr_par' dir='ltr' id='par_1_65' title="bbox 1966 700 3626 770">
     <span class='ocr_line' id='line_1_65' title="bbox 1966 700 3626 770; baseline 0.002 -20"><span class='ocrx_word' id='word_1_459' title='bbox 1966 703 2171 752; x_wconf 90' lang='lat' dir='ltr'><strong>contra</strong></span> <span class='ocrx_word' id='word_1_460' title='bbox 2204 712 2390 766; x_wconf 87' lang='lat' dir='ltr'><strong>quam</strong></span> <span class='ocrx_word' id='word_1_461' title='bbox 2421 705 2604 752; x_wconf 84' lang='lat' dir='ltr'><strong>homo</strong></span> <span class='ocrx_word' id='word_1_462' title='bbox 2642 714 2762 753; x_wconf 90' lang='lat' dir='ltr'><strong>non</strong></span> <span class='ocrx_word' id='word_1_463' title='bbox 2797 709 3025 770; x_wconf 89' lang='lat' dir='ltr'><strong>pugnat</strong></span> <span class='ocrx_word' id='word_1_464' title='bbox 3054 702 3311 765; x_wconf 73' lang='lat' dir='ltr'><strong>viriliter,</strong></span> <span class='ocrx_word' id='word_1_465' title='bbox 3341 700 3505 755; x_wconf 82' lang='lat' dir='ltr'><strong>illam</strong></span> <span class='ocrx_word' id='word_1_466' title='bbox 3539 701 3626 754; x_wconf 88' lang='lat' dir='ltr'><strong>di-</strong></span> 
     </span>
    </p>
   </div>
   <div class='ocr_carea' id='block_1_66' title="bbox 1967 785 3629 861">
    <p class='ocr_par' dir='ltr' id='par_1_66' title="bbox 1967 785 3629 861">
     <span class='ocr_line' id='line_1_66' title="bbox 1967 785 3629 861; baseline 0.002 -21"><span class='ocrx_word' id='word_1_467' title='bbox 1967 785 2092 854; x_wconf 91' lang='lat' dir='ltr'><strong>ligit</strong></span> <span class='ocrx_word' id='word_1_468' title='bbox 2122 801 2136 848; x_wconf 88' lang='lat'><strong>;</strong></span> <span class='ocrx_word' id='word_1_469' title='bbox 2173 795 2227 839; x_wconf 91' lang='lat' dir='ltr'><strong>et</strong></span> <span class='ocrx_word' id='word_1_470' title='bbox 2257 786 2357 838; x_wconf 89' lang='lat' dir='ltr'><strong>illa</strong></span> <span class='ocrx_word' id='word_1_471' title='bbox 2394 785 2555 840; x_wconf 86' lang='lat' dir='ltr'><strong>hunc</strong></span> <span class='ocrx_word' id='word_1_472' title='bbox 2601 791 2945 844; x_wconf 79' lang='lat' dir='ltr'><strong>dominatur</strong></span> <span class='ocrx_word' id='word_1_473' title='bbox 2972 790 3629 861; x_wconf 81' lang='lat' dir='ltr'><strong>etapprimit,ﬁteiim-</strong></span> 
     </span>
    </p>
   </div>
   <div class='ocr_carea' id='block_1_67' title="bbox 1969 877 3624 945">
    <p class='ocr_par' dir='ltr' id='par_1_67' title="bbox 1969 877 3624 945">
     <span class='ocr_line' id='line_1_67' title="bbox 1969 877 3624 945; baseline 0.002 -17"><span class='ocrx_word' id='word_1_474' title='bbox 1969 877 2378 945; x_wconf 86' lang='lat' dir='ltr'><strong>pedimentum</strong></span> <span class='ocrx_word' id='word_1_475' title='bbox 2409 881 2464 928; x_wconf 89' lang='lat' dir='ltr'><strong>et</strong></span> <span class='ocrx_word' id='word_1_476' title='bbox 2491 887 2721 940; x_wconf 91' lang='lat' dir='ltr'><strong>catena,</strong></span> <span class='ocrx_word' id='word_1_477' title='bbox 2747 894 2820 932; x_wconf 92' lang='lat' dir='ltr'><strong>ne</strong></span> <span class='ocrx_word' id='word_1_478' title='bbox 2843 887 3105 933; x_wconf 89' lang='lat' dir='ltr'><strong>mentem</strong></span> <span class='ocrx_word' id='word_1_479' title='bbox 3139 895 3311 934; x_wconf 88' lang='lat' dir='ltr'><strong>suam</strong></span> <span class='ocrx_word' id='word_1_480' title='bbox 3334 881 3411 933; x_wconf 93' lang='lat' dir='ltr'><strong>ad</strong></span> <span class='ocrx_word' id='word_1_481' title='bbox 3435 879 3624 933; x_wconf 88' lang='lat' dir='ltr'><strong>Deum</strong></span> 
     </span>
    </p>
   </div>
   <div class='ocr_carea' id='block_1_68' title="bbox 1967 963 3624 1038">
    <p class='ocr_par' dir='ltr' id='par_1_68' title="bbox 1967 963 3624 1038">
     <span class='ocr_line' id='line_1_68' title="bbox 1967 963 3624 1038; baseline 0.002 -20"><span class='ocrx_word' id='word_1_482' title='bbox 1967 963 2204 1032; x_wconf 80' lang='lat' dir='ltr'><strong>dirigat,</strong></span> <span class='ocrx_word' id='word_1_483' title='bbox 2229 979 2338 1016; x_wconf 92' lang='lat' dir='ltr'><strong>nec</strong></span> <span class='ocrx_word' id='word_1_484' title='bbox 2369 965 2446 1017; x_wconf 85' lang='lat' dir='ltr'><strong>illi</strong></span> <span class='ocrx_word' id='word_1_485' title='bbox 2477 966 2865 1037; x_wconf 88' lang='lat' dir='ltr'><strong>complaceat,</strong></span> <span class='ocrx_word' id='word_1_486' title='bbox 2893 983 3088 1038; x_wconf 88' lang='lat' dir='ltr'><strong>neque</strong></span> <span class='ocrx_word' id='word_1_487' title='bbox 3118 968 3199 1022; x_wconf 90' lang='lat' dir='ltr'><strong>illi</strong></span> <span class='ocrx_word' id='word_1_488' title='bbox 3227 968 3336 1023; x_wconf 91' lang='lat' dir='ltr'><strong>soli</strong></span> <span class='ocrx_word' id='word_1_489' title='bbox 3361 971 3624 1023; x_wconf 88' lang='lat' dir='ltr'><strong>serviens</strong></span> 
     </span>
    </p>
   </div>
   <div class='ocr_carea' id='block_1_69' title="bbox 1967 1054 3624 1128">
    <p class='ocr_par' dir='ltr' id='par_1_69' title="bbox 1967 1054 3624 1128">
     <span class='ocr_line' id='line_1_69' title="bbox 1967 1054 3624 1128; baseline 0.002 -21"><span class='ocrx_word' id='word_1_490' title='bbox 1967 1068 2217 1123; x_wconf 81' lang='lat' dir='ltr'><strong>regnum</strong></span> <span class='ocrx_word' id='word_1_491' title='bbox 2250 1054 2516 1107; x_wconf 84' lang='lat' dir='ltr'><strong>obtineat</strong></span> <span class='ocrx_word' id='word_1_492' title='bbox 2550 1063 2603 1108; x_wconf 89' lang='lat' dir='ltr'><strong>et</strong></span> <span class='ocrx_word' id='word_1_493' title='bbox 2629 1055 2705 1109; x_wconf 91' lang='lat' dir='ltr'><strong>ad</strong></span> <span class='ocrx_word' id='word_1_494' title='bbox 2751 1057 2926 1110; x_wconf 81' lang='lat' dir='ltr'><strong>vitam</strong></span> <span class='ocrx_word' id='word_1_495' title='bbox 2976 1064 3260 1112; x_wconf 58' lang='lat' dir='ltr'><strong>aeternam</strong></span> <span class='ocrx_word' id='word_1_496' title='bbox 3300 1060 3624 1128; x_wconf 86' lang='lat' dir='ltr'><strong>perveniat.</strong></span> 
     </span>
    </p>
   </div>
   <div class='ocr_carea' id='block_1_70' title="bbox 1967 1142 3626 1215">
    <p class='ocr_par' dir='ltr' id='par_1_70' title="bbox 1967 1142 3626 1215">
     <span class='ocr_line' id='line_1_70' title="bbox 1967 1142 3626 1215; baseline 0.004 -21"><span class='ocrx_word' id='word_1_497' title='bbox 1967 1142 2182 1194; x_wconf 79' lang='lat' dir='ltr'><strong>Anima</strong></span> <span class='ocrx_word' id='word_1_498' title='bbox 2209 1142 2369 1195; x_wconf 88' lang='lat' dir='ltr'><strong>enim</strong></span> <span class='ocrx_word' id='word_1_499' title='bbox 2390 1157 2526 1211; x_wconf 71' lang='lat' dir='ltr'><strong>quae</strong></span> <span class='ocrx_word' id='word_1_500' title='bbox 2559 1157 2690 1196; x_wconf 87' lang='lat' dir='ltr'><strong>vere</strong></span> <span class='ocrx_word' id='word_1_501' title='bbox 2720 1145 2796 1198; x_wconf 91' lang='lat' dir='ltr'><strong>ad</strong></span> <span class='ocrx_word' id='word_1_502' title='bbox 2832 1144 3152 1200; x_wconf 89' lang='lat' dir='ltr'><strong>Dominum</strong></span> <span class='ocrx_word' id='word_1_503' title='bbox 3181 1146 3473 1215; x_wconf 87' lang='lat' dir='ltr'><strong>dirigitur,</strong></span> <span class='ocrx_word' id='word_1_504' title='bbox 3500 1152 3626 1200; x_wconf 88' lang='lat' dir='ltr'><strong>tota</strong></span> 
     </span>
    </p>
   </div>
   <div class='ocr_carea' id='block_1_71' title="bbox 1969 1230 3631 1300">
    <p class='ocr_par' dir='ltr' id='par_1_71' title="bbox 1969 1230 3631 1300">
     <span class='ocr_line' id='line_1_71' title="bbox 1969 1230 3631 1300; baseline 0.004 -17"><span class='ocrx_word' id='word_1_505' title='bbox 1969 1230 2219 1284; x_wconf 90' lang='lat' dir='ltr'><strong>omnino</strong></span> <span class='ocrx_word' id='word_1_506' title='bbox 2259 1246 2429 1284; x_wconf 90' lang='lat' dir='ltr'><strong>suam</strong></span> <span class='ocrx_word' id='word_1_507' title='bbox 2475 1230 2856 1286; x_wconf 82' lang='lat' dir='ltr'><strong>dilectionem</strong></span> <span class='ocrx_word' id='word_1_508' title='bbox 2910 1235 2968 1287; x_wconf 92' lang='lat' dir='ltr'><strong>in</strong></span> <span class='ocrx_word' id='word_1_509' title='bbox 3010 1233 3178 1288; x_wconf 89' lang='lat' dir='ltr'><strong>illum</strong></span> <span class='ocrx_word' id='word_1_510' title='bbox 3228 1236 3544 1300; x_wconf 81' lang='lat' dir='ltr'><strong>contrahit,</strong></span> <span class='ocrx_word' id='word_1_511' title='bbox 3575 1241 3631 1289; x_wconf 89' lang='lat' dir='ltr'><strong>et</strong></span> 
     </span>
    </p>
   </div>
   <div class='ocr_carea' id='block_1_72' title="bbox 1971 1318 3625 1393">
    <p class='ocr_par' dir='ltr' id='par_1_72' title="bbox 1971 1318 3625 1393">
     <span class='ocr_line' id='line_1_72' title="bbox 1971 1318 3625 1393; baseline 0.004 -23"><span class='ocrx_word' id='word_1_512' title='bbox 1971 1318 2052 1371; x_wconf 89' lang='lat' dir='ltr'><strong>illi</strong></span> <span class='ocrx_word' id='word_1_513' title='bbox 2095 1319 2202 1372; x_wconf 91' lang='lat' dir='ltr'><strong>soli</strong></span> <span class='ocrx_word' id='word_1_514' title='bbox 2235 1334 2304 1371; x_wconf 92' lang='lat' dir='ltr'><strong>ex</strong></span> <span class='ocrx_word' id='word_1_515' title='bbox 2353 1321 2701 1388; x_wconf 86' lang='lat' dir='ltr'><strong>intentione,</strong></span> <span class='ocrx_word' id='word_1_516' title='bbox 2729 1331 3029 1392; x_wconf 89' lang='lat' dir='ltr'><strong>quantum</strong></span> <span class='ocrx_word' id='word_1_517' title='bbox 3077 1331 3288 1393; x_wconf 88' lang='lat' dir='ltr'><strong>potest,</strong></span> <span class='ocrx_word' id='word_1_518' title='bbox 3318 1324 3573 1378; x_wconf 87' lang='lat' dir='ltr'><strong>vincitur</strong></span> <span class='ocrx_word' id='word_1_519' title='bbox 3606 1341 3625 1393; x_wconf 75' lang='lat'><em>;</em></span> 
     </span>
    </p>
   </div>
   <div class='ocr_carea' id='block_1_73' title="bbox 1972 1406 3628 1482">
    <p class='ocr_par' dir='ltr' id='par_1_73' title="bbox 1972 1406 3628 1482">
     <span class='ocr_line' id='line_1_73' title="bbox 1972 1406 3628 1482; baseline 0.003 -21"><span class='ocrx_word' id='word_1_520' title='bbox 1972 1418 2028 1461; x_wconf 89' lang='lat' dir='ltr'><strong>et</strong></span> <span class='ocrx_word' id='word_1_521' title='bbox 2058 1406 2195 1460; x_wconf 87' lang='lat' dir='ltr'><strong>inde</strong></span> <span class='ocrx_word' id='word_1_522' title='bbox 2221 1406 2426 1475; x_wconf 72' lang='lat' dir='ltr'><strong>gratiae</strong></span> <span class='ocrx_word' id='word_1_523' title='bbox 2449 1409 2740 1463; x_wconf 84' lang='lat' dir='ltr'><strong>auxilium</strong></span> <span class='ocrx_word' id='word_1_524' title='bbox 2782 1412 3118 1480; x_wconf 88' lang='lat' dir='ltr'><strong>acquirit,et</strong></span> <span class='ocrx_word' id='word_1_525' title='bbox 3149 1414 3412 1482; x_wconf 86' lang='lat' dir='ltr'><strong>seipsam</strong></span> <span class='ocrx_word' id='word_1_526' title='bbox 3443 1412 3628 1466; x_wconf 89' lang='lat' dir='ltr'><strong>abne-</strong></span> 
     </span>
    </p>
   </div>
   <div class='ocr_carea' id='block_1_74' title="bbox 1972 1495 3632 1571">
    <p class='ocr_par' dir='ltr' id='par_1_74' title="bbox 1972 1495 3632 1571">
     <span class='ocr_line' id='line_1_74' title="bbox 1972 1495 3632 1571; baseline 0.004 -22"><span class='ocrx_word' id='word_1_527' title='bbox 1972 1502 2093 1564; x_wconf 88' lang='lat' dir='ltr'><strong>gat,</strong></span> <span class='ocrx_word' id='word_1_528' title='bbox 2122 1502 2179 1549; x_wconf 90' lang='lat' dir='ltr'><strong>et</strong></span> <span class='ocrx_word' id='word_1_529' title='bbox 2205 1495 2490 1550; x_wconf 87' lang='lat' dir='ltr'><strong>voluntati</strong></span> <span class='ocrx_word' id='word_1_530' title='bbox 2523 1498 2736 1550; x_wconf 87' lang='lat' dir='ltr'><strong>mentis</strong></span> <span class='ocrx_word' id='word_1_531' title='bbox 2769 1515 2892 1552; x_wconf 61' lang='lat' dir='ltr'><strong>sure</strong></span> <span class='ocrx_word' id='word_1_532' title='bbox 2923 1516 3042 1554; x_wconf 93' lang='lat' dir='ltr'><strong>non</strong></span> <span class='ocrx_word' id='word_1_533' title='bbox 3066 1501 3462 1570; x_wconf 87' lang='lat' dir='ltr'><strong>obtemperat,</strong></span> <span class='ocrx_word' id='word_1_534' title='bbox 3485 1500 3632 1571; x_wconf 85' lang='lat' dir='ltr'><strong>quia</strong></span> 
     </span>
    </p>
   </div>
   <div class='ocr_carea' id='block_1_75' title="bbox 1973 1585 3634 1659">
    <p class='ocr_par' dir='ltr' id='par_1_75' title="bbox 1973 1585 3634 1659">
     <span class='ocr_line' id='line_1_75' title="bbox 1973 1585 3634 1659; baseline 0.005 -23"><span class='ocrx_word' id='word_1_535' title='bbox 1973 1585 2033 1638; x_wconf 89' lang='lat' dir='ltr'><strong>in</strong></span> <span class='ocrx_word' id='word_1_536' title='bbox 2083 1586 2255 1638; x_wconf 89' lang='lat' dir='ltr'><strong>nobis</strong></span> <span class='ocrx_word' id='word_1_537' title='bbox 2286 1601 2391 1655; x_wconf 90' lang='lat' dir='ltr'><strong>per</strong></span> <span class='ocrx_word' id='word_1_538' title='bbox 2421 1586 2690 1640; x_wconf 83' lang='lat' dir='ltr'><strong>fraudem</strong></span> <span class='ocrx_word' id='word_1_539' title='bbox 2722 1589 2990 1643; x_wconf 87' lang='lat' dir='ltr'><strong>ambulat</strong></span> <span class='ocrx_word' id='word_1_540' title='bbox 3025 1590 3546 1659; x_wconf 86' lang='lat' dir='ltr'><strong>perconcomitans</strong></span> <span class='ocrx_word' id='word_1_541' title='bbox 3577 1596 3634 1644; x_wconf 88' lang='lat' dir='ltr'><strong>et</strong></span> 
     </span>
    </p>
   </div>
   <div class='ocr_carea' id='block_1_76' title="bbox 1975 1673 3635 1748">
    <p class='ocr_par' dir='ltr' id='par_1_76' title="bbox 1975 1673 3635 1748">
     <span class='ocr_line' id='line_1_76' title="bbox 1975 1673 3635 1748; baseline 0.003 -21"><span class='ocrx_word' id='word_1_542' title='bbox 1975 1673 2265 1728; x_wconf 88' lang='lat' dir='ltr'><strong>seducens</strong></span> <span class='ocrx_word' id='word_1_543' title='bbox 2296 1674 2525 1728; x_wconf 84' lang='lat' dir='ltr'><strong>malum</strong></span> <span class='ocrx_word' id='word_1_544' title='bbox 2554 1691 2568 1740; x_wconf 86' lang='lat'>;</span> <span class='ocrx_word' id='word_1_545' title='bbox 2604 1679 2708 1729; x_wconf 87' lang='lat' dir='ltr'><strong>sed</strong></span> <span class='ocrx_word' id='word_1_546' title='bbox 2743 1680 2924 1731; x_wconf 87' lang='lat' dir='ltr'><strong>verbo</strong></span> <span class='ocrx_word' id='word_1_547' title='bbox 2956 1676 3192 1732; x_wconf 88' lang='lat' dir='ltr'><strong>Domini</strong></span> <span class='ocrx_word' id='word_1_548' title='bbox 3210 1679 3464 1748; x_wconf 81' lang='lat' dir='ltr'><strong>perfecte</strong></span> <span class='ocrx_word' id='word_1_549' title='bbox 3480 1680 3635 1748; x_wconf 89' lang='lat' dir='ltr'><strong>seip-</strong></span> 
     </span>
    </p>
   </div>
   <div class='ocr_carea' id='block_1_77' title="bbox 1901 1763 3628 1855">
    <p class='ocr_par' dir='ltr' id='par_1_77' title="bbox 1901 1763 3628 1855">
     <span class='ocr_line' id='line_1_77' title="bbox 1901 1763 3628 1855; baseline 0.003 -39"><span class='ocrx_word' id='word_1_550' title='bbox 1901 1800 1943 1855; x_wconf 81' lang='lat' dir='ltr'>B</span> <span class='ocrx_word' id='word_1_551' title='bbox 1976 1778 2107 1817; x_wconf 89' lang='lat' dir='ltr'><strong>sam</strong></span> <span class='ocrx_word' id='word_1_552' title='bbox 2135 1763 2596 1832; x_wconf 85' lang='lat' dir='ltr'><strong>permittit,etab</strong></span> <span class='ocrx_word' id='word_1_553' title='bbox 2623 1767 2788 1819; x_wconf 88' lang='lat' dir='ltr'><strong>omni</strong></span> <span class='ocrx_word' id='word_1_554' title='bbox 2821 1766 3282 1822; x_wconf 83' lang='lat' dir='ltr'><strong>visibiliviuculo</strong></span> <span class='ocrx_word' id='word_1_555' title='bbox 3303 1784 3365 1822; x_wconf 91' lang='lat' dir='ltr'><strong>se</strong></span> <span class='ocrx_word' id='word_1_556' title='bbox 3394 1767 3628 1837; x_wconf 87' lang='lat' dir='ltr'><strong>liberat,</strong></span> 
     </span>
    </p>
   </div>
   <div class='ocr_carea' id='block_1_78' title="bbox 1975 1853 3629 1925">
    <p class='ocr_par' dir='ltr' id='par_1_78' title="bbox 1975 1853 3629 1925">
     <span class='ocr_line' id='line_1_78' title="bbox 1975 1853 3629 1925; baseline 0.004 -20"><span class='ocrx_word' id='word_1_557' title='bbox 1975 1868 2010 1922; x_wconf 93' lang='lat' dir='ltr'><strong>q</strong></span> <span class='ocrx_word' id='word_1_558' title='bbox 2023 1859 2268 1906; x_wconf 86' lang='lat' dir='ltr'><strong>uantum</strong></span> <span class='ocrx_word' id='word_1_559' title='bbox 2283 1868 2354 1906; x_wconf 91' lang='lat' dir='ltr'><strong>ex</strong></span> <span class='ocrx_word' id='word_1_560' title='bbox 2369 1853 2672 1908; x_wconf 86' lang='lat' dir='ltr'><strong>voluntate</strong></span> <span class='ocrx_word' id='word_1_561' title='bbox 2685 1855 2972 1925; x_wconf 86' lang='lat' dir='ltr'><strong>possibile</strong></span> <span class='ocrx_word' id='word_1_562' title='bbox 2989 1864 3162 1921; x_wconf 91' lang='lat' dir='ltr'><strong>est,et</strong></span> <span class='ocrx_word' id='word_1_563' title='bbox 3175 1856 3427 1910; x_wconf 90' lang='lat' dir='ltr'><strong>Domino</strong></span> <span class='ocrx_word' id='word_1_564' title='bbox 3443 1864 3629 1911; x_wconf 89' lang='lat' dir='ltr'><strong>totam</strong></span> 
     </span>
    </p>
   </div>
   <div class='ocr_carea' id='block_1_79' title="bbox 1975 1941 3632 2013">
    <p class='ocr_par' dir='ltr' id='par_1_79' title="bbox 1975 1941 3632 2013">
     <span class='ocr_line' id='line_1_79' title="bbox 1975 1941 3632 2013; baseline 0.003 -19"><span class='ocrx_word' id='word_1_565' title='bbox 1975 1941 2224 1995; x_wconf 89' lang='lat' dir='ltr'><strong>omnino</strong></span> <span class='ocrx_word' id='word_1_566' title='bbox 2255 1942 2642 2013; x_wconf 85' lang='lat' dir='ltr'><strong>semetipsam</strong></span> <span class='ocrx_word' id='word_1_567' title='bbox 2670 1947 2792 2008; x_wconf 87' lang='lat' dir='ltr'><strong>dat,</strong></span> <span class='ocrx_word' id='word_1_568' title='bbox 2826 1946 2980 1998; x_wconf 87' lang='lat' dir='ltr'><strong>etita</strong></span> <span class='ocrx_word' id='word_1_569' title='bbox 3007 1946 3363 2013; x_wconf 77' lang='lat' dir='ltr'><strong>pet-transire</strong></span> <span class='ocrx_word' id='word_1_570' title='bbox 3389 1944 3632 1999; x_wconf 76' lang='lat' dir='ltr'><strong>feliciter</strong></span> 
     </span>
    </p>
   </div>
   <div class='ocr_carea' id='block_1_80' title="bbox 1977 2031 3636 2100">
    <p class='ocr_par' dir='ltr' id='par_1_80' title="bbox 1977 2031 3636 2100">
     <span class='ocr_line' id='line_1_80' title="bbox 1977 2031 3636 2100; baseline 0.001 -16"><span class='ocrx_word' id='word_1_571' title='bbox 1977 2031 2188 2100; x_wconf 88' lang='lat' dir='ltr'><strong>poterit</strong></span> <span class='ocrx_word' id='word_1_572' title='bbox 2219 2046 2473 2100; x_wconf 89' lang='lat' dir='ltr'><strong>pugnas,</strong></span> <span class='ocrx_word' id='word_1_573' title='bbox 2504 2031 2739 2086; x_wconf 85' lang='lat' dir='ltr'><strong>labores</strong></span> <span class='ocrx_word' id='word_1_574' title='bbox 2764 2040 2822 2086; x_wconf 90' lang='lat' dir='ltr'><strong>et</strong></span> <span class='ocrx_word' id='word_1_575' title='bbox 2845 2047 3165 2088; x_wconf 70' lang='lat' dir='ltr'><strong>aerumnas.</strong></span> <span class='ocrx_word' id='word_1_576' title='bbox 3189 2033 3293 2087; x_wconf 90' lang='lat' dir='ltr'><strong>Ubi</strong></span> <span class='ocrx_word' id='word_1_577' title='bbox 3311 2033 3470 2088; x_wconf 89' lang='lat' dir='ltr'><strong>enim</strong></span> <span class='ocrx_word' id='word_1_578' title='bbox 3502 2031 3636 2087; x_wconf 87' lang='lat' dir='ltr'><strong>dili-</strong></span> 
     </span>
    </p>
   </div>
   <div class='ocr_carea' id='block_1_81' title="bbox 1977 2120 3634 2192">
    <p class='ocr_par' dir='ltr' id='par_1_81' title="bbox 1977 2120 3634 2192">
     <span class='ocr_line' id='line_1_81' title="bbox 1977 2120 3634 2192; baseline 0.001 -20"><span class='ocrx_word' id='word_1_579' title='bbox 1977 2127 2155 2187; x_wconf 88' lang='lat' dir='ltr'><strong>gitur,</strong></span> <span class='ocrx_word' id='word_1_580' title='bbox 2200 2121 2338 2172; x_wconf 91' lang='lat' dir='ltr'><strong>inde</strong></span> <span class='ocrx_word' id='word_1_581' title='bbox 2369 2120 2656 2174; x_wconf 79' lang='lat' dir='ltr'><strong>auxilium</strong></span> <span class='ocrx_word' id='word_1_582' title='bbox 2701 2123 2930 2176; x_wconf 88' lang='lat' dir='ltr'><strong>venitet</strong></span> <span class='ocrx_word' id='word_1_583' title='bbox 2961 2122 3097 2176; x_wconf 90' lang='lat' dir='ltr'><strong>inde</strong></span> <span class='ocrx_word' id='word_1_584' title='bbox 3130 2121 3367 2192; x_wconf 89' lang='lat' dir='ltr'><strong>pondus</strong></span> <span class='ocrx_word' id='word_1_585' title='bbox 3397 2121 3555 2176; x_wconf 90' lang='lat' dir='ltr'><strong>venit</strong></span> <span class='ocrx_word' id='word_1_586' title='bbox 3583 2121 3634 2175; x_wconf 89' lang='lat' dir='ltr'><strong>si</strong></span> 
     </span>
    </p>
   </div>
   <div class='ocr_carea' id='block_1_82' title="bbox 1977 2208 3631 2281">
    <p class='ocr_par' dir='ltr' id='par_1_82' title="bbox 1977 2208 3631 2281">
     <span class='ocr_line' id='line_1_82' title="bbox 1977 2208 3631 2281; baseline 0.002 -20"><span class='ocrx_word' id='word_1_587' title='bbox 1977 2208 2122 2278; x_wconf 90' lang='lat' dir='ltr'><strong>quid</strong></span> <span class='ocrx_word' id='word_1_588' title='bbox 2149 2224 2181 2263; x_wconf 92' lang='lat' dir='ltr'><strong>e</strong></span> <span class='ocrx_word' id='word_1_589' title='bbox 2212 2209 2443 2262; x_wconf 89' lang='lat' dir='ltr'><strong>mundo</strong></span> <span class='ocrx_word' id='word_1_590' title='bbox 2468 2208 2660 2277; x_wconf 86' lang='lat' dir='ltr'><strong>diligit</strong></span> <span class='ocrx_word' id='word_1_591' title='bbox 2679 2211 2884 2274; x_wconf 92' lang='lat' dir='ltr'><strong>homo,</strong></span> <span class='ocrx_word' id='word_1_592' title='bbox 2918 2212 3032 2265; x_wconf 84' lang='lat' dir='ltr'><strong>hoc</strong></span> <span class='ocrx_word' id='word_1_593' title='bbox 3071 2210 3277 2281; x_wconf 88' lang='lat' dir='ltr'><strong>ipsum</strong></span> <span class='ocrx_word' id='word_1_594' title='bbox 3305 2213 3369 2265; x_wconf 90' lang='lat' dir='ltr'><strong>lit</strong></span> <span class='ocrx_word' id='word_1_595' title='bbox 3389 2210 3472 2265; x_wconf 89' lang='lat' dir='ltr'><strong>illi</strong></span> <span class='ocrx_word' id='word_1_596' title='bbox 3495 2226 3631 2265; x_wconf 91' lang='lat' dir='ltr'><strong>sar-</strong></span> 
     </span>
    </p>
   </div>
   <div class='ocr_carea' id='block_1_83' title="bbox 1979 2297 3631 2363">
    <p class='ocr_par' dir='ltr' id='par_1_83' title="bbox 1979 2297 3631 2363">
     <span class='ocr_line' id='line_1_83' title="bbox 1979 2297 3631 2363; baseline 0.002 -13"><span class='ocrx_word' id='word_1_597' title='bbox 1979 2301 2114 2352; x_wconf 87' lang='lat' dir='ltr'><strong>cina</strong></span> <span class='ocrx_word' id='word_1_598' title='bbox 2140 2298 2191 2352; x_wconf 91' lang='lat' dir='ltr'><strong>ei</strong></span> <span class='ocrx_word' id='word_1_599' title='bbox 2226 2297 2460 2352; x_wconf 90' lang='lat' dir='ltr'><strong>vincula</strong></span> <span class='ocrx_word' id='word_1_600' title='bbox 2492 2297 2773 2352; x_wconf 84' lang='lat' dir='ltr'><strong>deorsum</strong></span> <span class='ocrx_word' id='word_1_601' title='bbox 2810 2300 3198 2363; x_wconf 89' lang='lat' dir='ltr'><strong>demittentia,</strong></span> <span class='ocrx_word' id='word_1_602' title='bbox 3234 2316 3340 2354; x_wconf 91' lang='lat' dir='ltr'><strong>nec</strong></span> <span class='ocrx_word' id='word_1_603' title='bbox 3391 2315 3631 2354; x_wconf 89' lang='lat' dir='ltr'><strong>sursum</strong></span> 
     </span>
    </p>
   </div>
   <div class='ocr_carea' id='block_1_84' title="bbox 1980 2387 3635 2457">
    <p class='ocr_par' dir='ltr' id='par_1_84' title="bbox 1980 2387 3635 2457">
     <span class='ocr_line' id='line_1_84' title="bbox 1980 2387 3635 2457; baseline 0.001 -17"><span class='ocrx_word' id='word_1_604' title='bbox 1980 2387 2378 2457; x_wconf 90' lang='lat' dir='ltr'><strong>permittentia</strong></span> <span class='ocrx_word' id='word_1_605' title='bbox 2416 2387 2494 2440; x_wconf 90' lang='lat' dir='ltr'><strong>ad</strong></span> <span class='ocrx_word' id='word_1_606' title='bbox 2528 2389 2711 2441; x_wconf 88' lang='lat' dir='ltr'><strong>Deum</strong></span> <span class='ocrx_word' id='word_1_607' title='bbox 2745 2403 2809 2441; x_wconf 92' lang='lat' dir='ltr'><strong>se</strong></span> <span class='ocrx_word' id='word_1_608' title='bbox 2840 2387 3145 2454; x_wconf 87' lang='lat' dir='ltr'><strong>attollere;</strong></span> <span class='ocrx_word' id='word_1_609' title='bbox 3172 2387 3262 2443; x_wconf 88' lang='lat' dir='ltr'><strong>sin</strong></span> <span class='ocrx_word' id='word_1_610' title='bbox 3287 2396 3488 2444; x_wconf 87' lang='lat' dir='ltr'><strong>autem</strong></span> <span class='ocrx_word' id='word_1_611' title='bbox 3521 2388 3635 2442; x_wconf 90' lang='lat' dir='ltr'><strong>Do-</strong></span> 
     </span>
    </p>
   </div>
   <div class='ocr_carea' id='block_1_85' title="bbox 1980 2476 3631 2545">
    <p class='ocr_par' dir='ltr' id='par_1_85' title="bbox 1980 2476 3631 2545">
     <span class='ocr_line' id='line_1_85' title="bbox 1980 2476 3631 2545; baseline 0.002 -17"><span class='ocrx_word' id='word_1_612' title='bbox 1980 2476 2213 2529; x_wconf 90' lang='lat' dir='ltr'><strong>minum</strong></span> <span class='ocrx_word' id='word_1_613' title='bbox 2234 2483 2288 2529; x_wconf 86' lang='lat' dir='ltr'><strong>et</strong></span> <span class='ocrx_word' id='word_1_614' title='bbox 2327 2476 2458 2544; x_wconf 89' lang='lat' dir='ltr'><strong>ejus</strong></span> <span class='ocrx_word' id='word_1_615' title='bbox 2499 2476 2786 2531; x_wconf 90' lang='lat' dir='ltr'><strong>mandata</strong></span> <span class='ocrx_word' id='word_1_616' title='bbox 2815 2477 3022 2545; x_wconf 89' lang='lat' dir='ltr'><strong>diligit,</strong></span> <span class='ocrx_word' id='word_1_617' title='bbox 3057 2479 3194 2531; x_wconf 90' lang='lat' dir='ltr'><strong>inde</strong></span> <span class='ocrx_word' id='word_1_618' title='bbox 3226 2476 3516 2532; x_wconf 82' lang='lat' dir='ltr'><strong>auxilium</strong></span> <span class='ocrx_word' id='word_1_619' title='bbox 3534 2492 3631 2531; x_wconf 86' lang='lat' dir='ltr'><strong>re—</strong></span> 
     </span>
    </p>
   </div>
   <div class='ocr_carea' id='block_1_86' title="bbox 1978 2563 3635 2634">
    <p class='ocr_par' dir='ltr' id='par_1_86' title="bbox 1978 2563 3635 2634">
     <span class='ocr_line' id='line_1_86' title="bbox 1978 2563 3635 2634; baseline 0.001 -18"><span class='ocrx_word' id='word_1_620' title='bbox 1978 2563 2137 2633; x_wconf 87' lang='lat' dir='ltr'><strong>cipit,</strong></span> <span class='ocrx_word' id='word_1_621' title='bbox 2180 2563 2320 2616; x_wconf 88' lang='lat' dir='ltr'><strong>inde</strong></span> <span class='ocrx_word' id='word_1_622' title='bbox 2351 2563 2695 2627; x_wconf 87' lang='lat' dir='ltr'><strong>sustinetur,</strong></span> <span class='ocrx_word' id='word_1_623' title='bbox 2737 2569 2794 2618; x_wconf 88' lang='lat' dir='ltr'><strong>et</strong></span> <span class='ocrx_word' id='word_1_624' title='bbox 2833 2567 3112 2634; x_wconf 88' lang='lat' dir='ltr'><strong>expedita</strong></span> <span class='ocrx_word' id='word_1_625' title='bbox 3142 2565 3222 2618; x_wconf 90' lang='lat' dir='ltr'><strong>illi</strong></span> <span class='ocrx_word' id='word_1_626' title='bbox 3244 2565 3448 2618; x_wconf 90' lang='lat' dir='ltr'><strong>omnia</strong></span> <span class='ocrx_word' id='word_1_627' title='bbox 3479 2565 3635 2618; x_wconf 83' lang='lat' dir='ltr'><strong>ﬁunt</strong></span> 
     </span>
    </p>
   </div>
   <div class='ocr_carea' id='block_1_87' title="bbox 1981 2651 3625 2722">
    <p class='ocr_par' dir='ltr' id='par_1_87' title="bbox 1981 2651 3625 2722">
     <span class='ocr_line' id='line_1_87' title="bbox 1981 2651 3625 2722; baseline 0.001 -18"><span class='ocrx_word' id='word_1_628' title='bbox 1981 2651 2215 2706; x_wconf 88' lang='lat' dir='ltr'><strong>Domini</strong></span> <span class='ocrx_word' id='word_1_629' title='bbox 2243 2659 2538 2722; x_wconf 67' lang='lat' dir='ltr'><strong>praecepta</strong></span> <span class='ocrx_word' id='word_1_630' title='bbox 2576 2651 2655 2706; x_wconf 90' lang='lat' dir='ltr'><strong>ad</strong></span> <span class='ocrx_word' id='word_1_631' title='bbox 2685 2654 3046 2709; x_wconf 88' lang='lat' dir='ltr'><strong>servandam</strong></span> <span class='ocrx_word' id='word_1_632' title='bbox 3072 2656 3319 2708; x_wconf 89' lang='lat' dir='ltr'><strong>omnino</strong></span> <span class='ocrx_word' id='word_1_633' title='bbox 3365 2669 3538 2707; x_wconf 88' lang='lat' dir='ltr'><strong>suam</strong></span> <span class='ocrx_word' id='word_1_634' title='bbox 3565 2652 3625 2706; x_wconf 90' lang='lat' dir='ltr'><strong>in</strong></span> 
     </span>
    </p>
   </div>
   <div class='ocr_carea' id='block_1_88' title="bbox 1976 2741 3636 2806">
    <p class='ocr_par' dir='ltr' id='par_1_88' title="bbox 1976 2741 3636 2806">
     <span class='ocr_line' id='line_1_88' title="bbox 1976 2741 3636 2806; baseline 0.002 -14"><span class='ocrx_word' id='word_1_635' title='bbox 1976 2741 2296 2795; x_wconf 86' lang='lat' dir='ltr'><strong>Dominum</strong></span> <span class='ocrx_word' id='word_1_636' title='bbox 2314 2741 2712 2806; x_wconf 89' lang='lat' dir='ltr'><strong>dilectionem,</strong></span> <span class='ocrx_word' id='word_1_637' title='bbox 2735 2743 3098 2796; x_wconf 90' lang='lat' dir='ltr'><strong>etinclinant</strong></span> <span class='ocrx_word' id='word_1_638' title='bbox 3117 2742 3192 2797; x_wconf 91' lang='lat' dir='ltr'><strong>ad</strong></span> <span class='ocrx_word' id='word_1_639' title='bbox 3228 2742 3475 2806; x_wconf 90' lang='lat' dir='ltr'><strong>bonum,</strong></span> <span class='ocrx_word' id='word_1_640' title='bbox 3509 2757 3636 2796; x_wconf 88' lang='lat' dir='ltr'><strong>am-</strong></span> 
     </span>
    </p>
   </div>
   <div class='ocr_carea' id='block_1_89' title="bbox 1979 2829 3637 2900">
    <p class='ocr_par' dir='ltr' id='par_1_89' title="bbox 1979 2829 3637 2900">
     <span class='ocr_line' id='line_1_89' title="bbox 1979 2829 3637 2900; baseline 0 -17"><span class='ocrx_word' id='word_1_641' title='bbox 1979 2831 2131 2900; x_wconf 89' lang='lat' dir='ltr'><strong>plius</strong></span> <span class='ocrx_word' id='word_1_642' title='bbox 2162 2838 2363 2884; x_wconf 89' lang='lat' dir='ltr'><strong>autem</strong></span> <span class='ocrx_word' id='word_1_643' title='bbox 2389 2835 2442 2884; x_wconf 89' lang='lat' dir='ltr'><strong>et</strong></span> <span class='ocrx_word' id='word_1_644' title='bbox 2472 2831 2660 2883; x_wconf 88' lang='lat' dir='ltr'><strong>levius</strong></span> <span class='ocrx_word' id='word_1_645' title='bbox 2700 2840 2754 2884; x_wconf 90' lang='lat' dir='ltr'><strong>et</strong></span> <span class='ocrx_word' id='word_1_646' title='bbox 2774 2829 3005 2885; x_wconf 84' lang='lat' dir='ltr'><strong>facilius</strong></span> <span class='ocrx_word' id='word_1_647' title='bbox 3032 2829 3292 2885; x_wconf 74' lang='lat' dir='ltr'><strong>elﬁciunt</strong></span> <span class='ocrx_word' id='word_1_648' title='bbox 3309 2847 3488 2886; x_wconf 90' lang='lat' dir='ltr'><strong>omne</strong></span> <span class='ocrx_word' id='word_1_649' title='bbox 3514 2829 3637 2885; x_wconf 89' lang='lat' dir='ltr'><strong>bel-</strong></span> 
     </span>
    </p>
   </div>
   <div class='ocr_carea' id='block_1_90' title="bbox 1975 2918 3631 2990">
    <p class='ocr_par' dir='ltr' id='par_1_90' title="bbox 1975 2918 3631 2990">
     <span class='ocr_line' id='line_1_90' title="bbox 1975 2918 3631 2990; baseline 0 -18"><span class='ocrx_word' id='word_1_650' title='bbox 1975 2918 2098 2972; x_wconf 83' lang='lat' dir='ltr'><strong>lum</strong></span> <span class='ocrx_word' id='word_1_651' title='bbox 2131 2923 2187 2972; x_wconf 88' lang='lat' dir='ltr'><strong>et</strong></span> <span class='ocrx_word' id='word_1_652' title='bbox 2217 2933 2461 2972; x_wconf 89' lang='lat' dir='ltr'><strong>omnem</strong></span> <span class='ocrx_word' id='word_1_653' title='bbox 2493 2925 2921 2986; x_wconf 66' lang='lat' dir='ltr'><strong>mrumnam,et</strong></span> <span class='ocrx_word' id='word_1_654' title='bbox 2944 2934 3044 2990; x_wconf 91' lang='lat' dir='ltr'><strong>per</strong></span> <span class='ocrx_word' id='word_1_655' title='bbox 3065 2921 3338 2974; x_wconf 89' lang='lat' dir='ltr'><strong>virtutem</strong></span> <span class='ocrx_word' id='word_1_656' title='bbox 3360 2920 3631 2974; x_wconf 90' lang='lat' dir='ltr'><strong>divinam</strong></span> 
     </span>
    </p>
   </div>
   <div class='ocr_carea' id='block_1_91' title="bbox 1978 3005 3638 3077">
    <p class='ocr_par' dir='ltr' id='par_1_91' title="bbox 1978 3005 3638 3077">
     <span class='ocr_line' id='line_1_91' title="bbox 1978 3005 3638 3077; baseline 0 -15"><span class='ocrx_word' id='word_1_657' title='bbox 1978 3008 2271 3062; x_wconf 88' lang='lat' dir='ltr'><strong>mundum</strong></span> <span class='ocrx_word' id='word_1_658' title='bbox 2313 3005 2674 3077; x_wconf 87' lang='lat' dir='ltr'><strong>proﬂigaret,</strong></span> <span class='ocrx_word' id='word_1_659' title='bbox 2708 3014 2765 3062; x_wconf 89' lang='lat' dir='ltr'><strong>et</strong></span> <span class='ocrx_word' id='word_1_660' title='bbox 2795 3007 3035 3062; x_wconf 71' lang='lat' dir='ltr'><strong>malitiae</strong></span> <span class='ocrx_word' id='word_1_661' title='bbox 3096 3008 3269 3072; x_wconf 88' lang='lat' dir='ltr'><strong>vires,</strong></span> <span class='ocrx_word' id='word_1_662' title='bbox 3299 3024 3436 3077; x_wconf 68' lang='lat' dir='ltr'><strong>quas</strong></span> <span class='ocrx_word' id='word_1_663' title='bbox 3453 3009 3512 3062; x_wconf 89' lang='lat' dir='ltr'><strong>in</strong></span> <span class='ocrx_word' id='word_1_664' title='bbox 3537 3007 3638 3062; x_wconf 91' lang='lat' dir='ltr'><strong>illo</strong></span> 
     </span>
    </p>
   </div>
   <div class='ocr_carea' id='block_1_92' title="bbox 1977 3096 3639 3168">
    <p class='ocr_par' dir='ltr' id='par_1_92' title="bbox 1977 3096 3639 3168">
     <span class='ocr_line' id='line_1_92' title="bbox 1977 3096 3639 3168; baseline 0 -17"><span class='ocrx_word' id='word_1_665' title='bbox 1977 3099 2244 3151; x_wconf 86' lang='lat' dir='ltr'><strong>animam</strong></span> <span class='ocrx_word' id='word_1_666' title='bbox 2261 3096 2608 3166; x_wconf 89' lang='lat' dir='ltr'><strong>illaqueant,</strong></span> <span class='ocrx_word' id='word_1_667' title='bbox 2624 3103 2679 3150; x_wconf 93' lang='lat' dir='ltr'><strong>et</strong></span> <span class='ocrx_word' id='word_1_668' title='bbox 2698 3096 3334 3168; x_wconf 75' lang='lat' dir='ltr'><strong>cupiditatumlretibus</strong></span> <span class='ocrx_word' id='word_1_669' title='bbox 3355 3097 3527 3152; x_wconf 88' lang='lat' dir='ltr'><strong>multi</strong></span> <span class='ocrx_word' id='word_1_670' title='bbox 3533 3097 3639 3168; x_wconf 90' lang='lat' dir='ltr'><strong>pli-</strong></span> 
     </span>
    </p>
   </div>
   <div class='ocr_carea' id='block_1_93' title="bbox 1978 3186 3637 3257">
    <p class='ocr_par' dir='ltr' id='par_1_93' title="bbox 1978 3186 3637 3257">
     <span class='ocr_line' id='line_1_93' title="bbox 1978 3186 3637 3257; baseline 0.001 -17"><span class='ocrx_word' id='word_1_671' title='bbox 1978 3186 2136 3241; x_wconf 91' lang='lat' dir='ltr'><strong>cium</strong></span> <span class='ocrx_word' id='word_1_672' title='bbox 2188 3189 2248 3240; x_wconf 92' lang='lat' dir='ltr'><strong>in</strong></span> <span class='ocrx_word' id='word_1_673' title='bbox 2301 3187 2512 3240; x_wconf 90' lang='lat' dir='ltr'><strong>mundi</strong></span> <span class='ocrx_word' id='word_1_674' title='bbox 2563 3190 2788 3257; x_wconf 84' lang='lat' dir='ltr'><strong>abysso</strong></span> <span class='ocrx_word' id='word_1_675' title='bbox 2832 3187 2999 3241; x_wconf 90' lang='lat' dir='ltr'><strong>illum</strong></span> <span class='ocrx_word' id='word_1_676' title='bbox 3055 3187 3420 3253; x_wconf 90' lang='lat' dir='ltr'><strong>devinciunt,</strong></span> <span class='ocrx_word' id='word_1_677' title='bbox 3454 3195 3511 3242; x_wconf 92' lang='lat' dir='ltr'><strong>et</strong></span> <span class='ocrx_word' id='word_1_678' title='bbox 3552 3188 3637 3242; x_wconf 90' lang='lat' dir='ltr'><strong>ita</strong></span> 
     </span>
    </p>
   </div>
   <div class='ocr_carea' id='block_1_94' title="bbox 1977 3276 3640 3346">
    <p class='ocr_par' dir='ltr' id='par_1_94' title="bbox 1977 3276 3640 3346">
     <span class='ocr_line' id='line_1_94' title="bbox 1977 3276 3640 3346; baseline -0.001 -15"><span class='ocrx_word' id='word_1_679' title='bbox 1977 3278 2263 3332; x_wconf 90' lang='lat' dir='ltr'><strong>liberatus</strong></span> <span class='ocrx_word' id='word_1_680' title='bbox 2294 3279 2372 3330; x_wconf 89' lang='lat' dir='ltr'><strong>ab</strong></span> <span class='ocrx_word' id='word_1_681' title='bbox 2401 3277 2485 3330; x_wconf 89' lang='lat' dir='ltr'><strong>eis</strong></span> <span class='ocrx_word' id='word_1_682' title='bbox 2512 3291 2616 3346; x_wconf 89' lang='lat' dir='ltr'><strong>per</strong></span> <span class='ocrx_word' id='word_1_683' title='bbox 2647 3291 2822 3331; x_wconf 90' lang='lat' dir='ltr'><strong>suam</strong></span> <span class='ocrx_word' id='word_1_684' title='bbox 2861 3277 3042 3330; x_wconf 84' lang='lat' dir='ltr'><strong>tidem</strong></span> <span class='ocrx_word' id='word_1_685' title='bbox 3072 3284 3128 3331; x_wconf 89' lang='lat' dir='ltr'><strong>et</strong></span> <span class='ocrx_word' id='word_1_686' title='bbox 3157 3292 3442 3346; x_wconf 85' lang='lat' dir='ltr'><strong>magnam</strong></span> <span class='ocrx_word' id='word_1_687' title='bbox 3480 3276 3640 3331; x_wconf 85' lang='lat' dir='ltr'><strong>forti-</strong></span> 
     </span>
    </p>
   </div>
   <div class='ocr_carea' id='block_1_95' title="bbox 1982 3364 3636 3435">
    <p class='ocr_par' dir='ltr' id='par_1_95' title="bbox 1982 3364 3636 3435">
     <span class='ocr_line' id='line_1_95' title="bbox 1982 3364 3636 3435; baseline 0 -15"><span class='ocrx_word' id='word_1_688' title='bbox 1982 3365 2268 3428; x_wconf 87' lang='lat' dir='ltr'><strong>tudinem,</strong></span> <span class='ocrx_word' id='word_1_689' title='bbox 2325 3369 2382 3419; x_wconf 90' lang='lat' dir='ltr'><strong>et</strong></span> <span class='ocrx_word' id='word_1_690' title='bbox 2431 3379 2534 3435; x_wconf 90' lang='lat' dir='ltr'><strong>per</strong></span> <span class='ocrx_word' id='word_1_691' title='bbox 2586 3366 2823 3419; x_wconf 69' lang='lat' dir='ltr'><strong>coaleste</strong></span> <span class='ocrx_word' id='word_1_692' title='bbox 2881 3364 3193 3430; x_wconf 82' lang='lat' dir='ltr'><strong>auxilium,</strong></span> <span class='ocrx_word' id='word_1_693' title='bbox 3250 3366 3348 3419; x_wconf 92' lang='lat' dir='ltr'><strong>ubi</strong></span> <span class='ocrx_word' id='word_1_694' title='bbox 3410 3364 3636 3433; x_wconf 82' lang='lat' dir='ltr'><strong>dilexit,</strong></span> 
     </span>
    </p>
   </div>
   <div class='ocr_carea' id='block_1_96' title="bbox 1980 3453 3631 3525">
    <p class='ocr_par' dir='ltr' id='par_1_96' title="bbox 1980 3453 3631 3525">
     <span class='ocr_line' id='line_1_96' title="bbox 1980 3453 3631 3525; baseline 0 -17"><span class='ocrx_word' id='word_1_695' title='bbox 1980 3453 2182 3508; x_wconf 68' lang='lat' dir='ltr'><strong>aeterni</strong></span> <span class='ocrx_word' id='word_1_696' title='bbox 2239 3453 2405 3522; x_wconf 90' lang='lat' dir='ltr'><strong>regni</strong></span> <span class='ocrx_word' id='word_1_697' title='bbox 2461 3453 2681 3524; x_wconf 80' lang='lat' dir='ltr'><strong>dignus</strong></span> <span class='ocrx_word' id='word_1_698' title='bbox 2751 3453 3074 3523; x_wconf 87' lang='lat' dir='ltr'><strong>judicatur,</strong></span> <span class='ocrx_word' id='word_1_699' title='bbox 3143 3455 3305 3524; x_wconf 90' lang='lat' dir='ltr'><strong>quod</strong></span> <span class='ocrx_word' id='word_1_700' title='bbox 3385 3456 3631 3525; x_wconf 87' lang='lat' dir='ltr'><strong>propria</strong></span> 
     </span>
    </p>
   </div>
   <div class='ocr_carea' id='block_1_97' title="bbox 1979 3542 3637 3607">
    <p class='ocr_par' dir='ltr' id='par_1_97' title="bbox 1979 3542 3637 3607">
     <span class='ocr_line' id='line_1_97' title="bbox 1979 3542 3637 3607; baseline 0 -10"><span class='ocrx_word' id='word_1_701' title='bbox 1979 3543 2283 3598; x_wconf 88' lang='lat' dir='ltr'><strong>voluntate</strong></span> <span class='ocrx_word' id='word_1_702' title='bbox 2345 3542 2550 3597; x_wconf 84' lang='lat' dir='ltr'><strong>dilexit</strong></span> <span class='ocrx_word' id='word_1_703' title='bbox 2609 3542 2669 3595; x_wconf 91' lang='lat' dir='ltr'><strong>in</strong></span> <span class='ocrx_word' id='word_1_704' title='bbox 2711 3543 2974 3607; x_wconf 87' lang='lat' dir='ltr'><strong>veritate,</strong></span> <span class='ocrx_word' id='word_1_705' title='bbox 3007 3550 3063 3597; x_wconf 90' lang='lat' dir='ltr'><strong>et</strong></span> <span class='ocrx_word' id='word_1_706' title='bbox 3119 3558 3156 3597; x_wconf 89' lang='lat' dir='ltr'><strong>a</strong></span> <span class='ocrx_word' id='word_1_707' title='bbox 3218 3543 3474 3598; x_wconf 88' lang='lat' dir='ltr'><strong>Domino</strong></span> <span class='ocrx_word' id='word_1_708' title='bbox 3537 3558 3637 3598; x_wconf 89' lang='lat' dir='ltr'><strong>au-</strong></span> 
     </span>
    </p>
   </div>
   <div class='ocr_carea' id='block_1_98' title="bbox 1979 3631 3638 3703">
    <p class='ocr_par' dir='ltr' id='par_1_98' title="bbox 1979 3631 3638 3703">
     <span class='ocr_line' id='line_1_98' title="bbox 1979 3631 3638 3703; baseline 0.001 -18"><span class='ocrx_word' id='word_1_709' title='bbox 1979 3632 2191 3687; x_wconf 90' lang='lat' dir='ltr'><strong>xilium</strong></span> <span class='ocrx_word' id='word_1_710' title='bbox 2235 3631 2554 3703; x_wconf 86' lang='lat' dir='ltr'><strong>accipiens,</strong></span> <span class='ocrx_word' id='word_1_711' title='bbox 2597 3639 2816 3688; x_wconf 73' lang='lat' dir='ltr'><strong>aeterna</strong></span> <span class='ocrx_word' id='word_1_712' title='bbox 2875 3635 2993 3687; x_wconf 87' lang='lat' dir='ltr'><strong>vita</strong></span> <span class='ocrx_word' id='word_1_713' title='bbox 3047 3647 3168 3686; x_wconf 92' lang='lat' dir='ltr'><strong>non</strong></span> <span class='ocrx_word' id='word_1_714' title='bbox 3226 3634 3513 3702; x_wconf 90' lang='lat' dir='ltr'><strong>privatur.</strong></span> <span class='ocrx_word' id='word_1_715' title='bbox 3573 3634 3638 3687; x_wconf 91' lang='lat' dir='ltr'><strong>Ut</strong></span> 
     </span>
    </p>
   </div>
   <div class='ocr_carea' id='block_1_99' title="bbox 1980 3721 3642 3791">
    <p class='ocr_par' dir='ltr' id='par_1_99' title="bbox 1980 3721 3642 3791">
     <span class='ocr_line' id='line_1_99' title="bbox 1980 3721 3642 3791; baseline -0.001 -15"><span class='ocrx_word' id='word_1_716' title='bbox 1980 3728 2181 3776; x_wconf 89' lang='lat' dir='ltr'><strong>autem</strong></span> <span class='ocrx_word' id='word_1_717' title='bbox 2245 3723 2425 3774; x_wconf 90' lang='lat' dir='ltr'><strong>rebus</strong></span> <span class='ocrx_word' id='word_1_718' title='bbox 2489 3721 2865 3776; x_wconf 88' lang='lat' dir='ltr'><strong>evidentibus</strong></span> <span class='ocrx_word' id='word_1_719' title='bbox 2926 3722 3243 3776; x_wconf 89' lang='lat' dir='ltr'><strong>ostendere</strong></span> <span class='ocrx_word' id='word_1_720' title='bbox 3309 3724 3642 3791; x_wconf 88' lang='lat' dir='ltr'><strong>possimus,</strong></span> 
     </span>
    </p>
   </div>
   <div class='ocr_carea' id='block_1_100' title="bbox 1979 3809 3638 3881">
    <p class='ocr_par' dir='ltr' id='par_1_100' title="bbox 1979 3809 3638 3881">
     <span class='ocr_line' id='line_1_100' title="bbox 1979 3809 3638 3881; baseline 0 -17"><span class='ocrx_word' id='word_1_721' title='bbox 1979 3809 2289 3881; x_wconf 89' lang='lat' dir='ltr'><strong>quomodo</strong></span> <span class='ocrx_word' id='word_1_722' title='bbox 2356 3811 2599 3879; x_wconf 90' lang='lat' dir='ltr'><strong>propria</strong></span> <span class='ocrx_word' id='word_1_723' title='bbox 2667 3809 2967 3863; x_wconf 87' lang='lat' dir='ltr'><strong>voluntate</strong></span> <span class='ocrx_word' id='word_1_724' title='bbox 3038 3812 3204 3864; x_wconf 89' lang='lat' dir='ltr'><strong>multi</strong></span> <span class='ocrx_word' id='word_1_725' title='bbox 3268 3818 3533 3879; x_wconf 87' lang='lat' dir='ltr'><strong>pereant,</strong></span> <span class='ocrx_word' id='word_1_726' title='bbox 3581 3815 3638 3864; x_wconf 89' lang='lat' dir='ltr'><strong>et</strong></span> 
     </span>
    </p>
   </div>
   <div class='ocr_carea' id='block_1_101' title="bbox 1982 3899 3635 3966">
    <p class='ocr_par' dir='ltr' id='par_1_101' title="bbox 1982 3899 3635 3966">
     <span class='ocr_line' id='line_1_101' title="bbox 1982 3899 3635 3966; baseline 0.001 -15"><span class='ocrx_word' id='word_1_727' title='bbox 1982 3899 2040 3952; x_wconf 89' lang='lat' dir='ltr'><strong>in</strong></span> <span class='ocrx_word' id='word_1_728' title='bbox 2073 3915 2236 3952; x_wconf 90' lang='lat' dir='ltr'><strong>mare</strong></span> <span class='ocrx_word' id='word_1_729' title='bbox 2273 3899 2755 3966; x_wconf 89' lang='lat' dir='ltr'><strong>submergantur,</strong></span> <span class='ocrx_word' id='word_1_730' title='bbox 2781 3905 2837 3952; x_wconf 92' lang='lat' dir='ltr'><strong>et</strong></span> <span class='ocrx_word' id='word_1_731' title='bbox 2864 3899 2925 3951; x_wconf 88' lang='lat' dir='ltr'><strong>in</strong></span> <span class='ocrx_word' id='word_1_732' title='bbox 2947 3904 3281 3953; x_wconf 80' lang='lat' dir='ltr'><strong>serVitutem</strong></span> <span class='ocrx_word' id='word_1_733' title='bbox 3305 3900 3635 3964; x_wconf 85' lang='lat' dir='ltr'><strong>trahantur,</strong></span> 
     </span>
    </p>
   </div>
   <div class='ocr_carea' id='block_1_102' title="bbox 1981 3986 3635 4058">
    <p class='ocr_par' dir='ltr' id='par_1_102' title="bbox 1981 3986 3635 4058">
     <span class='ocr_line' id='line_1_102' title="bbox 1981 3986 3635 4058; baseline 0.001 -18"><span class='ocrx_word' id='word_1_734' title='bbox 1981 4003 2256 4058; x_wconf 89' lang='lat' dir='ltr'><strong>suppone</strong></span> <span class='ocrx_word' id='word_1_735' title='bbox 2284 3987 2428 4040; x_wconf 90' lang='lat' dir='ltr'><strong>mihi</strong></span> <span class='ocrx_word' id='word_1_736' title='bbox 2455 3987 2787 4057; x_wconf 86' lang='lat' dir='ltr'><strong>quamdam</strong></span> <span class='ocrx_word' id='word_1_737' title='bbox 2812 3986 3065 4041; x_wconf 84' lang='lat' dir='ltr'><strong>domum</strong></span> <span class='ocrx_word' id='word_1_738' title='bbox 3087 3989 3222 4056; x_wconf 90' lang='lat' dir='ltr'><strong>igne</strong></span> <span class='ocrx_word' id='word_1_739' title='bbox 3241 3989 3501 4054; x_wconf 89' lang='lat' dir='ltr'><strong>incendi,</strong></span> <span class='ocrx_word' id='word_1_740' title='bbox 3529 3989 3635 4057; x_wconf 91' lang='lat' dir='ltr'><strong>qui</strong></span> 
     </span>
    </p>
   </div>
   <div class='ocr_carea' id='block_1_103' title="bbox 1985 4075 3623 4139">
    <p class='ocr_par' dir='ltr' id='par_1_103' title="bbox 1985 4075 3623 4139">
     <span class='ocr_line' id='line_1_103' title="bbox 1985 4075 3623 4139; baseline 0 -9"><span class='ocrx_word' id='word_1_741' title='bbox 1985 4076 2232 4131; x_wconf 90' lang='lat' dir='ltr'><strong>voluerit</strong></span> <span class='ocrx_word' id='word_1_742' title='bbox 2270 4091 2332 4129; x_wconf 89' lang='lat' dir='ltr'><strong>se</strong></span> <span class='ocrx_word' id='word_1_743' title='bbox 2371 4075 2622 4138; x_wconf 81' lang='lat' dir='ltr'><strong>salvare,</strong></span> <span class='ocrx_word' id='word_1_744' title='bbox 2654 4075 2752 4129; x_wconf 89' lang='lat' dir='ltr'><strong>ubi</strong></span> <span class='ocrx_word' id='word_1_745' title='bbox 2795 4077 3140 4131; x_wconf 89' lang='lat' dir='ltr'><strong>incendium</strong></span> <span class='ocrx_word' id='word_1_746' title='bbox 3191 4078 3393 4139; x_wconf 88' lang='lat' dir='ltr'><strong>sensit,</strong></span> <span class='ocrx_word' id='word_1_747' title='bbox 3424 4076 3623 4130; x_wconf 90' lang='lat' dir='ltr'><strong>nudus</strong></span> 
     </span>
    </p>
   </div>
   <div class='ocr_carea' id='block_1_104' title="bbox 1981 4163 3634 4234">
    <p class='ocr_par' dir='ltr' id='par_1_104' title="bbox 1981 4163 3634 4234">
     <span class='ocr_line' id='line_1_104' title="bbox 1981 4163 3634 4234; baseline -0.001 -15"><span class='ocrx_word' id='word_1_748' title='bbox 1981 4164 2208 4233; x_wconf 68' lang='lat' dir='ltr'><strong>eﬂ‘ugit,</strong></span> <span class='ocrx_word' id='word_1_749' title='bbox 2251 4164 2456 4219; x_wconf 89' lang='lat' dir='ltr'><strong>omnia</strong></span> <span class='ocrx_word' id='word_1_750' title='bbox 2483 4164 2827 4234; x_wconf 86' lang='lat' dir='ltr'><strong>relinquens</strong></span> <span class='ocrx_word' id='word_1_751' title='bbox 2846 4171 3036 4218; x_wconf 71' lang='lat' dir='ltr'><strong>etsuaa</strong></span> <span class='ocrx_word' id='word_1_752' title='bbox 3062 4166 3191 4218; x_wconf 58' lang='lat' dir='ltr'><strong>vitae</strong></span> <span class='ocrx_word' id='word_1_753' title='bbox 3219 4163 3414 4218; x_wconf 87' lang='lat' dir='ltr'><strong>solum</strong></span> <span class='ocrx_word' id='word_1_754' title='bbox 3432 4164 3634 4218; x_wconf 80' lang='lat' dir='ltr'><strong>volens</strong></span> 
     </span>
    </p>
   </div>
   <div class='ocr_carea' id='block_1_105' title="bbox 1982 4251 3636 4322">
    <p class='ocr_par' dir='ltr' id='par_1_105' title="bbox 1982 4251 3636 4322">
     <span class='ocr_line' id='line_1_105' title="bbox 1982 4251 3636 4322; baseline -0.001 -14"><span class='ocrx_word' id='word_1_755' title='bbox 1982 4269 2189 4308; x_wconf 88' lang='lat' dir='ltr'><strong>curam</strong></span> <span class='ocrx_word' id='word_1_756' title='bbox 2213 4253 2451 4322; x_wconf 82' lang='lat' dir='ltr'><strong>habere,</strong></span> <span class='ocrx_word' id='word_1_757' title='bbox 2486 4253 2750 4308; x_wconf 85' lang='lat' dir='ltr'><strong>salvatus</strong></span> <span class='ocrx_word' id='word_1_758' title='bbox 2783 4260 2892 4306; x_wconf 92' lang='lat' dir='ltr'><strong>est.</strong></span> <span class='ocrx_word' id='word_1_759' title='bbox 2921 4251 3082 4306; x_wconf 79' lang='lat' dir='ltr'><strong>Alius</strong></span> <span class='ocrx_word' id='word_1_760' title='bbox 3111 4269 3249 4307; x_wconf 89' lang='lat' dir='ltr'><strong>vero</strong></span> <span class='ocrx_word' id='word_1_761' title='bbox 3284 4252 3487 4307; x_wconf 91' lang='lat' dir='ltr'><strong>volens</strong></span> <span class='ocrx_word' id='word_1_762' title='bbox 3518 4268 3636 4307; x_wconf 86' lang='lat' dir='ltr'><strong>ser-</strong></span> 
     </span>
    </p>
   </div>
   <div class='ocr_carea' id='block_1_106' title="bbox 1985 4340 3627 4414">
    <p class='ocr_par' dir='ltr' id='par_1_106' title="bbox 1985 4340 3627 4414">
     <span class='ocr_line' id='line_1_106' title="bbox 1985 4340 3627 4414; baseline 0 -18"><span class='ocrx_word' id='word_1_763' title='bbox 1985 4359 2118 4399; x_wconf 86' lang='lat' dir='ltr'><strong>vare</strong></span> <span class='ocrx_word' id='word_1_764' title='bbox 2150 4342 2353 4414; x_wconf 90' lang='lat' dir='ltr'><strong>aliqua</strong></span> <span class='ocrx_word' id='word_1_765' title='bbox 2382 4342 2601 4397; x_wconf 88' lang='lat' dir='ltr'><strong>domus</strong></span> <span class='ocrx_word' id='word_1_766' title='bbox 2631 4340 3018 4412; x_wconf 87' lang='lat' dir='ltr'><strong>supellectilia</strong></span> <span class='ocrx_word' id='word_1_767' title='bbox 3056 4349 3160 4397; x_wconf 89' lang='lat' dir='ltr'><strong>aut</strong></span> <span class='ocrx_word' id='word_1_768' title='bbox 3197 4341 3317 4396; x_wconf 91' lang='lat' dir='ltr'><strong>alia</strong></span> <span class='ocrx_word' id='word_1_769' title='bbox 3344 4342 3627 4413; x_wconf 69' lang='lat' dir='ltr'><strong>quaedam</strong></span> 
     </span>
    </p>
   </div>
   <div class='ocr_carea' id='block_1_107' title="bbox 1983 4431 3608 4502">
    <p class='ocr_par' dir='ltr' id='par_1_107' title="bbox 1983 4431 3608 4502">
     <span class='ocr_line' id='line_1_107' title="bbox 1983 4431 3608 4502; baseline -0.001 -14"><span class='ocrx_word' id='word_1_770' title='bbox 1983 4432 2290 4502; x_wconf 88' lang='lat' dir='ltr'><strong>ingressus</strong></span> <span class='ocrx_word' id='word_1_771' title='bbox 2319 4437 2408 4486; x_wconf 89' lang='lat' dir='ltr'><strong>est</strong></span> <span class='ocrx_word' id='word_1_772' title='bbox 2435 4431 2511 4486; x_wconf 91' lang='lat' dir='ltr'><strong>ad</strong></span> <span class='ocrx_word' id='word_1_773' title='bbox 2535 4431 2966 4499; x_wconf 86' lang='lat' dir='ltr'><strong>tollendumea,</strong></span> <span class='ocrx_word' id='word_1_774' title='bbox 2981 4438 3197 4486; x_wconf 91' lang='lat' dir='ltr'><strong>etcum</strong></span> <span class='ocrx_word' id='word_1_775' title='bbox 3212 4431 3608 4502; x_wconf 78' lang='lat' dir='ltr'><strong>apprehendit</strong></span> 
     </span>
    </p>
   </div>
   <div class='ocr_carea' id='block_1_108' title="bbox 1983 4519 3638 4590">
    <p class='ocr_par' dir='ltr' id='par_1_108' title="bbox 1983 4519 3638 4590">
     <span class='ocr_line' id='line_1_108' title="bbox 1983 4519 3638 4590; baseline -0.001 -14"><span class='ocrx_word' id='word_1_776' title='bbox 1983 4522 2202 4576; x_wconf 87' lang='lat' dir='ltr'><strong>invasit</strong></span> <span class='ocrx_word' id='word_1_777' title='bbox 2221 4520 2378 4590; x_wconf 88' lang='lat' dir='ltr'><strong>ignis</strong></span> <span class='ocrx_word' id='word_1_778' title='bbox 2408 4527 2591 4576; x_wconf 88' lang='lat' dir='ltr'><strong>totam</strong></span> <span class='ocrx_word' id='word_1_779' title='bbox 2619 4521 2890 4584; x_wconf 87' lang='lat' dir='ltr'><strong>domum,</strong></span> <span class='ocrx_word' id='word_1_780' title='bbox 2918 4527 2974 4574; x_wconf 92' lang='lat' dir='ltr'><strong>et</strong></span> <span class='ocrx_word' id='word_1_781' title='bbox 2995 4519 3160 4574; x_wconf 87' lang='lat' dir='ltr'><strong>illum</strong></span> <span class='ocrx_word' id='word_1_782' title='bbox 3201 4522 3361 4574; x_wconf 87' lang='lat' dir='ltr'><strong>intus</strong></span> <span class='ocrx_word' id='word_1_783' title='bbox 3389 4520 3638 4575; x_wconf 84' lang='lat' dir='ltr'><strong>detinuit</strong></span> 
     </span>
    </p>
   </div>
   <div class='ocr_carea' id='block_1_109' title="bbox 1984 4607 3639 4679">
    <p class='ocr_par' dir='ltr' id='par_1_109' title="bbox 1984 4607 3639 4679">
     <span class='ocr_line' id='line_1_109' title="bbox 1984 4607 3639 4679; baseline -0.002 -14"><span class='ocrx_word' id='word_1_784' title='bbox 1984 4619 2040 4665; x_wconf 92' lang='lat' dir='ltr'><strong>et</strong></span> <span class='ocrx_word' id='word_1_785' title='bbox 2082 4611 2430 4665; x_wconf 89' lang='lat' dir='ltr'><strong>combussit.</strong></span> <span class='ocrx_word' id='word_1_786' title='bbox 2478 4610 2641 4663; x_wconf 89' lang='lat' dir='ltr'><strong>Vides</strong></span> <span class='ocrx_word' id='word_1_787' title='bbox 2673 4625 2765 4673; x_wconf 87' lang='lat' dir='ltr'><strong>ne,</strong></span> <span class='ocrx_word' id='word_1_788' title='bbox 2807 4607 3120 4679; x_wconf 86' lang='lat' dir='ltr'><strong>quomoda</strong></span> <span class='ocrx_word' id='word_1_789' title='bbox 3159 4609 3402 4679; x_wconf 88' lang='lat' dir='ltr'><strong>propria</strong></span> <span class='ocrx_word' id='word_1_790' title='bbox 3434 4609 3639 4662; x_wconf 91' lang='lat' dir='ltr'><strong>volun-</strong></span> 
     </span>
    </p>
   </div>
   <div class='ocr_carea' id='block_1_110' title="bbox 1985 4697 3640 4769">
    <p class='ocr_par' dir='ltr' id='par_1_110' title="bbox 1985 4697 3640 4769">
     <span class='ocr_line' id='line_1_110' title="bbox 1985 4697 3640 4769; baseline -0.002 -15"><span class='ocrx_word' id='word_1_791' title='bbox 1985 4705 2100 4755; x_wconf 89' lang='lat' dir='ltr'><strong>tate</strong></span> <span class='ocrx_word' id='word_1_792' title='bbox 2142 4715 2246 4769; x_wconf 91' lang='lat' dir='ltr'><strong>per</strong></span> <span class='ocrx_word' id='word_1_793' title='bbox 2287 4699 2684 4762; x_wconf 90' lang='lat' dir='ltr'><strong>dilectionem,</strong></span> <span class='ocrx_word' id='word_1_794' title='bbox 2718 4699 2823 4768; x_wconf 89' lang='lat' dir='ltr'><strong>qui</strong></span> <span class='ocrx_word' id='word_1_795' title='bbox 2863 4697 3067 4768; x_wconf 90' lang='lat' dir='ltr'><strong>aliqua</strong></span> <span class='ocrx_word' id='word_1_796' title='bbox 3092 4697 3168 4752; x_wconf 90' lang='lat' dir='ltr'><strong>ad</strong></span> <span class='ocrx_word' id='word_1_797' title='bbox 3198 4704 3430 4767; x_wconf 88' lang='lat' dir='ltr'><strong>tempus</strong></span> <span class='ocrx_word' id='word_1_798' title='bbox 3477 4697 3640 4767; x_wconf 91' lang='lat' dir='ltr'><strong>apud</strong></span> 
     </span>
    </p>
   </div>
   <div class='ocr_carea' id='block_1_111' title="bbox 1987 4783 3639 4856">
    <p class='ocr_par' dir='ltr' id='par_1_111' title="bbox 1987 4783 3639 4856">
     <span class='ocr_line' id='line_1_111' title="bbox 1987 4783 3639 4856; baseline -0.002 -13"><span class='ocrx_word' id='word_1_799' title='bbox 1987 4805 2049 4842; x_wconf 91' lang='lat' dir='ltr'><strong>se</strong></span> <span class='ocrx_word' id='word_1_800' title='bbox 2087 4787 2313 4854; x_wconf 89' lang='lat' dir='ltr'><strong>dilexit,</strong></span> <span class='ocrx_word' id='word_1_801' title='bbox 2354 4788 2412 4840; x_wconf 91' lang='lat' dir='ltr'><strong>in</strong></span> <span class='ocrx_word' id='word_1_802' title='bbox 2457 4787 2594 4855; x_wconf 90' lang='lat' dir='ltr'><strong>igne</strong></span> <span class='ocrx_word' id='word_1_803' title='bbox 2649 4783 3221 4856; x_wconf 76' lang='lat' dir='ltr'><strong>perierit?simlliter</strong></span> <span class='ocrx_word' id='word_1_804' title='bbox 3259 4785 3474 4839; x_wconf 89' lang='lat' dir='ltr'><strong>iterum</strong></span> <span class='ocrx_word' id='word_1_805' title='bbox 3535 4800 3639 4855; x_wconf 91' lang='lat' dir='ltr'><strong>per</strong></span> 
     </span>
    </p>
   </div>
   <div class='ocr_carea' id='block_1_112' title="bbox 1983 4873 3634 4945">
    <p class='ocr_par' dir='ltr' id='par_1_112' title="bbox 1983 4873 3634 4945">
     <span class='ocr_line' id='line_1_112' title="bbox 1983 4873 3634 4945; baseline -0.003 -12"><span class='ocrx_word' id='word_1_806' title='bbox 1983 4892 2149 4933; x_wconf 90' lang='lat' dir='ltr'><strong>mare</strong></span> <span class='ocrx_word' id='word_1_807' title='bbox 2207 4876 2267 4930; x_wconf 91' lang='lat' dir='ltr'><strong>in</strong></span> <span class='ocrx_word' id='word_1_808' title='bbox 2309 4891 2519 4945; x_wconf 88' lang='lat' dir='ltr'><strong>rupem</strong></span> <span class='ocrx_word' id='word_1_809' title='bbox 2588 4874 2879 4928; x_wconf 84' lang='lat' dir='ltr'><strong>ﬂuctuum</strong></span> <span class='ocrx_word' id='word_1_810' title='bbox 2930 4875 3250 4929; x_wconf 88' lang='lat' dir='ltr'><strong>stationem</strong></span> <span class='ocrx_word' id='word_1_811' title='bbox 3302 4873 3634 4928; x_wconf 90' lang='lat' dir='ltr'><strong>incidentes</strong></span> 
     </span>
    </p>
   </div>
   <div class='ocr_carea' id='block_1_113' title="bbox 1981 4963 3645 5038">
    <p class='ocr_par' dir='ltr' id='par_1_113' title="bbox 1981 4963 3645 5038">
     <span class='ocr_line' id='line_1_113' title="bbox 1981 4963 3645 5038; baseline -0.003 -17"><span class='ocrx_word' id='word_1_812' title='bbox 1981 4965 2231 5038; x_wconf 88' lang='lat' dir='ltr'><strong>quidam</strong></span> <span class='ocrx_word' id='word_1_813' title='bbox 2264 4964 2812 5032; x_wconf 77' lang='lat' dir='ltr'><strong>naufragaverunt;</strong></span> <span class='ocrx_word' id='word_1_814' title='bbox 2843 4969 2898 5018; x_wconf 88' lang='lat' dir='ltr'><strong>et</strong></span> <span class='ocrx_word' id='word_1_815' title='bbox 2921 4966 3026 5034; x_wconf 90' lang='lat' dir='ltr'><strong>qui</strong></span> <span class='ocrx_word' id='word_1_816' title='bbox 3057 4964 3258 5017; x_wconf 89' lang='lat' dir='ltr'><strong>nudus</strong></span> <span class='ocrx_word' id='word_1_817' title='bbox 3285 4967 3344 5017; x_wconf 91' lang='lat' dir='ltr'><strong>et</strong></span> <span class='ocrx_word' id='word_1_818' title='bbox 3379 4963 3645 5018; x_wconf 88' lang='lat' dir='ltr'><strong>vestibus</strong></span> 
     </span>
    </p>
   </div>
   <div class='ocr_carea' id='block_1_114' title="bbox 1981 5051 3645 5123">
    <p class='ocr_par' dir='ltr' id='par_1_114' title="bbox 1981 5051 3645 5123">
     <span class='ocr_line' id='line_1_114' title="bbox 1981 5051 3645 5123; baseline -0.003 -13"><span class='ocrx_word' id='word_1_819' title='bbox 1981 5061 2194 5111; x_wconf 88' lang='lat' dir='ltr'><strong>exutus</strong></span> <span class='ocrx_word' id='word_1_820' title='bbox 2213 5056 2274 5108; x_wconf 89' lang='lat' dir='ltr'><strong>in</strong></span> <span class='ocrx_word' id='word_1_821' title='bbox 2295 5068 2488 5123; x_wconf 90' lang='lat' dir='ltr'><strong>aquas</strong></span> <span class='ocrx_word' id='word_1_822' title='bbox 2504 5067 2566 5105; x_wconf 91' lang='lat' dir='ltr'><strong>se</strong></span> <span class='ocrx_word' id='word_1_823' title='bbox 2593 5051 2844 5121; x_wconf 89' lang='lat' dir='ltr'><strong>conjecit</strong></span> <span class='ocrx_word' id='word_1_824' title='bbox 2865 5068 2926 5106; x_wconf 91' lang='lat' dir='ltr'><strong>se</strong></span> <span class='ocrx_word' id='word_1_825' title='bbox 2945 5051 3138 5107; x_wconf 89' lang='lat' dir='ltr'><strong>solum</strong></span> <span class='ocrx_word' id='word_1_826' title='bbox 3159 5052 3386 5107; x_wconf 89' lang='lat' dir='ltr'><strong>salvare</strong></span> <span class='ocrx_word' id='word_1_827' title='bbox 3405 5052 3612 5107; x_wconf 88' lang='lat' dir='ltr'><strong>volens</strong></span> <span class='ocrx_word' id='word_1_828' title='bbox 3630 5092 3645 5116; x_wconf 98' lang='lat'><strong>,</strong></span> 
     </span>
    </p>
   </div>
   <div class='ocr_carea' id='block_1_115' title="bbox 1981 5141 3636 5211">
    <p class='ocr_par' dir='ltr' id='par_1_115' title="bbox 1981 5141 3636 5211">
     <span class='ocr_line' id='line_1_115' title="bbox 1981 5141 3636 5211; baseline -0.003 -12"><span class='ocrx_word' id='word_1_829' title='bbox 1981 5152 2033 5200; x_wconf 92' lang='lat' dir='ltr'><strong>et</strong></span> <span class='ocrx_word' id='word_1_830' title='bbox 2062 5147 2141 5198; x_wconf 92' lang='lat' dir='ltr'><strong>ita</strong></span> <span class='ocrx_word' id='word_1_831' title='bbox 2170 5141 2451 5197; x_wconf 81' lang='lat' dir='ltr'><strong>ﬂuctibus</strong></span> <span class='ocrx_word' id='word_1_832' title='bbox 2504 5141 2786 5210; x_wconf 87' lang='lat' dir='ltr'><strong>agitatus,</strong></span> <span class='ocrx_word' id='word_1_833' title='bbox 2819 5145 2877 5195; x_wconf 89' lang='lat' dir='ltr'><strong>et</strong></span> <span class='ocrx_word' id='word_1_834' title='bbox 2924 5157 3103 5211; x_wconf 92' lang='lat' dir='ltr'><strong>super</strong></span> <span class='ocrx_word' id='word_1_835' title='bbox 3141 5157 3243 5195; x_wconf 90' lang='lat' dir='ltr'><strong>eos</strong></span> <span class='ocrx_word' id='word_1_836' title='bbox 3282 5144 3523 5208; x_wconf 90' lang='lat' dir='ltr'><strong>natans,</strong></span> <span class='ocrx_word' id='word_1_837' title='bbox 3565 5155 3636 5194; x_wconf 91' lang='lat' dir='ltr'><strong>eo</strong></span> 
     </span>
    </p>
   </div>
   <div class='ocr_carea' id='block_1_116' title="bbox 1981 5228 3638 5307">
    <p class='ocr_par' dir='ltr' id='par_1_116' title="bbox 1981 5228 3638 5307">
     <span class='ocr_line' id='line_1_116' title="bbox 1981 5228 3638 5307; baseline -0.002 -19"><span class='ocrx_word' id='word_1_838' title='bbox 1981 5233 2147 5307; x_wconf 91' lang='lat' dir='ltr'><strong>quod</strong></span> <span class='ocrx_word' id='word_1_839' title='bbox 2171 5230 2479 5303; x_wconf 89' lang='lat' dir='ltr'><strong>expeditus</strong></span> <span class='ocrx_word' id='word_1_840' title='bbox 2496 5229 2833 5286; x_wconf 87' lang='lat' dir='ltr'><strong>admodum</strong></span> <span class='ocrx_word' id='word_1_841' title='bbox 2857 5229 2948 5295; x_wconf 89' lang='lat' dir='ltr'><strong>sit,</strong></span> <span class='ocrx_word' id='word_1_842' title='bbox 2971 5228 3202 5285; x_wconf 66' lang='lat' dir='ltr'><strong>limatus</strong></span> <span class='ocrx_word' id='word_1_843' title='bbox 3223 5234 3310 5285; x_wconf 90' lang='lat' dir='ltr'><strong>est</strong></span> <span class='ocrx_word' id='word_1_844' title='bbox 3337 5229 3638 5286; x_wconf 84' lang='lat' dir='ltr'><strong>transiisse</strong></span> 
     </span>
    </p>
   </div>
   <div class='ocr_carea' id='block_1_117' title="bbox 1602 5476 2284 5539">
    <p class='ocr_par' dir='ltr' id='par_1_117' title="bbox 1602 5476 2284 5539">
     <span class='ocr_line' id='line_1_117' title="bbox 1602 5476 2284 5539; baseline -0.006 0"><span class='ocrx_word' id='word_1_845' title='bbox 1602 5479 1835 5539; x_wconf 70' lang='lat' dir='ltr'><strong>VARLE</strong></span> <span class='ocrx_word' id='word_1_846' title='bbox 1875 5476 2284 5538; x_wconf 85' lang='lat' dir='ltr'><strong>LECTIONES.</strong></span> 
     </span>
    </p>
   </div>
   <div class='ocr_carea' id='block_1_118' title="bbox 331 5691 1373 5768">
    <p class='ocr_par' dir='ltr' id='par_1_118' title="bbox 331 5691 1373 5768">
     <span class='ocr_line' id='line_1_118' title="bbox 331 5691 1373 5768; baseline 0.003 -18"><span class='ocrx_word' id='word_1_847' title='bbox 331 5693 413 5768; x_wconf 72' lang='grc' dir='ltr'><strong>(δ)</strong></span> <span class='ocrx_word' id='word_1_848' title='bbox 449 5691 596 5752; x_wconf 90' lang='lat' dir='ltr'><strong>Cod.</strong></span> <span class='ocrx_word' id='word_1_849' title='bbox 621 5693 750 5752; x_wconf 72' lang='grc' dir='ltr'><strong>εχει.</strong></span> <span class='ocrx_word' id='word_1_850' title='bbox 821 5694 898 5768; x_wconf 87' lang='grc'><strong>(6)</strong></span> <span class='ocrx_word' id='word_1_851' title='bbox 923 5694 1064 5754; x_wconf 85' lang='lat' dir='ltr'><strong>Cod.</strong></span> <span class='ocrx_word' id='word_1_852' title='bbox 1097 5694 1373 5762; x_wconf 59' lang='lat' dir='ltr'><strong>etaiam.</strong></span> 
     </span>
    </p>
   </div>
  </div>
