4084 6256
539 270 645 334 δοἵ

1838 273 1900 329 s.
1938 273 2248 333 MACARII
2287 266 2595 338 severa
3767 288 3855 359 508

543 416 819 457 amarum
850 414 1079 471 aequor,
1107 401 1307 470 sicque
1335 398 1466 452 vita;
1498 397 1889 453 sumsalutem
1904 402 2172 470 praestitit

2302 407 2373 469 εἰς
2423 412 2608 461 στάσιν
2658 415 2790 474 τινες
2832 409 3093 475 κλύδωνος
3122 422 3477 487 περιπεσόντες
3523 421 3856 495 ἐναυάγησαν·

542 490 706 545 Alius
720 496 943 557 autem,
964 488 1171 543 volens
1198 486 1421 559 aliquid
1439 488 1925 542 vestimentorum
1945 505 2191 544 suorum

542 580 794 647 salvare,
829 579 1055 650 putavit
1081 594 1141 631 se
1182 593 1354 649 posse
1393 584 1632 631 enatare
1672 584 1728 631 et
1768 581 2013 633 transire
2054 597 2191 635 cum

540 673 647 733 eis,
674 685 810 740 quas
849 669 978 722 tulit
1043 683 1267 733 secum,
1297 674 1353 720 et
1383 665 1483 720 illa
1524 682 1659 736 quea
1719 669 1977 737 sumpsit
2026 670 2189 723 illum

540 766 966 829 oppresserunt
991 762 1047 810 et
1075 758 1493 808 immerserunt
1518 755 1575 807 in
1599 754 1779 808 maris
1803 756 2110 827 abyssum,
2139 764 2195 811 et

538 847 754 901 interiit
784 845 862 898 ob
890 846 1168 911 exiguum
1198 844 1452 907 lucrum,
1478 858 1671 913 neque
1704 846 1833 897 vitae
1870 860 1995 898 sua;
2033 845 2188 900 salu-

540 939 656 990 tem
689 942 972 1004 praestitit.
999 931 1249 985 Videsne
1279 932 1590 1001 quomodo
1618 932 1859 1001 propria
1892 932 2191 987 voluntate

537 1038 649 1078 sua
684 1020 1025 1091 disperierit
1059 1018 1087 1073 ‘I
1128 1021 1344 1074 lterum
1387 1035 1661 1090 suppone
1704 1021 1843 1074 mihi
1884 1038 2188 1077 rumorem

535 1110 797 1166 hostium
849 1110 1049 1165 venire
1078 1127 1091 1175 ;
1119 1116 1176 1163 et
1230 1109 1345 1173 hic,
1371 1112 1568 1162 statim
1610 1124 1678 1163 ac
1722 1110 1931 1174 audiit,
1987 1110 2192 1180 effugit

535 1200 841 1263 continuo,
865 1200 1095 1268 absque
1125 1198 1386 1250 vestibus
1416 1204 1469 1251 et
1492 1198 1690 1251 nudus
1711 1199 1967 1252 evadens
2002 1199 2189 1264 ;alius

536 1294 738 1344 autem
775 1287 1014 1341 credere
1046 1286 1280 1348 nolens,
1311 1286 1805 1355 appropinquare
1837 1288 2055 1351 hostes,
2087 1294 2189 1341 aut

539 1377 744 1431 volens
798 1375 1026 1446 aliquid
1072 1388 1309 1428 servare
1349 1389 1380 1427 e
1420 1375 1600 1427 rebus
1654 1378 1795 1438 suis,
1840 1381 1897 1428 et
1952 1376 2186 1430 auferre

537 1480 765 1529 secum,
814 1470 1080 1518 moratus
1126 1470 1213 1515 est
1264 1462 1488 1530 fugam.
1526 1464 1593 1516 Et
1644 1463 1932 1517 intrantes
1983 1466 2185 1518 hostes

536 1554 1066 1626 apprehenderunt
1094 1552 1282 1618 illum,
1305 1561 1361 1604 et
1388 1551 1687 1618 captivum
1722 1554 2099 1607 abduxerunt
2126 1569 2183 1607 in

534 1644 1009 1712 alienigenarum
1043 1641 1316 1713 patriam,
1351 1649 1407 1695 et
1444 1640 1564 1694 illic
1594 1640 1813 1695 servire
1840 1649 2181 1710 coegerunt.

2300 502 2389 550 καὶ
2446 498 2496 559 ὃς
2551 503 2640 570 μεν
2692 506 2888 572 γυμνὸς
2942 500 3340 577 ἀποδυσάμενος
3394 509 3619 567 εἰσῆλθεν
3674 511 3719 562 ἐν
3771 522 3863 577 τοῖς

2300 585 2512 654 ὕδασιν,
2570 591 2749 643 ἑαυτὸν
2793 598 2944 665 μόνον
2996 592 3306 667 βουλόμενος
3359 607 3541 665 σῶσαι,
3595 608 3679 654 καὶ
3728 604 3865 666 οὕτως

2301 678 2400 728 ύπό
2457 687 2555 730 τῶν
2617 684 2859 751 κυμάτων
2927 689 3257 754 τυπτόμενος,
3325 692 3412 739 καὶ
3478 688 3659 742 ἄνωθεν
3718 693 3864 745 αὐτῶν

2302 766 2677 839 ἐπικολυμϐῶν,
2736 767 2828 821 διὰ
2884 775 2941 823 τὸ
2998 772 3186 825 ἄλυτον
3246 774 3397 827 αὐτὸν
3456 774 3598 840 εἶναι,
3655 776 3863 841 ἠδυνήθη

2303 852 2575 918 διεξελθεῖν
2645 863 2738 916 τὴν
2792 864 2979 934 πικρὰν
3050 862 3337 927 θάλασσαν,
3412 872 3499 917 καὶ
3568 868 3720 930 οὕτως
3787 876 3865 928 τὴν

2299 944 2485 1015 ψυχὴν
2538 947 2696 998 αὐτοῦ
2754 955 3176 1019 περιεποιήσατο.
3234 950 3420 1013 ’Ἄλλος
3465 950 3541 1021 δὲ,
3592 954 3866 1029 βουλόμενος

2302 1040 2473 1086 σῶσαί
2524 1056 2574 1087 τι
2627 1046 2725 1087 τῶν
2782 1035 3084 1109 ἐνδυμάτων
3141 1039 3301 1092 αὑτοῦ
3374 1042 3576 1114 ἐνόμισε
3635 1040 3865 1099 δύνασθαι

2298 1122 2630 1195 κολυμϐήσαι
2671 1129 2757 1177 καὶ
2816 1123 3087 1189 διεξελθεῖν
3138 1133 3231 1181 σύν
3272 1129 3501 1195 ἐκείνοις,
3552 1133 3626 1192 οἷς
3668 1130 3751 1207 ἦρε
3787 1140 3865 1186 σὺν

2299 1211 2484 1283 ἐαυτῷ,
2553 1220 2641 1265 καὶ
2700 1215 2832 1265 αύτά
2878 1218 3043 1267 ἐκεῖνα
3100 1217 3227 1291 οἷπερ
3291 1218 3456 1283 ἔλαϐε,
3536 1220 3865 1294 κατεϐάρησαν

2296 1302 2470 1367 αὑτὸν,
2514 1308 2600 1353 καὶ
2642 1302 3031 1355 κατεϐάπτισαν
3071 1308 3119 1356 ὲν
3159 1306 3230 1375 τῷ
3285 1305 3435 1378 βυθῷ
3475 1316 3563 1368 τῆς
3606 1309 3863 1373 θαλάσσης,

2295 1395 2384 1440 καὶ
2429 1389 2657 1442 ἀπώλετο
2709 1388 2780 1443 δι’
2837 1392 3009 1463 ὀλίγον
3059 1392 3262 1468 κέρδος,
3320 1402 3393 1466 μὴ
3437 1402 3528 1454 τὴν
3581 1397 3750 1450 ἑαυτοῦ
3777 1400 3867 1469 ψυ-

2294 1484 2401 1549 χὴν
2477 1483 2975 1552 περιποιησάμενος.
3043 1482 3219 1554 Ὀρᾲς,
3299 1486 3380 1536 ὅτι
3452 1482 3568 1556 ἰδίῳ
3646 1487 3865 1559 θελήματι

2295 1568 2454 1619 αὑτοῦ
2521 1568 2873 1640 ἐθανατώθη;
2936 1571 3090 1622 πάλιν
3150 1574 3347 1624 ὑπόθου
3389 1594 3476 1645 μοι
3537 1578 3689 1633 ἀκοὴν
3744 1574 3866 1628 ἀλλο-

2295 1656 2461 1728 φύλων
2501 1659 2773 1731 ἔρχεσθαι.
2813 1664 2910 1711 Καὶ
2941 1659 2995 1719 ὃς
3033 1664 3121 1731 μὲν
3153 1662 3262 1731 ἅμα
3304 1671 3378 1732 τῷ
3412 1662 3489 1734 (7)
3523 1662 3737 1715 ἀκούσαι
3763 1666 3867 1735 ἔφυ-

534 1733 786 1787 Vid‘esne
803 1734 1111 1803 quomodo
1140 1732 1382 1799 propria
1399 1745 1515 1784 sua
1542 1730 1862 1795 voluntate,
1887 1730 1966 1785 ob
1990 1746 2173 1785 socor-

2292 1765 2377 1815 γεν
2441 1746 2642 1809 εὐθέως,
2708 1752 2776 1817 μὴ
2838 1730 3244 1822 ἀναϐαλλόμενος
3304 1730 3480 1811 αύτός
3516 1756 3704 1823 γυμνὸς
3757 1753 3864 1814 ἐξελ-

532 1821 718 1887 diaiu,
742 1821 1104 1875 debilitatem
1130 1828 1183 1873 et
1211 1819 1588 1873 dilectionem
1616 1819 1880 1889 aliquam
1895 1835 2095 1875 rerum
2125 1820 2184 1875 in

529 1911 932 1981 captivitatem
972 1910 1250 1963 reductus
1292 1907 1690 1963 sit?similiter
1728 1908 1830 1978 qui
1862 1924 1981 1963 non
2014 1925 2185 1963 man-

528 2001 681 2055 datis
718 1999 953 2054 Domini
994 2000 1360 2061 obedientes,
1387 2013 1495 2050 nec
1536 1998 1768 2066 seipsos
1810 1999 2182 2066 abnegantes

528 2105 650 2144 non
680 2088 876 2142 solum
901 2089 1216 2141 Dominum
1251 2085 1502 2153 diligunt
1533 2103 1546 2151 ;
1582 2086 1685 2140 sed
1730 2086 1977 2140 vinculis
2013 2093 2184 2141 terre-

530 2179 753 2233 stribus
802 2178 1051 2231 libenter
1101 2175 1459 2238 detinentur,
1492 2178 1739 2244 quando
1769 2176 1995 2229 venerit
2026 2176 2181 2243 ignis

529 2274 805 2335 aiternus,
844 2266 995 2319 sicut
1022 2263 1401 2318 invenientur
1451 2262 1669 2331 captivi
1730 2263 2025 2327 virtutem,
2058 2262 2182 2316 vin-

526 2355 603 2409 cti
635 2364 836 2408 autem
857 2354 1046 2421 magis
1069 2351 1131 2405 in
1157 2352 1364 2405 mundi
1384 2350 1698 2404 dilectione
1719 2353 2177 2420 immergentur;

527 2450 583 2498 et
601 2446 717 2498 sub
746 2458 1023 2497 amarum
1051 2456 1214 2494 mare
1245 2439 1525 2509 nequitiae
1550 2439 2012 2509 pi'tecipitantur,
2032 2447 2089 2494 et
2118 2442 2176 2493 in

526 2532 804 2587 servitute
842 2530 1335 2599 alienigenarum,
1361 2532 1419 2581 id
1458 2535 1547 2581 est
1588 2529 1861 2599 spiritum
1904 2529 2178 2600 nequitiae

526 2621 744 2691 captivi
775 2619 912 2674 facti
945 2625 1212 2689 pereunt.
1248 2618 1303 2671 Si
1327 2632 1463 2671 vero
1500 2617 1642 2671 velis
1688 2618 2016 2672 dilectionis
2048 2634 2172 2689 per-

525 2709 691 2764 fectae
721 2708 1132 2762 rectitudinem
1155 2706 1233 2761 ad
1259 2706 1575 2759 Dominum
1607 2722 1637 2759 e
1669 2707 1887 2760 sanctis
1908 2714 1965 2760 et
2003 2723 2038 2761 a
2060 2710 2178 2761 Deo

524 2796 827 2867 inspiratis
859 2798 1175 2865 Scripturis
1207 2793 1460 2848 ediscere
1487 2812 1503 2864 ς
1536 2794 1666 2848 vide
1692 2796 1823 2859 Job,
1865 2796 2175 2865 quomodo

525 2887 731 2941 omnia
777 2892 1021 2950 exuerit,
1050 2890 1110 2938 ut
1133 2885 1213 2937 ita
1264 2884 1483 2947 dicam,
1507 2898 1644 2953 quae
1690 2884 2037 2954 possidebat
2066 2901 2079 2951 ;
2114 2886 2176 2938 ti-

522 2974 652 3041 lios,
691 2974 946 3039 divitias,
992 2973 1295 3038 animalia,
1322 2972 1584 3026 famulos
1637 2979 1694 3026 et
1742 2973 1973 3044 reliqua
2033 2990 2168 3045 quas

2298 1837 2416 1886 θῶν.
2463 1835 2644 1896 ’Ἄλλος
2690 1833 2746 1887 δὲ
2778 1832 3107 1906 δυσπιστῶν,
3164 1840 3241 1889 ὅτι
3292 1843 3541 1914 ἔρχονται
3593 1843 3638 1893 οἱ
3684 1841 3862 1914 ἐχθροὶ,

2295 1926 2325 1983 ἡ
2373 1924 2526 1977 θέλων
2574 1928 2689 1976 τινὰ
2728 1935 2825 1976 τῶν
2872 1923 3020 1978 ἰδίων
3069 1930 3411 2001 πραγμάτων,
3461 1935 3542 1981 καί
3594 1931 3865 2002 ϐουλόμενος

2296 2009 2418 2088 ἆραι
2471 2017 2585 2087 μεθ’
2632 2015 2836 2079 ἑαυτοῦ,
2886 2014 3138 2088 ἒϐράδυνε
3195 2028 3396 2089 φυγεῖν.
3464 2025 3562 2072 Καὶ
3610 2020 3864 2080 ἐπελθόντες

2295 2107 2342 2156 οἱ
2403 2105 2637 2175 πολέμιοι
2693 2104 2971 2155 κατέλαϐον
3023 2106 3196 2169 αὐτὸν,
3261 2114 3351 2159 και
3418 2108 3864 2180 ᾐχμαλωτεύσαντο

2293 2193 2365 2253 εἰς
2420 2198 2511 2251 τὴν
2579 2201 2676 2244 τῶν
2734 2193 3023 2265 ἀλλοφύλων
3090 2193 3351 2268 πατρίδα,
3422 2197 3568 2249 κάκεί
3635 2194 3865 2249 δουλεύειν

2293 2283 2717 2352 κατηνάγκασαν,
2777 2280 2950 2355 Ὁρᾷς,
3005 2283 3080 2333 ὅτι
3132 2293 3202 2353 τῷ
3264 2281 3387 2356 ἰδίῳ
3439 2286 3683 2359 θελήματι
3729 2286 3864 2337 αὑτοῦ

2292 2367 2386 2421 διὰ
2422 2375 2693 2441 χαύνωσιν
2734 2376 2821 2421 καὶ
2863 2369 3143 2443 ἀνανδρίαν
3184 2377 3272 2423 καὶ
3314 2377 3529 2445 ἀγάπην
3572 2378 3685 2426 τινὰ
3721 2395 3865 2449 πραγ-

2288 2462 2464 2531 μάτων
2515 2460 2585 2519 εἰς
2629 2463 2721 2516 τὴν
2772 2458 3143 2530 αἰχμαλωσίαν
3198 2460 3479 2533 ἀπηνέχθη
3508 2480 3528 2531 ~;
3572 2466 3750 2535 ὁμοίως
3793 2470 3869 2515 καὶ

2289 2551 2337 2600 οἱ
2374 2553 2445 2619 μὴ
2497 2556 2611 2608 ταῖς
2660 2548 2882 2608 ἐντολαῖς
2934 2555 3024 2599 τοῦ
3077 2554 3267 2623 Κυρίου
3308 2550 3757 2613 ἐξακολουθοῦντες
3791 2557 3862 2604 καὶ

2289 2638 2502 2698 ἑαυτοὺς
2567 2637 2863 2712 ἀρνούμενοι
2912 2642 3000 2689 καὶ
3056 2644 3206 2709 μόνον
3263 2644 3351 2691 τὸν
3423 2645 3608 2717 Κύριον
3656 2642 3864 2713 ἀγαπῶν-

2288 2746 2391 2792 τες,
2452 2726 2579 2778 ἀλλά
2637 2723 2848 2798 δεσμοῖς
2922 2730 3125 2797 γηῖνοις
3196 2727 3452 2791 ἑκουσίως
3529 2728 3856 2803 δεσμούμενοι,

2287 2815 2577 2876 ἐπελθόντος
2619 2824 2713 2866 τοῦ
2761 2820 2920 2890 πυρὸς
2978 2823 3068 2867 τοῦ
3128 2816 3355 2883 αἰωνίου,
3423 2823 3492 2881 ὡς
3536 2822 3857 2894 εὑρισκόμενοι

2286 2904 2614 2975 αἰχμάλωτοι
2667 2903 2878 2977 ἀρετῶν,
2942 2900 3307 2976 συνδεδεμένοι
3371 2904 3432 2959 δὲ
3487 2908 3673 2980 μᾶλλον
3722 2908 3760 2959 ἐν

2285 2992 2461 3065 ἀγάπη
2495 3001 2583 3045 τοῦ
2618 2998 2820 3064 κόσμου
2860 2991 3497 3068 καταϐυθ’[ισθ]ἠσονται,
3540 3004 3627 3049 καὶ
3665 3000 3753 3049 ὑπὸ
3778 3003 3852 3055 τῆς

517 3064 782 3120 habebat
813 3078 826 3129 ;
857 3062 1164 3134 quomodo
1197 3066 1277 3115 sic
1305 3062 1568 3115 nudatus
1596 3061 1869 3131 eﬁugerit
1902 3070 1959 3117 et
1982 3065 2172 3119 salva-

2284 3089 2472 3156 πικρᾶς
2514 3083 2777 3142 θαλάσσης
2829 3090 2923 3142 τῆς
2972 3088 3224 3156 πονηρίας
3281 3085 3738 3150 καταϐυθίζονται,
3781 3088 3853 3135 καὶ

518 3155 666 3208 verit
713 3154 1000 3224 seipsum,
1061 3160 1116 3205 et
1172 3151 1369 3221 ipsam
1430 3153 1691 3205 tunicam
1744 3153 2053 3207 dimittens
2115 3158 2172 3208 et.

510 3242 783 3313 injiciens
832 3244 1085 3309 Satanas,
1114 3240 1260 3294 nihil
1291 3242 1349 3294 in
1412 3255 1687 3295 sermone
1732 3241 2168 3313 blasphemans

512 3347 708 3402 neque
750 3330 929 3385 corde
982 3344 1175 3401 neque
1237 3329 1411 3383 labiis
1460 3344 1665 3384 coram
1716 3330 1997 3401 Domino,
2063 3332 2167 3387 sed

513 3436 545 3475 e
604 3425 814 3474 eontra
872 3419 1175 3473 benedixit
1233 3418 1547 3473 Dominus.
1608 3420 1851 3478 dicens:
1884 3422 2169 3477 Dominus

513 3508 697 3572 dedit,
746 3508 1033 3562 Dominus
1074 3507 1363 3575 abstulit;
1395 3510 1460 3559 ut
1513 3509 1757 3564 Domino
1798 3511 2050 3578 placuit,
2085 3514 2170 3567 ita

508 3598 742 3666 factum
775 3605 877 3662 est,
902 3596 974 3649 sit
1008 3610 1217 3650 nomen
1246 3595 1481 3650 Domini
1516 3596 1883 3654 benedictum
1942 3602 2010 3654 ⁸1.
2046 3601 2166 3656 Etsi

511 3687 837 3758 putabatur
876 3686 1063 3739 multa
1102 3684 1427 3755 possidere,
1466 3700 1501 3739 a
1556 3687 1807 3743 Domino
1860 3691 2164 3759 probatus,

511 3777 704 3848 patuit
742 3775 889 3829 nihil
933 3774 1261 3846 possedens
1301 3773 1415 3828 nisi
1456 3774 1652 3829 solum
1716 3779 1921 3832 Deum.
1959 3780 2172 3835 Simili-

511 3871 598 3921 ter
631 3865 927 3921 Abraham
974 3870 1181 3934 jussus
1212 3880 1248 3919 a
1287 3868 1538 3920 Domino
1588 3867 1789 3936 egredi
1829 3884 1860 3921 e
1894 3875 2066 3935 terra,
2113 3881 2170 3930 et

511 3972 542 4010 e
588 3953 829 4015 familia,
877 3959 934 4008 et
981 3970 1011 4007 e
1063 3954 1247 4008 domo
1287 3955 1468 4024 patris
1520 3957 1965 4026 sui,continuo,
2003 3961 2163 4017 utita

508 4044 727 4111 dicam,
756 4044 963 4099 omnia
1015 4045 1193 4110 exuit,
1230 4043 1505 4113 patriam,
1537 4052 1771 4116 terram,
1808 4052 2167 4120 consangui-

508 4150 676 4203 neos,
704 4140 998 4205 parentes,
1022 4139 1078 4187 et
1128 4132 1389 4187 obedivit
1432 4134 1607 4189 verbo
1633 4136 1865 4190 Domini
1905 4156 1917 4205 ;
1950 4138 2165 4195 deinde

506 4226 736 4278 interea
757 4222 959 4277 multis
1007 4222 1462 4291 probationibus
1511 4230 1567 4279 et
1611 4228 2034 4283 tentatiouibus
2084 4231 2164 4285 illi

506 4312 1010 4380 contingentibus,
1042 4314 1166 4364 sive
1215 4312 1463 4381 quando
1486 4313 1616 4382 ejus
1656 4330 1805 4369 uxor
1826 4317 2027 4373 ablata
2053 4326 2160 4384 est,

505 4404 629 4456 sive
688 4400 933 4471 quando
979 4400 1038 4453 in
1084 4406 1236 4455 terra
1282 4400 1472 4455 aliena
1526 4402 1750 4471 degens
1805 4405 2158 4475 injustitiam

505 4506 721 4563 passus
756 4496 867 4557 est,
891 4504 995 4560 per
1042 4491 1249 4545 omnia
1290 4498 1568 4546 ostensus
1623 4500 1705 4547 est
1734 4494 1920 4550 Deum
1956 4497 2153 4553 solum

505 4595 685 4652 super
703 4581 911 4635 omnia
955 4578 1198 4649 diligere
1230 4595 1244 4645 ;
1276 4579 1537 4651 denique
1570 4597 1709 4636 cum
1747 4599 1849 4654 per
1898 4588 2157 4656 promis.

503 4669 733 4724 sionem
798 4676 855 4724 et
912 4676 1044 4739 post
1112 4667 1328 4723 multos
1378 4685 1573 4725 annos
1645 4673 1885 4728 unicum
1962 4676 2151 4733 lilium

501 4774 683 4830 quem
709 4760 965 4812 multum
985 4757 1433 4812 desideraverat
1461 4760 1746 4827 possedit,
1774 4762 1979 4832 jussus
1994 4766 2155 4822 hunc

499 4848 562 4902 in
588 4846 943 4901 sacriﬁcium
960 4846 1200 4900 viriliter
1214 4862 1317 4915 per
1339 4848 1745 4915 seiinmolare,
1762 4867 1987 4908 exuens
2002 4858 2155 4928 seip-

501 4950 639 4990 sum
684 4941 741 4988 et
789 4949 922 4989 vere
972 4935 1302 5003 abnegans,
1328 4938 1585 4991 ostendit
1612 4942 1915 5009 quomodo
1943 4950 2156 5015 praeter

498 5024 689 5080 Deum
706 5022 848 5077 nihil
865 5023 1026 5079 aliud
1042 5026 1330 5079 amaverit
1347 5040 1453 5095 per
1475 5028 1739 5099 unigenit
1759 5032 2147 5092 oblationem.

500 5114 562 5171 Si
602 5114 763 5170 enim
803 5113 965 5168 hunc
1016 5128 1304 5185 generose
1341 5117 1521 5183 exuit,
1558 5127 1785 5187 quanto
1846 5128 2057 5196 magis,
2090 5136 2139 5189 si

571 5295 618 5334 “
647 5292 781 5353 Job.
807 5309 847 5362 1,
869 5292 960 5350 21.

2280 3173 2379 3223 ὑπὸ
2420 3180 2513 3234 τῆς
2553 3171 2921 3243 αἰχμαλωσίας
2962 3179 3061 3222 τῶν
3106 3171 3424 3245 ἀλλοφύλων,
3476 3175 3613 3229 τοῦτ’
3640 3180 3743 3228 ἔστι
3772 3182 3852 3225 τῶν

2277 3264 2578 3333 πνευμάτων
2654 3268 2748 3322 τῆς
2821 3266 3068 3333 πονηρίας
3144 3261 3657 3336 αἱχμαλωτιξόμενοι
3724 3261 3853 3315 ἀπόλ-

2277 3351 2455 3403 λυνται
2612 3350 2671 3402 Εἰ
2696 3347 2755 3401 δε
2783 3348 2947 3423 βούλῃ
2983 3348 3191 3420 ἀγάπης
3218 3352 3294 3423 (9)
3326 3351 3713 3427 ἀπηρτισμένης
3736 3352 3857 3404 εύθύ-

2277 3460 2409 3498 τητα
2458 3444 2587 3512 πρὸς
2642 3442 2829 3511 Κύριον
2876 3438 2929 3490 ἐκ
2973 3446 3070 3490 τῶν
3134 3439 3295 3511 ἁγίων
3353 3444 3699 3496 θεοπνεύστων
3751 3446 3856 3514 Γρα-

2279 3537 2381 3601 φῶν
2456 3530 2793 3599 καταμαθεῖν,
2870 3524 2954 3579 ἴδε
3027 3532 3113 3579 τόν
3188 3528 3325 3596 Ἰὼϐ,
3410 3540 3515 3593 πῶς
3590 3526 3857 3584 ἀπεδύσατο

2277 3620 2465 3681 πάντα,
2520 3620 2692 3689 ὥσπερ
2759 3617 2935 3682 εἰπεῖν,
2993 3615 3120 3689 οἷπερ
3175 3613 3235 3674 ἦν
3294 3626 3635 3693 κεκτημένος,
3712 3624 3857 3682 τέκνα,

2278 3712 2539 3778 κτήματα,
2596 3707 2726 3771 ζῶα,
2786 3701 2986 3766 παῖδας
3049 3712 3139 3758 καὶ
3197 3709 3260 3758 τὰ
3328 3707 3497 3761 λοιπὰ
3564 3711 3860 3782 ὑπάρχοντα,

2277 3804 2387 3857 πῶς
2430 3791 2854 3865 ἀπεκδυσάμενος
2900 3796 3070 3865 ἔφυγε,
3105 3799 3193 3846 καὶ
3243 3792 3506 3851 διέσωσεν
3557 3800 3748 3864 ἑαυτὸν,
3790 3800 3860 3846 καὶ

2277 3884 2432 3936 αυτὸν
2471 3888 2555 3935 τὸν
2603 3893 2806 3955 χιτῶνα
2844 3883 2986 3955 ἀφεὶς
3034 3892 3121 3936 καὶ
3170 3885 3331 3958 ῥίψας
3390 3897 3471 3960 τῷ
3528 3894 3740 3958 Σατανᾷ,
3784 3888 3857 3937 καὶ

2276 3977 2403 4045 μήτε
2456 3972 2503 4024 ἐν
2546 3973 2678 4044 λόγῳ
2730 3972 3120 4045 βλασφημήσας
3176 3980 3309 4046 μήτε
3360 3984 3428 4047 τῇ
3489 3975 3698 4053 καρδίᾳ,
3749 3980 3858 4048 μήτε

2274 4070 2377 4123 τοῖς
2421 4063 2625 4134 χείλεσι
2679 4062 3020 4133 φθεγξάμενος
3076 4061 3287 4115 ἐνώπιον
3342 4074 3435 4117 τοῦ
3496 4068 3702 4141 Κυρίου,
3750 4062 3855 4115 ἀλλὰ

2273 4152 2567 4203 τούναντίον
2599 4152 2846 4221 εύλόγησε
2890 4156 2975 4202 τὸν
3028 4154 3233 4223 Κύριον,
3270 4153 3430 4206 εἰπών
3461 4170 3475 4185 ⁵
3527 4155 3583 4207 Ὀ
3643 4157 3855 4227 Κύριος

2272 4237 2531 4306 ἔδωκεν,
2600 4242 2624 4291 ό
2687 4243 2916 4314 Κύριος
2965 4239 3307 4312 ἀφείλετο·
3361 4245 3443 4306 ὡς
3510 4252 3589 4315 τῷ
3666 4246 3849 4315 Κυρίῳ

2271 4327 2512 4391 ἔδοξεν,
2583 4329 2779 4390 οὕτως
2845 4334 2953 4381 καὶ
3010 4328 3260 4400 ἐγένετο
3323 4349 3334 4360 ’
3389 4337 3487 4391 εἴη
3547 4338 3609 4386 τὸ
3675 4338 3850 4401 ὄνομα

2270 4421 2512 4491 Κυρίου
2548 4416 2997 4488 εύλογημένον.
3038 4417 3140 4471 Κάν
3163 4420 3429 4490 ἐνομίζετο
3455 4426 3556 4497 γὰρ
3586 4421 3848 4478 κεκτῆσθαι

2268 4508 2447 4573 πολλὰ,
2484 4506 2823 4579 δοκιμασθεὶς
2854 4509 2953 4559 ὑπὸ
2990 4517 3080 4559 τοῦ
3135 4514 3350 4580 Κυρίου,
3385 4510 3673 4585 ἐφανερώθη
3700 4505 3846 4583 μηδὲν

2267 4602 2575 4670 κεκτημένος
2604 4598 2634 4656 ἡ
2659 4602 2810 4668 μόνον
2834 4600 2918 4648 τὸν
2948 4603 3095 4650 Θεὸν.
3128 4596 3351 4669 Ὁμοίως
3376 4602 3400 4652 ό
3434 4601 3672 4676 Ἀϐρααμ
3701 4599 3844 4651 κελευ-

2271 4690 2412 4748 σθεὶς
2451 4689 2550 4739 ὑπὸ
2582 4694 2672 4738 τού
2723 4691 2912 4757 Κυρίου
2943 4685 3157 4747 ἐξελθεῖν
3193 4687 3248 4738 ἐκ
3289 4696 3384 4751 τῆς
3428 4700 3525 4761 γῆς
3554 4695 3642 4742 καὶ
3686 4692 3735 4740 ἑκ
3768 4692 3845 4742 τῆς

2270 4782 2571 4849 συγγενείας
2599 4781 2689 4827 καὶ
2712 4778 2766 4826 ἐκ
2798 4783 2887 4826 τοῦ
2918 4777 3061 4826 οἴκου
3094 4785 3184 4827 τοῦ
3218 4782 3413 4852 πατρὸς
3455 4780 3633 4844 αὐτοῦ,
3661 4777 3843 4833 εὐθέως.

2265 4870 2437 4939 ὥσπερ
2469 4866 2645 4931 εἰπεῖν,
2677 4861 2980 4916 ἀπεδύσατο
3008 4866 3198 4931 πάντα,
3233 4865 3487 4940 πατρίδα,
3521 4876 3637 4938 γῆν,
3673 4880 3843 4935 aur/7;-

2263 4966 2384 5019 νεῖς,
2435 4962 2601 5027 γονεῖς
2647 4959 2734 5006 καὶ
2774 4954 3153 5016 ἐξηκολούθησε
3192 4963 3263 5025 τῷ
3318 4956 3449 5028 λόγῳ
3482 4965 3569 5009 τοῦ
3624 4958 3799 5028 Κυρίου
3829 4968 3839 4979 ·

2264 5048 2375 5100 εἶτα
2417 5044 2608 5118 μεταξὺ
2658 5042 2851 5095 πολλῶν
2893 5040 3220 5113 δοκιμασιῶν
3259 5051 3347 5097 καὶ
3389 5052 3681 5119 πειρασμῶν
3719 5041 3839 5106 αύτῷ

2234 5141 2535 5218 γινομένων,
2575 5140 2728 5186 τοῦτο
2764 5136 2854 5205 μεν
2894 5141 2985 5193 τῆς
3030 5137 3278 5205 γυναικός
3328 5134 3492 5187 αὐτοῦ
3538 5131 3834 5206 λαμϐανομέ-

1834 5468 2061 5546 visui:
2086 5470 2509 5552 ‘LECTIONES'.

570 5644 649 5725 (7)
676 5650 816 5707 Cod.
845 5654 923 5705 τό.
1002 5647 1081 5720 (8)
1103 5644 1247 5704 Cod.
1278 5647 1616 5704 ἀπόλλωνται.

1715 5651 1794 5725 (9)
1829 5653 1976 5714 Cod.
2001 5658 2229 5732 ἀγάπην.
