4084 6256
264 287 374 350 509

1591 293 1927 353 HOMILIE.
1959 321 2032 340 -ο-
2057 295 2238 353 HOM.
2280 289 2351 355 ν.

3525 305 3632 362 510

273 438 382 483 mg,
411 427 567 471 τοῦτο
612 417 670 472 δὲ
712 423 795 473 ἐπὶ
826 421 968 484 ξένης
998 423 1110 493 (10)
1143 418 1360 494 διάγων,
1392 428 1483 475 καὶ
1513 420 1853 494 ἀδικούμενος

1989 423 2220 494 reliqua
2289 426 2493 481 omnia
2543 441 2678 496 quae
2736 425 3085 496 possidebat
3146 427 3352 497 jussus
3420 430 3635 486 fuisset

267 514 357 560 xui
390 506 484 560 διὰ
525 511 728 561 πάντων
767 509 1134 584 ἀποδειχθεὶς,
1189 515 1269 564 ὅτι
1322 517 1450 564 Θεὸν
1498 518 1649 584 μόνον
1697 511 1875 584 ἀγαπᾴ

268 599 396 672 ὑπὲρ
444 600 654 650 πάντα·
720 600 932 674 ὕστερον
1009 600 1116 652 ἐπεὶ
1184 598 1255 653 δι’
1310 602 1622 672 ἐπαγγελίας
1678 609 1766 652 καὶ
1803 599 1876 652 δι’

269 689 394 738 ἑτῶν
442 689 637 739 πολλῶν
697 698 945 760 μονογενῆ
1010 692 1123 741 υἱόν
1171 693 1306 742 κατά
1345 690 1534 748 πολλὴν
1596 691 1874 762 ἐπιθυμίαν

267 777 548 841 ἑκτήσατο,
610 777 839 838 αἰτηθεὶς
886 787 1066 830 τοῦτον
1115 779 1186 840 εἰς
1233 781 1414 830 θυσίαν
1459 782 1734 853 προθύμως
1790 776 1864 831 διδ

267 862 453 915 ἑαυτου
486 865 770 936 ἀναφέρειν,
819 865 1216 935 ἀποδυσάμενος
1275 867 1453 919 ἑαυτὸν
1517 873 1606 919 xui
1669 867 1871 930 ἀληθῶς

266 951 619 1026 ἀρνησάμενος
646 970 657 982 ·
710 951 950 1017 ἀπέδειξε
978 959 1103 1026 γαρ,
1137 957 1214 1006 ὃτι
1252 960 1417 1028 παρὲκ
1448 958 1560 1026 (11)
1591 961 1717 1008 Θεοῦ
1749 955 1872 1006 ἀλλο

265 1059 317 1092 τι
348 1042 445 1092 οὐκ
473 1043 722 1112 ἠγάπησε
763 1040 856 1095 διὰ
903 1053 997 1106 τῆς
1026 1053 1117 1096 τοῦ
1143 1052 1448 1115 μονογενοῦς
1474 1041 1812 1116 προσκομιδῆ
1826 1065 1866 1106 ς.

265 1130 325 1180 Εἰ
382 1132 485 1202 γὰρ
536 1131 722 1182 ἐκεῖνον
776 1135 1054 1204 προθύμως
1097 1129 1422 1196 ἀπεδύσατο,
1478 1152 1625 1202 πόσῳ
1656 1133 1867 1204 μᾶλλον,

264 1219 307 1270 ει
338 1221 404 1269 τὰ
451 1220 607 1271 λοιπά
651 1221 810 1272 αὑτοῦ
852 1224 1164 1293 ὑπάρχοντα
1207 1219 1491 1278 ἀκελεύσθη
1543 1222 1694 1273 ἐᾶσαι
1720 1222 1748 1280 ἡ
1778 1227 1869 1274 πί-

261 1326 416 1364 νησιν
467 1310 548 1380 ὑφ’
610 1311 659 1360 ἓν
721 1307 1008 1382 διανεῖμαι,
1069 1311 1280 1381 ἑτοίμως
1333 1317 1421 1362 καὶ
1472 1313 1748 1382 προθύμως
1807 1310 1867 1361 ἂν

261 1394 505 1454 ἐποίησεν
537 1398 550 1451 l
604 1397 760 1472 Ὀρᾳς
803 1399 1009 1468 ἀγάπης
1065 1399 1459 1470 ἀπηρτισμένης
1497 1399 1552 1450 ἐκ
1584 1399 1867 1470 θελήματος

259 1489 394 1560 πρὸς
425 1489 613 1558 Κύριον
658 1487 922 1544 εὐθύτητα
955 1506 968 1554 ;
1011 1488 1175 1547 ούτως
1199 1496 1288 1539 και
1328 1491 1377 1539 οἰ
1406 1491 1598 1539 τούτων
1632 1488 1866 1559 σύγκλη-

257 1582 472 1647 ρονόμοι
502 1578 741 1646 γενέσθαι
791 1575 1097 1649 βουλόμενοι
1152 1580 1318 1648 παρὲκ
1365 1581 1480 1648 (I‘Z)
1539 1585 1673 1629 Θεοῦ
1716 1575 1866 1629 οὐδὲν

259 1663 555 1735 ὀφείλουσιν
609 1663 906 1736 ἀγαπῆσαι,
965 1668 1070 1732 ἵνα,
1122 1668 1242 1718 ὅταν
1293 1663 1685 1738 δοκιμασθῶσι,
1727 1673 1865 1740 χρή-

261 1772 414 1825 σιμοι
470 1760 559 1807 καὶ
607 1754 822 1828 δόκιμοι
869 1759 1139 1830 εύρεθῶσι,
1181 1757 1371 1808 τελείαν
1401 1762 1493 1814 τὴν
1538 1757 1746 1826 ἀγάπην
1777 1758 1865 1808 αύ-

258 1851 361 1892 τῶν
385 1847 516 1916 πρὸς
553 1847 738 1918 Κύριον
771 1843 1152 1908 ἀποσώζοντες.
1204 1848 1269 1896 Οἱ
1316 1854 1544 1897 τοιοῦτοι
1573 1847 1665 1907 ἕως
1694 1846 1864 1905 τέλους

257 1929 538 1994 διεξελθεῖν
586 1938 672 1984 τόν
723 1933 900 2004 ἀγῶνα
958 1932 1301 2000 δυνήσονται,
1361 1938 1410 1985 οἱ
1474 1935 1528 1985 ἐκ
1577 1935 1864 2005 θελήματος

257 2027 389 2074 Θεὸν
463 2026 618 2094 μόνον
717 2026 1080 2094 ἀγαπήσαντες
1163 2028 1397 2088 πάντοτε,
1507 2030 1594 2076 καὶ
1687 2029 1864 2087 πάσης

255 2095 464 2182 ἀγάπης
511 2119 713 2183 κόσμου
766 2113 976 2172 ἑαυτούς
1036 2113 1321 2174 λελυκότες.
1376 2113 1575 2183 Ὀλίγοι
1641 2110 1698 2165 δε
1739 2120 1862 2185 σφό-

717 2023 1080 2094 ἀγαπήσαντες
1163 2028 1397 2088 πάντοτε,
1507 2030 1594 2076 καὶ

257 2197 362 2272 δρα
425 2201 757 2275 εὑρίσκονται
823 2204 871 2253 oi
925 2207 1172 2260 τοιαύτην
1231 2203 1438 2273 ἀγάπην
1505 2202 1858 2270 ἀναλαϐόντες,

255 2298 346 2342 xui
413 2294 590 2352 πάσας
655 2293 740 2351 τὰς
801 2299 892 2342 τού
946 2298 1148 2362 κόσμου
1196 2290 1390 2354 ἡδονὰς
1451 2298 1538 2343 καὶ
1582 2292 1859 2362 ἐπιθυμίας

253 2378 718 2454 ἀποστρεφομενοι,
774 2386 863 2432 καὶ
934 2383 1280 2454 μακροθύμως
1333 2384 1425 2441 τάς
1483 2383 1858 2443 ἐπαναστάσεις

251 2475 341 2520 xui
387 2473 715 2542 πειρασμοὺς
773 2478 863 2522 τοῦ
916 2480 1144 2544 πονηροῦ
1202 2473 1567 2542 ύπομένοντες’
1608 2476 1679 2542 μὴ
1731 2473 1856 2544 γὰρ,

250 2556 433 2617 ίπειδη
490 2559 668 2612 πολλοὶ
712 2565 980 2632 ποταμοὺς
1033 2567 1418 2633 παρερχόμενοι
1464 2563 1857 2634 παρασύρονται

251 2649 353 2701 ὑπὸ
385 2658 484 2701 τῶν
525 2646 758 2718 ὑδάτων,
817 2649 910 2702 οὐκ
975 2649 1106 2702 εἰσιν
1151 2653 1200 2701 oi
1249 2647 1595 2723 διαπερῶντες
1625 2654 1740 2709 τούς
1773 2652 1859 2702 θο-

247 2738 431 2811 λερούς
476 2743 742 2812 ποταμούς
779 2748 879 2790 τῶν
935 2747 1025 2791 τοῦ
1084 2745 1285 2810 κόσμου
1333 2741 1623 2810 ἐπιθυμιῶν
1670 2759 1856 2791 παντο-

251 2823 453 2898 δαπῶν,
512 2833 600 2880 καὶ
638 2827 886 2880 ποικίλων
926 2837 1228 2899 πειρασμῶν
1268 2837 1366 2879 τῶν
1416 2831 1719 2898 πνευμάτων
1761 2838 1856 2888 τῆς

246 2922 505 2990 πονηρίας
537 2934 550 2983 ;
584 2923 673 2970 xui
704 2913 885 2975 ἐπειδὴ
920 2917 1084 2970 πολλὰ
1115 2918 1269 2969 πλοῖα
1294 2916 1342 2968 ἐν
1385 2925 1446 2988 τῇ
1484 2919 1722 2990 θαλάσσῃ
1765 2938 1856 2970 κα-

248 3005 544 3076 λυπτόμενα
621 3007 720 3059 ύπό
799 3015 899 3058 τῶν
953 3007 1196 3078 κυμάτων
1255 3005 1553 3078 βυθίζεται,
1613 3006 1706 3057 ούκ
1751 3007 1853 3059 εἰσὶ

256 3090 604 3167 διαπερῶντα,
667 3101 753 3148 xui
812 3095 979 3149 ἐπάνω
1065 3104 1163 3147 τῶν
1216 3097 1458 3166 κυμάτων
1525 3091 1850 3166 διοδεύοντα,

252 3188 343 3235 xui
397 3183 465 3244 είς
527 3184 703 3256 λιμένα
771 3185 973 3258 εἰρήνης
1041 3190 1483 3253 καταντήσαντα;
1545 3182 1640 3236 διά
1701 3193 1853 3237 τοῦτο

250 3278 483 3334 πίστεως
556 3273 751 3333 πολλῆς
803 3279 892 3326 xui
959 3275 1327 3347 μακροθυμίας
1382 3278 1470 3324 xui
1527 3271 1718 3344 ἀγῶνος
1764 3283 1852 3330 καὶ

254 3364 522 3434 ὑπομονῆς
571 3367 656 3415 xui
707 3367 870 3414 πόνων
919 3369 1006 3416 xui
1061 3369 1237 3424 πείνης
1285 3368 1374 3414 καὶ
1430 3359 1592 3433 δίψης
1647 3363 1719 3424 εἰς
1793 3367 1853 3415 τὸ

257 3449 457 3522 ἀγαθὸν
506 3454 596 3502 καὶ
649 3449 898 3512 ὀξύτητος
946 3457 1034 3504 καὶ
1096 3449 1358 3511 ἀναιδείας
1396 3456 1486 3502 καὶ
1544 3449 1854 3526 διακρίσεως

253 3545 344 3592 xui
403 3544 657 3599 συνέσεως
711 3540 930 3591 πάντοτε
993 3546 1155 3612 χρεία
1184 3561 1196 3570 -
1239 3544 1288 3592 οἱ
1332 3544 1430 3613 γὰρ
1478 3540 1711 3592 πλεῖστοι
1753 3550 1852 3592 τῶν

251 3628 536 3701 ἀνθρώπων
566 3631 686 3680 ἄνευ
708 3631 948 3702 καμάτων
989 3635 1078 3682 xui
1127 3630 1335 3701 ἀγώνων
1361 3635 1449 3682 xui
1484 3627 1717 3704 ἱδρώτων
1747 3631 1854 3682 ἑπι-

247 3727 432 3791 τυχεῑν
460 3717 737 3791 βασιλείας
763 3717 1041 3792 βούλονται
1072 3720 1188 3792 (13)
1223 3737 1233 3748 ·
1282 3722 1404 3792 ὅπερ
1427 3716 1684 3772 ἀδύνατόν
1717 3723 1849 3774 ἐστι.

245 3806 445 3881 Ὠσπερ
496 3809 583 3860 οὖν
637 3811 685 3860 ἓν
728 3814 911 3880 κόσμῳ
964 3808 1288 3882 ἀπέρχονταί
1324 3828 1451 3869 τινες
1509 3807 1695 3880 ἄνδρες
1726 3815 1854 3883 πρός

245 3915 364 3951 τινα
405 3898 654 3950 πλούσιον
705 3897 1036 3972 ἐργάσασθαι
1094 3899 1160 3958 είς
1207 3901 1351 3970 θέρος
1381 3899 1410 3957 ἡ
1442 3898 1510 3958 είς
1567 3899 1736 3973 ἔτερον
1775 3901 1854 3973 ἕρ-

244 4007 356 4060 γον,
420 3989 558 4049 ὅπως
608 3993 952 4062 πορίσωνται,
992 3989 1027 4040 οἱ
1078 3988 1378 4062 χρῄζουσιν
1427 3990 1570 4059 ἔχειν
1628 3989 1698 4047 εἰς
1758 3994 1851 4046 τήν

245 4075 534 4151 διατροφήν
597 4077 764 4129 αὐτῶν
798 4094 811 4107 ⁸
854 4078 956 4130 εἰσὶ
1012 4074 1070 4130 δέ
1120 4097 1252 4139 τινες
1303 4077 1350 4129 ἐν
1408 4077 1584 4138 αὐτοῖς
1641 4077 1850 4148 ὀκνηροί

244 4173 334 4218 καὶ
362 4167 535 4238 ἀργοὶ,
565 4171 636 4237 μή
679 4167 958 4237 κάμνοντες
1005 4163 1063 4218 δι
1094 4166 1276 4229 οὕτως,
1332 4171 1465 4237 μήτε
1517 4165 1851 4237 ἁρμοζόντως

242 4256 619 4330 ἑργαζόμενοι·
708 4255 858 4308 αὗτοι
918 4253 1085 4327 μηδὲν
1159 4258 1525 4318 κοπιάσαντες,
1572 4260 1704 4326 μήτε
1760 4274 1850 4307 κα-

241 4352 422 4418 μόντες
479 4345 550 4406 εἰς
606 4348 692 4396 τὸν
745 4341 883 4397 οἷκον
936 4353 1029 4398 τοῦ
1080 4344 1356 4410 πλουσίου,
1431 4343 1710 4416 βούλονται
1762 4349 1850 4395 τὸν

241 4435 436 4507 μισθόν
482 4433 535 4497 ἐξ
575 4437 691 4486 ἴσου
745 4432 914 4487 λαϐεῖν
967 4441 1070 4494 τοῖς
1140 4430 1386 4507 ἀνδρείως
1424 4438 1513 4485 καὶ
1560 4433 1714 4495 ὀξέως
1764 4449 1848 4493 καὶ

1991 511 2346 583 relinquere,
2408 521 2508 569 aut
2577 515 2968 584 privationem
3044 516 3104 568 in
3176 533 3292 570 uno
3356 521 3632 590 experiri,

1985 599 2236 655 libenter
2311 618 2381 656 ac
2471 618 2758 673 generose
2837 603 3088 658 fecisset.
3180 606 3427 662 Videsne
3493 609 3634 663 dile-

1987 691 2198 743 ctionis
2288 694 2557 761 perfectas
2646 708 2718 745 ex
2801 695 3100 747 voluntate
3164 697 3240 748 ad
3311 698 3630 753 Dominum

1984 779 2394 833 rectitudineni
2455 780 2482 833 ‘I
2572 781 2662 834 Sic
2729 788 2783 835 et
2874 786 2976 852 qui
3041 783 3246 837 talium
3317 786 3633 856 participes

1983 866 2107 919 ﬁeri
2138 868 2338 922 volunt
2407 876 2612 938 praeter
2641 871 2824 923 Deum
2891 871 3034 924 nihil
3093 872 3310 927 debent
3364 875 3631 944 diligere,

1986 963 2064 1020 ut,
2153 958 2400 1025 quando
2490 959 2924 1027 probabuntur,
2996 963 3165 1014 utiles
3236 969 3290 1016 et
3355 966 3478 1033 apti
3545 965 3628 1018 in-

1978 1045 2314 1108 veniantur,
2345 1046 2665 1115 perfectam
2699 1047 3076 1102 dilectionem
3107 1066 3281 1105 suam
3323 1052 3400 1106 ad
3431 1055 3630 1107 Domi-

1980 1148 2126 1186 num
2149 1140 2591 1189 conservantes.
2625 1135 2790 1189 Tales
2820 1153 3006 1206 usque
3038 1143 3111 1190 ad
3140 1141 3325 1194 tinem
3359 1158 3628 1211 pugnam

1980 1224 2337 1290 pertransire
2367 1233 2663 1293 poterunt,
2684 1228 2784 1294 qui
2819 1243 2848 1278 e
2884 1225 3182 1282 voluntate
3215 1230 3402 1284 Deum
3434 1233 3625 1286 solum

1979 1312 2226 1365 omnino
2244 1312 2593 1376 dilexerunt,
2615 1324 2670 1366 et
2699 1313 2776 1367 ab
2797 1318 2961 1367 omni
2982 1318 3193 1370 mundi
3225 1319 3538 1373 dilectione
3565 1337 3627 1374 se

1977 1397 2398 1455 liberaverunt.
2433 1405 2605 1456 Pauci
2638 1412 2838 1456 autem
2870 1403 3203 1458 admodum
3244 1405 3629 1462 inveniuntur

1977 1489 2082 1557 qui
2101 1488 2276 1542 talem
2300 1490 2678 1544 dilectionem
2705 1493 3056 1562 suscipiunt,
3093 1502 3149 1547 et
3174 1510 3386 1549 omnes
3415 1497 3628 1550 mundi

1980 1577 2312 1646 voluptates
2371 1586 2427 1632 et
2483 1580 2836 1648 cupiditates
2883 1591 3256 1648 aversantur,
3305 1592 3361 1638 et
3394 1585 3628 1639 viriliter

1976 1663 2466 1733 impugnationes
2522 1678 2577 1721 et
2625 1669 2977 1722 tentationes
3011 1669 3258 1739 maligni
3315 1675 3629 1730 sustinent.

1977 1755 2180 1808 Nonne
2210 1758 2391 1820 enim,
2447 1759 2736 1827 quoniam
2794 1760 2962 1812 multi
2989 1759 3206 1814 ﬂuvios
3254 1770 3627 1816 transeuntes

1977 1847 2149 1911 aquis
2173 1843 2570 1913 abripiuntur,
2633 1854 2770 1899 sunt
2822 1846 2923 1916 qui
2986 1856 3292 1903 transeunt
3348 1851 3623 1904 turbidos

1973 1929 2190 1985 ﬂuvios
2213 1936 2660 1988 mundanarum
2684 1937 3078 2005 cupiditatum
3104 1945 3222 1991 tam
3243 1939 3625 1993 diversarum

1976 2034 2393 2091 variarumque
2425 2026 2815 2077 tentationum
2847 2027 3163 2095 spirituum
3191 2027 3470 2097 nequitia:
3497 2025 3621 2092 ‘Iet,

1971 2124 2259 2178 quoniam
2274 2113 2461 2165 multa
2474 2113 2713 2182 navigia
2727 2115 2786 2166 in
2803 2119 2948 2168 mari
2967 2115 3620 2171 absconditaﬂuctibus

1972 2199 2427 2268 immerguntur,
2460 2216 2660 2255 nonne
2692 2205 2950 2272 suntqui
2977 2219 3140 2257 mare
3172 2212 3616 2273 pertranseunt,

1971 2289 2069 2356 qui
2095 2290 2156 2340 in
2186 2289 2466 2343 ﬂuctibus
2495 2291 2842 2360 procedunt,
2889 2298 2944 2346 et
2973 2295 3034 2345 in
3062 2305 3300 2362 portum
3330 2296 3494 2364 pacis
3523 2296 3620 2349 de-

1973 2384 2215 2430 veniunt
2231 2375 2258 2430 ‘i
2277 2380 2563 2441 Quocirca
2587 2379 2776 2433 multa
2792 2380 2910 2433 lide
2936 2380 3370 2448 etl'ortitudine,
3392 2398 3617 2453 pugna,

1970 2467 2274 2534 patientia,
2297 2467 2626 2536 laboribus,
2647 2469 2804 2522 fame
2836 2470 2997 2522 etsiti
3026 2472 3100 2523 ad
3128 2471 3248 2525 bon
3262 2488 3383 2536 um,
3413 2471 3621 2527 alacri-

1972 2560 2105 2618 tate,
2131 2558 2596 2624 perseverantia,
2623 2557 2844 2626 judicio
2869 2565 2924 2611 et
2943 2557 3260 2613 reﬂexione
3281 2560 3614 2614 admodum

1967 2659 2120 2712 opus
2151 2652 2259 2698 est.
2282 2644 2547 2716 Plerique
2573 2650 2734 2700 enim
2764 2647 3038 2700 homines
3072 2649 3199 2702 sine
3223 2648 3534 2703 laboribus
3558 2653 3619 2702 et

1968 2734 2185 2802 pugnis
2212 2741 2269 2787 et
2298 2734 2616 2788 sudoribus
2635 2750 2889 2803 regnum
2910 2738 3177 2791 obtinere
3201 2739 3430 2804 volunt,
3453 2739 3620 2808 quod

1965 2823 2333 2892 impassibile
2357 2830 2460 2877 est.
2497 2824 2567 2877 Ut
2592 2824 2844 2892 igiturin
2862 2827 3091 2880 mundo
3122 2836 3339 2881 exeunt
3364 2826 3614 2897 quidam

1966 2912 2071 2965 Viri
2090 2914 2168 2966 ad
2189 2913 2450 2983 aliquem
2478 2913 2744 2978 divitem,
2772 2913 3205 2968 utlaborentad
3235 2931 3493 2969 messem
3513 2923 3616 2971 aut

1966 3005 2042 3057 ad
2074 3002 2233 3057 aliud
2267 3016 2442 3071 opus,
2470 3017 2592 3070 quo
2614 3003 3024 3071 procurabunt
3045 3019 3179 3072 quae
3199 3005 3308 3058 sibi
3342 3020 3618 3058 necessa-

1964 3093 2052 3147 ria
2081 3101 2220 3146 sunt
2247 3094 2324 3146 ad
2356 3108 2530 3144 suum
2563 3102 2780 3146 Victum
2811 3091 3161 3146 habendum
3192 3108 3205 3146 :
3242 3103 3475 3147 suntex
3502 3093 3616 3146 illis

1963 3181 2212 3253 quidam
2245 3182 2398 3251 pigri
2428 3187 2485 3234 et
2535 3180 2835 3243 vecordes,
2869 3191 2924 3235 et
2951 3185 3035 3235 ita
3080 3197 3202 3236 non
3251 3184 3614 3246 laborantes,

1965 3286 2159 3341 neque
2176 3269 2537 3324 conveniens
2559 3285 2712 3339 Opus
2727 3277 3068 3324 exercentes
3092 3286 3106 3335 ;
3135 3272 3230 3324 isti
3246 3286 3365 3324 non
3380 3271 3612 3340 fatigati

1964 3375 2159 3430 neque
2189 3360 2530 3414 laborantes
2551 3374 2610 3412 in
2641 3362 2838 3412 divitis
2855 3361 3074 3413 domus
3100 3364 3377 3428 gratiam,
3411 3361 3617 3414 volunt

1964 3449 2300 3504 mercedem
2333 3448 2628 3519 aequalem
2650 3449 2918 3518 accipere
2939 3449 3047 3502 illis
3078 3451 3181 3519 qui
3208 3450 3471 3514 viriliter,
3494 3451 3618 3505 ala-

1963 3539 2134 3592 criter
2159 3545 2215 3592 et
2251 3539 2536 3592 omnibus
2569 3537 2789 3591 viribus
2839 3536 3286 3602 laboraverunt,
3319 3544 3613 3608 tanquam

1964 3628 2197 3682 illorum
2247 3642 2402 3697 opus
2427 3626 2556 3695 jam
2609 3627 2904 3680 fecissent.
2936 3629 3062 3682 Pari
3112 3630 3316 3693 modo,
3361 3628 3614 3698 quando

1961 3717 2216 3787 legimus
2241 3716 2300 3770 in
2328 3717 2664 3785 Scripturis,
2697 3717 3008 3785 quomodo
3038 3718 3360 3786 istejustus
3390 3717 3616 3787 placuit

1966 3809 2105 3870 Deo,
2131 3805 2440 3875 quomodo
2471 3805 2702 3858 amicus
2729 3812 2784 3858 et
2808 3806 3251 3859 contubernalis
3284 3807 3386 3860 Dei
3418 3807 3612 3861 factus

1962 3903 2065 3961 est,
2098 3901 2154 3949 et
2177 3909 2388 3948 omnes
2419 3899 2616 3961 patres
2647 3896 2955 3963 quomodo
3005 3897 3183 3948 amici
3207 3902 3263 3949 et
3289 3896 3615 3966 participes

1965 3985 2061 4039 Dei
2118 3983 2256 4038 facti
2286 3990 2444 4050 sunt,
2475 3988 2732 4052 quantas
2788 3997 3093 4036 aerumnas
3150 3987 3412 4054 perpessi
3453 3995 3613 4052 sunt,

1960 4083 2189 4146 quanta
2208 4079 2450 4142 propter
2467 4071 2654 4125 Deum
2678 4072 3102 4136 sustinuerunt,
3131 4081 3358 4142 quanta
3382 4073 3615 4129 fortitu-

1961 4164 2099 4217 dine
2120 4162 2322 4216 luctati
2350 4168 2486 4214 sunt
2506 4167 2562 4214 et
2588 4168 3027 4231 pugnaverunt,
3055 4162 3186 4215 illos
3207 4163 3611 4230 gratulamur,
3637 4169 3639 4172 ’

1961 4252 2294 4322 etaaquales
2319 4250 2431 4303 illis
2453 4251 2758 4304 mercedes
2787 4257 2843 4304 et
2867 4265 3125 4304 nonores
3147 4251 3414 4306 obtinere
3443 4252 3612 4307 volu-

1960 4358 2117 4407 mus,
2152 4345 2210 4396 et
2238 4341 2517 4411 cupimus
2571 4340 2845 4393 ardenter
2897 4342 3166 4410 accipere
3219 4339 3444 4411 inclyta
3497 4342 3612 4398 ista

1959 4431 2141 4496 dona,
2157 4430 2499 4485 omittentes
2513 4428 2750 4483 illorum
2764 4429 3023 4494 labores,
3040 4445 3607 4500 pugnas,aerumnas

243 4523 334 4596 ὅλη
379 4525 545 4574 αύτῶν
586 4530 844 4596 καμοῦσιν
890 4523 1066 4595 ίσχύῑ,
1121 4526 1189 4585 ως
1241 4520 1347 4581 ἤδη
1390 4527 1447 4574 τὸ
1497 4523 1665 4574 αὐτῶν
1705 4525 1848 4595 ἔργον

1968 4526 2014 4576 et
2035 4521 2329 4574 cruciatus
2354 4535 2367 4584 ;
2395 4525 2452 4573 et
2470 4519 2707 4573 illorum
2728 4519 3009 4584 honores,
3035 4526 3091 4574 et
3112 4521 3453 4590 dignitates,
3476 4538 3609 4592 quae

242 4617 586 4673 πεποιηκότες
616 4631 628 4643 ο
686 4616 772 4663 τόν
828 4612 984 4664 αύτὸν
1025 4619 1215 4687 τρόπον
1271 4611 1397 4664 ίπάν
1427 4611 1848 4683 ἀναγινώσκομεν

245 4702 340 4759 τὰς
374 4703 596 4772 Γραφάς,
625 4710 730 4762 πῶς
760 4704 785 4753 ὁ
818 4698 965 4754 δεῖνα
997 4698 1202 4763 δίκαιος
1257 4703 1574 4773 εὗηρέστησε
1603 4709 1673 4770 τῷ
1706 4708 1843 4768 Θεῷ,

244 4796 358 4850 πῶς
387 4788 527 4859 φίλος
589 4796 678 4842 xui
733 4791 1009 4862 συνόμιλος
1059 4799 1192 4844 Θεοῦ
1234 4795 1429 4862 γέγονε,
1460 4795 1548 4842 καὶ
1575 4793 1756 4850 πάντες
1784 4787 1842 4842 δε

241 4880 292 4930 οἱ
322 4883 538 4950 πατέρες
583 4888 691 4940 πῶς
748 4880 885 4950 φίλοι
936 4886 1024 4933 xui
1072 4880 1381 4953 κληρονόμοι
1412 4887 1544 4932 Θεοῦ
1574 4885 1841 4950 γεγόνασι,

241 4974 412 5029 πόσας
454 4968 650 5039 θλίψεις
689 4969 983 5039 ὑπέμειναν,
1020 4975 1163 5022 πόσα
1216 4967 1310 5021 διὰ
1340 4974 1425 5021 τὸν
1484 4973 1604 5022 θεὸν
1631 4971 1842 5036 ἔπαθον,

236 5063 383 5110 πόσα
441 5054 854 5132 ήνδραγάθησαν
918 5065 1008 5111 xui
1079 5060 1425 5131 ἠγωνίσαντο,
1487 5059 1843 5131 μακαρίζομεν

237 5147 447 5215 αὐτούς,
480 5165 570 5199 και
618 5155 716 5199 τῶν
766 5149 895 5199 ἴσων
954 5151 1128 5208 αὐτοῖς
1172 5145 1376 5222 δωρεῶν
1415 5153 1505 5200 καὶ
1536 5146 1842 5220 ἀξιωμάτων

236 5252 423 5309 τυχειν
455 5234 774 5310 βουλόμεθα,
828 5241 918 5291 καὶ
967 5235 1316 5310 ἐπιθυμοῦμεν
1346 5238 1625 5312 προθύμως
1669 5235 1840 5290 λαϐεῖν

1957 4626 1994 4665 a
2037 4611 2154 4664 Deo
2180 4608 2594 4680 possederunt,
2651 4609 2932 4663 ardenter
2986 4609 3252 4664 obtinere
3311 4610 3608 4679 volumus,

1954 4698 2192 4754 labores
2222 4706 2423 4753 autem
2453 4705 2507 4752 et
2554 4712 2790 4768 pugnas
2819 4714 3028 4752 eorum
3060 4713 3183 4753 non
3215 4701 3608 4771 suscipimus.

1956 4789 2098 4843 Dico
2129 4803 2268 4842 vero
2303 4787 2405 4841 tibi
2439 4787 2550 4840 hoc
2580 4803 2759 4841 omne
2803 4787 3112 4842 hominem
3137 4803 3355 4858 cupere
3384 4797 3440 4843 et
3461 4788 3607 4845 velle

1960 4879 2141 4932 etiam
2167 4876 2527 4940 meretrices,
2560 4877 2914 4946 publicanos
2941 4884 2995 4931 et
3021 4878 3298 4931 homines
3329 4878 3604 4947 injustos,

1954 4966 2124 5023 facile
2182 4966 2399 5020 scilicet
2451 4967 2575 5020 sine
2627 4965 2936 5020 laboribus
2994 4972 3046 5020 et
3080 4969 3302 5036 pugnis
3335 4967 3606 5022 obtinere

1955 5070 2207 5124 regnum
2235 5071 2247 5120 ;
2279 5055 2381 5109 sed
2415 5061 2654 5125 propter
2681 5056 2793 5108 hoc
2823 5054 2882 5108 in
2920 5055 3118 5109 medio
3148 5063 3392 5111 manent
3426 5063 3609 5112 tenta-

1955 5145 2163 5209 tiones,
2179 5151 2236 5199 et
2257 5142 2639 5215 probationes
2653 5144 2874 5209 multis,
2894 5148 2952 5198 et
2967 5159 3273 5211 aerumnae,
3289 5150 3344 5201 et
3365 5161 3607 5215 pugnae,

1952 5239 2010 5291 et
2032 5233 2302 5304 sudores,
2335 5237 2400 5288 ut
2424 5231 2579 5290 clare
2608 5238 2940 5290 noscantur
2963 5233 3213 5306 quinam
3245 5235 3306 5290 in
3337 5235 3605 5305 veritate,

1572 5467 1808 5524 VARLE
1846 5463 2256 5524 LECTIONES.

306 5699 425 5769 (10)
468 5698 582 5753 Sic.
615 5696 750 5752 cod.
827 5699 938 5768 (Η)
981 5696 1128 5754 Cod.
1166 5695 1343 5770 πάρεξ.
1424 5695 1538 5764 (l2)
1580 5693 1726 5749 Cod.
1763 5691 1946 5768 πάρεξ.
2021 5690 2139 5763 (13)
2180 5692 2326 5749 Cod.
2367 5687 2677 5763 βούλωνται,
