4084 6256
542 248 641 306 511

540 466 699 519 tione
730 470 785 517 et
808 464 1014 517 virtute
1036 462 1356 520 Dominum
1383 468 1575 523 solum
1601 470 1936 539 dilexerint,
1969 482 2025 530 et
2046 477 2193 531 nihil

541 540 705 608 aliud
735 553 1200 606 desiderandum
1255 570 1391 609 cum
1428 556 1579 611 illius
1620 575 1827 616 amore
1851 563 2189 620 habuerint.

540 641 856 709 ldeojuste
908 642 968 693 in
1021 655 1272 709 regnum
1325 644 1616 701 caelorum
1648 650 2063 718 ingrediuntur
2089 656 2193 725 qui

542 731 771 799 seipsos
784 730 1234 798 abnegaverunt
1248 740 1579 789 secundum
1594 737 1830 793 Domini
1857 742 2121 806 verbum,
2140 750 2197 798 et

544 834 651 889 per
680 819 977 888 propriam
1008 818 1364 874 voluntatem
1409 826 1726 880 Dominum
1758 828 1951 883 solum
1979 830 2196 887 dilexe-

540 914 710 971 runt;
742 909 875 960 ideo
902 905 1154 960 summis
1185 908 1529 965 caelestibus
1559 915 1731 968 donis
1778 917 1857 971 ob
1890 935 2193 975 summam

542 1011 714 1049 suam
736 995 1110 1049 dilectionem
1133 1012 1256 1051 rem
1269 1004 1697 1057 unerabuntur.
1720 1007 1867 1059 Nam
1899 1009 1955 1061 in
1982 1024 2205 1069 aerum.

538 1083 653 1147 nis,
679 1084 1058 1149 cruciatibus,
1084 1090 1390 1154 patientia,
1411 1096 1465 1142 et
1492 1092 1610 1145 tide
1632 1091 1820 1149 latent
1849 1100 2196 1165 promissio-

537 1187 671 1243 nes,
680 1172 1198 1242 gloria,bonorum
1214 1178 1546 1233 caelestium
1564 1186 2192 1258 possessio,tanquam

538 1262 598 1314 in
635 1262 862 1315 semine
889 1262 1055 1330 quod
1088 1278 1145 1315 in
1166 1265 1623 1334 terramjactum
1656 1276 1746 1323 est
1774 1274 1999 1328 fructus
2030 1276 2188 1341 latet,

539 1356 644 1403 aut
669 1350 729 1402 in
752 1350 966 1403 arbore
985 1350 1174 1418 spinis
1204 1354 1573 1410 circumdato
1595 1364 1653 1412 et
1676 1361 1827 1414 inter
1842 1374 2191 1435 corruptum

538 1444 595 1492 et
624 1438 885 1505 ignobile
940 1446 1164 1492 stercus
1217 1452 1539 1497 crescente.
1604 1448 1667 1499 Et
1694 1452 1836 1503 tunc
1878 1454 2189 1508 vestmenti

540 1526 913 1596 dignitatem,
973 1538 1029 1580 et
1058 1528 1333 1595 gloriam,
1384 1541 1438 1584 et
1484 1534 1872 1605 multiplicem
1930 1540 2189 1597 fructum

539 1615 928 1669 ostendentur
948 1617 1190 1681 habere,
1218 1626 1275 1672 ut
1298 1618 1436 1673 dicit
1452 1627 1772 1691 Apostolus
1794 1642 1808 1680 :
1832 1630 1951 1683 Per
1970 1634 2188 1687 multas

542 1690 951 1757 t'ri’butationes
964 1711 1185 1772 oportet
1200 1722 1304 1760 nos
1315 1690 1541 1764 intrare
1556 1710 1618 1765 in
1651 1728 1883 1781 regnum
1909 1720 2189 1773 calorum

540 1790 587 1824 “
608 1791 994 1858 ;etDoininiis
1012 1807 1023 1844 :
1039 1793 1067 1845 1
1076 1810 1114 1847 η
1127 1794 1418 1861 patientia
1444 1808 1641 1855 vestra
1658 1804 2036 1870 possidebitis
2050 1810 2154 1863 ani
2162 1839 2185 1849 -

538 1894 666 1934 mus
681 1886 902 1934 vestras
915 1881 961 1913 ⁸⁸
978 1899 991 1946 ;
1007 1890 1063 1936 et
1076 1899 1282 1937 rursus
1299 1904 1311 1942 :
1330 1887 1397 1939 In
1414 1889 1635 1943 mundo
1647 1908 1992 1958 pressuram
2009 1897 2188 1953 liabe-

537 1968 607 2023 tis
621 1969 689 2021 ⁶⁴.
721 1973 945 2023 Labore
960 1987 1141 2035 enim,
1156 1980 1212 2026 et
1226 1976 1534 2042 patientia,
1550 1993 1603 2032 ei
1617 1981 1981 2040 abstinentia
1996 1994 2187 2043 etom-

536 2062 597 2112 ni
610 2060 1140 2128 circumspectione
1153 2077 1306 2132 opus
1321 2076 1436 2129 est,
1454 2071 1906 2139 etalacritate,et
1920 2089 2189 2144 perseve-

532 2151 726 2202 rantia
778 2163 837 2201 in
884 2160 1152 2203 oratione
1189 2152 1267 2204 ad
1294 2157 1640 2221 Dominum,
1700 2170 1759 2214 ut
1790 2164 1976 2231 possit
2004 2165 2188 2222 homo

535 2238 895 2307 pertransire
927 2239 1288 2294 terrestrium
1309 2246 1690 2313 cupiditates,
1707 2249 1960 2321 laqueos
1990 2262 2047 2308 et
2070 2255 2188 2310 ille-

535 2325 747 2379 cebras
774 2325 1167 2396 voluptatum,
1188 2338 1244 2382 et
1265 2334 1475 2386 mundi
1498 2343 1901 2406 tempestates,
1923 2350 1980 2396 et
2003 2345 2160 2399 malo

536 2430 670 2469 rum
698 2417 1012 2485 spirituum
1034 2428 1522 2487 impugnationes
1535 2426 1820 2494 devitarc,
1835 2439 1893 2485 et
1912 2436 2066 2486 bene
2086 2450 2193 2490 no-

542 2518 707 2557 scere
738 2504 903 2574 quali
941 2507 1242 2574 vigilantia
1266 2516 1323 2562 et
1345 2512 1573 2581 impetu
1597 2516 1734 2570 tidei
1767 2527 1823 2572 et
1848 2520 2189 2578 dilectionis

539 2596 730 2647 sancti
745 2593 1042 2647 ecclesiam
1060 2597 1429 2663 thesaurum,
1448 2601 1505 2654 id
1531 2611 1637 2669 est,
1658 2606 1899 2675 spiritus
1918 2613 2187 2668 virtutem

539 2682 601 2735 in
652 2683 777 2734 suis
807 2682 1129 2737 animabus
1158 2694 1213 2739 et
1278 2691 1427 2742 coelo
1478 2693 1863 2762 p0ssideant;
1898 2702 2062 2769 quod
2103 2710 2191 2756 est

536 2770 710 2841 quasi
737 2772 928 2824 arrhie
958 2774 1122 2841 regni
1154 2778 1429 2830 caelestis.
1458 2779 1608 2834 Nam
1634 2784 1848 2839 beatus
1878 2791 2188 2858 apostolus

535 2860 753 2914 Paulus
781 2864 853 2912 de
874 2862 989 2914 hoc
1018 2862 1239 2917 C(Blesll
1270 2867 1567 2933 thesauro,
1601 2872 1660 2925 id
1702 2882 1810 2939 est,
1843 2880 2033 2943 gratia
2062 2881 2186 2952 Spi-

532 2948 683 3002 ritus
707 2962 1016 3013 enarrans,
1049 2960 1104 3005 et
1133 2954 1575 3012 multitudinem
1603 2961 2051 3022 tribulationum
2092 2985 2188 3025 ex-

536 3052 789 3108 ponens,
817 3040 1116 3112 simulque
1139 3045 1483 3111 ostendens,
1508 3049 1654 3119 quid
1686 3051 1903 3109 debeat
1926 3072 2186 3130 quisque

535 3127 751 3182 exinde
803 3144 1089 3200 quaerere.
1149 3134 1229 3197 Et,
1310 3137 1455 3205 quid
1531 3143 1835 3208 possidere
1895 3127 2182 3216 oporteat,

533 3216 676 3271 dicit
695 3235 708 3268 :
731 3219 959 3273 Scimus
975 3220 1129 3276 enim
1142 3223 1312 3292 quod,
1334 3225 1386 3277 si
1400 3234 1705 3285 terrenum
1720 3240 1988 3290 nostrum
2002 3238 2185 3294 domi-

533 3307 739 3361 cilium
762 3307 942 3375 hujus
968 3311 1347 3367 tabernaculi
1370 3315 1740 3374 destructum
1760 3323 1971 3389 fuerit,
2002 3328 2186 3396 aediﬁ-

536 3397 827 3450 cationem
858 3411 932 3451 ex
954 3399 1075 3452 Deo
1104 3401 1407 3466 habemus,
1438 3405 1805 3465 domicilium
1833 3427 1952 3467 non
1978 3431 2185 3472 manu-

533 3483 780 3551 factum,
814 3491 1101 3539 aeternum
1136 3490 1195 3541 in
1229 3490 1392 3544 caelis
1421 3492 1490 3546 ⁸⁸.

534 3588 836 3640 πνευματων
884 3572 1257 3635 ἐπαναστάσεις
1305 3576 1597 3652 διαφυγεῖν,
1644 3590 1732 3637 καὶ
1783 3597 1973 3657 γνῶναι
2019 3595 2207 3663 καλῶς,

536 3657 678 3730 ἀγιοι
714 3664 798 3711 τόν
829 3660 1130 3733 ἐπουράνιον
1185 3667 1469 3739 θησαυρόν,
1514 3673 1655 3722 τοῦτ’
1710 3678 1822 3727 ἔστι
1855 3684 1946 3737 τὴν
1991 3692 2083 3734 τοῦ

540 3767 717 3801 σαντο.
768 3747 929 3823 Ὀπερ
983 3751 1122 3803 ἐστὶν
1174 3753 1410 3828 ἀρραϐὼν
1460 3768 1552 3820 τῆς
1611 3760 1906 3832 βασιλείας.
1966 3769 2024 3821 Ὁ

534 3842 715 3910 ρανίου
777 3841 1044 3915 θησαυροῦ
1123 3845 1263 3894 τοῦτ’
1317 3848 1457 3897 ἔστιν
1512 3856 1605 3911 τῆς
1646 3856 1872 3928 χάριτος
1925 3868 2016 3910 τοῦ

535 3926 873 4001 ἐξαγορεύων,
902 3930 1013 4001 ἃμα
1053 3928 1111 3983 δε
1141 3937 1230 3985 καί
1271 3934 1643 4009 ὑποδεικνύων,
1686 3948 1736 3993 τί
1786 3944 1970 4017 ὀφείλει
2016 3951 2070 4002 ἔκ

536 4014 826 4089 Οθῖδαμεν

1836 259 1896 315 8-.
1942 260 2241 324 MACABII
2278 263 2581 325 EGYPTII

541 389 735 447 usque
758 373 835 430 ad
868 378 1120 429 mortem
1143 378 1616 447 progredientes,
1648 398 1786 438 cum
1812 386 1978 441 omni
2001 386 2189 443 inten-
2219 396 2265 450 Α
2301 396 2366 446 τὰ

2413 391 2597 458 ἔνδοξα
2662 397 2831 453 ἐκεῖνα
2888 411 3227 479 χαρίσματα,
3281 416 3654 491 ὑπερϐαίνοντες
3705 431 3849 486 αὐτῶν

2301 489 2422 547 τοὺς
2459 490 2666 552 πόνους,
2724 495 2814 541 καὶ
2868 491 3090 563 ἀγῶνας,
3144 507 3231 554 καὶ
3286 508 3373 566 τὰς
3428 510 3630 581 θλίψεις,
3678 524 3758 571 καὶ
3802 527 3855 575 τὰ

2302 577 2610 645 παθήματα,
2664 584 2753 629 καὶ
2801 582 2893 642 τάς
2940 588 3029 655 μεν
3084 592 3233 658 τιμάς
3272 595 3455 661 αὐτῶν,
3496 608 3581 654 καὶ
3630 610 3691 657 τά
3727 607 3858 671 ἀξιώ-

2302 682 2464 734 ματα,
2523 665 2607 716 οἷα
2668 664 2773 719 ἀπὸ
2824 678 2957 723 Θεοῦ
3029 681 3324 748 κέκτηνται,
3384 691 3653 762 προθύμως
3709 695 3857 751 λαϐεῖν

2307 753 2530 823 θέλομεν,
2589 756 2705 815 τοὺς
2763 753 2820 809 δε
2867 765 3136 832 καμάτους
3185 776 3272 821 καὶ
3330 779 3511 838 πόνους
3560 787 3644 833 καὶ
3685 782 3861 856 ἀγῶνας

2305 841 2473 892 αὐτῶν
2504 841 2561 893 ού
2587 841 3015 919 καταδεχόμεθα.
3055 860 3207 926 Λέγω
3262 856 3321 912 δέ
3371 882 3471 929 σοι,
3498 868 3575 919 ὃτι
3610 879 3750 925 τοῦτο
3779 882 3860 937 πᾶς

2306 949 2384 991 τις
2420 932 2686 1005 ἄνθρωπος
2741 936 2985 1009 ἐπιθυμεῖ
3056 949 3145 996 καὶ
3210 947 3361 1017 θέλει,
3428 959 3515 1006 καὶ
3563 963 3734 1031 πόρναι

2306 1018 2517 1071 τελῶναι
2564 1026 2653 1072 καὶ
2706 1020 2885 1077 ἄδικοι
2944 1027 3229 1102 ἂνθρωποι,
3275 1039 3491 1103 εὐκόλως
3542 1046 3655 1098 ἄνευ
3707 1056 3858 1104 κόπων

2305 1113 2393 1160 καὶ
2424 1107 2632 1179 ἀγώνων
2660 1121 2843 1183 τυχεῖν
2870 1114 3146 1187 βασιλείας
3178 1141 3190 1154 ’
3225 1125 3353 1179 ἀλλά
3381 1126 3415 1181 δ
3421 1123 3473 1182 ιά
3504 1142 3648 1188 τοῦτο
3678 1137 3722 1189 ἒν
3742 1146 3859 1213 μέσῳ

2303 1205 2609 1270 πειρασμοὶ,
2665 1208 2753 1253 καί
2810 1200 3125 1278 δοκιμασίαι
3179 1214 3381 1283 πολλαὶ,
3423 1226 3512 1274 καὶ
3555 1225 3751 1297 θλίψεις,
3786 1200 3858 1282 καὶ

2304 1285 2507 1357 ἀγῶνες,
2557 1294 2647 1340 καὶ
2705 1287 2917 1362 ἱδρῶτες
2968 1303 3286 1369 πρόκεινται,
3354 1307 3437 1358 ἵνα
3488 1320 3685 1387 φανεροὶ
3710 1321 3861 1385 γένων-

2300 1394 2410 1441 ται,
2477 1382 2610 1440 τίνες
2683 1381 2735 1445 ἐξ
2818 1382 3062 1447 ἀληθείας
3129 1390 3219 1451 ἕως
3297 1396 3518 1450 θανάτου
3567 1401 3773 1465 ἐλθόντες
3814 1405 3858 1468 ἐξ

2300 1463 2423 1526 ὅλης
2464 1474 2813 1540 προαιρέσεως
2862 1480 2951 1525 καὶ
3013 1473 3285 1549 δυνάμεως
3356 1489 3442 1536 τόν
3494 1492 3673 1563 Κύριον
3732 1501 3859 1564 μόνον

2300 1553 2600 1625 ἠγάπησαν,
2629 1565 2718 1610 καί
2748 1557 2898 1612 ούδεν
2926 1563 3094 1637 ἕτερον
3118 1572 3211 1618 σὺν
3249 1579 3311 1642 τῇ
3370 1579 3499 1647 πρός
3539 1579 3685 1631 αὐτὸν

2299 1646 2645 1714 περιπόθητον
2676 1650 2858 1718 ἔσχον.
2901 1659 2987 1702 Διό
3032 1660 3120 1706 καὶ
3163 1654 3381 1722 δικαίως
3412 1664 3483 1724 εἰς
3509 1672 3596 1725 τὴν
3626 1667 3861 1741 βασιλείαν

3786 970 3861 1018 καὶ

2225 1752 2264 1805 Β
2298 1739 2396 1781 τῶν
2435 1733 2661 1805 οὐρανῶν
2689 1737 3038 1810 εἰσέρχονται,
3091 1744 3446 1821 ἀρνησάμενοι
3504 1754 3705 1821 ἑαυτούς
3748 1762 3860 1812 κατὰ

2297 1824 2384 1873 τόν
2412 1830 2503 1874 τοῦ
2551 1831 2739 1898 Κυρίου
2797 1828 2966 1899 λογον,
3007 1839 3096 1885 καὶ
3149 1841 3296 1911 παρά
3328 1847 3421 1899 τὴν
3456 1841 3594 1897 ἰδίαν
3624 1854 3765 1906 πνοὴν
3789 1853 3858 1900 τόν

2303 1912 2489 1983 Κύριον
2518 1920 2671 1982 μόνον
2702 1915 3029 1986 ἠγαπηκότες
3061 1939 3073 1950 ·
3103 1920 3188 1976 διό
3229 1934 3320 1978 καὶ
3361 1931 3542 2003 οἰκροις
3581 1932 3755 2010 δώροις
3788 1938 3861 1989 ού-

2297 2003 2496 2068 ρανίοις
2552 2008 2644 2058 τὴν
2702 2004 2865 2077 ἄκραν
2942 2008 3151 2079 ἀγάπην
3211 2016 3387 2069 αὐτῶν
3468 2021 3860 2095 ἀμειφθήσονται.

2303 2086 2388 2148 Εἰς
2417 2092 2517 2160 γὰρ
2550 2094 2641 2153 τὰς
2694 2094 2906 2165 θλίψεις,
2968 2106 3057 2151 καὶ
3108 2106 3173 2153 τὰ
3228 2086 3546 2180 παθήματα,
3587 2086 3863 2187 καὶὺπομο-

2300 2179 2411 2241 νην,
2452 2184 2541 2229 καί
2588 2185 2767 2233 πίστιν
2809 2187 3212 2262 ἓγκεκρυμμέναι
3281 2195 3421 2249 εἰσιν
3476 2203 3527 2252 αἱ
3575 2202 3860 2274 ἐπαγγελίαι,

2301 2268 2390 2315 καὶ
2421 2266 2449 2321 ἡ
2481 2262 2629 2334 δόξα,
2680 2276 2769 2322 καί
2808 2274 2837 2330 ἡ
2879 2284 2979 2325 τῶν
3023 2277 3339 2353 ἐπουρανίων
3386 2286 3591 2358 ἀγαθῶν
3627 2292 3862 2344 ἀποκατά-

2304 2371 2512 2421 στασις,
2572 2358 2745 2432 ὥσπερ
2796 2360 2845 2412 ἐν
2888 2372 2958 2434 τῷ
3012 2367 3304 2443 ῥιπτομένῳ
3368 2381 3495 2448 σίτῳ
3535 2379 3605 2441 εἰς
3631 2385 3716 2439 τὴν
3737 2383 3861 2452 γῆνὸ

2302 2447 2502 2517 καρπός
2556 2446 2584 2503 ἦ
2621 2444 2821 2523 δένδρῳ
2860 2451 3317 2532 ἐπικεντριζομένῳ
3378 2444 3475 2517 δια
3534 2444 3861 2540 σήψεωςτινος

2301 2538 2390 2583 καί
2432 2531 2643 2604 ἀτιμίας
2693 2534 3036 2613 διερχομένῳ.
3091 2552 3189 2599 Καὶ
3215 2555 3326 2602 τότε
3362 2562 3456 2606 τοῦ
3495 2554 3762 2629 ἐνδύματος
3786 2564 3859 2616 τήν

2300 2620 2603 2694 εὐπρέπειαν
2643 2632 2731 2677 καὶ
2791 2633 2884 2686 τὴν
2933 2629 3090 2695 δόξαν
3140 2642 3228 2688 καὶ
3282 2644 3374 2691 τόν
3416 2644 3861 2708 πολυπλασιάξοντα

2299 2715 2495 2780 καρπόν
2517 2710 2913 2786 ἀπεδείχθησαν
2944 2723 3106 2791 ἔχειν,
3140 2728 3203 2786 ὡς
3229 2733 3319 2780 καὶ
3350 2733 3378 2782 ό
3409 2733 3705 2797 ’Δπόστολος
3734 2755 3746 2767 '
3770 2740 3859 2790 Διὰ

2298 2800 2541 2851 πολλῶν
2612 2804 2908 2878 θλίψεων,
2974 2818 3128 2881 φησι,
3186 2812 3539 2893 δυνάμεθα
3587 2826 3856 2877 εἰσελθεῖν

2299 2888 2387 2947 εἰς
2416 2894 2529 2947 τὴν
2562 2889 2909 2962 βασιλείαν
2950 2908 3068 2950 τῶν
3107 2903 3401 2977 οὐρανῶν
3445 2930 3458 2942 ο
3501 2919 3589 2964 καὶ
3618 2916 3642 2965 ό
3671 2918 3847 2987 Κύριος³

2299 2976 2388 3029 Ἐν
2446 2986 2515 3049 τῇ
2557 2980 2843 3055 ὑπομονῇ
2899 2987 3072 3057 ὑμῶν
3130 2976 3475 3051 κτήσασθε
3539 3005 3642 3063 τὰς
3689 2976 3855 3073 ψυχὰς

2299 3066 2485 3136 ὑμῶν.
2519 3074 2619 3120 Καὶ
2643 3072 2796 3123 πάλιν
2830 3093 2842 3105 ·
2879 3074 2970 3128 Ἐν
3022 3087 3103 3149 τῷ
3142 3088 3363 3156 κόσμῳ
3431 3089 3649 3161 θλίψιν

2298 3160 2463 3206 Πόνου
2487 3160 2612 3231 γὰρ,
2648 3167 2736 3211 καὶ
2783 3163 3044 3230 σπουδῆς,
3086 3176 3173 3221 καὶ
3201 3173 3426 3244 νήψεως,
3462 3160 3741 3240 καὶάπολλῆς
3759 3198 3858 3251 προσ

2297 3252 2470 3315 σοχῆς
2493 3252 2673 3319 χρεία,
2706 3256 2795 3303 καὶ
2831 3251 3103 3323 ὀξύτητος,
3146 3265 3233 3312 καὶ
3274 3262 3550 3330 ἀναιδείας
3599 3269 3645 3321 ἐν
3671 3277 3723 3340 τῇ
3755 3271 3858 3339 πρὸς

2301 3336 2487 3403 Κύριον
2517 3336 2742 3403 αἰτήσει,
2783 3341 2852 3403 εἰς
2893 3347 2951 3394 τό
3002 3342 3292 3407 δυνηθῆναι
3336 3350 3614 3419 διεξελθεῖν
3658 3360 3741 3417 τὰς
3779 3365 3859 3408 τῶν

2295 3426 2487 3492 γηίνων
2512 3424 2813 3500 ἐπιθυμίας,
2846 3431 3101 3504 παγίδας,
3134 3445 3222 3490 καὶ
3254 3439 3502 3516 βρόχους
3542 3457 3637 3499 τῶν
3672 3444 3859 3507 ἡδονῶν»

2299 3518 2388 3563 καὶ
2413 3515 2735 3587 καταιγίδας
2761 3521 2876 3590 (14)
2902 3532 2993 3574 τοῦ
3032 3530 3256 3598 κόσμου,
3295 3539 3385 3586 καὶ
3420 3540 3513 3599 τὰς
3540 3546 3636 3589 τῶν
3664 3544 3860 3611 πονηρῶν

2251 3598 2298 3651 ἐν
2350 3607 2476 3673 ποίᾳ
2526 3604 2680 3675 νήφει
2724 3615 2814 3660 καί
2851 3620 3135 3684 γοργότητι
3180 3623 3413 3685 πίστεως
3468 3632 3557 3677 καὶ
3609 3626 3791 3698 ἀγάπης
3828 3620 3867 3674 οί

2131 3692 2432 3760 ΙΙνεύματος
2489 3689 2711 3766 δύναμιν
2747 3696 2795 3748 ἐν
2847 3710 2961 3762 ταῖς
2990 3702 3197 3775 ψυχαῖς
3245 3708 3450 3763 ἑαυτῶν
3502 3714 3713 3768 ἐντεῦθεν
3748 3714 3868 3768 έκτή-

2062 3777 2161 3847 γάρ
2230 3783 2488 3851 μακάριος
2559 3781 2842 3847 ἀπόστολος
2916 3793 3115 3856 Παῦλος
3174 3803 3291 3868 περὶ
3362 3805 3555 3855 τούτου
3608 3812 3689 3856 τοῦ
3746 3802 3865 3854 ἐπου-

2071 3868 2365 3937 Πνεύματος
2430 3866 2794 3944 διηγούμενος,
2867 3884 2955 3930 καὶ
3013 3888 3107 3940 τὴν
3171 3866 3464 3960 ὑπερϐολὴν
3522 3902 3618 3944 τῶν
3677 3891 3861 3963 θλίψεων

2076 3972 2236 4017 αστος
2276 3957 2447 4016 ζητεῖν
2501 3958 2746 4015 ἐντεῦθεν.
2800 3964 2929 4037 [Καὶ
2985 3976 3037 4022 τί
3092 3957 3280 4045 ὀφείλει
3333 3984 3658 4047 κτήσασθαι,
3697 3983 3812 4052 λέγει
3844 3994 3854 4006 ·

2800 4022 2820 4037 ι
3100 4022 3279 4045 κιν--η
3333 4022 3658 4047 --..,-....ν..,,
3698 4022 3812 4052 πη..

883 4024 1001 4093 γὰρ
1056 4022 1157 4072 ὄτι
1207 4026 1313 4074 ἑάν
1357 4026 1386 4082 ἡ
1448 4026 1739 4099 ἐπίγειος
1807 4042 1978 4107 ημῶν
2040 4042 2225 4094 οἰκία
2289 4054 2397 4097 τοῦ
2458 4058 2743 4113 σκηνους
2800 4058 3557 4141 καταλυθῇ,οἱκοδομὴν
3610 4072 3673 4123 ἐκ
3723 4073 3861 4123 Θεοῦ

535 4108 768 4179 ἔχομεν
809 4108 1019 4161 οἰκίαν
1058 4112 1598 4186 άχειροποίητον,
1641 4121 1794 4173 αἰών
1834 4144 1926 4177 ιον
1970 4130 2028 4179 ἓν
2068 4132 2419 4205 ούρανοῖς.]

610 4198 1887 4272 Vll.Contendendumigituretlaborandum
1902 4198 2188 4275 omnibus

533 4300 640 4356 per
670 4301 880 4341 omnes
898 4292 1159 4356 virtutes,
1191 4299 1371 4363 atque
1387 4296 1776 4366 credendum,
1815 4311 1875 4358 ut
1904 4307 2183 4381 deinceps

536 4375 884 4399 -ιι-,ιηςμιηηυι
915 4378 1067 4399 ;I|-__
1112 4380 1173 4399 Δ-
1276 4397 1285 4399 Α
1316 4398 1343 4399 η
1415 4385 1465 4399 n-
1577 4387 1585 4395 -
1753 4390 1763 4399 .
1856 4398 1859 4399 ,
1996 4398 2002 4399 ,

2549 4292 2559 4296 -
3095 4292 3109 4301 υ
3210 4292 3258 4313 ,-

2301 4310 2466 4366 δάσαι
2507 4313 2602 4369 διὰ
2638 4329 2818 4372 πασῶν
2886 4324 3100 4399 ἀρετῶν,
3172 4337 3262 4384 καὶ

534 4375 884 4444 possideant
913 4378 1072 4433 illam
1105 4380 1378 4438 domum.
1412 4385 1470 4439 Si
1496 4387 1653 4441 enim
1677 4390 1941 4448 solvatur
1969 4375 2189 4453 domus

535 4468 802 4534 corporis
831 4468 1036 4533 nostri,
1068 4484 1191 4525 non
1233 4473 1531 4528 habemus
1588 4477 1770 4533 aliam
1799 4482 2073 4551 domum,
2109 4489 2189 4543 ad

530 4568 719 4624 quam
745 4554 1237 4625 divertatanima,
1254 4564 1319 4616 Si
1344 4565 1562 4628 tamen,
1587 4566 1801 4639 inquit,
1831 4573 2047 4644 induti,
2066 4593 2186 4633 non

532 4643 683 4698 nudi
709 4646 1045 4713 reperimur
1074 4649 1143 4711 ⁵⁸,
1177 4652 1290 4704 hoc
1315 4661 1424 4717 est,
1453 4655 1595 4708 nudi
1617 4672 1653 4710 a
1674 4667 2109 4721 communione
2133 4674 2190 4723 et

534 4732 990 4803 participatione
1010 4736 1264 4806 Spiritus
1288 4743 1497 4807 sancti,
1524 4744 1584 4797 in
1613 4761 1735 4815 qua
1762 4748 1954 4805 ﬁdelis
1983 4756 2187 4813 anima

536 4818 735 4873 solum
754 4827 1127 4892 requiescere
1182 4834 1393 4896 potest.
1430 4833 1740 4903 Propterea
1770 4839 1951 4905 enim,
1990 4844 2094 4914 qui
2124 4861 2187 4899 re

532 4923 676 4963 vera
706 4916 761 4964 et
794 4918 1001 4968 Virtute
1048 4912 1359 4971 Christiani
1387 4931 1545 4990 sunt,
1595 4924 1757 4979 bono
1792 4937 1927 4983 sunt
1958 4912 2183 5002 animo,

532 5003 588 5053 et
599 5000 863 5067 gaudent
875 5000 1200 5071 migrantes
1214 5021 1244 5059 e
1257 5013 1678 5081 corpore,quia
1692 5016 1917 5073 habent
1928 5000 2183 5080 domum

530 5086 697 5143 illam
732 5092 1014 5145 manibus
1056 5108 1179 5148 non
1228 5102 1611 5164 exstructam,
1644 5118 1780 5173 quas
1819 5108 2039 5164 domus
2094 5121 2183 5169 est

530 5176 719 5233 virtus
750 5178 999 5250 Spiritus
1052 5184 1241 5239 sancti
1289 5187 1352 5240 in
1392 5187 1508 5243 illis
1561 5190 1860 5251 habitans.
1896 5198 1952 5253 Si
2004 5199 2185 5270 igitur

600 5358 647 5393 ⁶²
672 5361 799 5414 Act.
820 5373 940 5429 nv,
972 5360 1062 5418 21.

1139 5362 1185 5398 ⁸³
1216 5364 1351 5420 Luc.
1383 5381 1503 5438 ιιι,
1540 5369 1626 5425 19.
1703 5372 1750 5406 ⁸⁸
1777 5372 1948 5432 Joan.
1978 5392 2091 5444 xw,
2135 5380 2224 5437 33.

2370 4224 2444 4277 Z’.
2477 4227 2699 4296 Ὀφείὶει
2756 4229 2844 4284 οὖν
2895 4236 3110 4301 ἕκαστος
3169 4240 3556 4313 ἀγωνίσασθαι,
3612 4253 3696 4300 καὶ
3733 4264 3865 4299 σπου·

3318 4346 3622 4404 πιστεῦσαι,
3674 4336 3863 4389 ἐντεῦθεν

2298 4407 2601 4460 κτήσασθαι
2658 4415 2745 4460 τόν
2824 4413 2963 4466 οἷκον
3026 4416 3232 4475 ἐκεῖνον.
3295 4422 3414 4476 Ἐὰν
3481 4430 3581 4502 γὰρ
3634 4423 3859 4490 καταλυθῇ

2300 4493 2444 4563 ἡμῶν
2487 4496 2512 4545 ό
2562 4493 2698 4558 οἶκος
2744 4508 2837 4551 τοῦ
2894 4509 3157 4576 σώματος,
3194 4510 3287 4562 ούκ
3343 4512 3533 4586 ἔχομεν
3564 4514 3704 4567 ἄλλον
3730 4510 3861 4576 οἶκον,

2299 4587 2365 4643 είς
2404 4585 2456 4635 ὃν
2486 4588 2765 4640 καταλύσει
2795 4592 2940 4662 ἡμῶν
2972 4596 3001 4651 ἡ
3035 4595 3214 4669 ψυχή.
3264 4585 3452 4674 Εῖγε,
3476 4610 3623 4677 φησὶ,
3655 4608 3754 4655 καὶ
3799 4599 3864 4649 ἐν·

2299 4666 2659 4745 δυσάμενοι
2703 4678 2770 4728 ού
2810 4690 3050 4752 γυμνοὶ
3094 4689 3600 4764 εὑρεθησόμεθα,
3633 4694 3864 4745 τουτέστιν

2298 4760 2397 4812 ἀπό
2437 4771 2531 4825 τῆς
2559 4772 2835 4830 κοινωνίας
2890 4777 2979 4823 καὶ
3028 4773 3356 4850 ἀνακράσεως
3415 4790 3503 4833 τοῦ
3545 4783 3687 4853 ἀγίου
3736 4779 3864 4831 [Imi-

2295 4869 2479 4919 ματος,
2538 4854 2605 4914 εἰς
2656 4854 2716 4912 ἣν
2782 4862 2937 4929 μόνον
2988 4863 3017 4919 ἡ
3091 4872 3253 4925 πιστὴ
3307 4868 3461 4941 ψυχὴ
3541 4866 3863 4923 ἀναπαύεσθαι

2298 4934 2537 4995 δύναται.
2582 4947 2676 4994 Διά
2706 4954 2858 4998 τοῦτο
2910 4952 3011 5023 γάρ
3054 4954 3102 5003 οἱ
3158 4958 3293 5017 ὄντες
3335 4957 3383 5007 ἐν
3432 4957 3643 5029 ἀληθείᾳ
3667 4962 3747 5008 καὶ
3783 4950 3864 5004 δυ·

2295 5028 2443 5099 νάμει
2496 5038 2799 5103 Χριστιανοὶ
2835 5037 3089 5112 θαρροῦσι
3146 5052 3237 5097 καί
3284 5052 3568 5121 χαίρουσιν
3616 5028 3866 5121 ἐξερχόμε-

2295 5135 2373 5168 νοι
2431 5128 2523 5180 τῆς
2578 5128 2790 5194 σαρκὸς,
2844 5128 2925 5179 ὅτι
2968 5131 3187 5201 ἔχουσιν
3231 5134 3416 5188 ἐκεῖνον
3477 5141 3560 5189 τόν
3622 5132 3749 5187 οἷκον
3792 5130 3863 5180 τόν

2296 5204 2720 5281 ἀχειροποίητον,
2777 5216 2832 5276 ὃς
2883 5216 3024 5271 ἐστιν
3079 5218 3238 5293 οἶκος,
3300 5227 3328 5283 ἡ
3364 5226 3581 5278 οἰκοῦσα
3619 5223 3664 5276 ἐν
3710 5220 3863 5276 αὐτοῖς

2304 5384 2351 5419 ⁸³
2381 5386 2423 5440 ll
2458 5389 2589 5445 Cor.
2634 5406 2693 5459 v,
2738 5398 2790 5451 1.
2870 5396 2919 5431 ⁶⁶
2948 5396 3095 5456 ibid.
3134 5403 3191 5457 3.

1875 5486 2108 5559 vitam
2151 5483 2553 5571 LECTIONES.

601 5618 719 5693 (14)
748 5621 889 5679 Cod.
918 5620 1202 5699 κατεγιδας
1215 5666 1229 5685 .
