4084 6256
211 234 320 292 513

1525 229 1862 291 ΗΟΜΙΙιΙιλΕ.
1889 262 1957 276 -
2007 229 2180 290 HOM.
2212 234 2274 290 V.

3485 245 3591 300 514

214 368 308 414 τοῦ
340 361 641 432 Πνεύματος
663 356 907 430 δύναμις.
945 357 1051 410 Κᾶν
1075 355 1340 428 καταλυθῇ
1362 375 1449 409 ουν
1478 358 1506 415 ἡ
1540 364 1629 410 τοῦ
1655 362 1818 428 σώμαε

1945 358 2309 415 destructum
2328 360 2503 416 fuerit
2527 364 2790 435 corporis
2806 364 3193 433 domicilium,
3218 370 3590 426 nontiment:

214 471 298 512 τος
328 450 491 515 οἰκία,
521 449 580 501 ού
609 447 888 522 φοϐοῦνται
915 463 927 476 ·
956 449 1147 518 ἔχουσι
1168 449 1269 520 γὰρ
1298 450 1390 504 τὴν
1414 445 1714 519 ἐπουράνιον
1741 455 1831 500 τοῦ

215 540 519 610 Πνεύματος
540 537 728 602 οἰκίαν,
759 539 846 588 καὶ
872 540 966 594 τὴν
999 531 1156 596 δόξαν
1192 533 1386 591 ἐκείνην
1421 539 1512 591 τήν
1545 535 1830 607 ἄφθαρτον,

215 629 334 689 ἣτις
393 623 527 689 δόξα
573 625 620 677 ἓν
674 632 737 698 τῇ
780 627 952 699 ἡμέρᾳ
980 632 1071 684 τῆς
1112 623 1444 685 ἀναστάσεως
1492 621 1831 694 οἰκοδομήσει

212 721 305 769 καὶ
359 713 576 778 δοξάσει
620 720 710 767 καὶ
750 719 836 766 τὸν
891 711 1031 766 οἷκον
1067 720 1159 765 τοῦ
1213 715 1472 785 σωμάτος,
1510 714 1573 773 ὥς
1605 733 1763 784 φησιν
1804 714 1828 764 ό

215 805 536 866 Ἀπόστολος
573 804 667 857 ’Ὃ
691 807 951 877 ἐγείρας
983 805 1265 875 Χριστόν
1299 801 1363 853 ἐκ
1388 810 1642 874 νεκρῶν,
1679 803 1830 862 ζωο-

213 899 486 952 ποιήσει
535 895 760 945 καὶτὰ
812 894 1011 950 θνητά
1043 896 1312 962 σώματα
1364 893 1532 963 ἡμῶν
1574 887 1686 942 διὰ
1723 898 1828 942 τοῦ

213 983 633 1043 ἐνοικοῦντος
673 982 870 1053 αύιτοῦ
902 983 1281 1052 Πνιύματος
1306 983 1363 1031 ἐν
1393 982 1565 1050 ἡμῖν.
1603 984 1703 1032 Καὶ
1731 982 1828 1032 πά·

211 1072 338 1123 λιν·
398 1071 534 1125 Ἰνα
584 1076 692 1123 καὶ
751 1072 780 1129 ἡ
856 1073 980 1133 ζωὴ
1047 1077 1158 1120 τοῦ
1224 1071 1440 1126 Ἰησοῦ
1495 1071 1824 1140 φανερωθῇ

213 1159 364 1233 ἓντῇ
410 1163 611 1233 θνητῇ
666 1164 863 1232 σαρκὶ
903 1161 1116 1231 ἡμῶν·
1159 1162 1267 1210 καὶ
1300 1158 1420 1222 ἵνα,
1463 1162 1856 1229 φησὶ,κατα-.

212 1252 377 1322 ποθῇ
419 1254 485 1303 τὸ
528 1253 765 1308 θνητόν
805 1250 926 1301 ὑπὸ
965 1256 1079 1308 τῆς
1120 1248 1302 1308 ζωῆς.

285 1375 369 1430 Η’,
431 1375 842 1446 Ἀγωνισώμεθα
900 1370 986 1425 οὖν
1030 1370 1125 1425 διά
1163 1381 1253 1431 τῆς
1307 1376 1534 1432 πίστεως
1593 1377 1681 1423 καὶ
1733 1379 1828 1432 τῆς

211 1467 452 1536 ἐναρέτου
533 1463 791 1524 πολιτείας
868 1464 1094 1514 ἐντεῦθεν
1155 1463 1460 1518 κτήσασθαι
1518 1463 1576 1512 τὸ
1627 1457 1828 1532 ἔνδυμα

212 1553 398 1618 ἐκεῖνο,
460 1554 542 1605 ἵνα
609 1558 681 1625 μὴ
741 1549 1084 1623 ἐνδυσάμενοι
1137 1553 1194 1602 τὸ
1242 1559 1394 1622 σῶμα
1444 1554 1633 1621 γυμνοὶ
1691 1551 1825 1621 εὑρε-

215 1644 406 1714 θῶμεν,
466 1646 552 1694 καὶ
606 1643 699 1693 οὐκ
750 1644 890 1693 ἔστιν
944 1642 969 1691 ὃ
1025 1636 1248 1702 δσξάσει
1277 1641 1422 1709 ἡμῶν
1471 1638 1519 1688 ἐν
1564 1637 1726 1709 ἐκείνη
1760 1645 1820 1709 τῇ

1943 447 2166 503 habent
2193 450 2352 504 enim
2393 451 2624 507 caeleste
2658 453 2907 523 Spiritus
2948 454 3342 523 domicilium,
3373 463 3429 513 et
3467 458 3594 528 glo-

1940 537 2090 593 riam
2137 537 2299 593 illam
2350 539 2931 607 immarcescibilem,
2982 560 3116 615 quae
3156 545 3344 616 gloria
3392 550 3451 601 in
3498 547 3594 602 die

1940 627 2389 683 resurrectionis
2412 629 2730 686 aediﬁcabit
2752 632 3176 700 etgloriﬁcabit
3197 633 3444 689 domum
3470 650 3594 690 cor-

1940 716 2121 785 poris,
2152 720 2212 771 ut
2265 717 2456 788 inquit
2486 720 2806 789 Apostolus
2837 738 2847 774 :
2882 723 2940 775 Is
2979 723 3082 792 qui
3111 723 3393 779 excitavit
3423 724 3594 780 Chri-

1939 810 2086 858 stum
2101 819 2175 860 εει·
2186 809 2514 872 mortuis,vi
2521 809 2684 877 viﬁca
2695 810 2773 864 bit
2786 815 2839 865 et
2851 814 3122 866 mortalia
3135 829 3382 884 corpora
3395 818 3595 869 nostra

1936 900 2185 962 propter
2199 895 2373 964 ipsius
2385 897 2664 967 Spiritum
2681 899 3106 956 inhabilantem
3119 901 3181 955 in
3197 903 3360 957 nobis
3375 903 3594 958 ετ-δοΕι

1938 996 2176 1038 rursum
2207 1001 2218 1038 :
2272 983 2343 1039 Ut
2372 991 2425 1039 et
2457 985 2580 1040 vita
2606 986 2744 1042 Jesu
2788 989 3206 1057 mani/estetur
3244 990 3306 1045 in
3345 990 3594 1046 mortali

1941 1085 2122 1126 carne
2141 1079 2349 1130 nostra
2376 1075 2444 1126 εί.
2467 1106 2535 1114 -
2564 1076 2638 1130 Ει
2672 1082 2755 1140 ut,
2783 1077 2993 1148 inquit,
3023 1079 3420 1136 absorbeatur
3438 1095 3590 1135 mor-

1940 1161 2060 1215 tale
2089 1162 2249 1231 quod
2275 1163 2338 1218 in
2367 1164 2530 1219 nobis
2560 1171 2666 1230 est,
2700 1181 2736 1221 a
2768 1167 2892 1222 vita
2922 1168 2989 1217 δ’.

2011 1375 2061 1443 2
2075 1375 2124 1446 5
2141 1376 2598 1432 VIll.Certemus
2611 1378 2788 1447 igitur
2804 1394 2908 1450 per
2923 1378 3101 1434 ﬁdem
3119 1384 3175 1435 et
3189 1383 3592 1438 conversatio-

1936 1478 2072 1518 nem
2101 1465 2160 1518 in
2192 1467 2356 1520 omni
2385 1470 2618 1531 virtute,
2649 1467 2901 1538 posthac
2927 1483 3280 1539 comparare
3311 1470 3484 1525 nobis
3506 1471 3589 1526 in-

1936 1550 2289 1608 dumentum
2340 1553 2506 1619 illud,
2555 1571 2630 1610 ne
2657 1572 2907 1627 corpore
2948 1556 3141 1611 induti
3184 1558 3330 1612 nudi
3381 1559 3590 1630 depre-

1934 1639 2294 1706 hendamur,
2327 1658 2435 1698 nec
2467 1645 2542 1698 sit
2589 1645 2752 1715 quod
2785 1645 3074 1712 gloriﬁcet
3104 1647 3160 1700 in
3219 1646 3319 1702 illa
3349 1647 3446 1702 die
3486 1663 3590 1703 no-

211 1732 386 1803 ἠμέρᾳ
456 1735 550 1789 τήν
622 1733 814 1803 σάρκα.
887 1728 1140 1788 Ἕκαστος
1189 1731 1290 1802 γὰρ
1350 1730 1473 1779 ὅσον
1521 1727 1818 1788 κατηξιώθη

1936 1735 2120 1784 stram
2164 1746 2428 1794 carnem,
2481 1734 2782 1796 Quantum
2810 1734 2967 1788 enim
3024 1736 3443 1807 unusquisque
3482 1752 3588 1806 per

214 1817 310 1872 διὰ
363 1829 457 1882 τῆς
497 1825 726 1882 πίστεως
763 1824 852 1871 καὶ
906 1815 1145 1880 σπουδῆς
1186 1823 1413 1889 μέτοχος
1463 1816 1615 1888 ἁγίου
1665 1819 1824 1868 Πνεύ-

213 1929 378 1982 ματος
417 1910 680 1981 γενέσθαι,
735 1915 984 1961 τοσοῦτον
1036 1910 1084 1959 ἑν
1137 1910 1299 1979 ἐκείνη
1357 1914 1416 1978 τῇ
1465 1907 1634 1977 ἡμέρᾳ
1666 1901 1821 1966 δοξα-

213 2001 480 2056 σθήσεται
540 1998 700 2049 αὐτοῦ
731 2001 821 2049 καὶ
866 1999 926 2049 τὸ
969 2004 1146 2068 σῶμα.
1195 1994 1212 2013 ’⁸
1244 2002 1286 2046 Ο
1315 1997 1416 2066 γὰρ
1467 2001 1553 2044 νῦν
1579 1996 1824 2050 ἑναπεθη-

213 2090 466 2160 σαύρισεν
523 2082 672 2139 ἔνδον
721 2087 751 2143 ἡ
809 2085 982 2157 ψυχὴ,
1034 2089 1148 2137 τότε
1190 2083 1684 2154 ἀποκαλυφθήσεται
1732 2083 1821 2133 καὶ

207 2181 500 2248 φανήσεται
548 2174 730 2238 ἔξωθεν
778 2182 870 2226 τοῦ
917 2179 1180 2246 σώματος,
1237 2171 1438 2244 Ὠσπερ
1500 2175 1567 2223 τὰ
1623 2167 1819 2245 δένδρα

209 2264 611 2337 παρεληλυθότα
665 2267 753 2316 τὸν
826 2272 1067 2335 χειμῶνα
1141 2261 1504 2332 ἐπιθαλψάσης
1550 2257 1819 2332 δυνάμεως

207 2353 458 2427 ἀοράτου,
520 2357 575 2405 ἔκ
636 2373 689 2405 τι
742 2360 833 2404 τοῦ
885 2352 1032 2410 ἡλίου
1087 2356 1175 2403 καὶ
1228 2358 1327 2402 τῶν
1379 2349 1573 2422 ἀνέμων
1605 2350 1813 2414 ἔσωθεν,

205 2442 380 2515 ἐκφύει
448 2448 537 2495 καὶ
609 2441 840 2494 ἐκϐάλλει
893 2443 1082 2513 Ϊῶσπερ
1161 2437 1427 2510 ἐνδύματα
1487 2439 1667 2510 φύλλα,
1727 2443 1816 2490 καὶ

205 2534 361 2599 ἄνθη,
415 2536 505 2585 καὶ
544 2534 774 2606 καρπούς
808 2550 820 2563 ·
883 2532 1077 2602 ὁμοίως
1130 2533 1194 2581 τά
1242 2536 1334 2581 τοῦ
1374 2534 1575 2601 χόρτου
1608 2530 1736 2584 ἄνθη
1767 2528 1815 2578 ἐν

204 2621 378 2687 ἐκείνῳ
435 2630 508 2692 τῷ
564 2627 754 2694 καιρῷ,
803 2616 1006 2672 ἔνδοθεν
1068 2618 1122 2670 ἐκ
1180 2627 1280 2669 τῶν
1339 2618 1538 2670 κόλπων
1577 2625 1665 2677 τῆς
1718 2625 1814 2689 γῆς

208 2714 576 2786 προέρχονται,
619 2715 708 2762 καὶ
760 2713 1003 2761 σκέπεται
1032 2712 1117 2759 καὶ
1157 2706 1495 2779 ἀμφιέννυται
1525 2709 1554 2765 ἡ
1605 2715 1695 2777 γῆ,
1724 2712 1812 2759 καὶ

207 2800 232 2850 ό
260 2804 453 2872 χόρτος
480 2801 550 2860 ὡς
578 2800 644 2852 τά
677 2802 850 2873 κρίνα,
883 2801 1001 2869 περὶ
1032 2797 1098 2847 ὧν
1139 2797 1164 2847 ό
1197 2799 1389 2870 Κύριος
1441 2793 1575 2848 εἶπεν
1609 2812 1622 2825 ·
1675 2795 1813 2846 "Ora

204 2886 359 2942 οὐδὲ
407 2888 696 2961 Σολόμων
731 2889 790 2940 ἐν
819 2887 993 2958 πάσῃ
1052 2893 1127 2958 τῇ
1178 2882 1332 2959 δόξῃ
1359 2885 1555 2938 αὐτοῦ
1612 2903 1812 2957 περιε-

205 2976 435 3029 ϐάλετο
474 2979 554 3036 ὡς
593 2980 647 3028 ἓν
685 2979 944 3029 τούτων.
979 2981 1157 3028 Ταῦτα
1176 2977 1276 3048 γὰρ
1304 2977 1475 3026 πάντα
1493 2970 1812 3044 ὑποδείγμα-

1935 1817 2116 1873 ﬁdem
2147 1834 2215 1874 ac
2254 1821 2518 1874 studium
2557 1821 2805 1891 Spiritus
2838 1823 3028 1876 sancti
3071 1823 3337 1894 accipere
3367 1824 3586 1893 dignus

1933 1906 2174 1962 habitus
2191 1912 2296 1972 est,
2317 1913 2546 1963 tantum
2570 1908 2628 1964 in
2654 1908 2754 1964 illa
2774 1910 2868 1965 die
2891 1910 3322 1978 gloriﬁcabitur
3341 1928 3585 1984 quoque

1934 1995 2062 2064 ejus
2105 2012 2342 2066 corpus.
2394 1998 2555 2062 Quos
2589 1998 2744 2052 enim
2797 2014 2957 2054 nunc
2984 1999 3298 2056 thesauros
3349 2001 3584 2070 collegit

1931 2083 2090 2139 intus
2126 2085 2348 2151 anima,
2384 2093 2522 2140 tunc
2544 2087 2968 2142 revelabuntur
2997 2092 3051 2142 et
3083 2089 3460 2160 apparebunt
3487 2107 3584 2146 ex-

1932 2177 2095 2228 terne
2108 2174 2167 2228 in
2181 2189 2450 2246 corpore.
2468 2175 2990 2239 Quemadmodum
3007 2176 3270 2241 arbores,
3289 2177 3583 2249 praeterita

1929 2260 2145 2327 hieme,
2168 2262 2402 2318 fovente
2431 2263 2530 2318 illa
2548 2265 2813 2334 potentia
2836 2264 3137 2330 invisibili,
3161 2281 3297 2337 quas
3314 2281 3350 2322 a
3381 2265 3505 2322 sole
3526 2271 3582 2322 et

1928 2351 2120 2406 ventis
2164 2357 2270 2416 est,
2323 2355 2488 2407 extra
2514 2352 2835 2422 projiciunt
2863 2358 2919 2408 et
2966 2354 3240 2408 emittunt
3290 2358 3578 2426 tanquam

1927 2439 2300 2505 indumenta,
2348 2440 2490 2496 folia
2519 2445 2576 2496 et
2606 2442 2783 2496 ﬂores
2830 2446 2886 2496 et
2915 2440 3142 2496 fructus
3173 2459 3184 2496 :
3230 2441 3496 2497 similiter
3524 2446 3581 2497 et

1927 2529 2268 2597 graminum
2289 2527 2468 2584 ﬂores
2497 2528 2597 2583 illo
2625 2533 2891 2600 tempore
2921 2529 2998 2586 ab
3021 2531 3230 2585 intimo
3253 2531 3383 2586 sinu
3409 2535 3579 2586 terrm

1925 2618 2406 2688 progrediuntur,
2439 2619 2586 2673 etita
2613 2620 2824 2687 tegitur
2848 2625 3026 2690 atque
3059 2619 3376 2675 decoratur
3403 2624 3575 2687 terra,

1925 2713 1979 2760 et
2013 2722 2260 2776 gramen
2306 2706 2478 2762 veluti
2517 2707 2658 2778 lilia,
2696 2707 2769 2761 de
2808 2709 3030 2780 quibus
3060 2709 3345 2764 Dominus
3385 2708 3532 2764 dixit
3563 2725 3576 2764 :

1923 2796 2082 2865 quod
2133 2811 2319 2866 neque
2363 2797 2648 2851 Salomon
2683 2799 2741 2851 in
2788 2797 3069 2853 universa
3120 2799 3318 2867 gloria
3347 2813 3457 2853 sua
3496 2797 3580 2854 sic

1923 2886 2172 2940 amictus
2191 2885 2378 2954 fuerit
2395 2889 2458 2938 ut
2480 2901 2665 2940 unum
2679 2900 2753 2940 ex
2770 2885 2859 2940 his
2877 2886 2942 2939 ⁸⁸.
2969 2887 3182 2941 Omnia
3195 2887 3353 2941 enim
3371 2887 3472 2956 huj
3485 2902 3579 2940 us-

1923 2973 2089 3028 modi
2115 2973 2393 3044 exempla
2443 2977 2582 3028 sunt
2614 2973 2738 3044 typi
2777 2989 2847 3030 ac
2874 2974 3172 3045 imagines
3222 2975 3579 3031 Christiano-

204 3084 292 3130 τα,
347 3069 437 3117 καὶ
480 3067 651 3131 τύποι,
697 3070 786 3118 καὶ
841 3064 1028 3126 εἰκόνες
1085 3063 1188 3116 εἰσὶ
1237 3071 1334 3115 τῶν
1392 3069 1718 3136 Χριστιανῶν
1763 3061 1810 3113 ἐν

1932 3077 2056 3118 rum
2090 3062 2149 3117 in
2179 3062 2629 3118 resurrectione.

202 3162 269 3226 τῇ
302 3151 608 3206 ἀναστάσει.

281 3278 365 3334 Θ’.
399 3279 552 3330 Οὕτω
598 3280 794 3338 πάσαις
839 3286 954 3338 ταῖς
1006 3277 1257 3350 φιλοθέοις
1311 3276 1538 3348 ψυχαῖς,
1573 3279 1811 3328 τουτέστι

203 3374 318 3428 τοῖς
365 3365 630 3425 ἀληθινοῖς
685 3373 1045 3440 Χριστιανοῖς,
1101 3369 1215 3419 ἔστι
1269 3369 1372 3438 μὴν
1436 3373 1638 3438 πρῶτος
1680 3367 1812 3418 Ξαν-

208 3457 376 3521 θικός,
431 3455 458 3506 ό
507 3453 815 3526 καλούμενος
859 3456 1178 3528 Ἀπρὶλλιος,
1231 3456 1351 3529 ὅπερ
1391 3453 1531 3506 ἐστὶν
1571 3456 1600 3512 ἡ
1644 3456 1812 3527 ἡμέρα

200 3553 297 3606 τῆς
363 3543 716 3610 ἀναστάσεως,
771 3548 854 3596 καὶ
909 3542 1000 3596 διὰ
1054 3553 1146 3605 τῆς
1201 3541 1467 3616 δυνάμεως
1520 3549 1608 3595 τοῦ
1661 3543 1808 3600 ἡλίου

203 3642 295 3694 τῆς
349 3629 695 3694 δικαιοσύνης
742 3631 944 3686 ἔνδοθεν
993 3633 1262 3708 ἐξέρχεται
1325 3629 1456 3694 δόξα
1504 3639 1594 3684 τοῦ
1656 3631 1808 3703 ἁγίου

202 3724 518 3794 Πνεύματος,
559 3722 901 3775 καλύπτουσα
955 3727 1045 3774 καὶ
1080 3722 1420 3782 σκεπάζουσα
1470 3723 1536 3772 τὰ
1591 3725 1810 3792 σώματα

203 3819 302 3863 τῶν
351 3811 514 3882 ἁγίων
543 3829 556 3844 ο
622 3809 778 3884 ἥνπερ
836 3808 993 3874 δόξαν
1052 3807 1195 3883 εἶχον
1259 3807 1404 3862 ἔνδον
1464 3808 1810 3881 ἐγκεκρυμμέ-

202 3920 294 3958 νην
326 3898 374 3951 ἐν
402 3906 516 3960 ταῖς
545 3899 778 3972 ψυχαῖς.
838 3899 1002 3972 Ὀπερ
1033 3901 1134 3973 γάρ
1185 3902 1298 3971 ἔχει
1333 3906 1439 3963 νῦν,
1474 3898 1599 3950 αύτὸ
1629 3903 1810 3973 προέρ-

202 4008 363 4062 χεται
411 3987 593 4051 ἔξωθεν
638 3995 729 4040 τοῦ
773 3994 1012 4061 σώματος
1067 3998 1202 4042 τοτε.
1245 3987 1430 4050 Οὗτος,
1466 3992 1617 4059 φημὶ,
1653 3989 1677 4037 ό
1707 3991 1810 4059 μὴν

200 4081 408 4150 πρῶτός
464 4079 579 4130 ἐστι
626 4086 737 4140 τοῖς
785 4083 921 4149 μησὶ
972 4084 1064 4130 τοῦ
1101 4076 1332 4129 ἐνιαυτοῦ
1367 4093 1378 4106 ·
1440 4077 1588 4138 οὗτος
1635 4078 1810 4150 χαρὰν

198 4170 486 4242 προσφέρει
566 4168 712 4239 πάσῃ
783 4175 845 4239 τῇ
909 4171 1080 4220 κτίσει
1113 4187 1124 4199 ·
1173 4167 1322 4228 οὗτος
1376 4164 1682 4237 ἀμφιέννυσι
1746 4167 1812 4216 τὰ

197 4260 379 4329 γυμνά
410 4253 625 4328 δένδρα,
674 4261 770 4314 τὴν
817 4265 916 4328 γῆν
961 4254 1239 4329 διανοίγων
1273 4272 1284 4284 ·

202 4347 364 4406 ζώοις
421 4348 598 4418 χαρὰν
639 4351 940 4422 προσφέρει,
996 4347 1141 4406 οὗτος
1193 4350 1286 4404 τήν
1346 4345 1624 4418 ἱλαρότητα
1679 4351 1812 4397 πᾶσι

1341 4256 1488 4316 οὗτος
1531 4261 1664 4307 πᾶσι
1709 4261 1812 4314 τοῖς

1991 3277 2075 3333 ΙΧ.
2118 3279 2433 3349 Propterea
2475 3276 2760 3333 omnibus
2791 3277 3010 3333 animis
3057 3277 3244 3334 Deum
3276 3276 3574 3348 diligenti-

1918 3366 2054 3434 bus,
2086 3366 2201 3422 hoc
2227 3371 2332 3432 cst,
2379 3367 2535 3421 veris
2567 3366 2933 3435 Christianis,
2968 3366 3201 3437 primus
3235 3367 3460 3423 mensis
3489 3371 3577 3422 est

1917 3454 2262 3524 Xanthicus,
2287 3455 2390 3527 qui
2421 3454 2636 3510 dicitur
2663 3455 2894 3526 Aprilis,
2929 3456 3034 3526 qui
3061 3455 3307 3527 quidem
3338 3460 3425 3511 est
3447 3456 3575 3512 dies

1919 3544 2388 3612 resurrectionis,
2439 3545 2499 3598 in
2529 3559 2648 3614 quo
2697 3559 2803 3614 per
2842 3544 3121 3599 virtutem
3155 3544 3294 3600 solis
3332 3545 3574 3615 justitim

1919 3632 2077 3687 intus
2103 3633 2364 3703 exsurgit
2404 3632 2594 3703 gloria
2626 3632 2876 3703 Spiritus
2911 3634 3121 3699 sancti,
3155 3638 3471 3704 protegens
3506 3650 3576 3690 ac

1917 3720 2124 3777 fovens
2165 3737 2421 3792 corpora
2471 3726 2818 3776 sanctorum
2849 3738 2859 3776 :
2895 3737 3080 3793 quam
3130 3721 3383 3791 gloriam
3417 3724 3574 3779 intus

1917 3809 2224 3866 habebant
2247 3811 2670 3866 absconditam
2695 3811 2754 3865 in
2775 3811 3010 3866 animis.
3041 3812 3212 3876 Quod
3231 3811 3389 3866 enim
3413 3829 3575 3868 nunc

1917 3898 2161 3963 habent,
2207 3898 2352 3953 illud
2397 3900 2642 3969 emergit
2683 3903 2821 3953 tunc
2849 3905 3014 3954 extra
3064 3915 3300 3970 corpus.
3335 3899 3457 3965 Hic,
3490 3902 3575 3955 in-

1917 4003 2124 4060 quam,
2160 3988 2386 4042 mensis
2420 3988 2648 4058 primus
2689 3991 2777 4042 est
2804 3988 2954 4042 inter
2984 4003 3221 4042 menses
3255 3989 3396 4043 anni
3429 4004 3441 4042 :
3476 3989 3573 4044 hic

1920 4077 2208 4146 gaudium
2239 4075 2407 4132 affert
2451 4076 2617 4132 omni
2656 4080 2982 4142 creaturas;
3034 4076 3126 4131 hic
3158 4077 3328 4132 vestit
3375 4076 3572 4134 nudas

1920 4166 2183 4231 arbores,
2211 4171 2428 4220 terram
2449 4166 2754 4236 aperiens;
2780 4165 2878 4220 hic
2899 4165 3184 4220 omnibus
3208 4165 3572 4221 animalibus

1921 4254 2212 4324 gaudium
2266 4254 2436 4325 parit,
2495 4254 2592 4308 hic
2635 4253 2918 4309 omnibus
2974 4253 3333 4310 hilaritatem
3383 4254 3574 4324 affert,

1920 4343 2018 4398 hic
2054 4347 2142 4398 est
2174 4343 2638 4398 Christianorum
2698 4342 2927 4413 primus
2959 4345 3182 4397 mensis
3229 4343 3573 4410 Xanthicus,

203 4433 454 4500 δεικνύει,
511 4434 661 4496 οὗτός
736 4437 850 4487 ἐστι
896 4443 994 4487 τῶν
1061 4443 1390 4507 Χριστιανῶν
1470 4443 1670 4508 πρῶτος
1723 4438 1812 4506 μὲν

1932 4433 2024 4504 qui
2056 4436 2140 4487 est
2172 4436 2406 4503 tempus
2428 4431 2892 4495 resurrectionis,
2926 4431 2985 4485 in
3009 4447 3130 4502 quo
3157 4431 3577 4503 gloriﬁcabun-

199 4525 476 4591 Ξανθικός,
507 4523 562 4585 ὃς
609 4522 722 4576 ἐστι
768 4531 859 4584 τῆς
897 4522 1230 4585 ἀναστάσεως
1261 4526 1460 4597 καιρὸς,
1506 4522 1613 4574 an;
1655 4520 1815 4586 δοξα-

204 4615 502 4669 σθήσονται
549 4614 617 4664 τὰ
649 4617 870 4685 σώματα
920 4613 1109 4679 αὐτῶν,
1170 4610 1263 4665 δια
1300 4619 1392 4664 τοῦ
1441 4610 1542 4663 ἀπὸ
1585 4619 1680 4663 τοῦ
1726 4620 1812 4663 νῦν

204 4700 358 4761 ὄντος
405 4698 453 4750 ἐν
497 4702 674 4762 αὐτοῖς
713 4704 876 4773 φωτός
938 4701 1188 4776 ἀῤῥήτου,
1239 4704 1475 4754 τουτέστι
1511 4708 1604 4761 τῆς
1662 4697 1816 4753 δυνά-

203 4808 340 4863 μεως
396 4796 484 4840 τοῦ
537 4793 855 4864 Πνεύματος,
903 4791 1024 4866 ὅπερ
1085 4794 1229 4844 ἔσται
1285 4790 1461 4852 αὐτοῖς
1505 4795 1616 4842 τότε
1663 4787 1816 4842 ἔνδυ-

201 4900 300 4952 μα,
332 4877 558 4953 βρῶσις,
628 4883 802 4947 πόσις,
863 4879 1190 4951 ἀγαλλίασις,
1242 4882 1409 4953 χαρὰ,
1464 4879 1659 4954 εἰρήνη,
1717 4881 1816 4952 ἅμ-

204 4987 342 5041 φιον,
400 4968 508 5028 ζωή
570 4967 807 5029 αἰώνιος⁶
879 4974 1027 5022 πᾶσα
1091 4973 1192 5042 γάρ
1245 4968 1462 5027 καλλονή
1517 4969 1816 5042 λαμπρότη-

201 5077 312 5122 τος,
362 5062 453 5110 καὶ
504 5060 818 5132 ὡραιότητος
849 5057 1113 5129 οὐρανίου,
1171 5059 1240 5120 εἰς
1294 5059 1484 5121 αύτούς
1519 5061 1577 5110 τό
1610 5065 1817 5129 Πνεῦμα

201 5156 303 5209 τῆς
363 5148 601 5208 θεότητος
646 5152 846 5219 γίνεται
901 5152 1038 5215 τότε,
1097 5149 1218 5220 ὅπερ
1278 5145 1378 5199 ἀπὸ
1436 5154 1528 5200 τοῦ
1579 5155 1667 5199 νῦν
1735 5143 1817 5199 δέ-

205 5237 404 5299 ξασθαι
444 5236 872 5299 κατηξιώθησαν.

279 5361 337 5415 l'.
386 5367 504 5425 Πῶς
560 5365 733 5415 τοίνυν
778 5360 997 5423 ἕκαστος
1069 5363 1216 5434 ἡμῶν
1274 5358 1461 5433 ὀφείλει
1511 5367 1814 5425 πιστεῦσαι,

1925 4525 2017 4577 tur
2038 4537 2290 4592 corpora
2321 4520 2560 4575 illorum
2599 4537 2704 4592 per
2733 4520 2961 4586 lumen,
2989 4520 3153 4592 quod
3180 4521 3256 4575 ab
3286 4521 3400 4575 hoc
3432 4525 3578 4576 tem-

1924 4626 2067 4681 pore
2109 4610 2165 4664 in
2199 4609 2312 4664 illis
2343 4614 2428 4664 est
2459 4624 2770 4674 arcanum,
2806 4609 2920 4665 hoc
2950 4615 3060 4674 est,
3091 4610 3366 4665 virtutem
3401 4610 3580 4682 Spiri-

1926 4704 2037 4764 tus,
2067 4698 2168 4770 qui
2197 4698 2339 4770 ipsis
2370 4703 2506 4753 tunc
2534 4698 2646 4754 erit
2676 4697 3119 4764 indumentum,
3152 4698 3345 4765 cibus,
3378 4709 3575 4771 potus,

1925 4787 2264 4852 exsultatio,
2282 4786 2502 4852 laetitia,
2519 4803 2655 4858 pax,
2673 4793 3118 4853 ornamentum,
3135 4789 3319 4843 etvita
3334 4794 3574 4844 aeterna.

1927 4876 2176 4947 Spiritus
2209 4875 2368 4930 enim
2413 4876 2755 4940 divinitatis,
2786 4892 2969 4947 quem
3001 4876 3077 4931 ab
3122 4877 3236 4932 hoc
3268 4884 3577 4933 momento

1925 4965 2211 5035 consequi
2250 4964 2416 5034 digni
2443 4964 2636 5020 habiti
2686 4972 2842 5033 sunt,
2875 4966 2939 5020 ﬁt
2971 4972 3109 5020 tunc
3138 4967 3199 5020 in
3239 4965 3351 5020 illis
3382 4966 3579 5021 omnis

1925 5053 2307 5128 pulchritudo
2335 5052 2674 5125 splendoris
2704 5058 2758 5110 et
2784 5053 3016 5109 decoris
3049 5054 3324 5109 caelestis.

2005 5358 2390 5424 X.Quomodo
2402 5357 2578 5428 igitur
2591 5356 2975 5430 unusquique
2990 5361 3260 5414 nostrum
3275 5355 3451 5413 debet
3463 5369 3581 5411 cre-

278 5621 401 5656 στοοο
430 5621 606 5677 Rom.
639 5635 755 5687 vni,
794 5625 877 5677 lt.
899 5620 941 5656 ⁶¹
975 5619 1022 5674 ΙΙ
1055 5621 1184 5676 Cor.
1216 5634 1294 5685 1v,
1336 5621 1414 5674 t0.
1447 5619 1490 5656 θ’
1520 5618 1566 5674 Il
1599 5619 1726 5676 Cor.
1762 5632 1817 5682 ν,

1932 5620 1956 5655 ⁸³
1994 5615 2192 5675 Matth.
2227 5631 2300 5685 v1,
2331 5619 2421 5676 29.

497 5729 746 5787 PATROL.
781 5728 884 5786 Gn.
926 5726 1187 5788 XXXIV.

3229 5723 3295 5786 Π
