4084 6256
576 211 682 266 διε
1892 196 1952 252 s.
1992 192 2293 251 MACABII
2334 190 2637 249 EGYPTII
3761 210 3845 265 διδ

578 337 718 393 dere
734 331 1183 395 etconteudere,
1197 330 1325 385 etin
1346 326 1511 383 omni
1528 324 1757 382 virtutis
1776 322 2188 380 conversation

2256 318 2304 373 Α
2335 321 2424 370 ακὶ
2472 318 2853 390 ἀγωνίσασθαι,
2910 327 2999 375 καὶ
3049 320 3345 377 σπουδάσαι
3398 325 3443 378 ἐν
3497 331 3625 387 πάση
3674 333 3848 402 ἓναρέτω

578 440 826 497 operam
849 436 1092 485 navare,
1121 424 1177 475 et
1201 431 1581 491 perseverare
1605 414 1666 470 in
1693 428 1798 486 spe
1822 428 1892 468 ac
1918 409 2186 467 toleranti

2336 408 2583 482 πολιτείᾳ,
2639 415 2728 462 καὶ
2784 407 3157 484 προσδοκῆσαι
3208 414 3254 465 ἓν
3314 413 3477 469 ἐλπίδι
3521 393 3614 471 xui.
3660 393 3849 494 ὑπομονῆ

577 513 789 578 multa,
818 517 881 566 ut
896 524 1054 565 nunc
1076 508 1295 577 dignus
1312 510 1623 562 censeatur
1640 501 1929 574 consequi
1951 500 2190 555 virtute:

2338 497 2520 571 πολλῇ,
2567 506 2653 550 νῦν
2711 500 3097 562 καταξιωθῆναι
3167 506 3258 562 τὴν
3305 503 3353 566 ἐξ
3404 505 3603 579 ούρανοῦ
3671 506 3853 582 δύναμιν

579 601 906 667 ccelestem,
922 603 975 654 et
991 597 1241 668 gloriam
1268 595 1514 668 Spiritus
1530 593 1719 649 sancti
1738 594 1795 647 in
1812 590 2087 645 interiore
2100 588 2192 642 ani

2339 585 2509 639 λαϐεῖν
2561 593 2650 640 καὶ
2696 585 2851 651 δόξαν
2904 598 2995 642 τοῦ
3029 590 3202 661 ἁγίου.
3248 596 3525 665 Πνεύματος
3570 599 3761 658 ἓντὸςίν
3805 608 3853 658 τῆ

579 696 770 757 ma,ut
785 658 906 746 tum
920 658 1225 743 dissolutis
1238 658 1592 756 corporibus
1607 677 2138 749 habeamus,quod
2155 681 2192 732 tt

2338 675 2516 749 ψυχῇ
2548 680 2629 730 ῖνα
2648 684 2763 731 τότε
2783 678 3034 750 λυομένων
3056 690 3152 732 τῶν
3180 684 3443 754 σωμάτων,
3466 686 3646 757 ἔχοιμεν
3666 688 3687 738 ὅ
3705 658 3860 760 ἀμφιά-

579 779 1015 853 gatetviviﬁcet
1031 793 1158 832 nos.
1175 776 1242 832 Si
1255 780 1471 839 tamen,
1486 771 1699 844 inquit,
1714 769 1933 834 induti,
1948 784 2068 823 non
2082 782 2192 821 nua

2346 785 2442 837 σει,
2470 772 2558 819 καὶ
2579 772 2887 830 ζωοποιήσει
2908 771 3073 842 ἡμᾶς;
3107 769 3269 843 Εἶγε.
3295 777 3467 843 φησὶν,
3488 771 3858 841 ἐνδυσόμεθα,

576 870 943 941 reperiemur
965 868 1031 920 ⁸⁸.
1059 868 1141 931 Et,
1165 862 1558 921 Resuscitabit
1582 875 1833 930 corpora
1854 864 2059 913 nostra
2081 871 2189 910 mo;

2342 854 2408 905 ού
2461 863 2695 929 γυμνοὶ
2745 860 3235 931 εὑρεθησόμεθα
3273 876 3287 890 ⁸
3356 866 3441 914 καὶ
3501 869 3861 922 Ζωοποιήσει

580 962 730 1017 talia
768 974 878 1029 per
901 955 1332 1013 inhabitantem
1373 951 1663 1023 Spiritum
1690 950 1817 1018 ejus
1858 947 1921 1001 ιή
1952 945 2119 1001 nobis
2160 946 2193 978 ⁶¹

2343 946 2415 995 τά
2455 947 2651 1002 θνητά
2709 952 2972 1019 σώματα
3027 951 3197 1021 ἡμῶν
3229 946 3338 1003 διὰ
3365 958 3470 1002 τοῦ
3509 950 3859 1015 ἐνοικοῦντος

578 1051 792 1105 Beatus
837 1046 995 1101 enim
1028 1048 1212 1100 Moses
1244 1039 1647 1097 subindicavit
1685 1037 1863 1093 nobis
1899 1042 2041 1107 typo
2080 1048 2191 1105 quc

2344 1033 2539 1085 αὐτοῦ
2574 1039 2944 1108 Πνεύματος
2983 1036 3038 1089 ἐν
3086 1040 3269 1111 ἡμῖν.
3317 1046 3539 1103 Μωυσῆς
3584 1044 3867 1114 γάρὸμακά-

576 1138 743 1202 dam,
794 1151 900 1207 per
943 1134 1196 1203 gloriam
1245 1130 1468 1186 scilicet
1509 1128 1759 1200 Spiritus
1806 1127 1866 1181 in
1914 1124 2062 1179 facie
2103 1123 2189 1193 eju

2342 1142 2449 1198 ριος
2478 1120 2714 1187 ὑπέδειξε
2752 1130 2837 1178 τὸν
2865 1130 3021 1179 τύπον
3054 1125 3147 1180 διὰ
3188 1136 3282 1190 τῆς
3328 1136 3417 1180 τοῦ
3446 1135 3704 1201 προσώπου
3738 1131 3865 1183 αὐτοῦ

575 1227 925 1289 haerentem,
955 1237 1141 1293 quam
1176 1235 1355 1275 nemo
1385 1217 1595 1273 deﬁxis
1623 1214 1808 1271 oculis
1840 1210 2188 1282 contemplai

2345 1210 2666 1285 ἐπικειμένης
2713 1223 2802 1266 τοῦ
2835 1218 3132 1288 Πνεύματος
3178 1213 3358 1288 δόξης,
3412 1218 3480 1280 εἰς
3514 1218 3570 1275 ἢν
3618 1216 3765 1280 οὐδεὶς
3797 1220 3866 1270 ἀν-

577 1318 831 1386 poterat,
864 1308 1174 1382 quomodo
1205 1309 1263 1361 in
1302 1304 1732 1361 resurrectione
1752 1304 2077 1372 justorum,
2108 1297 2190 1368 glc

2347 1302 2560 1373 θρώπων
2592 1301 2825 1356 ἀτενίσαι
2883 1303 3135 1375 ἠδύνατο,
3166 1314 3270 1366 πῶς
3304 1310 3352 1358 ἓν
3403 1315 3461 1379 τῇ
3523 1306 3773 1360 ἀναστάσει
3792 1317 3869 1360 τῶν

575 1400 972 1457 riﬁcabuntur
986 1412 1241 1465 corpora
1260 1400 1605 1450 sanctorum
1625 1410 1635 1448 :
1653 1406 1837 1463 quam
1852 1389 2098 1460 quidem
2113 1387 2188 1457 g1<

2345 1386 2564 1443 δικαίων
2622 1389 3013 1455 δοξασθήσεται
3066 1399 3129 1447 τὰ
3180 1401 3399 1467 σώματα
3426 1403 3519 1449 τῶν
3549 1396 3710 1467 ἁγίων,
3747 1396 3870 1468 ἤνπερ

578 1491 731 1547 riam
762 1503 925 1545 nunc
955 1487 1013 1542 in
1042 1484 1321 1541 interiore
1360 1482 1603 1538 homine
1637 1480 1855 1535 animae
1884 1482 2191 1533 sanctorut

2344 1478 2503 1543 δόξαν
2535 1481 2634 1534 ἀπὸ
2661 1491 2750 1535 τοῦ
2781 1492 2867 1536 νῦν
2911 1481 3114 1538 ἔνδοθεν
3166 1488 3250 1537 ἐπὶ
3303 1494 3375 1557 τῷ
3405 1489 3501 1539 ἔσω
3550 1486 3771 1560 ἀνθρώπῳ
3794 1486 3872 1557 ψυ-

578 1584 636 1635 et
662 1578 933 1634 ﬁdelium
960 1575 1157 1646 dignm
1184 1578 1469 1644 putantur
1508 1569 1747 1625 habere.
1784 1568 1909 1623 Nos
1936 1568 2108 1631 enim,
2142 1566 2191 1620 in

2342 1576 2443 1642 χαὶ
2502 1572 2659 1644 ἁγίων
2712 1579 2800 1626 καὶ
2856 1583 3054 1627 πιστῶν
3088 1576 3455 1638 καταξιοῦνται
3500 1578 3647 1648 ἔχειν.
3700 1583 3873 1648 Ἡμεῖς

576 1669 727 1741 quit,
749 1681 968 1730 omnes,
990 1661 1404 1732 retectafacie,
1435 1659 1543 1716 hoc
1565 1664 1671 1723 est,
1692 1656 1965 1713 interiori
1978 1655 2189 1712 homini

2270 1666 2307 1719 Β
2341 1663 2482 1733 γὰρ,
2518 1667 2668 1733 φησὶ,
2702 1666 2934 1726 πάντες
2977 1663 3552 1738 ἀνακεκαλυμμένῳ
3586 1669 3868 1739 προσώπῳ,

576 1757 835 1829 gloriam
859 1754 1097 1810 Domini
1116 1753 1178 1807 in
1203 1752 1438 1819 speculo
1460 1748 1954 1815 contemptamur,
1980 1745 2061 1801 ad
2082 1760 2189 1799 ean

2339 1755 2637 1803 τουτέστι
2667 1760 2747 1824 τῷ
2775 1755 2896 1805 ἔσω
2937 1753 3265 1827 ἀνθρώπῳ,
3298 1759 3411 1813 τὴν
3453 1752 3634 1817 δόξαν
3671 1760 3873 1807 rutiliu-

576 1849 709 1904 dem
735 1844 1055 1914 imaginem
1075 1837 1497 1909 transformati
1509 1838 1581 1892 de
1591 1836 1788 1907 gloria
1805 1836 1867 1890 in
1891 1836 2147 1904 gloriam
2161 1836 2189 1868 ⁶⁴

2339 1844 2481 1913 ρίου
2520 1843 3126 1916 κατοπτριζόμεθα,
3169 1845 3257 1906 είς
3312 1848 3423 1902 τὴν
3466 1844 3651 1902 αὐτὴν
3701 1842 3872 1895 εἰκόνα

575 1936 787 1993 Itidem
822 1952 835 1989 :
864 1933 1049 1988 Moses
1074 1930 1484 2002 quadraginta
1504 1926 1709 1982 diebus
1736 1939 1806 1980 ac
1826 1923 2188 1994 quadragint

2339 1934 2943 2003 μεταμορφούμενοι
2973 1931 3090 1985 ἀπὸ
3122 1930 3279 1996 δοξη
3301 1954 3323 1996 ς
3356 1934 3441 1996 εἰς
3467 1931 3670 1996 δόξαν.
3695 1931 3873 2003 Ὁμοίως

577 2024 871 2090 noctibus,
901 2026 967 2076 ut
996 2019 1283 2090 scriptum
1315 2021 1422 2079 est,
1440 2030 1657 2084 panem
1681 2030 1799 2069 non
1826 2012 2096 2077 comedit,
2126 2026 2190 2067 ne

2336 2017 2491 2068 πάλιν
2535 2034 2547 2046 ·
2600 2018 3107 2093 Τεσσαράκοντα
3162 2024 3410 2096 ἡμέρας
3450 2028 3553 2075 καὶ
3611 2022 3872 2094 ταπίρώ

577 2126 798 2188 aquam
827 2110 966 2167 bibit
996 2111 1065 2163 ⁸⁷.
1091 2108 1236 2164 Fieri
1261 2112 1463 2162 autem
1486 2120 1607 2159 non
1629 2108 1848 2175 potest,
1867 2107 2190 2172 utcorpore

2337 2125 2534 2158 κοντα
2570 2110 2801 2169 νύκτας
2848 2112 3043 2183 ἄρτον
3083 2111 3194 2163 οὐκ
3252 2114 3500 2184 ἔφαγεν,
3524 2114 3583 2171 ὡς
3610 2114 3872 2184 γέγραπται.

576 2208 796 2259 natura
816 2199 1047 2270 absque
1069 2212 1225 2268 pane
1248 2199 1481 2250 tantum
1505 2192 1789 2262 temporis
1810 2191 1995 2245 vitam
2021 2193 2184 2243 trans

2337 2201 2444 2247 xui
2471 2193 2640 2270 ὕδωρ
2696 2198 2809 2250 οὐκ
2849 2201 3040 2252 ἔπιεν.
3075 2198 3366 2255 Ἀδύνατον
3390 2199 3447 2254 δὲ
3467 2205 3556 2260 τὴν
3575 2206 3660 2252 τοῦ
3681 2204 3873 2269 σώματος

577 2296 695 2362 gat,
726 2288 839 2344 nisi
862 2287 1013 2343 alius
1040 2285 1157 2341 cibi
1187 2281 1511 2355 spiritualis
1545 2280 1843 2352 particeps
1877 2277 2012 2333 ﬁat:
2046 2292 2190 2349 quer

2339 2288 2491 2356 φύσιν
2518 2285 2634 2338 ἄνευ
2664 2289 2825 2361 ἄρτου
2866 2296 3113 2342 τοσοῦτον
3146 2291 3335 2359 ζῆσαι,
3366 2291 3409 2343 εἰ
3439 2295 3508 2363 μὴ
3540 2297 3718 2364 τροφῆς
3743 2288 3875 2359 ἐτέρας

578 2380 694 2450 26
721 2377 922 2433 cibum
954 2389 1117 2430 nunc
1138 2372 1423 2443 temporis
1457 2373 1807 2425 sanctorum
1839 2367 2055 2423 animae
2080 2366 2191 2421 invi

2338 2385 2691 2447 πνευματικῆς
2739 2378 3112 2451 μετελάμϐανεν
3142 2402 3154 2413 ·
3216 2381 3388 2455 ἧσπερ
3437 2386 3625 2456 τροφῆς
3680 2378 3767 2429 ἀπὸ
3808 2382 3875 2426 τοῦ

576 2467 825 2524 sibiliter
853 2464 1063 2521 virtute
1095 2460 1345 2533 Spiritus
1384 2458 1572 2515 sancti
1610 2459 2080 2528 consequuntur.

2337 2472 2424 2515 νῦν
2454 2474 2552 2517 τῶν
2596 2466 2757 2537 ἁγίων
2779 2467 2956 2540 ψυχαὶ
3002 2468 3233 2542 ἀοράτως
3265 2471 3321 2522 ἐκ
3357 2476 3448 2522 τοῦ
3473 2471 3745 2541 Πνεύματος
3763 2482 3879 2537 μετα-

2336 2552 2682 2626 λαμϐάνουσι.

651 2680 734 2734 Χι.
767 2674 1011 2732 Duobus
1043 2672 1221 2742 igitur
1269 2670 1425 2742 typis
1466 2669 1678 2724 beatus
1713 2670 1901 2723 Moses
1946 2666 2223 2732 ostendit,

2408 2670 2512 2724 IA'.
2568 2673 2713 2724 Κατά
2757 2668 2853 2725 δύο
2930 2673 3017 2724 οὖν
3065 2675 3260 2736 τύπους
3308 2675 3342 2726 ὁ
3404 2676 3649 2751 μακάριος
3693 2676 3875 2730 Μωῡσῆς

573 2784 763 2844 quam
803 2767 861 2821 in
907 2761 1331 2820 resurrectione
1375 2758 1635 2815 habituri
1667 2757 1785 2811 sint
1827 2756 2077 2828 gloriam
2105 2771 2186 2811 νο]

2334 2756 2619 2829 ὑπέδειξεν,
2685 2764 2839 2836 ἤνπερ
2896 2760 2955 2831 ¹ἐν
3020 2770 3080 2835 τῇ
3161 2766 3454 2818 ἀναστάσει
3527 2765 3688 2829 ἕξουσι
3754 2758 3873 2823 δόξαν

574 2855 895 2914 Christiani
923 2871 936 2910 :
970 2851 1221 2925 gloriam
1256 2848 1479 2903 scilicet
1503 2846 1748 2901 luminis
1781 2850 1837 2901 et
1863 2846 2106 2901 delicias
2138 2844 2187 2899 in

2334 2852 2500 2919 φωτὸς
2537 2854 2627 2902 καὶ
2676 2854 2873 2925 τρυφὴν
2926 2855 3101 2924 νοεράν
3144 2860 3235 2904 τοῦ
3292 2858 3591 2927 Πνεύματος
3619 2855 3664 2906 οἱ
3690 2850 3868 2908 ἀληθινοὶ

572 2943 935 3005 tellectuales
986 2940 1258 3013 Spiritus,
1312 2936 1532 3010 quibus
1571 2936 1749 2991 etiam
1793 2934 2021 2990 occulte
2065 2950 2185 2989 nun

2332 2943 2663 3011 Χριστιανοὶ,
2716 2940 2778 3001 ἧς
2822 2945 2913 2992 καὶ
2948 2948 3190 3012 κρυπτῶς
3247 2941 3354 2995 ἀπὸ
3385 2952 3476 2996 τοῦ
3506 2950 3589 2996 νῦν
3627 2938 3868 3001 καταξιοῡν-

572 3036 739 3107 digni
764 3034 1137 3106 reputantur.
1190 3030 1507 3098 Propterea
1546 3029 1685 3079 tunc
1716 3024 1776 3078 in
1816 3038 2064 3095 corpore
2095 3022 2185 3078 illo

2256 3019 2298 3078 C
2333 3047 2439 3081 ται.
2493 3031 2580 3079 Διὸ
2629 3032 2719 3080 καὶ
2763 3033 2877 3081 τότε
2920 3028 3003 3081 ἐπὶ
3050 3037 3141 3081 τοῦ
3197 3036 3442 3104 σώματος
3488 3036 3647 3085 αὐτῶν
3699 3046 3868 3102 φανερω-

559 3142 699 3184 rum
716 3124 845 3180 haec
869 3118 1266 3193 apparebunt.
1294 3116 1485 3181 Quam
1511 3114 1669 3169 enim
1689 3128 1848 3168 nunc
1868 3112 1929 3166 in
1953 3113 2075 3167 suis
2098 3127 2172 3167 an

2336 3118 2605 3173 θήσονται.
2656 3116 2749 3170 ’Ἢν
2800 3120 2901 3191 γὰρ
2946 3117 3046 3170 ἀπὸ
3086 3126 3177 3171 τοῦ
3215 3127 3301 3171 νῦν
3349 3124 3571 3194 ἔχουσιν
3599 3121 3643 3173 ἐν
3670 3125 3765 3178 ταῖς
3800 3114 3873 3186 ψυ-

561 3217 676 3273 mis
709 3212 962 3285 gloriam
994 3206 1182 3264 sancti
1216 3204 1459 3268 habent,
1495 3207 1557 3258 ut
1586 3201 1939 3274 praedictum
1971 3207 2076 3267 est,
2121 3200 2174 3256 ill

2331 3214 2456 3277 χαίς
2493 3208 2541 3258 οἱ
2584 3206 2728 3278 ἅγιοι
2777 3203 2954 3275 δόξαν,
2998 3210 3066 3270 ὡς
3110 3214 3449 3283 προείρηται,
3504 3210 3659 3268 ἐκείνη
3699 3203 3872 3273 καλύψει

562 3313 692 3363 tum
717 3305 873 3371 teget
896 3304 954 3354 et
977 3296 1207 3369 operiet
1237 3292 1401 3349 nuda
1417 3306 1690 3363 corpora,
1724 3296 1782 3346 et
1811 3291 1888 3346 ad
1915 3290 2097 3345 caelos
2129 3306 2175 3345 ra

2330 3300 2419 3346 xui
2468 3294 2740 3367 ἀμφιάσει,
2796 3302 2885 3349 καὶ
2932 3299 2998 3349 τὰ
3040 3301 3213 3369 γυμνά
3272 3306 3499 3373 σώματα
3538 3304 3624 3353 καὶ
3676 3297 3734 3357 εἰς
3758 3294 3873 3366 οὐρα-

560 3394 704 3466 piet,
739 3396 795 3446 et
838 3386 1083 3444 tandem
1127 3396 1376 3453 corpore
1421 3388 1477 3435 et
1503 3380 1707 3435 anima
1744 3380 1805 3435 in
1848 3394 2035 3449 regno
2079 3396 2173 3434 CUI

2328 3387 2442 3444 νοὺς
2486 3386 2730 3460 ἁρπάσει,
2765 3390 2854 3437 καὶ
2902 3389 2960 3437 τὸ
3002 3386 3179 3439 λοιπὸν
3231 3393 3444 3461 σώματι
3473 3394 3559 3442 xui
3596 3389 3735 3460 ψυχῆ
3766 3388 3806 3436 ἐν
3828 3388 3871 3451 τῇ

562 3480 819 3537 Domino
850 3475 1292 3546 requiescemus
1322 3470 1381 3524 in
1418 3468 1654 3524 stecula.
1686 3470 1832 3524 Cum
1872 3469 2029 3523 enim
2061 3469 2175 3523 Ada

2329 3472 2576 3546 βασιλείᾳ
2602 3475 2674 3537 εἰς
2703 3474 2889 3537 αἰῶνας
2926 3480 3019 3528 σὺν
3053 3484 3126 3546 τῷ
3160 3482 3338 3553 Κυρίῳ
3372 3478 3778 3550 ἀναπαυσόμεθα.
3800 3474 3872 3524 Τὸν

561 3585 733 3626 mum
762 3570 914 3621 Deus
940 3560 1244 3623 conderet,
1268 3572 1391 3613 non
1417 3555 1781 3628 praaparavit
1811 3557 1861 3610 ei
1892 3572 2174 3627 corporea

2324 3565 2425 3635 γὰρ
2475 3560 2655 3636 ’Λδάμ
2701 3569 2887 3624 κτίσας
2935 3567 2959 3617 ὁ
3008 3568 3155 3632 Θεὸς,
3212 3567 3269 3618 ού
3339 3571 3708 3622 κατεσκεύασεν
3766 3562 3874 3629 αὐτῷ

561 3658 713 3721 alas,
742 3661 806 3711 ut
843 3650 1208 3716 volatilibus,
1242 3647 1465 3719 quippe
1506 3645 1757 3717 Spiritus
1789 3646 1978 3701 sancti
2009 3645 2135 3701 alas
2162 3663 2174 3700 ι

2327 3655 2630 3724 σωματικὰς
2707 3658 2963 3726 πτέρυγας
3032 3658 3101 3715 ὡς
3175 3663 3280 3717 τοῖς
3359 3666 3623 3721 πετεινοῖς,
3680 3657 3757 3714 τὰς
3807 3654 3873 3702 τοῦ

561 3759 885 3819 apparens,
903 3741 1020 3796 hoc
1043 3742 1152 3803 est,
1172 3753 1324 3809 quas
1345 3734 1667 3804 largiturus
1690 3734 1741 3789 ei
1763 3738 1915 3789 esset
1940 3734 1998 3789 in
2022 3751 2174 3790 resui

2324 3743 2618 3813 Πνεύματος
2665 3748 2757 3794 τοῦ
2804 3742 2957 3813 ἁγίου
3016 3747 3279 3815 πτέρυγας
3308 3751 3717 3822 προευτρεπίσας
3750 3739 3873 3807 αὐτῷ,

559 3836 841 3899 rectione,
875 3836 938 3887 ut
982 3830 1185 3901 ipsum
1216 3825 1515 3881 elevarent
1560 3828 1615 3879 et
1646 3823 1987 3894 abriperent
2030 3840 2172 3896 quo:

2322 3835 2591 3883 τουτέστιν
2642 3831 2701 3893 οἷς
2737 3831 2905 3902 μέλλει
2961 3829 3173 3886 διδόναι
3203 3834 3346 3906 αύτῷ
3399 3839 3450 3889 ἓν
3504 3844 3565 3908 τῇ
3614 3832 3870 3889 ἀναστάσει,

558 3942 693 3983 sum
728 3919 971 3995 Spiritui
995 3917 1250 3990 placeret
1281 3932 1292 3968 :
1331 3929 1484 3986 quas
1508 3914 1779 3982 alasjam
1807 3928 1967 3967 nunc
1993 3913 2171 3969 animt

2324 3920 2405 3970 ἵνα
2434 3919 2586 3971 αὐτὸν
2617 3925 2917 3991 κουφίσωσι
2965 3926 3056 3973 καὶ
3103 3922 3419 3994 ἁρπάσωσιν
3470 3926 3591 3977 ἔνθα
3626 3925 3679 3975 τὸ
3708 3924 3875 3986 Πνεῦμα

556 4019 903 4072 sanctorum
928 4009 1153 4065 habere
1174 4004 1375 4073 dignes
1405 4001 1720 4071 habentur,
1746 4016 1880 4073 quae
1911 4008 2108 4058 mente
2131 4019 2164 4057 a

2320 4007 2603 4079 βούλεται·
2654 4008 2711 4068 ἃς
2762 4014 3023 4081 πτέρυγας
3079 4009 3179 4063 ἀπὸ
3230 4019 3325 4063 τοῦ
3364 4020 3454 4065 νῦν
3512 4015 3566 4066 αἱ
3616 4011 3875 4082 ψυχαὶτῶν

557 4104 830 4162 ccelestes
890 4096 1280 4167 cogitationes
1336 4091 1671 4147 subvolant.
1741 4091 2170 4147 Christianorum

2319 4095 2479 4167 ἁγίων
2525 4096 2895 4159 καταξιοῦνται
2963 4100 3103 4169 ἔχειν
3155 4098 3227 4161 εἰς
3272 4104 3333 4152 τὸ
3386 4101 3625 4176 οὐράνιον
3681 4100 3876 4172 φρόνημα

556 4195 717 4251 enim
743 4188 1009 4245 mundus
1038 4184 1190 4241 alius
1215 4187 1325 4246 est,
1355 4186 1409 4237 et
1432 4179 1548 4236 alia
1570 4195 1800 4244 mensa,
1826 4185 1880 4234 et
1900 4179 2017 4235 alia
2038 4181 2169 4236 indi

2318 4194 2390 4255 τῷ
2444 4193 2512 4256 νῷ
2553 4186 2891 4259 ἀνιπτάμεναι
2920 4204 2931 4217 ·
2985 4196 3316 4262 Χριστιανῶν
3354 4194 3458 4265 γὰρ
3499 4195 3693 4262 κόσμος
3742 4184 3874 4255 ἔτερος

556 4286 778 4344 menta,
806 4283 859 4333 et
890 4276 1005 4332 alia
1034 4273 1255 4341 fruitio,
1287 4270 1405 4327 alia
1442 4268 1931 4334 communicatio,
1965 4274 2019 4324 et
2059 4268 2169 4325 aliu

2317 4277 2428 4327 ἐστι
2478 4280 2566 4328 καὶ
2596 4276 2722 4334 ἄλλη
2756 4277 3012 4350 τράπεζα,
3044 4282 3129 4330 καὶ
3160 4278 3292 4332 ἄλλα
3338 4278 3629 4353 ἐνδύματα,
3662 4279 3742 4329 καὶ
3774 4270 3872 4325 ἄλλη

552 4369 904 4427 intellectus.
941 4365 1316 4435 Quapropter
1346 4364 1401 4415 et
1429 4358 1877 4430 praestantiores
1910 4362 2048 4413 sunt
2077 4374 2165 4414 om

2261 4358 2620 4430 )ἀπόλαυσις⁵
2681 4366 2771 4412 καὶ
2838 4362 2963 4420 ἄλλη
3017 4368 3281 4429 κοινωνία,
3352 4370 3445 4418 καὶ
3493 4364 3614 4417 ἄλλο
3657 4365 3874 4436 φρόνημασ

554 4459 733 4515 nibus
782 4453 1152 4512 hominibus.
1189 4452 1352 4506 Hanc
1396 4451 1599 4504 autem
1642 4447 1921 4501 virtutem
1960 4446 2161 4502 intusi

2316 4451 2404 4501 Διὸ
2459 4453 2548 4501 καὶ
2619 4454 2884 4523 κρείττους
2937 4452 3140 4504 πάντων
3193 4451 3480 4523 ἀνθρώπων
3551 4452 3868 4525 τυγχάνουσι.

551 4548 771 4607 animis
796 4560 956 4601 nunc
985 4540 1153 4611 digni
1180 4542 1466 4610 putantur
1490 4536 1759 4606 accipere
1784 4551 1891 4607 per
1921 4536 2164 4607 Spiritui

2314 4541 2517 4590 Τούτων
2563 4534 2621 4590 δὲ
2668 4543 2760 4597 τὴν
2818 4536 3040 4612 δύναμιν
3088 4548 3176 4593 νῦν
3228 4539 3376 4595 ἔνδον
3439 4546 3489 4596 ἓν
3544 4549 3652 4603 ταῖς
3704 4538 3875 4610 ψυχαῖς

549 4643 845 4696 sanctum.
894 4633 1210 4702 Propterea
1238 4640 1484 4699 quoque
1515 4624 1573 4679 in
1610 4626 2038 4680 resurrectione
2082 4642 2162 4681 co}

2314 4627 2680 4690 καταξιοῦνται
2721 4627 2890 4681 λαϐεῖν
2940 4627 3034 4683 διὰ
3079 4637 3171 4683 τοῦ
3218 4632 3371 4702 ἁγίου
3424 4635 3751 4705 Πνεύματος·
3807 4620 3872 4675 διὸ

550 4743 700 4800 pora
723 4720 961 4781 aeternis
980 4719 1091 4774 illis
1125 4716 1380 4789 Spiritus
1401 4714 1589 4769 sancti
1622 4713 1797 4769 bonis
1824 4714 2163 4769 habebuntu

2314 4721 2403 4768 xui
2456 4716 2501 4767 ἐν
2550 4725 2610 4789 τῇ
2665 4716 2949 4771 ἀναστάσει
3022 4722 3090 4771 τὰ
3149 4725 3368 4792 σώματα
3422 4720 3876 4783 καταξιωθήσονται

548 4817 749 4885 digna,
786 4817 841 4867 et
867 4809 1064 4882 gloriae
1094 4806 1176 4861 illi
1214 4802 1749 4876 permiscebuntur,
1783 4803 1959 4874 cujus
1990 4802 2051 4858 in
2090 4803 2161 4860 ha

2313 4813 2413 4856 τῶν
2445 4806 2659 4858 αἰωνίων
2712 4805 2911 4859 ἐκείνων
2945 4815 3037 4859 τοῦ
3077 4812 3372 4881 Πνεύματος
3418 4809 3648 4881 ἀγαθῶν,
3712 4808 3793 4856 καὶ

544 4904 670 4962 vita
681 4902 901 4959 animae
916 4897 1153 4955 illorum
1166 4893 1641 4965 experimentum
1655 4897 2064 4963 sumpserunt.

2314 4891 2440 4967 δόξῃ
2469 4896 2632 4969 ἐκείνῃ
2674 4894 3147 4970 ἀνακραθήσονται,
3182 4899 3247 4961 ἧς
3276 4899 3376 4953 ἀπὸ
3408 4907 3505 4953 τοῦ
3533 4906 3619 4951 νῦν
3649 4897 3701 4949 αἱ
3728 4893 3878 4965 ψυχαί

2310 4983 2478 5037 αὐτῶν
2500 4989 2593 5044 τὴν
2621 4992 2801 5060 πεῖραν
2826 4983 3085 5049 ἐδέξαντο.

618 5116 731 5172 XII.
769 5112 950 5169 Debet
978 5109 1159 5181 igitur
1197 5104 1615 5177 unusquisque
1648 5108 1919 5160 nostrum
1946 5110 2198 5161 conten—

2384 5112 2480 5163 IB'.
2546 5108 2761 5182 Ὀφείλει
2811 5116 2981 5164 τοίνυν
3044 5112 3265 5176 ἕκαστος
3322 5115 3468 5186 ἡμῶν
3521 5108 3878 5185 ἀγωνίσασθαι,

541 5208 703 5271 dere,
756 5202 1068 5260 elaborare
1108 5197 1250 5254 etin
1283 5193 1447 5251 omni
1493 5193 1776 5248 virtutum
1807 5209 2022 5264 genere
2061 5210 2154 5266 opt

2307 5203 2396 5250 xui
2425 5208 2674 5264 πονῆσαι,
2725 5205 2814 5253 καὶ
2867 5199 3174 5255 σπουδάσαι
3226 5205 3274 5256 ἐν
3306 5203 3501 5263 πάσαις
3550 5201 3767 5275 ἀρεταῖς,
3804 5195 3877 5246 καὶ

538 5312 671 5355 ram
702 5290 1011 5355 adhibere,
1048 5292 1105 5345 et
1144 5284 1403 5349 credere,
1432 5286 1490 5339 et
1513 5281 1813 5354 requirere
1838 5298 1874 5338 a
1922 5283 2151 5339 Domim

2308 5294 2591 5340 πιστεῦσαι
2656 5293 2745 5341 καὶ
2804 5289 3036 5350 ζητῆσαι
3114 5294 3257 5367 παρά
3332 5296 3550 5365 Κυρίου,
3615 5288 3668 5353 ἐξ
3711 5286 3880 5340 ἐκείνης

616 5580 661 5619 σι
684 5577 733 5637 ll
761 5576 889 5632 Cor.
924 5590 975 5642 v,
1007 5572 1061 5628 3.
1136 5571 1184 5609 ⁸⁵
1216 5572 1385 5627 Rom.
1414 5585 1535 5642 vm,
1568 5568 1657 5626 11.
1737 5571 1783 5606 ⁶⁶
1814 5570 1859 5625 ll
1891 5569 2022 5627 Cor.
2056 5587 2137 5641 ιιι,
2177 5574 2229 5630 1Ε

1373 5585 1535 5642 .vm,
1568 5568 1657 5626 11.
1737 5571 1783 5606 ⁶⁶
1814 5570 1859 5625 ll
1891 5569 2022 5627 Cor.
2056 5587 2137 5641 ιιι,
2177 5574 2259 5630 18.
2340 5573 2386 5609 δ”
2429 5572 2613 5632 Exod.
2652 5590 2852 5648 χχχιιι,
2884 5576 2973 5637 28.
