4084 6256
246 270 351 325 517

1531 272 1872 329 HOMILUE.
1916 303 1984 313 —
2020 273 2193 330 HOM.
2236 276 2326 332 VI.

3511 291 3614 347 518

242 402 339 455 τῆς
392 392 553 459 δόξης
610 392 710 447 ἀπὸ
760 402 850 448 τοῦ
900 403 987 448 νῦν
1039 400 1263 470 μέτοχον
1319 400 1559 469 γενέσθαι
1609 402 1695 451 τόν
1753 401 1830 451 ἕσε

1961 402 2024 453 ut
2060 398 2216 455 illius
2235 401 2438 471 gloriae
2481 403 2558 459 ab
2585 404 2700 462 hoc
2740 410 3008 479 tempore
3027 412 3324 484 particeps
3346 413 3612 473 ﬁatinte-

239 485 535 558 ἄνθρωπον,
588 491 678 538 καὶ
726 488 774 538 ἐν
833 488 997 558 εκείνη
1051 495 1113 558 τῆ
1178 488 1417 559 ἁγιότητι
1481 496 1572 540 τοῦ
1623 490 1853 560 Πνεύμαο

235 593 323 637 τος
380 580 475 633 τὴν
527 574 715 646 ψυχήν
766 584 1102 640 κοινωνῆσαι,
1164 579 1247 629 ἵνα
1297 581 1698 651 καθαρισθέντες
1763 580 1849 629 τόν

235 664 403 737 ῥύπον
452 671 547 724 τῆς
599 669 787 727 κακίας
836 668 1037 737 ἔχωμεν
1086 665 1179 717 κάν
1223 675 1284 738 τῇ
1340 666 1626 720 ἀναστάσει
1679 669 1704 718 ὅ
1756 666 1851 737 ἀμ-

238 756 420 824 φιάσει
465 755 641 826 γυμνὰ
682 757 748 807 τά
788 761 1006 826 σώματα
1047 757 1191 828 ἡμῶν
1238 754 1573 829 ἀνιστάμενα,
1624 760 1714 809 καὶ
1756 761 1850 814 τήν

238 841 634 914 ἀσχημοσύνην
681 839 889 896 ἓνδύσει
932 850 1019 898 καὶ
1076 845 1413 911 ζωοποιήσει,
1470 850 1558 898 καὶ
1611 845 1682 906 εἰς
1731 845 1851 896 αἰῶ-

235 950 323 992 νας
374 930 423 983 ἓν
468 939 530 1004 τῆ
588 929 836 1004 βασιλείᾳ
883 933 1172 986 ἀναπαύσει
1219 943 1319 986 τῶν
1368 935 1616 1008 οὐρανῶν.
1668 933 1850 988 Μέλλει

235 1022 338 1092 γὰρ
399 1022 424 1071 ό
480 1025 706 1095 Χριστός
759 1021 813 1074 ἐκ
876 1031 978 1074 τῶν
1035 1023 1264 1096 οὐρανῶν
1319 1026 1694 1098 κατέρχεσθαι,
1759 1029 1848 1076 καὶ

235 1112 410 1161 πάντα
448 1112 515 1161 τά
564 1110 697 1182 φῦλα
734 1118 826 1163 τοῦ
876 1108 1054 1183 Ἀδὰμ
1094 1110 1402 1176 ἀναστήσει,
1442 1116 1565 1174 τοὺς
1603 1111 1689 1164 ἀπ’
1726 1113 1849 1165 αἰῶ-

233 1217 315 1260 νος
374 1202 738 1271 κοιμηθέντας,
799 1203 934 1252 κατὰ
984 1204 1077 1262 τὰς
1133 1201 1283 1272 ἁγίας
1333 1206 1553 1275 Γραφάς.
1616 1207 1714 1255 Καὶ
1775 1201 1848 1264 εἰς

236 1284 336 1340 δύο
377 1293 506 1364 μέρη
550 1294 736 1347 στήσει
774 1292 986 1355 πάντας,
1029 1295 1119 1342 καὶ
1168 1295 1288 1352 τοὺς
1327 1293 1546 1362 ἔχοντας
1584 1294 1640 1342 τό
1707 1287 1844 1342 ἴδιον

237 1383 476 1450 σημεῖον,
517 1381 754 1431 τουτέστι
792 1383 885 1437 τὴν
927 1377 1196 1452 σφραγῖδα
1232 1388 1323 1432 τοῦ
1365 1383 1674 1452 Πνεύματος,
1725 1383 1846 1431 τού-

230 1487 355 1530 τους
399 1470 468 1530 ὠς
520 1465 686 1528 ἰδίους
732 1474 1118 1542 προσφωνήσας
1168 1469 1223 1521 ἐκ
1267 1467 1448 1532 δεξιῶν
1495 1475 1698 1527 στήσει·
1759 1471 1844 1521 Τά

231 1556 355 1629 ἐμά
426 1559 566 1630 γὰρ,
632 1563 784 1629 φησὶ.
857 1558 1152 1631 πρόϐατα
1225 1567 1338 1620 τῆς
1404 1559 1558 1630 ἐμῆς
1634 1568 1842 1630 φωνῆς

231 1645 599 1698 ἀκούονσι.
643 1651 772 1698 καὶ·
817 1652 1126 1701 Γινώσκω
1164 1651 1239 1700 τὰ
1277 1649 1423 1719 ἐμὰ,
1465 1653 1571 1700 καὶ
1610 1653 1840 1718 γινωσ-

1959 489 2078 542 rior
2111 489 2312 554 homo,
2349 496 2403 546 et
2433 493 2494 546 in
2535 494 2848 550 sanctitate
2879 496 2980 553 illa
3008 497 3082 553 de
3110 499 3329 570 Spiritu
3371 505 3608 574 partici-

1959 577 2297 646 petanima,
2322 583 2402 646 ut,
2433 584 2774 652 expurgatis
2800 586 3080 641 sordibus
3108 588 3366 655 malitiae,
3393 591 3610 648 habea-

1959 681 2093 720 mus
2125 682 2367 739 quoque
2407 671 2463 724 in
2495 673 2924 729 resurrectione
2963 677 3126 745 quod
3155 678 3318 734 nuda
3357 695 3611 752 corpora

1959 759 2161 811 nostra
2208 760 2578 826 resurgentia
2624 762 2872 833 operiat,
2936 765 3377 824 deformitatem
3429 774 3607 840 tegat,

1957 843 2230 910 viviﬁcet,
2261 851 2318 901 et
2357 847 2416 902 in
2450 854 2738 906 aeternum
2761 851 2820 906 in
2846 867 3031 921 regno
3070 856 3355 911 caelorum
3383 858 3609 915 refocil-

1955 930 2052 986 let.
2085 935 2488 991 Descensurus
2541 939 2700 994 enim
2749 945 2834 995 est
2880 941 2955 995 de
3013 943 3178 998 caelis
3233 945 3498 1002 Christus
3553 952 3610 1004 et

1957 1036 2166 1077 omnes
2206 1026 2619 1092 generationes
2650 1027 2790 1083 Adae
2806 1031 3361 1106 suscitaturus,quae
3394 1036 3473 1091 ab
3501 1037 3608 1092 ini-

1957 1110 2034 1165 tio
2083 1111 2282 1167 smculi
2333 1113 2847 1182 obdormiverunt,
2883 1124 2944 1173 ut
2976 1136 3147 1176 sacra
3198 1124 3498 1195 Scriptura
3530 1130 3608 1181 te-

1955 1203 2158 1255 statur.
2191 1204 2254 1256 Et
2307 1202 2367 1258 in
2412 1203 2565 1260 duas
2599 1212 2790 1276 partes
2849 1213 3065 1263 statuet
3095 1225 3306 1266 omnes
3338 1228 3348 1265 :
3383 1218 3440 1268 et
3476 1216 3606 1285 qui-

1953 1287 2251 1356 peculiare
2283 1291 2542 1359 signum,
2613 1292 2671 1348 id
2703 1299 2807 1358 est,
2841 1295 3080 1364 signum
3109 1298 3357 1367 Spiritus
3379 1301 3604 1358 habue-

1953 1377 2086 1446 rint,
2123 1378 2237 1433 hoc
2281 1379 2440 1435 velut
2467 1397 2610 1436 suos
2661 1383 3065 1453 compellabit,
3095 1391 3151 1441 et
3175 1403 3211 1442 a
3238 1387 3460 1443 dextris
3491 1395 3605 1446 sta-

1953 1469 2089 1521 tuet.
2124 1467 2270 1523 Mea:
2282 1469 2457 1537 enim,
2475 1469 2680 1541 inquit,
2697 1486 2827 1526 oves
2843 1487 3029 1529 meam
3043 1490 3233 1532 vocem
3247 1478 3504 1534 audiunt
3521 1481 3598 1545 68;

1950 1558 2006 1610 et
2034 1570 2044 1607 :
2071 1556 2198 1626 Ego
2229 1573 2509 1628 cognosco
2547 1575 2725 1628 meas,
2753 1569 2804 1616 et
2837 1577 3158 1631 cognoscor
3196 1580 3234 1620 a
3264 1566 3404 1622 meis
3435 1569 3504 1621 ⁸9.
3539 1570 3604 1624 Et

1949 1647 2077 1698 tum
2107 1661 2315 1701 eorum
2347 1663 2600 1718 corpora
2629 1649 2816 1720 gloria
2841 1651 3043 1708 divina
3070 1654 3602 1712 oircumdabuntur

228 1755 434 1806 κομαι
474 1736 590 1788 ὑπό
630 1743 747 1788 τῶν
785 1736 967 1808 ἐμῶν.
996 1743 1095 1791 Καὶ
1116 1743 1228 1790 τότε
1251 1734 1378 1810 δόξῃ
1403 1740 1513 1809 θείᾳ
1534 1739 1598 1789 τὰ
1621 1741 1830 1808 σώματα

1949 1748 2016 1788 ex
2070 1733 2244 1790 bonis
2285 1737 2586 1807 operibus,
2629 1744 2684 1793 et
2722 1738 2801 1793 illi
2842 1739 2956 1809 ipsi
2996 1741 3185 1809 gloria
3223 1742 3474 1813 Spiritus
3513 1761 3600 1801 re-

226 1828 429 1878 τούτων
446 1824 660 1897 περιϐλη
672 1828 920 1884 θήσονται
941 1826 995 1878 ἐκ
1017 1835 1114 1878 τῶν
1137 1826 1342 1898 ἀγαθῶν
1366 1829 1542 1900 ἔργων,
1565 1831 1651 1878 καὶ
1677 1823 1837 1888 ὃοξης

226 1916 528 1985 Πνεύματος
570 1917 776 1967 ἔσονται
813 1915 1044 1987 πλήρεις,
1080 1916 1142 1976 ἧς
1184 1914 1284 1967 ἀπὸ
1328 1923 1420 1967 τοῦ
1459 1922 1545 1965 νῦν
1589 1915 1732 1986 εἰχον
1787 1913 1834 1965 ἐν

222 2011 341 2064 ταῖς
389 2003 612 2075 ψυχαῖς.
653 2008 754 2058 Καὶ
787 2005 922 2057 οὕτω
965 2001 1303 2067 δοξασθέντες
1334 2004 1380 2056 ἐν
1420 2013 1491 2074 τῷ
1530 2006 1645 2074 θείῳ
1681 2009 1833 2074 φωτὶ,

223 2092 407 2153 καὶείς
428 2092 675 2166 ούρανούς
700 2093 1156 2167 ἁρπαχθέντες
1195 2093 1280 2153 έίς
1320 2092 1686 2150 ἀπάντησιν
1725 2099 1832 2144 τοῦ

223 2181 482 2254 Κυρίου
539 2182 629 2242 εἰς
669 2182 840 2257 ἀέρα,
880 2185 1016 2235 κατά
1054 2186 1111 2235 τὸ
1146 2186 1517 2257 γεγραμμένον,
1564 2183 1834 2234 πάντοτε

224 2274 344 2323 σὺν
384 2278 466 2342 τῷ
508 2270 730 2344 Κυφίῳ
770 2271 1074 2344 ἐσόμεθα,
1130 2275 1223 2323 σύν
1273 2271 1412 2341 αύτῷ
1468 2269 1830 2343 βασιλεύοντες

218 2359 291 2422 εἰς
317 2362 436 2420 τοὺς
465 2359 782 2434 ἀπεράντους
807 2362 995 2422 αἰῶνας
1023 2369 1120 2413 τῶν
1153 2361 1368 2416 αἰώνων.
1395 2361 1585 2433 ’Λμήν.

848 2488 1096 2543 ΟΜΙΛΙΑ
1134 2485 1207 2552 ς’.

221 2614 312 2685 Οἱ-
346 2611 735 2685 βουλάμενοι
775 2620 907 2683 Θεῷ
948 2613 1404 2685 εὐαρεστῆσαι,
1460 2613 1571 2674 τὰς
1627 2611 1826 2682 εύχάς

294 2683 353 2736 ἓν
393 2683 620 2757 εἰρήνη
658 2689 768 2745 καὶ
802 2683 1100 2769 ἡσυχίᾳ,
1135 2689 1248 2735 καὶ
1288 2686 1673 2769 ἡμερότητι,
1714 2689 1820 2736 καὶ

298 2761 492 2829 σοφίᾳ
551 2758 890 2822 ποιεῖιθαι
929 2757 1334 2828 ὀφείλουσιν,
1379 2757 1478 2807 ἳνα
1515 2760 1822 2829 μή-κραυ-

293 2825 441 2899 γαῗς
470 2825 914 2902 ’κεχρημένοις
941 2825 1034 2890 εἰς
1072 2829 1305 2902 πάντας
1346 2825 1823 2902 σκανδαλίζωντ

296 2895 420 2975 ται,
463 2895 732 2972 Συνέχεί
785 2898 855 2953 δὲ
893 2900 932 2956 ἦ
968 2900 1188 2975 ὁμιλία
1229 2903 1539 2962 ζητήσεις
1568 2895 1711 2975 duo,
1772 2899 1823 2950 εἰ

294 2974 354 3023 οἱ
394 2970 753 3043 θρόνοι-καὶ
798 2975 860 3043 οἱ
898 2970 1207 3043 στέφανοι
1245 2973 1577 3043 κτισματά
1616 2970 1817 3043 εἰσιν,

297 3040 590 3117 καὶπερὶ
625 3052 743 3096 τῶν
783 3040 1044 3097 δώδεκα
1097 3046 1333 3116 θρόνων
1371 3040 1482 3096 τοῦ
1538 3042 1816 3114 Ἰσραήλ.

1855 3085 1896 3142 C

286 3237 370 3296 A'.
428 3242 494 3292 Oi
541 3242 956 3312 προσερχόμενοι
1009 3246 1080 3310 τῷ
1146 3242 1344 3313 Κυρίῳ,
1404 3237 1666 3313 ὀφείλουσι
1726 3239 1820 3299 τὰς

219 3324 378 3397 εὐχὰς
428 3325 476 3378 ἐν
522 3329 738 3398 ἡσυχίᾳ
779 3332 867 3378 καὶ
923 3327 1095 3400 εἰρήνη
1147 3332 1236 3380 καὶ
1283 3329 1606 3386 καταστάσει
1656 3325 1814 3398 πολλῆ

222 3415 514 3483 ποιεῖσθαι,
567 3418 658 3465 καὶ
711 3414 838 3485 ούχὶ
873 3414 1123 3486 ἀπρεπέσι
1178 3424 1433 3490 κραυγαῖς
1481 3421 1576 3474 καὶ
1628 3434 1815 3486 συγκε-

215 3505 501 3574 χυμέναις,
569 3501 697 3554 ἀλλά
759 3505 895 3574 πόνῳ
959 3500 1180 3577 καρδίας
1243 3510 1328 3556 καὶ
1397 3505 1673 3576 λογισμοῖς
1731 3508 1814 3561 νή-

213 3610 373 3662 φουσι
430 3595 718 3665 προσέχειν
770 3600 841 3663 τῷ
897 3598 1089 3664 Κυρίῳ.
1140 3596 1242 3648 Καὶ
1290 3596 1463 3667 ὥσπερ
1517 3595 1602 3645 ἐὰν
1652 3596 1696 3645 εἰ
1740 3613 1818 3655 τις

210 3682 348 3751 ἔχων
417 3683 560 3738 πάθη
629 3685 718 3733 καὶ
766 3683 1212 3754 καυτηριάζηται,
1265 3688 1353 3735 καὶ
1410 3690 1813 3757 χειρουργῆται,

209 3771 372 3830 οὕτως
429 3767 678 3844 ἀνδρείως
736 3776 825 3823 καὶ
882 3773 1277 3843 ὑπομονητικως
1337 3775 1471 3846 φέρει
1518 3775 1604 3823 τόν
1654 3791 1817 3842 προσ·

208 3861 482 3932 φερόμενον
532 3863 709 3926 πόνον,
760 3861 878 3912 ἄνευ
926 3859 1146 3931 θορύϐου
1190 3865 1280 3912 καὶ
1324 3869 1566 3934 ταραχῆς
1615 3868 1816 3932 κρατῶν

210 3948 400 4000 ἑαυτοῦ
429 3965 441 3977 ·
491 3948 594 4001 εἰσὶ
635 3945 695 4000 δὲ
735 3949 881 4001 ἄλλοι
925 3953 1012 4001 τὸν
1053 3949 1207 4002 αύτόν
1260 3955 1411 4002 πόνον
1461 3952 1685 4021 ἔχοντες,
1728 3953 1814 4001 καὶ

207 4039 258 4089 ἐν
327 4045 399 4109 τῷ
459 4039 911 4112 καυτηριάζεσθαι
975 4040 1004 4098 ἢ
1070 4041 1499 4112 χειρουργεῖσθαι
1563 4045 1816 4112 κραυγαῖς

207 4125 469 4198 ἀπρεπέσι
534 4131 886 4200 κέχρηντιαι·
954 4133 1043 4180 καὶ
1093 4128 1246 4190 αὐτὸς
1309 4130 1424 4180 ἐστι
1499 4132 1653 4189 πόνος
1726 4134 1817 4179 τοῦ

212 4214 450 4286 βοῶντος
491 4221 579 4268 καὶ
619 4223 711 4268 τοῦ
756 4221 827 4289 μὴ
869 4215 1110 4288 βοῶντος,
1167 4225 1257 4269 τοῦ
1288 4221 1680 4291 ταρασσομένου
1729 4220 1819 4268 καὶ

209 4311 306 4356 τοῦ
355 4308 428 4375 μὴ
470 4309 887 4377 ταρασσομένου,
931 4305 1050 4359 Εἰσί
1091 4325 1221 4368 τινες
1261 4306 1423 4366 οὕτως
1463 4308 1668 4377 ἔχοντες
1715 4304 1820 4357 θλί-

209 4392 306 4464 ψιν
358 4397 450 4444 καὶ
488 4413 662 4459 πονον,
710 4399 799 4447 καὶ
847 4394 1247 4456 εύκαταστάτως
1283 4399 1546 4467 φερόμενοι
1581 4395 1698 4446 ἄνευ
1733 4413 1821 4445 τα-

209 4489 415 4554 ραχῆς,
449 4490 756 4554 κρατοῦντες
794 4482 986 4536 ίαυτῶν
1024 4487 1112 4536 τὸν
1141 4491 1257 4535 νοῦν
1297 4486 1344 4535 ἓν
1384 4490 1492 4544 τοῖς
1525 4483 1817 4554 λογισμοῖς.

213 4569 336 4623 Εἰσὶ
371 4568 429 4623 δὲ
454 4571 599 4624 ἄλλοι
622 4576 718 4629 την
744 4572 907 4630 αύτήν
935 4573 1107 4643 θλίψιν
1130 4575 1357 4646 ἔχοντες,
1380 4577 1470 4624 καὶ
1497 4571 1822 4643 ἀνυπομονή-

1854 4444 1898 4498 1)

212 4679 322 4719 τως
370 4665 653 4733 φερόμενοι,
701 4665 831 4733 μετά
871 4661 1091 4733 θορύϐου
1127 4667 1216 4715 καὶ
1254 4671 1498 4734 ταραχῆς
1536 4664 1622 4722 τὰς
1662 4680 1820 4734 προσ-

217 4749 390 4818 ευχὰς
440 4757 704 4812 ποιοῦντες
767 4751 840 4812 εἰς
904 4755 962 4804 τὸ
1019 4755 1105 4804 καὶ
1160 4755 1283 4812 τοὺς
1332 4751 1610 4810 ἀκούοντας
1670 4768 1823 4801 σκαν-

213 4834 552 4900 δαλίζεσθαι.
604 4838 726 4892 Εἰσί
776 4835 836 4893 δὲ
881 4839 1027 4892 ἄλλοι
1068 4845 1138 4912 μὴ
1182 4843 1389 4912 ἔχοντες
1431 4844 1602 4903 πόνον,
1651 4838 1722 4900 εἰς
1765 4835 1824 4891 δε

210 4923 490 4992 ἐπίδειξιν,
565 4929 593 4987 ἣ
678 4925 940 4982 ἰδιωτείαν
1016 4935 1299 5004 φερόμενοι,
1367 4936 1620 5001 κραυγαῖς
1695 4929 1822 4981 ἀτά-

210 5035 362 5076 κτοις
394 5020 708 5089 κέχρηνται,
746 5021 814 5081 ὡς
857 5015 950 5073 διὰ
982 5022 1176 5072 τούτων
1219 5016 1497 5092 δυνάμενοι
1547 5019 1825 5093 εὐαρεστῆ-

213 5124 306 5159 σαι
336 5113 410 5177 τῷ
440 5113 575 5179 Θεῷ.

286 5283 356 5338 B’.
406 5284 483 5337 Ού
532 5289 642 5358 χρὴ
694 5281 753 5338 δὲ
810 5287 898 5338 τὸν
949 5292 1043 5337 τοῦ
1089 5290 1222 5338 Θεοῦ
1277 5281 1460 5338 δοῦλον
1515 5283 1562 5336 ἐν
1609 5287 1821 5356 τοιαύτη

213 5371 595 5446 ἀκαταστασία
661 5372 810 5440 εἶναι,
872 5372 978 5426 ἀλλ’
1046 5373 1095 5426 ἐν
1155 5375 1331 5446 σπάση
1397 5376 1679 5447 ἡμερότητι
1736 5379 1825 5428 καὶ

215 5481 395 5536 σοφιᾳ,
450 5464 625 5526 καθὼς
677 5463 812 5517 εἶπεν
866 5465 891 5516 ὁ
938 5469 1205 5538 προφήτης
1237 5481 1249 5496 ο
1312 5464 1446 5516 Ἐπὶ
1496 5467 1640 5515 τίνα
1695 5461 1827 5515 ἐπι-

291 5671 341 5710 ⁶⁸
377 5671 553 5730 Joan.
587 5687 641 5741 x,
681 5672 770 5728 27.
859 5674 905 5709 δν
947 5671 1091 5729 Ibid.
1127 5672 1214 5728 14.

1948 1821 2495 1896 plebuntur,quam
2537 1827 2598 1880 in
2636 1827 2759 1883 vita
2791 1828 2904 1884 hac
2940 1844 3000 1883 1n
3037 1831 3240 1886 anima
3268 1832 3594 1890 habebant.

1948 1913 2013 1965 Et
2039 1912 2117 1967 ita
2156 1912 2379 1968 lumine
2418 1913 2620 1968 divino
2660 1915 2951 1981 illustrati,
2986 1920 3040 1972 et
3078 1918 3139 1972 in
3173 1919 3390 1975 caelum
3430 1922 3598 1978 abre-

1941 2000 2036 2068 pti
2064 2001 2125 2054 in
2153 2016 2458 2058 occursum
2488 2003 2743 2069 Domini,
2777 2005 2839 2058 in
2874 2020 3036 2070 aera.
3071 2011 3133 2062 ut
3163 2008 3450 2079 scriptum
3478 2016 3588 2077 est,

1943 2089 2004 2143 in
2037 2096 2323 2146 aeternum
2354 2106 2486 2146 cum
2532 2093 2780 2148 Domino
2825 2094 3043 2150 erimus
3095 2098 3164 2160 ⁷ο,
3197 2113 3316 2153 una
3354 2115 3490 2155 cum
3522 2115 3593 2156 eo

1941 2183 2258 2248 regnantes
2288 2180 2348 2234 in
2379 2180 2610 2237 inﬁnita
2633 2183 2990 2238 smculorum
3017 2185 3255 2241 saecula.
3284 2191 3491 2243 Amen.

2564 2481 2851 2539 HOMILIA
2888 2483 2976 2538 VI.

1939 2605 2052 2672 Qui
2079 2605 2198 2679 Deo
2223 2607 2466 2674 placere
2487 2608 2967 2675 cupiunt,preces
2998 2623 3135 2664 suas
3163 2609 3224 2665 in.
3237 2626 3402 2679 pace,
3420 2617 3586 2670 tran-

2007 2676 2328 2801 Zuillitate,
2360 2679 2814 2734 mansuetudine
2843 2695 2910 2734 ac
2937 2676 3460 2751 sapientia’facere
3487 2686 3586 2741 de-

2047 2755 2167 2801 ent.
2192 2763 2266 2801 ne
2287 2749 2538 2801 clamori
2564 2749 2779 2801 bususi.
2811 2751 3078 2801 omnibus
3093 2755 3451 2801 scandalum
3483 2773 3586 2801 ιηη.

2047 2755 2167 2824 ent,
2192 2749 2538 2824 ne‘clamori
2564 2749 2779 2824 bususi,
2811 2751 3078 2824 omnibus
3093 2749 3451 2811 scandalum
3481 2773 3587 2824 pa.

2003 2820 2188 2874 rinat.
2251 2818 2519 2896 Continet
2563 2836 2699 2876 vero
2745 2821 2993 2878 homilia
3028 2825 3177 2896 duas
3216 2818 3582 2896 quaestiones,

2006 2897 2068 2965 ut
2081 2906 2213 2965 rum
2232 2890 2436 2965 throni
2448 2895 2499 2946 et
2513 2906 2744 2947 corona:
2759 2897 3050 2950 creatura:
3062 2895 3153 2950 sin
3163 2903 3199 2965 t,
3219 2890 3272 2952 et
3287 2899 3358 2954 de
3369 2890 3586 2955 duode-

2005 2961 2116 3017 cim
2144 2962 2376 3017 thronis
2405 2963 2610 3018 Israel.

2000 3230 2039 3282 Ι.
2071 3227 2179 3293 Qui
2211 3227 2504 3284 accedunt
2524 3228 2602 3285 ad
2634 3231 3429 3304 Dominum,debentpreces
3444 3247 3585 3288 suas

1926 3317 1986 3372 in
2036 3318 2254 3388 quiete,
2294 3332 2442 3388 pace
2492 3322 2546 3373 et
2599 3319 3020 3391 tranquillitate
3075 3321 3263 3377 multa
3314 3321 3584 3390 fundere,

1926 3422 2048 3462 non
2076 3406 2292 3477 ineptis
2323 3411 2425 3462 aut
2450 3406 2716 3462 confusis
2750 3409 3113 3465 clamoribus
3145 3410 3248 3476 uti,
3281 3409 3586 3464 sedinten-

1927 3495 2086 3550 tione
2114 3494 2309 3550 cordis
2340 3501 2396 3551 et
2426 3496 2889 3565 cogitationibus
2910 3498 3121 3554 sobriis
3143 3500 3445 3554 attendere
3479 3501 3586 3554 Do-

1928 3586 2114 3640 mino.
2150 3584 2357 3654 Veluti,
2386 3585 2530 3639 dum
2558 3586 2692 3657 quis
2737 3587 2949 3643 morbo
2997 3589 3105 3659 27
3144 3604 3493 3660 oppressus,
3537 3588 3586 3642 si

1927 3673 2192 3729 cauterio
2246 3672 2518 3730 inuratur
2556 3680 2612 3729 et
2660 3675 2999 3744 chirurgica
3057 3693 3240 3732 manu
3283 3681 3581 3741 tractetur,

1927 3778 2114 3840 quam
2149 3761 2374 3817 fortiter
2404 3765 2459 3817 et
2492 3763 2784 3834 patienter
2801 3764 3069 3821 dolorem
3096 3765 3327 3820 illatum
3356 3765 3582 3830 tolerat,

1927 3849 2159 3924 absque
2203 3851 2461 3906 tumultu
2508 3858 2563 3906 et
2610 3853 3053 3923 perturbatione
3085 3855 3348 3924 seipsum
3399 3854 3587 3908 conti-

1929 3956 2101 3996 nens.
2138 3943 2252 3995 Nec
2292 3939 2508 3994 desunt
2547 3940 2667 4006 alii,
2696 3943 2799 4012 qui
2848 3942 3059 3997 eodem
3118 3942 3321 3996 dolore
3368 3942 3581 4006 affecti,

1927 4029 2071 4085 dum
2129 4029 2389 4085 cauteria
2412 4029 2792 4098 adhibentur,
2822 4035 2922 4085 aut
2949 4047 2983 4085 a
3015 4031 3305 4099 chirurgis
3336 4031 3452 4101 ipsi
3480 4035 3586 4085 tra-

1927 4121 2182 4183 ctantur,
2222 4117 2634 4172 indecentibus
2673 4118 3038 4174 clamoribus
3064 4124 3306 4173 utuntur
3338 4140 3350 4173 :
3387 4123 3443 4172 et
3478 4133 3587 4188 par

1929 4211 2128 4262 tamen
2147 4210 2238 4261 est
2262 4205 2431 4260 dolor
2450 4205 2762 4260 clamantis
2791 4211 2984 4262 et-non
3003 4207 3339 4270 clamantis,
3371 4206 3587 4262 tumul-

1929 4296 2149 4352 tuantis
2190 4300 2244 4350 et
2266 4311 2385 4349 non
2405 4295 2840 4350 tumultuantis.
2862 4296 3270 4368 Suntquidam
3297 4295 3586 4367 qui,dum

1929 4384 2210 4440 eumdem
2263 4383 2533 4438 dolorem
2570 4389 2624 4438 et
2694 4384 3035 4439 molestiam
3083 4385 3394 4449 sustinent,
3429 4390 3588 4439 tran-

1930 4473 2114 4545 quillo
2148 4473 2350 4528 animo
2381 4472 2597 4539 ferunt,
2632 4478 2683 4527 et
2706 4472 2937 4543 absque
2969 4473 3424 4544 pertuabatione
3463 4490 3585 4529 suaa

1932 4563 2147 4618 mentis
2177 4562 2566 4632 cogitationes
2600 4563 2909 4617 sustinent.
2937 4565 3082 4618 Sunt
3125 4567 3181 4617 et
3228 4562 3324 4617 alii
3373 4562 3586 4618 eadem

1932 4650 2252 4708 afﬂictione
2279 4651 2681 4722 oppressi,qui
2710 4651 3038 4722 impatienti
3051 4651 3251 4706 animo
3265 4651 3587 4707 dumillam

1932 4741 2148 4803 ferunt,
2175 4740 2592 4795 cumtumultu
2643 4745 2697 4796 et
2743 4741 3191 4811 perturbatione
3227 4756 3432 4812 preces
3458 4739 3587 4797 fun-

1933 4830 2104 4892 dunt,
2122 4833 2181 4884 ut
2196 4829 2298 4900 qui
2314 4828 2583 4894 audiunt,
2604 4829 2957 4884 scandalum
2972 4831 3031 4884 in
3046 4830 3421 4886 contrahant.
3442 4832 3588 4887 Sunt

1935 4925 1989 4974 et
2019 4918 2140 4983 alii,
2170 4917 2272 4989 qui
2299 4918 2574 4988 quamvis
2615 4918 2846 4973 nullum
2885 4919 3155 4975 dolorem
3201 4920 3475 4985 sentiant,
3510 4921 3588 4976 ad

1933 5009 2392 5065 ostentationem
2424 5013 2645 5073 tamen,
2680 5014 2780 5062 aut
2806 5023 2879 5062 ex
2930 5008 3212 5079 peculiari
3244 5025 3430 5074 more,
3477 5010 3590 5064 im-

1934 5098 2206 5170 portuisn
2230 5095 2596 5152 clamoribus
2628 5100 2892 5162 utuntur,
2927 5112 2998 5153 ac
3025 5096 3070 5151 si
3093 5096 3185 5152 his
3210 5097 3441 5168 possint
3465 5097 3588 5169 pla-

1935 5201 2066 5242 cere
2100 5187 2243 5241 Deo.

2008 5284 2079 5339 II.
2105 5285 2232 5338 Non
2272 5287 2472 5338 autem
2503 5281 2671 5338 decet
2699 5298 2941 5338 servum
2968 5282 3067 5338 Dei
3099 5281 3158 5338 in
3189 5283 3305 5339 hoc
3344 5288 3467 5340 tam
3498 5283 3590 5339 in-

1936 5371 2268 5444 composito
2300 5375 2454 5427 statu
2492 5371 2698 5435 vivere,
2745 5372 2850 5426 sed
2891 5373 2949 5426 in
2980 5372 3145 5428 omni
3167 5372 3587 5443 tranquillitate

1936 5477 2006 5518 ac
2033 5460 2346 5532 sapientia,
2379 5465 2440 5516 ut
2470 5461 2661 5532 inquit
2691 5461 2983 5533 propheta
3018 5476 3028 5514 :
3063 5461 3160 5516 Ad
3195 5476 3364 5530 quem
3403 5459 3588 5531 respi-

1309 5671 1358 5707 ⁷ο
1382 5670 1624 5728 IThess.
1657 5686 1730 5738 ιν,
1764 5671 1852 5740 16,
1883 5671 1968 5726 17.
