4084 6256
523 278 625 335 519

1818 264 1879 322 S.
1921 262 2225 323 MACARII
2265 260 2575 324 IEGYPTII
3730 270 3813 325 520

503 402 682 468 ciam,
706 399 823 458 nisi
842 399 922 456 ad
950 404 1345 461 mansuetum,
1361 398 1414 452 et
1436 393 1789 466 quietum,et
1817 397 2159 448 trementem

2276 390 2500 462 ϐλέψω,
2544 390 2666 444 ἀλλ’
2696 395 2724 449 ἦ
2760 388 2862 443 ἐπὶ
2901 393 3006 443 τὸν
3050 396 3245 463 πρᾶον
3284 395 3386 443 καὶ
3423 391 3697 463 ἡσύχιον
3730 399 3822 447 καὶ

502 505 799 549 sermones
828 502 983 545 meos
1010 488 1053 523 τί
1085 484 1111 538 ?
1146 489 1209 543 Et
1264 483 1632 557 temporibus
1680 483 1901 553 Moysis
1934 488 1991 537 et
2025 481 2160 536 Elite

501 580 856 653 reperimus,
887 576 1072 649 quod,
1107 591 1243 631 cum
1275 574 1335 629 in
1366 571 1863 645 apparitionibus,
1888 586 2019 643 quae
2049 570 2162 625 illis

501 668 866 739 obtigerunt,
900 664 1089 721 multa
1112 664 1437 720 ministeria
1467 662 1750 718 tubarum
1783 666 1838 716 et
1875 662 2161 716 virtutum

503 753 1197 830 praecessissentDomini
1229 752 1627 823 majestatem,
1660 751 1720 804 in
1748 749 1859 804 illis
1882 748 2162 804 omnibus

503 845 744 917 agnitus
782 844 955 900 fuerit
1010 848 1067 899 et
1114 842 1459 914 apparuerit
1503 840 1796 896 adventus
1833 836 2067 893 Domini
2104 837 2163 891 in

507 949 677 1006 pace,
707 938 760 989 et
784 931 1226 1005 tranquillitate,
1258 936 1317 988 et
1341 930 1557 1003 quiete.
1584 929 1738 984 Ecce
1753 927 1929 990 enim,
1950 924 2162 997 inquit,

502 1038 621 1080 vox
649 1038 815 1080 aura
844 1021 1051 1085 tenuis,
1079 1026 1133 1077 et
1163 1021 1226 1075 in
1247 1035 1317 1076 ea
1346 1018 1632 1074 Dominus
1670 1018 1739 1071 ⁷³.
1764 1015 1970 1087 Liquet
2000 1028 2163 1083 ergo,

507 1111 675 1184 quod
701 1112 939 1184 requies
974 1109 1209 1165 Domini
1239 1111 1348 1164 sita
1375 1109 1451 1164 sit
1477 1109 1535 1163 in
1567 1121 1713 1178 pace
1743 1110 1800 1161 et
1837 1101 2166 1175 tranquilli-

520 1205 658 1258 tate.
688 1200 1168 1257 Fundamentum
1210 1198 1392 1263 enim,
1425 1198 1587 1269 quod
1633 1195 1835 1267 iecerit
1875 1193 2081 1257 homo,
2110 1194 2167 1246 et

512 1289 746 1345 initium
774 1287 938 1360 quod
962 1286 1202 1359 ceperit,
1236 1286 1381 1341 ineo
1408 1300 1601 1357 usque
1640 1284 1719 1339 ad
1736 1284 1916 1338 ﬁnem
1931 1295 2166 1354 perma-

509 1380 631 1432 net.
662 1378 719 1433 Si
742 1377 860 1432 alta
892 1376 1070 1431 nimis
1116 1380 1173 1430 et
1200 1374 1452 1446 querula
1501 1388 1644 1428 voce
1685 1387 1889 1444 preces
1921 1369 2165 1425 fundere

507 1464 775 1537 cceperit,
821 1465 899 1520 ad
926 1465 1107 1519 ﬁnem
1134 1480 1322 1534 usque
1349 1463 1628 1518 eamdem
1668 1459 2164 1516 consuetudinem

509 1554 756 1611 obtinet.
786 1554 937 1621 Quia
988 1560 1187 1609 autem
1220 1553 1510 1607 Dominus
1550 1549 1918 1606 humanitate
1950 1547 2163 1619 plenus

506 1648 618 1710 est,
647 1642 946 1713 contingit,
986 1647 1049 1697 ut
1094 1643 1233 1696 huic
1264 1640 1444 1695 etiam
1488 1639 1777 1695 auxilium
1806 1643 2059 1709 praestet.
2102 1633 2166 1690 Hi

2271 483 2589 555 τρέμοντά
2628 500 2745 553 μου
2785 482 2937 542 τοὺς
2974 478 3240 550 λόγους;
3271 484 3371 532 Καὶ
3402 481 3478 531 ἐπὶ
3510 487 3597 532 τοῦ
3625 485 3827 543 Μωσέως

2271 574 2359 621 καὶ
2437 577 2527 622 τοῦ
2593 570 2743 622 Ἠλία
2818 570 3145 641 εὑρίσκομεν,
3207 570 3288 620 ὅτι
3348 568 3396 619 ἐν
3466 575 3523 640 τῇ
3579 574 3823 642 γιγνομένη

2273 659 2449 721 αὐτοῖς
2508 658 2771 731 ἐπιφανείᾳ
2826 658 3013 719 πολλῆς
3071 654 3339 720 διακονίας
3389 662 3678 729 γιγνομένης
3726 659 3831 711 σαλ-

2271 753 2471 820 πίγγων
2546 753 2635 800 καὶ
2710 744 2978 820 δυνάμεων
3053 748 3339 820 ἔμπροσθεν
3398 754 3490 808 τῆς
3546 754 3833 808 Δεσποτικῆς

2273 836 2440 905 ἀξίας,
2498 836 2548 889 ἐν
2610 836 2816 897 ἐκείνοις
2863 841 2997 889 πᾶσι
3054 833 3292 910 διεκρίθη
3352 840 3440 887 καὶ
3491 834 3757 910 ἐφανερώθη
3807 840 3831 896 ἡ

2273 934 2369 979 τοῦ
2424 930 2618 998 Κυρίου
2672 930 2956 1001 παρουσία,
3012 924 3062 977 ἐν
3113 926 3314 999 εἰρήνῃ,
3372 929 3461 977 καὶ
3508 926 3721 997 ἠσυχίᾳ,
3761 931 3836 978 καὶ

2276 1016 2583 1068 ἀναπαύσει.
2617 1011 2784 1067 Ἰδοὺ
2822 1017 2964 1088 γὰρ,
3009 1019 3159 1086 φησὶ,
3192 1018 3361 1086 φωνή
3396 1017 3588 1085 αὔρας
3613 1013 3834 1086 λεπτῆς,

2274 1110 2382 1157 καὶ
2419 1104 2476 1156 ἐν
2516 1104 2676 1177 αὐτῇ
2721 1106 2746 1156 ό
2782 1106 2907 1175 Κύρ
2928 1123 2982 1155 ιο
3002 1126 3040 1166 ς.
3084 1108 3355 1156 Δείκνυται
3391 1108 3575 1168 τοίνυν,
3607 1104 3681 1154 ὅτι
3708 1105 3734 1161 ἠ
3763 1110 3837 1155 τοῦ

2276 1198 2471 1267 Κυρίου
2522 1193 2814 1255 ἀνάπαυσις
2870 1192 2919 1245 ἐν
2977 1193 3153 1265 εἰρήνῃ
3210 1197 3300 1245 καὶ
3349 1193 3664 1244 καταστάσει
3710 1190 3840 1244 ἐστι’

2277 1283 2502 1355 θεμέλιον
2555 1286 2656 1357 γὰρ
2715 1284 2768 1334 ὃν
2826 1284 3035 1340 τίθησιν
3093 1284 3385 1356 ἄνθρωπος,
3446 1285 3533 1334 καὶ
3588 1280 3745 1354 ἀρχὴν
3790 1281 3840 1338 ἦν

2274 1374 2520 1447 ἄρχεται,
2557 1372 2605 1423 ἐν
2643 1371 2774 1443 αὐτῇ
2815 1377 2979 1443 μέχρι
3019 1371 3195 1432 τέλους
3240 1367 3475 1443 διαμένει
3507 1390 3518 1401 ·
3572 1371 3651 1422 εὰν
3686 1372 3727 1421 ἓν
3759 1391 3842 1441 φω-

2272 1470 2358 1535 νῇ,
2413 1466 2501 1514 καὶ
2545 1469 2756 1535 ταραχῇ
2808 1461 3033 1535 ἄρξηται
3090 1465 3182 1519 τὴν
3236 1464 3543 1533 προσευχὴν
3590 1461 3840 1524 ποιεῖσθαι,

2274 1556 2437 1624 μέχρι
2497 1551 2667 1611 τελους
2716 1554 2811 1609 τὴν
2864 1550 3024 1608 αὐτὴν
3086 1552 3352 1603 συνέθειαν
3413 1557 3607 1623 κρατεῖ.
3659 1544 3841 1605 Ἐπειδή

2278 1636 2337 1690 δὲ
2384 1639 2411 1689 ό
2470 1642 2653 1712 Κύριος
2707 1638 3064 1711 φιλάνθρωπός
3114 1638 3247 1707 ἐστι,
3304 1636 3595 1710 συμϐαίνει,
3650 1638 3719 1689 ὃτι
3772 1640 3847 1686 καὶ

502 1733 683 1804 igitur
707 1738 948 1804 propter
974 1730 1295 1803 impulsum
1326 1730 1531 1799 gratia:
1555 1729 1632 1784 ad
1659 1728 1840 1783 ﬁnem
1875 1741 2061 1797 usque
2076 1741 2166 1780 ea-

2276 1730 2442 1798 τούτῳ
2510 1724 2707 1780 δίδωσι
2764 1727 3032 1799 βοήθειαν.
3093 1727 3257 1780 Οὗτοι
3315 1724 3403 1779 οὖν
3464 1723 3556 1778 διὰ
3614 1730 3693 1783 τὴν
3744 1742 3849 1797 προ-

504 1821 646 1877 dem
701 1819 1132 1877 consuetudine
1186 1823 1453 1885 utuntur,
1504 1817 1781 1889 quamvis
1828 1816 2165 1881 videamus,

503 1910 669 1982 quod
693 1909 789 1965 hic
816 1908 1101 1980 precandi
1134 1908 1351 1963 modus
1381 1907 1700 1962 idiotarum
1736 1906 1829 1972 sit,
1854 1909 2170 1976 propterea

516 1998 684 2071 quod
713 1997 843 2054 aliis
863 1997 1218 2054 scandalum
1248 1996 1503 2069 pariant,
1524 2001 1579 2052 et
1610 1994 1842 2067 seipsos
1863 1996 2013 2050 inter
2034 2008 2170 2065 pre-

511 2086 662 2144 cand
673 2103 772 2143 um
804 2085 1172 2158 perturbent.

580 2214 671 2267 Ill.
708 2212 920 2267 Verum
959 2215 1161 2266 autem
1213 2208 1499 2265 orationis
1557 2207 2016 2263 fundamentum
2053 2206 2169 2261 hoc

516 2304 630 2366 est,
671 2299 976 2355 attendere
994 2299 1275 2354 nimirum
1296 2298 1777 2368 cogitationibus,
1809 2303 1864 2352 et
1892 2297 1950 2351 in
1984 2296 2170 2351 multa

516 2388 941 2461 tranquillitate
989 2393 1046 2444 et
1096 2404 1242 2459 pace
1286 2402 1494 2459 preces
1542 2386 1812 2451 fundere,
1872 2393 1933 2441 ut
1979 2385 2169 2441 caeteri

507 2477 671 2535 nulla
722 2478 951 2534 ratione
1002 2476 1360 2532 scandalum
1408 2476 1720 2547 accipiant.
1756 2476 1856 2530 Hic
1902 2474 2084 2538 enim,
2119 2473 2169 2528 si

508 2572 869 2624 consecutus
900 2566 1159 2635 gratiam
1193 2567 1291 2621 Dei
1313 2573 1369 2621 et
1390 2565 1835 2637 perfectionem,
1870 2580 2061 2635 usque
2092 2562 2172 2618 ad

510 2656 699 2711 ﬁnem
729 2654 1044 2726 tranquille
1069 2661 1346 2725 precatus
1362 2654 1553 2720 fuerit,
1588 2653 1779 2723 magis
1798 2654 2016 2710 inultos
2038 2652 2172 2707 aedi-

509 2743 735 2799 ﬁcabit.
766 2744 902 2799 Non
932 2743 1086 2799 enim
1113 2750 1195 2801 est
1236 2743 1604 2812 confusionis
1621 2742 2168 2810 Deus,sedpacis“.

517 2833 629 2899 Qui
655 2833 814 2889 enim
844 2832 1208 2889 clamoribus
1231 2838 1494 2899 utuntur,
1519 2832 1925 2889 hortatoribus
1948 2830 2173 2887 similes

510 2926 668 2991 sunt,
701 2926 757 2977 et
785 2936 907 2978 non
939 2926 1192 2993 possunt
1221 2922 1438 2993 ubique
1468 2921 1719 2994 precari,
1756 2937 1951 2993 neque
1980 2920 2042 2976 in
2073 2936 2172 2975 ec-

504 3010 721 3078 clesiis,
748 3026 943 3084 neque
974 3010 1036 3067 in
1088 3011 1253 3076 vicis,
1296 3011 1408 3067 nisi
1445 3010 1592 3067 forte
1633 3010 1695 3066 in
1728 3010 2171 3081 solitudinibus,

504 3116 617 3173 pro
668 3101 861 3157 lubitu
894 3116 1024 3157 suo.
1055 3102 1165 3168 Qui
1204 3106 1405 3157 autem
1454 3100 1771 3173 tranquille
1833 3104 2170 3171 precantur,

503 3205 717 3247 omnes
748 3191 807 3245 in
832 3190 997 3247 omni
1040 3190 1172 3247 loco
1188 3189 1505 3246 aediﬁcant.
1539 3189 1889 3246 Decetenim
1928 3204 2172 3244 omnem

504 3279 775 3336 laborem
796 3280 1059 3335 hominis
1076 3280 1346 3335 consumi
1368 3280 1429 3334 in
1453 3278 1935 3350 cogitationibus,
1951 3294 2020 3334 ac
2033 3276 2174 3332 sub-

499 3367 722 3440 jectam
763 3368 1073 3424 materiam
1105 3384 1429 3441 pravarum
1482 3369 1911 3438 cogitationum
1970 3365 2171 3438 praeci-

507 3455 671 3524 dere,
699 3460 756 3511 et
780 3456 1133 3526 compellere
1165 3457 1433 3527 seipsum
1464 3458 1542 3512 ad
1572 3458 1780 3522 Deum,
1813 3472 1923 3511 nec
1945 3455 2172 3511 obtem-

506 3559 717 3616 perare
769 3544 1057 3599 voluntati
1106 3545 1556 3613 cogitationum,
1600 3545 1707 3600 sed
1756 3560 1858 3600 eas
1902 3544 2171 3618 undique

506 3639 773 3689 errantes
803 3632 1097 3702 colligere,
1131 3633 1534 3689 discernendo
1556 3635 1855 3690 naturales
1878 3650 1914 3689 a
1944 3635 2167 3704 pravis.

506 3721 722 3777 Anima
751 3722 911 3776 enim
948 3737 1083 3794 quae
1106 3728 1352 3793 peccato
1382 3723 1647 3779 obnoxia
1691 3728 1798 3790 est,
1833 3724 2078 3796 perinde
2107 3740 2169 3779 se

506 3809 691 3867 habet
719 3826 790 3866 ac
821 3811 869 3865 si
911 3811 982 3866 sit
1011 3811 1069 3866 in
1101 3816 1305 3868 monte
1350 3827 1571 3881 magna
1616 3812 1788 3878 silva,
1834 3817 1936 3868 aut
1965 3813 2025 3867 in
2053 3812 2165 3868 ﬂu-

506 3899 668 3954 mine
689 3900 1035 3966 arundines,
1062 3905 1166 3957 aut
1205 3902 1408 3956 densae
1442 3902 1630 3973 spinae
1645 3917 1715 3957 ac
1750 3901 2168 3967 nemora.Qui-

507 4003 746 4061 cunque
784 3987 961 4059 igitur
986 3988 1152 4045 illum
1186 3990 1377 4045 locum
1414 3989 1838 4059 transgressuri
1878 3997 2034 4061 sunt,
2065 4007 2167 4046 eos

506 4076 829 4132 extendere
866 4093 1105 4143 manus,
1138 4083 1191 4133 et
1224 4094 1361 4134 cum
1384 4078 1663 4134 violentia
1701 4094 1771 4135 ac
1803 4077 2009 4134 labore
2031 4079 2167 4134 sub-

502 4166 725 4237 jectam
751 4166 1062 4223 materiam
1094 4168 1325 4223 amoliri
1356 4173 1607 4239 oportet.
1626 4168 1964 4239 ltaquoque
1986 4172 2167 4224 mate-

507 4253 596 4311 ria
620 4254 1053 4325 cogitationum
1094 4256 1453 4312 adversariae
1476 4256 1783 4328 potestatis
1815 4258 2034 4312 animai
2064 4256 2168 4312 ad-

508 4341 707 4398 haeret.
743 4346 955 4414 Magna
986 4344 1163 4413 igitur
1192 4344 1377 4401 animi
1412 4344 1716 4415 diligentia
1752 4362 1821 4401 ac
1843 4347 2165 4402 attentione

2276 1821 2471 1889 τροπὴν
2521 1825 2612 1877 τῆς
2663 1819 2908 1890 χάριτος,
2963 1818 3051 1876 ἕως
3103 1816 3283 1877 τέλους
3333 1824 3395 1888 τῇ
3454 1819 3581 1887 αὐτῇ
3634 1815 3848 1883 συνηθείᾳ

2279 1905 2691 1979 ἀποκέχρηνται,
2729 1905 2833 1957 ἀλλ’
2871 1907 3065 1979 ὁρῶμεν
3115 1907 3195 1957 ὅτι
3232 1909 3295 1957 τὸ
3340 1909 3495 1979 μέρος
3536 1911 3679 1956 τοῦτο
3730 1899 3849 1954 ἰδιω-

2277 2002 2374 2047 τῶν
2414 1999 2548 2061 ἐστι,
2600 1992 2694 2048 διὰ
2742 1998 2797 2047 τό
2847 2000 2934 2047 καὶ
2985 1994 3171 2055 ἄλλους
3216 1990 3607 2061 σκανδαλίζειν,
3655 1997 3736 2044 καὶ
3777 1990 3850 2043 αὖ·

2277 2088 2392 2146 τοὺς
2423 2088 2833 2157 τεταραγμένους
2861 2086 3129 2137 ποιεῖσθαι
3153 2089 3249 2143 την
3284 2087 3611 2156 προσευχὴν.

2349 2208 2420 2263 Γ¹.
2464 2209 2520 2269 ⁸ο
2571 2207 2628 2262 δὲ
2677 2208 2921 2271 ἀληθινὸς
2964 2208 3195 2281 θεμέλιος
3240 2216 3333 2270 τῆς
3385 2215 3679 2282 προσευχῆς
3727 2205 3849 2265 οὗτός

2278 2299 2409 2365 ἔστι,
2456 2303 2513 2351 τό
2555 2302 2837 2373 προσέχειν
2874 2306 2981 2361 τοῖς
3020 2298 3317 2370 λογισμοῖς,
3358 2304 3448 2351 καὶ
3485 2296 3532 2349 ἐν
3561 2296 3708 2368 πολλῇ
3746 2296 3851 2352 ἠσυ-

2277 2408 2380 2459 χιᾳ
2430 2392 2519 2439 καὶ
2569 2383 2743 2461 εἰρήνῃ
2798 2389 3065 2440 ποιεῖσθαι
3111 2391 3204 2445 τὴν
3259 2390 3590 2460 προσευχὴν,
3648 2387 3707 2445 ὡς
3748 2388 3852 2455 μήτε

2279 2482 2401 2539 τοὺς
2451 2477 2632 2539 ἔξωθεν
2680 2473 3149 2537 σκανδαλίζεσθαι.
3206 2477 3381 2538 Οὗτος
3428 2478 3529 2547 ’γὰρ
3582 2474 3661 2526 ἐὰν
3707 2469 3852 2526 ἐπιδέ-

2282 2565 2436 2628 ξηται
2474 2571 2566 2624 τὴν
2597 2567 2759 2639 χάριν
2798 2574 2891 2619 τοῦ
2932 2573 3087 2631 Θεοῦ,
3124 2570 3212 2618 καὶ
3247 2565 3518 2618 τελείωσιν
3557 2565 3682 2639 ἄχρι
3712 2561 3853 2621 τέλους

2280 2654 2328 2706 ἐν
2375 2656 2588 2726 ἡσυχία
2628 2661 2855 2725 ποιήσει,
2902 2655 3051 2707 πλέον
3095 2658 3219 2716 τοὺς
3259 2654 3491 2716 πολλοὺς
3533 2649 3847 2724 οἰκοδομήσει.

2284 2743 2365 2796 Οὐ
2405 2746 2521 2818 γάρ
2552 2742 2734 2796 ἐστιν
2765 2744 3273 2805 ἀκαταστασίας
3306 2745 3338 2796 ὁ
3371 2747 3541 2809 Θεὸς,
3571 2741 3686 2795 ἀλλ’
3714 2740 3848 2811 εἰρη-

2282 2853 2410 2894 νης.
2471 2834 2537 2884 Οἱ
2588 2834 2688 2905 γὰρ
2738 2839 2852 2894 ταῖς
2894 2839 3151 2907 κραυγαῖς
3198 2837 3544 2905 κεχρημένοι,
3598 2830 3844 2885 κελευσταῖς

2283 2924 2507 2992 ἐοίκασι,
2555 2927 2626 2992 μὴ
2686 2919 2962 2995 δυνάμενοι
3008 2929 3286 2993 πανταχοῦ
3347 2922 3617 2987 εὔξασθαι,
3663 2923 3765 2991 μήτε
3798 2914 3836 2966 ἐν

2284 3011 2602 3077 έκκλησίαις,
2662 3017 2793 3083 μήτε
2858 3010 2907 3064 ἐν
2963 3016 3185 3084 κώμαις,
3236 3011 3281 3063 εἰ
3334 3017 3409 3085 μὴ
3482 3014 3623 3084 τάχα
3673 3009 3713 3061 έν
3755 3004 3844 3077 ἐρη-

2283 3107 2451 3174 μίαις,
2492 3103 2627 3153 κατὰ
2662 3105 2719 3153 τὸ
2762 3101 2957 3173 θέλημα
2994 3101 3183 3154 αὐτῶν.
3216 3103 3283 3153 Οἱ
3326 3098 3383 3153 δ’
3418 3100 3469 3154 ἐν
3497 3102 3696 3171 ἠσυχίᾳ
3718 3112 3847 3167 προσ·

2283 3195 2580 3263 ευχόμενοι,
2653 3191 2851 3251 πάντας
2922 3186 3295 3262 οἰκοδοῡμοσιν
3376 3189 3426 3242 έν
3502 3194 3651 3241 παντὶ
3715 3189 3845 3259 τόπῳ.

2281 3284 2395 3352 Χρὴ
2445 3282 2546 3354 γὰρ
2596 3278 2707 3332 ὅλον
2756 3283 2841 3331 τὸν
2892 3276 3067 3349 ἀγῶνα
3117 3286 3209 3330 τοῦ
3258 3276 3538 3354 ἀνθρώπου
3589 3275 3774 3329 ἐκτελεῖν
3808 3270 3846 3322 ἐν

2280 3377 2388 3430 τοῖς
2436 3368 2732 3440 λογισμοῖς,
2777 3372 2866 3420 καὶ
2919 3372 3013 3426 τὴν
3070 3372 3438 3442 περικειμένην
3486 3368 3607 3425 ὕλην
3654 3373 3739 3417 τῶν
3778 3378 3849 3413 πο-

2278 3465 2446 3530 νηρῶν
2502 3457 2769 3529 λογισμῶν
2844 3455 3178 3522 ἀποκόπτειν,
3256 3462 3348 3509 καὶ
3423 3456 3635 3528 ἐπείγειν
3704 3452 3850 3505 ἑαυτὸν

2277 3550 2407 3619 πρὸς
2458 3550 2544 3599 τὸν
2578 3551 2722 3613 Θεὸν,
2769 3550 2853 3598 καὶ
2903 3550 2975 3617 μὴ
3028 3553 3192 3598 ποιεῖν
3242 3547 3307 3598 τά
3344 3546 3619 3619 θελήματα
3667 3551 3752 3594 τῶν
3790 3538 3853 3590 λο-

2276 3642 2502 3707 γισμῶν,
2562 3632 2692 3685 ἀλλὰ
2748 3634 3075 3705 πανταχόθεν
3127 3631 3481 3705 ῥεμϐομένους
3534 3632 3709 3692 αὐτοὺς
3760 3646 3852 3679 συν·

2277 3724 2440 3793 άγειν,
2506 3719 2835 3797 διακρίνοντα
2898 3725 3020 3782 τοὺς
3088 3725 3342 3794 φυσικοὺς
3413 3722 3514 3776 ἀπὸ
3571 3729 3665 3774 τῶν
3724 3732 3849 3771 πονηρ

2273 3818 2395 3883 ρῶν.
2453 3810 2736 3871 Πελάζεται
2786 3811 2887 3882 γὰρ
2940 3812 2970 3868 ἡ
3032 3808 3189 3881 ψυχὴ
3248 3805 3389 3862 οὖσα
3448 3812 3548 3863 ὑπὸ
3609 3808 3846 3880 ἁμαρτίαν,

2275 3899 2448 3971 ὥσπερ
2504 3898 2587 3951 ἐὰν
2631 3907 2660 3971 ᾖ
2704 3901 2753 3952 ἓν
2792 3898 2900 3971 όρει
2939 3898 3033 3957 ὖλη
3080 3897 3303 3970 μεγάλη,
3349 3901 3383 3956 ἤ
3444 3898 3492 3951 έν
3527 3902 3732 3969 ποταμῷ
3777 3910 3849 3943 ια’

2274 3986 2522 4060 λαμῶνες,
2577 3992 2607 4047 ἣ
2657 3985 2798 4046 δάση
2853 3990 2970 4040 τινὰ
3016 3987 3273 4052 ἀκανθῶν,
3328 3994 3422 4042 καὶ
3481 3989 3630 4041 ὑλῶν.
3680 3987 3738 4039 Οἱ
3781 3978 3848 4034 οὖν

2276 4075 2580 4149 βουλόμενοι
2638 4073 2709 4129 δι’
2758 4075 2953 4130 ἐκείνου
3032 4083 3122 4129 τοῦ
3187 4080 3345 4129 τόπου
3408 4077 3690 4151 παρελθεῖν,
3745 4071 3851 4144 ὀφεί-

2274 4166 2452 4218 λουσιν
2497 4164 2733 4218 ἐκτείνειν
2778 4168 2867 4226 τάς
2902 4172 3107 4238 χεῖρας,
3165 4168 3254 4217 καὶ
3304 4169 3441 4237 μετά
3487 4165 3609 4239 βίας
3660 4168 3739 4216 καὶ
3779 4178 3849 4211 κα·

2274 4256 2445 4327 μάτου
2522 4253 2848 4307 ἀπωθεῖσθαι
2920 4258 3012 4313 τὴν
3077 4258 3442 4329 περικειμένην
3517 4254 3660 4312 ὕλην.
3723 4248 3847 4301 Οὕτω

2274 4347 2363 4395 καὶ
2427 4345 2456 4402 ἡ
2524 4352 2624 4395 τῶν
2690 4343 2953 4416 λογισμῶν
3012 4352 3107 4405 τῆς
3173 4341 3409 4406 ἐναντίας
3472 4341 3724 4414 δυνάμεως
3768 4335 3843 4389 ὕλη

509 4447 665 4503 Opus
692 4438 796 4501 est,
829 4438 893 4488 ut
921 4434 1054 4506 quis
1086 4440 1357 4491 secernat
1386 4440 1660 4492 externas
1683 4435 2073 4505 cogitationes
2087 4435 2164 4492 ab

2276 4441 2555 4511 περίκειται
2602 4444 2664 4508 τῇ
2711 4436 2890 4510 ψυχῇ.
2934 4436 3132 4498 Πολλῆς
3172 4432 3259 4488 οὖν
3300 4434 3543 4499 σπουδῆς
3587 4440 3671 4487 καὶ
3710 4445 3849 4505 προσ-

508 4521 860 4578 adversaria
881 4528 1175 4594 potestate
1210 4529 1398 4580 ortas.

589 4730 706 4801 28
730 4732 819 4788 IV.
851 4734 944 4789 Est
964 4735 1126 4789 enim
1152 4735 1289 4807 quis
1321 4751 1430 4791 sua
1443 4734 1627 4791 solius
1641 4736 1855 4793 virtute
1878 4738 2162 4804 conﬁsus,

514 4820 869 4877 existimans
900 4826 1104 4892 suopte
1131 4829 1317 4878 marte
1357 4823 1767 4895 circumjectos
1806 4843 1867 4881 se
1898 4828 2165 4883 excidere

508 4924 689 4981 posse
719 4916 973 4965 montes.
1007 4913 1102 4965 Est
1134 4927 1370 4983 quoque
1401 4912 1571 4983 alius,
1604 4914 1728 4985 qui,
1753 4932 1891 4972 cum
1922 4915 1980 4970 in
2005 4923 2163 4972 tran-

508 4995 795 5069 quillitate
821 5002 875 5053 et
896 4998 1249 5055 discretione
1286 5001 1556 5057 animum
1596 5019 1769 5059 suum
1804 5010 1990 5074 regat,
2024 5007 2165 5061 abs-

507 5100 627 5157 que
660 5084 778 5141 ulla
798 5086 1222 5159 defatigatione
1247 5088 1482 5161 plenius
1515 5106 1667 5162 opus
1696 5109 1873 5148 suum
1913 5095 2161 5165 perﬁcit,

508 5190 698 5247 quam
751 5174 867 5230 ille.
899 5176 990 5231 Sic
1021 5177 1079 5231 in
1120 5178 1399 5249 precibus
1439 5195 1681 5252 quoque
1721 5189 1859 5237 sunt
1889 5183 2160 5255 quidam,

508 5263 634 5337 qui,
669 5280 805 5319 cum
829 5263 1194 5321 clamoribus
1225 5267 1439 5339 ineptis
1464 5272 1718 5334 utantur,
1751 5270 1928 5325 veluti
1950 5275 2162 5328 robore

507 5352 777 5426 corporis
808 5354 1038 5420 conﬁsi,
1070 5354 1236 5412 haud
1273 5362 1492 5413 norunt
1517 5357 1672 5416 furta
1696 5360 2158 5430 cogitationum:

593 5648 641 5722 7‘
671 5647 784 5707 Isa.
807 5664 962 5717 LxVI,
985 5655 1038 5707 2.
1116 5652 1165 5688 ⁷³
1196 5655 1213 5708 l
1243 5654 1384 5724 Reg.
1420 5668 1539 5721 nx,
1580 5654 1671 5711 12.

2274 4534 2412 4599 οχῆς
2457 4528 2572 4588 νοός
2622 4530 2801 4599 χρεία,
2860 4527 2943 4579 ἵνα
2988 4546 3064 4587 τις
3109 4522 3354 4599 διακρίνῃ
3408 4530 3533 4589 τοὺς
3585 4523 3847 4596 ἀλλοτρίους

2272 4615 2554 4688 λογισμοὺς
2580 4624 2669 4677 τῆς
2700 4614 2930 4677 ἐναντίας
2963 4612 3250 4688 δυνάμεως.

2346 4739 2396 4792 Δ¹
2424 4740 2584 4795 ’Ἐστι
2602 4742 2704 4815 γάρ
2734 4760 2811 4802 τις
2845 4738 3044 4815 θαρῥων
3069 4739 3132 4811 τῇ
3164 4739 3349 4791 ἑαυτοῦ
3377 4736 3617 4812 δυνάμει,
3649 4732 3845 4815 νομίξάξν

2274 4828 2358 4901 ἀφ’
2411 4829 2596 4882 ἑαυτοῦ
2642 4829 2906 4881 ἐκκόπτειν
2956 4831 3023 4881 τὰ
3067 4833 3398 4902 περικείμενα
3445 4832 3562 4901 ὅρη.
3613 4825 3754 4878 Ἐστι
3798 4814 3846 4868 δῖ

2272 4918 2424 4979 ἄλλος
2471 4918 2571 4972 ἀπὸ
2622 4920 2997 4980 καταστάσεως
3038 4923 3127 4971 καὶ
3184 4914 3504 4991 διακρίσεως
3538 4913 3738 4969 διοικῶν
3786 4912 3845 4974 τῷ

2272 5010 2351 5060 νοῐ
2413 5009 2596 5076 αὑτοῦ,
2649 5012 2738 5059 καὶ
2803 5006 3085 5078 ἀκαμάτως
3140 5005 3289 5059 πλέον
3356 5004 3546 5058 ἑκείνου
3610 5004 3664 5055 τό
3720 5001 3843 5071 ἔργον

2273 5098 2433 5149 αὑτοῦ
2489 5093 2733 5149 διανύων.
2792 5097 2942 5148 Οὕτω
2989 5100 3078 5148 καὶ
3127 5093 3175 5147 ἓν
3233 5102 3345 5155 ταῖς
3396 5096 3715 5171 προσευχαῖς
3755 5083 3844 5137 εἰσί

2272 5204 2406 5247 τινες
2460 5192 2716 5257 κραυγαῖς
2789 5188 3105 5258 κεχρημένοι
3166 5183 3468 5256 ἀπρεπέσιν,
3547 5184 3614 5241 ὡς
3673 5173 3735 5232 δὴ
3789 5175 3840 5239 τῇ

2274 5281 2546 5345 σωματικῇ
2611 5272 2767 5345 ἰσχύί
2814 5274 3136 5336 πεποιθότες,
3181 5277 3252 5343 μὴ
3301 5267 3493 5333 εἰδότες
3530 5269 3621 5329 τὰς
3675 5259 3844 5317 κλοπὰς

2273 5370 2373 5414 τῶν
2424 5362 2707 5434 λογισμῶν,
2752 5362 2881 5416 ἁλλά
2924 5361 3220 5434 νομίζοντες
3270 5370 3333 5420 τῆ
3379 5357 3491 5431 ἰδίᾳ
3543 5353 3750 5424 δυνάμει
3794 5346 3844 5396 τὸ

1784 5654 1829 5689 τε
1858 5653 1878 5709 Ι
1911 5654 2037 5712 Cor.
2072 5670 2192 5727 xiv,
2226 5653 2314 5717 13.
