4084 6256
206 250 306 305 521

1508 234 1845 293 ΗΟΜΙΙᾸᾸΕ.
1889 268 1957 279 -
1996 239 2170 296 HOM.
2212 239 2305 297 Vl.

3480 249 3586 307 522

201 376 396 431 τέλειον
451 375 767 447 κατόρθωμα
803 368 1091 423 ποιεῖσθαι,
1130 364 1255 420 Εἰσὶ
1301 360 1360 417 δι
1413 361 1582 428 ἄλλοι,
1623 364 1673 415 οἱ
1711 369 1824 425 τοῖς

1963 365 2036 421 ed
2060 366 2403 425 existimant
2428 385 2489 425 se
2533 370 2778 442 propria
2804 371 3021 429 virtute
3049 371 3389 431 absolutum
3433 390 3587 447 opus

200 465 479 538 λογισμοῖς
534 466 901 539 προσέχοντες,
962 462 1052 510 καὶ
1108 455 1220 508 ὅλον
1278 456 1363 506 τὸν
1418 451 1591 524 ἀγῶνα
1646 455 1825 505 ποιού-

204 576 351 630 μενοι
404 556 614 609 ἓσωθεν.
675 553 835 604 Οὗτοι
895 547 988 601 διὰ
1039 554 1136 607 τῆς
1194 548 1451 603 συνέσεως
1516 542 1683 595 αὐτῶν
1734 546 1824 594 καὶ

204 643 530 720 διακρίσεως
581 639 831 694 δύνανται
876 638 1230 709 κατορθῶσαι,
1293 638 1381 685 καὶ
1436 631 1826 684 ἀποσείσασθαι

204 740 331 798 τοὺς
378 734 819 804 ἐπανισταμένους
867 729 1170 799 λογισμοὺς,
1227 728 1317 775 καὶ
1358 723 1489 795 μετὰ
1528 724 1586 773 τό
1629 721 1827 793 θέλημα

204 833 299 879 τοῦ
355 828 551 899 Κυρίου
596 820 934 893 πορεύεσθαι.
981 818 1311 889 Εὑρίσκομεν
1354 808 1413 864 δὲ
1454 810 1501 863 ἐν
1556 818 1627 881 τῷ
1671 810 1827 865 Ἀπο-

204 914 393 986 στόλῳ,
424 898 504 965 ότι
543 915 629 963 τόν
669 904 1054 980 οἰκοδομοῦντα
1091 906 1178 955 τόν
1217 902 1367 954 ἄλλον
1414 903 1631 972 μείζονα
1667 898 1825 971 λέγει.

204 984 352 1063 Φησὶ.
373 1004 507 1075 γάρ’
546 1000 606 1053 Ὀ
644 998 844 1051 λαλῶν
881 995 1241 1066 γλώσσαις,
1305 991 1531 1043 ἑαυτὸν
1576 984 1827 1075 οἰκοδο-

203 1100 335 1166 μεῖ·
371 1074 398 1143 6
439 1074 511 1143 δε
549 1088 994 1163 προφητεύων,
1038 1081 1400 1139 ἐκκλησίαν
1441 1074 1817 1150 οἰκοδομεῖ·

204 1185 230 1235 6
264 1179 334 1234 δὲ
372 1178 811 1254 προφητεύων,
845 1166 1086 1246 μείζων
1118 1175 1147 1229 ἧ
1179 1172 1203 1222 6
1230 1170 1432 1222 λαλῶν
1471 1168 1823 1239 γλώσσαις.

200 1272 460 1330 Ἕκαστος
481 1265 570 1322 οὖν
594 1265 879 1328 ἔπιλέξεται
897 1266 952 1315 τὸ
979 1261 1166 1321 ἄλλους
1183 1255 1560 1331 οἰκοδομῆσαι,
1583 1260 1674 1308 καὶ
1695 1274 1827 1307 κατ-

203 1361 447 1424 αξιοῦται
479 1364 576 1417 τῆς
610 1352 883 1426 βασιλείας
919 1358 1021 1403 τῶν
1052 1349 1302 1423 οὐρανῶν.

282 1572 356 1627 Ε’.
386 1571 760 1645 Ἐρώτησις.
794 1560 1054 1623 Ἐπειδὴ
1087 1582 1256 1625 τινες
1284 1562 1614 1634 λέγουσιν,
1646 1562 1742 1613 ὅτι
1771 1562 1827 1613 οἱ

1934 454 2319 527 perfecturos.
2371 458 2516 514 Sunt
2567 476 2810 533 quoque
2839 461 2956 527 alii,
2991 463 3093 535 qui
3126 463 3591 533 cogitationibus

1933 546 2264 613 attendunt,
2327 553 2383 602 et
2440 548 2715 619 praelium
2772 566 2952 607 omne
2983 551 3138 607 intus
3185 554 3591 609 committunt.

1935 635 2119 707 Hique
2149 637 2769 708 propterintellectum
2802 656 2872 697 ac
2888 640 3306 698 discretionem
3341 644 3594 714 possunt

1933 728 2090 779 recte
2108 740 2301 796 agere,
2331 731 2388 782 et
2419 726 2649 783 amoliri
2673 730 3050 799 insurgentes
3080 732 3500 800 cogitationes,
3535 735 3592 787 et

1936 814 2269 870 secundum
2297 817 2661 873 voluntatem
2714 820 2947 875 Domini
2977 820 3310 877 ambulare.
3354 820 3593 894 Reperi-

1935 918 2074 958 mus
2096 908 2294 959 autem
2314 905 2475 976 apud
2499 906 2871 978 Apostolum,
2904 910 3069 982 quod
3095 925 3256 980 eum,
3278 910 3381 981 qui
3407 909 3590 966 alium

1936 991 2212 1059 aediﬁcat,
2243 996 2529 1062 majorem
2562 995 2759 1062 dicat;
2790 997 2979 1069 inquit
3027 998 3225 1054 enim:
3261 999 3373 1067 Qui
3403 998 3595 1070 loqui-

1938 1086 2038 1136 tur
2061 1081 2247 1151 lingu,
2275 1083 2530 1153 seipsum
2556 1085 2807 1153 cedi/icat
2831 1104 2849 1139 :
2880 1092 2944 1143 at
2966 1088 3068 1159 qui
3090 1089 3432 1158 prophetat,
3455 1102 3594 1145 con-

1934 1170 2338 1241 gregationem
2350 1173 2621 1240 aediﬁcat.-
2634 1176 2739 1244 qui
2749 1176 3494 1249 aulemprophetat,major
3505 1184 3592 1235 est

1935 1274 2115 1330 quam
2168 1260 2271 1331 qui
2319 1262 2582 1332 loquitur
2612 1264 2833 1335 linquis
2862 1265 2934 1319 ⁷⁵.
2967 1266 3389 1339 Unusquisque
3414 1267 3594 1337 igitur

1936 1347 2114 1417 eligat
2141 1350 2339 1419 potius
2367 1350 2517 1406 alios
2569 1352 2887 1418 mdiﬁcare,
2911 1356 2967 1410 et
2998 1354 3220 1426 dignus
3250 1355 3594 1412 censebitur

1937 1452 2123 1508 regno
2154 1438 2467 1495 caelorum.

2010 1563 2070 1616 V.
2104 1563 2527 1634 Interrogatio.
2562 1565 2855 1633 Quoniam
2881 1567 3123 1639 quidam
3154 1569 3385 1637 dicunt,
3439 1568 3600 1642 quod

209 1666 435 1738 θρόνοι
489 1664 597 1712 καὶ
655 1659 713 1709 οἱ
766 1658 1077 1728 στέφανοι
1132 1653 1467 1724 κτίσματά
1526 1651 1680 1717 εἰσι,
1721 1654 1829 1702 καὶ

1965 1650 2143 1707 hroni
2169 1656 2223 1709 et
2243 1668 2473 1709 coronae
2487 1661 2781 1712 creatura
2806 1656 2945 1724 sint,
2967 1664 3154 1714 etnon
3177 1658 3442 1729 spiritus,
3460 1674 3601 1732 quo-

206 1752 365 1824 ούχὶ
404 1750 757 1819 πνεύματα,
806 1752 936 1807 πῶς
977 1742 1319 1815 ὀφείλομεν
1361 1739 1658 1793 ἀκοῦσαι.

282 1877 686 1945 Ἀπόκρισις.
734 1870 794 1922 '0
825 1871 1004 1941 θρόνος
1045 1873 1137 1926 τῆς
1180 1868 1422 1926 θεότητος
1461 1865 1486 1916 6
1526 1871 1645 1926 νοῦς
1684 1865 1832 1931 ἡμῶν

218 1967 338 2020 ἐστι
366 1986 379 1998 ο
434 1966 525 2014 καὶ
575 1959 729 2013 πάλιν
777 1960 802 2010 6
849 1959 1028 2031 θρόνος
1066 1962 1158 2007 τοῦ
1210 1961 1320 2021 νοῦ,
1376 1956 1405 2012 ἠ
1467 1955 1649 2015 θεότης
1696 1951 1830 2022 ἐστὶ,

215 2060 310 2108 καὶ
357 2055 416 2105 τό
466 2057 686 2121 πνεῦμα.
733 2048 954 2120 Ὁμοίως
1007 2041 1066 2097 δὲ
1114 2048 1203 2096 καὶ
1256 2045 1281 2095 ό
1340 2048 1591 2110 Σατανᾶς,
1647 2046 1736 2093 καὶ
1779 2043 1835 2093 αἱ

218 2141 493 2214 δυνάμεις,
535 2143 628 2191 καὶ⁹
663 2139 711 2190 οἱ
745 2138 1000 2209 ἄρχοντες
1037 2140 1126 2186 τοῦ
1165 2136 1410 2197 σκότους,
1455 2130 1556 2183 ἀπὸ
1597 2139 1693 2192 τῆς
1732 2150 1836 2182 πα-

213 2230 507 2308 ραϐάσεως,
556 2235 645 2288 τῆς
701 2225 909 2287 ἐντολῆς
952 2222 1256 2275 ἐνεκάθισαν
1325 2222 1396 2283 εἰς
1454 2225 1548 2279 τὴν
1609 2216 1834 2293 καρδίαν

214 2307 305 2375 καὶ
349 2320 421 2382 εἰς
457 2321 544 2370 τὸν
581 2323 719 2380 νοῦν,
760 2318 849 2366 καὶ
890 2313 959 2373 εἰς
1004 2315 1063 2364 τό
1109 2319 1262 2382 σῶμα
1304 2317 1395 2362 τοῦ
1436 2307 1630 2381 Ἀδὰμ,
1665 2311 1737 2371 ὡς
1765 2309 1835 2370 εἰς

220 2413 400 2485 θρόνον
449 2403 610 2460 ἴδιον.
650 2406 848 2458 Λοιπὸν
888 2397 975 2454 οὖν
1018 2397 1114 2453 διὰ
1155 2407 1304 2453 τοῦτο
1354 2397 1502 2458 ἦλθεν
1545 2400 1570 2450 6
1622 2402 1832 2472 Κύριος,

216 2506 309 2554 καὶ
354 2496 532 2553 ἔλαϐεν
573 2495 627 2548 ἐκ
672 2503 770 2554 τῆς
810 2494 1074 2563 Παρθένου
1114 2493 1173 2542 τό
1206 2497 1377 2560 σῶμα.
1423 2488 1483 2540 Εἰ
1517 2491 1618 2561 γὰρ
1654 2487 1836 2546 ἠθέλη-

221 2610 278 2644 σε
318 2595 490 2661 γυμνῇ
544 2592 603 2657 τῇ
657 2586 862 2639 θεότητι
901 2579 1177 2642 κατελθεῖν,
1232 2582 1307 2637 τίς
1357 2573 1588 2637 ἠδύνατο
1632 2577 1838 2647 ὑπενεγ-

215 2687 368 2745 κείν;
410 2675 570 2733 Ἀλλὰ
610 2669 706 2726 διὰ
735 2677 826 2724 τοῦ
866 2670 1088 2745 ὀργάνου
1124 2674 1216 2719 τοῦ
1256 2673 1499 2738 σώματος
1537 2664 1697 2718 ἐλάλει
1728 2673 1835 2726 τοῖς

228 2767 538 2841 ἀνθρώποις.
590 2764 788 2816 Λοιπὸν
845 2755 932 2812 οὖν
990 2760 1057 2809 τὰ
1111 2759 1380 2828 πνεύματα
1422 2762 1517 2817 τῆς
1565 2758 1837 2827 πονηρίας,

219 2858 255 2911 οἱ
300 2854 661 2914 ἓνεκαθίζοντο
700 2850 769 2913 εἰς
809 2852 867 2902 τό
923 2855 1095 2919 σῶμα,
1146 2845 1375 2898 καθεῖλεν
1424 2844 1526 2897 ἀπὸ
1576 2853 1675 2896 τῶν
1727 2845 1841 2915 θρό-

220 2968 342 3011 νων,
399 2952 499 2997 τῶν
543 2944 817 3014 νοημάτων
859 2942 950 2989 καὶ
1014 2945 1113 2988 τῶν
1166 2935 1452 3006 λογισμῶν,
1496 2934 1569 2994 οἷς
1618 2932 1843 2985 ἓνεπολι-

1940 1742 2111 1831 modo
2145 1742 2272 1798 haec
2300 1742 2715 1815 intelligenda.

2013 1867 2353 1935 Responsio.
2386 1869 2658 1925 Thronus
2692 1870 3025 1927 divinitatis
3050 1876 3140 1928 est
3168 1888 3338 1928 mens
3369 1877 3596 1937 nostra,

1942 1961 2000 2011 et
2023 1972 2096 2011 ex
2121 1955 2393 2023 adverso,
2421 1957 2671 2014 thronus
2700 1965 2918 2015 nostrae
2958 1960 3173 2016 mentis
3208 1966 3295 2017 est
3323 1961 3600 2017 divinitas

1944 2050 2001 2099 et
2027 2044 2287 2116 spiritus.
2315 2047 2588 2102 Similiter
2606 2063 2851 2120 quoque
2874 2050 3150 2118 Satanas,
3169 2055 3227 2106 et
3253 2055 3599 2121 potestates,

1944 2139 1999 2188 et
2017 2133 2313 2205 principes
2325 2135 2709 2191 tenebrarum
2724 2144 2859 2207 post
2872 2138 3414 2208 transgressionem
3430 2154 3596 2195 man'

1944 2222 2089 2288 dati,
2121 2223 2468 2280 insederunt
2518 2240 2620 2280 cor
2672 2231 2731 2281 et
2776 2232 3060 2291 mentem,
3097 2233 3154 2283 et
3182 2243 3402 2298 corpus
3435 2228 3597 2283 Adae.

1946 2316 2238 2382 tanquam
2270 2313 2552 2368 thronum
2575 2315 2908 2385 proprium.
2939 2315 3252 2387 Propterea
3277 2332 3419 2386 ergo
3446 2317 3603 2372 venit

1948 2401 2255 2467 Dominus,
2285 2406 2341 2457 et
2369 2402 2694 2473 assumpsit
2723 2419 2797 2458 ex
2825 2404 3059 2475 Virgine
3093 2420 3330 2476 corpus.
3364 2403 3421 2458 Si
3439 2405 3601 2459 enim

1947 2488 2009 2544 in
2031 2489 2159 2545 sola
2172 2488 2480 2546 divinitate
2493 2492 2855 2547 descendere
2875 2492 3360 2565 placuisset,quis
3374 2492 3597 2564 potuis-

1948 2582 2033 2634 set
2061 2578 2306 2633 suﬂerre
2335 2580 2363 2635 ?
2392 2581 2604 2636 Verum
2640 2596 2744 2652 per
2764 2596 3065 2651 organum
3096 2582 3367 2654 corporis
3402 2581 3604 2654 loque-

1947 2667 2126 2723 batur
2139 2684 2275 2723 cum
2294 2668 2660 2724 hominibus.
2678 2671 3055 2741 Quapropter
3076 2670 3315 2742 spiritus
3338 2669 3597 2735 malitias,

1949 2758 2050 2828 qui
2082 2757 2437 2813 insedebant
2466 2774 2706 2829 corpus,
2767 2759 3016 2814 extrusit
3046 2774 3076 2814 e
3110 2758 3334 2814 thronis
3371 2757 3601 2814 intelle-

1951 2846 2614 2915 ctusetcogitationum,
2636 2863 2788 2919 quos
2827 2846 3248 2905 inhabitabant
3279 2863 3291 2913 ;
3325 2854 3609 2918 etexpur-

1952 2934 2115 3004 gavit
2144 2935 2569 2991 conscientiam
2600 2935 2907 3001 Dominus,
2942 2940 2997 2991 et
3028 2935 3140 2992 sibi
3190 2936 3472 2991 thronum
3503 2950 3606 3005 pa-

222 3037 453 3088 τεύοντο.
512 3032 619 3085 Καὶ
674 3030 953 3103 ἑκαθάρισε
1009 3029 1102 3085 τὴν
1172 3021 1477 3083 συνείδησιν
1545 3024 1570 3074 6
1632 3025 1839 3095 Κύριος,

1959 3023 2105 3080 ravit
2134 3029 2418 3087 mentem,
2448 3028 2504 3079 et
2529 3024 2945 3094 cogitationes,
2969 3029 3026 3080 et
3078 3039 3318 3095 corpus.

227 3128 320 3176 καὶ
377 3120 540 3191 ἑαυτῷ
596 3121 769 3195 θρόνον
827 3115 1041 3175 ἐποίησε
1094 3117 1180 3166 τόν
1228 3120 1344 3166 νοῦν
1392 3117 1481 3165 καὶ
1533 3116 1651 3173 τοὺς
1704 3110 1845 3182 λογι-

225 3214 417 3285 σμοὺς,
444 3214 535 3262 καὶ
558 3211 615 3261 τὸ
653 3226 824 3279 σωμα.

305 3335 376 3400 ς’.
418 3334 786 3407 Ἐρώτησις.
823 3334 895 3382 Ti
930 3325 1034 3381 οὖν
1074 3327 1252 3381 ἔστιν
1292 3328 1317 3380 ὃ
1358 3324 1497 3379 εἶπε
1525 3347 1537 3359 ·
1585 3345 1613 3377 (‹
1646 3328 1847 3383 Καθη-

232 3423 436 3477 σεσθε
492 3418 594 3472 ἐπὶ
654 3413 920 3470 δώδεκα
982 3420 1265 3491 θρόνους,
1338 3420 1672 3491 κρίνοντες
1734 3416 1847 3474 τὰς

231 3507 505 3566 δώδεκα
545 3506 749 3581 φυλὰς
783 3512 888 3559 τοῦ
932 3506 967 3558 Ἰ
988 3506 1226 3579 σραήλ;
1262 3526 1287 3557 ν

300 3634 711 3705 Ἀπόκρισις.
766 3636 929 3683 Τοῦτο
984 3630 1287 3704 εὑρίσκομεν
1337 3630 1416 3681 ὅτι
1470 3627 1555 3681 ἐπὶ
1612 3635 1702 3689 τῆς
1751 3636 1848 3700 γῆς

231 3724 441 3796 ἐγένετο,
497 3722 581 3775 ὅτε
631 3721 656 3771 6
714 3721 903 3793 Κύριος
958 3717 1211 3791 ἀνελήφθη
1264 3718 1335 3780 εἰς
1380 3721 1502 3778 τοὺς
1553 3718 1842 3791 οὐρανούς·

231 3812 427 3885 ἔπεμψε
476 3813 580 3884 γὰρ
620 3812 678 3861 τό
730 3815 940 3879 Πνεῦμα
986 3811 1043 3859 τὸ
1092 3806 1423 3881 παράκλητον
1477 3807 1542 3868 εἰς
1590 3811 1706 3868 τοὺς
1747 3803 1846 3859 δώ-

234 3899 366 3954 δεκα
412 3898 761 3964 ἀποστόλους,
816 3902 908 3949 καὶ
953 3901 1045 3955 τὴν
1103 3896 1256 3967 ἁγίαν
1306 3893 1549 3968 δύναμιν,
1602 3898 1718 3959 ἣτις
1767 3896 1847 3947 ἐλ-

235 3993 403 4043 θοῦσα
461 3992 850 4051 κατεσκήνωσε,
920 3990 1008 4037 καὶ
1072 3984 1361 4037 ἐνεκάθισεν
1428 3984 1498 4047 εἰς
1548 3988 1668 4046 τοὺς
1737 3986 1850 4055 θρό-

233 4099 355 4141 νους
399 4086 499 4130 τῶν
555 4076 830 4148 νοημάτων
884 4073 1069 4127 αὐτῶν.
1125 4075 1267 4126 Ἐπεὶ
1321 4070 1380 4126 δὲ
1428 4075 1476 4126 οἱ
1526 4078 1851 4148 παρεστηκό-

234 4188 319 4230 τες
396 4163 556 4230 εἶπον,
615 4166 697 4217 ὅτι
754 4163 894 4215 οὗτοι
968 4163 1218 4234 γλεύκους
1284 4162 1387 4214 εἰσὶ
1444 4166 1846 4234 μεμεστωμένοι,

2028 3325 2549 3396 VLInterrogatio.
2580 3323 2733 3391 Quid
2746 3324 3049 3396 igiturest,
3077 3326 3236 3398 quod
3248 3325 3401 3384 dixit
3421 3340 3444 3382 .'
3474 3325 3612 3381 «Se-

1956 3415 2164 3472 debitis
2178 3430 2353 3482 super
2364 3415 2670 3471 duodecim
2686 3414 3282 3486 thronisjudicantes
3297 3415 3606 3471 duodecim

1958 3506 2145 3561 tribus
2181 3506 2369 3561 Israel
2398 3506 2446 3539 ⁷⁵
2479 3503 2507 3558 i’
2538 3525 2569 3554 »

2027 3631 2366 3701 Responsio.
2398 3632 2517 3685 Hoc
2550 3630 2888 3686 invenimus
2914 3630 3228 3703 impletum
3262 3646 3393 3688 esse
3423 3631 3483 3687 in
3506 3635 3618 3686 ter-

1956 3720 2058 3785 ris,
2081 3719 2332 3793 quando
2366 3721 2652 3775 Dominus
2677 3724 3028 3791 assumptus
3052 3724 3142 3775 est
3163 3720 3221 3775 in
3243 3720 3446 3776 caelos.
3471 3720 3619 3778 Misit

1957 3810 2113 3865 enim
2132 3809 2414 3880 Spiritum
2432 3808 2870 3864 consolatorem
2883 3809 2942 3864 in
2957 3808 3266 3865 duodecim
3282 3809 3615 3880 apostolos,

1958 3904 2013 3954 et
2043 3900 2319 3952 virtutem
2349 3904 2661 3967 sanctam;
2692 3912 2829 3968 quae
2863 3897 3190 3953 adveniens
3218 3898 3474 3954 tentoria
3506 3914 3616 3968 po—

1959 3987 2092 4051 suit,
2126 3991 2182 4041 et
2211 3985 2361 4040 sedit
2413 3986 2473 4039 in
2520 3985 2752 4040 thronis
2796 3987 3083 4041 mentium
3119 3988 3411 4057 ipsorum.
3467 3986 3618 4051 Quia

1961 4080 2181 4139 autem,
2200 4075 2303 4146 qui
2320 4074 2647 4139 astiterunt,
2668 4074 2950 4130 dicebant
2965 4078 3165 4130 musto
3190 4074 3446 4146 repletos
3466 4089 3617 4141 esse,

1960 4164 2098 4219 inde
2128 4164 2306 4234 erepit
2337 4166 2536 4218 Petrus
2588 4161 2863 4233 judicare
2895 4178 3017 4229 eos,
3079 4164 3286 4219 dicens
3319 4163 3393 4218 de
3440 4165 3577 4218 Jesu
3604 4180 3616 4219 :

234 4257 420 4309 λοιπὸν
486 4254 682 4327 ἤρξατο
752 4256 944 4323 Πέτρος
1010 4257 1199 4325 κρίνειν
1266 4251 1475 4317 αύτούς,
1525 4251 1683 4321 λέγων
1733 4255 1841 4323 περί

1972 4253 2175 4308 Virum
2198 4254 2485 4320 potentem
2502 4256 2560 4305 et
2577 4251 2769 4306 verbis
2792 4257 2845 4307 et
2866 4251 3186 4323 prodigiis,
3202 4268 3301 4308 vos
3314 4251 3617 4320 cruciﬁxi-

237 4344 653 4408 τοῦἸησοῦ,ὃτι
675 4338 919 4416 ’Ἄνδρα
950 4338 1224 4394 δυνατόν
1261 4338 1318 4391 ἐν
1356 4340 1577 4412 λόγοις
1609 4346 1718 4393 καὶ
1751 4359 1852 4399 ση-

241 4440 455 4508 μείοις
494 4434 668 4504 ὑμεῖς
722 4430 1209 4505 ἐσταυρώσατε,
1252 4430 1707 4503 κρεμάσαντες
1747 4434 1853 4488 ἐπὶ

243 4524 458 4588 ξύλου.
495 4527 595 4575 Καὶ
623 4517 727 4591 ἴδε,
762 4518 867 4572 ἐκεῖ
895 4526 1033 4572 ποιεῖ
1056 4520 1347 4591 θαυμάσια,
1383 4515 1700 4593 διαρῥήσσει
1737 4524 1854 4582 τοὺς

240 4613 419 4672 λίθους
465 4618 564 4663 τῶν
613 4614 896 4682 μνημείων,
945 4614 1035 4661 καὶ
1080 4611 1261 4681 ἐγείρει
1310 4611 1432 4669 τοὺς
1487 4611 1715 4682 νεκρούς.
1770 4615 1853 4663 Γέ-

243 4715 478 4771 γραπται
500 4698 630 4769 γάρ·
668 4695 760 4747 Ἐν
799 4700 942 4755 ταῖς
980 4692 1309 4766 ἐσχάταις
1347 4694 1854 4766 ἡμέραιςὲκχεῶ

250 4786 377 4840 ἀπὸ
432 4792 540 4838 τοῦ
592 4787 966 4855 Πνεύματός
1020 4803 1138 4855 μου
1200 4785 1302 4836 ἐπὶ
1354 4789 1565 4835 πᾶσαν
1625 4785 1851 4855 σάρκα,

250 4880 361 4929 καὶ
401 4876 999 4947 προφητεύσουσιν
1039 4874 1172 4924 υἱοὶ
1210 4873 1380 4944 ὑμῶν
1419 4877 1524 4925 καὶ
1564 4874 1628 4923 αἰ
1670 4875 1855 4945 θυγα-

1962 4342 2084 4407 stis,
2104 4341 2524 4409 suspendentes
2551 4340 2623 4396 de
2651 4340 2811 4410 ligno
2837 4342 2904 4394 ⁷⁸.
2942 4344 3005 4395 Et
3027 4356 3161 4396 ecce
3186 4341 3299 4396 illic
3322 4340 3621 4397 mirabilia

1963 4431 2119 4494 facit.
2146 4430 2465 4500 disrumpit
2487 4428 2718 4499 lapides
2741 4437 3272 4485 monumentorum
3302 4437 3359 4485 et
3376 4430 3624 4485 suscitat

1965 4527 2255 4575 mortuos.
2286 4518 2581 4588 Scriptum
2609 4518 2770 4573 enim
2800 4523 2888 4573 est
2914 4534 2926 4573 :
2962 4518 3032 4574 In
3063 4518 3390 4574 novissimis
3415 4517 3622 4574 diebus

1964 4608 2267 4678 effundam
2298 4608 2369 4663 de
2394 4607 2629 4674 Spiritu
2661 4623 2785 4663 meo
2817 4622 2998 4676 super
3021 4622 3249 4664 omnem
3273 4623 3535 4674 carnem,
3569 4611 3623 4664 et

1960 4696 2403 4767 prophetabunt
2427 4695 2543 4763 ﬁlii
2567 4698 2747 4753 vestri
2772 4702 2827 4753 et
2854 4697 2998 4765 ﬁliae
3020 4702 3228 4753 vestras
3250 4698 3295 4732 ⁷⁷
3330 4696 3623 4761 Quocirca

1965 4785 2133 4841 multi
2162 4802 2196 4840 a
2227 4785 2392 4840 Petro
2422 4785 2709 4851 instructi,
2743 4785 2822 4840 ad
2850 4786 3260 4856 paenitentiam
3291 4785 3619 4855 redierunt,

1967 4882 2033 4931 ut
2062 4874 2226 4929 ﬁeret
2257 4874 2518 4929 mundus
2548 4889 2757 4940 novus,
2787 4874 2959 4947 isque
2986 4876 3207 4932 electus
3240 4891 3269 4934 ει
3307 4878 3446 4932 Deo.

248 4969 429 5037 τέρες
470 4964 658 5035 ὑμῶν.
715 4962 799 5039 Εἰς
844 4963 1116 5034 μετάνοιαν
1170 4958 1257 5013 οὖν
1306 4958 1459 5020 ἦλθον
1507 4964 1895 5034 κατηχηθέντες
1951 4965 2051 5017 ύπό
2101 4970 2191 5017 τοῦ
2236 4969 2430 5036 Πέτρου
2480 4961 2677 5028 πολλοὶ,
2712 4970 2846 5016 ὥστε
2899 4966 3141 5036 γενέσθαι
3188 4968 3387 5037 κόσμον
3438 4968 3617 5018 καινὸν

254 5054 494 5107 ἐκλεκτόν
520 5058 674 5107 Θεοῦ.

323 5178 400 5233 Z’.
432 5176 588 5250 Ὁρᾷς
619 5183 729 5238 πῶς
754 5174 911 5248 ἐφάνη
946 5172 1090 5247 ἁρχὴ
1126 5177 1375 5246 κρίσεως;
1420 5174 1559 5227 Ἐκεῖ
1579 5177 1680 5249 γὰρ
1709 5174 1863 5248 ἐφάνη

252 5273 460 5340 κόσμος
504 5270 702 5327 καινός.
752 5260 886 5317 Ὧδε
923 5266 1024 5337 γὰρ
1072 5259 1229 5321 ἐδόθη
1273 5263 1449 5325 αὐτοῖς
1488 5262 1699 5326 ἐξουσία
1746 5269 1873 5319 καθο

254 5358 476 5415 εσθῆναι
544 5352 592 5405 ἓν
656 5360 728 5424 τῷ
790 5356 973 5424 κόσμῳ
1028 5353 1214 5423 τούτῳ,
1272 5356 1359 5405 καὶ
1425 5359 1618 5425 κρῖναι.
1690 5358 1873 5407 Καίτοι

254 5445 546 5520 μελλόντων
603 5442 773 5495 αὐτῶν
830 5442 1149 5505 καθίζεσθαι
1204 5445 1294 5494 καὶ
1351 5448 1513 5495 ποιεῖν
1564 5445 1742 5515 κρίσιν
1790 5444 1876 5495 ἰπὶ

336 5635 389 5670 ⁷⁸
418 5635 445 5690 1
480 5633 613 5690 Cor.
644 5645 763 5701 ιιι,
790 5634 843 5688 It.
920 5630 971 5666 ⁷⁵
1000 5628 1202 5687 Matth.
1228 5645 1348 5702 xxx,
1381 5632 1469 5686 28.

1547 5630 1596 5665 ⁷⁸
1627 5631 1750 5686 Act.
1780 5628 1843 5698 II,
1866 5633 1954 5687 23.

2048 5176 2167 5231 VII.
2196 5175 2373 5231 Vides
2395 5191 2537 5247 ergo
2567 5175 2878 5247 quomodo
2911 5178 3192 5249 apparuit
3220 5178 3458 5235 initium
3481 5179 3641 5250 judi-

1980 5264 2106 5321 cii?
2137 5266 2253 5337 29
2285 5264 2405 5320 Illic
2426 5265 2588 5319 enim
2643 5266 2925 5337 apparuit
2978 5266 3246 5323 mundus
3288 5282 3504 5323 novus.
3540 5268 3639 5323 Hic

1981 5355 2141 5411 enim
2174 5355 2285 5409 illis
2312 5353 2455 5409 data
2485 5357 2573 5407 est
2597 5359 2862 5425 potestas
2897 5354 3144 5411 sedendi
3174 5358 3234 5411 in
3263 5355 3379 5415 hoc
3410 5355 3641 5412 mundo

1984 5447 2040 5498 et
2059 5442 2392 5513 judicandi.
2418 5443 2484 5497 Et
2516 5441 2650 5498 licet
2670 5440 2936 5500 futurum
2968 5444 3058 5509 sit,
3096 5448 3159 5500 ut
3190 5444 3438 5500 sedeant
3466 5447 3523 5499 et
3554 5441 3645 5499 fa-

2032 5631 2075 5667 ⁷⁷
2100 5630 2245 5689 Joel.
2278 5646 2338 5699 ιι,
2373 5633 2478 5701 '28;
2511 5632 2635 5689 Act.
2667 5647 2724 5698 ιι,
2775 5631 2864 5689 17.
