4084 6256
477 292 581 348 523
1781 280 1839 335 S.
1884 273 2187 334 MACARII
2223 271 2534 329 EGYPTII
3746 261 3860 319 52‘

479 418 638 475 ciant
652 414 1020 487 judiciumin
1051 415 1311 472 adventu
1330 410 1585 475 Domini,
1609 410 1670 465 in
1692 404 2123 464 resurrectione

2241 406 2329 459 τῆς
2367 399 2654 472 παρόυσίας
2692 400 2783 447 τοῦ
2833 393 3031 465 Κυρίου
3076 390 3126 443 ἓν
3182 397 3245 462 τῇ
3296 388 3588 442 ἀναστάσει
3636 394 3738 440 τῶν
3789 404 3871 440 νε-

480 478 875 570 mortuorum,
898 509 1099 560 tamen
1119 504 1465 575 hicquoque
1495 500 1552 556 id
1575 499 1660 563 ﬁt,
1691 496 1907 569 Spiritu
1922 497 2123 549 sancto

2242 496 2401 561 κρῶν,
2448 491 2537 539 καὶ
2589 482 2693 538 ὧδε
2734 488 2985 555 γίγνεται,
3039 488 3131 533 τοῦ
3184 480 3334 551 ἁγίου
3384 481 3680 550 Πνεύματος
3735 478 3871 529 καθ-

479 596 721 652 sedente
751 595 811 649 in
845 594 1070 649 thronis
1115 592 1404 648 mentium
1456 592 1741 662 ipsorum.
1777 586 1997 640 Verum
2020 597 2123 637 nec

2244 579 2480 638 εσθέντος
2516 575 2564 627 έν
2593 582 2701 637 τοῖς
2747 576 2951 645 θρόνοις
2989 578 3089 623 τῶν
3139 571 3411 641 νοημάτων
3459 567 3647 621 αὐτῶν.
3697 566 3870 623 Ἀλλά

479 684 841 748 diademata,
866 699 1000 755 quae
1028 682 1339 738 Christiani
1359 681 1420 736 in
1444 658 1643 735 futuro
1665 675 1885 732 saeculo
1926 688 2123 743 accep-

2241 672 2331 718 καὶ
2380 669 2447 717 τὰ
2489 660 2823 735 διαδήματα,
2870 661 2998 732 άπερ
3044 658 3399 732 λαμϐάνουσιν
3450 658 3500 709 οἰ
3541 664 3868 731 Χριστιανοὶ

482 774 595 829 turi
622 778 778 837 sunt,
806 777 945 828 snnt
972 777 1293 835 creaturae;
1328 774 1383 826 et
1412 770 1513 842 qui
1537 769 1650 824 hoc
1671 766 1899 828 dicunt,
1923 762 2123 818 absur-

2242 755 2290 807 έν
2338 753 2507 825 ἐκείνῳ
2554 761 2627 823 τῷ
2681 752 2849 818 αἰῶνι,
2905 750 2999 802 ούκ
3045 748 3150 801 εἰσὶ
3197 753 3486 820 κτίσματα.
3531 751 3633 799 Καὶ
3678 747 3729 797 οἱ
3780 744 3866 797 λέ·

479 862 626 917 dum
641 865 938 920 asserunt:
974 876 1177 915 verum
1193 860 1323 915 haec
1338 858 1611 930 spiritum
1641 853 2123 911 transformatum

2241 863 2435 916 γοντες,
2499 850 2668 903 κακῶς
2732 841 2990 912 λέγουσιν.
3069 836 3226 891 Ἀλλά
3298 844 3467 889 ταῦτα
3539 838 3598 888 τὸ
3650 842 3861 907 πνεῦμα

477 950 818 1006 ostendunt.
840 949 989 1015 Quid
1015 950 1177 1005 enim
1207 949 1349 1004 dicit
1370 923 1685 1017 apostolus
1714 943 1929 999 Paulus
1955 942 2029 996 de
2046 942 2123 996 Je-

2241 936 2724 1007 μεταμορφούμενον
2776 925 3125 982 ύποδεικνύει.
3180 930 3245 980 Τί
3300 925 3438 997 λέγει
3486 926 3511 977 ό
3569 923 3862 986 ἀπόστολος

476 1038 736 1095 rusalem
774 1038 994 1094 caelesti
1025 1039 1051 1093 ε)
1076 1038 1253 1094 Illam
1283 1042 1531 1093 matrem
1561 1049 1680 1091 esse
1711 1038 1979 1089 nostrum
2008 1045 2123 1086 om-

2244 1022 2441 1083 Παῦλος
2496 1026 2613 1094 περὶ
2670 1027 2761 1079 τῆς
2814 1017 3155 1092 Ἰερουσαλὴμ
3212 1023 3302 1076 τῆς
3353 1014 3700 1087 ἕπουρανίου;
3776 1015 3861 1066 ὅτι

478 1128 667 1193 nium,
698 1142 955 1197 quacum
988 1142 1110 1183 una
1140 1128 1487 1192 conﬁtemur
1533 1126 1603 1179 ⁷⁸.
1639 1126 1871 1179 Vestem
1902 1123 2123 1183 autem,

2244 1113 2411 1169 Αύτή
2456 1110 2598 1163 ἔστι
2637 1114 2848 1182 μήτηρ
2892 1109 3146 1160 πάντων
3185 1107 3390 1178 ἡμῶν,
3510 1103 3859 1176 συνομολοο

477 1232 666 1289 quam
708 1193 943 1285 gestant
997 1215 1326 1282 Christiani,
1386 1214 1552 1287 quod
1600 1213 1826 1277 attinet,
1875 1209 2123 1281 Spiritus

2241 1208 2495 1273 γοῦμεν.
2532 1202 2657 1271 Περὶ
2690 1194 2749 1250 δε
2789 1204 2880 1249 τοῦ
2917 1193 3225 1267 ἐνδύματος,
3259 1195 3285 1246 ὃ
3316 1200 3566 1269 φοροῦσιν
3598 1195 3648 1245 οἰ
3690 1200 3859 1263 Χρισ-

478 1281 749 1360 videlicet
778 1304 980 1361 amicit
1033 1302 1163 1359 illos
1189 1305 1248 1359 in
1301 1304 1544 1360 nomine
1592 1302 1780 1359 Patris
1812 1304 1868 1357 et
1898 1298 2039 1365 Filii,
2076 1301 2123 1353 et

2244 1294 2427 1355 τιανοὶ,
2458 1286 2700 1347 δηλονότι
2730 1286 2857 1339 αὐτὸ
2902 1289 2959 1337 τὸ
3010 1291 3219 1357 Πνεῦμα
3262 1282 3514 1356 ἀμφιάζει
3553 1281 3743 1344 αὐτούς
3783 1281 3860 1345 εἰς

479 1392 736 1465 Spiritus
765 1393 981 1458 sancti,
1006 1393 1065 1448 in
1098 1392 1339 1449 saecula.
1373 1397 1581 1448 Amen.

2241 1382 2299 1431 τὸ
2351 1381 2511 1450 ὄνομα
2562 1383 2652 1429 τοῦ
2696 1378 2896 1451 Πατρός
2950 1379 3040 1426 καὶ
3086 1380 3176 1427 τοῦ
3222 1375 3348 1427 Υἰοῦ
3398 1378 3488 1426 καὶ
3545 1379 3639 1424 τοῦ
3694 1370 3854 1443 ἁγίου

2242 1470 2557 1540 Πνεύματος,
2590 1466 2663 1529 εἰς
2691 1468 2815 1527 τοὺς
2843 1464 3051 1525 αἰῶνας.
3086 1464 3276 1535 Ἀμήν.

1095 1606 1385 1663 HOMILIA
1415 1606 1525 1660 VII.
2869 1589 3118 1644 OMIAIA
3150 1586 3223 1643 Z’.

479 1731 901 1826 οθιῗζίἷῖξέῗέἓίξ
909 1732 1298 1826 Εἶὲἴῖδέῗξῖζθξέ
1317 1731 1513 1826 ἶέίῖἴξῗῗ
1519 1746 1642 1826 fi";-
1650 1730 1932 1826 913ίῖ⁷ῗὲ
1942 1729 2123 1826 ῗέιίῖἱΨ

2242 1721 2393 1790 Περὶ
2455 1725 2567 1778 τῆς
2628 1718 3089 1789 χρηστότητος
3155 1718 3266 1764 τοῦ
3329 1716 3627 1784 Χριστοῦ
3692 1711 3854 1781 πρὸς

2309 1792 2417 1826 φίιν
2474 1789 2822 1826 ἧνθηωπηω
2868 1789 3131 1826 Sinni-vta
3171 1788 3279 1826 aut}
3321 1784 3351 1826 ἦ
3395 1782 3620 1826 ὁμιλία
3655 1781 3850 1826 ξιτ-ἧ.

550 1781 793 1860 Ιιοηιίιῖα
810 1781 1298 1875 ἰηιεννοθαιίοιῖεε
1310 1810 1362 1859 et
1376 1804 1798 1872 responsiones.
1815 1800 2123 1874 quasdam.

2309 1781 2417 1840 τὸν
2474 1781 2825 1873 ἀνθρεξίπον.
2867 1789 3134 1875 Συνέχει
3171 1788 3281 1870 καὶ
3321 1784 3351 1842 ἠ
3393 1781 3621 1856 ὄμιλία
3655 1781 3850 1842 Cuni-

2314 1880 2448 1923 σεις
2486 1857 2608 1912 καῖ
2637 1857 3031 1931 ἀποκρίσεις
3067 1857 3267 1919 τινάς.

2312 1985 2391 2042 Α’.
2437 1984 2636 2057 Ὠσπερ
2686 1982 2771 2035 ἐάν
2807 2002 2889 2044 τις
2932 1981 3133 2054 εἰσέλθῃ
3186 1980 3253 2041 εἰς
3296 1982 3469 2041 οἴκους
3506 1976 3849 2052 βασιλικούς,

2240 2079 2329 2127 καὶ
2383 2071 2475 2148 ἴδη
2532 2077 2625 2136 τὰς
2680 2072 2782 2125 ἕκεῖ
2836 2074 3071 2146 ἱστορίας
3120 2074 3204 2123 καὶ
3252 2072 3319 2123 τὰ
3364 2068 3548 2133 κάλλη,
3604 2067 3850 2140 ἀλλαχοῦ

2244 2166 2542 2238 θησαυρούς
2589 2161 2977 2235 ἀποκειμένους,
3016 2165 3105 2214 καὶ
3145 2159 3382 2231 ἀλλαχοῦ
3413 2157 3561 2224 ἀλλὰ,
3606 2162 3698 2210 καὶ
3729 2156 3856 2209 ἀνα·

2242 2252 2395 2324 κλιθῇ
2456 2254 2584 2325 μετά
2629 2259 2719 2305 τοῦ
2770 2250 3049 2325 βασιλέως,
3095 2254 3185 2303 καὶ
3237 2250 3501 2322 παρατεθῇ
3554 2246 3697 2319 αύτῷ
3745 2243 3860 2299 ἰδέ-

2248 2360 2424 2414 σματα
2478 2346 2567 2393 καὶ
2620 2344 2829 2413 πόματα
2880 2337 3143 2405 ἡδύτατα,
3195 2342 3284 2391 καὶ
3332 2336 3537 2409 ἀναπαῇ
3598 2340 3859 2398 παντοίως

2248 2431 2317 2493 εἰς
2348 2433 2441 2493 τὰς
2493 2434 2703 2504 θεωρίας
2757 2434 2846 2482 καὶ
2887 2432 2953 2482 τὰ
2996 2427 3159 2486 κάλλη
3185 2444 3197 2457 ·
3230 2429 3360 2500 μετά
3410 2433 3579 2479 ταῦτα
3630 2422 3692 2479 δε
3722 2425 3859 2479 ἀπο-

2251 2522 2462 2592 σπασθῇ
2539 2520 2746 2585 ἐκεῖθεν,
2807 2524 2897 2571 καὶ
2959 2518 3136 2591 εὑρεθῇ
3200 2516 3272 2577 εἰς
3333 2512 3599 2577 δυσώδεις
3659 2519 3856 2577 τόπους

2248 2610 2545 2682 ἀπαχθεὶς·
2601 2612 2631 2667 ἦ
2693 2612 2865 2682 ὥσπερ
2931 2607 3015 2661 ἐάν
3067 2628 3148 2669 τις
3213 2609 3501 2679 ὡραιοτέρα
3549 2610 3707 2678 κόρη,
3761 2611 3857 2660 καὶ

2249 2704 2536 2774 σοφωτέρα,
2595 2704 2685 2752 καὶ
2731 2698 3087 2771 πλουσιωτέρα
3142 2698 3269 2771 ὑπερ
3335 2698 3530 2762 πάσας,
3588 2695 3721 2768 λάϐῃ
3794 2693 3857 2749 δέ

2245 2787 2416 2864 ἄνδρα
2457 2791 2726 2861 πενιχρὸν,
2775 2790 3030 2853 ταπεινὸν,
3082 2790 3171 2839 καὶ
3213 2781 3461 2851 δυσειδῆ,
3511 2781 3854 2856 ἓνδεδυμένον

2244 2876 2487 2953 ῥακώδη,
2534 2883 2623 2931 καὶ
2672 2874 2919 2950 ἀποδύσῃ
2977 2876 3130 2929 αὐτὸν
3187 2878 3254 2927 τὰ
3297 2875 3510 2949 ῥυπαρά
3560 2870 3843 2945 ἐνδύματα,

553 1985 592 2037 l.
609 1980 1135 2047 Quemadmodum
1150 1981 1343 2054 siquis
1364 1982 1670 2054 ingressus
1684 1980 1898 2037 domos
1910 1980 2125 2049 regias,

479 2071 914 2143 contempletur
942 2070 1057 2126 illic
1086 2072 1353 2142 depictas
1374 2071 1652 2127 historias
1680 2074 1736 2125 et
1766 2084 2007 2125 omnem
2037 2084 2127 2124 or-

480 2164 711 2225 natum,
744 2159 862 2215 alia
893 2160 952 2214 in
982 2164 1147 2231 parte
1194 2159 1505 2216 thesauros
1534 2158 1896 2225 reconditos,
1929 2162 1986 2213 et
2016 2156 2133 2214 alia

478 2249 539 2306 in
569 2252 736 2319 parte
764 2248 879 2305 alia
903 2267 917 2318 ;
946 2256 1002 2303 et
1029 2248 1349 2304 accumbat
1383 2264 1521 2303 cum
1552 2262 1710 2317 rege,
1738 2248 1911 2319 eique
1942 2262 2134 2319 appo-

480 2338 1017 2394 nanturesculenta
1030 2344 1084 2393 et
1098 2338 1417 2410 poculenta
1431 2338 1813 2402 suavissima,
1830 2341 1885 2392 et
1907 2335 2135 2391 fruatur

480 2442 618 2483 cum
638 2426 1030 2483 delectatione
1051 2427 1403 2483 omnimodo
1425 2427 1539 2482 hac
1560 2426 2063 2498 contemplatione
2081 2429 2139 2482 et

483 2515 801 2588 splendore
826 2533 839 2582 ;
863 2516 1251 2589 postmodum
1264 2520 1468 2571 autem
1496 2515 1880 2571 abstrahatur
1906 2515 2137 2581 inde,et

482 2606 544 2660 in
600 2604 736 2659 loca
794 2604 1196 2673 graveolentia
1260 2604 1544 2676 abreptus
1599 2604 1977 2660 inveniatur:
2036 2609 2139 2661 aut

483 2693 1004 2765 quemadmodum
1021 2694 1067 2747 si
1086 2692 1597 2765 puellaquaedam,
1614 2694 1839 2749 caeteris
1852 2694 2137 2750 omnibus

489 2781 663 2853 longe
679 2781 1018 2850 formosior,
1036 2783 1380 2853 sapientior,
1398 2799 1467 2838 ac
1491 2782 1856 2853 locupletior,
1880 2782 2138 2855 accipiat

482 2870 683 2926 virum
720 2886 1068 2941 pauperem,
1097 2871 1387 2927 humilem
1444 2876 1499 2927 et
1527 2871 1879 2941 deformem,
1915 2872 2135 2944 pannis

496 2959 831 3016 dilaceratis
843 2960 1104 3016 obsitum
1126 2979 1138 3029 ;
1162 2964 1477 3017 etexutum
1491 2961 1737 3017 sordida
1749 2960 2123 3017 vesteindual

2244 2973 2331 3021 καὶ
2358 2965 2549 3041 ἐνδύσῃ
2594 2966 2872 3040 βασιλικὴν
2904 2965 3119 3031 έσθῆτα,
3153 2969 3243 3017 καὶ
3281 2962 3432 3033 έπιθῇ
3475 2963 3618 3034 αύτῷ
3647 2958 3678 3015 δ
3684 2959 3847 3021 ιάδη-

488 3054 651 3105 veste
709 3050 892 3119 regia,
950 3065 1019 3106 ac
1074 3051 1359 3123 imposita
1406 3066 1629 3107 corona
1676 3050 1781 3106 ﬁat
1805 3051 1856 3106 ei
1888 3050 2123 3121 conjux-

2242 3076 2335 3129 μα,
2368 3061 2457 3109 καὶ
2507 3060 2720 3128 γένηται
2768 3055 2908 3127 αὐτῷ
2954 3057 3263 3112 κοινωνική⁶
3319 3051 3498 3105 λοιπὸν
3546 3053 3773 3126 ἄρχεται
3826 3053 3853 3103 ὁ

479 3139 722 3196 tandem
778 3154 1008 3211 pauper
1060 3139 1155 3194 ille
1184 3139 1393 3210 incipit
1433 3140 1716 3195 attonitus
1745 3139 1914 3195 reddi
1946 3155 2015 3195 ac
2042 3139 2123 3195 di-

2241 3151 2455 3218 πτωχὸς
2483 3145 2666 3207 έκεῖνος
2703 3147 2979 3198 πτοεῖσθαι
3017 3148 3105 3196 καὶ
3142 3143 3334 3216 λέγειν’
3376 3143 3524 3216 Ἐμοὶ
3553 3150 3628 3213 τῷ
3665 3141 3857 3195 ταλαι-

478 3243 641 3283 cere:
672 3228 881 3284 Mihine
909 3228 1125 3284 misero
1172 3228 1443 3300 pauperi,
1500 3228 1598 3283 vili
1652 3233 1707 3283 et
1759 3228 1993 3299 abjecto
2020 3229 2130 3284 ho-

478 3316 623 3371 mini
655 3317 795 3373 data
820 3322 907 3371 est
949 3317 1077 3372 haec
1128 3333 1377 3373 consors
1408 3317 1435 3372 ‘t
1464 3317 1543 3373 ita
1570 3333 1815 3390 quoque
1848 3318 2003 3374 Deus
2027 3318 2131 3374 mi-

479 3420 613 3460 sero
644 3410 821 3477 atque
841 3405 1073 3475 abjecto
1090 3406 1319 3462 homini
1348 3406 1501 3462 fecit.
1528 3409 1776 3463 Gustum
1804 3408 1852 3462 ei
1878 3406 2131 3479 praebuit

480 3493 722 3550 alterius
752 3494 973 3557 saeculi,
1008 3494 1279 3565 aliusque
1303 3494 1418 3550 cibi
1444 3495 1787 3551 suavissimi
1821 3516 1833 3552 :
1870 3497 2126 3553 ostendit

475 3582 557 3639 illi
584 3582 834 3651 gloriam
863 3587 919 3637 et
942 3582 1186 3637 delicias
1204 3584 1421 3654 regias,
1450 3584 1803 3655 ineffabiles,
1838 3586 2124 3642 cmlestes.

478 3674 544 3727 Et
568 3670 810 3726 tandem
860 3670 975 3736 ille,
1026 3672 1172 3727 dum
1220 3672 1448 3727 confert
1500 3672 1593 3728 ille
1629 3674 1956 3744 spiritualia
1987 3692 2125 3731 cum

475 3760 571 3825 iis,
591 3774 727 3831 quae
756 3760 1092 3831 sunthujus
1123 3760 1344 3825 saeculi,
1368 3762 1573 3818 omnia
1599 3762 1727 3819 haec
1754 3764 1941 3835 rejicit
1967 3782 1979 3831 ;
2002 3765 2123 3820 sive

473 3864 679 3918 regem
727 3848 999 3920 aspiciat,
1053 3850 1173 3906 sive
1238 3855 1524 3921 potentes,
1593 3853 1714 3907 sive
1803 3855 2123 3925 sapientes,

472 3939 822 3996 thesaurum
844 3938 1149 3994 caelestem
1167 3939 1443 3995 intuetur.
1464 3940 1771 4013 Siquidem
1787 3944 1947 3999 enim
1970 3944 2126 4000 Deus

472 4028 734 4085 charitas
782 4032 887 4093 est,
923 4028 1137 4100 accipit
1185 4029 1483 4085 caelestem
1517 4047 1585 4086 ac
1616 4031 1886 4087 divinum
1920 4033 2119 4103 ignem

471 4118 702 4184 Christi,
736 4123 791 4175 ct
846 4118 960 4174 hoc
1016 4118 1245 4183 fruitur,
1281 4135 1350 4177 ac
1379 4119 1578 4178 laetitia
1608 4120 1881 4187 afﬁcitur,
1920 4127 1976 4179 et
2007 4122 2124 4179 illic

471 4207 783 4263 devinctus
814 4207 1017 4263 haeret.

2241 3241 2416 3307 πώρῳ,
2449 3240 2538 3287 καὶ
2576 3243 2797 3307 πτωχῷ,
2827 3238 2915 3286 καὶ
2962 3237 3175 3307 μετρίῳ,
3221 3236 3312 3286 καὶ
3353 3240 3576 3303 ταπεινῷ
3628 3234 3851 3289 τοιαύτη

2239 3330 2511 3383 κοινωνική
2555 3321 2711 3383 ἐδόθη
2740 3344 2753 3393 ;
2796 3324 2931 3377 οὕτω
2969 3327 3059 3376 καὶ
3093 3324 3117 3375 ό
3151 3326 3279 3385 Θεὸς
3310 3330 3383 3393 τῷ
3414 3321 3730 3394 ταλαιπώρῳ
3760 3326 3855 3375 καὶ

2239 3421 2461 3484 ταπεινῷ
2524 3412 2776 3487 ἀνθρώπῳ
2839 3416 3097 3471 ἐποίησεν.
3167 3410 3415 3483 Ἐγευσεν
3475 3410 3631 3463 αὐτὸν
3691 3410 3853 3463 ἄλλου

2240 3503 2442 3568 αἰῶνος,
2472 3503 2628 3565 ἄλλης
2667 3510 2860 3576 τροφῆς
2900 3499 3173 3563 ἡδυτάτης
3198 3520 3211 3534 ·
3254 3497 3444 3564 ἔδειξεν
3484 3499 3623 3570 αύτῷ
3666 3496 3851 3569 δόξας,

2238 3596 2326 3644 καὶ
2368 3590 2528 3649 κάλλη
2586 3590 2842 3663 βασιλικά
2886 3590 3109 3666 ἄρρητα,
3163 3588 3480 3664 έπουράνια·
3532 3593 3622 3641 καὶ
3665 3588 3852 3641 λοιπόν

2240 3685 2529 3754 συγκρίνων
2583 3683 2747 3733 ἐκεῖνα
2817 3682 2884 3732 τά
2944 3681 3271 3752 πνευματικά
3336 3685 3445 3741 τοῖς
3504 3685 3595 3731 τοῦ
3658 3678 3853 3740 αἰῶνος

2238 3772 2445 3835 τούτου,
2500 3772 2670 3822 πάντα
2727 3768 3023 3833 ἀποϐάλλει,
3068 3770 3166 3821 εἴτε
3220 3766 3445 3841 βασιλέα
3498 3765 3699 3840 βλέπει,
3746 3770 3851 3821 εἴτε

2239 3854 2524 3927 δυνάστας,
2567 3861 2665 3912 εἴτε
2718 3862 2927 3931 σοφούς,
2987 3860 3251 3931 θησαυρὸν
3296 3860 3380 3909 τὸν
3428 3855 3667 3932 οὐράνιον
3717 3854 3852 3910 ἀπο-

2238 3947 2450 4002 ϐλέπων.
2507 3944 2720 4007 Ἐπειδὴ
2775 3951 2872 4021 γὰρ
2933 3949 2958 3999 ό
3008 3951 3133 4008 Θεὸς
3181 3946 3358 4019 ἀγάπη
3418 3945 3581 4015 ἔστὶν,
3627 3942 3847 4009 ἕδέξατο

2236 4039 2292 4089 τὸ
2350 4037 2585 4113 ούράνιον
2640 4041 2727 4089 καὶ
2759 4039 2889 4089 θεῖον
2920 4044 3022 4109 πῦρ
3054 4044 3145 4089 τοῦ
3190 4042 3447 4109 Χριστοῦ,
3479 4039 3568 4089 καὶ
3618 4034 3845 4103 ἀνεπάη,

2234 4132 2323 4181 καὶ
2348 4127 2544 4203 ὶχάρη,
2575 4131 2664 4180 καὶ
2690 4125 2794 4180 ἐκεῖ
2819 4129 2956 4180 ἔστιν
2988 4122 3383 4197 ἀποδεδεμένος.

543 4334 605 4387 ll.
634 4332 1049 4404 Interrogatio.
1073 4336 1279 4395 Utrum
1295 4336 1558 4393 Satanas
1579 4337 1803 4395 sitcum
1828 4339 1966 4404 Deo,
1996 4346 2119 4397 tam

468 4421 531 4477 in
558 4436 713 4488 aere,
745 4437 921 4494 quam
952 4426 1013 4480 in
1041 4424 1397 4481 hominibus.

2306 4341 2376 4395 B’.
2412 4342 2784 4415 Ἐρώτησις.
2848 4340 2918 4393 Εἰ
2977 4342 3277 4393 σύνεστιν
3335 4341 3362 4391 ό
3413 4345 3699 4402 Σατανᾶς
3754 4348 3842 4412 τῷ

2233 4438 2386 4500 Θεῷ,
2429 4434 2554 4483 εἴτε
2592 4429 2649 4482 έν
2679 4437 2759 4501 τῷ
2800 4428 2955 4505 ἀέρι,
2997 4431 3124 4481 εἴτε
3162 4428 3226 4481 ἓν
3256 4436 3392 4491 τοῖς
3432 4427 3837 4503 ἀνθρώποις

2154 4495 2198 4549 D

542 4547 884 4617 Responsio.
915 4548 968 4605 Si
998 4549 1222 4615 solhic,
1246 4551 1349 4623 qui
1374 4556 1463 4607 est
1492 4556 1783 4619 creatura,
1817 4553 2120 4611 illustrans

465 4635 597 4692 loca
628 4652 801 4692 coeno
850 4638 1049 4708 plena,
1107 4640 1554 4712 necquidquam
1586 4640 1856 4709 laeditur;
1889 4650 2119 4715 quanto

466 4725 659 4795 magis
689 4725 985 4791 divinitas,
1039 4726 1085 4779 si
1146 4727 1320 4783 fuerit
1348 4745 1485 4785 cum
1513 4732 1754 4796 Satana,
1787 4748 1896 4788 nec
1927 4734 2120 4806 inqui-

466 4818 658 4876 natur,
689 4829 795 4869 nec
824 4815 1106 4886 polluitur
1125 4817 1152 4871 ‘?
1176 4818 1439 4876 Permisit
1464 4825 1665 4877 autem
1695 4822 1847 4877 Deus
1865 4823 2114 4895 malum,

465 4902 543 4958 ad
566 4902 910 4959 exercitium
927 4905 1263 4961 hominum.
1290 4909 1503 4965 Verum
1523 4910 1751 4967 malum
1778 4911 1922 4967 illud
1954 4913 2115 4969 obte-

462 4990 780 5048 nebratum
799 4996 855 5047 et
879 4999 1239 5050 occaecatum
1268 5001 1371 5061 est,
1399 5012 1508 5053 nec
1530 5003 1725 5069 potest
1744 5001 1939 5057 videre
1960 5004 2112 5074 puri-

463 5086 646 5138 tatem
677 5086 730 5137 et
778 5083 1215 5153 simplicitatem
1274 5087 1393 5142 Dei.
1452 5088 1509 5143 Si
1553 5105 1692 5145 vero
1740 5092 1878 5162 quis
1929 5092 2107 5161 dicat,

459 5170 774 5243 proprium
799 5171 995 5228 locum
1026 5174 1245 5230 habere
1280 5177 1582 5243 Satanam,
1618 5182 1929 5251 proprium
1956 5199 2109 5255 quo-

457 5275 577 5332 que
624 5260 831 5325 Deum,
882 5263 1402 5336 circumscriptum
1458 5282 1595 5323 eum
1627 5268 1783 5338 facit,
1816 5287 2004 5343 usque
2032 5275 2107 5331 ad

456 5366 597 5406 eum
626 5349 847 5417 locum,
905 5352 1004 5408 ubi
1034 5353 1263 5411 habitat
1293 5358 1578 5429 Nequam.
1624 5360 1940 5424 Quomodo
1967 5378 2107 5435 ergo

453 5438 730 5504 dicimus,
790 5440 1022 5497 bonum
1080 5442 1666 5518 incircumscriptum
1724 5464 1878 5519 esse,
1930 5454 1987 5506 et
2019 5452 2105 5507 in-

526 5653 575 5688 ⁷⁸
602 5651 725 5711 Gal.
753 5654 831 5723 iv,
865 5658 953 5713 26.

2303 4556 2697 4628 Ἀπόκρισις.
2732 4555 2835 4609 Εἰό
2868 4554 3007 4616 ἣλιος
3036 4554 3182 4615 οὗτος
3209 4558 3411 4626 κτίσμα
3439 4558 3527 4621 ὧν,
3557 4555 3839 4629 καταλάμ-

2230 4666 2336 4697 πων
2393 4646 2466 4707 εἰς
2521 4650 2709 4707 τόπους
2763 4641 3134 4720 βορϐορώδεις,
3196 4643 3255 4696 ού
3315 4641 3621 4716 βλάπτεται,
3683 4650 3836 4719 πόσῳ

2227 4734 2416 4807 μᾶλλον
2471 4738 2527 4787 τό
2583 4736 2731 4799 θεῖον,
2790 4737 2940 4786 συνὸν
2994 4742 3065 4804 τῷ
3109 4738 3329 4803 Σατανᾷ,
3383 4735 3499 4786 οὔτε
3544 4735 3831 4807 ῥυποῦται,

2226 4828 2341 4877 οὔτε
2369 4828 2662 4897 μιαίνεται;
2705 4822 2945 4897 ἐπέτρεψε
2986 4820 3044 4875 δὲ
3082 4818 3209 4875 εἶναι
3238 4826 3297 4875 τὸ
3325 4825 3484 4875 κακὸν
3522 4822 3595 4886 εἰς
3632 4843 3835 4896 γυμνα-

2228 4918 2345 4967 σίαν
2393 4923 2490 4967 τῶν
2531 4913 2810 4988 ἀνθρώπων
2837 4928 2851 4942 °
2904 4912 3035 4971 πλὴν
3090 4916 3145 4965 τό
3192 4915 3350 4966 κακὸν
3398 4912 3690 4967 ἐσκότωται
3738 4919 3829 4967 καὶ

2225 5003 2559 5075 τετύφλωται,
2614 5007 2700 5056 καὶ
2759 5002 2817 5055 ού
2876 4998 3097 5054 δύναται
3151 4998 3281 5056 ἰδεῖν
3336 5005 3394 5055 τό
3449 5004 3681 5075 καθαρὸν
3737 5009 3827 5057 καὶ

2222 5092 2401 5145 λεπτὸν
2452 5100 2540 5146 τοῦ
2584 5100 2737 5147 Θεοῦ.
2784 5092 2844 5145 Εἰ
2885 5088 2943 5145 δε
2983 5091 3117 5162 λέγει
3156 5111 3252 5158 τις,
3294 5088 3433 5145 ἴδιον
3476 5096 3633 5145 τόπον
3681 5096 3829 5165 ἔχειν

2219 5185 2305 5234 τὸν
2336 5188 2583 5249 Σατανᾶν,
2616 5187 2703 5235 καὶ
2735 5178 2872 5235 ἴδιον
2919 5184 3005 5233 τὸν
3037 5184 3182 5244 Θεὸν,
3235 5188 3373 5235 ποιεῖ
3400 5180 3555 5234 αὐτὸν
3605 5186 3693 5234 καὶ
3736 5202 3830 5236 πε-

2216 5276 2503 5346 ρίγραπτον
2534 5273 2601 5333 είς
2658 5271 2841 5325 ἐκεῖνον
2890 5274 2976 5324 τὸν
3029 5275 3184 5324 τόπον
3215 5272 3335 5324 ἔνθα
3384 5279 3616 5324 κατοικεί
3645 5274 3673 5325 ό
3724 5279 3827 5326 [lo-

2216 5370 2389 5433 νηρος.
2420 5369 2536 5424 Πῶς
2575 5358 2633 5414 δὲ
2663 5361 2871 5434 λέγομεν
2910 5364 2968 5414 τὸ
2996 5359 3190 5432 ἀγαθόν
3246 5358 3633 5433 ἀπερίγραπτον
3664 5359 3821 5428 εἶναι,

2214 5455 2303 5503 καὶ
2355 5450 2735 5519 ἀκατάληπτον,
2790 5456 2881 5504 καὶ
2935 5453 3002 5505 τὰ
3041 5452 3212 5505 πάντα
3239 5450 3286 5504 έν
3339 5449 3480 5522 αὐτῷ
3526 5447 3677 5517 εἶναι,
3728 5457 3823 5505 καί
