4084 6256
262 308 369 361 525

260 435 334 504 μὴ
365 433 672 504 μιαίνεσθαι
722 434 780 484 τὸ
838 431 1033 505 ἀγαθὸν
1059 433 1158 485 ὑπὸ
1213 439 1305 484 τοῦ
1353 437 1559 499 κακοῦ;
1614 434 1700 488 Μὴ
1742 433 1866 502 γὰρ,

257 518 447 580 ἐπειδὴ
478 522 504 572 6
535 521 754 596 οὐρανὸς
782 526 872 574 καὶ
900 523 925 573 6
966 521 1108 584 ἣλιος
1138 526 1227 573 καὶ
1266 523 1331 573 τὰ
1361 522 1454 592 ὅρη
1506 519 1552 570 ἐν
1585 519 1721 590 αύτῷ
1767 519 1869 571 εἰσι

256 617 331 681 τῷ
374 610 512 681 Θεῷ,
560 615 646 663 καὶ
680 607 752 662 δι’
792 610 953 663 αὐτοῦ
995 614 1299 679 συνέστηκε,
1342 615 1412 683 μὴ
1454 614 1543 661 καὶ
1574 609 1708 660 αῦτὰ
1741 611 1867 671 Θεὸς

256 700 502 772 ἐγένετο;
558 702 635 754 Τὰ
669 697 1121 775 δημιουργήματα
1173 702 1243 763 εἰς
1284 706 1376 759 τὴν
1419 697 1559 752 ἰδίαν
1598 699 1744 761 τάξιν
1784 703 1869 751 πέ-

258 810 485 858 πηκται,
509 791 648 842 καὶὸ
681 787 1004 864 δημιουργὸς
1035 792 1060 843 6
1094 795 1259 843 συνὼν
1290 796 1395 852 τοῖς
1424 793 1707 860 κτίσμασι,
1742 792 1869 849 Θεὸς

263 881 429 931 ἐστιν.

334 986 410 1041 Γ’.
441 985 814 1059 Ἐρώτησις.
857 983 1120 1043 Ἐπειδὴ
1163 988 1191 1044 ἡ
1237 985 1525 1060 ἁμαρτία
1562 1003 1872 1057 μεταμορ-

261 1081 501 1147 φοῦται
533 1075 623 1136 εἰς
661 1075 933 1147 ἄγγελον
975 1078 1199 1148 φωτὸς,
1240 1078 1346 1127 καὶ
1386 1078 1725 1148 παρομοία
1762 1081 1871 1133 τῆς

261 1166 548 1236 χάριτός
588 1162 750 1228 ἐστι,
791 1172 921 1225 πῶς
959 1162 1028 1216 ἂν
1089 1168 1287 1236 νοήσῃ
1333 1165 1357 1215 6
1397 1165 1727 1235 ἄνθρωπος
1766 1163 1872 1221 τὰς

261 1249 630 1325 μεθοδείας
696 1260 806 1306 τοῦ
862 1249 1171 1306 διαϐόλου
1217 1269 1230 1320 ;
1273 1257 1382 1304 καὶ
1437 1260 1558 1312 πῶς
1615 1248 1872 1314 δέξεται

259 1347 370 1395 xui
412 1340 748 1415 διακρινεῖ
784 1345 896 1404 τὰς
934 1351 1048 1405 τῆς
1087 1343 1363 1414 χάριτος
1397 1359 1410 1407 ;

328 1448 736 1523 Ἀπόκρισις.
789 1452 864 1503 Τὰ
893 1456 984 1509 τῆς
1014 1450 1232 1522 χάριτος
1262 1450 1436 1523 χαρὰν
1478 1450 1611 1519 ἔχει,
1667 1445 1872 1520 εἰρήνην

252 1539 395 1608 ἔχει,
453 1536 662 1609 ἀγάπην
711 1539 846 1609 ἔχει,
911 1536 1154 1595 ἀλήθειαν
1208 1539 1341 1608 ἔχει.
1378 1535 1515 1592 Αῦτη
1568 1536 1598 1593 ἡ
1657 1534 1874 1594 ἀλήθεια

253 1625 548 1698 ἀναγκάζει
609 1630 695 1678 τὸν
746 1627 1014 1699 ἄνθρωπον
1061 1624 1308 1683 ἀλήθειαν
1356 1625 1618 1684 ἐπιζητεῖν
1654 1645 1665 1657 -
1700 1626 1765 1676 τὰ
1814 1621 1872 1677 δὲ

249 1723 349 1777 τῆς
406 1715 663 1791 ἁμαρτίας
708 1712 824 1773 εἴδη
882 1718 997 1767 ἐστὶ
1040 1717 1420 1787 τεταραγμένα,
1470 1718 1560 1766 xui
1607 1714 1701 1765 οὐκ
1756 1717 1869 1785 ἔχει

251 1803 466 1876 ἀγάπην
507 1808 597 1856 καὶ
637 1807 811 1877 χαρὰν
851 1807 986 1879 πρὸς
1024 1806 1110 1855 τὸν
1151 1808 1295 1856 Θεόν.
1348 1802 1546 1875 Ὠσπερ
1586 1808 1687 1876 γάρ
1727 1801 1868 1855 ἐστιν

251 1895 282 1951 ἡ
317 1896 502 1963 πικρὶς
534 1894 690 1965 ὁμοία
728 1901 823 1955 τῆς
875 1890 1150 1965 θρίδακος,
1194 1896 1252 1944 τὸ
1283 1895 1374 1963 μὲν
1408 1892 1456 1944 ἓν
1502 1891 1687 1961 γλυκὺ,
1720 1895 1778 1943 τὸ
1811 1888 1869 1943 δὲ

250 1982 300 2034 ἓν
328 1987 515 2057 πικρόν
550 2004 563 2015 ·
594 1986 684 2035 xui
715 1984 763 2034 ἑν
796 1981 928 2054 αὐτῇ
963 1979 1022 2034 δε
1054 1989 1117 2053 τῇ
1154 1984 1344 2055 χάριτί
1375 1981 1521 2033 ἐστιν
1558 1981 1712 2052 ὃμοια
1742 1980 1870 2038 ἀλη-

248 2073 409 2137 θείας,
450 2076 541 2123 καὶ
574 2074 718 2124 ἔστιν
747 2071 879 2130 αύτὴ
910 2072 940 2129 ἡ
981 2072 1280 2132 ὑπόστασις
1310 2078 1408 2130 τῆς
1439 2068 1706 2131 ἀληθείας.
1746 2071 1869 2122 Οἶόν

244 2163 389 2213 ἔστιν
419 2162 450 2219 ἠ
482 2160 617 2231 αὐγὴ
651 2166 743 2213 τοῦ
772 2160 942 2226 ἡλίου,
972 2164 1062 2213 καὶ
1096 2160 1248 2221 αὐτὸς
1283 2162 1307 2211 6
1350 2158 1557 2227 κύκλος,
1586 2163 1671 2211 xui
1704 2158 1869 2220 ἄλλως

242 2251 275 2308 ἡ
305 2250 443 2321 αὐγὴ
494 2254 683 2323 φαίνει,
732 2253 823 2302 καὶ
874 2249 1037 2310 οἴλλως
1091 2252 1148 2301 τό
1180 2257 1306 2321 φῶς,
1360 2252 1415 2301 τὸ
1462 2247 1795 2321 ἀποκείμενον
1822 2248 1869 2301 ἐν

249 2348 323 2411 τῷ
353 2338 546 2411 κύκλῳ.
589 2338 744 2393 Ἔστι
772 2339 967 2411 λύχνος
1007 2338 1183 2391 ἄπτων
1215 2339 1285 2400 εἰς
1341 2337 1481 2390 οἶκον
1521 2356 1533 2367 ·
1568 2337 1697 2396 ἄλλη
1730 2336 1868 2391 ἐστὶν

246 2432 278 2487 ἡ
310 2429 447 2501 αῦγή
482 2430 511 2487 ἡ
545 2435 823 2501 πανταχοῦ
866 2428 1170 2499 λάμπουσα,
1219 2432 1312 2479 καὶ
1352 2427 1477 2479 ἄλλο
1503 2426 1616 2479 ἐστὶ
1660 2431 1715 2479 τὸ
1742 2436 1866 2499 φῶς,

247 2522 306 2571 τὸ
360 2517 409 2570 ἐν
465 2521 605 2589 αύτῷ
662 2526 733 2589 τῷ
781 2517 980 2589 λύχνῳ,
1034 2516 1402 2590 λαμπρότερον
1456 2521 1544 2569 καὶ
1597 2514 1870 2591 φαιδρότε·

245 2626 356 2679 ρον.
417 2607 601 2669 Ούτως
652 2606 769 2660 ἔστί
819 2626 936 2659 τινα
994 2614 1083 2667 τῆς
1148 2607 1407 2679 χάριτος,
1474 2608 1557 2658 ὅτε
1614 2607 1870 2678 μακρόθεν

246 2696 411 2749 αὐτοῦ
441 2699 508 2759 ὡς
552 2697 762 2769 ὁράσεις
791 2697 937 2757 τινὰς
968 2693 1147 2767 ⁸Βλέπει
1179 2696 1203 2746 ό
1236 2696 1300 2747 ἄν
1316 2697 1537 2767 θρωπος,
1567 2700 1657 2746 καὶ
1686 2700 1867 2769 χαίρει

250 2784 324 2845 εἰς
359 2784 520 2847 αὐτὰς
548 2788 642 2845 τὰς
686 2784 914 2857 ὁράσεις,
946 2788 1038 2837 καὶ
1091 2786 1242 2836 ἔστιν
1290 2784 1460 2850 ἄλλος,
1504 2786 1587 2837 ὅτε
1635 2784 1867 2857 εἰσέρχε-

247 2893 334 2926 ται
363 2874 432 2936 εἰς
473 2878 625 2927 αὑτὸν
657 2876 686 2932 ἠ
734 2870 955 2945 δύναμις
1012 2880 1106 2926 τοῦ
1143 2879 1301 2939 Θεοῦ,
1347 2877 1431 2925 xui
1460 2877 1677 2945 κατέχει
1707 2873 1866 2925 αὐτοῦ

248 2966 317 3015 τὰ
348 2963 474 3035 μελη
515 2968 607 3016 xui
642 2967 732 3022 τὴν
762 2960 1012 3037 καρδίαν,
1058 2967 1152 3015 καὶ
1210 2962 1595 3036 αἰχμαλωτίζει
1627 2966 1710 3015 τόν
1748 2970 1865 3015 νοῦν

256 3052 331 3112 εἰς
383 3051 587 3122 ἀγάπην
636 3060 786 3106 Θεοῦ.
840 3051 967 3105 ’Ὀτε
1015 3055 1105 3104 τὸν
1161 3056 1352 3125 Πέτρον
1406 3050 1724 3124 ἐκράτησαν,
1775 3057 1864 3103 καὶ

257 3137 438 3192 ἔϐαλον
488 3139 553 3201 εἰς
611 3140 859 3213 φυλακὴν,
901 3143 969 3203 ὣς
1011 3138 1060 3193 δ’
1114 3138 1175 3199 ἧν
1225 3140 1663 3213 ἐγκεκλεισμένος,
1715 3137 1863 3199 ἦλθεν

258 3228 499 3301 ἄγγελος,
552 3235 640 3282 xui
693 3230 870 3304 ἔρρηξε
907 3233 971 3283 τὰ
1023 3226 1198 3303 δεσμὰ
1262 3230 1444 3296 αὐτοῦ,
1499 3234 1587 3282 καὶ
1636 3229 1863 3293 ἐξέϐαλεν

259 3318 439 3384 αὐτὸν,
494 3324 586 3371 καὶ
642 3319 799 3380 αὐτὸς
850 3321 1024 3393 ὥσπερ
1081 3322 1128 3372 ἓν
1184 3318 1435 3373 ἐκστάσει
1486 3320 1573 3386 ὡν,
1634 3319 1862 3391 ἐνόμιζεν

260 3408 439 3480 ὅραμα
469 3403 619 3459 εἶναι.

331 3513 404 3566 Δ¹.
439 3513 798 3585 Ἐρώτησις
829 3535 841 3549 ο
885 3520 1002 3568 Καὶ
1039 3524 1169 3577 πῶς
1207 3520 1569 3569 πίπτουσιν
1609 3518 1667 3569 οἱ
1707 3518 1863 3589 ἐνερ-

251 3604 574 3675 γούμενοι
612 3604 734 3656 ὑπὸ
772 3606 1053 3680 χάριτος
1092 3613 1305 3674 Θεοῦ;

322 3731 729 3801 Ἀπόκρισις.
773 3729 932 3783 Atii-oi
972 3732 1020 3782 οἱ
1048 3730 1297 3803 λογισμοὶ
1352 3734 1400 3783 οἱ
1440 3733 1661 3804 καθαροὶ
1708 3734 1755 3785 ὲν
1796 3740 1855 3805 τῇ

252 3813 370 3891 ἰδίᾳ
418 3820 569 3890 φύσει
596 3816 959 3871 ὀλισθαίνουσι
990 3824 1079 3871 xui
1123 3825 1429 3877 πίττουσιν,
1463 3820 1723 3896 ’Ἀρχεται
1758 3825 1858 3895 γὰρ

249 3904 577 3978 ἐπαίρεσθαι,
612 3912 960 3982 κατακρίνειν,
993 3912 1083 3961 καὶ
1113 3908 1273 3981 λέγειν
1313 3927 1324 3939 ·
1361 3918 1391 3962 Σ
1414 3914 1443 3961 ύ
1485 3910 1819 3984 ἁμαρτωλό
1840 3933 1860 3973 ς

249 3991 323 4061 εἶ,
360 3998 501 4068 ἔχειν
551 3993 602 4049 δ’
652 3996 832 4049 ἑαυτὸν
883 3994 1092 4049 δίκαιον
1126 4019 1137 4031 ·
1197 3998 1291 4050 οὐκ
1350 3996 1503 4061 οἶδας
1558 4005 1610 4052 τί
1664 4001 1791 4072 λίγει
1832 4003 1856 4051 ό

250 4081 733 4151 Παῦλος;Ἐδόθη
776 4105 884 4157 μοι
926 4086 1169 4158 σκόλοψ
1211 4095 1281 4158 τῇ
1328 4092 1544 4156 σαρκὶ,
1587 4089 1856 4161 ἄγγελος

245 4176 469 4239 Σατὰν,
506 4174 605 4226 ἱνα
643 4193 717 4247 με
754 4174 1099 4249 κολαφίζῃ,
1135 4177 1235 4227 ἵνα
1264 4180 1342 4249 μὴ
1383 4179 1853 4251 ὑπεραίρωμαι.

242 4268 400 4334 Ἔχει
428 4264 530 4336 γὰρ
562 4264 592 4321 ἡ
622 4265 831 4335 καθαρὰ
865 4266 1022 4337 φύσις
1048 4268 1103 4317 τὸ
1136 4266 1539 4339 ύπεραίρεσθαι,

1558 303 1895 361 HOMIleE.

1928 338 1996 349 -—
2032 310 2204 369 HOM.
2249 314 2373 372 VII.
3516 318 3620 374 526

1903 433 1948 485 A
1982 440 2545 511 comprehensibile,
2592 443 2649 497 et
2677 438 2881 497 omnia
2931 440 2992 495 in
3024 454 3095 496 eo
3133 454 3285 507 esse,
3318 456 3427 498 nec
3473 442 3635 501 inﬁci

1980 525 2210 584 bonum
2241 545 2277 584 a
2307 529 2467 585 malo
2497 530 2525 585 ‘I
2555 529 2832 601 Nunquid
2859 528 3039 598 enim,
3073 528 3373 601 siquidem
3396 531 3632 599 coelum,

1981 621 2036 671 et
2080 617 2189 683 sol,
2241 624 2296 674 et
2342 625 2578 674 montes
2625 619 2684 674 in
2727 618 2846 674 Deo
2894 620 3025 690 ipso
3078 618 3196 673 sint
3236 634 3305 675 ac
3350 634 3455 692 per
3496 635 3635 678 eum

1980 706 2329 771 consistant,
2356 714 2410 762 et
2423 707 2556 779 ipsa
2574 713 2714 763 sunt
2737 710 2887 763 Deus
2903 708 2931 763 ‘I
2954 706 3203 779 Opiﬁcia
3220 708 3501 781 qualibet
3521 725 3634 766 suo

1981 795 2189 851 ordine
2236 800 2575 853 constructa
2605 801 2761 860 sunt,
2810 800 2864 852 et
2894 795 3114 867 opifex,
3158 797 3262 869 qui
3291 797 3403 853 illis
3444 797 3635 866 adest,

1985 886 2136 939 Deus
2166 889 2278 949 est,

2054 993 2171 1063 3o
2203 993 2291 1046 III.
2316 992 2736 1062 Interrogatio.
2766 995 2911 1049 Cum
2924 998 3233 1063 peccatum
3265 993 3328 1049 in
3351 994 3634 1065 angelum

1985 1083 2131 1137 lucis
2161 1083 2645 1151 trans/“armetur,
2680 1090 2731 1138 et
2755 1083 2948 1138 simile
2971 1082 3044 1137 sit
3064 1083 3295 1152 gratia,
3318 1098 3432 1154 quo
3458 1090 3635 1153 pacto

1982 1176 2288 1241 cognoscet
2319 1169 2489 1225 homo
2510 1170 2761 1227 insidias
2786 1170 3012 1227 diaboli
3041 1172 3069 1224 2‘
3094 1176 3147 1226 et
3167 1186 3280 1243 quo
3306 1177 3482 1240 pacto
3507 1187 3630 1228 sus-

1984 1260 2158 1328 cipiet
2182 1264 2235 1316 et
2263 1259 2557 1315 discernet
2584 1260 2820 1316 semitas
2846 1260 3060 1330 gratiae
3091 1258 3119 1314 Ὺ

2054 1454 2397 1523 Responsio.
2458 1456 2537 1511 Ea
2593 1470 2729 1527 quae
2783 1457 2921 1510 sunt
2977 1454 3202 1525 gratiae,
3262 1453 3440 1526 plena
3493 1458 3632 1511 sunt

1982 1540 2213 1606 laetitiae,
2244 1542 2431 1613 pacis,
2460 1542 2789 1599 dilectionis
2811 1548 2867 1599 et
2893 1543 3172 1599 veritatis.
3202 1545 3403 1599 Hiecce
3422 1542 3636 1600 veritas

1983 1630 2231 1701 impellit
2256 1631 2562 1687 hominem
2598 1632 2675 1687 ad
2706 1631 3131 1703 inquirendam
3157 1631 3487 1689 veritatem.
3522 1631 3634 1688 Sed

1980 1720 2207 1790 peccati
2240 1720 2467 1791 species
2511 1725 2648 1775 sunt
2681 1720 3051 1787 turbulentae,
3086 1736 3194 1776 nec
3233 1720 3501 1777 laetitiam
3532 1725 3636 1776 aut

1899 1786 1942 1840 Β
1980 1786 2359 1864 dilectionem
2404 1823 2543 1878 erga
2586 1810 2768 1864 Deum
2820 1809 3063 1865 habent.
3108 1808 3635 1874 Quemadmodum

1980 1898 2137 1952 enim
2154 1896 2397 1969 inlybus
2422 1897 2634 1953 similis
2656 1902 2746 1954 est
2772 1898 3050 1955 lactucae:
3076 1898 3206 1954 haec
3229 1897 3474 1969 quidem
3501 1897 3636 1952 dul-

1980 1986 2086 2051 cis,
2119 1986 2218 2041 illa
2242 2001 2384 2041 vero
2407 2001 2616 2042 amara
2644 2003 2657 2041 :
2692 1988 2752 2041 in
2779 1987 2910 2058 ipsa
2939 1987 3119 2043 etiam
3148 1987 3339 2058 gratia
3364 1986 3634 2056 quadam

1982 2074 2199 2130 similia
2221 2080 2359 2129 sunt
2374 2075 2659 2143 veritatis,
2680 2080 2733 2130 et
2753 2075 3001 2147 quidem
3021 2075 3157 2146 ipsa
3183 2080 3271 2130 est
3292 2074 3635 2131 substantia

1982 2163 2265 2219 veritatis.
2335 2164 2521 2219 Veluti
2574 2170 2664 2220 est
2716 2164 2999 2236 splendor
3053 2164 3197 2219 solis
3265 2168 3319 2220 et
3378 2163 3633 2219 circulus

1980 2253 2129 2324 ipse,
2171 2257 2224 2308 et
2272 2253 2441 2309 aliter
2483 2252 2767 2323 Splendor
2807 2256 3075 2324 apparet,
3117 2253 3282 2309 aliter
3322 2251 3528 2307 lumen
3572 2252 3633 2308 in

1980 2342 2197 2397 circulo
2242 2342 2593 2413 repositum.
2629 2342 2711 2399 Sit
2758 2342 3002 2398 lucerna
3032 2343 3091 2398 in
3119 2341 3323 2406 domo,
3366 2340 3517 2397 alius
3546 2345 3635 2397 est

1982 2430 2263 2503 splendor
2309 2430 2535 2501 ubique
2577 2430 2897 2499 refulgens,
2947 2434 3003 2487 et
3033 2429 3196 2486 aliud
3222 2436 3309 2486 est
3336 2430 3540 2486 lumen
3570 2430 3631 2486 in

1980 2520 2111 2589 ipsa
2156 2518 2401 2575 lucerna
2446 2519 2819 2590 splendidius
2863 2523 2919 2574 et
2964 2517 3318 2590 elegantius.
3356 2519 3446 2575 Sic
3496 2523 3633 2574 sunt

1980 2608 2283 2680 quaedam,
2311 2624 2446 2681 quae
2469 2624 2504 2664 a
2530 2607 2721 2677 gratia
2748 2611 3032 2663 manant:
3061 2607 3310 2681 quando
3330 2622 3401 2663 ea
3422 2606 3633 2678 procul

1978 2714 2014 2754 a
2045 2714 2125 2763 se,
2157 2702 2447 2770 tanquam
2478 2698 2737 2752 visiones
2770 2696 3093 2768 quasdam,
3126 2683 3629 2759 intuetur'homo,

1978 2802 2187 2843 eorum
2208 2787 2536 2842 visionibus
2566 2786 2895 2841 delectatur
2920 2790 2974 2841 et
3000 2786 3065 2840 ﬁt
3094 2785 3267 2851 alius,
3290 2785 3540 2857 quando
3571 2783 3632 2840 in

1978 2890 2114 2930 eum
2142 2874 2415 2944 ingressa
2442 2874 2708 2945 potentia
2736 2874 2853 2940 Dei,
2886 2873 3106 2931 detinet
3132 2873 3406 2930 membra
3435 2879 3490 2929 et
3530 2888 3633 2929 cor

1976 2964 2128 3035 ejus,
2159 2980 2229 3019 ac
2258 2964 2559 3035 captivam
2580 2963 2735 3019 illius
2763 2968 3022 3019 mentem
3062 2962 3255 3020 reddit
3279 2962 3338 3018 in
3363 2977 3633 3019 amorem

1979 3054 2096 3110 Dei.
2128 3053 2384 3118 Quando
2416 3055 2649 3107 Petrum
2694 3051 3198 3122 comprehensum
3230 3051 3289 3106 in
3331 3066 3632 3107 carcerem

1909 3134 1948 3189 C
1975 3143 2374 3209 detruserunt,
2423 3156 2683 3212 cumque
2731 3156 2932 3196 carcer
2970 3144 3123 3197 esset
3169 3140 3430 3206 clausus,
3473 3139 3633 3194 venit

1975 3230 2244 3300 angelus,
2280 3237 2334 3286 et
2360 3229 2614 3286 effractis
2635 3229 2887 3284 vinculis
2917 3230 2967 3301 ej
2982 3246 3047 3284 us
3076 3228 3281 3284 eduxit
3304 3243 3467 3294 eum,
3498 3228 3629 3299 ipse

1972 3335 2114 3376 vero
2142 3325 2429 3392 tanquam
2457 3319 2517 3373 in
2539 3334 2786 3374 excessu
2813 3317 3026 3374 mentis
3047 3317 3423 3383 constitutus,
3454 3315 3630 3372 visio-

1973 3425 2112 3464 nem
2145 3408 2397 3479 putabat
2426 3424 2555 3463 csse
2593 3409 2664 3462 "'9.

2044 3519 2129 3571 ιν.
2144 3515 2562 3586 Interrogatio.
2588 3513 2964 3585 Atquomodo
2978 3513 3221 3581 cadunt,
3241 3513 3345 3586 qui
3368 3527 3405 3570 a
3427 3511 3628 3584 gratia

1970 3606 2079 3662 Dei
2105 3604 2457 3675 diriguntur
2483 3612 2509 3659 τ

2040 3729 2381 3800 Responsio.
2430 3729 2581 3800 Ipsae
2625 3728 3011 3800 cogitationes
3061 3741 3228 3799 purae
3276 3726 3339 3782 in
3382 3725 3626 3799 propria

1969 3825 2184 3875 natura
2230 3818 2516 3873 labuntur
2559 3832 2628 3872 ac
2668 3816 2911 3872 cadunt.
2964 3815 3172 3886 Incipit
3226 3815 3385 3870 enim
3440 3814 3622 3870 homo

1969 3908 2186 3971 extolli,
2231 3906 2521 3977 judicare,
2554 3922 2625 3961 ac
2668 3905 2906 3961 dicere:
2964 3906 3049 3959 Tu
3082 3910 3360 3974 peccator
3404 3918 3484 3969 es,
3530 3919 3625 3959 se-

1970 3997 2170 4068 ipsum
2192 3994 2910 4067 verojustumaastimare.
2937 3993 3155 4057 Nescis,
3181 3991 3622 4064 quidloquatur

1969 4085 2183 4142 Paulus
2210 4086 2237 4142 ?
2261 4087 2445 4140 Datus
2468 4092 2550 4139 est
2577 4083 2726 4139 mihi
2751 4084 2993 4139 aculeus
3018 4083 3207 4152 carni,
3238 4080 3490 4150 angelus
3510 4080 3620 4136 Sa-

1968 4180 2144 4244 tanae,
2168 4181 2231 4229 ut
2257 4189 2346 4229 me
2373 4172 2645 4241 colaphis
2673 4172 2879 4237 caedat,
2911 4186 2985 4227 ne
3006 4185 3193 4241 supra
3214 4169 3453 4225 modum
3485 4168 3619 4238 e/fe-

1968 4280 2075 4321 rar
2121 4264 2182 4318 8°.
2243 4262 2425 4318 Habet
2473 4261 2635 4317 enim
2687 4276 2840 4332 pura
2890 4275 3132 4333 quoque
3176 4264 3393 4315 natura
3436 4258 3498 4313 in
3553 4272 3617 4314 se

1966 4352 2297 4427 quamdam
2328 4349 2690 4423 superbiam.

314 4456 386 4511 E'.
424 4457 806 4529 Ἐρώτησις.
842 4459 910 4513 Εἰ
941 4456 1222 4513 δύναταί
1251 4481 1351 4523 τις
1381 4457 1495 4513 διὰ
1524 4469 1633 4514 τοῦ
1664 4466 1854 4536 φωτὸς

2038 4462 2099 4519 V.
2131 4457 2547 4528 Interrogatio.
2574 4457 2782 4513 Utrum
2797 4456 2928 4526 quis
2941 4469 3049 4525 per
3063 4456 3261 4511 lumen
3275 4453 3617 4525 conspicere

246 4543 420 4599 ἰδεῖν
482 4551 593 4606 τὴν
656 4547 887 4600 ἑαυτοῦ
944 4548 1187 4620 ψυχὴν,
1252 4546 1477 4607 ἐπειδή
1538 4571 1707 4612 τινες
1744 4557 1854 4611 τὴν

248 4632 669 4707 ἀποκάλυψιν
757 4635 1127 4712 ἀναιροῦσι,
1209 4644 1315 4691 xui
1396 4638 1680 4709 λέγουσι,
1747 4638 1859 4694 διὰ

253 4726 552 4793 γνώσεως
585 4730 693 4778 καὶ
733 4725 1106 4789 αἰσθήσεως
1147 4725 1316 4780 εἶναι
1354 4732 1470 4787 τὴν
1510 4730 1782 4803 ὅρασιν;

315 4847 729 4926 Ἀπόκρισις.
773 4851 950 4906 Ἔστιν
988 4856 1255 4922 αἴσθησις,
1309 4859 1398 4907 καὶ
1451 4858 1590 4908 ἔστιν
1648 4858 1849 4929 ὅρασις,

234 4942 330 4989 xui
373 4940 486 4990 ἔστι
527 4945 821 5013 φωτισμός.
867 4946 967 4995 Καὶ
1008 4942 1157 5006 οὗτος
1196 4945 1220 4995 6
1261 4946 1396 5015 ἔχων
1435 4947 1518 4997 τόν
1560 4951 1845 5019 φωτισμόν,

239 5026 438 5100 μείζων
490 5026 605 5082 ἐστὶ
658 5036 750 5083 τοῦ
802 5032 1015 5103 ἔχοντος
1076 5037 1171 5090 τὴν
1221 5034 1489 5091 αἷσθησιν.
1551 5034 1845 5107 Ἐφωτίσθη

232 5118 339 5191 γὰρ
383 5117 407 5167 6
472 5124 589 5180 νοῦς
634 5119 815 5185 αὐτοῦ,
854 5123 922 5182 ὡς
960 5122 1039 5174 ὅτι
1078 5118 1272 5194 μερίδα
1304 5126 1419 5175 τινὰ
1451 5124 1665 5195 μείζονα
1703 5125 1847 5179 ἔλαϐε

236 5208 385 5281 παρὰ
417 5209 505 5258 τὸν
534 5212 630 5265 τὴν
658 5210 910 5267 αἴσθησιν
941 5213 1154 5282 ἔχοντα,
1203 5209 1383 5269 ἐπειδὴ
1428 5208 1561 5265 εἶδεν
1594 5212 1644 5265 ἓν
1675 5213 1842 5285 ἑαυτῷ

234 5314 354 5348 τινα
407 5295 764 5373 πληροφορίαν
814 5300 1064 5371 όράσεων.
1116 5300 1255 5358 Πλὴν
1299 5301 1420 5353 ἄλλο
1460 5300 1598 5354 ἐστὶν
1648 5301 1844 5355 ἀποκά-

231 5383 410 5455 λυψις,
471 5387 555 5438 ὅτε
626 5388 919 5460 πράγματα
969 5387 1172 5461 μεγάλα
1229 5393 1319 5441 xui
1380 5394 1649 5465 μυστήρια
1707 5397 1840 5444 Θεοῦ

231 5471 658 5529 ἀποκαλύπτεται
689 5484 751 5549 τῇ
785 5476 940 5549 ψυχῇ
952 5519 964 5532 .

301 5692 351 5726 το
378 5690 510 5748 Act.
544 5704 641 5759 xn,
674 5692 727 5749 3.
762 5690 876 5746 8.⁸⁰
901 5690 946 5747 II
975 5692 1105 5749 Cor.
1138 5705 1242 5757 xu,
1273 5692 1326 5747 7.

1964 4564 2134 4607 suam
2159 4550 2345 4619 ipsius
2358 4549 2620 4604 animam
2632 4551 2846 4617 potest,
2869 4544 3347 4617 quandoquidem
3368 4544 3613 4615 quidam

1966 4639 2385 4696 reuelationem
2427 4638 2671 4705 tollunt,
2702 4636 2977 4702 dicentes,
2996 4650 3106 4705 per
3134 4634 3527 4705 cognitionem
3558 4638 3614 4689 et

1966 4744 2197 4786 sensum
2223 4727 2355 4796 ﬁeri
2380 4726 2661 4783 visionem
2686 4725 2713 4781 ‘l

2035 4854 2374 4923 Responsio.
2411 4855 2509 4907 Est
2540 4867 2775 4917 sensus,
2806 4853 2859 4906 et
2883 4852 2968 4906 est
2998 4849 3167 4915 visio,
3201 4851 3257 4905 et
3287 4851 3374 4904 est
3397 4845 3612 4903 illumi-

1961 4944 2157 4999 natio:
2192 4949 2371 5013 atque
2399 4942 2499 5013 qui
2528 4940 2894 4996 illuminatus
2921 4944 3027 5005 est,
3060 4938 3255 5009 major
3280 4944 3390 5004 est,
3422 4952 3609 5010 quam

1960 5033 2061 5105 qui
2085 5032 2268 5087 habet
2288 5045 2531 5086 sensum
2559 5045 2571 5084 :
2607 5028 2942 5084 illuminata
2963 5033 3050 5083 est
3070 5028 3229 5083 enim
3255 5041 3423 5082 mens
3453 5026 3605 5097 ejus,

1956 5122 2181 5194 quippe
2212 5119 2318 5190 qui
2349 5120 2639 5189 majorem
2684 5122 2914 5188 partem
2948 5115 3259 5189 acceperit,
3286 5131 3472 5188 quam
3503 5114 3607 5186 qui

1955 5226 2203 5266 sensum
2234 5207 2436 5263 habet.
2472 5207 2775 5278 Siquidem
2806 5204 2967 5261 videt
3003 5205 3062 5261 in
3096 5221 3161 5260 se
3189 5204 3605 5261 certitudinem

1951 5299 2285 5372 quamdam
2317 5297 2640 5353 visionum.
2676 5298 3095 5351 Verumtamen
3126 5294 3295 5351 aliud
3324 5298 3412 5350 est
3442 5308 3604 5349 reve-

1948 5388 2111 5455 latio,
2143 5386 2389 5459 quando
2419 5401 2514 5441 res
2548 5399 2786 5454 magnae
2815 5388 2872 5440 et
2901 5399 3137 5439 arcanae
3167 5381 3490 5440 divinitatis
3516 5395 3601 5435 re-

1953 5476 2228 5533 velantur
2259 5475 2497 5531 animai.
