4084 6256
461 278 562 329 527

527 399 617 453 VI.
647 397 1068 467 Interrogatio.
1101 396 1309 453 Utrum
1340 394 1498 451 videt
1518 394 1647 466 quis
1670 408 1780 465 per
1799 393 2113 450 revelatio-
2147 392 2194 446 Α

457 504 588 544 nem
620 495 672 543 et
701 487 895 542 lumen
927 485 1196 540 divinum
1227 485 1490 540 animam
1517 485 1544 538 ?

534 596 643 666 31
675 593 1008 663 Responsio.
1028 591 1550 657 Quemadmodum
1577 590 1730 646 oculi
1750 589 1938 644 nostri
1962 588 2117 660 aspi-

461 685 623 739 ciunt
678 683 912 738 solem:
965 681 1048 736 sic
1093 686 1147 735 et
1194 679 1506 734 illuminati
1553 679 1756 734 vident
1787 679 2116 748 imaginem

463 774 704 837 animas,
739 773 840 826 sed
871 772 1024 827 hanc
1053 770 1227 841 pauci
1262 769 1465 824 vident
1497 769 1828 824 Christiani.

539 951 656 1007 VII.
680 950 1100 1019 Interrogatio.
1138 949 1350 1005 Utrum
1378 946 1550 1002 habet
1578 946 1781 1002 anima
1800 945 2066 1012 formam
2090 944 2118 1000 εἰ

535 1038 876 1107 Responsio.
911 1038 1096 1093 Habet
1125 1037 1381 1092 formam
1413 1041 1469 1090 et
1502 1036 1826 1103 imaginem
1862 1033 2117 1088 similem

465 1130 698 1198 angelo.
727 1128 886 1184 Sicut
907 1128 1066 1182 enim
1091 1126 1285 1195 angeli
1309 1125 1532 1181 habent
1551 1124 1875 1193 imaginem
1909 1139 1978 1178 ac
2005 1123 2120 1179 for-

466 1232 651 1278 mam,
683 1219 739 1271 et
761 1216 911 1270 sicut
938 1216 1189 1271 exterior
1212 1215 1396 1270 homo
1426 1213 1952 1282 habetimaginem
1987 1229 1998 1267 :
2035 1213 2121 1267 sic

466 1310 524 1360 et
543 1305 784 1360 interior
807 1305 990 1361 habet
1017 1304 1270 1360 similem
1295 1304 1509 1373 angelo
1529 1307 1583 1358 et
1608 1303 1869 1358 interiori
1893 1302 2122 1358 homini

466 1394 818 1462 imaginem.

538 1503 675 1554 VIII.
702 1499 1122 1571 Interrogatio.
1182 1500 1386 1556 Utrum
1415 1499 1586 1556 aliud
1624 1504 1706 1556 est
1736 1514 1918 1564 mens,
1952 1498 2125 1556 aliud

475 1589 680 1646 anima
711 1590 739 1645 ?

542 1697 882 1764 Responsio.
935 1696 1457 1760 Quemadmodum
1509 1696 1774 1766 corporis
1827 1695 2118 1758 membra,
2153 1713 2190 1767 Β

471 1784 659 1840 multa
686 1800 822 1839 cum
843 1784 978 1848 sint,
1011 1801 1163 1839 unus
1194 1785 1377 1840 homo
1404 1785 1684 1840 dicuntur
1709 1805 1719 1842 :
1751 1784 1828 1838 ita
1851 1789 1905 1838 et
1938 1799 2122 1839 mem-

468 1874 578 1929 bra
592 1874 808 1928 animas
829 1878 969 1928 sunt
985 1874 1194 1938 multa,
1211 1890 1399 1939 mons,
1419 1875 1801 1940 conscientia,
1822 1873 2118 1937 voluntas,

469 1961 860 2032 cogitationes
885 1971 1234 2018 accusantes
1257 1968 1312 2018 et
1333 1963 1746 2018 defendentes:
1775 1978 1977 2016 verum
1993 1963 2121 2016 haec

470 2051 676 2106 omnia
699 2051 756 2104 in
776 2066 955 2106 unam
986 2053 1273 2106 rationem
1295 2051 1572 2106 devincta
1593 2057 1751 2116 sunt,
1767 2055 1822 2105 et
1851 2052 2122 2106 membra

472 2139 862 2194 nihilominus
889 2144 1027 2193 sunt
1069 2140 1304 2194 animae.
1337 2141 1518 2194 Unica
1549 2144 1746 2194 autem
1780 2144 1867 2193 est
1897 2139 2120 2204 anima,

470 2228 715 2283 interior
741 2228 945 2282 homo.
987 2228 1171 2283 Veluti
1212 2233 1410 2282 autem
1441 2228 1760 2282 exteriores
1803 2227 1957 2282 oculi
1987 2243 2126 2298 pro—

473 2316 734 2388 spiciunt
757 2317 993 2371 eminus
1019 2317 1245 2388 spinas,
1271 2322 1324 2372 et
1349 2316 1675 2388 praecipitia
1692 2333 1760 2371 ac
1782 2317 1986 2371 foveas
2007 2335 2018 2372 :
2042 2316 2124 2371 sic

473 2409 529 2460 et
576 2419 768 2468 mens,
818 2421 952 2458 cum
999 2405 1072 2459 sit
1123 2405 1391 2470 alacrior,
1438 2405 1722 2476 praevidet
1770 2405 2124 2460 adversariae

473 2494 689 2549 animus
715 2495 1025 2566 potestatis
1058 2495 1370 2550 machinas
1401 2499 1457 2549 et
1486 2495 1753 2559 insidias,
1785 2500 1841 2550 et
1869 2510 2124 2565 praemu-

472 2584 836 2638 nitanimam
849 2582 1048 2642 .veluti
1064 2585 1280 2638 animai
1298 2583 1540 2638 oeculus
1553 2584 2124 2639 exsistens.Gloriam

474 2686 616 2738 ergo
648 2671 974 2726 referamus
1025 2674 1196 2735 Patri,
1229 2677 1281 2728 et
1313 2672 1471 2738 Filio,
1523 2677 1577 2728 et
1607 2673 1844 2744 Spiritui
1895 2678 2124 2737 sancto,

475 2759 536 2814 iu
568 2759 785 2815 saecula
826 2759 1205 2815 saeculorum.
1240 2766 1451 2816 Amen.

1078 2869 1363 2924 HOMILIA
1394 2869 1527 2922 VIII.

477 2971 560 3027 De
589 2972 680 3027 his
701 2988 831 3043 qua?
862 2976 1220 3043 contingunt
1243 2975 1601 3030 Christianis
1628 2976 1787 3030 inter
1806 2976 2122 3041 orandum,

549 3051 602 3099 et
633 3029 724 3099 de.
745 3046 1033 3115 gradibus
1061 3029 1478 3115 perfectionis,
1503 3051 1702 3101 utrum
1729 3029 2128 3103 angit-ima
2165 3061 2204 3116 ρ
2307 3029 2550 3116 μεταξὺ
2592 3037 2700 3118 τεῦ
2741 3029 2864 3150 εἶχε

549 3118 870 3150 mna-faniam“
889 3118 1138 3150 ηνηιΙιη-νι
1167 3120 1718 3150 «ηοεςιιοωθἰιι›ᾶηηοοιι”ᾼ11
1742 3119 2078 3150 ΙἿΙηοξοΙίηωέ
2098 3120 2124 3150 9
2311 3121 2545 3150 αετοων
2584 3120 2654 3150 τη
2673 3121 2692 3150 ς
2743 3119 2800 3150 τε
2854 3119 2864 3150 Ι

540 3118 870 3187 perfectum
884 3118 1139 3188 gradum
1163 3120 1478 3186 pervenire
1484 3121 1718 3187 possint
1742 3119 2124 3176 Christiani?

548 3295 589 3348 Ι.
645 3294 702 3348 Si
728 3295 1056 3363 ingreditur
1105 3295 1403 3367 quispiam
1436 3295 1514 3351 ad
1556 3295 1918 3351 ﬂectendum
1946 3311 2123 3366 genu,

476 3383 930 3454 quamprimum
963 3399 1063 3438 cor
1113 3385 1242 3454 ejus
1275 3384 1534 3456 repletur
1564 3385 1768 3440 divina
1799 3386 2025 3452 virtute,
2073 3391 2128 3440 et

476 3470 947 3526 exsultatanima
960 3488 1094 3526 cum
1121 3474 1394 3536 Domino,
1415 3479 1470 3527 ut
1487 3490 1707 3544 sponsa
1721 3490 1856 3528 cum
1877 3489 2121 3546 sponso,

477 3558 812 3612 secundum
837 3561 998 3629 quod
1024 3559 1169 3614 dixit
1188 3562 1367 3615 Isaias
1391 3561 1691 3632 pr0pheta,
1712 3562 1914 3616 dicens
1941 3583 1953 3617 :
1979 3563 2126 3630 Quo-

475 3647 649 3701 modo
670 3648 948 3716 gaudebit
968 3663 1215 3717 sponsus
1233 3665 1411 3717 super
1427 3667 1723 3718 sponsam,
1744 3653 1829 3706 sic
1846 3652 2126 3721 gaudebit

474 3735 761 3790 Dominus
783 3752 962 3805 super
993 3741 1044 3792 te
1066 3739 1131 3790 δι.
1167 3739 1463 3807 Contingit
1487 3745 1706 3803 autem,
1729 3740 1905 3812 utqui
1938 3745 2122 3796 totum

474 3823 632 3878 diem
684 3825 932 3893 negotiis
988 3825 1284 3880 districtus
1317 3830 1457 3892 erat,
1493 3843 1612 3883 una
1642 3828 1789 3885 hora
1837 3845 1898 3883 se
1926 3845 2126 3900 preca-

473 3912 614 3967 tioni
646 3912 844 3983 dedat,
881 3918 936 3968 et
963 3915 1202 3969 interior
1235 3915 1419 3970 homo
1450 3916 1526 3970 ad
1559 3918 1889 3973 orationem
1916 3924 1969 3973 et
1996 3919 2124 3974 inﬁ-

469 4001 657 4057 nitam
693 4003 1158 4074 profunditatem
1195 4005 1389 4059 saeculi
1425 4005 1578 4060 illius
1609 4005 1668 4060 in
1702 4007 1888 4064 multa
1921 4009 2120 4064 suavi-

469 4094 585 4146 tate
629 4091 976 4163 abripiatur,
1013 4093 1165 4149 adeo
1195 4099 1255 4148 ut
1283 4100 1402 4149 tota
1443 4094 1570 4164 ejus
1605 4111 1771 4150 mens
1803 4112 2116 4168 suspensa,

467 4184 522 4234 et
546 4179 681 4235 illuc
708 4181 958 4252 abrepta
981 4183 1387 4252 peregrinetur
1414 4200 1425 4248 ;
1457 4189 1635 4254 atque
1658 4189 1718 4240 ut
1741 4184 1835 4240 illo
1857 4190 2121 4257 tempore

465 4268 769 4324 oblivione
846 4272 1207 4343 sepeliantur
1281 4273 1667 4340 cogitationes
1751 4279 2119 4330 terrenarum

464 4372 774 4413 curarum:
811 4367 1123 4431 propterea
1139 4361 1301 4432 quod
1320 4361 1556 4431 repleta:
1573 4362 2119 4431 sintcogitationes,
2157 4380 2198 4432 ι)

465 4452 520 4502 et
553 4449 864 4516 captivataa
888 4450 963 4504 ad
990 4450 1245 4513 divinas,
1273 4451 1347 4505 ad
1372 4451 1661 4514 caelestes,
1689 4453 1764 4506 ad
1783 4451 2044 4508 inﬁnitas
2067 4459 2122 4509 et

465 4535 1099 4607 incomprehensibiles
1147 4555 1263 4604 res,
1327 4540 1404 4594 ad
1465 4541 1759 4596 mirabilia
1814 4543 2116 4613 quaedam,

464 4640 600 4696 quae
613 4625 880 4681 humano
895 4643 994 4681 ore
1013 4627 1294 4698 explicari
1322 4635 1646 4700 nequeunt,
1666 4630 1949 4684 uteadem
1972 4630 2121 4686 hora

463 4718 626 4783 optet
644 4719 701 4767 et
725 4715 903 4779 dicat,
931 4716 1162 4771 Utinam
1187 4716 1362 4772 simul
1391 4718 1727 4786 egrediatur
1754 4719 1958 4775 anima
1981 4737 2115 4775 cum

465 4801 808 4872 precatione
839 4803 850 4857 !

535 4997 600 5051 II.
637 4997 1053 5068 Interrogatio.
1092 5000 1303 5057 Utrum
1331 5015 1559 5071 semper
1591 5009 1863 5072 penetrat
1896 5006 2027 5077 quis
2055 5006 2117 5061 in

465 5086 811 5157 hujusmodi
837 5103 928 5142 res
956 5089 982 5143 ‘I

537 5195 651 5266 32
683 5196 1020 5265 Responsio.
1042 5197 1237 5252 Gratia
1255 5198 1498 5270 quidem
1519 5200 1918 5257 indesinenter
1947 5202 2117 5258 adest

463 5289 519 5339 et
547 5283 813 5340 radicata
829 5289 886 5338 et
909 5287 1228 5341 commista
1256 5306 1291 5342 a
1314 5294 1514 5344 tenera
1535 5294 1724 5355 aetate,
1741 5295 1794 5345 et
1827 5295 2114 5363 tanquam

462 5372 734 5430 naturale
755 5378 810 5429 et
842 5378 1184 5431 concretum
1212 5375 1503 5447 quiddam
1531 5382 1637 5445 est,
1661 5380 1824 5450 quod
1853 5380 2114 5438 adhteret

535 5620 579 5657 ³¹
622 5621 733 5678 Isa.
766 5626 899 5689 uti,
925 5624 978 5678 5.

1744 267 1805 324 S.
1847 262 2150 320 MACARII
2192 261 2503 318 IEGYPTII

3726 264 3833 317 528

2303 387 2372 453 ς’.
2431 387 2809 460 Ἐρώτησις.
2854 385 2925 438 Εἰ
2985 384 3218 457 βλέπει
3257 405 3352 448 τις
3395 382 3479 438 δι’
3509 383 3846 438 ἀποκαλύ-

2227 479 2390 549 ψεως
2426 482 2532 529 καὶ
2570 479 2766 549 φωτὸς
2809 477 3027 527 θεῑκοῦ
3065 479 3183 532 την
3222 475 3495 547 tum»;

2299 568 2709 639 Ἀπόκρισις.
2751 565 2950 636 Ὠσπερ
2985 565 3032 615 οἱ
3081 564 3335 636 ὀφθαλμοὶ
3382 564 3524 616 οὗτοι
3575 562 3848 636 βλέπουσι

2227 660 2312 709 τὸν
2373 656 2538 719 ἣλιον,
2595 656 2728 705 οὕτω
2776 658 2865 705 καὶ
2925 655 2974 705 οἱ
3035 655 3374 725 φωτισθέντες
3426 652 3685 726 βλέπουσι
3745 657 3847 709 τὴν

2228 747 2399 797 εἰκόνα
2437 753 2529 806 τῆς
2552 743 2758 815 ψυχῆς,
2795 742 2922 794 ἀλλά
2947 744 3143 800 ταύτην
3176 742 3340 814 ὀλίγοι
3371 744 3537 816 ὁρῶσι
3576 750 3847 814 Χριστια-

2229 839 2332 892 νοί,

2298 942 2372 996 Z'.
2413 940 2780 1015 Ἐρώτησις.
2820 939 2888 992 Εἰ
2928 940 3071 1011 ἔχει
3110 943 3362 1012 μορφὴν
3403 940 3432 996 ἡ
3492 939 3731 1011 ψυχή;

2300 1033 2357 1084 Ἀ
2374 1051 2412 1083 π
2432 1037 2456 1083 6
2474 1051 2542 1103 κρ
2561 1051 2655 1082 ισι
2673 1052 2713 1092 ς.
2770 1028 2926 1100 Ἐχει
2958 1029 3128 1081 εἰκόνα
3181 1033 3270 1081 καὶ
3325 1033 3527 1102 μορφὴν
3558 1030 3845 1100 όμοιάζου-

2233 1142 2327 1174 σαν
2381 1129 2452 1190 τῷ
2527 1118 2743 1191 ἀγγέλῳ.
2811 1116 3009 1190 Ὠσπερ
3063 1120 3165 1190 γὰρ
3224 1121 3272 1170 οἱ
3326 1117 3538 1189 ἄγγελοι
3615 1120 3842 1188 ἔχουσιν

2232 1212 2404 1264 εἰκόνα
2446 1215 2533 1261 καὶ
2577 1212 2798 1280 μορφὴν,
2832 1212 2922 1259 καὶ
2976 1209 3150 1280 ὥσπερ
3193 1208 3217 1259 6
3253 1207 3347 1269 ἔξω
3401 1208 3672 1278 ἄνθρωπος
3724 1209 3842 1277 ἔχει

2235 1300 2425 1367 εἰκόνα,
2459 1298 2592 1349 οὕτω
2621 1302 2709 1348 καὶ
2751 1298 2776 1348 6
2811 1299 2912 1348 ἔσω
2939 1295 3110 1348 εἰκόνα
3155 1297 3268 1367 ἔχει
3299 1296 3480 1368 ὁμοίαν
3513 1302 3584 1366 τῷ
3631 1293 3838 1367 ἀγγέλῳ

2239 1395 2327 1442 καὶ
2356 1397 2428 1459 τῷ
2454 1387 2548 1449 ἔξω
2581 1386 2834 1458 ἀνθρώπῳ
2860 1389 3083 1457 μορφήν.

2309 1496 2389 1550 Β’.

2235 1586 2386 1638 ἄλλο
2439 1586 2468 1642 ἡ
2526 1584 2763 1655 ψυχὴ;

2449 1495 2820 1567 Ἐρώτησις,
2885 1492 2954 1566 Ei
3002 1491 3157 1544 ἄλλο
3209 1494 3383 1545 ἐστὶν
3434 1491 3460 1543 ὁ
3512 1497 3680 1558 νοῦς,
3731 1496 3847 1544 καὶ

2305 1692 2360 1745 Ἀ
2383 1695 2710 1765 πόκρισις.
2766 1687 2966 1762 Ὠσπερ
3013 1689 3079 1740 τά
3107 1687 3232 1760 μέλη
3284 1694 3373 1740 τοῦ
3404 1691 3644 1760 σώματος
3674 1687 3846 1741 πολλά

2237 1787 2358 1834 ὅντα
2415 1782 2483 1841 εἷς
2537 1781 2808 1852 ἄνθρωπος
2861 1778 3084 1848 λέγεται,
3139 1778 3269 1830 οὕτω
3327 1782 3416 1830 καὶ
3473 1777 3599 1849 μελη
3655 1778 3850 1850 ψυχῆς

2235 1871 2336 1923 εἰσι
2384 1869 2568 1937 πολλὰ,
2599 1876 2737 1932 νοῦς,
2789 1863 3117 1931 συνείδησις,
3164 1867 3382 1939 θελημα,
3431 1867 3680 1938 λογισμοὶ
3718 1887 3848 1919 κατ-

2236 1967 2543 2030 ηγοροῦντες
2600 1961 2688 2008 καὶ
2748 1955 3175 2027 ἀπολογούμενοι,
3243 1954 3371 2007 ἀλλά
3441 1963 3609 2007 ταῦτα
3667 1957 3846 2008 πάντα

2236 2049 2307 2110 εἰς
2356 2050 2441 2100 ἕνα
2495 2047 2746 2118 λογισμόν
2792 2045 2924 2097 εἰσιν
2980 2041 3366 2117 ἀποδεδεμένα,
3415 2050 3506 2096 καὶ
3561 2045 3687 2117 μέλη
3732 2043 3851 2097 ἐστὶ

2233 2137 2411 2208 ψυχὴ,
2445 2137 2469 2187 ό
2502 2139 2602 2187 ἔσω
2651 2136 2938 2205 ἄνθρωπος.
2990 2133 3190 2208 Ὠσπερ
3244 2130 3303 2186 δὲ
3341 2135 3388 2185 οἱ
3419 2134 3598 2196 ἔξωθεν
3647 2133 3852 2206 ὀφθαλ-

2235 2232 2323 2299 μοὶ
2380 2224 2732 2298 προϐλέπουσι
2800 2225 3057 2296 μακρόθεν
3109 2226 3203 2284 τὰς
3273 2221 3516 2294 ἀκάνθας,
3571 2228 3661 2276 καὶ
3721 2227 3852 2283 τούς

2235 2319 2519 2390 κρημνοὺς,
2572 2318 2661 2365 καὶ
2708 2316 2830 2373 τοὺς
2867 2311 3130 2385 βόθρους·
3175 2312 3311 2364 οὕτω
3355 2316 3445 2364 καὶ
3485 2315 3509 2364 ὁ
3549 2320 3669 2374 νοῦς
3716 2332 3851 2387 προ-

2237 2405 2428 2474 ϐλέπει,
2505 2407 2768 2476 γρηγορος
2843 2401 2932 2466 ὧν,
2996 2410 3090 2463 τῆς
3151 2401 3498 2475 ἀντικειμένης
3575 2399 3852 2474 δυνάμεως

2236 2497 2328 2554 τὰς
2380 2497 2590 2564 τέχνας,
2646 2496 2735 2543 καὶ
2788 2494 2880 2552 τάς
2953 2491 3254 2555 ἐπισκευὰς,
3323 2497 3412 2544 καὶ
3462 2491 3857 2566 προασφαλίζε-

2236 2599 2322 2635 ται
2369 2587 2460 2641 τὴν
2509 2582 2714 2653 ψυχὴν,
2769 2583 2833 2642 ὡς
2876 2580 3137 2654 ὀφθαλμός
3167 2581 3234 2632 ὡν
3286 2589 3380 2644 τῆς
3427 2581 3634 2652 ψυχῆς.
3686 2581 3854 2644 Δοξαν

2237 2669 2324 2723 οὖν
2358 2671 2736 2742 ἀναπέμψωμεν
2771 2675 2959 2743 Πατρὶ,
2987 2675 3077 2722 καὶ
3109 2673 3234 2740 Υἰῷ,
3269 2676 3356 2724 καὶ
3389 2671 3518 2742 ἁγίῳ
3553 2674 3844 2744 Πνεύματι,

2239 2761 2305 2821 εἰς
2334 2764 2454 2822 τοὺς
2485 2760 2673 2821 αἰῶνας
2700 2767 2799 2812 τῶν
2831 2759 3047 2812 αἰώνων.
3080 2760 3266 2832 Ἀμήν.

2853 2868 3102 2922 ΟΜΙΛΙΑ
3144 2867 3225 2923 H'.

2240 2962 2392 3032 Περὶ
2449 2964 2569 3008 τῶν
2646 2955 3138 3032 συμςαινόντων
3203 2963 3339 3018 τοῖς
3403 2963 3844 3028 Χριστιανοῖς

2793 3028 2943 3103 ἲχάς
2985 3031 3348 3103 ποιεῖσθ-αι,
3400 3033 3509 3103 κᾳαὶ
3542 3032 3849 3103 περὶατῶν

2307 3096 2545 3173 μέτρων
2584 3109 2692 3160 τῆς
2743 3096 3174 3173 τελειότητος,
3237 3096 3492 3173 δηλαᾷὴ
3542 3096 3744 3160 εἰέἰς
3780 3104 3852 3152 τό

2307 3167 2534 3245 μέτρον
2588 3176 2652 3224 τό
2725 3172 2969 3224 τέλειον
3029 3174 3349 3246 ἔρχεσθαι
3408 3167 3738 3224 δύνανται
3792 3175 3855 3225 οἱ

2306 3248 2732 3316 Χριστιανοὶ.

2308 3335 2387 3386 Λ’.
2445 3333 2761 3406 Εἰσέρχεταί
2826 3351 2901 3392 τις
2969 3331 3139 3384 κλῖναι
3195 3335 3342 3402 γόνυ,
3411 3335 3498 3383 καὶ
3559 3333 3585 3390 ὃ
3647 3328 3855 3405 καρδία

2238 3423 2396 3475 αύτοῦ
2438 3422 2728 3494 πληροῦται
2773 3428 2863 3482 τῆς
2913 3423 3048 3482 θείας
3078 3421 3354 3494 ἐνεργείας,
3385 3425 3471 3472 καὶ
3513 3420 3848 3494 εὐφραίνεται

2237 3514 2266 3569 ἡ
2327 3512 2476 3583 ψυχὴ
2527 3513 2659 3583 μετὰ
2712 3517 2803 3562 τοῦ
2859 3514 3074 3582 Κυρίου,
3136 3512 3202 3571 ὡς
3269 3514 3513 3582 νυμφίου,
3567 3513 3704 3563 κατά
3759 3517 3850 3563 τόν

2236 3601 2386 3673 λόγον
2426 3601 2645 3654 Ἡσαΐου
2676 3608 2767 3652 τοῦ
2800 3604 3066 3672 προφήτου
3111 3599 3348 3670 λέγοντος
3381 3628 3398 3642 -
3448 3606 3553 3651 Ὃν
3605 3604 3848 3674 τρόπον

2237 3691 2656 3763 εὐφραίνεται
2696 3693 2981 3760 νυμφίος
3028 3690 3129 3740 επὶ
3173 3690 3409 3760 νύμφη,
3462 3687 3670 3750 οὕτως
3711 3689 3850 3762 εὐφ-

2234 3781 2640 3852 ρανθήσεται
2698 3780 2934 3852 Κύριος
2992 3775 3098 3829 ἐπί
3149 3781 3402 3829 σοι’καὶ
3432 3776 3848 3848 συμϐαίνει,ὅτι

2235 3869 2622 3940 ἀσχολούμενος
2651 3874 2825 3920 πᾶσαν
2859 3869 3074 3940 ἡμέραν,
3100 3867 3247 3926 οὗτος
3278 3866 3324 3919 ὢν
3353 3873 3453 3939 μιᾴ
3472 3869 3581 3940 ὦρᾳ
3609 3864 3842 3920 δίδωσιν

2234 3958 2410 4010 ἑαυτὸν
2468 3958 2532 4018 εἰς
2586 3957 2771 4027 εὐχὴν,
2828 3960 2915 4007 καὶ
2975 3956 3266 4028 ἀρπάζεται
3316 3955 3387 4016 εἰς
3444 3961 3752 4029 προσευχὴν
3814 3959 3840 4009 6

2234 4049 2333 4100 ἔσω
2383 4049 2670 4120 ἄνθρωπος,
2719 4045 2788 4106 εἰς
2842 4045 3052 4116 ἄπειρον
3109 4043 3273 4116 βάθος
3329 4043 3521 4096 ἐκείνου
3570 4053 3662 4098 τοῦ
3717 4046 3848 4098 αἰῶ-

2231 4157 2336 4200 νος,
2382 4137 2431 4188 ἐν
2457 4131 2685 4194 ἡδύτητι
2729 4134 2912 4206 πολλῇ,
2965 4136 3100 4186 ὥστε
3149 4134 3404 4195 ξενίζεθαι
3451 4138 3538 4187 τὸν
3577 4142 3694 4187 νοῦν
3727 4135 3846 4188 ὅλον

2233 4229 2355 4277 ὄντα
2419 4229 2690 4299 μετέωρον,
2750 4228 2839 4276 καὶ
2918 4224 3250 4297 ἡρπασμένον
3305 4221 3409 4275 ἐκεῖ
3459 4240 3472 4253 ο
3529 4226 3664 4276 ὥστε
3722 4225 3847 4277 κατ’

2233 4314 2417 4366 ἐκεῖνον
2461 4317 2546 4366 τὸν
2595 4315 2776 4386 καιρόν
2827 4311 2991 4370 λήθην
3046 4313 3346 4382 ἐγγενέσθαι
3397 4319 3507 4374 τοῖς
3562 4311 3846 4386 λογισμοῖς

2233 4411 2322 4455 τοῦ
2381 4407 2708 4475 φρονήματος
2764 4407 2854 4453 τοῦ
2919 4400 3167 4472 ἐπιγείου,
3235 4397 3329 4453 διὰ
3386 4404 3443 4453 τό
3502 4405 3844 4475 μεστωθῆναι

2231 4496 2347 4553 τοὺς
2401 4492 2708 4564 λογισμοὺς,
2769 4495 2854 4542 καὶ
2917 4489 3418 4561 αἰχμαλωτισθῆναι
3475 4491 3543 4551 εἰς
3600 4494 3667 4543 τά
3725 4494 3844 4546 θεῖα

2230 4588 2318 4634 καὶ
2365 4581 2661 4656 ἐπουράνια,
2720 4579 2785 4640 εἰς
2844 4578 3105 4652 ἀπέραντα
3163 4583 3249 4630 καὶ
3305 4579 3650 4639 ἀκατάληπτα
3708 4601 3844 4654 πρα-

2229 4691 2426 4744 γματα,
2505 4671 2571 4730 εἰς
2649 4671 2919 4742 θαυμάσιοί
3012 4687 3148 4733 τινα,
3228 4667 3532 4742 ἀνθρωπίνῳ
3611 4675 3842 4742 στόματι

2231 4762 2527 4832 φρασθῆναι
2581 4755 2836 4822 ἀδύνατα,
2900 4757 3031 4807 ὥστε
3086 4755 3132 4807 ἐν
3187 4758 3350 4827 ἐκείνη
3405 4765 3468 4829 τῇ
3529 4760 3640 4830 ὥρα
3688 4763 3843 4830 εῦχε-

2233 4851 2354 4902 σθαι
2401 4853 2489 4900 καὶ
2533 4848 2714 4920 λέγειν,
2769 4847 2856 4909 Ὠς
2886 4846 2986 4897 εἴθε
3022 4845 3345 4904 συναπῆλθεν
3374 4846 3403 4902 ἠ
3436 4847 3592 4919 ψυχὴ
3649 4852 3744 4901 σὺν
3771 4857 3837 4920 τῇ

2230 4938 2388 5009 εὐχῇ.

2299 5026 2370 5082 Β’.
2425 5027 2797 5099 Ἐρώτησις.
2847 5026 2914 5078 Εἰ
2960 5028 3236 5080 πάντοτε
3290 5027 3675 5101 εἰσέρχεταί
3743 5045 3839 5088 τις

2231 5115 2319 5177 εἰς
2377 5115 2594 5168 ἐκεῖνα
2647 5117 2722 5166 τά
2775 5118 3167 5189 πράγματα;

3012 4687 3148 4733 τινα,

2301 5205 2528 5278 ’Λπόκρ
2549 5223 2695 5264 ισις.
2727 5203 2783 5256 Ἥ
2817 5207 2905 5276 μὲν
2936 5207 3093 5278 χάρις
3126 5201 3475 5266 ἀδιαλείπτως
3503 5207 3715 5256 σύνεστι
3742 5211 3838 5257 καὶ

2232 5293 2528 5367 ἐρρίζωται,
2589 5298 2676 5345 καὶ
2741 5292 3001 5364 ἐξύμωται
3066 5292 3120 5345 έκ
3172 5298 3287 5354 νέας
3335 5293 3565 5359 ἡλικίας,
3625 5299 3714 5346 καὶ
3767 5296 3835 5354 ὡς

2227 5388 2445 5452 φυσικόν
2475 5388 2564 5436 καὶ
2589 5387 2785 5442 πηκτόν
2817 5382 3028 5454 ἐγένετο,
3056 5383 3182 5435 αύτὸ
3207 5385 3261 5435 τὸ
3294 5386 3446 5435 συνὸν
3471 5391 3542 5454 τῷ
3574 5382 3833 5455 ἀνθρώπῳ
