4084 6256
277 319 384 373 529

1529 315 1864 373 HOMILIE.
1905 347 1973 358 —
2013 314 2190 373 HOM.
2228 316 2366 372 VIII.

3526 321 3632 376 530

256 446 331 504 ὡς
381 447 480 515 μία
536 443 737 494 οὐσία·
794 440 1134 514 πολυτρόπως
1179 438 1258 506 δὲ,
1322 443 1390 505 ὡς
1451 440 1578 494 θέλει
1634 443 1765 514 πρὸς
1803 442 1860 492 τὸ

1980 438 2199 495 homini
2228 440 2380 496 velut
2412 456 2529 497 una
2551 440 2880 498 substentia
2905 456 2919 496 :
2954 441 3134 498 variis
3164 457 3297 498 vero
3321 443 3522 498 modis
3549 443 3630 500 ad

258 535 544 605 συμφέρον,
603 533 863 603 οἰκονομεῖ
911 535 997 583 τὸν
1043 532 1330 605 ἄνθρωπον,
1395 533 1518 583 ποτε
1578 534 1668 599 μὲν
1715 529 1863 582 πλέον

254 621 523 674 ἐκκαίεται
579 625 669 673 καὶ
724 619 946 672 άπτεται
997 623 1054 672 τὸ
1113 627 1216 692 πῦρ
1248 638 1260 650 ·
1319 624 1442 672 ποτε
1483 616 1541 672 δὲ
1573 622 1640 680 ὡς
1670 619 1863 692 μαλθα-

252 717 479 785 κώτερον
509 714 596 762 καὶ
655 715 962 783 πραότερον,
1018 713 1108 760 καὶ
1160 709 1286 762 αὐτὸ
1340 713 1396 761 τὸ
1447 718 1546 781 φῶς
1584 711 1719 761 κατά
1747 729 1866 760 και-

252 803 378 875 ρούς
430 818 571 858 τινας
627 797 776 850 πλέον
850 797 1125 860 ἐξάπτεται
1185 803 1274 850 καὶ
1339 797 1554 870 λάμπει,
1624 801 1747 851 ποτε
1808 795 1864 850 δε

254 887 646 951 ὑποστέλλεται,
705 892 794 940 καὶ
857 887 1160 960 στυγνάζει,
1234 892 1323 939 καὶ
1393 887 1519 946 αὐτὴ
1581 890 1610 945 ἡ
1658 887 1867 960 λαμπὰς

253 979 475 1030 πάντοτε
529 980 776 1049 καιομένη
859 981 949 1028 καὶ
1023 976 1327 1048 λάμπουσα,
1393 977 1512 1027 ὅταν
1571 973 1862 1051 φαιδρυνθῇ

251 1066 403 1119 πλέον
478 1069 527 1118 ἐν
589 1068 719 1138 μέθη
791 1063 1060 1126 ἐξάπτεται
1112 1074 1206 1125 τῆς
1287 1063 1497 1136 ἀγάπης
1541 1073 1630 1118 τοῦ
1688 1074 1860 1118 Θεοῦ·

253 1156 406 1216 αὖθις
448 1151 507 1207 δε
555 1155 670 1206 κατ’
726 1153 1024 1226 οἰκονομίαν
1076 1151 1359 1218 ἐκδίδωσι,
1413 1158 1584 1208 καίτοι
1627 1158 1778 1207 συνὸν
1809 1157 1864 1208 τὸ

255 1253 365 1319 φῶς
395 1243 714 1317 ἀμϐλύτερόν
733 1241 866 1299 ἐστι.

326 1439 401 1496 Γ’.
460 1439 598 1498 Πλὴν
658 1437 878 1511 ἐπεφάνη
939 1441 1048 1490 τισὶ
1109 1441 1167 1490 τὸ
1225 1447 1437 1511 σημεῖον
1492 1447 1581 1492 τοῦ
1636 1448 1866 1514 σταυροῦ

260 1525 360 1581 διὰ
385 1531 568 1601 φωτὸς,
622 1533 711 1581 καὶ
741 1529 1053 1602 προσεπάγη
1096 1536 1168 1598 τῷ
1204 1530 1306 1580 ἔσω
1361 1528 1633 1602 ἀνθρώπῳ,
1686 1529 1861 1581 Ξιλλοτε

251 1618 411 1671 πάλιν
453 1617 501 1670 ἐν
541 1624 602 1690 τῇ
651 1617 810 1690 εύχῇ,
871 1619 939 1678 ὡς
991 1616 1039 1669 έν
1089 1616 1336 1670 ἐκστάσει
1383 1622 1584 1690 γέγονεν
1617 1620 1642 1670 ὁ
1672 1620 1868 1693 ἄνθρω-

250 1727 370 1773 πος,
432 1711 521 1759 καὶ
576 1708 755 1780 εὑρέθη
813 1706 886 1768 εἰς
937 1708 1315 1780 θυσιαστήριον
1365 1707 1528 1768 ἑστὼς
1578 1708 1625 1760 ἐν
1678 1708 1869 1767 ἐκκλη,

1972 529 2206 588 libitum
2230 530 2568 596 voluntatis,
2600 537 2894 604 quantum
2923 533 3186 602 prodest,
3221 533 3492 601 disponit
3521 534 3628 590 ho-

1974 621 2199 675 minem
2234 637 2244 674 :
2280 620 2605 693 aliquando
2620 622 2779 677 enim
2807 621 3425 677 intentusaccenditur
3448 628 3502 678 et
3531 639 3628 678 ar-

1974 708 2238 778 detignis
2256 726 2268 774 ;
2284 710 2611 780 aliquando
2627 727 2765 766 vero
2778 711 3086 766 remissius
3103 716 3157 766 et
3171 711 3386 766 lentius
3405 728 3416 765 :
3435 712 3627 781 ipsum

1974 798 2282 870 quoquelu
2295 815 2429 854 men
2443 799 2811 870 quibusdam
2829 801 3198 872 temporibus
3214 800 3627 855 vehementius

1976 888 2320 943 accenditur
2367 893 2424 942 et
2453 888 2993 960 lucetzaliquando
3038 906 3179 944 vero
3211 889 3525 944 remittitur
3575 895 3628 945 et

1977 977 2196 1032 tristius
2226 982 2333 1032 est.
2371 979 2461 1033 Sic
2483 979 2614 1049 ipsa
2641 970 3627 1050 quoquelucerna,scilicetgratia,

1977 1066 2200 1138 ubique
2215 1083 2466 1122 accensa
2482 1073 2536 1123 et
2557 1067 3036 1139 lucens,quando
3050 1067 3420 1139 splendidior
3434 1068 3625 1132 fuerit,

1977 1155 2268 1212 intensius
2318 1157 2659 1212 accenditur
2697 1157 2773 1212 ab
2809 1157 3087 1212 ebrietate
3131 1157 3460 1212 dilectionis
3501 1157 3624 1211 Dei.

1980 1248 2236 1301 Rursum
2251 1253 2448 1301 autem
2475 1247 2922 1319 dispensatione
2966 1246 3232 1318 quadam
3274 1245 3512 1301 exhibet
3541 1246 3630 1302 lu-

1978 1350 2138 1399 men,
2170 1335 2334 1406 quod
2366 1335 2519 1391 inest
2549 1336 2843 1391 obtusius.

2048 1443 2136 1496 Ill.
2171 1442 2351 1497 Porro
2367 1457 2467 1512 per
2493 1442 2695 1498 lumen
2717 1442 2990 1514 apparuit
3007 1441 3371 1514 quibusdam
3388 1442 3626 1509 signum

1978 1531 2190 1596 crucis,
2232 1535 2286 1587 et
2315 1530 2562 1587 afﬁxum
2577 1536 2664 1587 est
2685 1533 2742 1586 in
2758 1531 3015 1586 interiori
3029 1531 3272 1586 homine
3293 1546 3302 1584 :
3320 1529 3472 1585 alias
3488 1530 3628 1585 item

1978 1625 2110 1676 nter
2139 1621 2512 1692 precandum
2542 1622 2749 1688 homo,
2776 1621 2935 1677 velut
2964 1621 3023 1675 in
3054 1636 3303 1676 excessu
3339 1619 3631 1675 constitu-

1979 1728 2068 1775 us,
2094 1711 2364 1766 inventus
2403 1716 2490 1767 est
2545 1715 2682 1767 ante
2730 1712 2917 1766 altare
2964 1715 3132 1766 stans
3164 1711 3222 1765 in
3263 1709 3539 1775 ecclesia,
3573 1714 3632 1766 et

253 1802 370 1869 σίᾳ,
405 1801 494 1848 καὶ
526 1797 976 1871 προσηνέχθησαν
1031 1803 1102 1867 τῷ
1148 1799 1368 1868 τοιούτῳ
1425 1799 1578 1872 ἄρτοι
1625 1806 1757 1872 τρεῖς
1805 1801 1865 1856 ὡς

1980 1800 2161 1856 oblati
2200 1805 2338 1856 sunt
2363 1802 2414 1855 ei
2469 1807 2581 1856 tres
2634 1816 2843 1872 panes,
2878 1799 3031 1854 velut
3086 1799 3216 1855 oleo
3264 1799 3625 1867 fermentati,

257 1883 332 1938 δι’
363 1885 536 1937 ἐλαίου
577 1884 920 1957 ἓζυμωμένοι,
974 1890 1063 1937 καί
1103 1887 1224 1937 ὅσον
1279 1889 1481 1952 ἤσθιεν,
1524 1886 1680 1940 έκεῖνο
1718 1887 1867 1939 πλέον

252 1974 456 2038 ηὔξανε
508 1978 597 2025 καὶ
635 1973 936 2045 ἐμηκύνετο,
996 1973 1172 2026 ἄλλοτε
1224 1975 1379 2026 πάλιν
1436 1978 1610 2050 ὥσπερ
1668 1973 1867 2047 ἔνδυμά

257 2084 309 2117 τι
362 2065 625 2135 φωτεινόν,
681 2064 786 2115 οἷον
844 2063 937 2115 οὐκ
1007 2066 1149 2116 ἔστιν
1206 2063 1289 2116 ἐπὶ
1341 2073 1435 2126 τῆς
1481 2074 1582 2136 γῆς
1657 2065 1728 2127 εἰς
1779 2069 1865 2117 τὸν

256 2153 424 2206 αἰῶνα
453 2160 655 2218 τοῦτον,
708 2156 825 2205 οὗτε
873 2154 973 2204 ὑπὸ
1014 2151 1344 2224 ἀνθρωπίνων
1397 2162 1588 2227 χειρῶν
1641 2152 1864 2208 δυνατὸν

255 2245 778 2300 κατασκευασθῆναι.
810 2247 906 2294 “Ov
964 2244 1065 2313 γὰρ
1121 2246 1310 2316 τρόπον
1342 2243 1414 2303 είς
1461 2247 1519 2295 τὸ
1561 2248 1672 2319 ὅρος
1728 2243 1865 2297 ἀνελ-

256 2333 358 2384 θὼν
405 2332 431 2382 ό
475 2332 666 2403 Κύριος
724 2331 856 2402 μετά
911 2329 1147 2382 Ἰωάννου
1201 2337 1290 2384 καὶ
1348 2337 1564 2404 Πέτρου,
1624 2339 1864 2406 μετήμειο

255 2420 352 2492 ψεν
408 2419 569 2472 αύτοῦ
635 2421 702 2471 τά
759 2420 944 2489 ἱμάτια
1010 2424 1100 2471 καὶ
1160 2418 1490 2495 ἐξαστράψαι
1541 2428 1862 2480 πεποίηκεν·

252 2509 418 2571 οὓτως
451 2505 512 2566 ἦν
566 2512 623 2560 τὸ
673 2504 874 2579 ἔνδυμα
914 2507 1090 2579 ἐκεῖνο,
1134 2514 1225 2561 καὶ
1267 2509 1550 2581 ἐθαύμασε,
1583 2516 1672 2563 καὶ
1703 2511 1848 2584 ἐθαμ-

251 2598 391 2651 ϐεῖτο
432 2599 458 2649 ὁ
512 2593 851 2668 ἃκδεδυμένος
899 2598 1170 2671 ἄνθρωπος
1209 2619 1221 2631 ·
1287 2598 1336 2649 έν
1391 2599 1524 2671 ἄλλῳ
1587 2597 1646 2652 δὲ
1700 2610 1866 2674 καιρῷ

252 2688 383 2740 αὐτὸ
429 2689 487 2738 τὸ
520 2693 625 2759 φῶς
676 2688 724 2737 ἐν
775 2693 835 2756 τῇ
897 2682 1096 2759 καρδίᾳ
1142 2695 1342 2759 φαῖνον,
1378 2692 1551 2758 ἤνοιγε
1581 2691 1638 2740 τὸ
1672 2686 1866 2740 ἐνδότε-

256 2795 343 2848 ρον
392 2779 480 2826 καὶ
521 2773 834 2849 βαθύτερον,
885 2779 976 2826 καὶ
1039 2773 1340 2847 ἀπόκρυφον
1397 2784 1522 2848 φῶς,
1573 2778 1707 2829 ὥστε
1753 2776 1863 2828 ὅλον

257 2867 345 2917 τὸν
401 2865 669 2938 ἄνθρωπον
731 2865 1097 2916 καταποθέντα
1159 2864 1230 2924 εἰς
1283 2867 1479 2923 ἓκείνην
1525 2870 1618 2924 τὴν
1673 2865 1865 2937 γλυκύ-

265 2973 403 3010 τητα
463 2957 550 3004 καὶ
607 2955 843 3024 θεωρίαν,
876 2957 1064 3023 μηκέτι
1115 2955 1256 3024 ἔχειν
1318 2954 1518 3019 ἑαυτὸν,
1581 2953 1687 3006 ἀλλ’
1738 2954 1864 3007 εἶναι

255 3045 322 3100 ὡς
349 3044 517 3114 μωρὸν
556 3045 644 3092 καὶ
694 3039 960 3115 βάρϐαρον
1013 3050 1085 3112 τῷ
1133 3046 1314 3114 κόσμῳ
1373 3045 1558 3114 τούτῳ,
1612 3040 1706 3095 διὰ
1769 3048 1863 3101 τὴν

260 3127 684 3201 ὑπερϐάλλουσαν
716 3128 924 3200 ἀγάπην
976 3135 1066 3182 καὶ
1123 3130 1441 3201 γλυκύτητα,
1477 3128 1572 3183 διὰ
1630 3135 1696 3183 τά
1739 3131 1862 3185 ἀπὸ·
1899 3112 1938 3167 C

261 3235 435 3290 κρυφα
463 3222 733 3292 μυστήρια
760 3239 772 3252 ι
827 3221 960 3271 ὥστε
1002 3221 1090 3270 τὸν
1139 3221 1406 3292 ἄνθρωπον
1447 3219 1750 3272 κατ’ἐκεῖνον
1775 3224 1862 3272 τὸν

257 3309 442 3376 καιρὸν
470 3304 867 3378 ἐλευθερωθέντα
908 3309 1109 3379 φθάσαι
1161 3308 1226 3369 εἰς
1256 3311 1322 3360 τά
1350 3308 1518 3360 τέλεια
1546 3313 1729 3380 μέτρα,
1771 3313 1861 3361 καὶ

264 3390 395 3444 εἶναι
425 3395 653 3465 καθαρὸν
702 3399 790 3446 καὶ
843 3395 1097 3468 ἐλεύθερον
1144 3396 1198 3448 ἐκ
1251 3405 1343 3457 τῆς
1395 3398 1656 3471 ἁμαρτίας
1688 3415 1700 3427 ·
1738 3397 1865 3451 ἀλλά

262 3483 398 3554 μετὰ
424 3489 592 3532 ταῦτα
635 3483 924 3535 ὑπέστειλεν
955 3485 982 3541 ἡ
1015 3487 1197 3556 χάρις,
1231 3491 1320 3538 καὶ
1373 3483 1494 3544 ἦλθε
1533 3489 1590 3538 τὸ
1616 3487 1867 3558 κάλυμμα

260 3576 359 3630 τῆς
392 3567 626 3632 ἐναντίας
651 3567 918 3643 δυνάμεως
952 3591 964 3603 ·
999 3579 1231 3644 φαίνεται
1265 3572 1322 3627 δὲ
1361 3595 1470 3636 πως
1498 3584 1745 3650 μερικῶς,
1777 3581 1865 3628 καὶ

254 3661 389 3717 ἔστη
424 3658 495 3722 είς
526 3661 612 3712 ἕνα
636 3659 842 3733 βαθμὸν
882 3665 968 3714 τὸν
1004 3669 1294 3738 κατώτερον
1322 3673 1419 3726 τῆς
1447 3665 1786 3726 τελειότητος.

335 3782 407 3836 Δ¹.
462 3785 568 3848 Ὧς,
628 3786 710 3838 ἵνα
741 3790 982 3858 εἴπωμεν,
1014 3793 1124 3863 χρὴ
1160 3785 1371 3842 δώδεκα
1419 3789 1659 3863 βαθμοὺς
1682 3791 1866 3864 παρελ-

262 3873 366 3924 θεῖν
397 3891 530 3938 τινα,
574 3878 663 3925 καὶ
718 3876 917 3946 φθάσαι
970 3876 1041 3937 εἰς
1092 3882 1186 3934 τὴν
1227 3878 1538 3937 τελειότητα.
1580 3881 1662 3931 Ἐν
1703 3889 1868 3953 καιρῷ

258 3981 339 4024 τις
369 3964 562 4034 ἔφθασε
609 3964 920 4017 καταλαϐεῖν
969 3965 1128 4019 έκεῖνο
1180 3972 1238 4019 τὸ
1292 3973 1499 4041 μέτρον,
1557 3974 1644 4021 καὶ
1690 3970 1868 4029 εἰσῆλ-

261 4051 343 4102 θεν
376 4051 448 4113 είς
486 4057 582 4110 τὴν
612 4053 910 4112 τελειότητα
938 4073 948 4084 ·
978 4055 1132 4108 πάλιν
1172 4053 1453 4109 ἐνδίδωσιν
1493 4061 1522 4116 ἡ
1570 4062 1751 4132 χάρις,
1781 4056 1868 4111 καὶ

257 4144 576 4214 κατέρχεται
625 4143 748 4216 παρ’
801 4145 886 4195 ἕνα
934 4143 1164 4217 βαθμὸν,
1217 4151 1306 4197 καὶ
1373 4147 1580 4205 έστήκει
1635 4148 1703 4209 είς
1750 4152 1869 4210 τους

259 4225 472 4287 ἓνδεκα.
509 4227 600 4291 Εἷς
650 4229 708 4284 δέ
750 4252 830 4292 τις
884 4233 1130 4295 πλούσιος
1170 4233 1218 4286 ἐν
1272 4243 1333 4307 τῇ
1375 4237 1584 4310 χάριτι,
1652 4239 1870 4290 πάντοτε

257 4321 449 4380 νυκτὸς
502 4324 593 4371 καὶ
645 4321 862 4394 ἡμέρας,
903 4326 975 4383 εὶς
1003 4325 1068 4374 τά
1104 4323 1271 4375 τέλεια
1323 4329 1488 4395 μέτρα
1536 4326 1769 4390 ἔστηκεν,
1803 4327 1868 4377 ὢν

259 4403 526 4478 ἰλεύθερος
600 4412 689 4460 καὶ
765 4412 1010 4483 καθαρὸς,
1094 4414 1312 4464 πάντοτε
1388 4413 1726 4486 αἰχμάλωτος
1780 4419 1869 4467 καὶ

256 4499 531 4568 μετέωρος.
586 4497 689 4550 Καὶ
745 4505 832 4548 νῦν
975 4496 1195 4571 ἐδείχθη
1254 4499 1419 4553 ἐκεῖνα
1470 4505 1535 4554 τά
1576 4505 1864 4574 θαυμάσια,

261 4588 353 4635 καὶ
407 4585 474 4635 ὧν
527 4593 708 4657 πεῖραν
761 4587 934 4639 ἔλαϐεν
992 4590 1016 4640 ό
1070 4590 1361 4663 ἄνθρωπος,
1415 4591 1457 4642 εἰ
1513 4599 1670 4648 συνῆν
1729 4592 1868 4662 αύτῷ

260 4674 502 4740 πάντοτε,
566 4677 660 4726 ούκ
708 4672 923 4728 ἐδύνατο
981 4682 1074 4735 τὴν
1124 4678 1418 4750 οἰκονομίαν
1474 4688 1565 4731 τοῦ
1619 4679 1776 4749 λόγου
1835 4684 1864 4738 ἣ

264 4763 324 4811 τὸ
382 4758 536 4834 βάρος
597 4760 980 4833 ὑποδέξασθαι,
1028 4770 1144 4819 οὔτε
1173 4768 1410 4839 ἠνείχετο
1467 4767 1669 4821 ἀκούειν
1715 4770 1744 4828 ἦ
1778 4788 1870 4841 με-

254 4859 445 4928 ριμνᾷν
484 4855 557 4917 εἰς
598 4859 656 4908 τὸ
724 4862 910 4929 τυχὸν,
981 4864 1094 4934 περὶ
1161 4860 1367 4926 ἑαυτοῦ,
1424 4866 1536 4915 οὔτε
1606 4868 1722 4935 περὶ
1777 4870 1868 4924 τῆς

258 4947 463 5017 αὔριον,
512 4945 554 4996 εί
609 4949 680 5017 μὴ
724 4951 876 5018 μόνον
932 4951 1202 5008 καθῆσθαι
1255 4951 1303 5001 ἐν
1353 4957 1451 5022 μιᾷ
1496 4956 1658 5024 γωνίᾳ
1685 4955 1870 5023 μετέω-

253 5052 366 5106 ρον,
427 5038 516 5086 καὶ
583 5038 987 5107 μεμεθυσμένον.
1070 5038 1231 5091 Ὠστε
1310 5044 1366 5091 τὸ
1421 5041 1608 5093 τέλειον
1685 5046 1869 5114 μέτρον

254 5126 348 5175 ούκ
410 5119 590 5188 ἐδόθη,
635 5125 716 5176 ἶνα
766 5122 968 5199 δυνηθῇ
1024 5128 1292 5199 σχολάσαι
1351 5130 1421 5190 εἰς
1472 5135 1565 5188 τὴν
1619 5135 1870 5205 μέριμναν

261 5220 362 5264 τῶν
429 5209 681 5284 ἀδελφῶν,
734 5219 823 5266 καὶ
892 5216 964 5278 εἰς
1029 5222 1122 5275 τὴν
1200 5215 1470 5271 διακονίαν
1541 5228 1634 5271 τοῦ
1691 5220 1868 5290 λόγου,

265 5301 400 5360 πλὴν
459 5304 517 5353 τό
578 5307 896 5375 μεσότοιχον
945 5312 1036 5358 τοῦ
1093 5315 1330 5380 φραγμοῦ
1399 5305 1724 5374 διαλέλυται,
1783 5314 1873 5362 καὶ

256 5395 524 5448 νενίκηται
553 5392 577 5442 ὁ
604 5393 844 5454 θάνατος.

326 5515 406 5572 Ε’.
466 5517 544 5570 Τά
583 5512 642 5570 δε
696 5519 985 5593 πράγματα
1032 5518 1198 5584 οὓτως
1245 5519 1406 5578 ἐστίν.
1461 5521 1550 5584 Ὠς
1599 5518 1875 5596 γνοφώδης

319 5694 366 5732 ⁸³
397 5695 595 5755 Matth.
628 5711 760 5765 xvn,
793 5700 867 5766 2;
898 5697 1078 5758 Marc.
1112 5713 1192 5767 ix,
1222 5703 1274 5759 3.

1977 1895 2280 1960 etquanto
2311 1890 2503 1960 magis
2534 1890 2748 1958 ederet,
2768 1895 2932 1945 tanto
2953 1889 3147 1958 magis
3178 1889 3556 1957 augebantur
3573 1893 3627 1943 et

1975 1978 2286 2034 crecebant
2317 1997 2328 2036 :
2364 1979 2494 2034 aliis
2527 1979 2667 2033 item
2696 1978 2974 2050 apparuit
3009 1977 3172 2033 velut
3201 1978 3623 2032 vestimentum

1974 2067 2378 2139 splendidum,
2404 2067 2580 2139 quale
2613 2083 2732 2122 non
2765 2073 2850 2122 est
2875 2067 2932 2122 in
2966 2072 3121 2121 terra
3153 2067 3264 2122 hoc
3297 2065 3517 2120 saeculo
3545 2064 3627 2119 ul-

1971 2157 2117 2220 lum,
2162 2172 2270 2210 nec
2300 2156 2580 2211 manibus
2607 2156 2921 2211 hominum
2951 2155 3160 2210 conﬁci
3182 2160 3392 2226 potest.
3417 2155 3628 2218 Quem-

1974 2245 2306 2301 admodum
2336 2245 2495 2299 enim
2521 2250 2784 2302 montem
2809 2247 3145 2300 ascendens
3177 2245 3464 2300 Dominus
3486 2259 3628 2298 cum

1970 2337 2195 2391 Joanne
2213 2338 2268 2389 et
2301 2336 2463 2388 Petro
2495 2333 2942 2389 transformavit
2974 2334 3335 2389 vestimenta
3352 2349 3481 2396 sua,
3500 2331 3628 2387 illa-

1971 2439 2089 2495 que
2102 2422 2418 2493 splendida
2430 2422 2684 2490 fulguris
2699 2423 2883 2478 instar
2897 2423 3089 2478 reddit
3105 2423 3173 2478 3’:
3189 2420 3487 2492 ejusmodi
3503 2426 3629 2475 erat

1971 2512 2392 2566 vestimentum
2409 2511 2577 2575 illud,
2609 2517 2669 2566 ut
2687 2512 3084 2567 admiraretur
3105 2517 3160 2566 et
3183 2511 3629 2581 obstupesceret

1971 2605 2185 2655 exutus
2209 2600 2354 2655 illud
2379 2601 2582 2655 homo.
2615 2600 2917 2655 Interdum
2952 2616 3159 2654 verum
3191 2600 3395 2654 lumen
3425 2599 3626 2669 ipsum

1970 2689 2031 2744 in
2063 2689 2240 2744 corde
2268 2689 2520 2758 fulgens,
2549 2689 2772 2759 aperuit
2804 2690 3048 2743 interius
3075 2697 3129 2743 et
3168 2687 3524 2758 profundius
3556 2701 3625 2740 ac

1971 2777 2159 2833 latens
2179 2778 2404 2842 lumen,
2438 2778 2590 2832 adeo
2620 2784 2681 2832 ut
2710 2783 2864 2832 totus
2889 2778 3074 2832 homo
3117 2777 3215 2833 illa
3247 2776 3535 2832 suavitate
3571 2780 3628 2829 et

1969 2867 2472 2937 contemplatione
2494 2866 2828 2934 demersus,
2855 2883 2973 2921 non
3006 2866 3224 2937 amplis
3257 2867 3328 2920 sit
3349 2864 3438 2919 sui
3460 2880 3630 2918 com-

1971 2970 2102 3026 pos,
2143 2954 2248 3008 sed
2297 2954 2372 3008 sit
2416 2959 2705 3025 tanquam
2756 2955 2969 3009 stultus
3014 2959 3070 3009 et
3127 2954 3424 3008 barbarus
3485 2951 3626 3006 huic

1972 3043 2220 3110 mundo,
2237 3049 2476 3114 propter
2487 3043 2740 3098 nimiam
2754 3043 3126 3098 dilectionem
3160 3059 3228 3098 ac
3243 3043 3622 3104 suavitatem,

1972 3138 2027 3188 et
2056 3148 2277 3188 arcana
2307 3132 2612 3202 mysteria,
2646 3131 2797 3187 adeo
2851 3137 2912 3187 ut
2945 3133 3126 3187 homo
3171 3137 3312 3185 tunc
3354 3130 3622 3185 libertate

1972 3221 2232 3276 donatus
2265 3222 2573 3291 perveniat
2599 3221 2676 3277 ad
2711 3221 3037 3291 perfectum
3061 3219 3317 3289 gradum
3346 3234 3532 3288 purus
3556 3233 3626 3273 ac

1972 3309 2120 3366 liber
2150 3327 2186 3365 a
2228 3314 2494 3381 peccato.
2532 3311 2744 3364 Verum
2773 3317 2983 3380 postea
3009 3307 3292 3363 subduxit
3342 3322 3403 3361 se
3434 3307 3627 3374 gratia

1973 3406 2028 3456 et
2045 3399 2307 3456 accessit
2341 3398 2614 3454 velamen
2635 3398 2996 3454 adversariae
3020 3396 3362 3469 potestatis;
3381 3399 3630 3466 apparet

1974 3497 2174 3545 tamen
2204 3489 2405 3560 aliqua
2435 3505 2504 3543 ex
2540 3494 2725 3558 parte,
2762 3494 2815 3543 et
2867 3485 3134 3542 consistit
3165 3486 3225 3540 in
3279 3501 3397 3539 uno
3430 3484 3624 3553 gradu

1975 3578 2237 3634 inferiori
2277 3577 2675 3649 perfectionis.

2047 3793 2142 3849 IV.
2179 3794 2360 3856 Velut,
2396 3793 2768 3856 utdicamus,
2787 3796 3017 3864 oportet
3033 3791 3292 3863 aliquem
3308 3788 3622 3844 duodecim

1978 3884 2201 3952 gradus
2227 3883 2669 3946 transcendere,
2705 3887 2757 3936 et
2802 3882 3048 3937 demum
3083 3881 3161 3934 ad
3204 3879 3628 3950 perfectionem

1977 3972 2330 4043 pertingere.
2355 3971 2690 4042 Aliquando
2740 3971 2875 4041 quis
2934 3974 3290 4024 consecutus
3340 3973 3428 4021 est
3467 3968 3627 4021 hunc

1978 4061 2255 4130 gradum,
2282 4065 2338 4115 et
2385 4060 2649 4129 pervenit
2701 4058 2778 4114 ad
2810 4057 3257 4129 perfectionem.
3293 4057 3509 4110 Iterum
3542 4070 3629 4108 re-

1981 4149 2385 4205 missiorfacta
2400 4149 2608 4217 gratia,
2642 4147 2950 4202 descendit
2979 4162 3165 4200 unum
3190 4144 3542 4214 gradum,et
3571 4144 3629 4196 in

1976 4238 2221 4310 reliquis
2247 4237 2522 4292 undecim
2563 4236 2850 4291 consistit.
2883 4236 3053 4290 Dives
3088 4239 3283 4289 autem
3339 4232 3544 4303 aliquis
3574 4231 3633 4284 in

1979 4328 2169 4397 gratia
2201 4341 2436 4397 semper
2461 4333 2664 4380 noctes
2699 4332 2877 4397 atque
2909 4325 3034 4379 dies
3065 4325 3122 4378 in
3156 4323 3414 4395 perfecto
3446 4321 3634 4393 gradu

1979 4417 2256 4481 consistit,
2284 4415 2432 4470 liber
2480 4431 2548 4469 ac
2595 4430 2805 4485 purus,
2840 4429 3079 4484 semper
3108 4414 3374 4483 captivus
3406 4427 3474 4465 ac
3506 4427 3632 4464 sus-

1980 4521 2224 4578 pensus.
2264 4507 2325 4558 Et
2372 4503 2639 4575 quidem,
2673 4503 2718 4556 si
2769 4502 3064 4558 mirabilia
3105 4501 3222 4565 illa,
3248 4517 3379 4572 quia
3405 4499 3633 4555 homini

1981 4598 2311 4650 monstrata
2343 4597 2501 4654 sunt,
2525 4595 2582 4646 et
2607 4607 2865 4662 quorum
2906 4591 3335 4661 experientiam
3368 4589 3542 4659 cepit,
3578 4587 3630 4641 ei

1980 4699 2216 4754 semper
2245 4683 2540 4746 adessent,
2576 4697 2684 4736 nec
2716 4681 3106 4735 ministerium
3139 4678 3297 4733 verbi
3341 4683 3439 4733 aut
3476 4691 3629 4730 onus

1980 4773 2225 4845 aliquod
2251 4774 2552 4842 suscipere
2580 4775 2795 4840 posset,
2823 4785 3016 4841 neque
3057 4769 3263 4825 audire
3295 4771 3398 4821 aut
3424 4781 3631 4820 curam

1981 4877 2203 4932 gerere,
2237 4861 2283 4915 si
2331 4861 2577 4931 quando
2631 4875 2783 4931 opus
2836 4862 3008 4921 esset,
3051 4858 3140 4911 sui
3191 4857 3403 4927 ipsius,
3437 4870 3632 4926 neque

1981 4950 2219 5007 crastini
2241 4950 2376 5014 diei,
2407 4949 2511 5004 sed
2545 4948 2740 5003 solum
2774 4947 2976 5002 sedere
3006 4947 3065 5000 in
3098 4961 3219 5000 uno
3253 4943 3475 5013 angulo
3504 4960 3632 4998 sus-

1983 5054 2203 5112 pensus
2221 5043 2276 5093 et
2309 5037 2658 5093 inebriatus.
2693 5038 3068 5105 Quapropter
3085 5034 3307 5103 gradus
3338 5033 3633 5104 perfectus

1982 5144 2104 5183 non
2127 5133 2217 5183 est
2241 5143 2580 5190 concessus,
2608 5131 2667 5179 ut
2688 5125 3102 5195 possitvacare
3131 5138 3280 5177 cura:
3302 5123 3548 5176 fratrum
3580 5125 3637 5175 et

1983 5216 2314 5272 ministerio
2329 5215 2511 5269 verbi.
2531 5214 2956 5268 Verumtamen
2973 5211 3346 5267 interstitium
3363 5209 3636 5264 maceriae

1985 5306 2250 5362 dirutum
2282 5309 2385 5366 est,
2420 5310 2475 5359 et
2513 5319 2675 5359 mors
2697 5303 2951 5358 devicta.

2060 5520 2123 5574 V.
2167 5521 2277 5574 Res
2324 5521 2525 5574 autem
2580 5514 2665 5572 sic
2730 5530 2791 5571 se
2848 5514 3047 5572 habet.
3105 5508 3632 5581 Quemadmodum
