4084 6256
445 298 544 356 531

1744 299 1805 354 S.
1854 295 2157 353 MACARII
2203 295 2509 351 EGYPTII

3683 303 3799 362 532

441 423 759 483 tenebrosa
804 427 1086 499 quaedam
1128 429 1220 485 vis
1267 428 1580 497 incumbit,
1615 432 1673 484 et
1701 429 1904 486 leviter
1932 427 2080 483 velut

2197 438 2273 482 τις
2330 419 2554 494 δύναμις
2628 420 2883 475 ἐπίκειται
2949 425 3037 476 καὶ
3106 424 3351 485 σκεπάζει
3433 426 3658 503 ἐλαφρῶς
3731 436 3809 496 ὡς

442 529 680 569 crassus
711 515 960 587 quidam
1001 533 1103 573 aer
1130 518 1409 590 inopacat
1433 519 1654 585 locum,
1687 519 1928 575 lucerna
1956 519 2091 576 licet

442 618 681 674 semper
710 606 954 661 ardente
986 612 1039 661 et
1066 607 1296 663 lucente
1326 623 1338 661 :
1373 608 1454 664 sic
1480 608 1745 664 adhaeret
1776 608 1856 664 illi
1880 609 2090 665 lumini

440 691 732 748 velamen.
765 694 932 750 Unde
962 694 1270 751 conﬁtetur
1297 697 1410 763 ille,
1442 714 1505 755 se
1537 714 1926 771 nequaquam
1959 716 2090 755 esse

443 780 992 854 perfectum,neque
1022 798 1247 840 omnno
1279 785 1611 842 immunem
1637 803 1671 843 a
1690 793 1935 858 peccato
1964 804 1976 842 :
2006 788 2086 844 ita

445 875 510 925 ut
556 869 735 931 dicat,
762 871 875 943 33
928 872 1189 929 dirutum
1242 878 1299 929 et
1353 875 1691 946 perfossum
1740 894 1865 931 esse
1910 878 2090 933 inter-

436 960 659 1030 jectum
694 960 978 1031 parietem
1010 963 1306 1029 maceriae,
1342 970 1519 1036 atque
1546 966 1779 1032 iterum,
1800 967 1857 1021 in
1887 966 2091 1039 aliqua

442 1052 629 1119 parte,
665 1065 786 1104 non
827 1066 959 1105 esse
994 1051 1171 1122 plane
1208 1051 1495 1119 dirutum,
1529 1070 1724 1127 neque
1774 1056 1833 1110 in
1878 1072 2084 1128 perpe-

440 1143 631 1193 tuum.
662 1138 996 1211 Aliquando
1027 1141 1187 1196 enim
1212 1142 1624 1197 vehementius
1651 1145 1943 1211 accendit,
1977 1146 2082 1202 ad-

441 1232 646 1283 monet
676 1232 731 1283 et
769 1227 1056 1285 refocillat
1081 1231 1272 1300 gratia
1301 1249 1312 1285 :
1348 1230 1673 1304 aliquando
1705 1250 1842 1289 vero
1878 1235 2087 1290 remis-

441 1316 563 1371 sior
599 1314 756 1373 facta
797 1316 1132 1374 subtristior
1177 1326 1445 1390 apparet,
1481 1327 1659 1393 prout
1713 1324 1845 1394 ipsa
1894 1325 2087 1395 gratia

439 1403 751 1474 dispensat
806 1405 884 1460 ad
933 1405 1403 1464 emolumentum
1456 1410 1737 1466 hominis.
1773 1412 1915 1477 Quis
1947 1428 2088 1469 vero

440 1507 712 1565 unquam
736 1493 812 1549 ad
828 1495 1152 1565 perfectum
1193 1497 1448 1567 gradum
1464 1514 1811 1571 progressus
1824 1503 2086 1571 gustavit

440 1585 498 1636 et
544 1581 875 1652 periculum
929 1583 1062 1639 fecit
1110 1585 1265 1640 illius
1308 1587 1506 1643 saeculi
1538 1589 1565 1645 ?
1596 1590 1873 1645 Nondum
1927 1592 2085 1648 enim

438 1669 628 1725 ullum
660 1671 779 1726 vidi
827 1671 1152 1743 perfectum
1182 1675 1487 1731 hominem
1539 1678 1932 1736 Christianum
1984 1686 2087 1737 aut

2200 511 2300 583 ἀὴρ
2368 515 2563 584 παχὺς,
2625 516 2798 564 καίτοι
2850 516 3065 566 πάντοτε
3114 521 3204 575 τῆς
3259 514 3533 588 λαμπάδος
3588 528 3809 595 καιομέ-

2199 621 2285 661 νης
2364 607 2452 654 καὶ
2509 604 2831 673 φαινούσης²

2202 694 2329 761 φωτὶ
2382 690 2649 762 κάλυμμα.
2699 690 2851 743 Ὀθεν
2904 690 3146 764 ὁμολογεῖ
3192 689 3360 757 οὖτος,
3412 697 3489 748 ὄτι
3553 698 3648 751 οὐκ
3688 703 3810 753 ἔστι

2197 777 2402 844 τέλειος,
2466 776 2590 831 οὐδὲ
2654 778 2911 851 ἐλεύθερος
2982 783 3038 831 τό
3094 779 3206 833 ὅλον
3264 780 3317 833 ἐκ
3369 791 3460 846 τῆς
3512 785 3803 861 ἁμαρτίας.

2198 866 2359 921 Ὠστε
2414 869 2593 936 εἰπεῖν,
2648 870 2728 920 ὅτι
2807 866 3108 922 διαλέλυται
3182 875 3271 922 καὶ
3338 875 3653 943 τέθραυσται
3742 882 3809 932 τό

2924 603 3088 665 οὕτως
3172 602 3427 658 ἐπίκειται
3498 607 3671 681 ἐκείνῳ
3730 620 3809 683 τῷ

2200 961 2516 1029 μεσότοιχον
2559 965 2651 1009 τοῦ
2691 966 2953 1031 φραγμοῦ,
3009 963 3098 1011 καὶ
3147 959 3301 1012 πάλιν
3332 963 3380 1013 ἓν
3410 967 3511 1015 τινὶ
3538 964 3596 1016 οὐ
3629 962 3806 1021 διαλέσ

2199 1046 2351 1099 λυται
2391 1051 2449 1098 τὸ
2505 1046 2636 1111 ὅλον,
2694 1050 2811 1099 οὔτε
2864 1055 3103 1100 πάντοτε.
3158 1049 3308 1103 ⁴Ἐστι
3360 1054 3460 1124 γὰρ
3511 1059 3690 1128 καιρὸς
3721 1057 3807 1108 ὅτε

2200 1136 2348 1188 πλέον
2400 1135 2629 1202 ἐξάπτει,
2696 1140 2781 1188 καὶ
2835 1136 3145 1211 παρακαλεῖ,
3186 1143 3276 1190 καί
3334 1137 3622 1195 ἀναπαύει·
3688 1146 3808 1197 ἔστι

2198 1228 2397 1301 καιρὸς,
2443 1227 2523 1278 ὅτε
2570 1225 2937 1279 ὑποστέλλεται
3011 1231 3101 1279 xui
3171 1230 3474 1299 στυγνάζει,
3536 1233 3599 1292 ὡς
3664 1234 3801 1292 αὑτὴ

2198 1318 2229 1374 ἡ
2279 1317 2439 1388 χάρις
2488 1314 2749 1387 οἰκονομεῖ
2796 1319 2926 1390 πρὸς
2977 1320 3035 1368 τὸ
3085 1321 3345 1390 συμφέρον
3394 1327 3466 1389 τῷ
3524 1319 3803 1397 ἀνθρώπῳ.

2197 1409 2289 1466 Τίς
2319 1401 2377 1457 δε
2408 1406 2433 1455 ὁ
2473 1403 2627 1456 aea»
2667 1404 2733 1465 εἰς
2784 1407 2842 1457 τὸ
2891 1408 3077 1478 μέτρον
3132 1409 3190 1458 τὸ
3244 1407 3431 1460 τίλειον
3483 1407 3532 1460 ἒν
3576 1419 3803 1486 καιροῖς,

2198 1497 2286 1546 καὶ
2341 1494 2673 1565 γευσάμενος,
2723 1497 2811 1546 καὶ
2867 1500 3050 1569 πεῖραν
3088 1497 3225 1565 ἔχων
3284 1494 3477 1549 ἐκείνου
3533 1506 3623 1551 τοῦ
3679 1500 3807 1553 αἰῶ-

2198 1600 2328 1649 νος;
2388 1583 2588 1655 Ἀκμὴν
2647 1585 2751 1656 γὰρ
2818 1580 3008 1637 οὐδένα
3067 1581 3205 1637 εἶδον
3289 1585 3478 1639 τέλειον
3531 1590 3808 1665 ἄνθρωπον

2198 1676 2538 1748 Χριστιανὸν,
2572 1673 2601 1731 ἦ
2653 1672 2909 1746 ἐλεύθερον
2938 1691 2951 1702 ·
3009 1672 3116 1725 ἀλλ’
3147 1674 3190 1726 εἰ
3229 1680 3319 1727 καὶ
3356 1673 3675 1732 ἀναπαύεταί
3724 1700 3811 1741 τις

441 1758 712 1814 liberum.
744 1761 860 1816 Sed
890 1763 1167 1832 quamvis
1216 1766 1559 1837 acquiescat
1606 1769 1743 1840 quis
1780 1770 1840 1824 in
1871 1771 2080 1841 gratia,

2202 1765 2250 1814 ἓν
2279 1770 2341 1835 τῇ
2375 1764 2583 1835 χάριτι,
2638 1766 2727 1814 καὶ
2775 1762 3075 1837 εἰσέρχεται
3133 1763 3202 1823 εἰς
3251 1770 3527 1839 μυστήρια
3555 1772 3647 1820 καὶ
3677 1767 3807 1822 ἀπο-

437 1853 618 1920 atque
637 1850 713 1905 ad
740 1852 1039 1921 mysteria,
1068 1853 1453 1911 revelationes
1481 1873 1551 1912 ac
1572 1858 1935 1915 immensam
1954 1876 2088 1916 sua-

437 1940 677 1995 vitatem
703 1941 905 2010 gratiae
935 1944 1264 2013 perveniat,
1299 1946 1689 2003 nihilominus
1723 1953 1922 2005 tamen
1952 1966 2087 2021 pec-

436 2034 636 2085 catum
690 2030 889 2086 adhuc
924 2031 981 2086 in
1031 2048 1101 2087 eo
1165 2034 1365 2090 haeret.
1409 2037 1518 2101 Qui
1553 2036 1699 2092 tales
1751 2054 1893 2095 vero
1926 2048 2083 2105 sunt,

440 2122 682 2191 propter
738 2119 1101 2177 immensam
1151 2124 1404 2192 gratiam
1455 2131 1509 2179 et
1560 2126 1764 2181 lumen
1813 2128 1929 2183 illis
1978 2129 2085 2185 ad-

440 2206 691 2276 haarens,
744 2225 805 2263 se
874 2210 1166 2280 perfectos
1224 2216 1283 2266 et
1365 2213 1586 2269 liberos
1672 2222 1968 2288 reputant,
2017 2234 2087 2274 ex

438 2294 731 2366 imperitia
770 2296 1025 2369 decepti,
1054 2303 1369 2371 postquam
1426 2303 1735 2373 possident
1789 2307 1903 2361 vim
1951 2322 2088 2376 gra-

438 2385 553 2440 tias.
589 2387 799 2442 Verum
824 2387 1083 2444 necdum
1112 2389 1231 2443 vidi
1266 2389 1449 2445 ullum
1476 2391 1750 2448 liberum.
1779 2395 2085 2467 Siquidem

438 2478 493 2528 et
522 2488 633 2543 ego
665 2490 736 2530 ex
770 2481 933 2547 parte
957 2476 1158 2549 aliqua
1188 2477 1516 2550 aliquando
1539 2482 1615 2537 ad
1639 2484 1895 2552 gradum
1919 2484 2084 2541 illum

438 2564 701 2632 perveni,
731 2569 786 2620 et
836 2566 1109 2637 cognovi,
1143 2566 1371 2622 nullum
1420 2583 1548 2625 esse
1596 2570 1903 2629 hominem
1956 2589 2085 2646 per-

434 2649 675 2707 fectum.

506 2775 598 2829 VI.
632 2774 1045 2848 Interrogatio.
1071 2781 1177 2837 Dic
1208 2782 1371 2839 nobis
1402 2784 1463 2840 in
1489 2785 1703 2856 quibus
1728 2791 1791 2842 tu
1814 2790 2083 2846 consistis

433 2864 722 2935 gradibus
750 2867 779 2920 Ϋ

504 2991 844 3060 Responsio.
880 2995 1012 3050 Post
1054 2996 1295 3068 signum
1327 3001 1519 3057 crucis
1564 3004 1758 3074 gratia
1807 3019 1968 3061 nunc
2000 3005 2083 3061 sic

2197 1850 2463 1921 καλύψας,
2499 1856 2588 1903 καὶ
2618 1851 2689 1914 εἰς
2722 1850 2963 1909 ἡδύτητα
3010 1852 3203 1911 πολλὴν
3244 1857 3338 1911 τὴν
3381 1857 3621 1927 χάριτος,
3665 1859 3809 1929 ὅμως

2198 1946 2286 1993 καὶ
2334 1942 2363 1998 ἠ
2413 1940 2645 2014 ἁμαρτία
2696 1944 2933 1994 σύνεστιν
3002 1939 3174 2012 ἀκμὴν
3219 1944 3321 1995 ἔσω
3356 1959 3369 1974 ·
3405 1943 3555 1997 αὐτοὶ
3596 1943 3674 2011 δέ,
3712 1944 3808 1999 διὰ

2198 2034 2290 2088 τὴν
2319 2029 2741 2104 ὑπερϐάλλουσαν
2788 2034 2952 2105 χάριν
2984 2035 3073 2083 xui
3102 2034 3161 2083 τό
3193 2031 3242 2082 ἐν
3274 2031 3453 2095 αὐτοῖς
3492 2042 3616 2106 φῶς,
3660 2041 3783 2108 νομί
3796 2068 3808 2077 -

2198 2119 2382 2179 ζουσιν
2435 2118 2687 2195 ἐλεύθεροι
2754 2121 2883 2172 εἶναι
2952 2125 3041 2173 καὶ
3088 2119 3289 2187 τέλειοι,
3359 2125 3501 2194 παρὰ
3564 2122 3807 2199 ἀπειρίαν

2200 2207 2563 2279 σφαλλόμενοι,
2612 2204 2795 2267 ἐπειδὴ
2851 2207 3070 2279 ἔχουσιν
3127 2209 3383 2283 ἐνέργειαν
3412 2220 3509 2273 τῆς
3554 2214 3801 2285 χάριτος,

2199 2295 2369 2367 ἀκμὴν
2405 2292 2465 2349 δὲ
2501 2294 2688 2349 οὐδένα
2745 2293 2882 2349 εἶδον
2931 2297 3207 2370 ἐλεύθερον.
3256 2296 3469 2358 Ἐπειδὴ
3530 2299 3679 2373 κάγώ
3718 2322 3808 2374 με·

2195 2393 2354 2459 ρικῶς
2392 2384 2440 2437 ἐν
2466 2392 2668 2459 καιροῖς
2727 2405 2885 2451 τισιν,
2922 2386 3159 2446 εἰσῆλθον
3199 2388 3272 2449 εἰς
3315 2387 3533 2441 ἕκεῖνοτὸ
3593 2395 3803 2463 μέτρον,

2196 2478 2286 2526 καὶ
2333 2471 2456 2527 οἶδα
2520 2476 2855 2548 καταμαθὼν,
2916 2484 3024 2537 πῶς
3090 2476 3184 2529 οὐκ
3232 2479 3346 2530 ἔστι
3398 2478 3583 2539 τελειος
3631 2481 3657 2532 ὁ
3720 2482 3809 2532 οἶν-

2200 2565 2423 2637 θρωπος.

2268 2775 2341 2842 ς’.
2376 2776 2741 2851 Ἐρώτησις.
2771 2777 2920 2832 Εἰπέ
2954 2779 3106 2850 ἡμῖν
3134 2781 3229 2846 σὺ,
3266 2780 3324 2831 ἐν
3364 2783 3584 2843 ποίοις
3622 2781 3679 2834 εἶ
3701 2786 3801 2853 μέ-

2193 2886 2414 2942 τροις;

2264 2992 2668 3067 Ἀπόκρισις.
2702 2994 2847 3046 Μετὰ
2888 2996 2946 3045 τὸ
2982 2999 3194 3064 σημεῖον
3225 2999 3316 3045 τοῦ
3356 3001 3610 3067 σταυροῦ,
3638 3000 3725 3045 νῦν
3753 2996 3785 3053 ἡ

434 3083 735 3151 operatur,
763 3086 820 3137 et
843 3084 1043 3154 quieta
1072 3085 1267 3141 reddit
1313 3090 1521 3147 omnia
1559 3093 1833 3148 membra
1876 3099 1932 3150 et
1957 3110 2079 3162 cor,

2197 3083 2353 3155 χάρις
2401 3082 2563 3144 οὕτως
2612 3086 2804 3155 ἐνεργεῖ
2847 3086 2936 3135 xui
3000 3082 3246 3155 εἰρηνεύει
3288 3081 3381 3134 ὅλα
3424 3085 3488 3135 τὰ
3530 3082 3658 3154 μέλη
3703 3089 3795 3137 καὶ

2236 3175 2245 3187 η
2442 3168 2486 3189 “1
2638 3174 2656 3185 ’⁸
2853 3176 2864 3189 ο
2972 3171 2982 3189 Ι
3092 3176 3102 3189 ι
3180 3169 3191 3187 ν
3296 3180 3316 3189 ι.
3448 3171 3537 3189 ΧἏ-
3740 3180 3760 3188 -

436 3172 501 3225 ut
522 3170 724 3226 anima
741 3187 863 3240 prae
878 3188 1115 3230 summa
1129 3174 1351 3244 laetitia,
1370 3185 1655 3251 tanquam
1672 3183 1905 3253 puellus
1921 3184 2080 3241 frau-

432 3257 523 3313 dis
536 3258 780 3330 ignarus
801 3261 1091 3327 videatur,
1112 3280 1219 3320 nec
1246 3268 1505 3339 amplius
1522 3270 1706 3328 homo
1722 3272 2083 3330 condemnet

434 3348 696 3403 Graecum
723 3354 821 3404 aut
840 3350 1135 3419 Judaeum,
1165 3360 1268 3411 aut
1293 3363 1685 3428 peccatorem,
1712 3367 1813 3418 aut
1854 3364 2081 3420 mundo

432 3434 701 3491 deditum
728 3453 742 3493 :
769 3454 975 3495 verum
1011 3441 1251 3499 interior
1280 3445 1463 3504 homo
1485 3450 1659 3506 oculo
1684 3467 1835 3523 puro
1867 3470 2079 3510 omnes

431 3524 667 3593 aspicit,
701 3525 1006 3583 etlaetatur
1035 3529 1215 3586 homo
1253 3534 1327 3589 de
1366 3540 1486 3592 toto
1522 3541 1771 3606 mundo,
1804 3545 2082 3600 omnino-

431 3628 550 3685 que
581 3614 743 3684 cupit
773 3617 1041 3672 venerari
1075 3624 1131 3675 et
1177 3621 1420 3693 diligere
1451 3625 1687 3683 Graecos
1737 3636 1792 3685 et
1820 3632 2077 3689 Judaeos.

432 3699 557 3755 Alia
587 3701 852 3771 quadam
882 3703 1029 3761 hora
1059 3707 1240 3764 veluti
1269 3710 1425 3767 ﬁlius
1455 3717 1609 3784 regis
1659 3717 1905 3775 conﬁdit
1944 3720 2081 3778 Filio

429 3788 529 3843 Dei
564 3794 854 3862 tauquam
895 3794 1068 3863 patri,
1120 3804 1175 3853 et
1228 3801 1576 3871 aperiuntur
1604 3807 1657 3862 ei
1690 3806 1864 3874 fores,
1899 3815 1955 3866 et
1997 3812 2081 3866 in-

429 3877 695 3972 greditur
745 3879 900 3972 intro
957 3883 1017 3939 in
1077 3887 1293 3944 multas
1341 3894 1703 3953 mansiones.
1748 3900 1816 3953 Et
1853 3906 2079 3972 quanto

430 3967 624 4039 magis
654 3968 1004 4038 ingreditur,
1039 3990 1272 4031 rursum
1306 3980 1655 4050 aperiuntur
1679 3986 1731 4041 ei
1755 3967 1930 4058 juxta
1947 4004 2080 4061 pro-

424 4058 755 4129 portionem
787 4074 822 4114 a
850 4065 1087 4119 centum
1115 4068 1530 4125 mansionibus
1557 4074 1633 4130 ad
1664 4074 1811 4133 alias
1837 4058 2077 4138 centum

428 4148 793 4213 mansiones,
812 4156 867 4208 et
896 4152 1156 4221 ditescit;
1173 4162 1227 4211 et
1247 4165 1474 4229 quanto
1499 4164 1693 4232 magis
1708 4165 1961 4235 ditescit,
1978 4169 2076 4225 de-

426 4248 547 4292 nuo
567 4238 687 4295 alia
717 4243 1045 4299 recentiora
1059 4244 1350 4304 mirabilia
1368 4248 1415 4304 ei
1436 4260 1858 4311 monstrantur.
1875 4260 1938 4313 Et
1956 4272 2077 4313 cre-

424 4323 650 4417 duntur
705 4329 758 4383 ei
789 4336 1077 4404 tanquam
1114 4334 1233 4391 tilio
1272 4342 1328 4393 et
1382 4339 1603 4397 haeredi
1652 4358 1766 4409 res,
1807 4360 1941 4417 quaa
1995 4347 2073 4403 ab

424 4412 695 4472 humana
734 4424 948 4477 natura
996 4424 1277 4495 explicari
1330 4436 1655 4501 nequeunt,
1689 4448 1797 4490 nec
1817 4412 1918 4491 ore
1974 4442 2074 4494 aut

425 4502 632 4575 lingua
658 4508 920 4565 enodari.
958 4511 1151 4569 Gloria
1181 4516 1321 4574 Deo.
1349 4522 1557 4576 Amen.

1042 4639 1323 4697 HOMILIA
1353 4644 1440 4701 IX.

423 4757 942 4845 Pcomi'ssioneslac
960 4762 1313 4845 prophetias
1331 4768 1565 4845 divinas
1585 4788 1691 4839 per
1710 4775 1908 4833 varias
1934 4793 2072 4845 pro-

490 4827 825 4908 bationesct
852 4827 1201 4908 ιθηξαιὶὀηεε
1214 4837 1481 4908 impleri:
1498 4849 1552 4897 et
1578 4827 1692 4899 soli
1715 4827 2072 4906 perﬁci/ici-

496 4900 681 4954 rendo
710 4900 957 4957 liberari
984 4920 1089 4960 nos
1140 4907 1215 4962 ab
1244 4900 1723 4978 idfestationibus
1762 4900 2068 4976 {imam}.

494 5131 541 5187 Ι.
581 5131 913 5202 Spiritualis
942 5138 1143 5207 gratias
1160 5139 1260 5195 Dei
1276 5142 1484 5210 virtus,
1513 5161 1643 5217 quae
1657 5150 1931 5208 etanima
1945 5169 2069 5209 ver-

423 5225 606 5286 satur,
660 5236 795 5276 cum
849 5241 1088 5282 summa
1154 5229 1628 5302 longanimitate,
1665 5238 1982 5311 sapientia,
2015 5247 2070 5299 et

420 5309 866 5381 dispensatione
921 5317 1133 5372 mentis
1182 5321 1439 5391 mystica
1490 5332 1787 5396 operatur,
1846 5309 2069 5401 magna

420 5400 600 5455 etiam
616 5415 752 5454 cum
770 5403 1053 5471 patientia
1072 5424 1207 5464 cum
1226 5413 1506 5483 temporis
1523 5400 2067 5487 opportunitatibus

419 5490 664 5547 homine
712 5491 1054 5552 dimicante.
1086 5500 1246 5555 Tunc
1276 5508 1477 5558 autem
1518 5519 1671 5575 opus
1698 5508 1903 5575 gratiae
1928 5525 2067 5580 per-

420 5577 641 5635 fectum
666 5581 815 5639 ineo
847 5591 1116 5657 apparet,
1148 5590 1395 5661 quando
1421 5591 1670 5651 liberam
1698 5596 1825 5667 ejus
1855 5577 2069 5655 volun-

420 5670 602 5725 tatem
629 5675 759 5742 post
788 5689 1077 5746 magnam
1135 5680 1520 5740 tentationem
1577 5685 1814 5757 Spiritui
1860 5692 2066 5746 sancto

2191 3175 2285 3229 τὴν
2324 3168 2571 3244 καρδίαν,
2622 3174 2757 3225 ὥστε
2808 3176 2902 3230 τὴν
2955 3171 3141 3243 ψυχὴν
3172 3169 3226 3223 ἐκ
3256 3180 3351 3232 τῆς
3379 3171 3573 3234 πολλῆς
3613 3180 3798 3244 χαρᾶς

2192 3262 2259 3322 ὡς
2302 3256 2516 3313 παιδίον
2560 3261 2754 3313 ἄκακον
2794 3262 3087 3333 φαίνεσθαι,
3138 3264 3226 3313 καὶ
3279 3260 3453 3313 οὐκέτι
3491 3267 3795 3335 κατακρίνει

2193 3351 2218 3401 ό
2284 3349 2554 3422 ἅνθρωπος
2599 3348 2819 3410 Ἕλληνα
2865 3353 2895 3409 ἦ
2952 3346 3231 3414 Ἰουδαῖον,
3296 3352 3327 3408 ἤ
3388 3349 3715 3424 ἁμαρτωλὸν,
3760 3352 3792 3410 ᾖ

2191 3444 2449 3510 κοσμικόν
2481 3455 2494 3468 '
2547 3438 2654 3491 ἀλλ’
2703 3441 2728 3490 ὁ
2783 3442 2887 3492 ἔσω
2940 3438 3211 3513 ἅνθρωπος
3264 3441 3476 3514 καθαρῷ
3541 3438 3797 3512 ὀφθαλμῷ

2190 3531 2387 3590 πὰντας
2440 3530 2554 3602 ὁρᾷ,
2634 3533 2722 3581 καὶ
2771 3532 2953 3600 χαίρει
3005 3530 3031 3580 ὁ
3091 3529 3363 3603 ἅνθρωπος
3422 3527 3507 3581 ἐπὶ
3567 3529 3667 3600 ὅλῳ
3719 3538 3797 3600 τῷ

2190 3622 2393 3690 κόσμῳ,
2446 3622 2537 3671 xui
2593 3618 2796 3678 πάντως
2852 3616 2982 3670 θέλει
3044 3624 3352 3690 προσκυνεῖν
3434 3623 3525 3670 καὶ
3581 3617 3795 3689 ἀγαπᾷν

2188 3706 2435 3768 Έλληνας
2483 3711 2571 3759 καὶ
2618 3703 2933 3769 Ἰουδαίους.
2983 3705 3142 3780 Ἀλλ-ῃ
3196 3708 3306 3781 ὥρᾳ
3361 3709 3475 3768 υίὸς
3527 3706 3794 3780 βασιλέως

2191 3798 2324 3850 οὕτω
2358 3793 2535 3872 θαῤῥεῖ
2563 3805 2633 3867 τῷ
2686 3798 2790 3867 Υἱῷ
2838 3804 2928 3848 τοῦ
2988 3802 3120 3849 Θεοῦ
3178 3798 3246 3857 ὡς
3298 3802 3476 3868 πατρὶ,
3531 3802 3621 3850 καὶ
3653 3797 3796 3851 ἀνοί-

2188 3905 2370 3957 γονται
2427 3885 2565 3955 αὐτῷ
2623 3886 2798 3957 θύραι,
2847 3888 2933 3935 καὶ
2974 3883 3269 3956 εἰσέρχεται
3312 3881 3456 3936 ἔνδον
3488 3884 3559 3945 εἰς
3598 3884 3797 3946 πολλὰς

2189 3977 2366 4048 μονὰς,
2423 3980 2511 4027 καὶ
2541 3977 2659 4026 ὅσον
2724 3972 3039 4045 εἰσέρχεται,
3095 3971 3245 4024 πάλιν
3301 3971 3591 4045 ἀνοιγονται
3645 3974 3796 4045 αὐτῷ

2186 4067 2315 4140 πρὸς
2357 4064 2528 4137 λόγον,
2564 4062 2663 4115 ἀπὸ
2702 4062 2879 4115 ἑκατόν
2938 4070 3102 4134 μονῶν
3154 4061 3225 4124 εἰς
3276 4061 3435 4124 ἄλλας
3470 4062 3649 4115 ἑκατὸν
3696 4084 3798 4136 μο-

2187 4156 2289 4219 νὰς,
2324 4158 2413 4205 xui
2465 4153 2675 4205 πλουτεῖ
2715 4166 2727 4178 ·
2782 4154 2871 4203 καὶ
2911 4154 3016 4224 ὅσῳ
3066 4151 3294 4217 πλουτεῖ,
3328 4152 3482 4204 πάλιν
3513 4152 3647 4205 ἄλλα
3673 4174 3795 4206 και-

2184 4248 2362 4317 νότερα
2415 4244 2687 4314 θαυμάσια
2742 4237 3010 4293 δείκνυται
3064 4241 3225 4312 αὐτῷ.
3272 4246 3370 4295 Καὶ
3413 4240 3793 4314 ὶμπιστεύεται

2184 4334 2252 4393 ὡς
2290 4332 2407 4401 υἱῷ,
2440 4337 2531 4382 καὶ
2562 4330 2861 4404 κληρονόμῳ
2909 4336 3198 4403 πράγματα
3244 4334 3317 4402 μὴ
3377 4326 3645 4403 δυνάμενα
3690 4332 3794 4407 ῥη-

2186 4423 2334 4480 θῆναι
2366 4422 2465 4472 ὑπὸ
2508 4423 2701 4491 φύσεως
2732 4418 3078 4492 ἀνθρωπίνης,
3130 4421 3158 4478 ἢ
3203 4424 3427 4493 στόματι
3453 4424 3542 4473 καὶ
3566 4420 3787 4493 γλώσσῃ

2107 4498 2151 4553 D
2184 4508 2593 4584 διαρθρωθῆναι.
2625 4508 2757 4571 Δόξα
2789 4517 2860 4580 τῷ
2889 4516 3023 4580 Θεῷ.
3063 4508 3253 4581 Ἀμήν.

2788 4636 3039 4690 ΟΜΙΛΙΑ
3079 4634 3166 4691 ϐ’.

2181 4762 2303 4830 Τὰς
2366 4757 2912 4830 ἐπαγγελίαςκαὶ
2960 4761 3373 4830 ’προφητείας
3446 4764 3560 4811 τοῦ
3620 4766 3788 4813 Θεοῦ

2255 4828 2371 4884 διὰ
2433 4826 3352 4904 παμποικίληςᾲδοκιμασίας
3404 4835 3513 4883 καὶ
3554 4836 3789 4904 πειρά-

2255 4922 2407 4963 σεως
2470 4899 3055 4977 διαπληροῦσθα-ιο
3110 4899 3235 4953 xui
3285 4906 3465 4977 fuin
3527 4911 3607 4972 τῷ
3650 4899 3786 4977 Θεῷ

2252 4972 2913 5049 προσκαρτεροῦντας
2978 4972 3379 5049 λυτροῦσθαι
3441 4975 3605 5045 ἡμᾶς
3663 4972 3784 5027 ἀπό

2251 5046 2367 5100 τῶν
2400 5054 2508 5098 τοῦ
2551 5046 2842 5119 Πονηροῦ
2882 5046 3266 5120 πειράσεων.

2249 5154 2330 5210 A'.
2361 5154 2419 5207 Ἦ
2462 5160 2554 5207 τοῦ
2600 5160 2734 5208 Θεοῦ
2763 5156 3084 5223 πνευματικὴ
3127 5161 3220 5212 τῆς
3275 5152 3500 5226 χάριτος
3556 5151 3788 5226 ἐνέργεια

2179 5244 2409 5317 ἐνψυχῇ
2472 5247 2771 5315 γιγνομένη,
2826 5244 2956 5314 μετὰ
3010 5241 3197 5302 πολλῆς
3246 5243 3636 5316 μακροθυμίας,
3691 5246 3786 5294 καὶ

2181 5338 2381 5406 σοφίας,
2462 5337 2551 5385 καὶ
2626 5332 2917 5404 οἰκονομίας
2982 5333 3095 5391 νοὸς
3157 5338 3416 5403 μυστικῆς
3467 5330 3785 5403 κατεργάζε-

2177 5443 2284 5487 ται,
2343 5424 2591 5494 καὶμετά
2641 5420 2832 5483 πολλῆς
2886 5422 3144 5492 ὑπομονῆς
3184 5422 3399 5491 χρόνοις
3438 5424 3528 5470 καὶ
3571 5426 3781 5492 καιροῖς

2178 5518 2269 5564 τοῦ
2301 5509 2571 5582 ἀνθρώπου
2612 5508 2990 5581 ἀγωνιζομένου
3023 5522 3037 5538 ·
3075 5513 3163 5560 καὶ
3212 5511 3325 5560 τότε
3385 5510 3443 5559 τὸ
3491 5509 3635 5581 ἔργον
3684 5516 3782 5567 τῆς

2176 5602 2401 5675 χάριτος
2456 5598 2643 5652 τέλειον
2690 5599 2759 5661 εἰς
2809 5601 2965 5651 αὐτὸν
3046 5593 3440 5664 ἀποδείκνυται,
3514 5603 3605 5655 τῆς
3651 5599 3778 5647 αῦτ-

2177 5689 2412 5754 ἕξουσίου
2474 5692 2825 5765 προαιρέσεως
2871 5689 3001 5761 μετὰ
3052 5684 3243 5748 πολλῆς
3285 5682 3602 5759 δοκιμασίας
3657 5684 3773 5738 εὐα-
