4084 6256
236 254 339 309 533

1511 253 1856 311 HOMILI/E.
1898 289 1966 298 —
2004 256 2177 314 HOM.
2222 261 2315 314 IX.

3483 255 3589 312 534

220 382 412 451 ρίστου
445 384 516 448 τῷ
555 380 816 451 Πνεύματι
855 378 1288 452 ἀποδειχθείσης,
1343 383 1432 432 καὶ
1481 377 1576 432 διὰ
1623 383 1826 453 χρόνων

1945 385 2174 457 placere
2223 386 2604 445 manifestum
2660 389 2764 451 est,
2814 388 2870 442 et
2925 384 3170 458 quando
3199 399 3270 439 ex
3305 397 3591 438 successu

219 473 315 526 τὴν
345 465 575 539 δοκιμήν
631 474 722 520 καὶ
774 473 868 528 τὴν
911 471 1173 542 ὑπομονὴν
1232 467 1640 542 ἐπιδειξαμένου.
1696 473 1829 522 Tuti.

220 577 318 614 την
373 554 434 610 δὲ
483 562 577 616 τὴν
619 557 927 611 ἀκολουθίαν
986 559 1088 611 ἀπὸ
1140 567 1239 610 τῶν
1295 561 1642 612 θεοπνεύστων
1701 565 1828 633 Γρα-

223 655 331 719 φῶν
387 643 482 699 διὰ
539 655 638 698 τῶν
683 650 731 699 ἓν
781 656 977 721 φανερῷ
1031 653 1380 720 γεγενημένων
1433 653 1605 701 τύπων
1660 669 1831 724 παρα-

228 741 507 808 στήσωμεν
521 780 534 794 .

307 861 450 914 Β”Ο
504 857 564 914 δε
614 861 745 933 λέγω
815 865 1046 914 τοιοῦτὸν
1115 859 1275 927 ἔστιν,
1326 857 1430 914 οἶον
1485 863 1553 923 ὡς
1608 860 1688 914 ἐπὶ
1737 868 1829 914 τοῦ

225 953 445 1023 Ἰωσήφ.
479 951 559 1004 Ἐν
600 955 786 1013 πόσοις
819 957 1019 1024 καιροῖς
1055 956 1143 1003 καὶ
1192 955 1408 1024 χρόνοις
1463 955 1521 1003 τὸ
1586 950 1832 1022 βούλημα

222 1047 316 1094 τοῦ
350 1046 484 1093 Θεοῦ
534 1043 591 1092 τὸ
645 1044 760 1113 περὶ
809 1040 971 1091 αὐτοῦ
1028 1042 1309 1112 ὡρισμένον
1371 1039 1628 1110 ἐτελέσθη,
1659 1043 1830 1092 καὶτά

225 1131 473 1203 ὁράματα
501 1128 775 1202 ἐπληρώθη
813 1150 824 1192 ;
887 1132 974 1180 xui
1031 1127 1078 1180 ίν
1125 1133 1307 1189 πόσοις
1362 1132 1610 1201 πρότερον
1649 1132 1827 1190 πόνοις

222 1224 316 1270 καὶ
367 1217 600 1289 θλίψεσι,
654 1222 743 1270 καὶ
797 1222 1173 1291 στενοχωρίαις
1208 1214 1546 1289 δοκιμασθεὶς
1595 1218 1828 1290 ὑπέμεινε

224 1310 401 1361 πάντα
437 1311 703 1378 γενναίως,
754 1311 843 1360 καὶ
895 1307 965 1368 είς
1022 1309 1190 1360 πάντα
1248 1304 1466 1380 δόκιμος
1504 1313 1592 1359 καὶ
1642 1310 1828 1368 πιστὸς

221 1405 295 1467 τῷ
355 1403 470 1465 Θεῷ
515 1396 733 1470 εὑρεθεὶς
763 1392 970 1460 δοῦλος,
1007 1398 1122 1449 τότε
1152 1395 1398 1468 βασιλεὺς
1453 1397 1718 1467 Αἰγύπτου
1744 1400 1828 1468 γὲ-

223 1505 365 1558 γονε,
426 1488 517 1537 καὶ
560 1488 620 1537 τὸ
668 1490 814 1556 γένος
865 1485 1026 1538 αὐτοῦ
1082 1483 1343 1559 διέθρεψε,
1401 1489 1489 1538 καὶ
1544 1489 1831 1558 προφητεία

223 1583 328 1626 τῶν
381 1571 615 1646 ἀοράτων
661 1574 995 1639 ἀπετελέσθη,
1057 1577 1233 1627 καὶτὸ
1285 1574 1528 1648 βούλημα
1575 1583 1662 1627 τοῦ
1696 1582 1828 1627 Θεοῦ

227 1660 324 1716 διὰ
371 1666 576 1735 χρόνων
629 1667 718 1715 καὶ
769 1663 1064 1736 οἰκονομίας
1114 1663 1306 1725 πολλῆς
1375 1669 1467 1723 τὴν
1541 1663 1830 1739 πρὸῤῥησιν

226 1751 452 1823 εἰληφός.

303 1873 370 1927 Γ.
400 1874 621 1947 Ὁμοίως
645 1879 764 1948 περὶ
810 1881 902 1928 τοῦ
945 1872 1128 1930 Δαϐίδ.
1178 1875 1236 1928 Ὀ
1277 1879 1406 1939 Θεὸς
1437 1878 1646 1951 ἔχρισεν
1679 1876 1833 1930 αὐτὸν

229 1964 302 2026 εἰς
361 1963 587 2037 βασιλέα
633 1960 726 2017 διά
793 1965 1030 2038 Σαμουὴλ
1090 1973 1181 2017 τοῦ
1234 1971 1540 2038 προφήτου·
1609 1971 1698 2018 καὶ
1754 1969 1835 2021 ὅτε

227 2055 482 2125 ἓγρίσθη,
569 2058 685 2106 τότε
757 2056 910 2126 ἔφυγε

231 2143 586 2216 ἀναιρεθῆναι.
620 2147 719 2196 Καὶ
751 2150 851 2194 ποῦ
906 2145 934 2201 ἡ
990 2149 1180 2216 χρίσις
1232 2151 1323 2196 τοῦ
1355 2149 1501 2210 Θεοῦ,
1557 2149 1646 2196 καὶ
1679 2153 1776 2198 ποῦ
1803 2149 1831 2204 ἡ

988 2050 1303 2127 διωκόμενος
1360 2057 1460 2107 ὑπὸ
1519 2062 1608 2107 τοῦ
1676 2056 1837 2108 Σαούλ

228 2231 534 2303 ἐπαγγελία,
569 2233 637 2292 ὡς
675 2235 804 2304 πρὸς
848 2236 906 2283 τὸ
955 2236 1164 2304 τάχος;
1198 2236 1341 2286 Μετά
1386 2236 1486 2305 γὰρ
1519 2237 1574 2285 τὸ
1605 2237 1837 2306 χρισθῆ-

226 2341 330 2392 ναι,
396 2326 509 2373 τότε
551 2318 727 2382 δείνῶς
790 2319 1036 2387 ἐθλίϐετο,
1089 2321 1136 2373 ἐν
1191 2321 1433 2396 ίρημίαις
1471 2322 1831 2395 πελαζόμενος,

225 2416 315 2463 καὶ
361 2411 738 2484 ύστερούμενος
799 2411 895 2472 ἓως
939 2413 1121 2483 ἄρτου,
1177 2417 1265 2464 καὶ
1310 2412 1381 2473 εἰς
1424 2414 1539 2470 ἔθνη
1582 2416 1834 2485 καταφεύ·

222 2521 327 2572 γων
375 2496 468 2552 διὰ
509 2504 602 2558 τήν
662 2507 753 2552 τοῦ
805 2499 968 2552 Σαοὺλ
1033 2503 1160 2572 πρὸς
1217 2501 1373 2553 αὑτὸν
1426 2500 1701 2560 ἐπιϐουλὴν
1751 2522 1835 2574 γι-

223 2593 476 2661 γνομένην
502 2605 514 2618 ⁸
550 2590 602 2642 ὃν
639 2590 664 2640 ὁ
697 2592 829 2651 Θεὸς
881 2591 1095 2662 ἔχρισεν
1147 2590 1216 2653 εἰς
1268 2589 1512 2663 βασιλέα,
1569 2595 1832 2653 τοιαύταις

223 2682 518 2750 περιείχετο
566 2677 826 2748 θλίψεσιν.
879 2677 1006 2730 Εἶτα
1057 2683 1274 2753 χρόνοις
1328 2677 1689 2752 δοκιμασθεὶς,
1742 2686 1831 2734 καὶ

228 2766 433 2831 θλιϐεἱς,
487 2770 578 2819 καὶ
656 2768 976 2840 πειρασθείς,
1059 2771 1148 2819 καὶ
1201 2770 1638 2840 μακροθυμήσας,
1690 2769 1832 2832 ἅπαξ

223 2861 587 2918 πεπιστευκὼς
651 2863 724 2926 τῷ
781 2863 916 2925 Θεῷ,
1001 2860 1090 2908 καὶ
1157 2856 1336 2909 ἑαυτὸν
1399 2856 1825 2930 πληροφορήσας,

225 2946 327 2997 ὅτι
357 2946 382 2997 ὃ
418 2947 686 3002 ἐποίησε
727 2941 839 2996 διά
877 2952 986 3004 τῆς
1025 2952 1133 2996 τοῦ
1174 2950 1504 3020 προφήτου
1543 2951 1827 3021 χρίσεως

231 3033 323 3094 εἰς
382 3032 509 3104 ίμε,
579 3037 686 3085 καὶ
742 3033 768 3084 ὁ
822 3033 992 3086 εἶπεν
1042 3035 1067 3084 ὁ
1122 3037 1278 3094 Θεὸς
1328 3037 1629 3105 γενέσθαι
1687 3041 1828 3110 περὶ

229 3120 405 3193 ἐμοῦ,
485 3119 937 3192 ἀναμφιϐόλως
1014 3126 1317 3193 γενέσθαι
1397 3119 1524 3180 δεῖ.
1591 3129 1690 3177 Καὶ
1737 3122 1831 3178 διὰ

232 3210 426 3271 πολλῆς
455 3213 836 3284 μακροθυμίας,
870 3211 1085 3286 ὕστερον
1116 3216 1291 3284 γέγονε
1319 3215 1376 3265 τὸ
1407 3220 1499 3264 τοῦ
1540 3221 1673 3266 Θεοῦ
1706 3213 1829 3286 βού-

225 3299 392 3371 λημα,
435 3305 526 3351 καὶ
571 3298 894 3351 ἐϐασίλευσεν
937 3301 960 3351 ὁ
1010 3297 1176 3353 Δαϐὶδ
1223 3303 1353 3373 μετὰ
1382 3300 1570 3363 πολλὰς
1617 3307 1819 3376 πείρας.

232 3392 334 3441 Καὶ
364 3391 483 3440 τότε
537 3389 826 3458 ἐφανερώθη
859 3389 884 3438 ὁ
911 3387 1061 3459 λόγος
1087 3397 1179 3442 τοῦ
1212 3397 1365 3456 Θεοῦ,
1395 3394 1484 3442 καὶ
1514 3391 1542 3448 ἡ
1576 3396 1766 3465 χρίσις
1796 3394 1824 3450 ἡ

230 3474 326 3618 δὸιά
354 3485 448 3530 τοῦ
473 3480 742 3550 προφήτου
787 3484 1115 3551 γεγενημένη,
1151 3479 1342 3551 βεϐαία
1392 3485 1480 3532 καὶ
1508 3479 1706 3544 ἀληθὴς
1731 3481 1830 3535 ἀπ-

230 3583 246 3617 ε
291 3567 474 3618 είγθη.

224 3567 474 3637 εδείχθη.

297 3691 369 3745 Δ’.
428 3688 650 3764 Ὁμοίως
711 3695 799 3744 καὶ
855 3697 973 3767 περὶ
1031 3697 1314 3754 Μωυσέως,
1369 3693 1427 3746 '0
1470 3698 1593 3757 Θεὸς
1649 3703 1828 3749 τοῦτον

223 3783 484 3853 προγνοὺς
531 3785 620 3832 καὶ
672 3787 963 3856 προορίσας
1022 3782 1092 3843 εἰς
1162 3784 1446 3855 ἡγούμενον
1499 3790 1589 3837 καὶ
1636 3785 1830 3861 λυτρω-

224 3874 320 3927 τὴν
379 3877 470 3921 τοῦ
528 3869 675 3938 λαοῦ,
724 3873 834 3922 υίόν
883 3870 1094 3929 ἐποίησε
1140 3874 1382 3943 γενέσθαι
1441 3875 1695 3947 θυγατρὸς
1726 3882 1827 3929 Φα-

223 3963 360 4030 ραὼ,
387 3963 477 4011 xui
530 3958 602 4019 εἰς
649 3957 868 4012 πλοῦτον
928 3958 1228 4032 βασιλικὸν,
1272 3967 1362 4014 καὶ
1416 3962 1485 4024 εἰς
1531 3960 1688 4024 δόξαν
1742 3969 1830 4016 καὶ

223 4051 426 4118 τρυφὴν
467 4047 694 4112 ηὐξήθη,
754 4051 899 4120 πάσῃ
943 4053 1102 4121 σοφίᾳ
1150 4046 1454 4111 παιδευθεὶς
1507 4051 1826 4123 Αἰγυπτίων,

224 4141 317 4187 καὶ
370 4132 673 4210 ἀνδρωθεὶς,
728 4142 818 4189 καὶ
869 4143 1044 4190 πίστει
1072 4142 1338 4210 γενόμενος
1385 4144 1565 4211 μέγας,
1595 4142 1831 4215 ἠρνήσα-

224 4242 284 4276 το
315 4224 489 4276 πάντα
515 4223 699 4293 ἐκεῖνα,
729 4229 822 4284 τὴν
873 4230 1168 4298 κακουχίαν
1220 4231 1310 4279 καὶ
1353 4232 1468 4287 τοὺς
1498 4225 1830 4300 ὀνειδισμοὺς

227 4320 322 4365 τοῦ
387 4320 615 4386 Χριστοῦ
667 4313 858 4386 μᾶλλον
910 4315 1139 4388 ἐλόμενος
1197 4319 1333 4369 κατὰ
1369 4320 1456 4369 τὸν
1486 4316 1829 4371 ἀποστολικὸν

224 4402 399 4474 λόγον,
437 4406 465 4460 ἧ
500 4407 820 4478 πρόσκαιρον
870 4408 1009 4476 ἔχειν
1055 4405 1316 4477 ἁμαρτίας
1373 4407 1687 4465 ἀπόλαυσιν.
1730 4413 1830 4462 Καὶ

227 4493 398 4563 φυγάς
446 4491 711 4563 Αἰγύπτου
769 4498 1006 4565 γεγονὼς,
1059 4499 1219 4547 πόσον
1266 4496 1456 4567 χρόνον
1509 4495 1557 4548 ἐν
1610 4516 1830 4568 ποιμαν-

225 4587 349 4651 τικῇ
412 4576 594 4652 διῆγεν
643 4584 864 4654 ἐργασίᾳ
909 4584 934 4634 ὁ
968 4583 1226 4656 βασιλέως
1271 4587 1401 4650 υίὸς,
1461 4590 1549 4637 καὶ
1598 4585 1670 4647 εἰς
1707 4605 1831 4638 τοσ-

229 4668 393 4725 αύτην
450 4668 758 4739 ἀπόλαυσιν,
833 4677 922 4724 καὶ
974 4678 1170 4745 τρυφὴν
1250 4672 1527 4746 βασιλίκήν
1615 4673 1832 4747 ἀνατρα-

229 4761 381 4830 φείς;
449 4763 536 4812 καὶ
613 4759 776 4821 οὕτως
848 4760 1061 4834 ὕστερον
1120 4758 1337 4834 δόκιμος
1413 4771 1483 4833 τῷ
1560 4768 1688 4834 Θεῷ,
1743 4768 1832 4815 καὶ

226 4849 420 4908 πιστὸς
486 4844 579 4900 διά
629 4856 720 4909 τῆς
767 4849 958 4912 πολλῆς
1023 4853 1390 4922 μακροθυμίας
1447 4854 1688 4924 εὑρεθεὶς,
1749 4853 1834 4904 οἷα

227 4935 451 4996 πολλοὺς
517 4942 842 5009 πειρασμοὺς
911 4939 1209 5011 ὑπομείνας,
1288 4939 1480 5010 ἐγένετο
1567 4940 1833 5015 λυτρωτὴς

226 5030 320 5078 καὶ
368 5027 650 5098 ἡγούμενος
707 5032 798 5079 καὶ
844 5026 1092 5098 βασιλεὺς
1148 5035 1239 5080 τοῦ
1286 5028 1516 5103 Ἰσραὴλ,
1577 5035 1665 5083 καὶ
1707 5034 1835 5092 Θεὸς

228 5123 323 5166 τοῦ
355 5120 542 5188 Φαραὼ
588 5116 686 5168 ὑπὸ
743 5123 834 5167 τοῦ
883 5124 1015 5168 Θεοῦ
1064 5120 1467 5190 προσηγορεύθη
1504 5135 1516 5148 ·
1572 5115 1644 5171 δι’
1675 5120 1833 5171 αύτοῦ

225 5207 330 5276 γὰρ
364 5207 627 5275 Αἴγυπτον
661 5204 931 5277 ἐμάστιξε,
966 5210 1055 5257 καὶ
1085 5209 1151 5259 τά
1179 5206 1379 5278 μεγάλα
1434 5212 1522 5260 καὶ
1564 5210 1834 5280 θαυμάσια

233 5295 258 5344 ὁ
293 5296 428 5354 Θεὸς
467 5290 538 5346 δι’
592 5293 750 5346 αὐτοῦ
800 5302 869 5363 τῷ
916 5299 1102 5369 Φαραὼ
1135 5292 1436 5362 ἐνεδείξατο,
1491 5302 1579 5350 καὶ
1614 5297 1754 5359 τέλος
1784 5296 1831 5349 ἐν

302 5445 349 5480 ⁸⁸
384 5444 526 5501 Gen.
557 5460 757 5512 xxmx,
797 5451 817 5501 1
850 5461 997 5517 seq.;
1027 5462 1140 5511 xu,
1178 5448 1266 5512 39,
1299 5447 1387 5502 40.

229 5517 545 5591 1--εθᾳδλξθ
603 5520 644 5591 l_.
703 5519 846 5591 Reg.
878 5533 995 5591 xxx,
1027 5519 1117 5591 ﬁt!
1179 5534 1329 5591 seq.;
1382 5534 1558 5591 xxvu,
1614 5521 1640 5573 1
1699 5517 1825 5591 seq.

1467 5449 1514 5484 ⁸⁴
1561 5449 1602 5502 Ι.
1637 5451 1776 5518 Reg.
1809 5464 1929 5510 xvx,
1968 5448 2048 5503 13.

1905 5520 1948 5556 ⁸⁷
1999 5522 2064 5574 ll.
2115 5521 2252 5588 Reg.
2289 5533 2350 5584 ιι,
2378 5516 2432 5570 4.

1943 477 2228 548 temporis
2259 477 2676 548 probationem
2720 479 2776 530 et
2801 473 3304 546 perseverantiam
3336 473 3468 543 ipsa
3494 487 3590 527 os-

1942 567 2144 623 tendit.
2181 569 2338 622 l-Iauc
2371 566 2859 636 consequentiam
2884 569 3083 618 autem
3107 579 3173 617 ex
3195 559 3592 616 sacrosanctis

1945 657 2168 712 Litteris
2195 673 2298 728 per
2325 655 2669 712 manifestos
2703 659 2877 725 typos
2905 653 2963 706 in
3003 651 3265 707 medium
3298 650 3592 722 produca-

1941 764 2097 803 mus.

2012 873 2078 929 II.
2115 871 2286 939 Quod
2315 876 2516 927 autem
2555 869 2710 933 dico,
2768 867 2883 923 tale
2913 870 3021 931 est,
3054 864 3231 935 quale
3280 862 3491 932 legitur
3521 861 3594 916 de

1940 963 2222 1034 Josepho.
2253 963 2486 1026 Quanto
2513 963 2650 1030 post
2681 964 2944 1027 tempore
2982 954 3262 1009 voluntas
3295 951 3393 1006 Dei
3419 951 3492 1005 de
3520 966 3590 1005 eo

1942 1050 2310 1124 praedeﬁnita
2331 1049 2590 1121 perfecta
2607 1052 2715 1114 est,
2740 1052 2794 1101 et
2810 1045 3063 1099 visiones
3081 1042 3390 1112 completas
3414 1039 3593 1094 sunt?

1939 1147 1994 1196 et
2023 1140 2264 1213 quantis
2293 1144 2426 1194 ante
2453 1136 2779 1199 laboribus,
2815 1131 3260 1194 afflictionibus,
3315 1134 3370 1184 et
3400 1144 3594 1197 angu-

1941 1231 2063 1286 stiis
2080 1230 2395 1302 probatus,
2414 1227 2619 1282 omnia
2636 1229 2871 1280 strenue
2896 1220 3221 1276 sustinuit?
3241 1223 3301 1273 et
3329 1234 3433 1289 per
3459 1233 3591 1272 om-

1941 1321 2039 1375 nia
2072 1320 2357 1391 probatus
2410 1321 2466 1372 et
2500 1315 2690 1369 ﬁdelis
2724 1316 2839 1368 Deo
2867 1312 3143 1366 inventus
3175 1323 3402 1371 servus,
3453 1312 3593 1362 tunc

1940 1426 2041 1466 rex
2068 1408 2184 1480 34
2215 1406 2451 1479 βΕεγριί
2478 1403 2834 1460 constitutus
2860 1403 2968 1467 est,
2995 1405 3051 1454 et
3082 1396 3377 1453 familiam
3414 1410 3590 1449 suam

1942 1497 2256 1565 enutrlvit;
2290 1502 2344 1550 et
2376 1493 2689 1567 prophetia
2731 1505 2963 1552 eorum,
2994 1504 3127 1559 quae
3155 1502 3278 1541 non
3314 1483 3594 1539 videban-

1943 1592 2055 1652 tur,
2101 1585 2399 1656 completa
2456 1588 2562 1649 est,
2618 1587 2674 1637 et
2721 1580 2996 1636 voluntas
3034 1577 3129 1631 Dei
3161 1591 3266 1646 per
3299 1578 3591 1644 tempora,

1941 1684 1996 1735 et
2017 1674 2528 1748 dispensationem
2546 1670 2794 1727 multam
2821 1665 3204 1740 pronuntiata
3240 1665 3307 1716 ⁸³.

2015 1891 2104 1946 Ill.
2139 1889 2303 1944 Idem
2333 1887 2406 1943 de
2439 1885 2624 1942 David
2655 1884 2906 1940 traditur
2959 1883 3024 1936 ει.
3059 1883 3209 1935 Deus
3245 1877 3412 1932 unxit
3453 1889 3594 1929 eum

1944 1981 2004 2036 in
2061 1994 2262 2049 regem
2311 1992 2415 2049 per
2447 1975 2782 2032 Samuelem
2834 1971 3183 2043 prophetam
3216 1969 3283 2022 ⁸⁵.
3339 1969 3401 2020 Et
3428 1969 3594 2035 post-

1945 2085 2133 2143 quam
2160 2072 2374 2123 unctus
2390 2070 2496 2131 est,
2521 2065 2802 2120 continuo
2821 2061 2963 2130 fuga
2981 2059 3095 2114 sibi
3119 2054 3434 2118 consuluit,
3463 2068 3591 2123 per-

1949 2158 2312 2215 secutionem
2335 2154 2582 2217 aSaulo,
2607 2169 2741 2207 eum
2767 2151 3036 2206 occidere
3050 2150 3325 2211 conante,
3350 2158 3592 2214 perpes-

1948 2265 2071 2303 sus.
2103 2247 2209 2302 Ubi
2228 2260 2369 2316 ergo
2397 2243 2595 2298 unctio
2621 2241 2721 2296 Dei
2746 2240 2772 2294 ?
2793 2245 2848 2294 et
2877 2237 2978 2293 ubi
2998 2233 3341 2308 promissio,
3374 2236 3434 2286 ut
3461 2245 3594 2302 qua:

1947 2337 2144 2393 statim
2167 2334 2443 2390 effectum
2476 2333 2796 2387 consecuta
2817 2327 3016 2383 esset?
3048 2324 3227 2381 Paulo
3246 2322 3405 2377 enim
3434 2323 3596 2390 post—

1945 2441 2131 2499 quam
2152 2429 2365 2479 unctus
2378 2425 2553 2492 esset,
2570 2419 2828 2489 graviter
2845 2414 3242 2486 aﬂligebatur,
3263 2412 3322 2466 in
3345 2407 3595 2464 desertis

1944 2495 2169 2584 degens
2195 2531 2208 2580 ;
2234 2518 2287 2568 et
2317 2512 2394 2567 ad
2426 2509 2737 2583 penuriam
2787 2506 2960 2578 panis
2988 2519 3177 2575 usque
3216 2500 3493 2556 redactus
3517 2495 3594 2553 ad

1943 2609 2149 2676 gentes
2176 2601 2578 2670 confugiebat,
2628 2601 2870 2669 propter
2902 2593 3091 2651 Saulis
3123 2592 3417 2648 adversus
3453 2603 3592 2641 eum

1942 2698 2195 2748 structas
2211 2690 2458 2746 insidias
2491 2690 2571 2743 εθε
2605 2703 2787 2758 quem
2814 2688 2966 2740 Deus
2991 2684 3236 2737 unxerat
3271 2679 3330 2732 in
3364 2691 3588 2746 regem,

1941 2781 2120 2839 tantis
2144 2779 2556 2836 involvebatur
2582 2773 3025 2834 afﬂictionibus.
3060 2769 3280 2825 Deinde
3312 2779 3593 2821 successu

1941 2869 2224 2941 temporis
2250 2868 2559 2939 probatus,
2615 2865 2887 2928 afﬂictus,
2919 2865 3178 2916 tentatus
3208 2861 3263 2912 et
3301 2855 3593 2941 patienter

1940 2939 2194 3014 adversa
2215 2957 2430 3020 ferens,
2460 2954 2630 3008 unice
2663 2953 2783 3007 Deo
2815 2949 3146 3010 conﬁdens,
3184 2949 3238 3000 et
3268 2943 3445 3015 plena
3472 2939 3590 2994 ﬁde

1941 3063 2003 3103 se
2032 3048 2286 3116 erigens,
2312 3045 2395 3100 sic
2428 3041 2761 3113 colligebat,
2795 3040 2935 3112 quia
2952 3036 3109 3108 quod
3138 3034 3280 3101 fecit
3312 3034 3462 3088 Deus
3480 3043 3591 3098 per

1940 3137 2272 3193 unctionem
2287 3135 2347 3189 in
2365 3149 2473 3200 me,
2502 3137 2554 3189 et
2571 3131 2728 3203 quod
2750 3128 2902 3184 dixit
2929 3128 3071 3182 Deus
3087 3125 3366 3194 futurum
3393 3121 3587 3183 deme,

1939 3226 2156 3296 absque
2185 3224 2347 3280 omni
2361 3222 2537 3278 dubio
2558 3220 2691 3290 ﬁeri.
2709 3222 2956 3289 oportet.
2982 3218 3045 3270 Et
3065 3217 3199 3284 post
3227 3212 3473 3279 longam
3495 3223 3592 3262 ex-

1940 3315 2370 3388 spectationem
2396 3310 2635 3367 tandem
2661 3308 2931 3363 voluntas
2965 3304 3065 3358 Dei
3088 3299 3387 3371 completa
3409 3301 3499 3352 est
3522 3297 3590 3360 ⁸⁷,

1939 3411 1994 3461 et
2019 3404 2290 3474 regnavit
2323 3400 2510 3457 David
2541 3403 2679 3470 post
2703 3397 2920 3451 multas
2953 3392 3330 3448 tentationes.
3360 3390 3428 3442 Et
3456 3393 3593 3440 tunc

1937 3494 2382 3550 manifestatum
2407 3494 2493 3545 est
2545 3489 2646 3543 Dei
2697 3486 2967 3550 verbum,
3002 3487 3056 3537 et
3085 3479 3284 3536 unctio
3317 3492 3422 3549 per
3454 3490 3594 3547 pro-

1937 3583 2181 3656 phetam
2209 3580 2446 3644 collata,
2475 3579 2651 3634 ﬁrma
2681 3581 2737 3632 et
2777 3590 2918 3630 vera
2941 3573 3355 3628 demonstrata
3377 3571 3484 3621 est.

2017 3693 2106 3748 IV.
2129 3688 2292 3746 Idem
2323 3689 2397 3744 de
2428 3690 2643 3758 Moyse.
2680 3684 2832 3737 Deus
2864 3696 3000 3736 cum
3032 3693 3168 3733 eum
3198 3671 3591 3748 praescivisset

1939 3791 1995 3844 et
2020 3782 2498 3858 praedestinasset
2525 3778 2584 3831 in
2615 3774 2831 3829 ducem
2856 3777 2911 3825 et
2961 3772 3324 3823 servatorem
3358 3760 3588 3834 populi,

1939 3851 2128 3932 ﬁlium
2157 3871 2291 3928 fecit
2322 3867 2447 3923 ﬁeri
2505 3865 2632 3918 ﬁliae
2677 3859 2997 3916 Pharaonis
3027 3857 3096 3920 ⁸⁸,
3127 3860 3305 3925 atque
3332 3851 3428 3906 hic
3453 3851 3592 3920 qui-

1938 3965 2078 4020 dem
2108 3961 2263 4029 regis
2305 3957 2522 4028 opibus
2556 3959 2610 4008 et
2656 3951 2862 4022 gloria,
2888 3954 3068 4018 atque
3097 3942 3322 3998 deliciis
3349 3944 3584 4002 auctus,

1938 4052 2104 4110 omni
2134 4024 2552 4120 {Egyptiorum
2574 4038 2899 4109 disciplina
2925 4036 3242 4090 instructus
3278 4034 3401 4083 est:
3436 4024 3588 4081 etad

1937 4141 2166 4198 virilem
2197 4115 2432 4192 aetatem
2463 4147 2598 4187 cum
2632 4127 3013 4200 pervenisset,
3062 4138 3130 4177 ac
3162 4119 3279 4174 ﬁde
3308 4115 3590 4186 grandior

1939 4232 2129 4288 factus
2160 4232 2336 4293 esset,
2369 4221 2594 4293 respuit
2620 4234 2690 4275 ea
2720 4215 2944 4280 omnia,
2976 4212 3174 4284 potius
3203 4208 3424 4280 eligens
3449 4202 3596 4259 aﬁli-

1940 4320 2194 4376 ctionem
2223 4320 2279 4370 et
2308 4309 2698 4368 contumelias
2722 4308 2767 4341 3°
2797 4302 3217 4371 Christi.juxta
3249 4308 3588 4352 sermonem

1941 4405 2553 4480 apostolicum,quam
2570 4392 3002 4467 temporalibus
3016 4387 3242 4463 peccati
3256 4381 3596 4441 commodis

1942 4477 2055 4554 frui
2077 4498 2144 4548 9°.
2181 4498 2242 4550 Et
2275 4490 2442 4547 exsul
2463 4485 2695 4559 Egypti
2721 4485 2912 4541 factus
2932 4498 3068 4538 cum
3096 4481 3267 4542 esset,
3292 4477 3591 4547 quantum

1943 4584 2226 4656 temporis
2259 4580 2440 4636 modo
2471 4579 2530 4633 in
2563 4574 2823 4648 pastoris
2852 4573 3037 4628 vitam
3065 4565 3356 4633 transegit
3381 4576 3589 4631 opera,

1941 4649 2098 4744 regis
2127 4672 2283 4727 ﬁlius
2326 4670 2430 4741 qui
2479 4671 2623 4731 erat,
2657 4672 2711 4720 et
2734 4665 2792 4718 in
2825 4661 3002 4717 tantis
3032 4655 3276 4713 lautitiis
3311 4668 3380 4708 ac
3409 4649 3588 4718 regiis

1943 4741 2166 4820 deliciis
2197 4755 2529 4816 educatus?
2555 4759 2615 4810 Et
2650 4755 2733 4809 sic
2763 4751 3006 4808 tandem
3040 4747 3333 4819 probatus
3367 4741 3510 4805 Deo,
3542 4742 3598 4792 et

1943 4851 2135 4908 ﬁdelis
2153 4866 2255 4922 per
2280 4847 2528 4904 multam
2553 4843 2901 4916 patientiam
2925 4840 3219 4900 inventus,
3241 4832 3465 4905 quippe
3487 4827 3589 4900 qui

1944 4941 2164 4998 multas
2193 4937 2546 4994 tentationes
2568 4933 2949 4992 sustinuerat,
2978 4926 3332 4982 constitutus
3365 4925 3598 4974 estser-

1943 5038 2107 5086 vator
2147 5034 2202 5084 et
2231 5029 2374 5093 dux,
2430 5029 2483 5080 et
2528 5039 2628 5078 rex
2680 5020 2886 5093 populi
2916 5016 3094 5072 Israel
3125 5017 3193 5072 9‘.
3228 5018 3404 5083 atque
3437 5008 3593 5063 Deus

1943 5118 2267 5176 Pharaonis
2294 5133 2328 5171 a
2361 5115 2480 5168 Deo
2513 5110 2847 5183 appellatus
2876 5108 2902 5161 ‘?
2949 5111 3051 5161 Per
3106 5120 3242 5160 eum
3274 5103 3432 5157 enim
3465 5115 3600 5171 per-

1943 5209 2127 5266 cussit
2157 5207 2312 5261 Deus
2332 5207 2672 5274 Egyptum,
2707 5204 2764 5253 et
2785 5212 3005 5267 magna
3025 5199 3204 5265 atque
3234 5189 3594 5248 admiranda

1945 5312 2051 5370 per
2102 5312 2236 5351 eum
2264 5290 2555 5349 Pharaoni
2603 5286 2879 5350 ostendit,
2943 5300 3010 5340 ac
3067 5283 3308 5339 tandem
3358 5280 3417 5333 in
3447 5277 3600 5333 mari

2128 5449 2173 5482 ⁸⁵
2207 5447 2250 5501 Ι.
2279 5448 2417 5513 Reg.
2476 5455 2666 5514 1.71mi,
2705 5445 2768 5514 tl
2794 5455 2918 5514 seq.
2958 5459 2979 5514 ;_
3003 5456 3157 5514 xxtll,
3188 5441 3220 5514 7
3254 5452 3405 5514 seq.;
3434 5451 3595 5514 xxvi,

2511 5513 2555 5547 ⁸³
2613 5512 2796 5567 Exod.
2829 5509 3010 5582 11,10.
3089 5513 3133 5546 ⁸9
3185 5509 3354 5565 Hebr.
3390 5523 3469 5582 X_[,
3508 5509 3595 5582 24,

225 5588 318 5644 25.
374 5577 450 5622 ’θο
480 5588 666 5646 Exod.
702 5606 761 5655 ιι,
783 5577 869 5644 ῖ5.
949 5577 993 5624 θί
1024 5590 1209 5646 Exod.
1243 5577 1447 5657 131,10;
1480 5577 1676 5656 v,'26;
1733 5577 1832 5657 vi},
1887 5592 1940 5646 1.
1988 5590 2152 5647 Exod
2197 5577 2422 5656 vulpi,
2474 5591 2544 5651 2;
2605 5599 2683 5654 IX,
2712 5586 2780 5650 1;
2830 5577 2885 5651 Vi
2940 5587 3044 5647 23;
3104 5598 3160 5651 Χ»
3197 5588 3245 5647 ί»
3291 5583 3379 5634 21·
3413 5577 3596 5634 End-

230 5676 353 5728 xm,
381 5661 474 5715 23.
