4084 6256
496 264 597 319 535

1792 258 1850 315 S.
1894 252 2200 313 MACARII
2240 249 2553 308 [EGYPTII

3744 253 3853 310 536

492 386 797 460 Egyptios
818 385 1156 443 submersit.
1186 387 1329 441 Ecce
1358 384 1459 440 Dei
1484 384 1765 441 voluntas
1794 388 1850 440 et
1878 379 2143 456 proposi-

2265 377 2494 450 θαλάσσῃ
2548 378 2669 437 τοὺς
2698 376 3016 448 Αἰγυπτίους
3057 379 3439 432 κατεπόντισεν.
3488 373 3631 430 Ἰδοὺ
3675 379 3734 430 τὸ
3764 384 3862 430 τοῦ

495 481 643 541 tum,
667 480 896 547 quanta
916 479 1051 547 post
1069 482 1404 547 temporum
1441 475 1635 545 spatia
1659 473 2063 536 manifestata,
2090 476 2146 525 et

494 571 753 638 quantas
780 570 919 638 post
947 564 1331 637 probationes
1375 568 1431 620 et
1461 563 1814 619 atﬂictiones
1847 560 2145 633 completa

494 659 602 712 est.

570 764 629 815 V.
664 761 821 817 Idem
842 764 897 816 et
919 760 992 816 de
1023 759 1323 816 Abraham
1342 762 1412 812 ".
1446 760 1680 825 Quanto
1707 761 1975 829 tempore
2007 760 2143 813 ante

497 852 852 925 promiserat
873 851 1044 917 Deus,
1062 850 1185 904 seei
1204 849 1554 919 largiturum
1577 848 1781 913 ﬁlium,
1812 863 1921 903 nec
1939 852 2141 902 tamen

500 942 697 996 statim
720 939 881 995 dedit
906 956 917 993 :
947 939 1050 993 sed
1080 945 1225 1011 quot
1257 939 1479 993 interea
1510 954 1807 993 annorum
1843 936 2143 1008 probatio-

500 1046 607 1087 nes
640 1034 693 1084 et
725 1029 1079 1084 tentationes
1113 1027 1221 1100 ipsi
1256 1028 1690 1083 incubueruntt
1725 1026 1821 1081 Ille
1850 1041 1992 1080 vero
2020 1027 2142 1080 ani-

499 1134 600 1174 mo
623 1118 865 1190 patienti
892 1118 1099 1174 omnia
1127 1117 1458 1172 accidentia
1481 1116 1793 1183 sufl‘erens,
1820 1115 1998 1186 plena
2024 1115 2141 1169 ﬁde

499 1208 766 1279 seipsum
796 1205 1157 1271 obﬁrmavit,
1190 1206 1491 1276 inquiens,
1524 1205 1684 1276 quod
1712 1205 1815 1275 qui
1842 1203 2137 1272 promisit,

499 1312 630 1352 cum
658 1296 732 1351 sit
750 1296 1044 1352 mendacii
1064 1310 1293 1363 expers,
1329 1294 1641 1364 complebit
1674 1294 1914 1349 verbum
1942 1308 2139 1348 suum.

500 1384 924 1456 Sicquetidelis
940 1384 1232 1449 inventus,
1258 1384 1421 1455 quod
1445 1383 1810 1455 promissum
1833 1386 1977 1446 erat,
1999 1397 2143 1437 con-

496 1480 735 1529 secutus
761 1476 865 1527 est.

570 1581 659 1636 Vl.
696 1581 786 1636 Sic
812 1586 867 1636 et
892 1583 1009 1635 Noe
1037 1579 1516 1651 quingentesimo
1546 1593 1706 1635 anno
1738 1578 1937 1649 jussus
1962 1593 1997 1634 a
2024 1577 2143 1634 Deo

500 1686 703 1726 arcam
730 1674 1069 1725 construere
1100 1669 1168 1731 93,
1201 1668 1301 1740 qui
1343 1668 1729 1723 inducturum
1757 1683 1819 1724 se
1852 1668 1952 1722 toti
1978 1672 2143 1723 terrae

498 1760 791 1815 diluvium
815 1759 1223 1823 nuntiaverat;
1257 1762 1312 1813 et
1338 1757 1766 1813 sexcentesimo
1785 1773 1945 1813 anno
1975 1757 2145 1812 indu-

500 1848 712 1914 cebat;
746 1852 983 1904 centum
1012 1863 1204 1902 annos
1254 1848 1545 1919 patienter
1594 1853 1945 1919 exspectans
2000 1845 2145 1901 nihil

498 1940 749 1995 omnino
763 1939 797 1992 d
809 1938 905 1992 ubi
917 1938 1095 2002 tabat,
1108 1942 1303 1991 utrum
1323 1953 1457 2008 quae
1472 1937 1701 1992 dixerat
1716 1937 1869 1991 Deus
1885 1936 2146 1991 facturus

498 2033 674 2093 esset,
705 2043 924 2093 necne;
960 2042 1167 2082 verum
1215 2026 1331 2080 ﬁde
1385 2027 1558 2081 nixus
1598 2027 1679 2080 sic
1712 2025 2135 2089 constituebat,

498 2117 657 2190 quod
667 2131 797 2187 qua
815 2117 969 2171 Deus
998 2116 1225 2171 locutus
1238 2121 1403 2179 esset,
1420 2115 1639 2186 absque
1654 2116 1818 2169 omni
1828 2114 2005 2169 dubio
2016 2114 2149 2182 ﬁeri

500 2205 890 2275 oporteat.Sic
902 2220 1044 2274 ergo
1060 2209 1340 2275 spectata:
1354 2207 1532 2275 atque
1546 2203 1791 2271 integrae
1806 2203 2145 2267 voluntatis,

499 2294 661 2359 ﬁdei,
690 2294 986 2365 patientiae
1018 2299 1074 2348 et
1101 2293 1356 2348 lenitatis
1384 2306 1620 2360 magnae
1672 2292 1787 2362 35
1818 2291 2150 2362 deprehen-

501 2401 627 2449 sus,
662 2383 827 2438 solus
861 2388 1129 2438 servatus
1162 2386 1248 2438 est
1269 2398 1405 2437 cum
1428 2380 1608 2436 domo
1635 2396 1764 2446 sua,
1794 2380 2149 2437 mandatum

498 2490 647 2547 pure
678 2473 1022 2528 observans.

572 2582 685 2635 Vll.
721 2584 851 2635 Haec
878 2582 1233 2648 argumenta
1280 2593 1353 2633 ex
1383 2578 1700 2651 Scripturis
1731 2578 2034 2635 attulimus
2077 2578 2147 2633 ad

501 2669 1211 2741 demonstrandum,quod
1230 2669 1410 2723 virtus
1423 2670 1629 2738 gratiae
1645 2668 1865 2723 divinae
1881 2668 2033 2723 inest
2048 2669 2149 2723 ho-

502 2760 684 2829 mini;
710 2764 765 2814 et
786 2759 1012 2813 donum
1034 2758 1281 2828 Spiritus
1312 2757 1517 2822 sancti,
1549 2757 1712 2831 quod
1739 2756 1925 2812 ﬁdelis
1948 2758 2151 2813 anima

501 2848 791 2919 consequi
813 2848 995 2917 digna
1026 2853 1318 2914 censetur,
1344 2861 1565 2916 magna
1591 2862 1727 2901 cum
1751 2846 2147 2912 contentione,

500 2937 817 2995 tolerantia
840 2937 1048 3001 multa,
1073 2936 1376 3009 patientia,
1400 2937 1824 2992 tentationibus
1848 2952 1916 2991 ac
1938 2936 2151 3008 proba-

502 3028 766 3087 tionibus
798 3031 1200 3098 comparatur,
1236 3026 1420 3083 libera
1451 3026 1580 3096 ejus
1635 3024 1937 3081 voluntate
1962 3025 2151 3080 omni-

498 3118 616 3175 bus
636 3116 1065 3173 aﬂlictionibus
1089 3115 1362 3189 probata.
1390 3118 1450 3170 Et
1474 3114 1541 3179 si,
1562 3115 1804 3186 quando
1819 3114 1962 3169 eain
1987 3114 2151 3170 nulla
2186 3114 2224 3130 “

499 3223 562 3264 re
581 3207 862 3279 Spiritum
893 3205 1222 3279 contristet,
1255 3204 1358 3260 sed
1379 3206 1584 3274 gratias
1607 3204 1662 3258 in
1684 3202 1972 3259 omnibus
2003 3218 2149 3274 prte-

502 3276 692 3367 ceptis
753 3299 1064 3359 consonet,
1098 3276 1238 3348 iunc
1289 3293 1701 3348 liberationem
1758 3291 1835 3346 ab
1867 3291 2150 3347 omnibus

501 3382 927 3441 affectionibus
944 3381 1229 3453 consequi
1243 3381 1427 3450 digna
1443 3386 1769 3453 reputatur,
1790 3380 2150 3452 plenamque

502 3472 889 3543 adoptionem
922 3470 1190 3541 Spiritus,
1221 3470 1295 3524 de
1343 3486 1465 3541 qua
1494 3470 1552 3525 in
1595 3469 1881 3540 mysterio
1914 3470 2145 3535 dicitur,

504 3561 739 3631 accipit,
773 3567 827 3615 et
858 3559 1193 3631 spirituales
1223 3560 1456 3613 divitias
1486 3575 1555 3614 ac
1596 3559 1975 3629 sapientiam,
2014 3573 2149 3630 quas

507 3665 629 3706 non
649 3655 735 3705 est
756 3648 936 3719 hujus
961 3648 1192 3712 mundi,
1214 3650 1318 3702 sed
1336 3648 1529 3717 cujus,
1555 3649 1655 3718 qui
1679 3663 1812 3701 vere
1838 3647 2149 3703 Christiani

504 3743 662 3803 sunt,
697 3737 1012 3809 participes
1044 3744 1199 3791 sunt.
1256 3737 1542 3802 Quocirca
1574 3738 1631 3792 bi
1675 3736 1752 3792 ab
1778 3736 2147 3804 hominibus,

503 3829 606 3899 qui
632 3828 813 3897 hujus
845 3826 1054 3881 mundi
1104 3826 1373 3897 spiritum
1420 3826 1663 3889 habent,
1711 3842 1780 3880 ac
1810 3826 2146 3898 prudentia,

502 3917 820 3983 intellectu,
872 3920 928 3971 et
959 3916 1254 3986 sapientia
1299 3914 1530 3986 praediti
1582 3920 1737 3980 sunt,
1790 3930 1893 3986 per
1946 3916 2149 3970 omnia

504 4005 806 4063 differunt.

575 4220 709 4275 Vlll.
767 4219 1096 4292 Siquidem,
1146 4220 1250 4292 qui
1307 4219 1654 4290 hujusmodi
1697 4224 1799 4284 est,
1827 4235 2023 4276 omnes
2051 4220 2151 4276 ho-

500 4311 689 4366 mines
720 4310 1105 4380 dijudicat",
1168 4314 1228 4364 ut
1284 4310 1569 4381 scriptum
1625 4314 1749 4364 est:
1802 4309 1964 4364 novit
1993 4309 2149 4365 unde

2255 473 2381 521 Θεοῦ
2429 465 2671 539 βούλημα
2699 471 2788 518 καὶ
2840 468 2869 524 ἡ
2928 468 3173 537 πρόθεσις
3220 468 3350 538 μετὰ
3404 471 3603 529 πόσους
3636 471 3867 541 χρόνους

2256 553 2572 627 ἀπεδείχθη,
2631 560 2719 607 καὶ
2760 557 2893 628 μετὰ
2944 559 3109 616 πόσας
3174 551 3493 617 δοκιμασίας
3531 561 3621 609 καὶ
3663 555 3869 627 θλίψεις

2255 645 2493 702 ἐτελέσθη
2506 687 2517 700 .

2326 770 2397 825 E'.
2446 770 2668 841 Ὁμοίως
2736 773 2827 821 καὶ
2896 772 2980 821 ἐπὶ
3030 775 3120 822 τοῦ
3186 768 3450 841 Ἀϐραάμ.
3516 772 3621 842 Πρὸ
3679 773 3867 823 πόσων

2252 864 2457 934 χρόνων
2488 858 2825 930 ἐπηγγείλατο
2858 860 2883 910 6
2933 861 3057 919 Θεὸς
3112 860 3452 929 χαρίσασθαι
3495 860 3629 924 υἱὸν,
3657 864 3750 912 καὶ
3804 858 3868 911 ού

2251 949 2373 1021 παρ’
2408 948 2542 1001 αὐτὰ
2588 944 2836 1012 δέδωκεν,
2891 946 3020 1000 ἀλλὰ
3074 948 3269 1019 μεταξὺ
3328 952 3515 1009 πόσοις
3543 952 3677 1001 ἔτεσι
3711 944 3869 1001 δοκι-

2251 1042 2442 1109 μασίαι
2493 1042 2582 1089 καὶ
2634 1040 2919 1111 πειρασμοὶ
2960 1039 3084 1109 πρὸς
3128 1036 3284 1089 αύτόν
3335 1041 3632 1108 γεγόνασιν,
3695 1036 3867 1100 Δύτὸς

2254 1123 2312 1179 δὲ
2354 1129 2703 1200 μακροθύμως
2746 1127 2917 1178 πάντα
2947 1129 3010 1178 τὰ
3049 1127 3378 1199 ἐπερχόμενα
3407 1127 3713 1198 ὑπομείνας,
3771 1129 3867 1178 καὶ

2252 1214 2432 1268 ἑαυτὸν
2462 1224 2525 1288 τῇ
2555 1220 2731 1268 πίστει
2760 1214 3189 1289 πληροφορήσας,
3238 1216 3340 1267 ὅτι
3399 1216 3425 1267 6
3487 1213 3869 1286 ἐπαγγειλά-

2251 1324 2453 1377 μενος,
2539 1300 2839 1375 ἀψευδὴς
2894 1305 3267 1375 τυγχάνων,
3349 1303 3691 1375 πληρώσει
3752 1305 3865 1354 τὸν

2253 1394 2484 1446 ἑαυτοῦ
2516 1392 2724 1464 λόγον.
2787 1398 2887 1446 Kui
2932 1392 3093 1454 οὕτως
3154 1394 3343 1455 πιστὸς
3371 1394 3608 1468 εὑρεθεὶς,
3641 1391 3869 1463 ἐπέτυχε

2254 1490 2347 1543 τῆς
2378 1481 2714 1554 ἕπαγγελίας.

2326 1591 2399 1654 ς’.
2456 1589 2727 1649 Ὡσαύτως
2799 1593 2889 1641 καὶ
2958 1595 3073 1641 Νῶε
3130 1596 3552 1658 πεντακοσιοστῷ
3627 1590 3724 1640 ἔτει
3778 1607 3873 1640 κει

2252 1678 2483 1739 λευσθεὶς
2538 1679 2639 1730 ύπό
2693 1685 2782 1731 τοῦ
2838 1685 2973 1731 Θεοῦ
3021 1682 3115 1735 τὴν
3158 1676 3377 1729 κιϐωτὸν
3426 1676 3867 1743 κατασκευάζειν,

2255 1767 2691 1839 ἓπαγγειλαμένου
2779 1765 3151 1838 κατακλυσμὸν
3224 1768 3502 1837 ἓπαγαγεῖν
3566 1773 3628 1837 τῇ
3694 1764 3874 1818 οἰκου-

2255 1860 2403 1929 μένῃ,
2455 1861 2545 1908 καὶ
2587 1854 2940 1924 ἑξακοσιοστῷ
2982 1857 3081 1907 ἔτει
3135 1854 3508 1926 ἐπαγαγόντος,
3564 1853 3748 1907 ἑκατὸν
3776 1856 3868 1910 ἔτη

2257 1945 2692 2017 ἐμακροθύμησεν
2726 1940 2991 2015 ἐνμηδενὶ
3047 1941 3332 2009 διστάσας,
3386 1946 3491 2015 ἄρα
3540 1950 3679 1996 ποιεῖ
3734 1943 3870 2015 οἱπερ

2258 2035 2392 2086 εἶπεν
2428 2035 2453 2085 6
2493 2036 2635 2097 Θεὸς,
2670 2034 2698 2091 ἦ
2730 2038 2801 2105 μὴ
2842 2039 2979 2085 ποιεῖ
3020 2050 3031 2062 ’
3064 2032 3174 2083 ἀλλ’
3216 2032 3357 2094 ἅπαξ
3406 2040 3467 2104 τῇ
3520 2036 3695 2085 πίστει
3741 2031 3878 2090 πλη-

2257 2124 2584 2197 ροφορηθεὶς,
2626 2123 2706 2173 ὅτι
2760 2121 2890 2193 άπερ
2944 2120 3188 2179 ἐλάλησεν
3237 2122 3262 2173 6
3298 2124 3447 2188 Θεὸς,
3500 2120 3871 2193 ἀναμφιϐόλως

2256 2214 2499 2284 γενέσθαι
2553 2208 2654 2264 δεῖ.
2719 2216 2818 2264 Καὶ
2874 2210 3008 2263 οὕτω
3063 2207 3283 2282 δόκιμος
3338 2219 3397 2283 τῇ
3448 2216 3754 2284 προαιρέσει
3814 2211 3874 2263 ἐν

2258 2308 2454 2367 πίστει,
2506 2305 2594 2352 καὶ
2648 2302 2906 2372 ὑπομονῇ,
2963 2305 3052 2352 καὶ
3106 2302 3445 2372 μακροθυμίᾳ
3510 2299 3667 2372 πολλῇ
3721 2301 3870 2372 εὑρε-

2263 2392 2381 2454 θεὶς,
2429 2387 2656 2447 διεσώθη
2713 2394 2866 2455 μόνος
2896 2390 3023 2460 μετὰ
3078 2396 3167 2440 τοῦ
3219 2392 3364 2441 οἴκου
3417 2388 3578 2441 αὐτοῦ
3611 2392 3706 2446 τήν
3735 2390 3874 2441 ἄντο-

2258 2477 2351 2537 λὴν
2381 2480 2623 2551 καθαρῶς
2649 2476 2898 2549 φυλάξας.

2330 2579 2404 2635 Ζ’.
2432 2582 2640 2641 Ταύτας
2684 2576 2744 2631 δὲ
2796 2581 2887 2639 τὰς
2918 2577 3155 2654 ἀφορμὰς
3181 2577 3236 2631 ix
3267 2586 3366 2631 τῶν
3398 2585 3609 2652 Γραφῶν
3643 2580 3880 2650 ἠνέγκα-

2260 2688 2370 2741 μεν,
2425 2672 2552 2742 πρὸς
2596 2672 2653 2721 τὸ
2688 2664 2986 2735 ἀποδείξαι,
3033 2669 3112 2721 ὅτι
3164 2670 3193 2725 ἡ
3238 2675 3328 2720 τοῦ
3362 2676 3495 2721 Θεοῦ
3523 2675 3614 2728 τῆς
3640 2670 3878 2740 χάριτος

2262 2760 2309 2810 ἐν
2383 2757 2636 2830 ἀνθρώπῳ
2694 2761 2969 2830 γιγνομένη
3040 2762 3289 2832 ἐνέργεια,
3348 2762 3439 2810 καὶ
3500 2760 3558 2809 16
3616 2759 3877 2829 χάρισμα

2260 2855 2350 2900 τοῦ
2392 2850 2684 2919 Πνεύματος
2714 2853 2804 2898 τοῦ
2831 2846 3008 2918 ἁγίου,
3038 2848 3159 2920 ὅπερ
3192 2848 3221 2904 ἡ
3264 2850 3427 2904 πιστὴ
3459 2845 3615 2917 ψυχὴ
3658 2844 3861 2916 λαμϐά-

2260 2956 2362 2989 νειν
2417 2936 2779 3004 καταξιοῦται,
2841 2938 2973 3007 μέτά
3024 2934 3211 2987 πολλοῦ
3253 2934 3472 3007 ἀγῶνος,
3522 2940 3613 2987 καὶ
3664 2936 3865 3005 ὑπομο-

2259 3033 2347 3086 νῆς
2404 3025 2615 3090 πολλῆς,
2683 3029 2772 3077 καὶ
2824 3026 3207 3099 μακροθυμίας,
3266 3029 3357 3077 καὶ
3401 3030 3722 3098 πειρασμῶν,
3776 3027 3875 3075 καὶ

2263 3112 2589 3186 δοκιμασιῶν
2655 3118 2912 3185 γίγνεται,
2965 3122 3059 3175 τῆς
3117 3113 3454 3176 αύτεξουσίου
3523 3116 3879 3185 προαιρέσεως

2263 3200 2357 3256 διὰ
2385 3210 2567 3255 πασῶν
2618 3202 2837 3273 θλίψεων
2878 3200 3322 3274 δοκιμαζομένης.
3370 3206 3469 3255 Kui
3510 3200 3635 3255 ἐπὰν
3684 3203 3733 3253 ἓν
3771 3221 3879 3273 μη-

2262 3290 2371 3346 δενὶ
2400 3295 2454 3344 τὸ
2487 3299 2696 3363 Πνεῦμα
2731 3292 2965 3365 λυπήσῃ,
3038 3290 3165 3343 ἀλλὰ
3202 3299 3261 3363 τῇ
3311 3294 3499 3365 χάριτι
3554 3288 3651 3343 διὰ
3686 3298 3879 3343 πασῶν

2260 3381 2468 3434 ἐντολῶν
2524 3384 2739 3451 γενηται
2795 3384 3088 3453 σύμφωνος,
3143 3385 3255 3433 τότε
3298 3389 3393 3441 τῆς
3451 3381 3504 3432 ἐκ
3561 3388 3655 3432 τῶν
3692 3382 3879 3432 παθῶν

2262 3469 2553 3541 ἔλευθεριας
2579 3470 2761 3522 τυχεῖν
2790 3469 3153 3535 καταξιοῦται,
3204 3474 3295 3522 καὶ
3322 3478 3417 3530 τῆς
3456 3471 3726 3529 υἱοθεσίας
3781 3477 3880 3521 τοῦ

2262 3561 2558 3631 Πνεύματος
2610 3559 2881 3631 πλήρωσιν
2960 3557 3228 3630 λαμϐάνει,
3284 3562 3372 3610 xui
3423 3566 3520 3620 τῆς
3562 3557 3611 3609 ἰν
3668 3577 3878 3630 μυστη-

2257 3654 2354 3723 ρίῳ
2409 3647 2745 3720 λαλουμένης,
2791 3653 2880 3700 καὶ
2922 3655 3013 3699 τοῦ
3060 3654 3411 3719 πνευματικοῦ
3454 3648 3701 3711 πλούτου,
3769 3654 3875 3700 xui

2260 3746 2351 3797 τῆς
2381 3742 2634 3799 συνέσεως
2662 3745 2755 3799 τῆς
2812 3741 2883 3809 μὴ
2938 3740 3102 3799 οὔσης
3154 3744 3248 3789 τοῦ
3304 3741 3503 3807 κόσμου
3544 3739 3753 3801 τούτου,
3803 3734 3865 3797 ἧς

2260 3829 2308 3879 oi
2333 3830 2487 3889 ὅντως
2528 3831 2667 3888 ὄντες
2707 3831 3017 3899 Χριστιανοὶ
3066 3829 3285 3898 μέτοχοι
3322 3830 3575 3896 γίνονται.
3640 3829 3730 3877 Διὸ
3768 3830 3865 3877 καὶ

2259 3918 2462 3983 πάντων
2525 3914 2807 3989 ἀνθρώπων
2866 3924 2964 3968 τῶν
3039 3914 3263 3987 ἐχόντων
3344 3918 3400 3967 1'6
3485 3921 3575 3966 τοῦ
3647 3919 3856 3985 κόσμου

2258 4011 2478 4077 πνεῦμα,
2513 4009 2787 4076 φρονίμων,
2842 4012 3085 4069 συνετῶν,
3121 4011 3312 4075 σοφῶν,
3374 4000 3519 4056 οὗτοι
3574 4003 3647 4064 εἰς
3699 4005 3876 4055 πάντα

2261 4089 2621 4168 διαφέρουσιν.

2334 4216 2409 4268 H'.
2436 4215 2496 4268 '0
2516 4222 2747 4278 τοιοῦτος
2774 4217 2874 4291 γὰρ
2906 4216 3157 4277 πάντας
3192 4214 3573 4288 ἀνθρώπους
3611 4215 3877 4290 ἀνακρί-

2259 4326 2284 4356 ν
2300 4325 2319 4358 ε
2335 4325 2369 4371 ι,
2394 4307 2530 4358 κατά
2548 4308 2605 4357 τὸ
2632 4309 2985 4380 γεφραμμένον
3007 4321 3018 4332 ·
3048 4310 3294 4375 γινώσκει
3312 4305 3528 4357 ἕκαστον
3555 4306 3710 4357 πόθεν
3732 4304 3877 4357 λαλεί

501 4400 760 4472 quisque
783 4399 1076 4470 loquatur,
1104 4404 1158 4454 et
1183 4399 1281 4453 ubi
1301 4399 1612 4463 consistat,
1633 4404 1686 4453 et
1704 4398 1762 4453 in
1785 4399 2007 4470 quibus
2026 4413 2147 4467 gra-

2265 4400 2349 4447 xui
2362 4402 2462 4447 ποῦ
2479 4396 2685 4458 ἕστηκε,
2720 4400 2808 4447 καὶ
2825 4397 2873 4447 ἓν
2895 4399 3060 4456 ποίοις
3079 4398 3283 4468 μέτροις
3302 4393 3438 4447 ἐστίν
3468 4415 3481 4427 θ
3516 4393 3671 4447 αύτὸν
3700 4390 3759 4447 δὲ
3790 4394 3875 4445 ού-

504 4489 684 4544 dibus
709 4489 1102 4545 constituatur
1130 4506 1142 4542 ε
1179 4489 1375 4560 ipsum
1422 4503 1562 4542 vero
1612 4487 1809 4542 nullus
1834 4487 2149 4544 hominum

504 4577 855 4634 habentium
888 4578 1161 4649 spiritum
1195 4577 1428 4642 mundi,
1462 4592 1821 4646 cognoscere
1852 4583 1908 4631 et
1937 4577 2154 4648 dijudi-

502 4683 639 4723 care
669 4672 885 4738 potest,
915 4666 1029 4721 nisi
1058 4666 1217 4722 solus
1242 4667 1309 4730 is,
1343 4666 1444 4737 qui
1464 4665 1718 4720 similem
1752 4666 2051 4722 cmlestem
2071 4667 2156 4722 di-

503 4756 771 4811 vinitatis
804 4756 1083 4826 Spiritum
1107 4754 1307 4819 habet,
1342 4755 1640 4823 cognoscit
1671 4754 1948 4821 similem,
1984 4761 2045 4811 ut
2067 4757 2151 4811 in.

503 4843 982 4915 quitApostolus:
999 4842 1426 4913 Spirituatibus
1444 4850 1859 4914 comparantes
1875 4844 2047 4913 spirit
2056 4860 2156 4901 ua—

507 4933 611 4988 lia.
630 4933 923 4987 Animalis
948 4939 1146 4987 autem
1177 4932 1353 4987 humo
1369 4948 1489 4987 non
1515 4932 1731 4999 accipit
1756 4948 1845 4994 ea,
1873 4948 2002 5003 quae
2018 4940 2155 4988 sunt

506 5020 769 5090 Spiritus
798 5023 923 5086 Dei,
956 5020 1241 5091 siquidem
1266 5020 1523 5077 stultitia
1549 5022 1643 5076 illi
1669 5028 1828 5087 sunt,
1851 5037 1952 5077 nec
1967 5026 2157 5091 potest

508 5125 879 5179 cognoscere.
904 5112 979 5164 At
997 5110 1333 5179 spiritualis
1353 5110 1651 5179 diiudicat
1672 5111 1905 5181 quidem
1926 5111 2158 5167 omnia:

505 5202 632 5269 ipse
653 5214 839 5255 veroa
864 5200 1095 5256 nemine
1120 5199 1576 5269 diiudicatur“.
1597 5200 1899 5269 Ejusmodi
1921 5200 2023 5271 qui
2050 5204 2156 5265 est,

504 5305 716 5347 omnes
744 5288 952 5345 mundi
975 5304 1069 5344 res
1086 5289 1405 5360 pretiosas,
1422 5288 1686 5354 divitias,
1704 5288 1933 5355 luxum,
1951 5303 2020 5343 ac
2037 5304 2160 5343 om-

580 5580 628 5614 ⁹²
659 5579 805 5634 Gen.
836 5591 936 5643 xv,
995 5576 1071 5642 4;
1112 5591 1255 5643 xvu,
1301 5579 1353 5642 5,
1394 5578 1479 5646 ,6;
1511 5590 1672 5639 xvm,
1728 5575 1828 5646 10;
1884 5590 1983 5639 xx,
2038 5577 2072 5630 2
2138 5586 2261 5646 seq.
2294 5576 2481 5636 xxu,t
2518 5586 2644 5646 seq.

514 5665 640 5723 seq.
719 5650 767 5685 "
794 5649 840 5705 Ι.
873 5650 1004 5706 Cor.
1035 5666 1090 5716 ιι,
1125 5647 1213 5703 15.
1292 5648 1338 5683 ⁸⁵
1367 5645 1538 5712 lbid.,
1571 5650 1654 5712 14,
1690 5650 1774 5702 l5.

2264 4482 2298 4536 δ
2303 4489 2369 4545 εὶς
2398 4483 2678 4557 ἀνθρώπων
2708 4491 2807 4535 τῶν
2839 4484 3067 4555 ἑχόντων
3098 4488 3155 4536 τό
3187 4491 3389 4555 πνεῦμα
3418 4490 3510 4535 τοῦ
3542 4488 3770 4555 κόσμου,
3794 4504 3877 4553 γι-

2262 4578 2478 4625 νώσκειν
2510 4577 2599 4624 καὶ
2626 4571 2914 4646 ἀνακρίνειν
2933 4569 3173 4638 δύναται,
3209 4573 3343 4644 εἰμὴ
3367 4576 3521 4645 μόνον
3553 4574 3579 4625 6
3609 4575 3665 4625 τὸ
3700 4574 3874 4644 ὅμοιον

2265 4662 2401 4734 ἒχων
2458 4661 2760 4734 ἐπουράνιον
2821 4671 2915 4722 τῆς
2978 4664 3215 4722 θεότητος
3263 4669 3473 4733 Πνεῦμα
3508 4667 3758 4733 γινώσκει
3787 4664 3871 4713 τόν

2267 4754 2461 4824 ὅμοιον,
2487 4754 2550 4812 ὡς
2568 4756 2725 4823 φησὶν
2752 4751 3105 4813 όἊπόστολος
3132 4767 3145 4781 ⁸
3176 4758 3650 4822 Πνευματικοίς
3681 4770 3858 4803 πνευ-

2268 4844 2512 4913 ματικὰ
2544 4846 2999 4913 συγκρίνοντες
3034 4862 3046 4874 ·
3087 4840 3373 4911 ψυχικὸς
3414 4836 3480 4891 δε
3520 4840 3852 4911 ἄνθρωπος

2268 4929 2335 4981 ού
2369 4927 2639 5000 δέχεται
2669 4932 2741 4981 τὰ
2775 4937 2882 4981 τοῦ
2918 4932 3280 5001 Πνεύματος
3309 4934 3420 4980 τοῦ
3453 4936 3616 4981 Θεοῦ
3655 4933 3868 5001 μωρία

2267 5021 2385 5093 γὰρ
2429 5018 2593 5087 αύτῲ
2624 5020 2816 5072 ἔστιν.
2851 5018 2909 5071 Ὀ
2943 5014 3007 5071 δι
3038 5020 3475 5090 πνευματικὸς
3516 5016 3851 5091 ἀνακρίνει

2269 5111 2377 5180 μὲν
2407 5110 2632 5176 πάντα,
2665 5107 2852 5167 αὐτὸς
2883 5104 2951 5159 δε
2987 5108 3081 5159 ὑπ’
3109 5104 3294 5160 ούδεν
3318 5110 3379 5165 ὸς
3420 5105 3856 5181 ἀνακρίνεται.

2268 5196 2325 5250 Ὀ
2374 5205 2607 5258 τοιοῦτος
2658 5198 2824 5250 πάντα
2853 5200 2918 5250 τὰ
2954 5204 3045 5249 τοῦ
3085 5201 3286 5269 κόσμου
3335 5198 3625 5268 πράγματα
3661 5192 3866 5260 ἔνδοξα,

2271 5286 2508 5353 πλοῦτον,
2576 5292 2666 5338 καὶ
2720 5290 2936 5359 τρυφὴν,
2995 5290 3085 5339 καὶ
3136 5291 3309 5338 πᾶσαν
3360 5284 3672 5351 ἀπόλαυσιν,
3708 5285 3870 5342 αὐτὴν

2724 5572 2772 5607 ³³
2804 5570 2951 5630 Gen.
3004 5587 3085 5642 vr,
3110 5576 3182 5637 7;
3216 5586 3310 5638 vn,
3346 5569 3371 5625 1
3407 5584 3566 5639 ;vm,
3604 5574 3619 5625 Ι
3652 5586 3665 5637 ;
3706 5585 3783 5634 ix,
3819 5574 3861 5625 l.
