4084 6256
220 273 331 332 53⁸7
1505 270 1826 332 HOMILIAEI

2000 273 2174 335 HOM.
2217 276 2313 334 ΙΧ.
3480 284 3584 342 538

220 428 276 462 τε
320 413 417 468 τὴν
478 416 692 480 γνῶσιν,
748 414 838 462 καὶ
896 410 1067 462 πάντα
1125 410 1193 461 τὰ
1247 416 1339 461 τοῦ
1397 407 1581 472 αἰῶνος
1632 410 1819 461 τούτου

1976 423 2071 464 em
2121 410 2506 483 voluptatem,
2539 412 2736 483 ipsam
2782 428 3024 485 quoque
3064 414 3487 483 cognitionem,
3528 421 3584 473 et

219 495 493 571 βδελυκτά
517 501 744 571 ἡγεῖται,
776 503 863 551 καὶ
887 501 1115 571 μισητά.

1973 513 2135 554 mnia
2151 515 2283 571 quae
2315 506 2451 557 sunt
2474 501 2656 571 hujus
2688 502 2904 567 saeculi,
2938 503 3309 560 exsecranda
3339 505 3505 562 ducit
3528 512 3584 561 et

1932 586 2072 641 odio
2104 588 2310 657 digna.

292 678 376 733 ϐ’.
452 675 652 751 Ὠσπερ
728 679 830 752 γὰρ
884 678 910 729 6
966 676 1267 750 φλεγόμενος
1313 681 1403 730 καὶ
1477 680 1821 748 κατεχόμενος

2003 676 2091 730 ΙΧ.
2125 676 2653 743 Quemadmodum
2670 679 2830 735 enim
2855 681 2957 751 qui
2976 680 3212 736 ardenti
3240 681 3391 737 febri
3418 681 3584 738 labo-

215 775 446 841 πυρετῷ,
492 768 614 841 ὅπερ
661 765 721 817 ἃν
751 770 1104 839 προσενέγκῃς
1161 770 1300 837 αύτῷ
1360 764 1550 840 βρῶμα
1593 767 1622 825 ἢ
1677 770 1823 836 πόμα

1968 769 2042 830 at,
2073 780 2497 837 quemcunque
2527 768 2578 822 ei
2627 767 2845 823 offeras
2878 769 3079 825 cibum
3114 776 3215 826 aut
3253 778 3487 841 potum,
3522 771 3581 827 id

214 852 441 914 ἣδιστον
496 851 852 928 βδελύσσεται
906 860 996 908 καὶ
1052 854 1353 924 ἀποϐάλλει,
1389 852 1482 907 διὰ
1525 858 1582 907 τὸ
1615 862 1819 928 πυρετῷ

1977 853 2209 907 uamvis
2266 855 2718 920 suavissimum,
2754 855 3139 914 abominatur
3168 874 3237 915 ac
3268 858 3483 926 renuit,
3511 875 3582 917 eo

214 943 495 1016 φλέγεσθαι
547 944 725 1011 αὑτὸν,
780 950 870 997 καὶ
923 944 1010 998 ὑπ’
1070 945 1232 997 αὑτοῦ
1301 941 1541 1017 σφοδρῶς
1602 948 1821 1018 ἐνεργεῖ-

1967 941 2096 1011 [ιιοᾱ
2123 941 2270 997 febri
2301 943 2711 1000 inﬂammatus
2742 946 2819 1000 ab
2866 962 2937 1002 ea
2969 946 3139 1003 valde
3184 954 3531 1005 exerceatur
3566 966 3580 1004 :

219 1035 348 1085 σθαι
390 1050 402 1062 ⁸
445 1036 532 1085 τόν
572 1033 729 1085 αὑτὸν
767 1039 957 1107 τρόπον
1005 1038 1095 1086 καὶ
1133 1036 1183 1086 οἱ
1221 1034 1517 1106 φλεγόμενοι
1554 1041 1626 1104 τῷ
1669 1036 1820 1085 ἐπου-

1968 1029 2143 1084 odem
2166 1031 2369 1097 modo,
2403 1033 2507 1104 qui
2525 1032 2775 1103 Spiritus
2808 1036 3063 1090 caelestis
3094 1042 3302 1092 sancto
3320 1053 3390 1092 ac
3410 1053 3581 1093 vene-

209 1126 375 1197 ρανίῳ
414 1130 507 1174 τοῦ
549 1126 844 1194 Πνεύματος
893 1125 1009 1196 ἱερῷ
1063 1128 1154 1175 καὶ
1206 1131 1374 1195 σεμνῷ
1403 1125 1568 1194 πόθῳ,
1610 1126 1697 1175 καὶ
1746 1130 1817 1192 τῷ

1966 1117 2101 1173 abili
2131 1118 2431 1176 desiderio
2476 1122 2734 1188 accensi,
2769 1139 2976 1179 amore
3015 1124 3350 1180 dilectionis
3381 1126 3479 1181 Dei
3520 1128 3579 1182 in

209 1214 360 1283 ἔρωτι
412 1219 508 1274 τῆς
561 1211 769 1283 ἀγάπης
816 1219 909 1264 τοῦ
959 1220 1092 1266 Θεοῦ
1151 1217 1241 1270 τὴν
1294 1212 1481 1284 ψυχὴν
1520 1214 1811 1285 τρωθέντες,

1970 1207 2132 1263 nima
2165 1209 2441 1275 sauciati,
2473 1227 2540 1266 ac
2570 1211 2779 1267 divino
2816 1211 3161 1283 cmlestique
3210 1214 3366 1286 igne,
3396 1231 3578 1287 quem

211 1305 301 1353 xui
353 1309 427 1371 τῷ
472 1303 590 1373 θείῳ
634 1307 724 1354 καὶ
769 1301 1056 1376 ἐπουρανίῳ
1100 1306 1241 1376 πυρὶ,
1285 1302 1310 1353 ὅ
1351 1304 1376 1354 6
1425 1304 1612 1376 Κύριος
1652 1300 1699 1353 ἓν
1753 1308 1813 1373 τῇ

1964 1295 2216 1351 lominus
2232 1298 2522 1354 interram
2539 1300 2830 1354 missurus
2852 1301 3014 1355 venit
3039 1304 3108 1366 9°,
3133 1302 3372 1374 vultque
3418 1303 3577 1359 velo-

209 1398 276 1462 γῇ
326 1385 449 1447 ἦλθε
489 1388 687 1462 βαλεῖν,
741 1396 831 1443 καὶ
864 1391 992 1444 θέλει
1037 1390 1085 1441 ἐν
1124 1392 1281 1462 τάχει
1333 1389 1641 1463 ἀναφθῆναι,
1697 1410 1818 1462 σφο-

1967 1384 2069 1440 iter
2118 1386 2385 1450 accendi,
2412 1387 2793 1444 vehementer
2830 1390 3048 1445 incitati
3088 1406 3101 1456 ;
3134 1396 3314 1462 atque
3359 1391 3580 1447 caelesti

210 1474 353 1551 δρῶς
399 1478 769 1553 ἐνεργούμενοι,
815 1486 905 1533 καὶ
948 1480 1270 1552 ἐκκαιόμενοι
1324 1480 1396 1542 εἰς
1452 1484 1540 1532 τὸν
1580 1480 1817 1553 οὐράνιον

1965 1474 2224 1530 ,esiderio
2269 1476 2477 1531 Christi
2525 1479 2759 1532 accensi
2813 1486 2972 1543 sunt,
3007 1480 3232 1545 omnia,
3266 1486 3328 1536 ut
3354 1481 3578 1537 dictum

209 1575 304 1621 τοῦ
360 1574 593 1643 Χριστοῦ
642 1571 821 1638 πόθον,
876 1573 945 1630 ὡς
1001 1574 1326 1643 προείρηται,
1384 1571 1555 1622 πάντα
1610 1572 1676 1622 τά
1726 1576 1816 1621 τοῦ

1965 1568 2032 1625 st,
2056 1580 2193 1635 quae
2225 1571 2366 1619 sunt
2397 1564 2457 1619 in
2490 1566 2603 1621 hoc
2633 1566 2853 1622 saeculo
2881 1568 3169 1639 praeclara
3198 1585 3267 1625 ac
3293 1569 3578 1642 pretiosa,

216 1656 400 1718 αἰῶνος
474 1654 659 1720 ἔνδοξα
731 1661 938 1727 τούτου,
1013 1664 1104 1712 καὶ
1168 1664 1339 1730 τίμια,
1404 1657 1676 1715 ἀπόϐλητα
1727 1663 1816 1711 καὶ

1968 1653 2301 1723 apudianda
2323 1660 2379 1709 et
2408 1655 2548 1711 odio
2579 1656 2763 1726 digna
2788 1662 3087 1728 reputant,
3109 1665 3353 1730 propter
3378 1659 3581 1731 ignem

208 1749 420 1819 μισητὰ
455 1746 777 1819 λογίζονται,
830 1745 925 1799 διὰ
971 1751 1029 1799 τὸ
1072 1755 1164 1809 τῆς
1210 1747 1420 1819 ἀγάπης
1448 1757 1537 1801 τοῦ
1582 1755 1815 1822 Χριστοῦ

1971 1741 2257 1797 ilectionis
2297 1743 2525 1811 Christi,
2549 1745 2653 1815 qui
2696 1745 3066 1815 constringit,
3093 1748 3367 1803 accendit
3401 1754 3457 1803 et
3496 1748 3581 1804 in-

206 1844 336 1910 πῦρ,
378 1839 436 1888 τό
477 1840 698 1907 συνέχον
751 1842 840 1889 καὶ
898 1836 1123 1903 ἐκκαῖον,
1164 1842 1254 1889 καὶ
1299 1838 1478 1909 φλέγον
1519 1837 1709 1898 αὐτοὺς
1749 1846 1810 1910 τῇ

1971 1838 2198 1885 ammat
2223 1848 2325 1887 eos
2351 1831 2662 1888 atfectione
2680 1834 2800 1899 Dei,
2833 1842 2889 1889 et
2907 1836 3250 1891 caelestibus
3280 1837 3456 1891 bonis
3489 1837 3582 1892 di-

202 1929 336 1998 πρὸς
365 1929 449 1977 τὸν
489 1930 616 1978 Θεὸν
657 1922 915 1991 διαθέσει,
957 1932 1047 1978 καὶ
1086 1934 1196 1988 τοῖς
1237 1929 1564 2001 ἐπουρανίοις
1602 1927 1815 1998 ἀγαθοῖς

1966 1920 2210 1974 tctionis.
2237 1922 2280 1974 Α
2309 1937 2431 1993 qua
2456 1921 2704 1993 quidem
2745 1923 2911 1988 nihil,
2945 1924 3069 1979 sive
3103 1930 3424 1991 terrenum,
3460 1927 3579 1982 sive

210 2022 306 2075 τῆς
346 2014 553 2086 ἀγάπης
582 2032 595 2044 ⁸
638 2014 691 2077 ἐξ
726 2016 790 2076 ἧς
828 2013 1034 2086 ἀγάπης
1074 2013 1226 2068 οὐδὲν
1266 2024 1367 2068 τῶν
1412 2016 1747 2090 ἐπουρανίων,
1781 2018 1811 2076 ἢ

1965 2008 2388 2064 ubterraneum
2442 2010 2533 2074 sit,
2564 2026 2665 2066 eos
2697 2013 3212 2083 separabitzsicut
3265 2015 3577 2085 apostolus

204 2103 466 2174 ἐπιγείων,
499 2104 527 2163 ἢ
564 2106 932 2176 καταχθονίων
964 2109 1203 2176 χωρίσαι
1237 2101 1524 2164 δυνήσεται
1549 2108 1767 2167 τούτους
1799 2123 1812 2135 ⁸

1969 2098 2145 2152 aulus
2173 2104 2447 2153 testatum
2481 2098 2634 2168 fecit,
2670 2100 2892 2156 scilicet
2927 2120 2938 2159 :
2978 2102 3115 2168 Quis
3141 2118 3249 2158 nos
3274 2104 3580 2173 separabit

212 2196 390 2255 καθὼς
446 2194 472 2244 ό
528 2191 812 2254 ἀπόστολος
869 2192 1200 2268 ἐμαρτύρησε
1274 2194 1493 2265 Παῦὶος,
1554 2197 1635 2247 ὅτι
1706 2201 1817 2257 Τίς

1706 2201 1817 2257 Τίς
1925 2200 1963 2241 a
1994 2186 2291 2243 charitate
2325 2186 2551 2243 Christi
2572 2189 2619 2223 θτ
2644 2188 2673 2244 ?
2694 2194 2751 2245 et
2779 2205 2915 2261 qua:
2945 2196 3303 2262 sequuntur.

214 2284 380 2355 ἡμᾶς
430 2287 722 2357 χωρίσει
792 2281 909 2335 ἀπὸ
963 2292 1071 2343 τῆς
1126 2282 1387 2355 ἀγάπης
1454 2292 1569 2337 τοῦ
1624 2293 1816 2358 Χρισ-

214 2379 330 2425 τοῦ
361 2390 374 2440 ;
405 2376 495 2424 καὶ
524 2374 591 2424 τὰ
616 2372 751 2435 ἑξῆς.

299 2496 359 2550 I’.
414 2498 519 2553 Τὴν
570 2491 629 2547 δι
680 2501 867 2553 κτῆσιν
936 2502 1026 2555 τῆς
1079 2493 1259 2547 ἑαυτοῦ
1311 2494 1519 2567 ψυχῆς,
1576 2500 1666 2548 xui
1721 2504 1812 2557 τῆς

1996 2491 2055 2544 Χ.
2092 2489 2539 2547 Possessionem
2587 2507 2728 2547 vero
2771 2508 2894 2547 suae
2939 2493 3180 2559 animae,
3223 2497 3277 2549 et
3326 2493 3578 2565 Spiritus

211 2584 523 2657 ἐπουρανίου
574 2592 665 2636 τοῦ
718 2587 1017 2655 Πνεύματος
1085 2583 1310 2655 ἀγάπης,
1379 2584 1472 2636 οὑκ
1538 2581 1810 2656 ἐνδέχεταί

1968 2578 2173 2634 Blestis
2195 2579 2526 2635 dilectionis
2555 2597 2676 2636 non
2705 2583 2994 2651 contingit
3026 2584 3376 2655 quempiam
3398 2585 3581 2639 'inve-

205 2693 327 2727 τινα
376 2675 560 2749 εὑρεῖν,
607 2672 692 2724 ἐὰν
735 2677 806 2745 μὴ
858 2675 1063 2725 πάντων
1103 2682 1202 2724 τῶν
1255 2680 1345 2725 τοῦ
1394 2674 1577 2735 αἰῶνος
1625 2678 1810 2727 τούτου

1966 2668 2066 2731 ire,
2096 2669 2209 2723 nisi
2234 2670 2313 2724 ab
2344 2669 2650 2739 omnibus,
2688 2686 2825 2742 quae
2870 2677 3007 2725 sunt
3036 2671 3216 2741 hujus
3264 2673 3486 2739 saeculi,
3518 2688 3579 2728 se

204 2764 384 2816 ἑαυτὸν
432 2761 801 2836 ἀλλοτριώσας,
853 2765 985 2835 πρὸς
1034 2767 1119 2821 τὴν
1173 2762 1398 2823 ζήτησιν
1449 2772 1544 2825 τῆς
1601 2762 1810 2835 ἀγάπης

1964 2772 2120 2812 )sum
2151 2758 2474 2822 abstrahat,
2504 2758 2946 2828 etindagationi
2972 2759 3274 2816 charitatis
3289 2761 3497 2817 Christi
3515 2776 3577 2817 se

202 2859 295 2905 τοῦ
343 2859 582 2927 Χριστοῦ
638 2851 821 2904 ἑαυτὸν
874 2849 1063 2921 ἐπιδῷ,
1114 2856 1204 2903 καὶ
1243 2860 1425 2903 πασῶν
1479 2852 1669 2904 ὑλικῶν
1719 2857 1809 2906 καὶ

1964 2861 2122 2902 )ειιω
2161 2846 2377 2913 tradat,
2422 2862 2491 2902 ac
2522 2847 2601 2903 ab
2646 2848 2933 2904 omnibus
2981 2850 3199 2905 crassis
3230 2855 3287 2906 et
3310 2855 3577 2908 terrenas

199 2949 585 3015 περισπασμῶν
627 2943 822 3012 γηίνων
854 2941 880 2993 ὅ
927 2947 1045 3002 νοῦς
1089 2942 1231 3001 ἐκτὸς
1277 2944 1513 3011 γένηται,
1566 2943 1649 2994 ἱνα
1690 2946 1808 3014 περὶ

1964 2935 2100 2989 abus
2140 2947 2311 2990 mens
2345 2935 2552 3006 procul
2576 2935 2770 3005 absit;
2806 2941 2867 2992 ut
2906 2937 3064 2993 circa
3103 2955 3290 2993 unum
3323 2955 3577 3011 scopum

202 3034 292 3081 τόν
319 3030 408 3082 ἕνα
438 3034 630 3082 σκοπόν
660 3031 774 3093 ὅλος
806 3029 1183 3101 ἀσχοληθῆναι
1220 3026 1447 3102 δυνηθῇ,
1480 3028 1575 3083 διὰ
1624 3040 1808 3084 πασῶν

1966 3028 2077 3079 itus
2112 3029 2381 3094 satagere
2405 3024 2730 3097 possit,per
2744 3025 2951 3082 omnia
2978 3026 3414 3098 praeceptahaec
3427 3028 3579 3084 bene

208 3116 424 3169 ἐντολῶν
474 3124 639 3170 ταῦτα
678 3120 1024 3183 κατευθύνων,
1083 3118 1166 3170 ἵνα
1205 3117 1295 3176 ὅλη
1349 3119 1378 3176 ἠ
1433 3124 1674 3192 μέριμνα,
1720 3125 1810 3172 καὶ

1966 3112 2198 3182 irigens,
2242 3118 2303 3168 ut
2359 3112 2558 3168 omnis
2598 3130 2760 3183 cura,
2809 3114 3133 3185 inquisitio,
3170 3115 3474 3171 distractio
3522 3119 3579 3171 et

208 3207 239 3264 ἡ
290 3205 537 3270 ζήτησις,
586 3211 674 3259 καὶ
718 3208 743 3258 ό
786 3208 1176 3281 περισπασμός,
1233 3212 1322 3260 καὶ
1368 3209 1399 3265 ἡ
1448 3206 1681 3279 ἀσχολία
1720 3218 1811 3269 τῆς

1966 3201 2236 3273 ccupatio
2265 3202 2560 3257 animasin
2591 3202 3405 3272 investigandaintellectuali
3433 3204 3579 3260 sub-

208 3293 403 3366 ψυχῆς
448 3298 567 3367 περὶ
615 3298 707 3353 τὴν
760 3298 962 3369 ἔρευναν
1016 3303 1107 3356 τῆς
1152 3302 1330 3369 νοερᾶς
1378 3295 1559 3358 οὐσίας
1609 3294 1663 3369 ᾗ,
1705 3306 1812 3359 πῶς

1965 3292 2137 3349 :antia
2160 3291 2402 3358 haereat,
2431 3293 2742 3363 quomodo
2772 3308 2907 3349 eam
2923 3293 3124 3349 ornari
3145 3298 3419 3365 oporteat
3432 3310 3578 3366 pree-

211 3383 380 3441 αὑτὴν
432 3385 768 3455 κοσμηθῆναι
798 3381 879 3436 δεῖ
930 3392 1040 3445 ταῖς
1081 3393 1180 3438 τῶν
1209 3384 1401 3460 ἀρετῶν
1449 3386 1692 3452 ἐντολαῖς,
1723 3392 1812 3440 καὶ

1965 3382 2108 3453 eptis
2138 3382 2447 3445 virtutum,
2481 3381 2785 3437 accmlesti
2816 3380 3066 3452 Spiritus
3117 3388 3426 3448 ornatu,et
3446 3399 3578 3455 par-

211 3469 286 3543 τῷ
337 3474 625 3545 ἐπουρανίῳ
663 3479 751 3524 τοῦ
797 3475 1090 3544 Πνεύματος
1140 3478 1344 3547 κόσμῳ,
1396 3480 1484 3528 xui
1524 3484 1585 3549 τῇ
1636 3497 1812 3529 κοινωυ

1967 3471 2268 3541 cipatione
2293 3472 2564 3540 puritatis
2590 3476 2646 3526 et
2684 3470 3173 3526 sanctiﬁcationis
3231 3472 3442 3529 Christi
3471 3490 3484 3528 :
3516 3477 3579 3530 ut

208 3564 297 3632 νίᾳ
356 3568 454 3623 τῆς
506 3568 597 3613 τοῦ
674 3558 910 3635 Χριστοῦ
964 3565 1324 3637 καθαρότητος
1378 3569 1469 3617 καὶ
1522 3564 1809 3639 ἁγιασμοῦ,

1962 3560 2039 3630 ιθ
2058 3559 2193 3630 quis
2225 3560 2512 3614 omnibus
2550 3559 2890 3615 valedicens
2924 3561 3251 3633 omniaque
3280 3577 3485 3619 crassa
3507 3579 3575 3618 ac

211 3651 295 3701 ἵνα
373 3668 454 3711 τις
524 3654 691 3702 πᾶσιν
757 3649 1164 3724 ἀποταξάμενος,
1239 3658 1330 3705 καὶ
1397 3655 1570 3706 πάντα
1628 3655 1811 3707 ἑαυτοῦ

1962 3664 2153 3704 irrena
2166 3648 2580 3719 impedimenta
2592 3665 2966 3714 resecans,ac
2978 3650 3236 3706 carnalis
3250 3650 3575 3707 dilectionis

206 3737 497 3809 περικόψας
543 3741 610 3791 τὰ
637 3748 731 3802 τῆς
770 3739 895 3800 ὕλης
941 3746 1031 3792 καὶ
1074 3749 1174 3812 γῆς
1208 3738 1458 3813 ἐμπόδια,
1502 3748 1591 3795 καὶ
1634 3763 1815 3818 σαρκι-

1965 3742 2029 3792 ut
2053 3736 2381 3794 affectionis
2412 3752 2556 3807 erga
2588 3744 2864 3809 parentes
2879 3755 2947 3795 ac
2962 3746 3251 3808 cognatos
3265 3756 3476 3811 expers
3491 3740 3578 3796 fa-

206 3834 305 3887 κῆς
384 3826 607 3898 ἀγάπης,
673 3826 731 3891 ἢ,
764 3830 1123 3900 προσπαθείας
1196 3833 1405 3901 γονέων,
1464 3832 1492 3890 ἣ
1554 3840 1813 3905 συγγενῶν

1965 3832 2074 3891 tus,
2108 3826 2253 3881 nulli
2286 3826 2454 3882 alteri
2488 3826 2570 3881 rei
2595 3828 2890 3883 concedat
2910 3828 3178 3883 animam
3216 3844 3451 3894 vacare,
3476 3834 3578 3885 aut

205 3913 354 3976 ἐκτὸς
403 3921 688 3988 γενόμενος,
746 3915 794 3968 ἂν
862 3915 1055 3986 μηδενὶ
1130 3918 1278 3991 ἑτέρῳ
1355 3926 1689 3994 συγχωρήσῃ
1740 3930 1813 3993 τῷ

1963 3931 1993 3971 a
2018 3915 2267 3971 distrahi
2300 3932 2312 3971 :
2348 3915 2505 3971 velut
2524 3921 2626 3971 aut
2656 3916 2948 3985 regnandi
2970 3916 3300 3987 cupiditati,
3332 3923 3435 3973 aut
3454 3918 3576 3989 glo-

206 4002 390 4056 ἑαῠτοῦ
439 4013 508 4075 νῷ
560 4004 955 4076 ἀσχοληθῆναι,
1016 4007 1045 4065 ἢ
1104 4010 1555 4082 περισπασθῆναι,
1611 4010 1714 4062 οἷον
1781 4010 1811 4068 ἦ

1958 4006 2044 4070 ise,
2074 4009 2179 4059 aut
2204 4004 2535 4059 honoribus
2562 4009 2663 4060 aut
2686 4004 2961 4059 amicitiis
2981 4005 3323 4061 carnalibus
3341 4007 3571 4073 mundi,

202 4090 375 4164 ἀρχῇ,
412 4092 441 4150 ἢ
478 4089 633 4165 δόξῃ,
664 4094 693 4151 ἣ
728 4101 927 4165 τιμαῖς,
970 4095 999 4154 ἢ
1050 4094 1240 4167 φιλίαις
1274 4104 1550 4171 σαρκικαῖς
1588 4102 1811 4170 κόσμου,

1964 4100 2024 4148 ut
2072 4092 2201 4147 aliis
2243 4092 2614 4165 quibusdam
2659 4094 2815 4147 curis
2849 4094 3132 4160 terrenis;
3164 4110 3225 4148 se
3255 4098 3414 4148 totus
3446 4110 3571 4151 om-

204 4182 234 4239 ἦ
302 4180 497 4255 ἑτέραις
545 4186 657 4234 τισὶ
708 4186 949 4257 φροντίσι
1002 4185 1231 4255 γηῖναις,
1272 4184 1381 4237 ἀλλ’
1428 4187 1542 4248 ὅλος
1590 4187 1642 4250 ἐξ
1695 4187 1812 4239 ὅλου

1966 4184 2064 4238 ino
2092 4183 2150 4237 in
2176 4181 2526 4250 indaganda
2555 4180 2931 4236 intellectuali
2974 4181 3303 4237 substantia
3357 4183 3574 4239 animae

199 4276 323 4343 περὶ
370 4275 465 4328 τὴν
506 4272 727 4332 ζήτησιν
766 4279 863 4333 τῆς
910 4280 1088 4349 νοερᾶς
1127 4274 1314 4335 οὐσίας
1352 4283 1448 4337 τῆς
1492 4274 1674 4348 ψυχῆς
1720 4281 1812 4335 τὴν

1961 4287 2129 4327 uram
2160 4276 2216 4326 et
2239 4270 2509 4326 laborem
2526 4271 2763 4325 animus
2783 4270 3089 4341 suscipiat,
3120 4275 3177 4325 et
3192 4271 3250 4325 in
3268 4286 3370 4343 spe
3393 4276 3574 4343 atque

199 4363 455 4430 μέριμναν
508 4366 598 4412 καὶ
646 4360 820 4431 θλίψιν
860 4363 885 4413 ὅ
924 4369 1041 4424 νοῦς
1104 4361 1352 4436 ἀναλάϐῃ,
1402 4368 1491 4417 καὶ
1652 4385 1812 4438 προσ-

1962 4360 2358 4432 xspectatione
2385 4359 2674 4416 adventus
2705 4359 2977 4430 Spiritus,
3013 4362 3172 4414 totus
3195 4361 3444 4415 omnino
3472 4376 3575 4432 pa-

204 4442 365 4519 δοκία
413 4454 503 4500 καὶ
540 4449 767 4522 ἀναμονῇ
813 4458 911 4513 τῆς
960 4460 1052 4504 τοῦ
1093 4455 1396 4524 Πνεύματος
1442 4457 1811 4526 ἐπιφοιτήσεως

1959 4466 2070 4506 .ens
2102 4450 2210 4505 sit:
2242 4449 2758 4522 quemadmodum
2785 4447 2866 4502 ait
2888 4448 3175 4503 Dominus
3208 4464 3220 4503 :
3253 4449 3322 4504 In
3345 4450 3572 4517 patien-

201 4534 318 4597 ὅλος
372 4536 426 4599 ἐξ
454 4536 571 4590 ὅλου
610 4540 861 4613 ὑπομένῃ,
896 4544 1064 4602 καθώς
1095 4561 1253 4614 φησιν
1285 4543 1310 4594 ὁ
1339 4545 1523 4617 Κύριος
1558 4560 1569 4572 ’
1605 4543 1692 4596 Ἐν
1730 4552 1805 4616 τῇ

1954 4542 2002 4594 ia
2033 4543 2227 4594 vestra
2251 4537 2603 4608 possideatis
2634 4539 2867 4593 animas
2883 4544 3108 4593 vestras
3126 4536 3191 4590 9'.
3222 4537 3567 4593 Etrursum:

200 4624 498 4698 ὑπομονῇ
553 4627 732 4699 ὑμῶν
787 4633 1140 4688 κτήσασθε
1176 4633 1291 4692 τάς
1330 4630 1555 4703 ψυχὰς
1593 4633 1803 4703 ὑμῶν·

1956 4628 2177 4684 ιιιαννίίε
2198 4627 2459 4697 primum
2490 4642 2742 4697 regnum
2769 4626 2895 4693 Dei,
2929 4632 2982 4681 et
3026 4626 3153 4684 haec
3182 4626 3386 4683 omnia
3414 4627 3569 4697 adji-

200 4715 297 4762 xui
326 4712 823 4774 πάλιν-Ζητεῖτε
878 4722 990 4776 τήν
1046 4715 1394 4792 βασιλείαν
1450 4727 1563 4772 τοῦ
1619 4727 1804 4788 Θεοῦ,

878 4722 990 4776 τήν
1046 4715 1394 4792 βασιλείαν
1450 4727 1563 4772 τοῦ
1619 4727 1804 4788 Θεοῦ,
1917 4718 2150 4773 cientur
2180 4716 2341 4773 vobis
2372 4718 2441 4771 99.

199 4804 312 4852 xui
365 4809 558 4856 ταῦτα
600 4807 806 4858 πάντα
851 4810 1384 4879 προστεθήσεται
1439 4809 1625 4881 ύμῖν.

268 4926 374 4982 IA'.
428 4933 629 4981 Γένοιτο
684 4926 763 4995 δὲ,
820 4932 904 4985 ἵνα
959 4932 1095 4986 οὑτω
1145 4953 1227 4996 τις
1279 4933 1660 5006 ἀγωνιζόμενος
1714 4938 1804 4989 καὶ

1989 4931 2074 4987 ΧΙ.
2107 4929 2257 4985 Fieri
2290 4934 2489 4987 autem
2520 4932 2733 5000 potest,
2760 4934 2821 4985 ut
2851 4930 2984 5001 quis
3019 4930 3104 4988 sic
3144 4930 3479 4995 decertans,
3512 4935 3569 4988 et

194 5017 418 5069 πάντοτε
472 5020 751 5091 προσέχων
806 5020 993 5092 ἐαυτῷ,
1067 5026 1165 5074 εἴτε
1208 5026 1256 5075 ἐν
1313 5024 1542 5096 ὑπακοῇ,
1596 5027 1697 5076 εἴτε
1754 5024 1803 5076 ἐν

1954 5023 2197 5077 cntinuo
2236 5020 2347 5076 sibi
2391 5018 2726 5083 attendens,
2760 5018 2882 5073 sive
2913 5018 2974 5073 in
3022 5020 3316 5089 precibus,
3353 5020 3477 5075 sive
3506 5020 3567 5076 in

195 5106 327 5178 ἔργῳ
368 5102 664 5176 οίῳδηποτε
703 5111 839 5161 κατὰ
891 5114 1019 5163 Θεὸν
1057 5115 1328 5183 γινομένῳ,
1387 5116 1441 5164 τὸ
1480 5117 1665 5174 σκότος
1702 5122 1802 5165 τῶν

1944 5109 2227 5181 ὼεεῳιίο,
2243 5116 2364 5163 sive
2380 5108 2626 5177 inopere
2640 5122 3004 5178 quocunque
3019 5108 3354 5163 secundum
3374 5111 3557 5165 Deum

192 5202 435 5268 πονηρῶν
479 5191 741 5267 δαιμόνων
787 5196 1070 5270 ἀποφυγεῖν
1132 5196 1357 5272 δυνηθῇ.
1417 5200 1474 5252 Ὀ
1530 5204 1631 5276 γὰρ
1689 5208 1803 5262 νοῦς

1951 5197 2300 5266 erﬁciendo,
2312 5196 2588 5252 tenebras
2600 5194 3034 5251 malitiosorum
3052 5197 3402 5252 daamonum
3418 5196 3564 5253 effu-

190 5289 288 5343 τῆς
334 5282 520 5336 ἑαυτοῦ
573 5283 795 5357 ἐρεύνης,
836 5292 927 5339 καὶ
981 5295 1067 5349 τῆς
1114 5291 1246 5360 πρὸς
1304 5292 1493 5362 Κύριον
1536 5292 1801 5354 ζητήσεως

1954 5301 2049 5344 ere
2077 5287 2280 5358 possit.
2313 5285 2563 5340 Animus
2603 5284 2783 5351 enim,
2809 5298 2911 5355 qui
2937 5300 2973 5340 a
3004 5283 3096 5339 sui
3149 5285 3564 5356 persecutione

194 5370 342 5433 ἐκτός
393 5377 465 5444 μὴ
524 5378 810 5447 γινόμενος,
865 5380 959 5435 τὴν
1017 5375 1202 5430 ἑαυτοῦ
1259 5378 1445 5451 ψυχὴν
1501 5381 1799 5439 κτήσασθαι

1949 5376 2369 5445 tindagatione
2398 5372 2634 5428 Domini
2675 5388 2797 5427 non
2826 5373 3070 5439 desistit,
3093 5373 3362 5429 animam
3390 5389 3561 5428 suam

196 5455 422 5514 δύντααι
474 5456 636 5516 οὖσαν
684 5462 733 5516 ἄν
787 5464 1019 5539 ἀπωλείᾳ
1070 5468 1270 5535 παθῶν,
1304 5476 1376 5540 τῷ
1427 5472 1556 5541 πρὸς
1608 5470 1798 5542 Κύριον

1953 5465 2214 5523 ossidere
2240 5467 2593 5535 potest,quae
2611 5461 2796 5519 animi
2809 5467 3007 5520 motus
3019 5462 3381 5534 pedetentim
3395 5460 3566 5521 amit-

264 5667 314 5703 "
348 5668 492 5724 Luc.
514 5683 616 5737 ιιι,
646 5668 734 5726 49.
834 5670 878 5706 ⁸⁷
914 5673 1084 5731 Rom.
1116 5672 1233 5742 vin,
1252 5676 1340 5730 35.
1446 5673 1494 5708 ’⁸
1516 5673 1653 5730 Luc.
1686 5686 1809 5739 xm,
1846 5674 1877 5728 2

937 5674 1084 5731 tom.
1116 5672 1233 5742 vin,
1252 5676 1340 5730 35.
1446 5673 1494 5708 ’⁸
1516 5673 1653 5730 Luc.
1686 5686 1809 5739 xm,
1846 5674 1936 5729 29.
2040 5672 2087 5707 99
2118 5668 2318 5728 Matth.
2350 5683 2430 5740 γι,
2463 5658 2550 5723 33L
