4148 6262
522 263 624 319 539
1800 258 1861 316 S.
1903 255 2152 314 MACAR

2242 254 2553 312 IEGYPTII
3764 260 3871 316 540

516 388 604 453 tit,
631 389 775 444 dum
806 403 867 443 se
890 388 1090 458 ipsum
1111 385 1392 441 violenter
1422 399 1656 455 semper
1687 388 1866 456 atque
1889 386 2154 455 prompte

2277 383 2355 435 ἀεὶ
2411 381 2501 456 βίᾳ
2558 386 2647 435 καὶ
2717 385 2983 456 προθυμίᾳ
3049 383 3456 456 αἰχμαλωτίζειν
3528 383 3728 450 ἑαυτὸν,
3787 389 3883 435 καὶ

519 478 825 549 captivum
863 477 1026 531 ducit
1068 475 1142 531 ad
1180 475 1520 538 Dominum,
1552 479 1609 528 et
1639 472 1721 528 illi
1763 473 1871 528 soli
1904 472 2157 528 adhaeret

2278 470 2417 543 αύτῷ
2447 477 2584 543 μόνῳ
2615 473 3069 546 προσκαλλᾶσθαι,
3115 475 3284 534 καθὼς
3316 477 3517 548 εἱρηται
3549 491 3561 503 ·
3628 473 3886 545 Αἰχμα-

519 572 584 622 ut
628 567 847 621 dictum
896 571 1021 620 est:
1048 564 1359 634 Captivam
1382 564 1658 618 ducentes
1686 577 1913 618 omnem
1947 563 2157 631 cogita-

2277 561 2663 622 λωτίζοντις
2717 567 2840 613 πᾶν
2879 582 3084 634 νόημα
3145 563 3232 624 εἰς
3271 567 3383 621 τήν
3439 565 3728 620 ὑπακοὴν
3771 569 3886 614 τοῦ

524 657 736 712 tionem
769 661 819 710 et
840 654 1223 710 obediendum
1259 652 1492 707 Christo
1519 653 1534 686 ¹
1563 669 1578 705 :
1608 659 1669 706 ut
1698 667 1802 721 per
1819 649 2162 721 hujusmodi

2281 657 2574 725 Χριστοῦ
2605 668 2617 680 ·
2675 653 2812 712 ὅπως
2843 649 2936 703 διὰ
2991 659 3084 703 τοῦ
3115 654 3351 704 τοιούτου
3402 649 3617 722 ἀγῶνος,
3653 653 3744 702 καὶ
3789 656 3887 704 πό-

520 749 840 812 certamen,
859 742 1218 797 desiderium
1245 741 1760 810 etindagationem
1792 755 1960 794 mens
1982 739 2158 808 digna

2282 741 2393 805 θου,
2471 745 2558 794 καὶ
2636 741 2901 801 ζητήσεως
2977 742 3002 792 6
3068 749 3182 801 νοῦς
3256 740 3554 813 καταξιωθῇ
3631 742 3883 811 γενέσθαι

520 835 821 897 reddatur,
855 848 990 903 quae
1024 831 1250 884 sitcum
1285 829 1536 884 Domino
1565 827 1624 882 in
1667 843 1852 882 unum
1888 827 2158 898 Spiritum

2279 831 2409 899 μετά
2503 836 2595 880 τοῦ
2689 833 2882 900 Κυρίου
2960 829 3026 889 εἰς
3101 829 3149 881 ἓν
3239 837 3441 901 πνεῦμα
3512 837 3608 891 τῆς
3683 825 3889 900 δωρεᾶς

521 922 658 978 doni
690 928 744 976 et
777 921 982 990 gratiae
1015 919 1242 982 Christi,
1270 917 1646 989 requiescens
1673 918 1734 971 in
1761 932 1896 972 vase
1928 915 2159 979 animas,

2281 922 2368 968 xui
2424 919 2649 992 χάριτος
2702 925 2794 969 τοῦ
2872 925 3124 992 Χριστοῦ,
3197 917 3626 990 ἀναπαυσάμενος
3681 917 3730 970 ἐν
3807 925 3885 988 τῷ

519 1013 596 1068 ad
614 1027 792 1066 omne
809 1011 1037 1066 bonum
1065 1025 1198 1064 eam
1232 1007 1605 1069 adornantis,
1635 1021 1744 1061 nec
1765 1005 1880 1060 ulla
1899 1004 2157 1060 afﬁcien-

2281 1005 2472 1078 ἀγγείῳ
2533 1015 2625 1068 τῆς
2690 1006 2896 1079 ψυχῆς,
2957 1008 3028 1069 εἰς
3084 1013 3186 1060 πᾶν
3241 1010 3388 1080 ἔργον
3448 1006 3644 1078 ἀγαθόν
3696 1027 3887 1080 προευ-

519 1101 589 1156 tis
624 1099 983 1156 contumelia
1015 1098 1301 1169 Spiritum
1345 1096 1599 1158 Domini,
1631 1111 1753 1150 sua:
1791 1093 2022 1149 libidini
2061 1092 2157 1148 ob-

2278 1099 2659 1168 τρεπισαμένης
2713 1095 2894 1162 αὐτῆς,
2947 1100 3036 1148 καὶ
3089 1095 3182 1147 οὐκ
3236 1095 3613 1170 ἐνυϐριζούσης
3664 1100 3724 1148 τό
3789 1103 3884 1148 τοῦ

518 1189 936 1261 temperando,
965 1193 1144 1259 atque
1178 1185 1357 1255 hujus
1409 1183 1612 1239 saeculi
1667 1182 2156 1255 occupationibus

2283 1187 2474 1255 Κυρίου
2529 1190 2736 1255 Πνεῦμα
2790 1183 2837 1235 ἔν
2895 1192 3004 1246 τοῖς
3072 1181 3224 1246 ἰδίοις
3289 1185 3563 1256 θελήμασι,
3620 1189 3712 1237 xui
3772 1192 3887 1246 τοῖς

521 1283 624 1334 aut
691 1277 1045 1339 honoribus,
1097 1279 1199 1328 aut
1267 1273 1684 1341 dignitatibus,
1742 1277 1844 1328 aut
1912 1270 2159 1343 propriis

2277 1279 2368 1323 τοῦ
2421 1271 2604 1333 αἰῶνος
2659 1275 2844 1324 τούτου
2897 1272 3238 1347 ῥεμϐασμοῖς,
3281 1275 3308 1332 ἦ
3355 1270 3553 1340 δόξαις,
3596 1276 3626 1331 ἡ
3685 1273 3887 1347 ἀρχαῖς

522 1366 928 1437 opinionibus,
959 1369 1060 1418 aut
1099 1362 1439 1418 carnalibus
1467 1360 1898 1432 voluptatibus,
1934 1365 2038 1415 aut
2062 1360 2160 1416 im.-

2279 1364 2308 1418 ἦ
2373 1359 2856 1433 ἰδιογνωμοσύναις,
2922 1364 2951 1420 ἦ
3009 1360 3222 1423 ἡδοναῖς
3279 1370 3573 1437 σαρκικαῖς,
3633 1367 3725 1415 καὶ
3782 1372 3883 1415 τῶν

518 1456 849 1526 proborum
910 1453 1227 1508 hominum
1286 1450 1573 1505 sodalitiis
1628 1456 1682 1505 et
1742 1449 2006 1519 collegiis
2067 1447 2156 1503 ad-

2067 1447 2170 1503 ad-
2277 1450 2825 1526 πονηρῶν-ἀνθρώπων
2855 1447 3235 1524 συνδυασμοῖς,
3269 1457 3358 1504 καὶ
3388 1456 3699 1514 κοινωνίαις.

520 1544 827 1599 haerendo.

592 1650 702 1705 ΧΗ.
724 1648 995 1704 Amabile
1026 1649 1184 1702 enim
1219 1651 1304 1701 est
1332 1645 1646 1718 quidpiam
1675 1645 1898 1710 anima,
1932 1659 2066 1716 quas
2088 1647 2170 1699 to-

2352 1645 2449 1700 IB'.
2500 1646 2795 1718 Ἀγαπητὸν
2839 1649 2940 1722 γὰρ
2996 1646 3096 1700 ἔδει
3137 1647 3232 1708 ἂι
3279 1646 3330 1710 ἐξ
3391 1647 3508 1700 ὅλου
3571 1647 3758 1706 ἑαυτήν
3815 1657 3891 1719 τῷ

518 1744 578 1794 ta
609 1739 855 1794 omnino
886 1738 1143 1808 seipsam
1171 1737 1422 1790 Domino
1441 1749 1821 1797 consecrans,
1840 1733 2038 1805 illique
2059 1732 2156 1787 sol:

2285 1741 2457 1808 Κυρίῳ
2513 1735 2780 1803 ἀναθεῖσα,
2850 1742 2939 1788 καὶ
3012 1737 3154 1808 αύτῴ
3227 1742 3376 1810 μόνᾳ
3423 1737 3885 1811 προσκολλωμένη,

519 1829 854 1892 adhaerens,
890 1828 944 1881 in
993 1829 1116 1896 ejus
1171 1825 1472 1880 mandatis
1531 1825 1656 1879 sine
1706 1823 1827 1878 ulla
1868 1823 2157 1879 oblivione

2281 1828 2371 1875 xui
2413 1832 2521 1886 ταῖς
2571 1825 2793 1887 ἐντολαῖς
2845 1826 3004 1878 αὐτοῦ
3049 1824 3404 1888 ἀνεπιλήστως
3454 1825 3885 1902 ἐνδιατρίϐουσα,

518 1917 862 1984 ambulans,
885 1921 1062 1986 atque
1090 1915 1375 1986 Spiritum
1408 1913 1615 1968 Christi
1648 1912 2082 1976 advenientem,
2117 1920 2156 1966 et

2282 1918 2370 1965 xui
2422 1918 2480 1966 τὸ
2537 1913 2880 1986 ἐπιφοιτήσαν
2955 1919 3045 1967 καὶ
3107 1914 3423 1968 ἐπισκιάσαν
3496 1924 3588 1968 τοῦ
3644 1924 3891 1990 Χριστοῦ

519 2008 982 2063 obumbrantem
1010 2008 1339 2058 reverenter
1365 2002 1669 2057 honorans
1699 2001 2157 2071 dignahabetur1

2285 2009 2491 2075 Πνεῦμα
2545 2003 2703 2066 ἀξίως
2752 2009 3048 2076 τιμήσασα,
3099 2005 3396 2078 καταξιωθῇ
3447 2006 3557 2078 μετ’
3609 2006 3774 2058 αὐτοῦ
3813 2006 3889 2068 εἰς

520 2102 581 2152 ut
624 2112 759 2151 cum
811 2095 941 2165 ipso
999 2109 1151 2148 unus
1205 2093 1472 2163 spiritus,
1509 2096 1565 2146 et
1615 2107 1736 2147 una
1788 2106 1992 2146 massa
2043 2090 2158 2146 ﬁat.

2283 2092 2330 2144 ἓν
2376 2100 2578 2164 πνεῦμα
2628 2099 2718 2146 καὶ
2764 2099 2887 2164 μίαν
2940 2100 3128 2167 κρᾶσιν
3179 2095 3444 2164 γενέσθαι,
3499 2097 3671 2155 καθώς
3725 2114 3889 2166 φησιν

519 2186 678 2242 Sicut
697 2184 891 2255 inquit
917 2181 1234 2254 Apostolus
1260 2198 1272 2235 :
1307 2181 1418 2246 Qui
1440 2180 1704 2236 adhaeret
1728 2179 1993 2250 Domino,
2016 2196 2157 2234 unus

2283 2183 2308 2232 6
2367 2181 2675 2243 Ἀπόστολος
2731 2199 2744 2212 ⁶
2801 2182 2860 2235 Ὀ
2911 2184 3310 2255 κολλώμενος
3365 2193 3446 2255 τῷ
3542 2189 3769 2258 Κυρίῳ,
3825 2185 3889 2237 ἓν

519 2276 766 2344 spiritus
798 2277 878 2328 est
912 2278 952 2323 ³.
998 2273 1052 2327 Si
1106 2286 1244 2325 vero
1285 2271 1419 2341 quis
1452 2271 1716 2338 seipsum
1764 2269 1959 2325 tradat
1988 2268 2157 2334 curis,

2282 2290 2358 2323 πν
2378 2273 2536 2343 εῦμά
2575 2270 2775 2326 ἐστιν.
2811 2272 2931 2324 Ἐὰν
2962 2269 3023 2324 δέ
3045 2292 3118 2333 τις
3139 2270 3278 2343 ἐκδῷ
3303 2272 3482 2325 ἑαυτὸν
3509 2273 3582 2334 εἰς
3604 2277 3883 2348 μέριμναν,

520 2369 622 2419 aut
656 2362 876 2432 gloriae,
920 2365 1021 2416 aut
1051 2359 1465 2431 dignitatibus,
1498 2362 1598 2413 aut
1629 2359 1928 2413 honorum
1959 2358 2158 2413 huma-

2284 2359 2313 2417 ἦ
2349 2357 2524 2424 δόξαν,
2558 2361 2586 2419 ἣ
2623 2359 2819 2432 ἀρχὴν,
2853 2361 2881 2419 ἦ
2928 2369 3087 2433 τιμῶν
3120 2360 3451 2434 ἀνθρωπίνων
3483 2361 3887 2434 ἕπιμελήσηται,

517 2469 735 2508 norum
767 2467 971 2506 curam
1023 2449 1260 2512 habeat,
1290 2455 1345 2501 et
1364 2447 1492 2502 haec
1518 2447 1777 2502 studiose
1802 2451 2030 2518 quaerat
2061 2469 2072 2500 :
2101 2445 2155 2501 sit

2283 2454 2373 2500 xui
2400 2457 2566 2501 ταῦτα
2613 2449 2857 2522 ἐπιζητῇ,
2891 2456 2980 2503 καὶ
3021 2449 3068 2502 ἐν
3099 2453 3302 2522 γηίνοις
3339 2450 3612 2523 λογισμοῖς
3642 2453 3672 2510 ἡ
3724 2452 3884 2523 ψυχή

519 2557 635 2613 que
664 2540 868 2596 anima
889 2540 1016 2608 ejus
1050 2537 1292 2592 terrenis
1306 2536 1765 2604 cogitationibus
1790 2537 2157 2591 commiscea‘

2284 2537 2605 2611 ἀναφύρηται
2676 2544 2763 2591 καὶ
2821 2543 3138 2610 συγχέηται,
3195 2541 3223 2598 ἡ
3287 2542 3333 2591 ἓν
3392 2560 3493 2592 τινι
3543 2548 3632 2593 τοῦ
3703 2541 3892 2602 αἰῶνος

519 2637 614 2687 tur
659 2635 760 2685 aut
806 2627 1228 2690 confundatur,
1257 2630 1358 2680 aut
1387 2625 1468 2680 rei
1510 2624 1685 2680 alicui
1740 2625 1921 2695 hujus
1969 2626 2157 2680 saeculi

2282 2629 2470 2679 τούτου
2522 2623 2743 2685 δέδηται
2795 2632 2883 2679 καὶ
2921 2629 3259 2702 κεκράτηται,
3287 2633 3376 2681 καὶ
3417 2631 3550 2700 ποθῇ
3585 2631 3613 2686 ἡ
3663 2633 3883 2686 τοιαύτη

518 2721 595 2775 de
625 2719 747 2774 dita
762 2719 836 2772 sit
849 2733 917 2772 ac
932 2716 1215 2772 obstricta
1235 2719 1522 2779 teneatur,
1539 2714 1951 2786 desideretque
1964 2714 2156 2785 hujus

2282 2715 2435 2786 ψυχή
2481 2712 2803 2788 διαπερᾶσαι
2855 2721 2943 2768 καὶ
2974 2725 3171 2788 φυγεῖν,
3223 2723 3313 2770 καὶ
3361 2717 3597 2779 ἐξελάσαι
3648 2721 3708 2770 τὸ
3760 2722 3889 2770 σκό-

522 2808 689 2865 modi
723 2806 926 2862 anima
984 2805 1300 2872 transilire,
1344 2803 1602 2872 effugere
1657 2809 1833 2874 atque
1880 2803 2160 2875 expellere

2282 2823 2368 2865 τος
2421 2813 2518 2856 τῶν
2565 2807 2763 2871 παθῶν,
2820 2805 2955 2867 εἱςὸ
3009 2812 3288 2878 κατέχεται
3339 2807 3437 2858 ύπό
3490 2815 3588 2858 τῶν
3645 2816 3881 2878 πονηρῶν

521 2896 800 2954 tenebras
828 2894 1230 2955 affectionum,
1256 2893 1315 2948 in
1347 2892 1566 2963 quibus
1616 2893 1909 2948 detinetur
1940 2909 1973 2948 a
2005 2893 2159 2948 mali-

2284 2889 2570 2965 δυνάμεων,
2625 2894 2684 2946 ού
2743 2891 2985 2962 δύναται,
3043 2892 3136 2947 διὰ
3191 2899 3248 2947 τὸ
3299 2894 3523 2967 ἀγαπᾷν,
3576 2900 3663 2947 xui
3712 2901 3874 2946 ποιεῖν

519 2985 687 3042 tiosis
708 2983 1118 3056 potestatibus,
1153 2998 1274 3038 non
1301 2986 1491 3054 potest
1522 2997 1630 3048 ;eo
1656 2981 1820 3053 quod
1861 2981 2069 3051 diligat
2100 2998 2157 3038 ac

2279 2985 2338 3033 τό
2384 2985 2580 3052 θέλημα
2633 2991 2722 3035 τοῦ
2777 2989 3015 3050 σκότους,
3074 2989 3163 3037 καὶ
3209 2984 3404 3046 τελείως
3455 2989 3525 3058 μὴ
3585 2991 3750 3057 μισεῖν
3807 2984 3877 3035 τὰ

519 3075 701 3131 faciat
753 3073 1115 3129 voluntatem
1177 3071 1576 3140 tenebrarum,
1614 3087 1724 3126 nec
1750 3070 1987 3143 capitali
2030 3071 2157 3128 odic

1388 3087 1576 3140 arum,
1614 3087 1724 3126 nec
1750 3070 1987 3143 capitali
2030 3071 2168 3128 odio
2200 3088 2239 3143 ρ
2281 3069 2673 3146 ἐπιτηδεύματα
2702 3082 2794 3136 τῆς
2824 3078 3026 3135 κακίας.

519 3180 626 3237 per
654 3169 930 3235 sequatur
951 3162 1146 3218 studia
1176 3160 1436 3217 malitiae.

587 3271 722 3326 Xlll.
769 3273 1174 3340 Praeparemus
1240 3265 1416 3332 igitur
1473 3281 1584 3321 nos
1643 3265 1828 3336 ipsos,
1888 3269 1952 3321 ut
2003 3267 2168 3322 omni

2350 3266 2449 3321 Il".
2517 3265 2900 3338 Ἐτοιμάσωμεν
2965 3262 3057 3318 οὖν
3111 3265 3326 3328 ἑαυτοὺς
3392 3266 3481 3339 ὅλῃ
3551 3267 3879 3339 προαιρέσει,

514 3358 988 3431 promptitudine
1019 3373 1087 3410 ac
1125 3360 1241 3410 tota
1285 3355 1582 3409 voluntate
1614 3353 1685 3410 ad
1718 3355 2035 3410 Dominum
2077 3371 2152 3411 ac

2278 3359 2367 3408 xui
2428 3355 2524 3425 ὅλῳ
2605 3355 2853 3426 θελήματι
2907 3357 3039 3429 πρὸς
3119 3359 3303 3429 Κύριον
3377 3358 3710 3428 πορεύεσθαι,
3791 3363 3887 3410 καὶ

518 3447 824 3510 cedamus,
851 3449 905 3500 et
945 3444 1152 3499 Christi
1193 3442 1563 3498 affectatores
1610 3443 1852 3509 ﬁamus,
1886 3444 1960 3499 ad
1995 3444 2156 3516 periit

2279 3451 2514 3518 Χριστοῦ
2581 3443 2825 3496 ἀκόλουθι
2897 3446 3155 3516 γίνεσθαι,
3236 3445 3304 3506 εἰς
3360 3448 3418 3497 τὸ
3476 3448 3541 3498 τὰ
3615 3446 3890 3518 θελήματα

518 3535 796 3592 ciendam
822 3537 1191 3588 voluntatem
1222 3531 1350 3600 ejus
1371 3548 1384 3596 ;
1405 3537 1459 3586 et
1489 3533 1870 3587 recordemur
1896 3534 2156 3589 omnium

2278 3533 2435 3585 αὐτοῦ
2493 3533 2757 3600 ἐπιτελεῖν,
2818 3537 2907 3586 καὶ
2954 3536 3251 3606 μεμνῆσθαι
3297 3543 3477 3588 πασῶν
3525 3542 3626 3587 τῶν
3671 3535 3888 3588 ἐντολῶν

520 3623 943 3680 mandatorum
976 3621 1128 3689 ejus,
1159 3619 1368 3673 eadem
1403 3625 1463 3674 ut
1493 3620 1786 3675 faciamus
1814 3637 1829 3686 ;
1858 3628 2035 3693 atque
2059 3639 2158 3678 nos

2281 3622 2439 3675 αύτοῦ
2496 3631 2586 3676 τοῦ
2642 3631 2866 3681 ποιῆσαι
2923 3624 3101 3689 αύτάς,
3161 3628 3252 3676 καὶ
3311 3624 3454 3685 ὅλους
3513 3625 3724 3686 ἑαυτούς
3783 3627 3887 3677 ἀπὸ

519 3713 683 3784 ipsos
709 3712 942 3782 penitus
972 3726 1004 3764 a
1029 3708 1339 3762 dilectione
1357 3709 1563 3763 mundi
1581 3715 1928 3780 separantes
1947 3710 2004 3765 in
2030 3727 2157 3766 eum

2278 3721 2374 3774 τῆς
2432 3712 2639 3784 ἀγάπης
2695 3720 2786 3765 τοῦ
2843 3717 3043 3784 κόσμου
3129 3717 3473 3786 χωρίσαντες,
3552 3714 3692 3785 αύτῷ
3747 3718 3889 3786 μόνῳ

520 3802 714 3857 solum
748 3799 982 3855 animas
996 3803 1227 3854 nostras
1243 3802 1566 3864 vertamus,
1581 3801 1638 3852 et
1660 3798 1944 3865 studium,
1963 3815 2158 3855 curam

2278 3805 2364 3862 τὰς
2417 3801 2610 3853 ἑαντῶν
2653 3801 2839 3872 ψυχὰς
2891 3801 3287 3874 ἀναρτήσωμιν,
3338 3807 3426 3854 καὶ
3474 3806 3568 3860 τήν
3624 3801 3889 3875 ἀσχολίαν

523 3907 594 3948 ac
625 3889 1145 3957 investigationem
1177 3886 1225 3956 ej
1239 3903 1305 3940 us
1323 3885 1506 3940 solius
1523 3887 1579 3940 in
1597 3893 1793 3942 mente
1809 3888 2161 3945 habeamus.

2280 3895 2368 3942 xui
2411 3895 2658 3964 μέριμναν
2698 3896 2786 3943 xui
2838 3891 3062 3951 ζήτησιν
3114 3892 3273 3944 αὑτοῦ
3328 3896 3485 3964 μόνου
3542 3892 3591 3944 ἐν
3639 3900 3708 3964 νῷ
3757 3895 3894 3964 ἔχω-

520 3984 582 4036 Et
610 3980 746 4034 licet
777 3983 1017 4049 propter
1044 3992 1260 4046 corpus
1287 3975 1684 4031 observationi
1720 3977 2158 4044 mandatorum,

2280 3998 2389 4051 μεν.
2434 3979 2494 4030 Εἰ
2530 3976 2588 4031 δὲ
2637 3985 2726 4032 xui
2766 3977 2858 4032 δια
2887 3987 2979 4032 τοῦ
3031 3985 3292 4052 σώματος,
3330 3981 3401 4043 εἰς
3440 3980 3701 4053 ἀσχολίαν
3754 3980 3892 4033 ἔντο-

519 4077 574 4126 et
604 4069 895 4139 obsequio
927 4065 1130 4121 divino
1173 4064 1369 4119 minus
1395 4064 1704 4133 diligenter
1731 4067 2157 4136 vacaverimus1

2279 4069 2398 4134 λῶν,
2456 4075 2546 4120 καὶ
2606 4066 2700 4121 διὰ
2759 4073 2886 4123 Θεὸν
2936 4071 3190 4140 ὑπακοὴν,
3253 4070 3424 4142 ὀλίγον
3477 4070 3895 4143 ἀσχοληθῶμεν,

522 4175 691 4214 mens
725 4164 923 4212 tamen
956 4172 991 4210 a
1022 4155 1333 4209 dilectione
1362 4154 1616 4219 Domini,
1651 4160 1705 4210 et
1758 4154 2160 4224 indagatione,

2282 4160 2307 4209 6
2354 4165 2467 4218 νοῦς
2514 4167 2609 4220 τῆς
2666 4162 2791 4230 πρὸς
2846 4159 3038 4232 Κύριον
3089 4158 3296 4230 ἀγάπης
3345 4165 3434 4213 καὶ
3488 4164 3753 4223 ζητήσεως
3800 4167 3893 4213 xui

521 4263 591 4303 ac
645 4245 940 4302 desiderio
992 4245 1121 4314 ejus
1170 4259 1292 4298 non
1344 4249 1687 4299 avertatur:
1725 4249 1783 4299 at
1821 4245 2159 4315 hujusmodi

2282 4249 2444 4299 πόθου
2495 4252 2566 4318 μή
2622 4248 2938 4320 χωριζέσθω
2995 4268 3005 4279 ·
3069 4250 3202 4309 ὅπως
3250 4251 3468 4321 τοιούτῳ
3512 4253 3588 4302 νοὶ
3639 4249 3892 4320 ἀγωνιζό-

521 4345 717 4391 mente
757 4335 1150 4396 decertantes,
1184 4348 1252 4387 ac
1286 4337 1445 4387 recto
1496 4348 1673 4388 senso
1724 4334 1882 4388 viam
1930 4333 2159 4405 iustitia

2283 4355 2444 4408 μενοι,
2479 4341 2566 4389 καὶ
2619 4336 2755 4410 ὀρθῷ
2797 4341 3088 4410 φρονήματι
3126 4343 3211 4396 τήν
3256 4337 3379 4390 ὁδόν
3421 4348 3514 4401 τῆς
3547 4336 3891 4402 δικαιοσύνης

519 4424 1263 4493 incedentes,semperque
1294 4421 1470 4476 nobis
1504 4421 2157 4492 ipsiattendentes,con-

2288 4421 2629 4489 διοδεύοντες,
2707 4430 2794 4478 καὶ
2892 4427 3111 4479 πάντοτε
3212 4427 3412 4488 ἑαυτοῖς
3513 4432 3889 4500 προσέχοντες,

526 4525 858 4584 sequamur
893 4511 1358 4582 promissionem
1401 4509 1648 4582 Spiritus
1680 4511 1834 4580 ejus,
1870 4516 1923 4566 et
1961 4510 2164 4567 libere-

2287 4517 2616 4585 ἐπιτύχωμεν
2682 4521 2772 4574 τῆς
2829 4513 3135 4586 ἐπαγγελίας
3195 4525 3287 4569 τοῦ
3347 4519 3646 4589 Πνεύματος
3709 4517 3890 4582 αὐτοῦ,

525 4617 661 4658 mur
700 4617 804 4673 per
844 4601 1094 4670 gratiam
1135 4601 1212 4655 ab
1250 4600 1488 4654 interitu
1539 4602 1995 4656 tenebrosarum
2037 4601 2163 4656 aﬁe-

2288 4609 2376 4655 xui
2425 4602 2764 4675 λυτρωθῶμεν
2817 4599 2911 4654 διὰ
2961 4613 3059 4666 τῆς
3111 4625 3336 4678 χαριτος
3391 4605 3445 4658 ix
3489 4615 3579 4666 τῆς
3638 4605 3890 4668 ἀπωλείας

521 4691 806 4752 ctionum,
839 4689 1059 4761 quibus
1099 4690 1296 4744 anima
1340 4688 1661 4757 afﬂigitur;
1697 4689 1805 4759 37
1853 4706 1971 4761 quo
2011 4689 2152 4760 dign

2289 4699 2380 4744 τοῦ
2438 4696 2658 4752 σκότους
2688 4699 2788 4743 τῶν
2831 4694 3031 4759 παθῶν,
3082 4695 3166 4766 ὑφ’
3212 4695 3278 4745 ὧν
3310 4696 3338 4754 ἡ
3381 4694 3536 4767 ψυχὴ
3589 4693 3894 4769 ἐνεργεῖται,

521 4784 743 4835 aeterno
773 4794 957 4846 regno
988 4778 1336 4839 evadamus,
1389 4783 1445 4831 et
1475 4777 1584 4831 frui
1635 4779 1863 4833 Christo
1912 4794 2016 4850 per
2047 4796 2159 4834 om-

2293 4783 2375 4832 ἶνα
2406 4789 2494 4840 τῆς
2547 4781 2755 4832 αἰωνίου
2810 4778 3076 4854 βασιλείας
3117 4782 3255 4846 ἄξιοι
3310 4786 3595 4856 γενώμεθα,
3655 4790 3746 4838 καὶ
3780 4804 3895 4837 συν-

526 4868 625 4923 nia
659 4866 879 4922 saecula
919 4866 1083 4934 digni
1111 4865 1463 4928 habeamur,
1497 4865 1896 4933 gloriﬁcantes
1925 4871 2164 4934 Patrem,

2293 4869 2587 4922 απολαῦσαι
2662 4875 2878 4944 Χριστῷ
2954 4871 3104 4932 ὅλους
3179 4873 3370 4934 αἰῶνας
3468 4873 3893 4946 καταξιωθῶμεν,

525 4962 584 5012 et
613 4955 841 5018 Filium,
872 4960 928 5010 et
961 4954 1238 5025 Spiritum
1273 4961 1545 5009 sanctum
1579 4971 1683 5025 per
1706 4956 1910 5013 omnia
1926 4957 2163 5016 saecula.

2293 4956 2600 5021 δοξάζοντες
2654 4963 2859 5032 Πατέρα
2914 4965 3003 5013 καὶ
3051 4963 3167 5014 Υἰόν
3217 4966 3304 5014 xui
3349 4962 3498 5034 ἅγιον
3540 4969 3771 5035 Πνεῦμα,
3827 4963 3894 5024 εἰς

525 5049 738 5102 Amen.

2291 5051 2413 5109 τούς
2440 5047 2644 5109 αἰῶνας.
2681 5047 2865 5120 Ἀμὴν.

1161 5149 1453 5206 HOMILIA
1485 5153 1543 5205 Χ.
2923 5157 3173 5212 ΟΜῙΛΙΑ
3220 5157 3275 5210 I’.

530 5263 629 5315 Hu
644 5259 961 5336 militateet
974 5257 1292 5336 alacritate
1300 5258 1633 5336 retinentur
1648 5263 1701 5314 et
1714 5261 2168 5336 augenturdona

2287 5265 2863 5336 Ταπεινοφροσύνη
2924 5269 3029 5336 καὶ
3086 5267 3424 5336 προθυμίᾳ
3491 5259 3897 5326 διασώζεται

610 5330 824 5410 gratiae
869 5331 1081 5385 divina:
1113 5348 1131 5384 :
1167 5329 1419 5385 elatione
1456 5334 1647 5386 autem
1677 5339 1727 5386 et
1757 5331 2000 5401 ignavia
2045 5347 2177 5402 per-

2357 5339 2474 5410 xui
2505 5329 2775 5410 αὔξεται
2813 5329 2888 5387 τὰ
2926 5329 3515 5410 ⁸διλῑφραπῆς-’θεξίᾲας
3563 5338 3892 5410 χάριτος·

602 5405 852 5460 duntur.
2359 5406 2627 5480 ἐπάρσει
2660 5402 2727 5458 δὲ
2763 5412 2870 5459 καὶ
2911 5402 3201 5481 ῥᾳθυμίᾳ
3261 5402 3643 5460 ἀπόλλυται.

595 5511 639 5566 Ι.
658 5509 894 5565 Anime:
910 5506 1170 5565 veritatis
1182 5523 1251 5565 ac
1265 5505 1363 5563 Dei
1379 5512 1673 5574 amantes,
1688 5524 1824 5581 quas
1836 5507 2008 5582 plene
2020 5509 2176 5567 Chri-

2357 5513 2438 5570 A'.
2479 5514 2549 5568 Ai
2587 5512 2887 5586 φιλαλήθεις
2933 5517 3020 5568 καὶ
3068 5513 3294 5587 φιλόθεοι
3342 5514 3546 5586 ψυχαὶ,
3589 5515 3644 5568 αἱ
3691 5513 3890 5576 τελείως

601 5664 617 5703 ι
654 5663 697 5721 ll
739 5664 868 5721 Cor.
910 5679 978 5733 x,
1009 5663 1065 5717 5.
1173 5660 1242 5716 Ἰ
1283 5663 1411 5719 Cor.
1445 5677 1516 5731 vi,
1545 5660 1632 5717 17.
