4148 6262
257 223 350 279 541
1523 216 1862 276 HOMlLl/E.
1907 245 1972 259 -
2017 212 2192 271 HOM.
2233 214 2300 271 X.
3504 218 3606 276 542

235 356 322 406 τὸν
374 355 605 426 Χριστόν
652 348 978 404 ἐνδύσασθαι
1019 349 1066 402 ἂν
1111 349 1270 423 πολλῆ
1319 346 1493 402 ἐλπίδι
1536 352 1625 400 καὶ
1668 350 1846 398 πίστει

1967 348 2115 399 stum
2178 343 2423 399 induere
2479 344 2538 398 in
2583 343 2769 399 multa
2818 358 2923 415 spe
2967 347 3023 399 et
3067 344 3184 399 ﬁde
3241 345 3605 417 desiderant,

236 444 606 506 ὲπιποθοῦσαι,
695 449 787 502 τῆς
875 441 999 514 παρ’
1089 439 1267 512 ἐτέρων
1357 441 1696 511 ὑπομνήσεως
1789 433 1845 486 ού

1967 432 2212 489 aliorum
2253 433 2660 488 admonitione
2682 447 2802 488 non
2843 437 3149 504 tantopere
3181 435 3463 506 indigent,
3499 453 3605 492 nec

232 539 487 583 τοσοῦτον
544 531 865 602 χρῄζουσιν,
924 533 1039 582 οὔτε
1093 537 1184 581 τοῦ
1232 531 1474 600 ούρανίου
1528 530 1706 591 πόθον,
1759 528 1846 576 καὶ

1971 523 2138 578 etiam
2186 522 2481 577 desiderio
2522 521 2763 586 cmlesti,
2793 537 2902 576 nec
2937 523 3170 578 Domini
3201 540 3442 591 amore;
3475 526 3609 583 licet

235 629 330 674 τοῦ
392 624 519 695 πρὸς
582 624 769 694 Κύριον
832 623 1034 689 ἔρωτος,
1094 620 1188 671 κοῖν
1255 619 1334 671 ἐπὶ
1396 623 1556 670 πόσον
1615 615 1850 667 ἐλαττοῦ-

1969 611 2336 683 aliquatenus
2352 627 2488 665 eum
2511 610 2785 665 imminui
2803 611 3091 682 patienter
3108 611 3328 679 ferant;
3355 616 3457 668 sed
3477 619 3607 670 totm

239 713 370 762 σθαι
417 711 760 782 ὑπομένωσιν,
814 708 922 760 ἀλλ’
970 710 1078 761 ὅλαι
1133 708 1183 771 ἐξ
1232 709 1347 761 ὅλου
1399 716 1468 778 τῷ
1517 713 1724 775 σταυρῷ
1758 710 1848 754 τοῦ

1971 703 2196 771 penitus
2244 701 2399 755 cruci
2433 700 2638 756 Christi
2672 700 2888 768 afﬁxm,
2935 700 3201 771 quotidie
3242 701 3609 773 spiritualem

238 807 477 871 Χριστοῦ
531 799 949 870 προσηλωμέναι,
1005 801 1135 873 πρὸς
1188 802 1273 850 τὸν
1327 800 1672 869 πνευματικόν
1726 815 1850 864 νυμ-

1973 789 2290 859 profectum
2337 805 2480 858 erga
2538 805 2831 859 sponsum
2880 790 3250 858 spiritualem
3292 791 3350 846 in
3401 793 3611 864 seipsis

240 893 376 961 φίον,
431 890 690 964 ὁσημέραι
764 897 1118 960 πνευματικῆς
1192 896 1460 962 προκοπῆς
1519 885 1566 937 ἐν
1643 885 1850 944 ἑαυταῖς

1971 878 2312 949 percipiunt.
2347 878 2674 932 Vulneralm
2714 884 2913 932 autem
2941 895 3078 933 cum
3111 880 3226 934 sint
3257 882 3478 936 cmlesti
3505 881 3609 938 de-

241 979 494 1033 αἰσθησιν
544 979 974 1047 ἐπιγινώσκουσι,
1021 981 1341 1048 Τετρωμέναι
1391 972 1449 1027 δὲ
1501 983 1572 1045 τῷ
1627 973 1849 1045 ούρανίῳ

1976 967 2203 1032 siderio,
2237 973 2290 1022 et
2316 967 2606 1036 justitiam
2638 967 2917 1022 virtutum
2951 968 3234 1038 esuriant,
3269 969 3614 1026 illustratio-

239 1069 385 1137 πόθῳ
411 1071 500 1117 xui
532 1065 860 1118 ἐκπεινοῦσαι
890 1071 1006 1139 περὶ
1055 1071 1147 1124 τήν
1198 1062 1539 1122 δικαιοσύνην
1593 1072 1691 1114 τῶν
1736 1060 1849 1135 ἀρε-

1976 1071 2097 1110 iem
2145 1055 2387 1126 spiritus
2433 1071 2671 1110 summo
2713 1071 2782 1110 ac
2816 1056 3138 1111 insatiabili
3185 1058 3480 1114 desiderio
3515 1075 3614 1114 ex-

239 1163 360 1219 τῶν,
406 1159 492 1212 τήν
535 1154 788 1226 ἔκλαμψιν
832 1163 924 1207 τοῦ
968 1158 1260 1227 πνεύματος
1299 1157 1347 1206 ἓν
1391 1155 1643 1225 ἐπιθυμίᾳ
1685 1150 1844 1222 πολλῆ

1975 1149 2248 1215 spectant.
2269 1147 2332 1199 Et
2357 1143 2489 1200 licet
2509 1144 2849 1199 divinorum
2869 1146 3289 1215 mysteriorum
3305 1163 3409 1217 per
3428 1146 3613 1203 ﬁdem

241 1249 332 1295 xui
363 1242 626 1317 ἀκορέστῳ
660 1247 895 1315 ἔχουσιν.
941 1245 1000 1298 Εἰ
1033 1241 1090 1297 δὲ
1121 1249 1210 1296 καὶ
1244 1245 1388 1296 θείων
1420 1246 1724 1316 μυστηρίων
1757 1237 1850 1292 διὰ

1978 1251 2130 1289 mam
2163 1233 2566 1303 cognitionem
2591 1235 2877 1304 consequi
2909 1234 3107 1303 dignm
3132 1234 3487 1301 habeantur,
3514 1241 3616 1292 aut

239 1341 335 1394 τῆς
414 1339 637 1393 πίστεως
711 1333 877 1385 αὐτῶν
946 1333 1224 1404 ἐπίγνωσιν
1297 1332 1468 1385 λαϐεῖν
1558 1331 1844 1394 ἀξιοῦνται,

1975 1323 2171 1378 mtitim
2199 1323 2400 1392 gratim
2432 1321 2689 1377 cmlestis
2715 1323 3036 1393 participes
3067 1324 3213 1378 fiant
3240 1343 3252 1390 ;
3283 1341 3401 1380 non
3435 1325 3613 1380 conﬁ-

244 1426 344 1474 εῖτε
409 1427 494 1474 xui
565 1423 884 1495 εὐφροσύνης
953 1422 1261 1497 ἐπουρανίου
1337 1425 1559 1494 χάριτος
1629 1425 1850 1492 μέτοχοι

1972 1411 2323 1466 iunttamen
2349 1411 2458 1466 sibi
2486 1410 2653 1482 ipsm,
2675 1412 3085 1466 existimantes
3103 1429 3166 1467 se
3188 1413 3413 1484 aliquid
3437 1429 3572 1469 esse
3600 1430 3610 1468 :

241 1517 532 1582 γίγνονται,
595 1512 652 1563 ού
711 1515 1022 1566 πεποίθασιν
1069 1515 1117 1564 ἓν
1179 1513 1388 1572 ἑαυταῖς
1440 1511 1668 1582 οἰόμεναι
1722 1506 1849 1561 εἶναί

1980 1501 2067 1555 sed
2097 1505 2326 1572 quanto
2358 1500 2551 1568 magis
2580 1500 2988 1570 spiritualibus
3011 1501 3185 1556 donis
3216 1502 3414 1571 dignm
3443 1517 3618 1572 repu-

242 1621 314 1666 τι,
388 1600 494 1652 ἀλλ’
552 1600 672 1653 ὅσον
730 1611 1085 1673 πνευματικῶν
1143 1604 1492 1673 χαρισμάτων
1549 1599 1850 1662 καταξιοῦνο

1981 1596 2181 1654 antur,
2216 1593 2379 1644 tanto
2408 1591 2600 1658 magis
2624 1605 2692 1642 ac
2719 1589 3060 1659 diligentius
3082 1589 3402 1646 insatiabili
3430 1589 3619 1645 avidi-

243 1709 352 1754 ται,
401 1698 650 1742 τοσοῦτον
697 1690 885 1761 μᾶλλον
941 1690 1227 1765 ἁκορέστως
1274 1693 1500 1762 ἔχουσαι
1555 1697 1646 1741 τοῦ
1700 1687 1852 1759 ούρα-

1980 1685 2080 1734 .ate
2104 1677 2356 1733 caelestis
2377 1678 2655 1732 desiderii
2679 1678 2934 1733 detentm
2953 1679 3292 1749 inquirunt:
3320 1685 3374 1734 et
3390 1683 3618 1750 quanto

245 1783 360 1830 νίου
393 1781 575 1844 πόθου,
603 1782 833 1851 ἐμπόνως
876 1781 1187 1841 ἐπιζητοῦσι
1213 1800 1224 1811 ·
1260 1785 1346 1831 καὶ
1373 1782 1492 1831 ὅσον
1533 1781 1592 1830 ἄν
1623 1774 1852 1847 πνευμά-

1980 1768 2159 1836 nagis
2179 1765 2544 1838 spiritualem
2573 1766 2900 1837 profectum
2932 1768 2990 1820 in
3019 1783 3079 1821 se
3112 1769 3421 1832 senserint,
3452 1772 3618 1823 tanto

247 1876 400 1930 τικῆς
443 1877 712 1941 προκοπῆς
742 1869 789 1920 ἐν
839 1869 1044 1929 ἑαυταῖς
1100 1871 1350 1927 αἴσθησιν
1399 1867 1620 1933 λάϐωσι,
1671 1873 1853 1918 τοσοῦο

1984 1858 2158 1925 nagis
2205 1856 2471 1909 esuriunt
2501 1871 2570 1910 ac
2612 1855 2816 1910 sitiunt
2865 1856 3382 1926 participationem
3414 1862 3469 1911 et
3517 1873 3622 1911 au-

246 1977 332 2009 τον
364 1958 554 2029 μᾶλλον
602 1959 648 2009 ἐν
688 1964 834 2032 πείνῃ
870 1966 958 2011 καὶ
1010 1956 1141 2032 δίψη
1187 1959 1258 2020 εἰς
1307 1963 1394 2016 τήν
1425 1955 1715 2028 μετάληψιν
1765 1961 1856 2009 καὶ

1979 1949 2275 2015 gmentum
2304 1944 2509 2014 gratim
2543 1960 2554 1998 :
2608 1948 2663 1998 et
2691 1949 2918 2015 quanto
2951 1944 3335 2015 spiritualiter
3375 1945 3617 2001 ditiores

249 2047 471 2110 αὔξησιν
519 2057 610 2109 τῆς
657 2052 878 2122 χάριτος
933 2051 1242 2120 ὑπάρχουσι
1273 2066 1284 2077 ·
1331 2053 1420 2099 καὶ
1473 2049 1579 2117 ὅσῳ
1627 2063 1857 2114 πνευμα-

1979 2038 2125 2096 sunt,
2179 2037 2339 2086 tanto
2371 2033 2756 2102 pauperiores
2791 2032 2955 2102 apud
2996 2049 3057 2088 se
3090 2039 3248 2098 sunt,
3293 2033 3617 2090 insatiabili

246 2145 403 2198 τικώς
478 2137 783 2204 πλουτοῦσι,
858 2142 1090 2209 τοσούτῳ
1163 2139 1372 2209 μᾶλλον,
1452 2140 1518 2198 ὡς
1590 2137 1858 2205 πενόμεναί

1983 2121 2260 2176 iesiderio
2273 2120 2562 2191 spirituali
2576 2136 2717 2189 erga
2729 2120 3027 2176 cmlestem
3043 2123 3342 2193 Sponsum
3363 2122 3621 2191 ﬂagran-

247 2226 352 2279 εἱσι
400 2228 521 2301 παρ’
572 2227 796 2295 ἑαυταῖς,
848 2228 1144 2301 ἁκορέστως
1193 2231 1420 2298 ἔχουσαι
1462 2234 1533 2296 τῷ
1581 2242 1857 2295 πνευματι-

1982 2227 2052 2266 Les
2081 2228 2091 2261 :
2123 2217 2184 2264 ut
2210 2209 2402 2280 inquit
2427 2209 2724 2278 Scriptura
2749 2226 2760 2263 :
2799 2209 2910 2274 Qui
2935 2210 3115 2265 edunt
3137 2226 3246 2275 me,
3267 2211 3466 2268 adhuc
3489 2226 3620 2268 esu-

243 2325 320 2386 κῷ
373 2299 516 2388 πόθοι)
565 2321 694 2389 πρὸς
742 2321 828 2369 τὸν
869 2299 1104 2391 οὐράνιον
1153 2322 1390 2389 Νυμφίον
1420 2336 1432 2348 ·
1493 2318 1562 2376 ὧς
1619 2332 1776 2386 φησιν
1824 2313 1853 2369 ἡ

1619 2332 1776 2386 φησιν
1824 2313 1853 2369 ἡ
1968 2300 2145 2364 rient,
2179 2306 2232 2356 et
2263 2299 2364 2371 qui
2387 2299 2591 2354 bibunt
2616 2314 2726 2365 me,
2757 2300 2957 2356 adhuc
2989 2299 3247 2356 sitient‘.

245 2411 421 2479 Γραφή
455 2421 466 2435 ·
514 2409 588 2458 Oi
631 2412 970 2480 ῐρώγοντίς
1026 2427 1097 2478 με
1136 2410 1230 2458 ἔτι
1267 2408 1686 2468 πεινάσουσι,
1747 2405 1857 2454 xui

245 2497 305 2546 oi
343 2499 640 2558 πίνοντές
680 2516 754 2568 με
792 2499 890 2548 ἔτι
933 2493 1365 2566 διψήσουσιν.

319 2620 392 2676 B'.
427 2623 491 2674 Ai
535 2629 778 2674 τοιαῦται
816 2621 1017 2693 ψυχαὶ,
1052 2623 1104 2672 αἱ
1147 2620 1387 2695 ἐμπύρως
1429 2623 1517 2670 καὶ
1567 2616 1858 2691 ἁκορέστως

2041 2606 2106 2660 ΙΙ.
2143 2605 2492 2676 Hujusmodi
2523 2605 2760 2673 animm,
2792 2621 2928 2676 qum
2970 2610 3092 2660 tam
3124 2604 3352 2660 ardenti
3385 2611 3437 2661 et
3463 2605 3622 2660 insa-

245 2715 342 2767 τήν
373 2709 581 2781 ἀγάπην
611 2714 742 2786 πρὸς
793 2714 982 2783 Κύριον
1028 2713 1276 2782 ἔχουσαι,
1311 2710 1456 2772 ἄξιαι
1498 2705 1592 2770 τῆς
1647 2707 1857 2759 αἰωνίου

1987 2694 2153 2750 iabili
2183 2710 2385 2750 amore
2409 2695 2730 2750 Dominum
2759 2700 3223 2766 prosequuntur,
3259 2695 3456 2763 dignm
3485 2697 3625 2749 sunt

254 2803 387 2861 ζωῆς
441 2803 778 2872 τυγχάνουσι
811 2817 823 2830 ⁸
886 2797 972 2852 διὸ
1019 2805 1108 2852 καὶ
1161 2808 1260 2850 τῶν
1308 2801 1485 2851 παθῶν
1533 2807 1628 2858 τῆς
1673 2795 1862 2846 ἀπολυ-

1989 2785 2091 2839 vita
2136 2789 2354 2839 aeterna
2389 2799 2400 2837 :
2449 2784 2730 2854 quocirca
2758 2798 3000 2854 quoque
3044 2781 3392 2839 liberatione
3434 2783 3510 2838 ab
3542 2782 3627 2840 af-

250 2895 481 2962 τρώσεως
530 2891 921 2956 καταξιοῦνται,
969 2894 1057 2941 καὶ
1101 2897 1192 2940 τοῦ
1241 2889 1391 2959 ἁγίου
1437 2889 1728 2957 Πνεύματος
1771 2891 1861 2936 τοῦ

1989 2873 2324 2928 ὀοίὶοηὶῠιιε
2351 2872 2546 2940 dignm
2573 2872 2933 2936 indicantur,
2959 2877 3016 2927 et
3047 2873 3296 2943 Spiritus
3320 2873 3505 2928 sancti
3535 2887 3627 2928 ar-

253 2977 482 3052 ἀρρήτου
557 2985 647 3031 καὶ
721 2988 987 3052 μυστικῆς
1061 2983 1349 3044 κοινωνίας,
1440 2977 1487 3029 ἓν
1554 2976 1863 3047 πληρώματι

1989 2978 2137 3017 :anm
2170 2966 2227 3016 et
2254 2961 2522 3031 mysticm
2567 2960 3009 3015 communionis
3051 2961 3508 3016 illustrationem
3557 2977 3627 3017 ac

259 3069 495 3139 χάριτος,
548 3068 800 3140 ἔκλαμψιν
838 3073 928 3122 xui
968 3073 1246 3141 μετουσίαν
1289 3067 1485 3127 τελείως
1533 3069 1859 3138 κομίζονται.

1991 3050 2476 3121 )articipationem
2491 3050 2550 3104 in
2562 3049 2932 3120 plenitudine
2947 3049 3147 3118 gratim
3162 3049 3408 3120 perfecte
3421 3065 3532 3109 con
3540 3065 3629 3106 se-

259 3151 421 3206 ’Ὁσαι
467 3152 524 3208 δε
568 3154 812 3231 ἄνανδροι
858 3163 948 3211 καὶ
997 3165 1188 3229 χαῦνοι
1233 3156 1432 3228 ψυχαὶ,
1479 3160 1550 3227 μή
1607 3158 1863 3217 ζητοῦσαι

1985 3145 2257 3212 ζιιιυηῐυτ.
2279 3141 2421 3204 Qum
2451 3154 2592 3194 vero
2615 3143 2752 3193 sunt
2778 3139 2976 3193 minus
2997 3138 3192 3193 viriles
3217 3143 3396 3210 atque
3424 3154 3623 3194 socor-

258 3245 584 3312 ἁπεντεῦθεν,
640 3249 704 3307 ὡς
756 3251 830 3299 ἔτι
871 3251 918 3299 ἐν
965 3253 1121 3320 σαρκὶ
1161 3248 1510 3318 τυγχάνουσι,
1571 3248 1654 3296 τόν
1708 3244 1862 3314 ἁγια-

1986 3229 2102 3295 ies,
2136 3229 2300 3284 haud
2330 3231 2662 3299 qumrentes
2686 3227 2844 3290 talia,
2874 3232 2937 3282 ut
2967 3243 3102 3298 qum
3130 3227 3326 3282 adhuc
3357 3226 3418 3282 in
3445 3243 3624 3283 carne

263 3338 396 3405 σμόν
454 3342 549 3395 τῆς
597 3332 816 3406 καρδίας
855 3337 946 3388 οὐκ
983 3315 1044 3388 ἐκ·
1081 3315 1301 3408 μέρους,
1343 3335 1470 3387 ἀλλὰ
1519 3334 1742 3399 τελείως,
1792 3329 1864 3387 δι’

1987 3318 2204 3381 vivunt,
2228 3317 2454 3389 quippe
2481 3315 3014 3372 sanctiﬁcationem
3033 3315 3229 3370 cordis
3249 3331 3370 3371 non
3393 3333 3465 3371 ex
3485 3332 3625 3388 par-

260 3424 533 3494 ύπονομῆς
575 3429 664 3476 καὶ
707 3427 1067 3496 μακροθυμίας
1107 3422 1382 3490 δέξασθαι,
1429 3429 1518 3476 xui
1553 3431 1868 3482 κοινωνῆσαι

1986 3411 2050 3471 te,
2103 3407 2207 3462 sed
2248 3408 2500 3478 perfecte
2535 3405 2975 3476 perseverantia
3023 3409 3081 3460 et
3112 3406 3315 3460 animo
3364 3407 3624 3477 patiente

388 3513 707 3585 παρακλήτῳ
769 3517 1028 3585 Πνεύματι
1072 3518 1122 3566 ἐν
1179 3516 1458 3572 τελειότητι
1505 3516 1636 3586 μετὰ
1691 3516 1868 3574 πάσης

1987 3497 2287 3567 consequi,
2311 3501 2366 3550 et
2387 3494 2744 3566 participare
2767 3511 2903 3548 cum
2927 3495 3140 3566 Spiritu
3168 3495 3543 3550 consolatore
3565 3496 3625 3550 in

255 3602 553 3666 αἰσθήσεως
603 3609 692 3656 xui
747 3604 1102 3678 πληροφορίας
1146 3610 1216 3677 μὴ
1275 3604 1578 3669 ἐλπίσασαι,
1635 3608 1724 3656 καὶ
1769 3611 1867 3655 τῶν

1986 3585 2346 3656 plenitudine
2390 3600 2526 3639 cum
2557 3583 2725 3639 omni
2768 3599 2947 3638 sensu
2977 3591 3032 3638 et
3081 3584 3447 3647 certitudine,
3503 3599 3624 3639 non

251 3693 433 3744 παθῶν
491 3702 585 3754 τῆς
641 3699 826 3754 κακίας
878 3693 1207 3767 λυτρωθῆναι
1262 3691 1354 3746 διὰ
1417 3702 1508 3747 τοῦ
1572 3695 1866 3764 Πνεύματος

1992 3675 2398 3744 axspectarint,
2441 3689 2548 3728 nec
2579 3672 2657 3727 ab
2699 3672 3110 3728 affectionibus
3140 3673 3378 3728 malitim
3420 3674 3630 3729 libera-

252 3785 324 3852 μὴ
398 3777 754 3853 ἑκδεξάμεναι,
822 3787 852 3840 ἤ
913 3761 1068 3835 πάλιν
1125 3784 1349 3854 χάριτος
1403 3785 1540 3844 θείας
1605 3761 1868 3844 καταξιω-

1985 3765 2200 3819 tionem
2240 3779 2344 3834 per
2384 3763 2666 3832 Spiritum
2714 3761 3053 3832 acceperint
3087 3777 3100 3827 ;
3151 3766 3252 3817 aut
3291 3778 3321 3816 e
3364 3762 3623 3826 diverso,

255 3872 426 3922 θεῖσαι
476 3871 543 3932 εἱς
585 3872 896 3946 ἀμεριμνίαν
949 3875 1065 3924 τινὰ
1112 3877 1199 3924 καὶ
1247 3874 1440 3937 ἄνεσιν,
1495 3873 1586 3925 ύτὸ
1636 3880 1726 3932 τῆς
1776 3893 1866 3924 xu-

1989 3869 2114 3924 qum
2132 3850 2541 3922 gratiadivina
2567 3851 2765 3919 dignm
2786 3849 3030 3915 habitm,
3060 3849 3312 3918 ignavim
3328 3866 3397 3905 ac
3426 3866 3627 3906 socor-

252 3962 370 4018 κίας
401 3959 754 4031 κλεπτόμεναι,
787 3960 968 4020 ἑαυτὰς
999 3957 1276 4022 ἐξέδωκαν.

1978 3942 2110 4008 dim,
2145 3941 2301 3996 clam
2335 3956 2370 3995 a
2399 3940 2626 3995 malitia
2647 3945 2952 4009 correptm,
2985 3955 3113 3994 sese
3145 3939 3433 3994 dederint.

329 4065 404 4123 I".
459 4065 540 4126 Ὡς
598 4069 677 4119 ὅτι
733 4067 994 4119 λαϐοῦσαι
1051 4072 1143 4125 τὴν
1193 4070 1351 4140 χάριν
1409 4075 1498 4119 τοῦ
1548 4070 1865 4139 Πνεύματος,

2049 4067 2140 4120 ΙΙΙ.
2175 4068 2242 4121 Ut
2272 4081 2404 4135 qum
2436 4080 2570 4118 cum
2603 4063 2938 4134 acceperint
2969 4063 3221 4132 gratiam
3264 4064 3536 4134 Spiritus,
3570 4068 3628 4119 et

258 4159 351 4206 xui
401 4157 627 4226 ἔχουσαι
673 4156 1004 4227 παράκλησιν
1052 4165 1145 4217 τῆς
1190 4158 1412 4229 χάριτος
1460 4155 1508 4207 ἐν
1557 4154 1863 4222 ἀναπαύσει,

1991 4156 2242 4212 nabeant
2261 4152 2732 4208 consolationem
2761 4151 2962 4219 gratim
2987 4152 3045 4205 in
3068 4152 3290 4223 requie,
3321 4157 3377 4207 et
3402 4151 3629 4208 deside-

253 4248 348 4294 xui
397 4246 560 4315 πόθῳ,
608 4250 695 4296 xui
721 4245 1010 4316 γλυκύτητι
1052 4252 1399 4316 πνευματικῇ,
1448 4249 1537 4296 καὶ
1586 4243 1666 4296 ἐπὶ
1707 4247 1868 4316 τούτῳ

1990 4249 2086 4314 rio,
2120 4250 2175 4299 et
2205 4244 2494 4297 suavitate
2527 4240 2837 4311 spirituali,
2872 4241 2984 4294 hoc
3015 4241 3145 4311 ipso
3173 4240 3413 4296 conﬁsm
3441 4240 3628 4296 extol-

257 4335 584 4398 πεποιθυῖαι,
644 4334 899 4405 ύψοῦνται
945 4340 1034 4387 καὶ
1079 4333 1442 4406 ἁμεριμνοῦσι,
1487 4338 1558 4405 μή
1605 4333 1870 4408 συντριϐό-

1992 4339 2181 4390 .untur
2230 4349 2298 4387 ac
2321 4345 2522 4385 secure
2553 4329 2775 4395 vivunt,
2820 4344 2939 4383 non
2981 4329 3246 4384 contritae
3296 4330 3493 4397 corde,
3524 4346 3630 4386 nec

253 4442 406 4494 μεναι
463 4428 554 4480 τήν
599 4420 846 4495 καρδίαν,
898 4429 987 4475 xui
1032 4432 1102 4494 τῷ
1153 4428 1440 4496 φρονήματι
1487 4428 1557 4494 μή
1605 4427 1870 4476 ταπεινού-

1995 4424 2184 4479 animo
2212 4420 2560 4484 humiliatm,
2586 4434 2694 4472 nec
2718 4417 3040 4489 perfectam
3065 4433 3413 4474 mensuram
3433 4420 3633 4475 vacui-

254 4531 427 4583 μεναι,
487 4517 618 4582 μήτε
677 4509 831 4565 οὖσαι
889 4513 1046 4573 εὶςτό
1108 4513 1293 4565 τέλειον
1344 4521 1434 4572 τῆς
1486 4514 1731 4573 ἀπαθείας
1784 4517 1870 4584 μέ-

1996 4513 2118 4568 ιειιὶε
2149 4511 2533 4566 aﬁ‘ectionum
2557 4508 2810 4578 adeptm,
2846 4522 2968 4561 non
2998 4507 3290 4575 integram
3321 4507 3634 4579 plenitudi-

267 4619 411 4672 τρον,
444 4605 574 4682 μήτε
605 4600 942 4676 πληρωθῆναι
987 4602 1184 4663 τελείως
1233 4609 1323 4661 τῆς
1372 4603 1590 4674 χάριτος
1621 4599 1668 4652 ἐν
1723 4599 1867 4672 πάσῄ

1993 4618 2116 4657 nem
2137 4604 2340 4670 gratim
2365 4599 2529 4655 omni
2551 4596 2858 4666 diligentia
2876 4612 2944 4651 ac
2977 4595 3090 4650 ﬁde
3115 4603 3450 4652 consecutm
3475 4615 3489 4664 ;
3525 4598 3631 4653 sed

261 4683 471 4760 σπουδῇ
521 4695 609 4742 καὶ
660 4696 835 4744 πίστει
883 4688 1239 4763 ἐκδεξάμεναι,
1295 4690 1401 4742 ἀλλ’
1451 4689 1872 4763 ἐπληροφορήθη-

1993 4691 2219 4762 repletae
2260 4705 2328 4744 ac
2355 4689 2797 4758 acquiescentes
2845 4691 3299 4756 permanserunt
3336 4686 3395 4740 in
3438 4700 3631 4756 pauca

258 4796 379 4842 σαν,
412 4783 498 4830 xui
541 4778 925 4844 ἔπανεπάησαν,
972 4785 1061 4832 xui
1109 4784 1410 4851 ἓναπέμειαν
1463 4780 1528 4840 εἰς
1558 4784 1646 4837 τήν
1693 4779 1872 4850 ὀλίγην

1996 4779 2188 4849 gratim
2228 4777 2657 4841 consolatione,
2703 4775 2954 4830 elatione
2986 4774 3179 4843 magis
3223 4790 3410 4846 quam
3439 4775 3634 4831 humi-

253 4875 350 4928 τῆς
395 4870 616 4939 χάριτος
669 4869 1015 4941 παράκλησιν,
1079 4869 1144 4930 εὶς
1195 4873 1411 4942 ἔπαρσιν
1468 4867 1680 4940 μᾶλλον,
1741 4872 1869 4945 ἤπερ

1995 4870 2145 4923 ,ἱιξιιθ
2189 4867 2566 4938 proﬁcientes
2603 4864 2955 4934 hujusmodi
2987 4865 3204 4918 animm
3247 4879 3260 4917 :
3310 4869 3365 4919 et
3412 4865 3633 4936 quibus

257 4955 326 5016 εἰς
384 4960 700 5006 ταπείνωσιν
754 4956 1093 5028 προκόψασαι
1151 4961 1204 5010 αἱ
1261 4966 1500 5010 τοιαῦται
1553 4957 1731 5029 ψυχαὶ
1784 4964 1872 5011 καὶ

1995 4958 2178 5026 iignm
2204 4960 2372 5011 erant
2393 4954 2595 5024 gratim
2627 4954 2823 5018 donis,
2849 4953 2931 5007 eis
2960 4951 3230 5008 videlicet
3250 4952 3633 5010 denudantur

253 5045 418 5117 οὗπερ
460 5041 865 5103 κατηξιώθησαν
907 5051 1262 5118 χαρίσματος,
1321 5049 1402 5099 ὅτε
1447 5044 1640 5104 δήποτε
1674 5046 1870 5120 ἀπογυ-

2001 5047 2059 5101 )b
2098 5044 2498 5114 negligentem
2519 5047 2975 5114 comtemptum,
3000 5045 3056 5097 et
3080 5057 3304 5099 vanam
3338 5042 3639 5114 opinionis

255 5142 507 5206 μνοῦνται
552 5128 646 5184 διὰ
692 5136 784 5189 τήν
837 5131 996 5204 ἀμελῆ
1055 5141 1457 5208 καταφρόνησιν,
1500 5141 1589 5188 καὶ
1639 5139 1722 5189 τὸν
1775 5138 1872 5209 μά-

1055 5141 1457 5208 καταφρόνησιν,
1500 5141 1589 5188 καὶ
1639 5139 1722 5189 τὸν
1775 5138 1872 5209 μά-
1983 5149 2190 5192 earum
2221 5130 2663 5203 negligentiam.

257 5243 408 5276 ταιον
437 5229 532 5282 τῆς
564 5221 784 5284 οἰήσεως
812 5222 982 5276 αὐτῶν
1024 5225 1197 5295 τύφον.

335 5330 404 5385 Δ’.
474 5334 632 5401 Ψυχὴ
677 5331 706 5388 ἠ
752 5329 952 5392 ἀληθῶς
996 5329 1221 5404 φιλόθεος
1246 5334 1332 5382 xui
1389 5330 1730 5405 φιλόχριστος
1776 5334 1870 5384 κάν

2053 5330 2139 5384 IV.
2185 5329 2402 5383 Anima
2443 5340 2602 5394 vero,
2638 5340 2775 5397 qum
2822 5341 2959 5381 vere
3002 5326 3186 5382 Deum
3233 5343 3301 5382 ac
3339 5328 3633 5384 Christum

258 5424 450 5496 μυρίας
508 5415 853 5482 δικαιοσύνας
904 5425 1100 5494 ποιήσῃ
1172 5422 1236 5481 ὡς
1290 5416 1456 5492 μηδὲν
1522 5421 1871 5494 ἐργασαμένη,

2000 5419 2191 5490 iiligit,
2211 5418 2344 5474 licet
2374 5414 2532 5472 mille
2555 5413 2796 5486 justitim
2819 5430 3004 5487 opera
3029 5414 3302 5482 ediderit,
3329 5415 3409 5472 ita
3444 5431 3507 5471 se
3543 5430 3638 5488 ge-

335 5607 357 5642 ⁸
390 5606 564 5685 Eccli.
597 5623 758 5678 xxrv,
785 5611 874 5665 28.
