4148 6262
542 272 648 334 847

1840 272 1896 339 S,
1939 264 2243 326 MACARII
2280 262 2588 324 EGYPTII

3763 275 3853 336 548

613 404 707 458 IV.
730 402 848 458 Illic
862 401 1023 458 enim
1045 400 1393 472 vidua,quaa
1412 398 1754 471 perdiderat
1778 397 2130 452 drachmam
2151 396 2184 449 6:

2378 392 2456 450 A'.
2495 398 2594 445 Καὶ
2618 395 2719 466 γὰρ
2759 394 2864 444 ἐκεῖ
2905 393 2934 451 ἡ
2968 395 3213 468 χήρατὴν
3235 395 3265 451 ἠ
3294 393 3585 450 ἀπολέσασα
3612 395 3645 450 δ
3647 406 3858 474 ραχμὴν,

542 492 807 565 primum
838 489 1468 553 accenditlucernam,
1502 493 1706 559 postea
1731 501 1823 540 em
1836 483 2199 539 undavitdo-

544 596 714 637 mum
736 599 756 635 :
777 579 982 650 sicque
1014 581 1270 649 purgata
1297 578 1503 639 domo,
1537 590 1911 645 accensaque
1932 572 2197 639 lucerna,

542 669 788 726 inventa
816 673 907 723 est
935 667 1246 732 drachma,
1266 666 1551 722 sordibus
1574 670 1754 736 atque
1779 660 2120 733 impuritate
2146 664 2202 713 et

547 763 704 815 terra
732 758 950 812 obruta
978 773 991 823 ;
1024 752 1233 810 verum
1264 754 1474 810 anima
1517 768 1635 807 non
1665 756 1859 823 potest
1895 767 1930 805 a
1968 765 2031 804 se
2069 748 2201 820 ipsa

545 846 901 915 investigare
916 845 1156 916 propria
1170 843 1590 913 cogitationes,
1601 856 1822 911 easque
1836 840 2199 903 discernere;

549 934 654 990 sed
683 949 819 989 cum
847 947 1106 988 accensa
1139 931 1250 986 fuit
1296 932 1544 986 lucerna
1574 928 1794 993 divina,
1823 935 1961 982 tunc
1990 926 2087 981 lux
2114 931 2204 979 est

543 1025 606 1078 in
624 1020 882 1077 tenebris
911 1020 1174 1075 obducta
1199 1019 1384 1074 domo
1422 1036 1436 1087 ;
1468 1024 1525 1072 et
1554 1023 1691 1071 tunc
1722 1014 2202 1085 videtcogitatio-

546 1127 651 1167 nes
673 1126 836 1173 suas,
868 1108 1180 1180 quomodo
1210 1109 1326 1162 sint
1352 1109 1583 1162 obrutae
1611 1106 2201 1176 impuritateetcazno

546 1198 772 1272 peccati
803 1214 817 1252 :
848 1198 1034 1251 oritur
1079 1195 1186 1261 sol,
1236 1203 1293 1250 et
1347 1202 1471 1250 tum
1531 1193 1813 1265 perspicit
1866 1193 2070 1247 anima
2111 1190 2198 1245 sui

545 1288 869 1349 interitum,
922 1291 1099 1355 atque
1158 1284 1364 1354 incipit
1438 1298 1714 1338 revocare
1788 1282 2198 1351 cogitationes,

547 1375 827 1431 sordibus
850 1378 907 1428 et
936 1371 1209 1443 squalore
1228 1372 1572 1443 permistas.
1602 1370 1857 1425 Perdidit
1877 1370 2034 1424 enim
2056 1370 2201 1424 ima-

548 1467 750 1535 ginem
781 1477 955 1517 suam
970 1460 1195 1527 anima,
1210 1477 1347 1532 quae
1362 1461 1722 1516 mandatum
1753 1459 1849 1514 Dei
1875 1466 2202 1529 transgres-

550 1569 618 1610 sa
646 1558 756 1608 est.

620 1679 681 1730 V.
713 1675 962 1731 Perinde
992 1691 1063 1730 ac
1085 1676 1131 1729 si
1154 1674 1309 1747 quis,
1341 1691 1444 1729 rex
1476 1675 1569 1744 sit,
1592 1674 1696 1746 qui
1718 1673 1882 1729 bona
1903 1678 1958 1728 et
1997 1688 2196 1729 servos

2307 490 2510 554 πρῶτον
2536 480 2638 552 ἧψε
2667 485 2754 533 τὸν
2793 481 3005 552 λύχνον,
3048 479 3160 533 εἶτα
3204 481 3461 556 ίκόσμησε
3502 490 3582 537 τὸν
3612 483 3757 554 οἶκον,
3785 496 3861 543 καὶ

2308 570 2439 622 οὕτω
2493 572 2842 641 κοσμηθέντος
2889 576 2983 621 τοῦ
3026 573 3193 636 οἰκον,
3228 577 3315 623 καὶ
3364 580 3454 624 τοῦ
3490 573 3675 646 λύχνου
3705 577 3866 649 ἁφθὲν-

2310 679 2413 723 τος,
2444 660 2623 731 εὑρέθη
2679 660 2707 716 ἡ
2752 656 2975 731 δραχμὴ
3009 657 3058 709 ἐν
3097 666 3159 730 τῇ
3209 667 3403 734 κόπρῳ,
3435 666 3520 714 καὶ
3572 662 3617 713 ἐν
3671 672 3723 736 τῇ
3756 665 3868 719 ἀκα-

2314 750 2525 822 θαρσίᾳ,
2557 751 2647 799 καὶ
2705 754 2767 817 τῇ
2807 755 2874 818 γῇ
2933 752 3270 818 κεχωσμένη,
3336 754 3434 801 Καὶ
3465 757 3548 801 νῦν
3586 753 3615 809 ἡ
3646 751 3787 824 ψυχὴ
3817 759 3867 806 οὐ

2313 832 2535 888 δύναται
2577 834 2660 906 ἀφ’
2717 834 2901 895 ἑαυτῆς
2950 837 3113 906 εὑρεῖν
3166 840 3285 898 τοὺς
3326 835 3487 898 ἰδίους
3531 835 3873 913 διαλογισμοὺς

2312 925 2468 985 αὐτῆς
2498 930 2586 976 καὶ
2632 929 2893 996 χωρίσαι,
2926 922 3033 975 ἀλλ’
3075 926 3197 975 ὅταν
3220 924 3352 997 ἁφθῇ
3388 927 3412 977 6
3442 925 3629 997 λύχνος
3656 930 3681 979 ὁ
3708 932 3870 997 θείκός,

2311 1013 2461 1065 ἅπτει
2511 1019 2585 1076 εἰς
2620 1018 2709 1064 τόν
2769 1012 3137 1083 ἐσκοτισμένον
3219 1014 3380 1079 οἷκον,
3430 1021 3518 1067 καὶ
3569 1021 3675 1069 τότε
3723 1016 3874 1089 βλέπει

2311 1107 2432 1163 τοὺς
2472 1103 2759 1174 λογισμοὺς
2816 1104 2996 1165 αὐτῆς,
3039 1110 3149 1162 πῶς
3181 1102 3284 1153 εἰσι
3315 1110 3635 1176 κεχωσμένοι
3688 1112 3752 1168 εὶς
3800 1115 3874 1167 τὴν

2313 1189 2638 1265 ἀκαθαρσίαν
2697 1195 2785 1241 καὶ
2843 1194 2928 1242 τόν
2989 1186 3237 1265 βόρϐορον
3304 1198 3401 1252 τῆς
3439 1192 3730 1266 ἁμαρτίας·
3777 1196 3877 1250 ἀνα-

2311 1279 2470 1332 τέλλει
2498 1282 2522 1331 ὁ
2555 1280 2717 1345 ἣλιος,
2749 1283 2839 1331 καὶ
2865 1284 2981 1331 τότε
3013 1277 3190 1350 βλέπει
3232 1281 3262 1337 ἡ
3304 1279 3460 1353 ψυχὴ
3524 1288 3613 1340 τὴν
3656 1283 3876 1339 ἀπώλειαν

2311 1369 2493 1435 αὑτῆς,
2543 1373 2633 1420 καὶ
2685 1370 2912 1441 ἄρχεται
2965 1366 3339 1421 ἀνακαλεῖσθαι
3379 1376 3497 1432 τοὺς
3528 1370 3574 1422 ἐν
3617 1381 3673 1445 τῇ
3722 1377 3877 1449 κάπρῳ

2309 1462 2400 1510 καὶ
2452 1458 2688 1531 ῥυπαρία
2763 1457 3209 1529 ἀναμεμιγμένους
3276 1456 3585 1531 λογισμούς.
3650 1462 3878 1517 ’Δπώλεσε

2308 1550 2409 1619 γὰρ
2452 1552 2545 1606 τὴν
2576 1547 2746 1599 εἰκόνα
2774 1548 2946 1607 αὑτῆς
2972 1547 3001 1603 ἡ
3046 1545 3198 1617 ψυχὴ
3231 1547 3528 1621 παραϐᾶσα
3556 1554 3643 1607 τὴν
3672 1548 3873 1610 ἐντολὴν,

2382 1669 2450 1725 Ε’.
2483 1669 2682 1743 Ὠσπερ
2745 1670 2829 1722 ἐὰν
2887 1667 2917 1743 ᾖ
2976 1690 3053 1732 τις
3108 1667 3383 1743 βασιλεὺς,
3438 1677 3527 1725 καὶ
3566 1676 3659 1745 ἔχῃ
3689 1674 3879 1750 ὓπαρξιν

546 1767 661 1822 sub
690 1782 753 1821 se
784 1764 1020 1827 habeat,
1053 1763 1166 1818 sibi
1194 1763 1599 1819 ministrantes
1630 1779 1641 1818 :
1673 1764 2184 1831 contingatautem

2308 1766 2394 1813 καί
2426 1758 2702 1822 διακόνους
2741 1760 2827 1832 ὑφ’
2879 1759 3061 1812 ἑαυτὸν
3122 1764 3241 1821 τοὺς
3303 1762 3681 1836 ὑπηρετοῦντας
3728 1764 3878 1835 αὐτῷ’

544 1856 707 1912 hunc
738 1854 816 1909 ab
836 1853 1088 1909 inimicis
1104 1852 1610 1924 comprehensum
1626 1854 1928 1923 captivum
1944 1851 2192 1907 abduci:

542 1961 615 2001 eo
656 1951 831 2016 capto
858 1948 914 1997 et
943 1947 1110 1998 extra
1136 1943 1425 1999 terminos
1451 1942 1721 2013 abrepto,
1742 1940 1942 2011 utique
1961 1948 2197 2012 oportet

541 2048 740 2088 servos
754 2041 810 2087 et
828 2032 1129 2086 ministros
1162 2048 1198 2086 a
1227 2038 1390 2099 tergo
1416 2029 1578 2085 illum
1597 2030 1768 2100 sequi
1796 2046 1808 2083 :
1845 2029 1930 2083 sic
1951 2045 2194 2101 quoque

536 2120 1021 2177 Adamconditus
1035 2126 1121 2174 est
1139 2134 1377 2189 purusa
1398 2122 1515 2174 Deo
1530 2118 1589 2173 in
1616 2120 1744 2187 ejus
1770 2117 2189 2173 ministerium:

541 2209 659 2282 40
672 2211 801 2265 hinc
816 2224 957 2264 vero
970 2215 1254 2265 creaturae
1272 2211 1349 2263 ad
1383 2223 1473 2262 ser
1487 2207 1761 2261 viendum
1776 2206 1831 2261 ei
1844 2206 1998 2262 datae
2019 2214 2186 2265 sunt:

540 2299 829 2354 Dominus
861 2298 1019 2352 enim
1052 2303 1108 2351 et
1134 2312 1235 2351 rex
1263 2297 1619 2351 constitutus
1633 2299 1722 2350 est
1742 2296 2015 2350 omnium
2032 2311 2192 2350 crea-

536 2393 827 2444 turarum.
862 2387 1076 2441 Verum
1105 2392 1429 2456 postquam
1454 2399 1652 2439 sermo
1679 2383 1992 2455 improbus
2021 2384 2101 2439 ad
2127 2385 2191 2440 il-

534 2476 661 2533 lum
690 2476 979 2549 pervenit,
1012 2481 1229 2530 etcum
1260 2490 1331 2529 eo
1356 2481 1749 2529 conversatus
1781 2481 1884 2538 est,
1919 2474 2050 2546 ipse
2079 2476 2189 2544 pri-

538 2581 707 2620 mum
771 2564 979 2619 auditu
1037 2563 1313 2618 exteriori
1365 2564 1624 2633 suscepit
1679 2577 1839 2628 eum,
1871 2563 2088 2618 deinde
2138 2564 2188 2618 is

536 2654 867 2725 penetravit
893 2654 954 2706 in
971 2667 1073 2707 cor
1098 2652 1331 2721 ejusret
1359 2667 1601 2706 omnem
1625 2651 1753 2722 ejus
1785 2652 2186 2708 substantiam

534 2742 847 2813 occupavit
880 2758 893 2793 :
921 2747 978 2796 et
1000 2741 1082 2796 ita
1121 2741 1364 2796 tandem
1383 2748 1559 2811 capto
1588 2740 1708 2805 illo,
1737 2746 1913 2811 capto
1942 2758 2187 2813 quoque

534 2836 642 2897 est,
667 2846 800 2903 quae
840 2830 1215 2885 ministrabat
1252 2837 1308 2885 et
1331 2830 1747 2887 subserviebat
1785 2831 1858 2899 ei,
1891 2837 2183 2887 creatura.

534 2920 642 2975 Per
671 2937 809 2975 eum
831 2921 991 2975 enim
1020 2920 1341 2991 imperium
1363 2918 1619 2974 obtinuit
1648 2935 1810 2975 mors
1843 2935 2024 2991 super
2049 2936 2184 2975 om-

529 3026 670 3066 nem
704 3011 990 3076 animam,
1019 3014 1077 3064 et
1114 3009 1364 3064 omnino
1409 3007 1736 3077 imaginem
1777 3008 1917 3062 Adae
1966 3008 2184 3065 delevit

2309 1851 2481 1923 συμϐῇ
2543 1847 2603 1902 δὲ
2659 1858 2841 1901 τοῦτον
2906 1851 3007 1901 ὑπὸ
3068 1858 3168 1901 τῶν
3227 1853 3438 1924 ἐχθρῶν
3494 1853 3876 1926 παραληφθῆναι,

2305 1947 2394 1993 καὶ
2459 1939 2977 2012 αἰχμαλωτισθῆναι,
3056 1942 3244 1992 τούτου
3328 1941 3747 2014 παραληφθέντος
3806 1949 3878 1996 καὶ

2305 2029 2677 2102 ίξορισθέντος,
2728 2028 2926 2100 ἀνάγκη
2970 2033 3060 2081 καὶ
3110 2033 3232 2090 τοὺς
3282 2026 3571 2093 διακόνους
3616 2032 3762 2085 αὑτοῦ
3804 2038 3877 2084 καὶ

2303 2120 2561 2189 ὑπηρέτας
2593 2117 2761 2170 ὀπίσω
2814 2118 2976 2169 αὑτοῦ
3008 2116 3317 2170 ἀκολουθεῖν
3357 2136 3370 2150 ⁸
3405 2121 3541 2173 οὕτω
3569 2125 3653 2173 καὶ
3680 2123 3704 2173 6
3733 2119 3878 2195 ’Δδὰμ

2302 2210 2517 2266 ἓκτίσθη
2557 2209 2784 2278 καθαρός
2815 2209 2915 2259 ὑπό
2965 2214 3064 2259 τοῦ
3107 2214 3240 2260 Θεοῦ
3293 2209 3374 2270 εἰς
3424 2207 3689 2263 διακονίαν
3726 2212 3874 2281 αὑτοῦ,

2300 2303 2390 2349 καὶ
2447 2304 2612 2349 ταῦτα
2644 2299 2706 2347 τὰ
2748 2300 3021 2367 κτίσματα
3068 2296 3139 2358 εἰς
3174 2297 3472 2370 ὑπηρεσίαν
3516 2300 3647 2370 αύτῷ
3695 2297 3832 2358 ἐδόθη
3863 2325 3874 2338 ο

2304 2390 2494 2459 Κύριος
2544 2389 2645 2458 γὰρ
2696 2390 2785 2437 καὶ
2840 2382 3105 2457 βασιλεὺς
3178 2390 3482 2446 κατεστάθη
3555 2392 3741 2442 πάντων
3797 2398 3876 2442 τῶν

2299 2478 2600 2547 κτισμάτων
2625 2492 2637 2504 ⁸
2689 2473 2799 2526 ἀλλ’
2850 2474 2903 2537 ἐξ
2958 2475 3019 2526 οὗ
3074 2476 3099 2526 ὁ
3138 2474 3289 2545 λόγος
3322 2478 3350 2528 ὁ
3376 2482 3600 2550 πονηρὸς
3626 2478 3875 2551 προσῆλθεν

2298 2566 2461 2635 αὑτῷ,
2528 2569 2618 2616 καὶ
2666 2563 3103 2635 προσωμίλησεν,
3159 2565 3317 2627 αὐτός
3379 2573 3621 2640 πρότερον
3672 2565 3755 2619 διὰ
3801 2576 3876 2628 τῆς

2297 2654 2477 2717 ἔξωθεν
2529 2654 2691 2714 ἀκοῆς
2749 2650 3040 2715 ὑπεδέξατο
3096 2653 3275 2721 αὐτόν,
3329 2652 3449 2708 εἶτα
3504 2653 3706 2715 διῆλθεν
3744 2657 3875 2709 αὐτοῦ

2298 2740 2392 2796 διὰ
2437 2752 2531 2804 τῆς
2584 2738 2830 2814 καρδίας,
2888 2746 2978 2793 καὶ
3036 2746 3297 2814 κατέσχεν
3364 2745 3541 2797 αὑτοῦ
3600 2752 3758 2798 πᾶσαν
3798 2749 3873 2802 τὴν

2295 2834 2587 2885 ὑπόστασιν
2622 2849 2634 2861 ·

2296 2921 2706 2994 συμπαρελήφθη
2788 2924 2878 2971 καὶ
2937 2920 2966 2976 ἡ
3031 2916 3361 2973 διακονοῦσα
3441 2929 3530 2976 καὶ
3580 2926 3866 2998 ὑπηρετοῦσα

2293 3011 2432 3081 αύτῷ
2463 3014 2655 3070 κτίσις.
2689 3009 2766 3060 Δι’
2821 3008 2979 3060 αὑτοῦ
3017 3010 3119 3080 γὰρ
3161 3009 3244 3061 ἐπὶ
3297 3016 3484 3064 πᾶσαν
3514 3013 3693 3085 ψυχὴν
3719 3011 3871 3063 έϐασί.

2694 2835 2784 2882 καὶ
2831 2830 2965 2881 οὕτω
3014 2830 3189 2882 λοιπὸν
3240 2832 3417 2884 αὑτοῦ
3474 2834 3864 2910 παραληφθέντος,

532 3104 776 3171 propter
800 3099 850 3170 ej
863 3116 930 3153 us
954 3098 1443 3163 inobedientiam,
1465 3099 1621 3155 adeo
1639 3105 1697 3153 ut
1713 3100 1982 3153 conversi
2005 3107 2183 3172 atque

2295 3099 2468 3151 λευσεν
2497 3100 2522 3149 ὁ
2572 3099 2808 3162 θάνατος,
2851 3105 2940 3149 καὶ
2990 3104 3165 3150 πᾶσαν
3197 3098 3374 3151 εἰκόνα
3425 3110 3516 3153 τοῦ
3565 3098 3730 3174 ’Δδὰμ
3761 3101 3869 3173 ἠφά-

529 3190 795 3261 prolapsi
818 3190 1225 3246 sinthomines
1245 3189 1322 3245 ad
1334 3189 1679 3245 adorandos
1692 3190 2021 3245 daemones.
2039 3192 2185 3245 Ecce

530 3278 689 3333 enim
732 3279 955 3334 fructus
1016 3284 1184 3334 terrae
1233 3278 1337 3349 qui
1383 3278 1445 3333 in
1484 3278 1715 3334 bonum
1772 3295 1945 3334 usum
1978 3294 2015 3333 a
2071 3281 2185 3333 Deo

529 3369 709 3422 creati
733 3372 891 3433 sunt,
910 3366 1244 3422 offeruntur
1273 3368 1679 3422 daemonibus.
1705 3368 1950 3434 Panem,
1978 3368 2184 3423 vinum

530 3462 588 3511 et
610 3454 808 3510 oleum
829 3454 1085 3510 offerunt
1116 3454 1406 3510 altaribus
1435 3471 1668 3525 eorum,
1688 3462 1745 3511 et
1762 3457 2047 3511 animalia
2072 3456 2188 3512 im-

530 3547 782 3613 ponunt.
819 3542 933 3596 Sed
955 3557 1078 3596 non
1119 3542 1248 3596 haec
1280 3548 1512 3598 tantum
1548 3561 1565 3614 ;
1599 3544 1705 3598 sed
1735 3543 1887 3599 ﬁlios
1909 3544 2090 3599 etiam
2130 3551 2187 3601 et

527 3630 683 3686 ﬁlias
707 3628 1101 3685 immolarunt
1138 3630 1477 3686 daemoniis.

603 3843 687 3899 VI.
710 3843 832 3899 Hoc
852 3842 1029 3915 igitur
1064 3849 1331 3916 tempore
1351 3844 1468 3911 ille,
1500 3846 1607 3917 qui
1631 3844 1911 3902 formavit
1967 3861 2183 3918 corpus

527 3940 583 3992 et
609 3932 901 3999 animam,
947 3933 1077 4005 ipse
1106 3933 1309 4005 prodit
1347 3940 1402 3989 et
1448 3934 1722 3990 dissolvit
1747 3951 1928 3991 omne
1953 3936 2182 3993 institu-

526 4028 653 4080 tum
674 4022 813 4078 mali
834 4023 1151 4088 daemonis,
1175 4039 1244 4079 ac
1264 4039 1456 4095 opora
1474 4025 1525 4094 ej
1536 4041 1602 4078 us
1633 4023 1693 4078 in
1718 4024 2182 4093 cogitationibus

525 4117 868 4168 constructa
903 4128 917 4177 ;
950 4117 1006 4168 et
1032 4112 2046 4185 renovatatqueformatimaginem
2061 4129 2183 4169 cos-

524 4201 755 4266 lestem,
788 4205 843 4257 et
871 4200 1074 4257 condit
1102 4217 1324 4257 novam
1343 4202 1633 4266 animam,
1667 4208 1731 4256 ut
1759 4203 1951 4257 Adam
1978 4202 2179 4258 denuo

523 4290 627 4345 ﬁat
651 4306 753 4345 rex
769 4290 976 4345 mortis
990 4291 1342 4346 etdominus
1358 4298 1788 4346 creaturarum.
1808 4292 1871 4345 Et
1887 4292 1944 4345 in
1964 4290 2178 4346 umbra

520 4380 765 4451 quidem
799 4378 945 4451 legis
979 4383 1164 4435 Moses
1203 4379 1625 4451 appellabatur
1654 4387 1920 4435 servator
1947 4380 2125 4435 Israel
2160 4396 2172 4434 :

2293 3208 2429 3240 νισεν
2477 3189 2530 3239 ἐκ
2560 3194 2651 3246 τῆς
2693 3189 2882 3238 ἐκείνου
2926 3196 3219 3260 παρακοῆς,
3284 3186 3428 3242 ὥστε
3476 3200 3725 3264 τραπῆναι
3769 3194 3868 3248 τοὺς

2297 3276 2616 3349 ἀνθρώπους,
2676 3279 2766 3326 καὶ
2822 3275 2980 3327 ἐλθεῖν
3044 3276 3116 3336 εἰς
3168 3280 3538 3350 προσκύνησιν
3608 3279 3861 3352 δαιμόνων.

2297 3363 2438 3419 Ἰδού
2467 3369 2568 3438 γὰρ
2618 3367 2666 3416 οἰ
2709 3369 2902 3438 καρποὶ
2955 3372 3047 3426 τῆς
3076 3373 3177 3435 γῆς
3224 3368 3272 3417 οἱ
3310 3367 3418 3420 ὑπὸ
3477 3377 3569 3422 τοῦ
3616 3376 3740 3423 Θεοῦ
3781 3387 3871 3419 κτι-

2297 3457 2500 3514 σθέντες
2549 3452 2734 3517 καλῶς,
2781 3457 3164 3526 προσφέρονται
3217 3461 3327 3517 τοῖς
3386 3455 3660 3531 δαίμοσιν.
3711 3457 3870 3531 Ἀρτον

2295 3548 2384 3596 καὶ
2413 3539 2566 3612 οἶνον,
2612 3547 2700 3593 καὶ
2729 3542 2896 3593 ἔλαιον
2930 3542 2980 3593 έν
3032 3550 3138 3603 τοῖς
3175 3540 3378 3616 βωμοῖς
3428 3547 3617 3613 αὐτῶν,
3668 3552 3751 3599 καὶ
3778 3549 3869 3609 ζῶα

2294 3634 2613 3686 ἱπιτιθέασιν
2647 3653 2660 3665 ο
2694 3631 2751 3684 οὐ
2781 3636 2885 3704 μὴν
2926 3631 3055 3683 ἀλλὰ
3100 3637 3189 3685 καὶ
3227 3638 3349 3695 τοὺς
3406 3638 3557 3699 υἱοὺς
3588 3637 3766 3702 αὐτῶν,
3793 3638 3869 3687 καὶ

2293 3725 2387 3785 τὰς
2406 3725 2693 3796 θυγατέρας
2716 3724 2904 3774 ἔθυσαν
2929 3728 3035 3782 τοῖς
3062 3718 3358 3794 δαιμονίοις
3374 3768 3389 3782 ,

2366 3848 2443 3913 ς’.
2498 3855 2607 3902 Νῦν
2634 3842 2721 3900 οὖν
2749 3847 2903 3910 αὐτὸς
2941 3849 2966 3899 ὁ
3013 3847 3222 3910 πλάσας
3254 3852 3312 3900 τὸ
3343 3859 3506 3924 σῶμα
3533 3853 3624 3905 καί
3659 3856 3747 3910 τὴν
3783 3848 3869 3920 ψυ-

2290 3941 2421 4009 χὴν,
2453 3938 2609 3998 αὐτὸς
2659 3939 2871 4010 ἔρχεται
2930 3942 3019 3989 καὶ
3069 3934 3271 3990 διαλύει
3312 3945 3491 3993 πᾶσαν
3523 3946 3615 4000 τὴν
3644 3941 3869 4013 ἀναστρο-

2292 4031 2389 4098 φὴν
2428 4034 2521 4079 τοῦ
2551 4035 2799 4099 πονηροῦ,
2854 4031 2943 4078 καὶ
2998 4028 3065 4078 τὰ
3121 4028 3248 4098 ἔργα
3300 4028 3465 4082 αὑτοῦ
3522 4032 3587 4083 τοί
3633 4028 3866 4083 ἐπιτελού-

2289 4135 2415 4187 μενα
2444 4118 2494 4167 ἐν
2541 4122 2645 4176 τοῖς
2697 4114 2988 4187 λογισμοῖς,
3043 4120 3133 4167 καὶ
3181 4115 3508 4180 ἀνακαινίζει
3564 4126 3652 4172 καὶ
3698 4121 3869 4192 μορφοῖ

2288 4207 2459 4257 εἰκόνα
2514 4204 2834 4277 ἐπουράνιον,
2888 4209 2977 4256 καὶ
3027 4212 3167 4257 ποιεῖ
3220 4211 3399 4265 καινὴν
3450 4208 3651 4280 ψυχὴν,
3693 4209 3769 4259 ἶνα
3793 4210 3863 4276 γέ-

2286 4313 2439 4350 νηται
2466 4293 2619 4345 πάλιν
2667 4291 2916 4365 βασιλεὺς
2945 4294 2971 4343 ὁ
3016 4290 3191 4365 Ἀδὰμ
3233 4302 3323 4346 τοῦ
3371 4296 3621 4363 θανάτου,
3662 4301 3745 4348 καὶ
3779 4295 3864 4347 Κύ-

2283 4402 2398 4454 ριος
2426 4391 2525 4433 τῶν
2564 4390 2886 4453 κτισμάτων.
2949 4387 3048 4435 Καὶ
3112 4380 3161 4434 ἐν
3214 4390 3276 4455 τῇ
3335 4390 3464 4456 σκιᾲ
3517 4382 3575 4438 δὲ
3605 4392 3694 4438 τοῦ
3722 4390 3860 4454 νόμον

521 4468 725 4523 eduxit
752 4469 912 4523 enim
935 4485 1036 4525 eos
1069 4485 1140 4524 ex
1162 4469 1438 4541 Egypto.
1491 4470 1583 4526 Sic
1612 4484 1855 4540 quoque
1889 4484 2051 4523 nunc
2080 4485 2176 4524 ve-

2295 4478 2514 4533 Πωῦσῆς
2571 4475 2747 4545 Σωτὴρ
2807 4470 3094 4523 ἐπεκαλεῖτο
3176 4480 3267 4524 τοῦ
3342 4473 3559 4549 Ἰσραήλ
3596 4491 3607 4501 ’
3684 4470 3862 4536 ἓξέϐαλε

517 4570 619 4612 rus
642 4556 1002 4629 Redemptor
1027 4557 1293 4614 Christus
1326 4564 1598 4629 penetrat
1643 4557 1879 4612 occulta
1930 4558 2171 4627 animae,

518 4660 774 4717 eamque
828 4647 987 4717 ejicit
1034 4664 1103 4702 ex
1155 4650 1467 4703 tenebrosa
1507 4650 1780 4719 Egypto,
1814 4648 2171 4716 gravissimo

512 4734 660 4804 jugo
687 4741 742 4788 et
781 4735 933 4789 dura
992 4736 1289 4791 servitute.
1320 4738 1585 4807 Praecipit
1629 4739 1805 4807 igitur
1857 4736 2051 4803 nobis,
2110 4743 2170 4794 ut

518 4822 900 4892 egrediamur
925 4824 1210 4891 emundo,
1242 4830 1726 4896 etpaupertatem
1742 4824 2165 4896 suscipiamus,

514 4909 729 4967 relictis
760 4913 1044 4967 omnibus
1074 4928 1211 4984 quas
1253 4914 1544 4978 videmus,
1581 4929 1689 4968 nec
1710 4914 2046 4970 habeamus
2069 4932 2168 4971 cu-

512 5015 643 5055 ram
679 5006 991 5069 terrenam,
1024 5003 1126 5056 sed
1141 5003 1543 5073 noctedieque
1558 5003 1897 5073 adjanuam
1914 5008 2161 5072 stemus,

511 5094 569 5145 et
623 5095 1036 5161 exspectemus
1087 5092 1335 5163 quando
1369 5092 1652 5147 Dominus
1690 5092 1920 5164 aperiat
1961 5095 2165 5152 clausa

510 5179 715 5246 corda,
739 5185 795 5235 et
825 5177 1167 5237 eﬂ’undatin
1197 5196 1307 5237 nos
1330 5180 1582 5237 domum
1596 5180 1852 5255 Spiritus
1865 5184 2075 5239 sancti.

579 5485 690 5542 VII.
725 5483 925 5557 Iussit,
976 5500 1138 5558 ergo,
1172 5490 1237 5543 ut
1281 5484 1501 5544 relictis
1554 5501 1722 5556 auro,
1770 5492 2036 5561 argento,
2101 5493 2159 5547 et

576 5636 598 5673 ⁸
637 5636 776 5691 Luc.
807 5651 904 5703 xv,
932 5638 988 5695 8.

2280 4563 2381 4633 γὰρ
2414 4561 2599 4623 αὐτοὺς
2656 4560 2710 4612 ἐκ
2764 4569 2852 4621 τῆς
2910 4560 3196 4632 Αἰγύπτου.
3232 4560 3382 4613 Οὑτω
3418 4568 3508 4614 καὶ
3555 4572 3640 4615 νῦν
3674 4566 3699 4615 6
3745 4561 3859 4617 ἀλη-

2282 4652 2418 4712 θινός
2442 4650 2705 4724 λυτρωτὴς
2750 4652 2974 4722 Χριστός
3030 4645 3304 4723 διέρχεται
3352 4656 3424 4713 εὶς
3461 4671 3528 4703 τα
3571 4655 3756 4727 κρύφια
3777 4656 3860 4707 τῆς

2276 4739 2484 4811 ψυχῆς,
2537 4745 2626 4792 καὶ
2695 4738 2924 4791 ἐκϐάλλει
2982 4738 3035 4789 ἐκ
3090 4747 3179 4799 τῆς
3241 4748 3511 4802 σκοτεινῆς
3588 4741 3856 4812 Αἰγύπτου,

2275 4836 2368 4882 τοῦ
2400 4828 2701 4901 βαρύτατον
2744 4832 2921 4905 ζυγοῦ,
2976 4832 3066 4879 καὶ
3120 4836 3214 4890 τῆς
3243 4836 3432 4904 πικρᾶς
3479 4827 3731 4889 δουλείας.
3764 4828 3859 4881 Ἐν-

2275 4917 2497 4969 τέλλεται
2549 4914 2636 4970 οὖν
2683 4919 2824 4990 ἡμῖν,
2862 4919 2995 4969 ὥστε
3047 4915 3261 4979 ἐξελθεῖν
3309 4922 3364 4970 εκ
3394 4927 3485 4972 τοῦ
3532 4924 3748 4991 κόσμου,
3779 4919 3858 4967 καὶ

2272 5014 2586 5079 πτωχεῦσαι
2659 5005 2759 5059 ἀπὸ
2825 5009 3026 5059 πάντων
3099 5016 3196 5059 τῶν
3275 5011 3608 5081 φαινομένων,
3664 5007 3855 5075 καὶμὴ

2273 5098 2413 5168 ἔχειν
2473 5100 2722 5167 μέριμναν
2785 5098 2994 5166 γηῖνην,
3072 5094 3199 5148 ἀλλὰ
3266 5102 3450 5159 νυκτὸς
3523 5102 3612 5149 καὶ
3676 5098 3855 5166 ἡμέρας

2273 5184 2547 5244 έστηκέναι
2586 5185 2657 5247 εἰς
2703 5189 2790 5243 τὴν
2850 5187 3033 5258 θύραν,
3096 5189 3185 5237 καὶ
3225 5183 3621 5259 ἀπεκδέχεσθαι
3671 5192 3786 5237 πότε
3832 5180 3854 5229 ὁ

2274 5276 2464 5348 Κύριος
2511 5272 2700 5338 ἀνοίξει
2755 5277 2844 5336 τὰς
2919 5274 3383 5347 συγκεκλεισμένας
3457 5272 3703 5348 καρδίας,
3775 5272 3853 5321 καὶ

2269 5365 2470 5437 ἐπιχεεῖ
2495 5365 2620 5437 ἡμῖν
2650 5367 2743 5423 την
2771 5360 2967 5439 δωρεὰν
3001 5370 3091 5417 τοῦ
3120 5363 3273 5437 ἁγίου
3303 5366 3616 5437 Πνεύματος.

2337 5488 2412 5548 Z'.
2474 5488 2626 5545 Εἶπεν
2681 5485 2769 5544 οὗν
2823 5489 3024 5566 ἀφιέναι
3077 5494 3306 5568 χρυσόν,
3358 5491 3611 5565 ἄργυρον,
3670 5486 3851 5558 sunt.
