4148 6262
295 298 402 360 549
1549 296 1891 359 HOMILIE.
1932 333 2001 344 —
2041 302 2214 358 HOM.
2255 304 2354 360 XI.
3560 303 3666 366 530

294 447 455 496 νειαν,
511 427 758 485 πωλῆσαι
804 430 870 479 τὰ
917 427 1247 501 ὑπάρχοντα,
1302 431 1392 477 καὶ
1436 422 1716 478 διαδοῦναι
1763 446 1900 479 πτω-

2017 429 2302 498 cognatis,
2333 429 2664 485 vendamus
2694 430 2855 486 bona
2885 436 3111 499 nostra,
3145 437 3199 487 et
3224 434 3655 492 distribuamus

293 526 435 589 χοίς,
474 523 565 568 καὶ
624 518 964 591 θησαυρίζειν
1010 516 1164 580 αὕτα,
1210 520 1300 566 καὶ
1350 516 1522 575 ζητεῖν
1552 515 1623 577 εἰς
1666 520 1783 577 τοὺς
1812 517 1903 568 οὕ-

2020 518 2380 588 pauperibus
2400 519 2444 584 ⁷,
2466 526 2519 573 et
2542 520 2897 588 colligamus
2925 535 2996 575 ea
3026 522 3083 574 in
3102 522 3472 590 thesaurum,
3496 542 3658 596 quaa-

291 610 511 680 ρανούς*
542 605 739 657 Ὅπου
779 607 897 678 γὰρ
926 606 951 656 6
984 606 1330 675 θησαυρός
1369 623 1506 672 σου,
1547 604 1679 656 ἐκεῖ
1718 608 1900 658 ἔσται

2014 622 2339 675 ramusque
2369 608 2428 661 in
2461 608 2627 662 ccelis
2654 624 2666 661 :
2704 609 2810 664 Ubi
2835 608 2987 664 enim
3033 614 3119 665 est
3148 611 3465 668 thesaurus
3496 622 3652 678 tuus,

292 702 400 749 xui
444 698 473 753 ἡ
516 694 768 768 καρδία
808 714 945 746 σου.
979 690 1135 765 ᾜὸει
1164 695 1263 767 γὰρ
1316 694 1341 744 6
1377 696 1583 764 Κύριος,
1614 696 1694 746 ὅτι
1732 694 1900 747 ἐντεῦ-

2015 696 2091 749 ibi
2118 702 2201 751 est
2233 700 2287 751 et
2312 712 2414 751 cor
2465 700 2628 751 tuum
2657 698 2697 751 ⁸.
2750 699 2919 753 Novit
2947 699 3106 755 enim
3149 699 3460 767 Dominus,
3488 703 3653 775 quod

294 789 374 839 θεν
420 788 447 836 6
478 790 708 844 Σατανᾶς
756 788 1031 855 κατισχίει
1084 790 1184 833 τῶν
1230 781 1513 854 λογισμῶν,
1558 790 1647 835 τοῦ
1678 790 1898 856 καταφέ-

2016 784 2149 840 inde
2176 787 2427 841 Satanas
2452 785 2690 840 roboret
2720 802 2783 840 se
2810 786 3128 843 adversum
3157 790 3565 858 cogitationes,
3594 798 3654 847 ut

289 894 398 948 ρειν
442 873 633 932 αὐτούς
666 872 734 932 εἰς
766 876 858 929 την
906 866 1161 944 φροντίδα
1210 878 1307 920 τῶν
1358 870 1543 921 ὕλικῶν
1588 876 1677 922 καὶ
1705 876 1897 942 γηίνων

2011 874 2281 928 traducat
2296 889 2398 928 eas
2421 874 2478 927 in
2504 873 2963 930 sollicitudinem
2984 891 3182 932 rerum
3202 878 3649 935 mundanarum

290 964 639 1037 πραγμάτων.
676 963 769 1013 Διά
818 967 971 1011 τοῦτο
1018 961 1043 1011 6
1084 961 1212 1018 Θεὸς
1260 960 1632 1031 προνοούμενος
1668 968 1761 1022 τῆς
1791 962 1897 1032 ψυ..

2013 968 2060 1016 et
2118 967 2504 1016 terrenarum.
2567 964 2879 1033 Propterea
2909 964 3085 1029 Dens,
3118 967 3221 1035 qui
3256 982 3463 1022 curam
3502 969 3651 1038 gerit

284 1061 398 1124 χῆς
453 1070 569 1114 σου,
626 1046 760 1102 εἶπεν
822 1048 1189 1110 ἀποτάξασθαι
1245 1053 1427 1113 πᾶσιν,
1487 1048 1568 1099 ἵνα
1619 1055 1707 1101 καὶ
1757 1052 1894 1103 οῖκων

2014 1052 2223 1105 anima;
2248 1056 2381 1115 tuae,
2410 1051 2586 1120 jussit
2613 1054 2949 1106 renuntiare
2976 1054 3280 1122 omnibus,
3311 1061 3371 1110 ut
3395 1056 3483 1110 vel
3507 1058 3652 1112 invi-

287 1141 513 1201 ἐπιζητὴ
527 1159 625 1211 σῃς
672 1143 755 1190 τὸν
787 1139 1024 1212 οὐράνιον
1054 1140 1295 1200 πλοῦτον,
1328 1141 1416 1188 καὶ
1470 1139 1599 1209 ἔχῃς
1643 1142 1736 1196 τὴν
1766 1160 1896 1213 καρ-

2008 1141 2098 1192 tus
2124 1154 2358 1209 quaeras
2408 1138 2678 1194 ccelestes
2728 1140 2983 1205 divitias,
3009 1146 3066 1195 et
3094 1141 3321 1197 habeas
3352 1159 3453 1199 cor
3479 1150 3646 1201 tuum

290 1227 414 1283 δίαν
447 1248 541 1281 σου
593 1230 724 1300 πρὸς
754 1230 843 1278 τὸν
896 1233 1043 1279 Θεόν.
1092 1224 1212 1276 Ἐὰν
1259 1227 1357 1298 γὰρ
1388 1229 1478 1277 καὶ
1527 1226 1751 1299 θελήσῃς
1780 1232 1892 1281 ἐπι-

2008 1229 2165 1297 apud
2196 1231 2400 1282 Deum.
2432 1228 2715 1293 Quamvis
2740 1229 2901 1282 enim
2942 1229 3197 1285 volueris
3213 1234 3424 1287 reverti
3454 1234 3530 1289 ad
3554 1251 3646 1290 res

290 1325 590 1390 στραφῆναι
642 1320 771 1388 πρός
821 1317 887 1366 1'6:
941 1319 1229 1386 κτίσματα,
1285 1309 1434 1365 οὐδὲν
1490 1315 1745 1386 εὑρίσκεις
1796 1327 1894 1370 τῶν

2012 1324 2253 1381 creatas,
2270 1316 2417 1371 nihil
2436 1326 2632 1371 tamen
2654 1332 2883 1382 eorum,
2906 1334 3043 1388 quae
3066 1320 3359 1384 videntur,
3384 1326 3433 1376 te
3461 1324 3650 1393 possi-

286 1410 603 1479 φαινομένων
677 1409 1005 1476 κεκτημένος.
1100 1402 1289 1467 Θέλεις,
1368 1402 1426 1453 οὕ
1505 1403 1683 1470 θέλεις,
1762 1408 1891 1459 ὅπου

2010 1404 2142 1458 dere
2166 1404 2578 1475 deprehendes
2610 1424 2622 1461 :
2657 1404 2820 1470 velis,
2877 1407 3126 1473 nolisve,
3158 1410 3387 1477 cogeris
3422 1411 3648 1468 mittere

286 1504 459 1549 ταῦτα
510 1497 865 1567 ἐθησαύρισας
926 1498 1014 1544 καὶ
1072 1490 1287 1560 ἀπέθου,
1352 1490 1633 1562 ἀναγκάζει
1687 1496 1891 1566 πέμψαι

2011 1499 2260 1547 mentem
2278 1493 2356 1548 ad
2370 1493 2667 1548 caelestem
2688 1494 3055 1560 thesaurum,
3091 1495 3188 1550 ubi
3204 1512 3273 1551 ea
3287 1497 3574 1567 collegisti
3594 1506 3649 1556 et

276 1589 370 1637 τὸν
415 1592 532 1636 νούν
567 1602 661 1635 σου
694 1586 825 1655 πρὸς
865 1585 949 1633 τόν
999 1580 1236 1655 οὕράνιον
1272 1596 1284 1608 ⁸
1326 1586 1519 1631 Ὅπου
1558 1583 1675 1654 γὰρ
1718 1584 1743 1634 6
1785 1587 1886 1644 θη-

2004 1580 2333 1651 deposuisti
2371 1598 2383 1635 :
2424 1582 2533 1637 Ubi
2551 1581 2704 1637 enim
2736 1584 2821 1637 est
2852 1582 3167 1639 thesaurus
3197 1590 3353 1654 tuus,
3392 1587 3475 1642 ibi
3492 1592 3575 1644 est
3590 1594 3642 1644 et

277 1678 521 1744 σαυρός
565 1691 699 1737 σου,
743 1673 875 1722 ἐκεῖ
910 1672 1096 1722 ἔσται
1128 1670 1303 1725 καὶὴ
1350 1665 1592 1741 καρδία
1624 1690 1755 1726 σου,
1996 1674 2283 1726 cortuum
2310 1672 2352 1722 θ.

351 1778 433 1832 Η’.
499 1784 598 1833 Καὶ
654 1780 755 1852 γὰρ
810 1777 857 1828 ἐν
913 1784 985 1847 τῷ
1043 1780 1181 1847 νόμῳ
1236 1774 1494 1827 ἐκέλευσεν
1544 1777 1570 1826 6
1630 1782 1758 1840 Θεὸς
1809 1789 1881 1851 τῷ
1919 1776 1962 1831 Β

2063 1777 2198 1831 VIII.
2252 1777 2343 1833 Sic
2389 1777 2569 1831 etiam
2622 1778 2682 1831 in
2715 1776 2845 1845 lege
2876 1778 3155 1849 praecepit
3184 1780 3340 1835 Deus
3386 1784 3547 1849 Mosi,
3580 1789 3643 1840 ut

270 1876 512 1934 Μωυσεῖ,
546 1870 629 1920 ἰνα
674 1872 865 1938 ποιήσῃ
900 1870 1011 1938 ὄφιν
1042 1866 1295 1937 χαλκοῦν,
1327 1870 1415 1916 καὶ
1458 1872 1636 1917 τοῦτον
1666 1866 1878 1942 ὑψώσῃ,

2002 1865 2209 1921 iaceret
2260 1871 2596 1936 serpentem
2646 1880 2906 1931 aeneum,
2963 1871 3017 1921 et
3049 1866 3216 1922 illum
3259 1869 3544 1926 exaltaret
3569 1888 3640 1928 ac

267 1966 364 2013 καὶ
418 1956 701 2030 προσπήξῃ
744 1956 826 2016 εἰς
856 1960 913 2007 1'6
945 1954 1231 2026 ἀκρότατον
1280 1961 1370 2005 τοῦ
1422 1953 1573 2014 ξύλου
1600 1972 1611 1983 ·
1638 1961 1727 2008 καὶ
1766 1959 1881 2011 ὅσοι

2002 1952 2258 2023 afﬁgeret
2281 1954 2358 2009 ad
2391 1954 2795 2007 summitatem
2826 1954 2967 2021 ligni
3014 1955 3093 2009 ¹⁰;
3129 1961 3184 2010 et
3228 1958 3573 2030 quicunque
3604 1976 3640 2017 a

266 2056 371 2098 τῶν
400 2050 557 2118 ὄφεων
589 2044 931 2109 ἐπλησσοντο,
966 2048 1318 2115 προσέχοντες
1345 2050 1415 2112 τῷ
1438 2046 1545 2113 ὄφει
1575 2052 1646 2113 τῷ
1670 2046 1874 2117 χαλκῷ,

1997 2043 2367 2114 serpentibus
2418 2042 2922 2112 percutiebantur,
2978 2042 3274 2098 intuentes
3315 2045 3373 2100 in
3400 2062 3635 2103 aeneum

269 2138 463 2196 ἰάσεως
514 2133 831 2205 ἐτύγχανον.
893 2140 1057 2185 Τοῦτο
1133 2132 1470 2199 οἰκονομικῶς
1526 2130 1739 2201 ἐγίνετο,
1799 2136 1880 2187 ἶνα

1998 2136 2345 2202 serpentem,
2374 2130 2670 2185 medelam
2687 2130 3209 2202 consequebantur
3228 2135 3490 2205 .Hocque
3515 2152 3636 2192 non

268 2226 321 2276 οἰ
373 2227 718 2294 κατεχόμενοι
754 2222 821 2282 εἰς
876 2224 964 2282 τὰς
1002 2223 1189 2291 γηίνας
1243 2224 1511 2294 μερίμνας,
1555 2225 1645 2273 καὶ
1676 2222 1749 2284 εἰς
1785 2226 1880 2286 τὰς

1996 2220 2219 2290 absque
2232 2219 2674 2289 dispensatione
2690 2217 2886 2285 ﬁebat,
2919 2220 3094 2291 utqui
3113 2223 3357 2277 terrenis
3385 2226 3540 2278 curis
3563 2241 3634 2280 ac

267 2309 720 2384 εἱδωλολατρείας,
771 2316 860 2362 καὶ
906 2310 979 2370 εἰς
1008 2311 1101 2371 τας
1148 2305 1340 2368 ἡδονὰς
1388 2316 1477 2359 τοῦ
1528 2316 1747 2375 Σατανᾶ,
1789 2318 1878 2365 καὶ

1994 2307 2341 2372 idololatria,
2376 2313 2553 2378 atque
2573 2306 2981 2377 voluptatibus
3038 2309 3294 2376 Satanae,
3345 2314 3632 2386 omnique

268 2402 345 2463 εἰς
390 2408 566 2453 πᾶσαν
622 2398 882 2464 ἀσέϐειαν,
943 2395 1036 2450 διὰ
1066 2400 1251 2449 τούτου
1288 2405 1382 2448 τού
1432 2402 1627 2470 τρόπου
1657 2409 1878 2473 μερικῶς

1997 2396 2293 2467 impietate
2312 2396 2560 2450 districti
2582 2401 2796 2459 essent,
2815 2395 2929 2450 hoc
2960 2397 3168 2451 saltem
3196 2399 3380 2454 modo
3401 2400 3635 2473 aliqua-

265 2510 377 2551 πως
426 2489 767 2559 ἀνακύψωσιν
801 2487 884 2540 ἐπὶ
923 2490 989 2539 τά
1046 2488 1172 2552 οῖνω,
1224 2490 1313 2537 καὶ
1368 2484 1721 2555 ἀναψύξαντες
1777 2489 1877 2541 ἀπὸ

1998 2500 2159 2540 :enus
2207 2486 2571 2555 respicerent
2628 2485 2957 2554 superiora,
3019 2490 3075 2540 et
3126 2486 3203 2541 ab
3250 2488 3636 2545 inferioribus

268 2588 370 2631 τῶν
399 2580 542 2631 κάτω
591 2581 931 2651 προσέχωσιν
988 2578 1071 2627 ἐπὶ
1103 2578 1166 2626 τὰ
1214 2573 1411 2644 ὕψηλά,
1458 2578 1546 2625 καὶ
1587 2576 1740 2628 πάλιν
1788 2576 1875 2631 ἀπ’

1993 2573 2347 2644 respirantes
2392 2574 2467 2628 ad
2499 2572 2781 2628 sublimia
2811 2573 3200 2642 attenderent,
3234 2580 3291 2630 et
3321 2593 3526 2632 rursus
3554 2581 3631 2635 ab

270 2670 472 2722 ἐκείνων
519 2667 860 2742 προκόψωσιν
912 2665 980 2727 εἰς
1036 2669 1094 2717 1'6
1150 2663 1515 2734 ὑψηλότατον*
1573 2671 1663 2717 καὶ
1719 2666 1877 2728 οὕτως

1995 2660 2099 2716 illis
2119 2661 2563 2732 proficerentad
2582 2662 2942 2717 altissimum
2969 2680 2980 2714 :
3010 2663 3159 2718 etita
3184 2665 3474 2735 paulatim
3498 2683 3633 2738 pro-

272 2760 408 2809 κατὰ
460 2760 646 2828 μικρὸν
719 2759 1095 2827 προκόπτοντες
1153 2752 1224 2813 εἰς
1282 2755 1339 2803 1'6
1413 2750 1729 2824 ὑψηλότερον
1787 2762 1876 2809 καὶ

1995 2752 2319 2822 gredientes
2367 2753 2442 2806 ad
2498 2751 2905 2806 sublimiorem
2938 2759 2994 2807 et
3018 2754 3385 2824 superiorem
3419 2773 3633 2828 proge-

272 2846 520 2919 ἀνώτερον
600 2848 741 2917 γένος
806 2843 1248 2913 ἰπιγινώσκωσιν,
1308 2842 1385 2891 ὅτι
1458 2840 1599 2894 ἐστὶν
1651 2842 1877 2914 ὕψιστος

1993 2843 2167 2905 niem,
2192 2846 2618 2910 cognoscerent
2642 2855 2771 2895 esse
2798 2841 3125 2912 quemdam
3158 2842 3512 2901 altissimum
3535 2864 3631 2902 su-

272 2938 413 3009 παρά
467 2940 639 2986 πᾶσαν
668 2938 763 2991 τὴν
816 2938 1010 2988 κτὶσιν.
1062 2930 1210 2983 Οὕτω
1254 2934 1342 2982 καὶ
1376 2933 1432 2982 σε
1479 2929 1709 2984 ἐκελευσε
1740 2954 1875 2986 πτω-

1991 2946 2093 3002 pra
2117 2945 2361 2985 omnem
2394 2935 2748 2984 creaturam.
2782 2931 2873 2984 Sic
2917 2946 3159 3000 quoque
3191 2935 3244 2986 te
3267 2933 3446 3001 jussit
3480 2938 3629 2991 Deus

274 3028 372 3093 χον
402 3025 663 3093 γενέσθαι,
707 3027 796 3073 καὶ
846 3024 1016 3073 πάντα
1044 3019 1362 3077 πωλήσαντα
1406 3015 1590 3071 δουναι
1618 3032 1871 3095 πτωχοῖς,

1989 3034 2312 3090 pauperem
2350 3018 2494 3081 ﬁeri,
2529 3023 2585 3073 et
2632 3018 2837 3072 omnia
2869 3018 3223 3074 vendentem
3258 3025 3627 3092 pauperibus

278 3112 359 3161 ἶνα
418 3110 593 3161 λοιπόν
647 3109 740 3162 κᾶν
795 3110 1017 3170 θελήσης
1067 3111 1204 3159 κάτω
1260 3106 1418 3182 ῥέψαι
1470 3108 1556 3159 ἐπὶ
1612 3118 1699 3171 τῆς
1749 3120 1916 3183 γῆς,(

1990 3108 2205 3177 largiri,
2241 3112 2303 3160 ut
2332 3111 2560 3177 postea,
2592 3107 2642 3159 si
2672 3104 2808 3158 velis
2841 3105 3041 3161 denuo
3072 3121 3276 3177 repere
3304 3126 3484 3179 super
3516 3117 3628 3166 ter-

274 3203 345 3270 μὴ
382 3195 634 3270 δυνηθῇς.
685 3203 994 3271 Ἐρευνήσας
1023 3200 1123 3271 γὰρ
1158 3199 1206 3247 ἐν
1236 3204 1297 3268 τῇ
1331 3194 1525 3270 καρδίᾳ
1554 3216 1646 3249 σου
1697 3202 1870 3275 ἄρχου

1988 3213 2132 3261 ram,
2163 3212 2278 3250 non
2301 3195 2518 3265 possis.
2546 3196 2822 3249 Scrutans
2841 3209 2982 3261 ergo
2998 3196 3057 3249 in
3081 3196 3259 3250 corde
3279 3200 3399 3262 tuo,
3431 3200 3626 3271 incipe

273 3290 407 3358 μετὰ
435 3296 535 3338 τῶν
564 3287 826 3357 λογισμῶν
856 3305 948 3338 σου
980 3283 1341 3355 διαλέγεσθαι,
1378 3286 1526 3358 Παρ’
1560 3286 1585 3337 ὃ
1622 3286 1724 3340 ἐπὶ
1764 3299 1871 3350 τῆς

1987 3302 2116 3340 cum
2165 3282 2626 3353 cogitationibus
2660 3284 2772 3336 tuis
2813 3283 3155 3352 disputare:
3187 3284 3328 3341 Cum
3378 3287 3533 3343 nihil
3564 3293 3625 3344 in

273 3384 394 3445 γῆς
434 3371 621 3427 οὐδὲν
660 3377 914 3445 ἔχομεν,
956 3377 1205 3445 ἄγωμεν
1245 3378 1398 3447 πρὸς
1438 3378 1540 3425 τόν
1581 3376 1866 3447 οὐρανὸν,

1985 3376 2154 3430 terris
2173 3373 2594 3442 possideamus,
2628 3377 2999 3427 transeamus
3032 3371 3142 3444 41
3176 3375 3257 3429 ad
3283 3376 3493 3432 caelum
3522 3378 3623 3432 ubi

270 3467 427 3517 ὅπου
460 3467 697 3536 ἒχόμεν
726 3467 829 3514 τόν
862 3464 1205 3535 θησαυρόν,
1238 3465 1393 3515 ὅπου
1436 3465 1867 3536 ἐπραγματευ.

1984 3465 2260 3520 habemus
2281 3462 2648 3526 thesaurum,
2672 3468 2725 3517 et
2746 3461 2847 3516 ιιόὶ
2856 3463 3144 3531 negotiali
3166 3479 3387 3520 sumus.
3407 3466 3622 3538 Incipit

269 3556 538 3625 σαμεθα.
582 3558 841 3625 Ἀρχεται
869 3553 893 3603 ὁ
924 3560 1036 3612 νοῦς
1064 3571 1157 3603 σου
1188 3551 1443 3603 ἀνανεύειν
1477 3556 1602 3625 πρὸς
1634 3563 1690 3606 τό
1713 3555 1865 3626 ὕψος,

1985 3568 2150 3607 mens
2174 3556 2278 3607 tua
2303 3552 2382 3607 ad
2403 3550 2685 3605 sublimia
2704 3565 3026 3621 emergere,
3048 3556 3105 3607 et
3133 3554 3440 3624 superiora
3456 3555 3623 3612 inda-

263 3648 350 3695 καὶ
371 3641 637 3703 ἐπιζητεῖν
664 3644 730 3694 τὰ
760 3640 1005 3716 ἀνώτερα,
1034 3646 1123 3692 καὶ
1155 3647 1465 3715 πρρκόπτειν
1493 3640 1540 3692 ἐν
1570 3646 1760 3715 τούτῳ.

1090 3646 1123 3692 ιὶ
1155 3647 1465 3715 πρρκόπτειν
1493 3640 1540 3692 ἐν
1570 3646 1760 3715 τούτῳ.
1977 3657 2118 3711 gare
2147 3647 2201 3696 et
2232 3641 2291 3695 in
2322 3657 2391 3695 eo
2424 3638 2728 3710 proﬁcere.

336 3732 420 3786 Θ’.
466 3737 529 3783 Τί
587 3728 646 3783 δέ
700 3730 841 3784 ἐστιν
894 3732 919 3782 6
973 3733 1145 3803 νεκρός
1199 3734 1329 3801 ὄφις,
1390 3732 1414 3780 ό
1462 3737 1866 3805 προσπεπηγμέ-

2049 3731 2133 3784 ΙΧ.
2165 3730 2383 3785 Verum
2413 3729 2556 3800 quid
2581 3729 2771 3783 innuit
2801 3744 3046 3800 serpens
3076 3729 3172 3785 ille
3204 3736 3619 3806 mortuus,qui

263 3841 341 3881 νος
394 3821 468 3883 εἰς
519 3825 577 3873 τό
632 3819 916 3893 ἀκρότατον
970 3826 1061 3871 τοῦ
1120 3818 1289 3885 ξύλου,
1326 3818 1438 3871 ἰᾶτο
1490 3825 1611 3882 τοὺς
1666 3823 1867 3881 πεπλη-

1984 3818 2324 3875 sublimitati
2335 3818 2475 3887 ligni
2490 3816 2988 3884 afﬁxus,sanabat
3002 3834 3317 3888 percussos
3328 3820 3357 3873 τί
3371 3823 3622 3893 Serpens

260 3915 479 3981 γμένους
508 3928 521 3978 ;
555 3912 580 3962 6
610 3916 788 3985 νεκρός
838 3913 947 3981 ὄφις
987 3913 1102 3968 τούς
1157 3909 1350 3969 ζῶντας
1402 3909 1562 3974 ἐνίκα,
1595 3912 1729 3964 ὥστε
1779 3917 1862 3965 τύ-

1981 3908 2066 3964 ille
2092 3913 2362 3963 mortuus
2388 3906 2557 3961 vivos
2583 3907 2924 3977 superabat,
2955 3913 3015 3962 ut
3042 3914 3218 3979 typus
3252 3909 3323 3963 sit
3353 3912 3619 3981 corporis

258 4018 357 4059 πος
402 3999 508 4051 ἑττι
538 4007 629 4050 τοῦ
684 4005 929 4070 σώματος
976 4006 1066 4050 τού
1123 4003 1340 4070 Κυρίου.
1386 4002 1455 4050 T6
1507 4007 1660 4072 σῶμα
1704 4002 1861 4075 γάρὸ

1974 3996 2229 4052 Domini.
2285 3999 2512 4066 Corpus
2564 3995 2722 4049 enim
2755 3995 2921 4064 quod
2955 3998 3285 4067 assumpsit
3307 4012 3379 4053 ex
3409 3999 3608 4065 Maria,

256 4088 433 4141 ἔλαϐεν
510 4091 564 4139 ἐκ
640 4097 736 4148 τῆς
790 4088 1025 4161 Μαρίας,
1102 4084 1372 4157 ἀνήνεγκεν
1449 4086 1575 4140 αὐτὸ
1634 4087 1718 4141 ἐπὶ
1771 4091 1860 4142 τοῦ

1973 4088 2247 4143 exaltavit
2272 4088 2329 4140 in
2361 4100 2555 4151 cruce,
2592 4084 2977 4155 suspendilet
3008 4086 3190 4141 atﬁxit
3216 4088 3378 4157 ligno
3408 4106 3420 4144 :
3451 4100 3504 4143 et
3531 4091 3611 4146 ita

259 4186 512 4252 σταυροῦ,
572 4198 661 4229 και
736 4180 1007 4252 ἐκρέμασε,
1086 4181 1174 4228 καὶ
1228 4177 1553 4248 προσέπηξεν
1611 4176 1694 4230 ἐπὶ
1770 4188 1860 4230 τοῦ

1971 4184 2304 4247 serpentem
2336 4174 2393 4229 in
2426 4175 2604 4229 corde
2644 4174 2937 4229 viventem
2967 4181 3023 4229 et
3053 4182 3355 4245 repentem
3389 4194 3609 4249 corpus

253 4266 431 4332 ξύλου,
466 4272 555 4319 καὶ
593 4271 680 4318 τόν
720 4269 768 4317 ἓν
808 4273 870 4337 τῇ
915 4261 1113 4337 καρδίᾳ
1153 4268 1265 4337 ὄφιν
1304 4265 1475 4325 ζῶντα
1514 4271 1603 4317 καὶ
1642 4267 1860 4340 ἓρποντα

1973 4272 2275 4321 mortuum
2301 4264 2437 4318 vicit
2457 4269 2511 4317 et
2531 4262 2770 4318 occidit.
2800 4264 2897 4317 Hic
2917 4264 3269 4319 miraculum
3297 4268 3611 4335 magnum!

253 4360 433 4429 νεκρόν
486 4364 638 4427 σῶμα
691 4355 898 4412 ἐνίκησε
968 4360 1057 4405 καὶ
1137 4354 1445 4407 ἀπέκτεινεν.
1498 4351 1631 4406 Ὧδε
1685 4358 1860 4428 θαῦμα

1983 4356 2276 4426 quomodo
2306 4368 2549 4423 serpens
2590 4358 2861 4406 mortuus
2920 4352 3201 4407 occiderit
3243 4354 3445 4410 vivum
3480 4359 3491 4413 l
3548 4357 3621 4411 At

251 4448 529 4516 μέγιστον,
573 4452 677 4504 πῶς
708 4445 733 4495 6
772 4446 949 4517 νεκρός
991 4447 1105 4515 ὄφις
1156 4447 1240 4495 τὸν
1290 4443 1461 4503 ζῶντα
1520 4442 1806 4496 ἀπέκτεινεν
1842 4465 1854 4510 ς

1984 4442 2485 4515 ιυθωδάωοάιιω
2529 4440 2663 4494 fecit
2714 4442 2897 4495 Moses
2925 4457 3147 4496 novum
3175 4458 3349 4513 opus,
3386 4460 3525 4499 cum
3549 4447 3622 4500 si-

256 4532 367 4583 ἀλλ’
400 4532 453 4583 ὃν
482 4537 667 4604 τρόπον
697 4538 908 4589 ἐποίησε
938 4539 1169 4594 Μωϋσῆς
1200 4536 1374 4584 καινόν
1424 4535 1589 4605 ἔργον,
1619 4534 1858 4605 ὁμοίωμα

1977 4532 2364 4586 militudinem
2397 4530 2512 4584 vivi
2544 4528 2833 4600 serpentis
2865 4528 3172 4598 efﬁngeret
3198 4547 3210 4584 :
3240 4532 3323 4585 sic
3366 4548 3615 4605 quoque

254 4630 351 4673 τού
392 4622 581 4685 ζῶντος
635 4625 790 4693 ὄφεως
828 4625 1058 4683 ποιήσας
1089 4640 1100 4651 ·
1134 4622 1269 4673 οὕτω
1312 4623 1457 4673 καὶὸ
1501 4625 1693 4696 Κύριος
1743 4642 1857 4672 καις

1970 4620 2256 4675 Dominus
2282 4634 2504 4673 novum
2534 4634 2687 4689 opus
2735 4633 2806 4671 ex
2858 4618 3039 4673 Maria
3092 4619 3376 4685 condidit,
3408 4626 3464 4675 et
3494 4622 3606 4676 hoc

253 4713 345 4760 νόν
400 4711 543 4781 ἔργον
594 4713 649 4761 ἑκ
687 4719 783 4771 τῆς
828 4716 1033 4783 Μαρίας
1085 4709 1313 4772 ἐποίησε,
1354 4715 1443 4762 καὶ
1482 4720 1635 4762 τοῦτο
1688 4708 1858 4762 ἐνεδύ-

1968 4708 2177 4770 induit,
2207 4724 2327 4761 non
2344 4713 2544 4763 autem
2566 4706 2761 4762 attulit
2788 4722 3006 4777 corpus
3032 4723 3103 4762 ex
3121 4707 3292 4763 caelo.
3320 4710 3606 4779 Spiritum

254 4817 391 4851 σατο
444 4798 555 4849 ἀλλ’
596 4799 689 4850 οὕκ
764 4803 946 4869 ἤνεγκε
1020 4803 1075 4851 1'6
1144 4809 1297 4872 σῶμα
1347 4800 1400 4863 ἓξ
1474 4800 1692 4873 ούρανοῦ
1727 4817 1738 4828 ⁸
1798 4803 1855 4850 τό

1975 4796 2287 4861 caelestem,
2315 4796 2417 4867 qui
2446 4796 2744 4849 Adamum
2787 4795 3250 4864 ingrediebatur,
3285 4799 3524 4863 creavit,
3560 4805 3613 4854 et

249 4895 469 4959 Πνεῦμα
518 4891 577 4938 1'6
638 4888 874 4959 οὐράνιον
931 4890 979 4938 ἓν
1037 4886 1109 4959 τῷ
1163 4886 1341 4959 Ἀδὰμ
1407 4890 1630 4941 εἰσελθὸν
1686 4890 1855 4963 εἰργά-

1983 4902 2124 4941 ῖιυηο
2142 4885 2487 4956 permiscuit
2507 4884 2820 4947 divinitati,
2844 4891 2899 4939 et
2924 4885 3113 4940 induit
3136 4901 3379 4940 carnem
3405 4887 3621 4943 huma-

250 4996 406 5041 σατο,
463 4979 554 5025 καὶ
595 4981 775 5025 τοῦτον
830 4978 1137 5049 συνεκέρασε
1180 4985 1237 5049 τῇ
1288 4980 1494 5035 θεότητι
1546 4983 1636 5030 καί
1679 4976 1857 5030 ἐνεδύ-

1972 4990 2130 5039 nam,
2153 4988 2407 5045 eamque
2431 4972 2707 5027 formavit
2727 4974 2784 5027 in
2805 4979 2987 5028 utero.
3016 4976 3176 5029 Sicut
3196 4990 3338 5044 ergo
3370 4992 3610 5047 serpen-

250 5085 407 5133 σατο,
465 5061 795 5137 ἀνθρωπίνην
846 5064 1037 5135 σάρκα,
1084 5071 1173 5116 καὶ
1218 5068 1513 5139 ἐμόρφωσεν
1554 5070 1601 5119 ἐν
1648 5074 1708 5139 τῇ
1757 5071 1856 5139 μή-

1978 5068 2083 5119 Eem
2114 5078 2347 5117 ameum
2383 5077 2571 5131 usque
2601 5061 2679 5116 ad
2732 5062 2935 5116 Mosen
2963 5078 3082 5117 non
3118 5063 3296 5132 jussit
3322 5063 3616 5120 Dominus

242 5175 367 5228 τρᾳ.
426 5152 627 5226 Ὠσπερ
697 5149 783 5203 οὖν
841 5155 956 5223 ὄφις
1010 5153 1238 5223 χαλκοῦς
1297 5156 1384 5215 ἕως
1439 5164 1532 5208 τοῦ
1591 5159 1853 5219 Μωύσέως

1978 5168 2024 5208 ,ιι
2050 5152 2275 5207 mundo
2298 5150 2422 5205 ﬁeri
2452 5165 2464 5204 :
2495 5152 2572 5205 ita
2593 5166 2809 5221 corpus
2827 5166 3053 5205 novum
3074 5158 3129 5205 et
3154 5155 3379 5223 peccati
3403 5170 3616 5226 expers

248 5244 349 5296 ούκ
400 5242 637 5300 ἓκελεύθη
696 5242 797 5293 ὑπὸ
853 5248 943 5292 τοῦ
1005 5247 1198 5314 Κυρίου
1252 5240 1300 5292 ἐν
1343 5248 1524 5315 κόσμῳ
1576 5247 1845 5315 γενέσϐαι.

1973 5258 2156 5313 usque
2186 5240 2264 5297 ad
2280 5239 2598 5295 Dominum
2623 5254 2740 5294 non
2771 5240 3049 5309 apparuit
3074 5242 3131 5295 in
3165 5242 3415 5297 mundo.
3453 5243 3611 5298 Post-

252 5333 394 5386 οὕτω
448 5328 515 5391 δὴ
574 5338 726 5403 σῶμα
793 5334 970 5383 καινόν
1028 5336 1117 5383 xui
1186 5331 1568 5404 ἀναμάρτητον,
1617 5335 1711 5397 ἐως
1763 5341 1855 5386 τοῦ

1976 5347 2147 5404 quam
2162 5329 2321 5385 enim
2336 5330 2561 5399 primus
2584 5326 2774 5383 Adam
2790 5329 3142 5384 mandatum
3159 5330 3256 5384 Dei
3285 5336 3614 5401 transgres-

255 5425 458 5495 Κυρίου
510 5420 605 5474 οὐκ
656 5420 810 5495 ἐφάνη
871 5420 919 5472 ἐν
967 5420 1038 5492 τῷ
1100 5424 1301 5493 κόσμῳ.
1364 5421 1702 5495 Παραϐάντος
1755 5426 1854 5498 γὰρ

1981 5437 2067 5476 ius
2091 5423 2197 5485 est,
2220 5416 2667 5488 regnavitmors
2691 5416 2750 5472 in
2779 5416 3090 5472 universos
3117 5419 3248 5491 ejus
3286 5418 3448 5474 ﬁlios
3477 5437 3490 5477 :
3526 5435 3619 5473 su-

331 5668 351 5703 τ
382 5664 581 5723 Matth.
619 5680 738 5739 xxx,
764 5666 854 5721 20.
933 5664 954 5700 ⁸
986 5664 1188 5724 Matth.
1219 5682 1292 5733 vi,
1320 5668 1411 5721 2t.
