4148 6262
561 289 659 348 551

1857 280 1921 339 S.
1960 276 2260 337 MACARII
2298 274 2606 341 EGYPTII

3785 280 3876 335 552

557 410 789 485 peravit
816 424 959 481 ergo
984 424 1207 481 corpus
1240 410 1545 465 mortuum
1576 409 1925 477 serpentem
1983 405 2220 461 vivum.
2254 450 2255 455 η

2348 405 2423 460 τὴν
2475 400 2677 459 ἐντολὴν
2726 407 2817 453 τοῦ
2873 404 3083 474 πρώτου
3138 398 3333 473 Ἀδὰμ,
3389 400 3711 455 ἓϐασίλευσεν
3756 404 3781 455 6
3823 405 3903 456 Oci-

643 717 707 772 X.
734 716 797 769 Et
827 713 941 769 hoc
990 710 1347 768 miraculum
1378 708 1596 765 Iudaeis
1626 707 1872 780 quidem
1906 705 2237 762 offendicu—

574 803 725 867 lum,
749 801 963 858 Graecis
987 807 1187 857 autem
1220 798 1466 854 stultitia
1485 804 1592 852 est.
1625 798 1776 862 Quid
1802 799 1960 850 enim
1994 800 2240 865 Aposto-

571 893 665 949 lus
678 894 760 946 ait
776 891 913 947 :Nos
931 894 1118 947 autem
1130 889 1527 956 pradicamus
1549 886 1845 942 Christum
1864 885 2239 951 cruciﬁxum,

573 981 792 1037 Judan's
805 980 1035 1050 quidem
1052 975 1732 1046 o/fendiculum,Grcecis
1748 990 1885 1029 vero
1898 973 2236 1036 stultitiam,

584 1070 743 1126 nobis
758 1069 1023 1140 vero,qui
1034 1082 1367 1130 servantur,
1386 1064 1689 1120 Christum
1706 1064 1815 1119 Dei
1828 1062 2153 1131 potentiam
2169 1076 2239 1116 ac

576 1162 687 1218 Dei
712 1162 1067 1232 sapientiam
1096 1159 1163 1209 ¹¹.
1186 1157 1249 1210 In
1264 1170 1515 1226 corpore
1528 1154 1688 1208 enim
1719 1160 1957 1207 mortuo
1973 1153 2089 1205 vita
2110 1154 2235 1205 est:

580 1249 677 1307 hic
709 1248 1061 1319 redemptio,
1091 1246 1187 1300 hic
1214 1244 1452 1313 lumen;
1488 1242 1582 1297 hic
1599 1242 1828 1297 accedit
1852 1242 1927 1296 ad
1961 1245 2235 1304 mortem,

579 1346 636 1396 et
666 1340 933 1409 disputat
957 1350 1096 1389 cum
1128 1348 1201 1387 ea
1230 1332 1544 1396 Dominus,
1573 1346 1643 1385 ac
1663 1329 1928 1399 mandat,
1954 1336 2014 1383 ut
2042 1328 2240 1398 ejiciat

582 1444 655 1485 ex
672 1427 904 1482 inferno
931 1426 1188 1478 etmorte
1206 1420 1465 1483 animas,
1495 1434 1564 1473 ac
1578 1417 1901 1473 reddateas
1927 1415 2063 1471 sibi.
2090 1419 2239 1471 Ecce

583 1519 707 1575 hinc
722 1515 882 1570 hisce
912 1509 1202 1583 perculsa,
1232 1507 1675 1564 aditministros
1697 1522 1857 1572 suos,
1887 1513 2237 1575 congregat-

584 1621 703 1679 que
717 1618 926 1660 omnes
940 1604 1260 1672 potestates
1289 1613 1359 1653 ac
1376 1597 1671 1667 principes
1698 1596 1963 1658 malitiae,
1992 1594 2239 1650 adducit

587 1690 1007 1762 chirographa,
1042 1695 1098 1743 et
1121 1686 1267 1742 dicit
1299 1703 1311 1741 :
1344 1708 1371 1735 «
1404 1689 1545 1741 Ecce
1578 1686 1635 1739 hi
1667 1684 2022 1740 obedierunt
2052 1684 2238 1739 verbo

2332 510 2483 551 νατος
2513 492 2597 543 έπὶ
2628 489 2721 542 ὅλα
2770 492 2839 541 τὰ
2874 494 3028 542 τέκνα
3079 489 3274 542 αὐτοῦ’
3332 488 3561 549 ἐνίκησεν
3617 487 3701 544 οὖν
3747 496 3905 565 νεκρὸν

2342 588 2494 651 σῶμα
2520 583 2606 631 τὸν
2640 579 2812 639 ζῶντα
2838 582 2979 651 ὅφιν,

2415 701 2473 757 Γ.
2523 706 2621 755 Καὶ
2667 710 2821 754 τοῦτο
2879 703 3194 774 θαυμάσιον,
3234 699 3519 763 Ἰουδαίοις
3571 706 3657 776 μεν
3706 701 3911 758 σκάνδα-

2344 791 2447 854 λον,
2500 789 2716 848 Ἕλλησι
2762 788 2821 843 δὲ
2877 796 3069 866 μωρία.
3110 797 3172 844 Τί
3231 788 3289 844 δὲ
3345 791 3474 863 λέγει
3507 793 3532 843 6
3581 793 3909 857 Ἀπὸστολος·

2344 878 2557 951 Ἡμεῖς
2598 877 2664 931 δι
2720 882 3129 952 κηρύσσομεν
3195 880 3446 937 Ἰησοῦν
3496 887 3913 953 Χριστὸν,καὶ

2347 978 2569 1021 τοῦτον
2601 972 3111 1041 ἐσταυρωμένον,
3148 967 3505 1030 Ἰουδαίοις
3534 974 3639 1042 μὲν
3670 968 3914 1023 σκάνδαο

2346 1058 2468 1123 λον,
2507 1056 2766 1115 Ἐλλησι
2808 1054 2874 1109 δὲ
2912 1064 3179 1131 μωρίαν,
3236 1060 3389 1130 ἡμῖν
3444 1055 3511 1111 δὲ
3563 1067 3696 1121 τοῖς
3739 1060 3913 1121 σωζο-

2346 1152 2561 1219 μένοις
2640 1150 2919 1219 Χριστόν
2992 1154 3153 1199 Θεοῦ
3240 1143 3542 1219 δύναμιν,
3602 1154 3703 1200 καὶ
3774 1154 3912 1201 Θεοῦ

2348 1242 2598 1307 σοφίαν.
2634 1237 2716 1287 Ἐν
2745 1238 2843 1307 γαρ
2870 1243 2939 1307 τῷ
2963 1245 3124 1308 νεκρῷ
3152 1241 3359 1307 σώματι
3386 1238 3415 1293 ἠ
3454 1237 3560 1296 ζωή
3593 1254 3604 1266 ·
3630 1234 3729 1289 ὧδε
3755 1239 3782 1294 ἠ
3806 1257 3911 1290 απο-

2344 1325 2619 1397 λύτρωσις,
2652 1322 2755 1376 ὧδε
2784 1328 2841 1376 τό
2873 1334 2997 1397 φῶς,
3030 1322 3134 1377 ὧδε
3161 1328 3378 1400 ἔρχεται
3409 1330 3538 1398 πρὸς
3586 1330 3668 1377 τὸν
3702 1328 3908 1394 θάνατον,

2345 1420 2434 1467 καὶ
2455 1411 2750 1485 διαλέγεται
2771 1414 2911 1484 αύτῷ
2939 1416 2964 1465 6
2990 1417 3201 1489 Κύριος,
3224 1421 3314 1467 καὶ
3339 1418 3665 1487 προστάσσει
3686 1424 3770 1467 τοῦ
3788 1415 3915 1468 ἐκϐα-

2343 1504 2445 1556 λεῖν
2489 1503 2545 1555 ὶκ
2588 1512 2678 1555 τοῦ
2724 1499 2891 1576 ’ᾼδου
2939 1509 3027 1555 καὶ
3068 1511 3158 1555 τοῦ
3205 1506 3434 1556 θανάτου
3485 1508 3573 1564 τὰς
3620 1504 3810 1575 ψυχὰς,
3840 1509 3914 1557 καὶ

2345 1588 2634 1645 ἀποδοῦναι
2666 1593 2825 1663 αύτῷ.
2880 1588 3019 1645 Ἰδοὺ
3050 1588 3137 1645 οὖν
3182 1592 3336 1655 οὗτος
3366 1596 3494 1665 πρὸς
3534 1602 3696 1645 ταῦτα
3740 1612 3915 1665 ταρασ-

2348 1688 2555 1755 σόμενος
2614 1682 2906 1757 εἰσέρχεται
2960 1686 3085 1753 πρὸς
3143 1686 3259 1743 τοὺς
3313 1678 3593 1743 διακόνους
3635 1683 3803 1748 αὐτοῦ,
3847 1688 3913 1734 καὶ

590 1800 725 1841 meo
751 1785 762 1840 t
788 1796 922 1836 ecce
942 1777 1252 1851 quomodo
1264 1776 1718 1831 adoraruntnos
1742 1772 2019 1828 mortales
2045 1774 2057 1827 l
2088 1776 2238 1828 Deus

2351 1774 2561 1843 συνάγει
2609 1773 2778 1831 πάσας
2817 1774 2911 1833 τὰς
2946 1767 3213 1843 δυνάμεις,
3254 1776 3348 1823 καὶ
3398 1778 3676 1848 προσφέρει
3702 1774 3727 1823 6
3761 1774 3913 1845 ἅρχων

589 1878 812 1935 autem,
834 1869 937 1941 qui
960 1866 1258 1937 estjustus
1282 1866 1493 1936 judex,
1521 1863 1636 1918 illic
1656 1862 1916 1919 Ostendit
1940 1862 2238 1933 justitiam

594 1979 791 2027 suam,
820 1975 890 2015 ac
912 1958 1050 2012 dicit
1082 1956 1159 2011 ad
1191 1971 1326 2010 eam
1353 1971 1365 2008 :
1401 1954 1596 2009 Paruit
1644 1952 1747 2007 tibi
1800 1954 1987 2007 Adam
2014 1959 2069 2007 et
2094 1952 2241 2007 obti-

595 2051 775 2109 nuisti
827 2048 962 2103 inde
1010 2060 1190 2100 omne
1216 2060 1318 2098 cor
1340 2044 1487 2114 ejus.
1517 2043 1961 2113 Obtemperavit
1997 2042 2095 2095 tibi
2131 2042 2244 2096 hu-

593 2140 875 2203 manitas,
909 2151 1108 2190 meum
1141 2149 1359 2204 corpus
1386 2137 1584 2186 autem
1611 2130 1757 2201 quid
1786 2129 1925 2184 facit
1952 2132 2045 2185 hic
2068 2130 2095 2183 ‘I
2125 2133 2245 2185 Hoc

595 2230 820 2303 peccati
848 2229 933 2281 est
955 2239 1191 2295 expers.
1222 2225 1448 2292 Corpus
1470 2219 1616 2274 illud
1650 2220 1822 2289 primi
1845 2219 1987 2273 Adae
2018 2219 2247 2288 obliga-

598 2326 723 2374 tum
758 2316 858 2372 tibi
888 2321 999 2378 est,
1031 2317 1087 2367 et
1110 2312 1243 2382 jure
1291 2310 1369 2364 ob
1400 2310 1459 2363 id
1491 2309 1620 2378 ejus
1669 2308 2070 2379 chirographa
2094 2309 2247 2363 obti-

597 2423 742 2463 nes:
788 2404 931 2460 mihi
960 2407 1159 2457 autem
1189 2414 1400 2455 omnes
1456 2397 1769 2469 perhibent
1815 2398 2246 2455 testimonium.

598 2494 763 2567 quod
787 2508 905 2546 non
924 2488 1316 2561 peccaverim,
1342 2485 1487 2540 nihil
1511 2486 1614 2539 tibi
1631 2485 1843 2555 debeo,
1874 2492 1930 2540 et
1948 2486 2114 2556 quod
2136 2486 2248 2539 sim

602 2583 779 2640 Filius
802 2580 903 2635 Dei
934 2577 1195 2633 universi
1227 2576 1371 2630 mihi
1398 2580 1766 2629 attestantur.
1795 2578 2057 2646 Desuper
2087 2575 2249 2628 enim

602 2688 671 2728 ex
701 2669 864 2725 caelis
893 2668 953 2722 in
986 2673 1200 2721 terram
1235 2664 1476 2718 veniens
1509 2679 1625 2718 vox
1650 2664 2053 2718 testimonium
2077 2663 2208 2718 tulit
2234 2682 2246 2719 :

610 2760 727 2817 Hic
740 2763 821 2814 est
836 2756 1029 2813 Filius
1042 2769 1203 2809 meus
1215 2754 1683 2822 ditectus,ipsum
1698 2753 1899 2807 audite
1918 2753 2251 2807 "Joannes

609 2854 858 2905 testatur
887 2862 897 2898 :
931 2845 1104 2906 Ecce,
1122 2845 1329 2912 Agnus
1356 2841 1482 2906 Dei,
1500 2841 1603 2910 qui
1628 2842 1783 2895 tottit
1806 2848 2051 2911 peccata
2079 2857 2252 2895 mun-

610 2938 675 2993 di
700 2938 767 2990 ¹⁸.
793 2938 855 2990 Et
877 2936 1091 2989 iterum
1112 2933 1403 3002 scriptura
1427 2946 1439 2984 ;
1471 2930 1584 2997 Qui
1601 2934 1908 2997 pec‘catum
1936 2946 2056 2984 non
2080 2931 2248 3000 fecit,

604 3041 714 3083 nec
742 3026 1016 3080 inventus
1045 3027 1128 3077 est
1154 3021 1328 3076 dotus
1359 3020 1421 3074 in
1448 3035 1511 3074 eo
1534 3020 1600 3073 η.
1636 3021 1730 3074 Et:
1783 3020 1943 3075 Venit
1969 3020 2252 3088 princeps

2347 1870 2439 1921 τῆς
2484 1865 2731 1935 πονηρίας
2779 1862 2844 1911 τὰ
2881 1866 3231 1935 χειρόγραφα,
3266 1866 3361 1912 καὶ
3392 1860 3529 1932 λέγει
3564 1882 3577 1895 ·
3610 1880 3637 1910 ι(
3667 1858 3770 1914 Ἴδε
3797 1861 3914 1912 οὗτοι

2350 1952 2656 2008 ὑπήκουσαν
2720 1958 2790 2020 τῷ
2861 1950 2998 2021 λόγῳ
3050 1969 3173 2022 μου,
3230 1947 3313 2002 ἶδε
3372 1951 3502 2002 ὅπου
3560 1954 3913 2025 προσεκύνησαν

2350 2042 2475 2109 ἡμῖν
2507 2042 2555 2091 οἰ
2580 2041 2864 2114 οἰνθρωποι.
2896 2038 2954 2090 Ὁ
2986 2035 3045 2091 δὲ
3076 2042 3226 2103 Θεὸς,
3274 2036 3647 2111 δικαιοκρίτης
3689 2040 3768 2104 ὢν,
3794 2042 3915 2090 κάκεῖ

2354 2126 2588 2181 δείκνυσι
2623 2132 2678 2180 τὸ
2724 2126 2928 2180 δίκαιον
2956 2128 3115 2179 αύτοῦ
3160 2133 3250 2180 καὶ
3278 2128 3416 2200 λέγει
3448 2129 3589 2200 αύτῷ
3621 2148 3633 2197 ;
3664 2128 3915 2185 ’Υπήκουσί

2359 2237 2441 2269 σοι
2471 2219 2496 2269 6
2519 2213 2715 2289 Ἀδὰμ,
2747 2222 2836 2269 καὶ
2867 2221 3129 2289 κατέσχες
3160 2217 3321 2270 αύτοῦ
3354 2222 3531 2279 πάσας
3558 2221 3646 2279 τὰς
3675 2214 3876 2289 καρδίας
3902 2234 3911 2248 ⁸

2356 2309 2623 2365 ὑπήκουσέ
2672 2326 2756 2359 σοι
2789 2308 2818 2364 ἡ
2866 2306 3222 2380 ἁνθρωπότης,
3272 2310 3330 2359 τὸ
3374 2311 3494 2380 ἐμὸν
3547 2316 3694 2380 σῶμα
3737 2312 3781 2358 τί
3808 2313 3916 2357 ποιεῖ

2356 2393 2479 2449 ὦδε.
2524 2402 2686 2447 Τοῦτο
2728 2394 3094 2470 ἀναμάρτητον
3143 2394 3283 2447 ἔστιν
3320 2414 3334 2429 ο
3371 2396 3534 2448 ἐκεῖνο
3575 2401 3629 2448 τὸ
3680 2404 3820 2467 σῶμα
3849 2400 3917 2445 τοῦ

2356 2492 2564 2559 πρώτου
2613 2480 2786 2557 ’Δδαμ
2840 2484 3177 2559 έχρεὼστησέ
3228 2504 3333 2550 σοι,
3402 2491 3493 2537 καὶ
3543 2482 3754 2546 δικαίως
3794 2483 3921 2535 αὑτοῦ

2357 2579 2596 2645 κατέχεις
2626 2576 2693 2626 τὰ
2720 2579 3053 2647 χειρόγραφα
3079 2590 3091 2602 ·
3126 2574 3235 2645 ἐμοὶ
3272 2572 3331 2626 δὲ
3361 2577 3563 2635 πάντες
3590 2581 3914 2647 μαρτυροῦσιν,

2359 2666 2439 2714 ὁτι
2459 2663 2564 2733 ούχ
2586 2665 2819 2735 ἥμαρτον
2852 2679 2864 2691 '
2899 2662 2958 2713 ού
2988 2671 3245 2737 χρεωστώ
3280 2681 3361 2715 σοι
3408 2660 3559 2717 οὐδέν
3582 2680 3597 2697 ⁸
3629 2669 3711 2715 καὶ
3737 2665 3806 2714 ὅτι
3828 2662 3918 2717 Υἱός

2360 2752 2466 2823 εἰμι
2496 2758 2587 2801 τοῦ
2619 2758 2773 2816 Θεοῦ,
2807 2752 2994 2811 πάντες
3036 2770 3126 2822 μοι
3178 2760 3567 2825 μαρτυροῦσιν.
3622 2753 3800 2805 Ἐπάνω
3837 2752 3913 2822 γὰρ

2359 2849 2457 2892 τῶν
2488 2835 2716 2911 οὖρανὼν
2761 2837 3091 2912 ἐμαρτύρησε
3140 2845 3276 2911 φωνὴ
3326 2840 3558 2894 ἐλθοῦσα
3588 2840 3667 2893 ἐπὶ
3710 2848 3789 2900 τῆς
3818 2846 3911 2909 γῆς,

2362 2930 2557 2988 Οὗτος
2595 2928 2772 2980 ἔστιν
2824 2930 2849 2979 6
2890 2930 3041 2991 Υἱός
3102 2949 3229 3001 μου
3271 2932 3296 2981 6
3337 2930 3718 3003 ἀγαπητός·
3754 2928 3913 2979 αὐτοῦ

2363 3017 2645 3070 ἀκούετε.
2688 3016 2986 3080 Ἰωάννης
3025 3026 3366 3090 μαρτυρεῖ,
3418 3018 3529 3073 Ἱδε
3579 3020 3911 3091 ὁὰμνὸςτοῡ

607 3117 787 3186 hujus
799 3112 1079 3176 mundi,et
1092 3114 1151 3166 in
1166 3125 1249 3165 me
1260 3126 1379 3165 non
1394 3108 1566 3165 habet
1581 3108 2253 3179 quidquam”.Quinimo

2365 3114 2524 3161 Θεοῦ
2563 3108 2588 3158 6
2627 3110 2820 3180 αἴρων
2860 3111 2971 3165 τὴν
3012 3107 3337 3179 ἁμαρτίαν
3380 3118 3501 3162 τοῦ
3541 3114 3774 3180 κόσμου
3809 3106 3913 3155 ’καὶ

606 3210 670 3261 tu
692 3206 837 3276 ipse,
864 3204 1105 3265 Satana,
1122 3200 1195 3254 de
1218 3215 1312 3253 me
1338 3199 1567 3253 testaris
1580 3198 1784 3252 dicens
1810 3215 1822 3253 :
1847 3198 2003 3253 Novi
2027 3207 2078 3254 te
2098 3198 2257 3269 quod

607 3295 685 3351 sis
710 3294 900 3348 Filius
928 3291 1108 3346 Dei“.
1127 3291 1189 3343 Et
1210 3289 1456 3343 iterum:
1489 3286 1640 3350 Quid
1652 3287 1915 3342 reinobis
1936 3290 2125 3343 tecum
2148 3296 2253 3354 est,

606 3383 637 3438 J
644 3397 744 3438 esu
763 3382 1074 3437 Nazarene
1086 3379 1113 3432 Ῠ
1138 3376 1346 3432 venisti
1366 3377 1483 3431 huc
1499 3376 1580 3430 ad
1592 3377 1987 3432 cruciandum
2002 3394 2106 3433 nos
2120 3383 2257 3435 ante

611 3476 835 3538 tempus
866 3470 933 3533 ¹⁷,
967 3467 1105 3521 Tres
1131 3480 1272 3534 ergo
1309 3464 1454 3518 mihi
1478 3466 1887 3520 testimonium
1919 3467 2255 3537 perhibent,

610 3559 715 3630 qui
737 3559 997 3626 desuper
1048 3570 1079 3609 e
1109 3552 1272 3607 caelis
1320 3568 1526 3606 vocem
1557 3553 1790 3621 emittit,
1822 3562 1877 3607 et
1907 3556 2008 3625 qui
2032 3562 2170 3610 sunt
2198 3557 2259 3611 in

612 3653 787 3711 terra,
819 3650 876 3699 et
905 3649 968 3697 tu
992 3643 1137 3713 ipse.
1174 3641 1418 3695 Redimo
1471 3640 1650 3711 igitur
1671 3657 1889 3713 corpus
1923 3643 2027 3698 tibi
2055 3645 2257 3700 vendi-

615 3742 740 3792 tum
768 3750 804 3789 a
828 3732 1021 3806 primo
1043 3731 1204 3786 Ada:
1252 3729 1517 3785 dissolvo
1550 3736 1650 3785 tua
1674 3730 2075 3803 chirographa
2102 3749 2114 3788 :
2147 3750 2259 3804 ego

614 3824 775 3880 enim
808 3820 1067 3877 satisfeci
1124 3835 1230 3890 pro
1273 3819 1488 3873 debitis
1541 3821 1698 3885 Adae,
1740 3821 1885 3875 dum
1945 3825 2263 3880 cruciﬁxus

619 3930 775 3983 sum,
803 3919 859 3968 et
887 3913 947 3966 in
992 3910 1290 3965 infernum
1345 3908 1647 3963 descendi.
1682 3912 1745 3964 Et
1774 3911 1996 3967 mando
2024 3913 2149 3978 tibi,
2179 3916 2266 3968 in-

616 4002 800 4068 ferne,
836 4000 1093 4055 tenebras
1150 4006 1206 4053 et
1265 4014 1444 4062 mors,
1497 4000 1697 4053 emitte
1727 3999 1993 4056 inclusas
2028 4003 2267 4059 animas

617 4092 783 4148 Adae.
819 4110 847 4142 »
879 4091 1089 4161 Sicque
1122 4089 1365 4143 tandem
1387 4089 1679 4158 improbas
1718 4098 2055 4159 potestates,
2110 4101 2268 4148 metu

620 4180 930 4253 perculsas,
959 4180 1273 4233 restituunt
1299 4176 1596 4231 inclusum
1618 4178 1830 4233 Adam.

2363 3197 2516 3249 πάλιν
2555 3198 2586 3254 ἡ
2632 3201 2831 3269 Γραφὴ,
2889 3195 2995 3258 ’ος
3062 3196 3396 3272 ἁμαρτίαν
3464 3199 3575 3251 οῦκ
3639 3201 3914 3254 ἐποίησεν,

2364 3284 2513 3339 ούδε
2553 3287 2779 3359 εὑρέθη
2824 3284 3017 3349 δολος
3055 3285 3112 3337 έν
3152 3286 3323 3356 αύτῷ
3358 3304 3371 3315 ·
3412 3293 3501 3341 καὶ
3531 3288 3630 3354 ὅτι,
3661 3285 3915 3358 Ἔρχεται

2366 3378 2391 3429 ὀ
2423 3378 2641 3449 οἰρχων
2700 3383 2811 3427 τοῦ
2851 3380 3096 3447 κόσμου
3136 3378 3395 3442 τούτου,
3454 3382 3565 3430 καὶ
3604 3376 3659 3428 ἐν
3696 3374 3817 3447 ἐμοὶ
3848 3371 3917 3423 εύ-

2364 3471 2438 3543 ρή
2458 3485 2553 3518 σει
2593 3462 2803 3520 ούδέν.
2848 3471 2949 3519 Καὶ
2981 3471 3046 3518 σὺ
3093 3462 3153 3518 δε
3178 3466 3355 3533 αὐτὸς,
3414 3474 3655 3532 Σατανᾶς,
3684 3466 3917 3539 μαρτυρεῖς

2368 3576 2461 3629 μοι
2488 3556 2668 3627 λέγων,
2700 3552 2866 3607 Οἶδά
2908 3575 2973 3607 σε
3012 3560 3110 3616 τίς
3149 3554 3222 3621 εἰ,
3250 3557 3276 3607 6
3308 3558 3461 3620 Υἱὸς
3500 3564 3609 3610 τοῦ
3645 3552 3917 3608 Θεοῦ’καὶ

2370 3646 2543 3711 πάλιν,
2570 3650 2641 3697 Τί
2671 3647 2822 3716 ἡμῖν
2859 3649 2967 3696 καὶ
3000 3650 3104 3697 σοὶ
3145 3644 3359 3703 Ἰησοῦ
3392 3647 3753 3720 Ναζαρηνός
3779 3640 3919 3698 ἦλθες

2370 3739 2487 3809 πρὸ
2529 3743 2759 3809 καιροῦ
2818 3732 3185 3805 βασανίσαι
3247 3737 3442 3807 ἡμᾶς,
3489 3743 3631 3807 Τρεῖς
3656 3745 3919 3805 μοιμαρτυ·

2371 3834 2575 3898 ροῦσιν,
2600 3826 2625 3875 6
2652 3824 2820 3875 ἐπάνω
2836 3832 2935 3874 τῶν
2961 3823 3188 3896 ούρανῶν
3217 3828 3387 3895 φωνην
3412 3823 3655 3897 ἀφίησιν,
3678 3824 3723 3874 οὶ
3741 3820 3919 3887 έπὶγῆς,

2375 3920 2462 3966 καὶ
2495 3918 2559 3965 σὺ
2592 3914 2765 3974 αύτος.
2803 3912 3135 3983 Ἐξαγοράζω
3168 3908 3254 3964 οὖν
3290 3918 3345 3965 τὸ
3392 3922 3553 3986 σῶμα
3583 3916 3637 3965 τὸ
3667 3910 3834 3983 «paea
3860 3918 3921 3953 σοι

2378 4000 2470 4055 διὰ
2498 4012 2589 4054 τοῦ
2615 4008 2821 4074 πρώτου
2869 3998 3069 4073 Ἀδὰμ,
3100 4002 3348 4074 παραλύω
3382 4021 3486 4055 σου
3518 4006 3583 4055 τὰ
3614 4004 3914 4074 χειρὸγραφα.

2376 4093 2516 4163 Ἐγὼ
2546 4096 2646 4166 γὰρ
2679 4088 2927 4144 ἀπέδωκα
2950 4094 3017 4143 τὰ
3044 4096 3180 4165 χρία
3209 4098 3300 4143 τοῦ
3332 4088 3513 4164 Ἀδὰμ
3545 4088 3837 4164 σταυρωθεὶς
3856 4080 3921 4130 καί

2381 4182 2636 4235 κατελθὼν
2667 4183 2714 4233 έν
2741 4189 2811 4251 τῷ
2837 4179 2941 4250 ᾇδη
2976 4198 2987 4209 ·
3021 4186 3110 4232 καὶ
3138 4180 3325 4232 κελεύω
3359 4200 3466 4251 σοι,
3496 4177 3600 4253 ᾁδη
3634 4186 3716 4230 και
3757 4177 3918 4228 σκότος,

618 4276 707 4322 καὶ
733 4271 937 4335 θάνατε,
972 4266 1149 4319 ἔκϐαλε
1188 4268 1280 4326 τὰς
1320 4264 1739 4337 ἐγκεκλεισμένας
1778 4272 1961 4341 ψυχὰς
2008 4280 2101 4323 τοῦ
2144 4272 2344 4347 Ἀδὰμ.
2388 4294 2415 4325 ))
2462 4278 2561 4325 Καὶ
2599 4271 2734 4323 οὕτω
2771 4269 2949 4321 λοιπὸν
2990 4271 3044 4321 αἱ
3082 4274 3307 4343 πονηραὶ
3349 4266 3599 4343 δυνάμεις
3646 4261 3920 4342 τρομναὶξίδῑσω

620 4354 946 4411 ἀποδιδοῦσι
969 4359 1055 4408 τὸν
1081 4354 1493 4427 ἐγκεκλεισμένον
1514 4352 1713 4428 Ἀδάμ.

696 4486 810 4558 42
839 4486 920 4541 XI.
944 4486 1156 4538 Verum
1204 4483 1251 4537 si
1284 4482 1561 4547 audieris,
1597 4484 1761 4555 quod
1786 4484 1885 4541 illo
1913 4492 2180 4561 tempore
2203 4492 2265 4547 ti—
2298 4492 2343 4545 D

620 4576 840 4632 berarit
861 4573 1094 4629 animas
1115 4588 1187 4626 ex
1212 4571 1442 4628 inferno
1455 4577 1513 4628 et
1528 4573 1811 4639 tenebris,
1826 4581 1883 4630 et
1907 4578 2069 4649 quod
2098 4580 2271 4635 adin-

621 4666 778 4722 feros
804 4663 1177 4718 descenderit
1204 4664 1508 4725 Dominus.
1534 4668 1587 4716 et
1610 4662 1915 4732 perfecerit
1937 4682 2091 4737 opus
2129 4684 2275 4739 pras-

623 4756 874 4817 clarum,
897 4768 968 4805 ne
997 4750 1171 4819 longe
1193 4751 1271 4806 ab
1294 4753 1495 4805 anima
1528 4756 1629 4806 tua
1652 4751 1780 4806 haec
1800 4756 2038 4823 negotia
2062 4757 2275 4813 abesse

626 4842 945 4899 existimes.
977 4837 1167 4893 Homo
1208 4838 1504 4909 siquidem
1551 4838 1721 4894 facile
1754 4843 1912 4913 capit
1938 4850 1993 4899 et
2030 4847 2277 4916 -uscipit

630 4929 876 4986 malum.
913 4930 1137 4983 Detinet
1158 4928 1314 4981 enim
1348 4943 1506 4981 mors
1530 4930 1794 4984 animam
1827 4931 1993 4999 Adae,
2019 4940 2073 4988 et
2100 4936 2160 4989 in
2188 4941 2279 4990 te-

628 5018 827 5074 nebris
867 5024 1003 5072 sunt
1042 5016 1287 5071 inclusae
1317 5016 1709 5086 cogitationes
1766 5020 2004 5077 animae.
2040 5025 2102 5078 Et
2140 5040 2277 5079 cum

628 5107 891 5164 audieris
908 5106 983 5160 de
997 5106 1422 5169 monumentis,
1444 5121 1514 5159 ne
1528 5104 1601 5159 de
1627 5106 1804 5161 rebus
1832 5109 1944 5163 sub
1967 5117 2276 5182 aspectum

628 5195 979 5253 cadentibus
1002 5195 1245 5249 tandem
1274 5194 1497 5263 cogites
1522 5213 1533 5252 :
1566 5202 2024 5253 monumentum
2048 5203 2206 5257 enim
2225 5208 2281 5258 et

628 5284 969 5358 sepulcrum
1002 5299 1103 5339 cor
1140 5290 1304 5338 tuum
1336 5290 1441 5337 est.
1476 5284 1621 5338 Cum
1665 5286 1826 5341 enim
1858 5289 2135 5363 princeps
2172 5306 2280 5347 ne-

631 5377 854 5451 quitiis,
898 5378 955 5429 et
983 5372 1177 5444 angeli
1217 5372 1345 5444 ejus
1396 5371 1514 5427 illic
1566 5372 1777 5430 nidum
1810 5380 2277 5449 composuerint,

705 5591 727 5626 ’
753 5589 950 5647 Matth.
984 5606 1062 5655 vr,
1092 5592 1182 5643 2t.
1259 5589 1307 5625 ιο
1335 5590 1645 5655 Num.xxr,
1679 5593 1730 5645 8.

654 5679 707 5731 v,
735 5665 787 5717 9.
865 5662 911 5697 ¹⁸
940 5663 1109 5719 Joan.
1141 5676 1261 5727 xw,
1284 5662 1371 5717 30.
1451 5661 1496 5696 ¹⁶
1523 5661 1699 5717 Marc.
1725 5679 1803 5733 ιη,
1838 5667 1919 5716 H.

1811 5592 1854 5627 ¹¹
1878 5591 1898 5645 l
1925 5592 2053 5649 Cor.
2089 5611 2125 5663 1,
2148 5594 2345 5660 23,24.

2450 4487 2551 4543 IA'.
2602 4483 2739 4540 Ἀλλ’
2763 4486 2883 4537 ὅταν
2916 4484 3163 4557 ἀκούσῃς,
3214 4486 3295 4537 ὃτι
3322 4484 3369 4537 ἓν
3399 4494 3472 4557 τῷ
3499 4490 3658 4556 καιρῷ
3687 4479 3834 4544 ἐκείνῳ
3859 4465 3922 4543 ἒῤ⁶

2378 4580 2578 4654 ῥύσατο
2607 4579 2700 4637 τὰς
2733 4574 2917 4646 ψυχὰς
2945 4573 2999 4625 ἐκ
3027 4582 3117 4626 τοῦ
3166 4570 3324 4644 ᾅδου,
3355 4579 3444 4626 καὶ
3492 4581 3580 4626 τοῦ
3612 4576 3826 4629 σκότους,
3851 4560 3919 4609 καί

2382 4670 2462 4721 ὅτι
2510 4664 2762 4725 κατῆλθεν
2811 4664 2880 4725 εἰς
2928 4667 3017 4715 τὸν
3073 4659 3210 4733 ᾅδην
3267 4666 3292 4714 ὀ
3348 4666 3557 4737 Κύριος,
3606 4664 3689 4711 καὶ
3728 4654 3919 4737 εποίηστξ

2384 4753 2588 4818 ἔνδοξον
2642 4757 2810 4829 ἔργον,
2861 4756 2931 4825 μὴ
2980 4754 3185 4826 μακρὰν
3240 4750 3339 4804 ἀπὸ
3392 4761 3487 4815 τῆς
3533 4750 3709 4822 ψυχῆς
3752 4760 3832 4794 σου
3875 4732 3921 4833 ῖά

2383 4852 2673 4918 πράγματα
2728 4849 2895 4893 ταῦτα
2950 4838 3078 4893 εἶναι
3135 4846 3376 4914 νομίσῃς.
3435 4840 3496 4893 Ὀ
3553 4841 3647 4911 γὰρ
3700 4832 3921 4903 ἄνθρωπος

2387 4937 2497 4987 ἑστι
2547 4935 2851 5007 χωρητικός
2901 4934 2994 4982 καὶ
3037 4926 3272 4991 δεκτικὸς
3317 4938 3405 4983 τοῦ
3436 4933 3657 5001 πονηροῦ
3690 4941 3700 4953 ·
3748 4917 3919 4982 κατέχει

2386 5025 2487 5095 ’γὰρ
2538 5024 2562 5073 ὁ
2597 5023 2813 5082 θάνατος
2863 5022 2951 5079 τὰς
3004 5018 3193 5090 ψυχὰς
3222 5027 3313 5071 τοῦ
3348 5016 3539 5091 Ἀδὰμ,
3572 5020 3656 5067 καὶ
3709 5009 3828 5063 ἐντὸς
3852 5015 3920 5097 7°,”

2391 5116 2611 5172 σκότους
2662 5110 2792 5162 εἰσὶν
2842 5112 2891 5160 οἱ
2946 5109 3193 5181 λογισμοὶ
3243 5117 3339 5171 τῆς
3390 5108 3573 5180 ψυχῆς
3622 5096 3921 5173 ἐγκεκλεισμ-

2388 5221 2486 5258 νοι.
2522 5205 2622 5253 Καὶ
2666 5201 2786 5251 ὃταν
2836 5200 3062 5272 ἀκούσης
3114 5203 3231 5273 περὶ
3283 5203 3559 5271 μνημείων,
3616 5196 3683 5264 μὴ
3732 5186 3788 5238 τά
3836 5193 3924 5277 im:

3139 5296 3386 5361 μνημεῖον
3438 5291 3537 5360 γὰρ
3595 5285 3677 5333 καὶ
3725 5275 3856 5361 τάφος
3897 5275 3918 5317 ⁸

2389 5359 2590 5455 καρδία
2644 5359 2737 5431 σου
2778 5359 2939 5431 έστίν.
2986 5359 3148 5430 Ὀταν
3183 5359 3285 5453 γάρ
3335 5379 3360 5429 6
3404 5359 3581 5451 ἄρχων
3626 5377 3712 5429 τῆς
3753 5359 3919 5417 satiati

2388 5296 2573 5363 νόμενα
2628 5288 2815 5362 λογίση
2874 5293 3026 5360 μόνον
3070 5304 3081 5318 ’

2426 5596 2473 5631 ¹²
2501 5596 2698 5655 Matth.
2730 5615 2807 5664 In,
2844 5599 2946 5667 t6;
2980 5614 3115 5666 xvu,
3155 5602 3205 5655 5.
3285 5598 3331 5634 ¹³
3364 5598 3535 5655 108.11.
3556 5607 3592 5659 ι,
3624 5586 3703 5642 29·
3771 5572 3911 5630 ¹⁶¹⁸⁸⁶

2000 5665 2046 5701 ¹⁷
2078 5665 2279 5723 Matth.
2309 5682 2427 5735 vm,
2460 5671 2549 5725 20.

4050 5824 4055 5909 i
