4148 6262
264 309 375 366 553
1526 311 1864 370 HOMILDE.
1900 344 1970 355 —
2007 313 2184 371 HOM.
2223 314 2326 373 XI.
3536 320 3644 375 554

258 436 349 487 καὶ
385 436 434 487 οἱ
469 433 682 505 ἄγγελοι
739 433 901 487 αὐτοῦ
958 434 1060 487 ἕκιί
1117 435 1471 507 ἐμφωλεύωσι,
1504 442 1594 490 καὶ
1626 439 1747 491 ὅταν
1776 440 1872 500 τὰς

2004 440 2223 515 llicque
2256 442 2380 499 vias
2412 447 2468 499 et
2488 444 2696 502 itinera
2720 446 3105 512 confecerint,
3127 445 3640 519 quibusinambu-

259 522 477 598 τρίϐους
512 528 602 575 καὶ
654 525 746 585 τὰς
801 520 1020 585 διόδους
1068 524 1172 577 ἐκεῖ
1222 534 1492 593 ποιῶνται,
1546 526 1674 579 ὃπου
1720 530 1871 600 ἐμπε-

2003 536 2102 586 ent
2132 536 2454 600 potestates
2487 534 2721 591 Satanae
2750 535 2803 589 in
2833 538 3028 591 mente
3062 533 3639 604 tua,etcogitationi-

260 620 576 686 ριπατοῦσιν
607 614 662 664 αἱ
700 609 948 684 δυνάμεις
999 620 1091 665 τοῦ
1140 621 1342 666 Σατανᾶ
1386 615 1456 676 εἰς
1487 618 1570 667 τόν
1601 624 1716 669 νοῦν
1752 637 1867 682 σου,

2003 635 2094 674 >us
2128 620 2264 685 tuis,
2302 636 2500 676 nonne
2532 623 2821 689 infernus,
2850 628 2905 679 et
2941 623 3306 694 sepulcrum,
3341 629 3395 677 et
3428 637 3638 677 monu-

261 707 352 755 καὶ
404 701 478 764 εἰς
527 705 647 763 τούς
687 701 966 773 λογισμούς
1013 722 1129 768 σου,
1192 703 1319 774 ούχὶ
1350 702 1505 773 ᾅδης,
1550 711 1637 758 καὶ
1689 708 1868 777 τάφος,

2003 714 2272 773 nentum,
2308 715 2646 767 etmortuus
2677 713 2792 767 Deo
2812 728 2873 767 es
2899 711 2927 766 εἰ
2953 711 3071 767 Illic
3087 712 3245 767 enim
3271 714 3522 767 Satanas
3542 726 3639 766 ar-

260 796 352 843 καὶ
414 798 684 863 μνημεῖον,
743 796 832 844 καὶ
874 795 1051 865 νεκρός
1108 789 1156 844 εἶ
1220 800 1290 863 τῷ
1350 802 1501 865 Θεῷ;
1554 794 1657 847 ἐκεῖ
1697 797 1798 869 γὰρ
1844 797 1869 847 6

2003 801 2227 865 rentum
2256 799 2581 869 reprobum
2613 801 2945 871 impressit:
2978 801 3035 855 in
3073 802 3275 857 anima
3293 801 3442 856 haec
3465 799 3639 854 semi-

262 886 497 942 Σατανᾶς
554 878 804 953 ἆργύριον
850 876 1104 952 ἀδόκιμον
1154 879 1426 953 ἐχάραξεν.
1490 884 1572 934 Ἐν
1602 891 1663 954 τῇ
1712 883 1867 955 ψυχῇ

2003 886 2390 942 ιεινὶιεθτηὶῑιδ
2406 904 2634 951 amara,
2648 895 2703 944 et
2722 889 3402 945 fermentavitfermento
3419 887 3633 953 veteri;

264 972 429 1041 ταύτῃ
490 971 694 1041 ἔσπειρε
783 973 1058 1042 σπέρματα
1120 975 1376 1043 πικρίας·
1437 971 1674 1043 ἑζύμωσε
1730 972 1869 1045 ζύμῃ

2003 975 2227 1029 scaturit
2269 974 2381 1029 illic
2410 976 2541 1030 fons
2587 978 2713 1031 luti.
2750 978 3225 1047 Descenditergo
3254 976 3541 1033 Dominus
3573 976 3630 1030 in

260 1058 499 1128 παλαιᾷ’
537 1056 683 1132 βρύει
747 1056 849 1110 ἐκεῖ
904 1063 1048 1129 πηγὴ
1111 1057 1395 1133 βορϐόρου.
1446 1059 1700 1133 Ἔρχεται
1729 1057 1816 1112 οὖν
1846 1063 1871 1113 ὁ

2003 1061 2220 1115 ιηὶιηειε
2251 1077 2387 1117 eum
2420 1064 2800 1135 inquirentes,
2834 1066 2892 1120 in
2926 1065 3396 1136 profunditatem
3425 1062 3635 1118 inferni

262 1151 454 1221 Κύριος
511 1147 584 1208 εἰς
628 1149 720 1208 τὰς
751 1145 1108 1209 ἐπιξητούσας
1154 1148 1310 1200 αὐτόν
1357 1148 1561 1221 ψυχὰς,
1591 1149 1657 1209 εἰς
1683 1153 1740 1201 τό
1769 1148 1869 1221 βά-

2003 1149 2201 1214 :ordis,
2232 1151 2467 1223 illicque
2511 1154 2761 1209 mandat
2799 1153 3481 1219 morti,dicens:Emitte
3505 1150 3635 1208 ani-

264 1237 353 1295 θος
402 1243 492 1287 τοῦ
545 1232 679 1305 ᾁδου
730 1243 822 1297 τῆς
854 1234 1098 1309 καρδίας,
1135 1236 1284 1289 κάκεῖ
1313 1240 1635 1311 προστάσσει
1666 1245 1739 1308 τῷ
1780 1240 1871 1290 θα-

2003 1254 2107 1294 nas
2120 1240 2382 1295 inclusas
2398 1257 2487 1297 me
2498 1248 2850 1313 quaerentes,
2866 1258 3015 1313 quas
3033 1243 3089 1297 vi
3101 1242 3345 1297 detines.
3362 1242 3633 1295 Perrum-

261 1326 399 1395 νάτῳ
484 1323 664 1394 λέγων,
779 1323 1049 1377 Ἔκϐαλε
1128 1327 1244 1386 τὰς
1331 1326 1874 1397 ὲγκεκλεισμένας

2003 1327 2068 1381 )it
2106 1328 2283 1395 igitur
2311 1344 2523 1395 graves
2565 1331 2793 1401 lapides
2830 1331 3141 1401 impositos
3172 1331 3409 1395 animae,
3446 1328 3637 1399 aperit

259 1414 502 1485 ψυχὰς,
579 1415 692 1474 τὰς
766 1412 853 1486 ἔμε
922 1412 1387 1478 ἓπιζητούσας,
1443 1415 1515 1477 οἷς
1566 1418 1875 1487 κατέχεις

2003 1424 2396 1485 nonumenta,
2430 1419 2746 1475 resuscitat
2774 1435 2911 1474 vere
2942 1425 3241 1474 mortuum
3274 1422 3329 1473 et
3378 1417 3575 1472 educit
3603 1433 3635 1473 e

261 1501 520 1574 βιαίως.
553 1501 873 1576 Διαρῥήσσει
913 1500 1001 1555 οὖν
1051 1507 1174 1564 τοὺς
1204 1502 1387 1579 βαρεῖς
1411 1504 1579 1565 λίθους
1610 1503 1863 1575 ἐπικειμέ-

2003 1519 2222 1560 :arcere
2244 1506 2561 1562 tenebroso
2583 1508 2853 1563 animam
2876 1507 3191 1563 inclusam.

254 1611 379 1652 νους
407 1598 468 1662 τῇ
493 1591 672 1662 ψυχῇ,
713 1591 904 1663 ἀνοίγει
958 1594 1023 1644 τὰ
1067 1600 1315 1664 μνημεῖα,
1379 1592 1569 1665 ἀνιστᾴ
1619 1596 1705 1645 τόν
1760 1593 2000 1652 ἀληθινόν
2056 1596 2251 1665 νεκρόν,
2309 1594 2541 1648 ἐκϐάλλει
2640 1595 2693 1648 ἐκ
2762 1605 2855 1658 τῆς
2914 1602 3181 1657 σκοτεινῆς
3234 1594 3467 1667 φυλακῆς
3536 1598 3630 1652 τὴν

264 1680 691 1752 ἐγκεκλεισμένην
716 1680 928 1752 ψυχήν.

334 1822 439 1877 ῙΒ’.
471 1820 566 1875 ’ον
614 1827 802 1896 τρόπον
849 1822 930 1874 ἐὰν
1043 1825 1313 1894 ἄνθρωπος
1366 1820 1640 1897 δεδεμένος
1684 1830 1868 1899 χεῖρας
1902 1823 1946 1877 Β

263 1917 354 1964 καὶ
380 1908 552 1973 πόδας
596 1911 836 1975 ἁλύσέσι,
872 1917 960 1964 καὶ
1004 1912 1122 1985 ἔλθη
1170 1932 1249 1974 τις
1291 1914 1316 1964 6
1347 1910 1571 1966 διαλύων
1623 1914 1782 1966 αὐτοῦ
1808 1916 1874 1965 τὰ

264 1997 461 2070 δεσμὰ,
522 2005 613 2052 καὶ
667 1998 767 2072 ἀφῇ
813 2000 967 2052 αὐτὸν
1012 2001 1271 2074 ἐλεύθερον
1316 2009 1616 2076 περιπατεῖν
1661 2003 1708 2055 ἐν
1762 2001 1875 2054 ἀνε-

264 2108 482 2146 κτοτητι
515 2110 527 2122 ·
562 2088 698 2141 οὕτω
738 2094 830 2147 τὴν
865 2086 1145 2161 δεδεμένην
1175 2090 1361 2161 ψυχὴν
1391 2098 1507 2153 ταῖς
1537 2091 1750 2144 ἁλύσεσι
1782 2098 1875 2143 τοῦ

268 2181 491 2232 θανάτου
552 2178 662 2231 λύει
711 2180 735 2230 6
787 2181 979 2251 Κύριος
1037 2179 1138 2231 ἀπὸ
1194 2176 1420 2250 δεσμῶν,
1489 2186 1576 2233 καὶ
1659 2180 1874 2253 ἀφίησιν

268 2268 449 2331 αὐτὴν,
505 2271 596 2319 καὶ
655 2266 908 2341 ἐλευθεροῖ
960 2271 1047 2319 τὸν
1102 2276 1219 2320 νοῦν
1271 2277 1362 2321 τοῦ
1406 2268 1613 2329 ἁκόπως
1665 2268 1712 2321 ἓν
1757 2269 1875 2321 ἀνα-

268 2359 465 2409 παύσει
530 2363 828 2429 περιπατεῖν
886 2356 953 2416 εἰς
1002 2360 1090 2408 τὸν
1141 2359 1307 2410 θεῑκόν
1357 2356 1500 2432 ἀέρα.
1546 2356 1746 2432 Ὠσπερ
1792 2357 1876 2410 ἐὰν

268 2446 609 2519 ᾖᾶνθρωπος
691 2444 739 2496 ἐν
804 2445 1079 2517 πλησμονῇ
1168 2455 1405 2519 ποταμοῦ
1458 2450 1505 2499 ἓν
1566 2451 1730 2520 μέσῳ,
1788 2453 1877 2500 καὶ

264 2532 680 2595 καταϐυθισθεὶς
722 2536 770 2584 ἓν
819 2542 891 2604 τῷ
941 2530 1101 2585 ὒδατι
1158 2541 1324 2586 κεῖται
1369 2539 1566 2609 νεκρός,
1600 2539 1879 2607 πεπνιγμέ-

266 2642 349 2684 νος
391 2622 647 2694 ἁναμέσον
703 2618 884 2674 δεινῶν
954 2625 1183 2695 θηρίωνο
1253 2629 1341 2676 καὶ
1394 2625 1437 2676 εἰ
1478 2624 1683 2683 θελήσει
1734 2623 1879 2685 ἄλλος

272 2712 536 2783 ἄνθρωπος
585 2709 791 2785 ἄπειρος
824 2718 914 2763 τοῦ
959 2711 1242 2783 κολυμϐᾷν,
1286 2708 1555 2766 διασῶσαι
1607 2716 1694 2765 τὸν
1729 2715 1879 2785 ἔμπε-

274 2819 452 2867 σοντα,
512 2805 601 2851 καὶ
652 2799 806 2860 αὐτὸς
853 2799 1239 2852 συναπόλλυται
1292 2806 1381 2854 καὶ
1433 2807 1687 2873 πνίγεται.
1754 2808 1879 2855 Λοι-

272 2891 367 2940 πὸν
408 2883 495 2939 οὖν
566 2884 669 2941 ὦδε
737 2887 979 2962 ἐμπείρου
1051 2888 1401 2960 κολυμϐητοῦ,
1473 2895 1561 2943 καὶ
1634 2894 1878 2961 τεχνίτου

274 2980 453 3049 χρεία,
520 2976 603 3027 ἶνα
658 2977 897 3031 εἰσελθὼν
954 2978 1025 3039 εἰς
1076 2981 1134 3029 τό
1189 2977 1354 3050 βάθος
1406 2987 1497 3031 τοῦ
1546 2978 1740 3031 κόλπου
1789 2987 1881 3031 τοῦ

279 3060 476 3124 ὓδατος
518 3066 621 3116 ἱκεί
654 3063 931 3138 καταδύσῃ
979 3071 1068 3118 καὶ
1128 3066 1366 3141 ἀνενέγκῃ
1424 3071 1510 3119 τόν
1563 3088 1882 3120 καταπεπον-

286 3155 517 3222 τισμένον
572 3159 659 3206 καὶ
706 3159 826 3207 ὄντα
876 3155 1130 3229 ἀναμέσον
1191 3165 1290 3207 τῶν
1349 3158 1540 3229 θηρίων
1572 3174 1583 3187 ⁸

2059 1825 2166 1880 XII.
2209 1826 2733 1891 Quemadmodum
2757 1827 2804 1882 si
2833 1827 3016 1883 homo
3046 1827 3119 1883 sit
3138 1826 3370 1881 vinctus
3401 1822 3631 1880 catenis

1990 1914 2271 1969 manibus
2300 1916 2693 1987 pedibusque,
2724 1921 2779 1972 et
2800 1917 2993 1972 veniat
3020 1915 3235 1987 aliquis
3257 1913 3359 1986 qui
3392 1911 3633 1967 vincula

1985 2002 2175 2073 ipsius
2206 2004 2410 2068 solvat,
2445 2009 2499 2059 et
2527 2005 2784 2061 dimittat
2814 2021 2972 2068 eum,
3011 2008 3072 2059 ut
3100 2003 3249 2059 liber
3280 1999 3548 2058 ambulet
3572 2001 3634 2055 in

1985 2092 2304 2163 propatulo
2348 2109 2360 2147 :
2405 2094 2487 2147 sic
2524 2094 2793 2149 animam
2843 2093 3066 2149 catenis
3116 2091 3326 2147 mortis
3375 2089 3634 2145 vinctam

1989 2180 2163 2237 solvit
2192 2182 2482 2237 Dominus
2530 2199 2565 2238 a
2609 2182 2878 2247 vinculis,
2911 2186 2966 2237 et
3005 2180 3245 2236 dimittit
3276 2179 3443 2236 illam
3475 2193 3545 2235 ac
3573 2176 3637 2232 li-

1986 2270 2155 2325 berat
2185 2278 2469 2338 mentem,
2505 2277 2566 2326 ut
2596 2271 2824 2342 absque
2854 2270 3124 2326 molestia
3164 2273 3221 2324 et
3264 2284 3402 2323 cum
3442 2266 3639 2338 quiete

1988 2359 2255 2415 ambulet
2294 2359 2352 2415 in
2415 2376 2613 2415 aerem
2655 2360 2947 2415 divinum.
2990 2357 3235 2414 Perinde
3287 2372 3357 2411 ac
3397 2355 3446 2409 si
3508 2354 3639 2427 quis

1990 2447 2171 2503 homo
2202 2448 2261 2503 in
2290 2449 2464 2520 pleno
2492 2465 2560 2503 ac
2603 2449 2802 2504 medio
2832 2447 3079 2503 ﬂumine
3111 2446 3425 2500 demersus
3458 2458 3637 2514 aqua,

1985 2537 2183 2608 jaceat
2212 2544 2503 2603 mortuus,
2538 2536 2941 2593 suﬁ'ocatusin
2974 2536 3169 2591 medio
3199 2532 3637 2590 horrendorum

1991 2632 2045 2681 et
2076 2626 2408 2681 crudelium
2438 2626 2793 2682 animalium
2824 2642 2839 2680 :
2868 2630 2923 2681 et
2954 2625 3003 2680 si
3024 2625 3158 2697 quis
3199 2622 3352 2679 alius
3392 2618 3640 2676 natandi

1990 2714 2234 2784 ignarus
2284 2715 2605 2770 velithunc
2633 2714 2690 2769 in
2735 2731 2959 2787 aquam
3010 2713 3344 2784 collapsum
3378 2723 3638 2773 servare,

1991 2804 2115 2875 ipse
2142 2803 2318 2859 simul
2348 2808 2547 2874 pereat
2568 2809 2623 2858 et
2656 2803 2979 2859 suﬂ‘ocetur
3011 2819 3025 2871 ;
3059 2807 3212 2857 certe
3245 2816 3395 2871 Opus
3420 2798 3513 2854 hic
3544 2812 3644 2868 pe-

1990 2892 2099 2947 rito
2128 2891 2372 2947 natandi
2404 2892 2628 2948 artiﬁce
2653 2896 2760 2957 est,
2789 2896 2849 2946 ut
2880 2892 3153 2960 ingresus
3176 2890 3234 2943 in
3268 2886 3639 2959 profundum

1992 2996 2163 3052 aquas
2195 2981 2414 3045 sinum,
2450 2980 2564 3035 illic
2596 2996 2786 3052 aquas
2810 2980 3056 3034 subeat:
3078 2977 3515 3033 etreferateum
3538 2972 3639 3046 qui

1990 3068 2299 3124 demersus
2328 3070 2387 3123 in
2417 3069 2615 3125 medio
2647 3069 2985 3124 belluarum
3013 3070 3137 3122 erat
3167 3088 3178 3118 :
3210 3064 3262 3120 ei
3293 3065 3427 3135 ipsa
3457 3077 3641 3132 aqua,

1636 3162 1725 3209 καὶ
1755 3157 1880 3210 αύτό
1921 3168 1961 3224 c
1993 3158 2038 3212 si
2070 3158 2316 3229 quando
2331 3158 2584 3229 peritum
2615 3158 2754 3213 artis
2771 3154 3314 3213 natandiartiﬁcem
3330 3156 3506 3207 nacta
3521 3150 3641 3205 fue-

283 3237 343 3293 δε
386 3243 443 3291 16
498 3238 641 3315 ὓδωρ
695 3245 814 3295 ὅταν
862 3241 954 3318 ’ίδη
1015 3248 1253 3321 ἔμπειρον
1309 3251 1399 3298 καὶ
1456 3242 1637 3299 εἰδότα
1691 3246 1879 3311 πλέειν,

2003 3249 2083 3311 rit,
2108 3246 2306 3317 ipsum
2341 3245 2609 3317 adjuvat.
2644 3250 2700 3301 et
2740 3244 2883 3301 tollit
2922 3244 2980 3299 in
3024 3241 3401 3314 superﬁciem
3442 3254 3638 3310 aquas,

285 3327 472 3402 βοηθεῖ
514 3332 698 3400 τούτῳ,
762 3338 851 3384 καὶ
904 3332 1139 3407 ἀναφέρει
1209 3334 1363 3387 αὐτόν
1412 3337 1498 3387 ἒπὶ
1548 3336 1611 3386 τὰ
1656 3333 1885 3409 ἀνώτερα

2003 3334 2210 3391 Eodem
2264 3334 2444 3390 modo
2487 3335 2690 3391 anima
2720 3335 2781 3389 in
2831 3333 3129 3404 abyssum
3174 3329 3554 3385 tenebrarum
3587 3332 3645 3382 et

282 3422 438 3490 μέρη.
484 3416 662 3479 Ούτως
701 3420 729 3476 ἡ
763 3419 916 3491 ψυχὴ
966 3422 1031 3481 εἰς
1060 3422 1294 3475 ἄϐυσσον
1337 3428 1576 3488 σκότους,
1609 3427 1697 3475 καὶ
1729 3423 1795 3484 εἰς
1826 3427 1883 3476 τό

2003 3424 2453 3496 profunditatem
2488 3424 2693 3479 mortis
2732 3423 3028 3487 demersa,
3059 3418 3372 3481 suﬂ'ocata,
3402 3424 3457 3472 et
3489 3432 3644 3471 mor-

282 3504 450 3579 βάθος
501 3514 590 3558 τοῦ
645 3509 865 3560 θανάτου
922 3513 1398 3564 καταποντισθεῖσα
1452 3515 1749 3579 πέπνικται,
1796 3517 1884 3564 καὶ

2003 3521 2094 3568 tua
2125 3519 2215 3568 est
2244 3530 2280 3569 a
2310 3511 3013 3568 Deoinmedioferocium
3029 3506 3405 3565 animalium.
3429 3504 3641 3577 thuis

278 3596 437 3667 νεκρά
488 3594 633 3647 ἐστιν
686 3594 788 3648 ἀπὸ
830 3605 923 3649 τοῦ
963 3606 1095 3651 Θεοῦ
1137 3599 1390 3671 ἁναμίσον
1447 3603 1639 3675 θηρίων
1671 3597 1875 3657 δεινῶν.

2003 3607 2187 3675 potest
2206 3602 2266 3657 in
2291 3601 2733 3673 penetraliailla
2759 3605 2815 3656 et
2838 3598 3140 3672 profunda
3170 3594 3381 3653 inferni
3408 3598 3467 3650 et
3490 3608 3646 3650 mor-

282 3690 384 3737 Καὶ
437 3690 513 3745 τίς
571 3682 791 3739 δύναται
830 3688 899 3748 εἰς
937 3691 1004 3741 τὰ
1050 3697 1260 3761 ταμιεῖα
1290 3693 1456 3743 ἐκεῖνα
1503 3696 1591 3743 καὶ
1640 3693 1704 3743 τὰ
1746 3690 1883 3765 βάθη

2003 3692 2069 3746 tis
2092 3690 2472 3756 descendere,
2501 3689 2612 3746 nisi
2640 3690 2788 3760 ipsie
2827 3686 3049 3759 opifex,
3080 3686 3183 3758 qui
3211 3682 3482 3742 condidit
3519 3697 3645 3738 cor-

280 3782 373 3826 τοῦ
404 3771 536 3844 ᾅδου
576 3781 667 3828 καὶ
696 3784 788 3829 τοῦ
838 3780 1083 3845 θανάτου,
1130 3780 1411 3844 κατελθεῖν,
1458 3782 1501 3831 εἱ
1560 3784 1631 3850 μὴ
1684 3780 1885 3840 αύτόςὸ

2003 3794 2104 3850 pus
2135 3777 2163 3832 7
2198 3774 3401 3849 Ipsepenetratduaspartes,profundum
3417 3771 3646 3828 scilicet

277 3868 525 3934 τεχνίτης
554 3866 579 3916 ό
610 3867 963 3937 ἐργασάμενος
1000 3870 1057 3919 τὸ
1101 3876 1252 3939 σῶμα
1288 3887 1305 3939 ;
1357 3869 1519 3929 Αὐτός
1571 3871 1786 3941 ἔρχεται
1815 3869 1889 3931 εἰς

2003 3866 2229 3931 inferni,
2263 3872 2319 3921 et
2350 3866 2716 3937 profundum
2744 3866 2943 3919 sinum
2963 3862 3184 3926 cordis,
3214 3862 3317 3917 ubi
3348 3860 3645 3917 detinetur

282 3954 350 4003 τὰ
390 3948 488 4004 δύο
544 3958 698 4027 μέρη,
755 3955 827 4016 εἰς
866 3958 923 4007 τό
968 3953 1132 4027 βάθος
1182 3964 1273 4008 τοῦ
1314 3953 1469 4026 ᾅδου,
1501 3962 1590 4009 καὶ
1629 3957 1783 4009 πάλιν
1821 3958 1888 4019 εἰς

2003 3955 2203 4011 anima
2230 3970 2266 4011 a
2300 3962 2486 4010 morte
2507 3971 2645 4010 cum
2677 3953 2961 4010 omnibus
3000 3952 3125 4006 suis
3154 3948 3639 4019 cogitationibus,

284 4044 373 4092 τόν
437 4038 602 4114 βαθύν
652 4042 839 4095 κόλπον
890 4052 985 4104 τῆς
1033 4040 1271 4117 καρδίας,
1327 4046 1455 4097 ὅπου
1515 4049 1799 4117 κατέχεται
1854 4048 1884 4104 ἠ

2003 4051 2178 4115 atque
2219 4044 2413 4099 educit
2442 4060 2515 4099 ex
2546 4045 2864 4099 tenebrosa
2901 4039 3301 4113 profunditate
3343 4040 3644 4093 mortuum

284 4130 440 4201 ψυχὴ
504 4132 606 4182 ὑπὸ
654 4139 746 4183 τοῦ
815 4133 1037 4185 θανάτου
1080 4136 1173 4184 σὺν
1213 4140 1318 4193 τοῖς
1356 4133 1630 4204 λογισμοῖς
1689 4134 1886 4201 αὐτοῖς,

2003 4134 2210 4189 Adam.
2242 4134 2377 4203 Ipsa
2389 4148 2631 4204 quoque
2646 4147 2804 4187 mors
2818 4128 3253 4185 exercitationis
3272 4126 3463 4195 gratia
3478 4122 3572 4194 adj
3583 4139 3647 4179 u-

283 4224 376 4271 καὶ
415 4217 652 4293 ἀναφερει
703 4219 758 4272 ix
824 4227 915 4272 τοῦ
975 4228 1237 4273 σκοτεινοῦ
1284 4220 1453 4293 βυθοῦ
1505 4224 1590 4273 τόν
1649 4241 1891 4294 νενεκρω-

2003 4226 2202 4276 mento
2232 4226 2317 4276 est
2346 4220 2456 4291 ipsi
2487 4219 2736 4286 homini,
2766 4217 2942 4275 veluti
2970 4232 3130 4289 aqua
3147 4214 3398 4272 natanti.

286 4312 435 4381 μένον
499 4305 695 4381 Ἀδάμ.
771 4311 875 4365 Καὶ
928 4310 1083 4372 αὐτὸς
1148 4307 1207 4364 δε
1268 4312 1294 4363 ό
1360 4312 1592 4375 θάνατος,
1650 4307 1743 4363 διὰ
1798 4321 1890 4373 τῆς

284 4402 587 4470 γυμνασίας
607 4398 679 4460 εἰς
706 4396 951 4472 βοήθειαν
974 4404 1174 4471 γίνεται
1205 4399 1365 4453 αὐτοῦ
1386 4407 1478 4452 τοῦ
1511 4399 1805 4474 ἀνθρώπου,
1836 4402 2008 4475 ὥσπερ
2040 4402 2096 4454 τὸ
2136 4395 2280 4473 ὕδωρ
2308 4406 2379 4470 τῷ
2408 4396 2752 4471 κολυμϐῶντι.

364 4619 461 4675 ΙΓ’.
524 4626 587 4675 Τί
632 4624 732 4694 γὰρ
786 4619 1050 4697 δυσχερές
1091 4625 1204 4676 ἑστι
1250 4631 1322 4694 τῷ
1368 4627 1474 4694 Θεῷ
1515 4622 1757 4675 εἰσελθεῖν
1816 4622 1885 4685 εἰς

2080 4621 2213 4677 XII].
2247 4620 2399 4687 Quid
2430 4618 2589 4675 enim
2622 4623 2709 4674 est
2737 4614 2975 4673 difﬁcile
3006 4618 3125 4671 Deo
3156 4617 3466 4686 penetrare
3491 4624 3655 4666 mor-

293 4712 383 4761 τόν
432 4711 666 4775 θάνατον,
714 4716 801 4763 καὶ
840 4712 993 4764 πάλιν
1056 4712 1121 4772 εἰς
1178 4716 1265 4764 τόν
1328 4710 1496 4785 βαθύν
1560 4711 1745 4763 κόλπον
1804 4720 1891 4771 τῆς

2005 4716 2121 4767 tem
2154 4716 2209 4765 et
2236 4708 2603 4782 profundum
2630 4708 2827 4763 sinum
2859 4705 3079 4773 cordis,
3113 4719 3182 4760 ac
3214 4702 3354 4757 inde
3380 4713 3657 4756 revocare

290 4794 533 4871 καρδίας,
589 4802 821 4852 κάκεῖθεν
889 4799 1314 4855 ἀνακαλέσασθαι
1379 4804 1465 4852 τόν
1530 4804 1895 4874 νενεκρωμένον

287 4885 466 4958 Ἀδάμ
500 4904 513 4951 ;
558 4887 605 4938 ἐν
652 4890 754 4958 γὰρ
796 4896 867 4957 τῷ
900 4894 1185 4961 φαινομένῳ
1224 4890 1375 4941 αἰῶνί
1426 4890 1557 4941 εἰσιν
1616 4889 1777 4941 οἰκίαι
1809 4893 1898 4941 καὶ

291 4972 602 5044 οἰκοδομαὶ,
662 4976 789 5025 ὅπου
834 4976 863 5033 ἡ
907 4975 1243 5051 ἀνθρωπότης
1302 4986 1564 5031 κατοικεῖ·
1620 4983 1721 5031 Καί
1769 4978 1898 5030 εἰσιν

295 5068 428 5119 ὅπου
484 5064 661 5134 θηρία,
712 5062 923 5127 λέοντες,
986 5065 1014 5122 ἦ
1058 5064 1355 5139 δράκοντες,
1397 5072 1483 5119 καὶ
1538 5067 1667 5119 ἄλλα
1727 5066 1903 5119 ἰοϐόλα

299 5156 481 5225 θηρία.
518 5150 578 5203 Εἰ
607 5155 779 5203 τοίνυν
810 5152 836 5203 ό
881 5151 1020 5212 ἣλιος
1069 5158 1269 5225 κτίσμα
1313 5155 1400 5221 ὢν,
1443 5156 1740 5228 εἰσέρχεται
1773 5176 1905 5207 παν-

295 5243 543 5314 ταχόθεν,
601 5236 694 5293 διὰ
746 5248 846 5293 τῶν
908 5238 1159 5315 θυρίδων,
1221 5244 1337 5301 ἢτοι
1381 5246 1565 5317 θυρῶν,
1603 5250 1693 5296 καὶ
1728 5243 1798 5306 εἰς
1840 5247 1906 5295 τὰ

301 5329 539 5388 σπήλαια
588 5337 686 5381 τῶν
716 5328 951 5396 λεόντων,
1018 5334 1108 5382 καὶ
1174 5330 1245 5390 εἰς
1307 5333 1399 5393 τὰς
1448 5330 1577 5391 ὀπὰς
1623 5339 1721 5384 τῶν
1762 5332 1903 5405 ίρπε·

301 5428 422 5483 τῶν,
467 5422 558 5470 καὶ
616 5417 908 5492 ἐξέρχεται,
1004 5423 1093 5471 καὶ
1162 5414 1313 5471 οὐδὲν
1376 5416 1697 5493 βλάπτεταιο
1760 5425 1909 5491 πόσῳ

300 5507 493 5581 μᾶλλον
539 5508 565 5558 6
604 5512 722 5567 Θεὸς
776 5512 866 5559 καὶ
911 5512 1178 5571 Δεσπότης
1225 5510 1427 5560 πάντων
1482 5508 1781 5583 εἰσέρχεται
1838 5507 1912 5569 εἰς

301 5600 427 5657 τοὺς
491 5596 735 5667 φωλεούς,
784 5602 874 5650 καὶ
912 5598 982 5660 εἰς
1049 5601 1169 5660 τοὺς
1227 5600 1419 5665 οἴκους,
1473 5599 1602 5650 ὅπου
1660 5602 1915 5655 κατεσκή-

335 5704 466 5739 ωσεν
500 5686 525 5736 ό
560 5686 791 5754 θάνατος,
854 5691 943 5739 καὶ
996 5688 1063 5749 εἰς
1112 5690 1205 5751 τὰς
1261 5686 1466 5761 ψυχὰς,
1526 5685 1757 5739 κάκεῖθεν
1796 5686 1915 5763 ῥυό-

2009 4804 2311 4855 mortuum
2356 4798 2546 4853 Adam
2574 4795 2601 4850 ?
2630 4797 2694 4851 In
2724 4796 2839 4851 hoc
2897 4795 3060 4850 enim
3108 4790 3385 4865 prtesenti
3436 4786 3659 4844 saeculo

2008 4887 2564 4942 sunthabitationes
2582 4890 2636 4940 et
2665 4883 3029 4949 mansiones,
3060 4882 3159 4937 ubi
3189 4879 3467 4936 homines
3495 4876 3663 4933 habi-

2010 4982 2130 5031 tent
2161 4992 2174 5031 :
2212 4981 2267 5030 et
2298 4980 2434 5030 sunt
2460 4989 2701 5046 quoque
2726 4974 2825 5028 ubi
2843 4972 3074 5037 belluas,
3094 4970 3321 5035 leones,
3350 4969 3660 5031 dracones,

2011 5070 2067 5119 et
2094 5063 2223 5120 aliae
2255 5078 2553 5118 venenum
2597 5062 2930 5117 emittentes
2954 5060 3092 5116 terte
3143 5057 3429 5113 habitent.
3456 5055 3511 5111 Si
3563 5052 3667 5123 igi-

2017 5159 2110 5207 tur
2135 5152 2242 5216 sol,
2278 5153 2375 5223 qui
2402 5156 2494 5205 est
2526 5155 2818 5215 creatura,
2854 5162 3219 5220 quocunque
3254 5147 3548 5217 penetrat,
3589 5140 3669 5197 fe-

2016 5245 2269 5306 nestras,
2298 5246 2400 5294 aut
2423 5239 2665 5309 jannas,
2688 5241 2814 5292 tam
2846 5237 3164 5307 speluncas
3189 5234 3454 5297 leonum,
3486 5242 3674 5303 quam

2016 5344 2305 5384 cavernas
2331 5326 2648 5400 reptilium,
2673 5329 2730 5381 et
2755 5341 3031 5397 egressus
3060 5323 3475 5395 nequidquam
3514 5316 3675 5373 laedi-

2020 5424 2134 5488 tur,
2174 5422 2402 5489 quanto
2435 5416 2624 5486 magis
2649 5416 2836 5470 Deum
2876 5419 2932 5469 et
2955 5413 3245 5469 Dominus
3273 5408 3563 5469 omnium,
3589 5406 3677 5460 in-

2023 5523 2261 5579 gressus
2295 5504 2464 5560 nidos
2493 5510 2549 5560 et
2576 5502 2883 5559 domicilia
2904 5501 3009 5557 ubi
3042 5516 3201 5555 mors
3227 5498 3480 5560 habitat,
3501 5499 3680 5565 atque

2026 5596 2203 5653 etiam
2231 5595 2487 5662 animas,
2520 5593 2748 5650 etillinc
2766 5591 3021 5669 eripiens
3037 5588 3253 5652 Adam,
3287 5580 3683 5653 nullainjuria

2031 5684 2285 5743 afﬁcitur
2319 5683 2333 5741 ι
2363 5686 2443 5740 Ac
2472 5684 2677 5759 pluvia
2706 5698 2737 5740 e
2767 5679 2916 5738 coelo
2945 5675 3321 5734 descendens
3346 5673 3423 5731 ad
3444 5672 3686 5727 intimas
