4148 6262
569 282 678 337 555

1867 277 1926 334 S.
1972 276 2269 334 MACARII
2308 274 2610 331 EGYPTII

3786 281 3877 336 556

592 424 737 465 erm
755 410 954 479 partes
989 421 1180 478 usque
1204 406 1498 477 pertingit,
1520 406 1623 462 ubi
1640 407 1980 463 exsiccatas
1998 405 2196 462 radice

2308 422 2485 474 .guvo;
2529 405 2614 454 τὸν
2670 399 2853 473 Ἀδὰμ
2907 400 3001 454 οὐκ
3058 396 3318 453 ἀδικεῖται
3354 403 3450 454 ὑπὸ
3504 410 3590 455 τοῦ
3639 405 3878 473 θανάτου;

579 498 637 570 4
653 498 705 569 3
722 512 927 552 rursus
946 496 1585 561 humectatetrenovat,
1606 513 1675 552 ac
1698 497 2225 569 producitgermen

578 602 833 644 novum.

640 887 778 942 XIV.
812 886 971 941 Alius
1003 890 1108 949 est,
1129 886 1230 958 qui
1254 887 1579 942 certamine
1602 887 1824 944 etbello
1839 905 1974 944 cum
1998 891 2218 947 Satana

566 975 733 1041 inito,
784 975 1165 1031 aﬂlictionem
1221 976 1445 1047 patitur
1481 993 1491 1029 :
1526 976 1622 1031 hic
1676 978 1991 1034 contritam
2034 980 2216 1035 habet

567 1064 834 1120 animam
872 1081 884 1118 :
919 1064 980 1118 in
1014 1063 1410 1118 sollicitudine
1430 1066 1609 1131 enim,
1638 1066 1795 1120 luctu
1828 1083 1896 1121 ac
1927 1067 2210 1139 lacrymis

563 1153 914 1209 constitutus
931 1157 1016 1208 est
1033 1168 1045 1205 :
1062 1152 1361 1222 duplicem
1377 1155 1671 1223 ejusmodi
1692 1156 1873 1211 homo
1892 1172 2208 1226 personam

566 1244 828 1299 sustinet.
866 1243 959 1297 Sic
985 1244 1161 1311 igitur
1190 1243 1247 1297 in
1269 1244 1360 1297 his
1387 1245 1637 1314 negotiis
1655 1244 1855 1302 ﬁrmus
1876 1254 2205 1318 permanet,

565 1330 623 1385 in
653 1331 806 1386 bello
840 1331 1126 1386 Dominus
1155 1332 1205 1385 ei
1238 1332 1406 1387 adest
1444 1339 1498 1387 et
1538 1341 1854 1390 conservat
1874 1352 2033 1400 eum,
2065 1336 2209 1407 quia

562 1421 773 1491 quserit
805 1419 1041 1474 assidue
1063 1420 1858 1493 etpulsatjanuamquando
1887 1426 1935 1479 ei
1962 1426 2203 1496 aperiat.

566 1508 783 1562 Iterum
824 1521 984 1572 vero,
1011 1509 1059 1560 si
1091 1513 1379 1580 appareat
1406 1510 1507 1565 tibi
1540 1509 1714 1565 frater
1744 1517 2019 1568 strenuus
2047 1530 2115 1569 eo
2146 1514 2206 1569 in

567 1596 740 1662 bello,
781 1612 815 1652 a
850 1597 1040 1666 gratia
1081 1602 1167 1653 est
1207 1596 1598 1655 conﬁrmatus
1636 1603 1778 1672 :qui
1821 1618 1959 1657 vero
1996 1604 2205 1659 funda-

563 1691 833 1739 mentum
878 1700 999 1740 non
1043 1685 1241 1755 habet,
1286 1702 1407 1741 non
1450 1692 1756 1759 tantopere
1796 1693 1978 1746 Deum
2023 1694 2203 1761 timet,

562 1788 671 1828 nec
711 1774 1027 1828 contritum
1071 1778 1161 1829 est
1208 1791 1310 1829 cor
1348 1776 1496 1845 ejus,
1530 1793 1637 1832 nec
1671 1778 1729 1833 in
1767 1784 1929 1835 metu
1965 1788 2068 1845 est,
2098 1797 2207 1837 nec

560 1861 838 1918 observat
862 1878 963 1917 cor
993 1878 1189 1933 suum,
1211 1869 1265 1918 et
1294 1864 1586 1931 membra,
1618 1882 1693 1920 ne
1723 1868 2057 1924 inordinate
2085 1887 2208 1926 am-

563 1952 765 2007 bulent
785 1966 796 2004 :
818 1951 1113 2020 ejusmodi
1132 1953 1330 2007 adhuc
1348 1953 1699 2009 dissolutam
1732 1956 1914 2012 habet
1940 1959 2205 2015 animam

562 2055 734 2095 suam
769 2058 781 2106 ;
820 2040 1089 2095 nondum
1116 2041 1273 2095 enim
1297 2042 1570 2112 praelium
1592 2044 1898 2114 ingressus
1927 2050 2207 2104 est.Alius

559 2129 737 2199 igitur
776 2134 882 2195 est,
924 2128 1028 2199 qui
1070 2129 1126 2181 in
1167 2128 1324 2184 bello
1364 2135 1419 2184 et
1457 2129 1779 2187 afflictione
1818 2139 1924 2200 est,
1966 2141 2021 2189 et
2060 2137 2209 2192 alius

558 2218 660 2290 qui
691 2217 774 2272 rei
814 2216 1084 2272 militaris
1114 2217 1360 2285 ignarus
1389 2208 1587 2274 adhuc
1610 2223 1945 2277 est.Etenim
1980 2227 2209 2282 semina

558 2321 801 2377 quoque
834 2305 892 2358 in
924 2309 1137 2360 terram
1170 2306 1357 2362 missa
1383 2305 1765 2363 afﬂictionem
1807 2312 2121 2377 sustinent,
2148 2315 2207 2370 in

561 2394 715 2463 gelu,
757 2394 973 2457 hieme,
1006 2398 1061 2448 et
1093 2393 1307 2464 frigore
1347 2396 1499 2450 aeris
1533 2412 1545 2448 :
1582 2412 1652 2452 ac
1692 2398 1973 2471 deinceps
2008 2401 2209 2460 debito

560 2489 827 2555 tempore
859 2482 1151 2538 reviviscit
1182 2498 1451 2553 germen.

634 2680 740 2732 XV.
801 2678 1099 2748 Contingit
1146 2683 1346 2736 autem
1387 2679 1708 2748 interdum,
1753 2688 1818 2738 ut
1857 2686 2108 2743 Satanas
2146 2688 2204 2743 in

557 2766 737 2823 corde
764 2771 959 2823 tecum
994 2768 1280 2839 disputet,
1322 2769 1577 2826 scilicet:
1606 2773 1758 2829 Ecce
1784 2780 2009 2845 quanta
2040 2780 2205 2834 mala

559 2857 912 2921 commisisti,
944 2872 1071 2914 ecce
1091 2864 1320 2929 quanta
1348 2861 1589 2918 insania
1610 2862 1811 2917 anima
1841 2868 1941 2919 tua
1974 2868 2203 2935 repleta

557 2948 656 3011 est,
678 2951 729 3001 et
749 2961 926 3017 quam
952 2950 1192 3002 onustus
1215 2963 1271 3003 es
1300 2950 1576 3017 peccatis,
1605 2958 1669 3007 ut
1700 2955 1958 3022 amplius
1976 2956 2206 3011 salvari

2340 495 2439 543 Καὶ
2482 492 2507 541 ό
2564 492 2708 551 ὑετὸς
2747 490 2798 553 ἐξ
2836 490 3055 563 ούρανοῦ
3093 496 3484 563 κατερχόμενος,
3523 494 3686 562 φθάνει
3722 498 3877 567 κατέρ-

2334 580 2530 648 χεσθαι
2588 579 2658 640 εἰς
2696 581 2763 631 τὰ
2799 584 3065 652 κατώτερα
3101 582 3229 651 μέρη
3270 588 3358 642 τῆς
3396 588 3509 644 γῆς,
3550 578 3766 632 κάκεῖθεν
3800 584 3879 643 τὰς

2334 666 2673 742 ξηρανθείσας
2738 669 2893 741 ῥίζας
2962 666 3213 742 ἀνύγρανε
3284 674 3371 721 καὶ
3437 669 3726 734 ἀνεκαίνισε,
3804 676 3878 724 καὶ

2332 756 2572 816 ἓποίησεν
2604 757 2703 811 ἐκεῖ
2731 762 2958 829 γέννημα
2983 761 3180 813 καινόν.

2401 881 2498 934 ΙΔ¹.
2539 881 2723 943 Ἀλλος
2754 882 2893 935 ἐστὶν
2955 884 2980 934 ὁ
3032 885 3167 954 ἔχων
3208 880 3399 952 ἀγῶνα,
3452 886 3537 933 καὶ
3578 881 3757 953 θλίψιν,
3804 888 3877 935 καὶ

2325 970 2543 1042 πόλεμον
2609 976 2739 1045 πρὸς
2788 975 2874 1023 τόν
2939 976 3167 1023 Σατανᾶν
3197 992 3209 1004 ο
3262 970 3407 1032 οὗτος
3477 975 3875 1043 συντετριμμένην

2323 1062 2435 1131 ἔχει
2482 1065 2573 1117 τὴν
2625 1060 2812 1132 ψυχὴν
2856 1061 3052 1112 αὐτοῦ·
3112 1059 3159 1111 ἐν
3209 1064 3429 1132 μερίμνη
3476 1062 3573 1132 γάρ
3639 1062 3741 1111 ἐστι
3799 1065 3875 1112 καὶ

2322 1150 2489 1201 πένθει
2536 1154 2624 1201 καὶ
2692 1146 2971 1224 δάκρυσιν.
3028 1150 3116 1210 Εἰς
3169 1146 3265 1201 δύο
3314 1152 3568 1220 πρόσωπα
3612 1150 3875 1207 εἱστήκειό

2318 1245 2570 1299 τοιοῦτος.
2614 1238 2672 1291 Εἰ
2710 1258 2878 1290 τοινυν
2936 1237 2983 1289 ἐν
3031 1241 3288 1298 τοιούτοις
3340 1239 3639 1313 πράγμασιν
3679 1239 3877 1296 εἱστήκει

2318 1324 2491 1391 οὗτος,
2534 1331 2600 1387 εὶς
2642 1331 2729 1379 τὸν
2773 1331 2990 1399 πόλεμον
3072 1332 3179 1398 μετ’
3226 1326 3389 1379 αὐτοῦ
3461 1326 3594 1378 ἐστιν
3649 1327 3671 1377 ὁ
3711 1330 3875 1397 Κύριός

3021 1416 3253 1479 έπιξητεῖ
3302 1419 3405 1489 γὰρ
3463 1412 3763 1477 σπουδαίως,
3799 1420 3875 1467 καὶ

3262 970 3407 1032 οὗτος

2317 1422 2405 1469 καὶ
2454 1417 2705 1488 φυλάσσει
2741 1417 2893 1469 αὐτόν
2947 1436 2959 1448 ·

2317 1508 2490 1577 κρούει
2528 1510 2621 1563 τὴν
2681 1508 2859 1578 θύραν,
2908 1510 3032 1558 πότε
3091 1506 3227 1572 αὐτῷ
3286 1505 3503 1576 ἀνοίγει.
3570 1505 3716 1557 Πάλιν
3754 1501 3805 1556 δε
3839 1505 3873 1556 εἰ

2318 1600 2549 1668 φαίνεταί
2597 1615 2679 1649 σοι
2718 1592 2937 1667 ἀδελφός
2978 1596 3168 1666 ἀγαθός
3227 1591 3354 1657 ὧδε,
3410 1597 3509 1646 ὑπὸ
3549 1602 3640 1655 τῆς
3687 1597 3878 1666 χάριτός

2318 1685 2459 1736 ἐστιν
2506 1684 2895 1759 ἔστηριγμένος.
2952 1683 3011 1736 Ὀ
3069 1680 3127 1736 δὲ
3194 1688 3264 1754 μὴ
3324 1686 3462 1754 ἔχων
3523 1682 3755 1755 θεμέλιον,
3800 1682 3877 1734 οὐκ

2318 1776 2429 1845 ἔχει
2482 1781 2727 1826 τοσοῦτον
2787 1772 2937 1844 φόϐον
2998 1778 3150 1838 Θεοῦ,
3220 1772 3278 1824 ού
3334 1776 3695 1845 συντέτριπται
3745 1771 3877 1824 αὐτοῦ

2317 1865 2345 1920 ἡ
2402 1859 2621 1936 καρδία,
2686 1866 2801 1913 οὔτε
2849 1864 2990 1913 ἐστὶν
3063 1860 3110 1912 ἐν
3180 1859 3345 1933 φόϐῳ,
3398 1864 3515 1913 οὗτε
3576 1859 3879 1932 ἀσφαλίζεται

2317 1951 2477 2003 αὐτοῦ
2528 1955 2621 2009 τὴν
2677 1947 2901 2025 καρδίαν
2952 1951 3145 2001 καὶτὰ
3196 1949 3352 2021 μέλη,
3417 1957 3506 2001 τοῦ
3560 1954 3627 2020 μή
3679 1947 3881 2008 ἀτάκτως

2314 2047 2632 2114 περιπατεῖν.
2712 2039 2875 2098 Οὗτος
2953 2037 3124 2110 ἀκμὴν
3212 2037 3594 2109 ἀπολελυμένην
3649 2041 3752 2107 ἔχει
3805 2042 3879 2094 την

2314 2129 2499 2201 ψυχὴν
2549 2128 2708 2180 αὑτοῦ
2752 2145 2763 2157 ·
2793 2127 2935 2179 οὒπω
2980 2131 3077 2200 γὰρ
3120 2127 3359 2184 εἰσῆλθεν
3388 2127 3460 2187 εἰς
3501 2126 3685 2198 ἀγῶνα.
3727 2124 3881 2185 Ἀλλος

2315 2218 2402 2269 οὖν
2451 2220 2590 2268 ἐστιν
2644 2219 2668 2268 ό
2710 2219 2756 2269 ἐν
2807 2216 2969 2288 ἀγῶνι
3017 2222 3107 2268 καὶ
3159 2216 3355 2287 θλίψει,
3413 2222 3502 2268 καὶ
3567 2216 3707 2276 ἄλλος
3750 2216 3771 2266 ὁ
3822 2219 3877 2285 μὴ

2316 2303 2469 2368 εἰδὼς
2523 2312 2575 2358 τί
2625 2309 2739 2358 ὶστι
2776 2305 3016 2378 πόλεμος.
3078 2309 3178 2357 Καὶ
3220 2308 3324 2377 γὰρ
3368 2308 3435 2357 τὰ
3493 2309 3750 2380 σπέρματα
3782 2302 3880 2355 ὃταν

2316 2393 2483 2468 βληθῇ
2539 2395 2610 2455 εἰς
2635 2400 2729 2452 τὴν
2780 2402 2899 2466 γῆν,
2955 2393 3130 2464 θλίψιν
3162 2395 3408 2465 ὑπομένει
3449 2394 3516 2454 εἰς
3546 2398 3661 2455 τοὺς
3688 2395 3877 2464 πάγους,

2315 2483 2385 2546 εἰς
2414 2486 2499 2535 τόν
2539 2491 2795 2555 χειμῶνα,
2842 2483 2914 2544 εἰς
2965 2486 3059 2540 τὴν
3107 2481 3434 2554 ψυχρότητα
3475 2490 3570 2533 τῶν
3600 2481 3781 2555 ἀέρων·
3809 2484 3880 2531 καὶ

2314 2572 2362 2625 ἓν
2391 2581 2461 2643 τῷ
2493 2568 2662 2625 δέοντι
2687 2580 2853 2644 καιρῷ
2885 2571 3322 2634 ἀναζωοποιείται
3368 2574 3426 2623 τό
3458 2575 3696 2642 γέννημα.

2385 2679 2488 2735 ΙΕ’.
2528 2678 2802 2751 Συμϐαίνει
2851 2675 2909 2731 δὲ
2946 2680 3025 2730 ὅτι
3070 2680 3094 2729 ὁ
3135 2684 3367 2739 Σατανᾶς
3436 2676 3723 2748 διαλέγεταί
3747 2673 3881 2727 σοιέν

2312 2778 2373 2842 τῇ
2398 2765 2596 2843 καρδίᾳ
2628 2789 2640 2801 °
2668 2764 2793 2820 *Ιδε
2831 2772 2999 2820 πόσα
3036 2770 3204 2819 κακά
3243 2766 3591 2831 ἐποίησας,
3636 2762 3763 2818 ἰδού
3795 2767 3880 2816 πόο

2315 2880 2433 2913 σων
2508 2865 2749 2929 μανιῶν
2815 2856 3233 2929 πεπλήρωταί
3300 2874 3425 2907 σου
3466 2857 3495 2914 ἡ
3555 2855 3741 2927 ψυχὴ,
3789 2858 3874 2905 καὶ

2314 2946 2754 3023 βεϐαρημένος
2808 2942 2865 2996 εἶ
2922 2943 3040 2996 ἀπὸ
3108 2944 3484 3017 ἁμαρτιῶν,
3556 2946 3652 2997 ὄτι
3699 2945 3876 2994 οὐκέτι

555 3050 669 3090 non
694 3034 898 3103 possis.
943 3038 1076 3091 Haec
1105 3041 1307 3093 autem
1333 3039 1468 3093 ideo
1494 3039 1652 3104 facit,
1691 3047 1751 3095 ut
1793 3047 1845 3097 te
1886 3042 1944 3097 in
1986 3045 2198 3115 despe-

2315 3036 2597 3091 δύνασαι
2646 3036 2955 3092 σωθῆναί.
3006 3040 3187 3086 Ταῦτα
3227 3032 3285 3085 δὲ
3337 3042 3506 3099 ποιεῖ,
3537 3036 3619 3086 ἵνα
3650 3036 3805 3103 ἑνέγκη
3833 3047 3879 3081 σε

552 3124 845 3180 rationem
871 3124 1151 3191 deducat,
1184 3131 1239 3181 et
1264 3127 1405 3198 quia
1425 3143 1546 3183 non
1589 3134 1676 3184 est
1714 3138 1959 3202 accepta
1981 3138 2035 3189 et
2074 3150 2201 3203 gra—

553 3215 611 3268 ta
640 3217 741 3269 tua
772 3214 1137 3284 poenitentia.
1172 3217 1491 3287 Postquam
1533 3217 1689 3273 enim
1735 3234 1837 3288 per
1878 3226 2202 3291 transgres-

551 3301 781 3356 sionem
815 3301 1040 3357 malitia
1069 3302 1563 3375 introivit,postea
1594 3305 1842 3374 singulis
1877 3308 2036 3363 horis
2076 3310 2199 3363 dis-

552 3392 723 3459 putat
746 3405 881 3443 cum
907 3390 1129 3453 anima,
1160 3395 1223 3445 ut
1240 3391 1420 3447 homo
1438 3408 1575 3447 cum
1596 3393 1858 3449 homine.
1885 3398 2199 3467 Responde

551 3480 615 3532 tu
658 3491 901 3548 quoque
932 3478 1017 3531 sic
1051 3494 1063 3531 :
1098 3478 1295 3534 Habeo
1327 3481 1657 3537 testimonia
1692 3484 1944 3549 Domini,
1977 3488 2200 3557 scripto

550 3566 931 3634 consignata:
948 3565 1100 3620 Noto
1118 3572 1361 3623 mortem
1378 3574 1773 3636 peccatorum,
1797 3574 1898 3629 sed
1916 3578 2200 3641 paeniten-

550 3651 715 3717 tiam,
746 3658 809 3707 ut
836 3658 1221 3710 convertatur
1250 3657 1372 3724 ipse
1398 3672 1434 3713 α
1463 3659 1561 3714 via
1596 3675 1899 3729 perversa,
1933 3670 1987 3719 et
2017 3664 2194 3721 vivat.

550 3743 864 3811 Propterea
893 3743 1052 3798 enim
1091 3743 1396 3800 descendit
1420 3747 1728 3813 Dominus,
1765 3755 1826 3804 ut
1850 3758 2193 3821 peccatores

548 3829 823 3895 salvaret,
852 3836 1121 3887 mortuos
1142 3834 1471 3899 suscitaret,
1495 3840 1551 3891 et
1580 3853 1615 3893 a
1636 3844 1826 3893 morte
1853 3840 2194 3898 vulneratos

548 3918 893 3985 viviﬁcaret,
922 3924 978 3975 et
997 3936 1099 3977 eos
1117 3922 1220 3993 qui
1248 3923 1307 3978 in
1333 3924 1588 3980 tenebris
1606 3928 2183 3995 erant,illuminaret.

549 4010 687 4064 Vere
738 4009 899 4063 enim
951 4011 1237 4067 Dominus
1296 4012 1643 4081 adveniens,
1695 4019 1926 4073 vocavit
1977 4035 2087 4074 nos
2132 4022 2190 4076 in

544 4097 929 4169 adoptionem
956 4099 1237 4166 ﬁliorum,
1270 4102 1348 4158 ad
1383 4110 1651 4159 sanctam
1680 4110 1736 4160 et
1777 4108 1938 4176 pacis
1969 4109 2190 4165 studio-

544 4202 677 4241 sam
710 4187 1030 4255 civitatem,
1070 4189 1149 4245 ad
1178 4190 1359 4246 vitam
1387 4207 1698 4264 nunquam
1728 4197 2068 4267 prrituram,
2112 4200 2189 4253 ad

541 4275 792 4345 gloriam
827 4276 1333 4348 incorruptibilem
1366 4324 1380 4346 ,
1409 4282 1590 4337 modo
1612 4298 1721 4337 nos
1752 4286 2046 4356 principio
2084 4286 2186 4342 bo-

541 4379 688 4419 num
728 4364 910 4420 ﬁnem
932 4371 1441 4437 superstruamus,
1476 4378 1923 4442 perseverantes
1953 4375 2009 4428 in
2044 4391 2189 4446 pau-
2225 4408 2269 4461 D

540 4457 786 4523 pertate,
820 4454 1319 4524 peregrinatione,
1352 4457 1670 4515 afﬂictione
1701 4466 1756 4515 et
1786 4463 2188 4532 postulatione

538 4556 680 4611 erga
708 4545 915 4615 Deum,
950 4543 1176 4617 absque
1201 4546 1319 4602 ullo
1340 4549 1569 4619 pudore
1594 4549 1901 4621 pulsantes
1914 4551 2184 4623 januam.

538 4632 1062 4697 Quemadmodum
1133 4635 1292 4691 enim
1351 4654 1570 4709 corpus
1630 4641 2035 4712 propinquum
2103 4648 2190 4697 est

535 4720 774 4785 animas,
818 4723 898 4777 ita
928 4723 1173 4795 propior
1203 4729 1288 4780 est
1318 4728 1604 4782 Dominus
1633 4729 2100 4785 adsveniendum
2134 4738 2189 4787 et

535 4810 930 4879 aperiendum
948 4811 1224 4867 occlusas
1240 4813 1393 4868 fores
1408 4816 1785 4880 cordis,etad
1808 4817 2182 4887 largiendum

534 4897 710 4953 nobis
739 4898 975 4954 divitias
1004 4901 1293 4956 caelestes.
1324 4902 1519 4957 Bonus
1552 4904 1850 4976 siquidem
1880 4912 1967 4962 est
1997 4914 2052 4963 et
2083 4909 2179 4964 ho-

534 4986 766 5043 minum
797 5003 1013 5043 amans
1040 5005 1054 5056 ;
1087 4993 1142 5045 et
1171 4990 1426 5046 falsitate
1456 4993 1582 5063 ejus
1611 4996 2045 5065 promissiones
2079 5014 2182 5053 ca-

531 5081 684 5140 rent,
716 5077 900 5132 modo
930 5093 1041 5132 nos
1080 5094 1525 5149 perseveremus
1558 5084 1633 5138 ad
1664 5084 1845 5138 ﬁnem
1882 5102 2073 5156 usque
2117 5088 2173 5140 in

534 5164 731 5221 studio
746 5182 883 5221 eum
903 5167 1232 5240 quaerendi.
1250 5168 1441 5226 Gloria
1455 5173 1943 5228 miserationibus
1972 5175 2176 5240 Patris,

528 5260 583 5313 et
612 5255 750 5323 Filii,
792 5260 848 5313 et
872 5256 1123 5331 Spiritus
1152 5260 1341 5316 sancti
1369 5261 1431 5316 in
1461 5262 1698 5319 saecula.
1733 5268 1941 5320 Amen.

2315 3128 2381 3187 εἰς
2410 3125 2754 3195 ἀπελπισμόν,
2788 3128 2877 3175 καὶ
2900 3123 2978 3175 ὃτι
3003 3122 3097 3174 οὐκ
3118 3125 3257 3174 ἔστιν
3295 3120 3716 3195 εὐπρόσδεκτοςό
3743 3120 3880 3192 μετά-

2312 3218 2427 3269 νοιά
2458 3234 2573 3267 σου.
2604 3208 2816 3271 Ἐπειδὴ
2844 3214 2945 3286 γὰρ
2968 3211 3285 3285 παρεισῆλθε
3321 3207 3422 3264 δια
3452 3220 3547 3274 τῆς
3576 3209 3879 3282 παραϐάσεως

2313 3307 2343 3363 ἠ
2384 3309 2563 3370 κακία,
2620 3302 2797 3355 λοιπόν
2846 3302 2959 3354 καθ’
3007 3301 3233 3358 ἑκάστην
3291 3303 3436 3373 ὤραν
3504 3298 3784 3373 διαλέγεται
3827 3304 3876 3367 τῇ

2311 3393 2465 3465 ψυχῇ
2540 3396 2608 3452 ὡς
2663 3392 2933 3465 ἄνθρωπος
3004 3392 3134 3463 μετὰ
3216 3388 3520 3461 ἀνθρώπου.
3577 3388 3879 3459 Ἀποκρίθητι

2314 3482 2451 3553 αύτῷ
2480 3485 2682 3545 καὶσὺ,
2717 3482 2796 3533 ὅτι
2848 3483 2974 3552 ἔχω
3002 3482 3113 3539 τὰς
3164 3485 3541 3553 μαρτυρίας
3596 3487 3682 3532 τοῦ
3714 3479 3877 3551 Κυρίου

2312 3572 2661 3644 ἐγγράφως,
2704 3574 2811 3621 καὶ
2850 3571 3044 3621 ὃτιού
3103 3566 3428 3639 βούλομαι
3481 3573 3585 3622 τόν
3641 3570 3876 3621 θάνατον

2308 3667 2415 3715 τοῦ
2473 3658 2873 3732 ἀμαρτωλοῡ,
2928 3659 3005 3719 ὡς
3061 3661 3171 3714 τὴν
3230 3660 3608 3728 μετάνοιαν,
3680 3654 3875 3708 καὶτὸ

2310 3749 2803 3825 ἀποστραφῆναι
2843 3747 3032 3799 αὐτόν
3073 3744 3192 3798 ἀπὸ
3231 3754 3336 3805 τῆς
3380 3745 3539 3800 ὁδοῦ
3580 3756 3689 3809 τῆς
3723 3761 3878 3799 πονηο

2306 3845 2415 3914 ρᾶς,
2449 3843 2556 3890 καὶ
2606 3839 2719 3908 ζῇν
2748 3836 2958 3889 αὐτόν.
3017 3837 3113 3887 Διά
3137 3842 3289 3886 τοῦτο
3320 3839 3427 3907 γὰρ
3459 3836 3708 3894 κατῆλθεν
3732 3833 3876 3894 αὐτὸς,

2308 3929 2391 3980 ἶνα
2418 3931 2538 3989 τοὺς
2563 3925 2899 3998 ἁμαρτωλούς
2930 3929 3099 3996 σώσῃ,
3132 3927 3248 3983 τοὺς
3272 3929 3489 3996 νεκροὺς
3516 3922 3879 3996 ἀνεγείρη,τούς

2304 4018 2750 4087 τεθανατωμένους
2801 4017 3128 4084 ζωοποιήση,
3185 4015 3306 4073 τούς
3360 4016 3410 4065 ἓν
3451 4022 3525 4084 τῷ
3581 4017 3748 4065 σκότει
3796 4028 3877 4079 φω-

2302 4111 2444 4178 τίση.
2489 4104 2721 4163 Ἀληθῶς
2767 4105 2867 4173 γὰρ
2927 4103 3081 4154 ἐλθὼν
3135 4101 3202 4161 εἰς
3261 4103 3533 4155 υἱοθεσίαν
3591 4104 3726 4173 ἡμᾶς
3779 4096 3880 4149 ἐκά-

2301 4194 2463 4259 λεσεν,
2515 4194 2585 4254 εἰς
2615 4193 2759 4245 πόλιν
2817 4191 2991 4262 ἁγίαν,
3051 4190 3463 4264 εἰρηνευομένην,
3526 4191 3594 4252 εἰς
3642 4191 3773 4251 ζωὴν
3799 4189 3876 4241 τὴν

2300 4280 2563 4355 μηδέποτε
2595 4281 3052 4344 ἀποθνήσκουσαν,
3095 4279 3161 4339 εἰς
3194 4275 3350 4342 δόξαν
3401 4282 3688 4352 ἄφθαρτον.
3732 4279 3876 4330 Μόνον

2299 4374 2448 4443 ἡμεῖς
2501 4380 2562 4443 τῇ
2606 4369 2748 4442 ἀρχῇ
2808 4370 2953 4441 ἡμῶν
3008 4364 3177 4438 δῶμεν
3232 4369 3374 4430 τέλος
3426 4371 3627 4439 άγαθόν
3659 4387 3671 4399 ·
3722 4365 3874 4436 ἐμμεί-

2299 4479 2459 4531 νωμεν
2506 4468 2565 4531 τῇ
2630 4462 2889 4529 πτωχείᾳ,
2945 4464 3005 4529 τῇ
3068 4457 3316 4521 ξενητεία.
3374 4466 3436 4529 τῇ
3494 4460 3775 4529 κακουχίᾳ,
3820 4458 3870 4522 τῇ

2299 4549 2507 4606 αἰτήσει
2538 4557 2599 4620 τῇ
2653 4551 2776 4621 πρὸς
2828 4550 2914 4598 τὸν
2968 4548 3116 4610 Θεὸν,
3173 4548 3302 4612 μετά
3334 4544 3604 4609 ἀναιδείας
3634 4546 3874 4613 κρούοντες

2298 4643 2390 4697 τὴν
2448 4639 2624 4711 θύραν.
2683 4636 2881 4707 ’Ὠσπερ
2934 4638 3035 4709 γὰρ
3106 4635 3259 4707 ἐγγύς
3320 4634 3432 4688 ἐστι
3493 4639 3551 4687 τό
3604 4643 3749 4706 σῶμα
3791 4637 3873 4687 τῆς

2296 4728 2502 4799 ψυχῆς,
2568 4727 2729 4786 οὕτως
2778 4725 3050 4797 ἐγγύτερος
3108 4726 3132 4775 ό
3197 4728 3382 4796 Κύριος
3437 4733 3531 4777 τοῦ
3578 4724 3732 4775 ἐλθεῖν
3797 4722 3872 4770 καὶ

2298 4816 2498 4878 ἀνοῖξαι
2554 4819 2644 4875 τάς
2701 4815 3063 4885 κεκλεισμένας
3108 4816 3266 4886 θύρας
3332 4822 3421 4873 τῆς
3496 4810 3736 4885 καρδίας,
3796 4810 3871 4858 καὶ

2296 4902 2647 4977 δωρήσασθαι
2686 4906 2806 4975 ἡμῖν
2864 4906 2946 4954 τὸν
2987 4903 3204 4954 πλοῦτον
3270 4906 3357 4953 τόν
3414 4902 3674 4973 οὐράνιον.
3734 4900 3873 4965 Ἀγα-

2296 4998 2383 5058 θός
2435 4997 2535 5066 γάρ
2603 4993 2715 5044 ἐστι
2774 4997 2863 5043 καὶ
2920 4991 3291 5064 φιλάνθρωπος,
3342 4995 3427 5042 καὶ
3472 4987 3719 5060 ἀψευδεῖς
3755 4984 3868 5037 εἰσιν

2291 5087 2451 5137 αὐτοῦ
2514 5086 2567 5135 αἱ
2623 5082 2941 5153 ἐπαγγελίαι,
3015 5086 3165 5152 μόνον
3245 5083 3329 5132 ἐὰν
3390 5082 3739 5149 ὑπομείνωμεν
3792 5074 3868 5129 ἕως

2290 5174 2463 5235 τέλους
2494 5172 2856 5231 ἐπιζητοῦντες
2904 5171 3077 5224 αὐτόν.
3130 5169 3261 5231 Δόξα
3300 5176 3410 5229 τοῖς
3438 5168 3729 5240 οἰκτιρμοῖς
3776 5168 3866 5213 Πα-

2290 5268 2429 5336 τρός,
2472 5267 2561 5313 καὶ
2603 5264 2747 5325 Υἱοῦ,
2806 5264 2895 5312 καὶ
2935 5259 3084 5332 ἁγίου
3126 5262 3438 5329 Πνεύματος,
3486 5256 3559 5318 εἰς
3600 5257 3715 5315 τοὺς
3753 5249 3866 5302 αἰῶ-

2290 5371 2399 5413 νας.
2441 5353 2632 5424 Ἀμήν.
