4148 6262
338 288 449 346 557
1591 285 1940 345 HOMILLE.
1976 311 2050 331 —
2091 286 2269 348 HOM.
2306 292 2405 349 XI.
3600 288 3707 353 558

942 413 1193 469 ΟΜΙΛΙΑ
1233 412 1343 471 lB’.
1968 413 2009 465 Α
2660 420 2956 476 HOMILIA
2992 420 3099 477 XII.

340 522 496 643 Πεέοἱ
538 527 651 581 τῆς
692 521 991 582 στάσεως
1022 526 1134 572 τοῦ
1174 517 1383 591 Ἀδὰμ
1422 523 1542 591 πρὸ
1581 524 1697 571 τοῦ
1736 518 1937 591 παρα-

456 611 603 643 ηναε
644 590 833 643 αὐτόν
874 595 984 643 τὴν
1024 590 1283 643 ἐντολὴν
1321 598 1432 643 τοῦ
1472 598 1665 643 Θεοῦο
1700 595 1806 643 καὶ
1848 610 1940 643 με·

2061 523 2136 578 De
2148 528 2305 579 statu
2319 526 2364 580 Α
2376 526 2467 581 dm
2478 531 2795 597 antequam
2809 526 3331 595 transgrederetur
3346 528 3699 584 mandatum

2122 595 2226 643 Dei
2244 611 2266 643 .'
2290 605 2341 643 et
2393 604 2703 643 maximi/1m
2734 598 2933 643 amisit
2976 598 3285 643 nrnnrinm
3325 614 3397 643 nn
3423 600 3699 643 rmlnstpm

456 611 603 648 ηναε
644 591 833 667 αῦτόν
868 591 1283 667 τὴν-ἐντολὴν
1321 598 1432 644 τοῦ
1472 598 1665 667 Θεᾳοῦο
1700 595 1806 667 καὶ
1845 610 1940 661 με·

2120 595 2226 667 Dei
2244 611 2266 650 .’
2290 605 2341 651 et
2392 591 2704 667 postquam
2734 598 2933 653 amisit
2974 591 3285 666 propriam
3325 614 3397 654 ac
3423 600 3702 655 calestem

410 665 484 715 τὰ
524 666 591 715 τό
622 662 818 715 αὐτὸν
859 660 1173 715 ἀπολέσαι
1213 667 1316 715 καὶ
1358 666 1468 720 τὴν
1510 659 1686 714 ἰδίαν
1726 659 1940 742 εἰκόνα

2116 659 2433 742 imaginem
2442 659 2734 742 ._C_o'ntinet
2744 659 3231 740 quoque-homilia
3244 670 3534 741 quasdam
3548 685 3704 742 quae-

409 739 519 786 καὶ
559 739 671 793 τὴν
732 734 1139 806 ἐπουράνιον.
1197 738 1467 806 Συνέχει
1506 739 1617 786 καὶ
1648 736 1677 793 ἡ
1717 732 1940 805 όμιλία

1132 777 1139 789 .
1197 738 1467 806 Συνέχει
1506 739 1617 786 καὶ
1648 736 1677 793 ἡ
1717 732 1940 805 όμιλία
2118 732 2333 794 stiones
2366 740 2541 796 valde
2578 732 2770 796 utiles:

410 806 732 868 ζητήσεις
769 810 952 869 τινὰς
989 809 1151 860 πάνυ
1203 806 1581 878 ὠφελίμους.

409 910 490 966 A'.
547 911 608 964 Ὀ
661 908 842 984 Ἀδὰμ.
892 917 986 970 τὴν
1064 911 1268 969 ἐντολὴν
1323 910 1578 983 παραϐὰς,
1650 912 1787 963 κατὰ
1843 907 1940 963 δύο

2122 916 2162 970 Ι.
2185 914 2373 970 Adam
2397 921 2812 985 transgressus
2838 917 3216 983 mandatum,
3241 916 3480 972 duobus
3507 916 3702 972 modis

333 1005 558 1071 τρόπους
618 999 844 1053 ἀπώλετο
879 1002 1010 1053 ’ἕνα
1059 1004 1171 1073 μὲν,
1231 1003 1312 1053 ὅτι
1371 999 1601 1053 ἀπώλεσε
1647 1003 1706 1052 τό
1763 1007 1943 1070 κτῆμα

2064 1004 2219 1073 periit
2248 1021 2258 1058 :
2296 1020 2414 1059 uno
2454 1005 2721 1076 quidem,
2767 1006 2932 1077 quod
2966 1006 3227 1077 perdidit
3257 1006 3702 1079 possessionem

335 1093 394 1142 τὸ
425 1092 653 1164 καθαρὸν
700 1099 791 1150 τῆς
835 1092 1035 1161 φύσεως
1089 1090 1272 1156 αὐτοῦ,
1324 1092 1382 1141 τό
1440 1092 1649 1162 ὡραῖον,
1708 1091 1768 1141 τό
1824 1088 1939 1140 κατ’

2066 1109 2261 1163 )uram
2292 1099 2515 1149 naturae
2546 1110 2690 1161 sure,
2725 1094 3078 1165 speciosam,
3104 1102 3159 1149 et
3184 1094 3520 1150 secundum
3552 1094 3704 1151 ima.-

336 1179 510 1230 εἰκόνα
553 1183 642 1231 καὶ
697 1181 945 1250 ὁμοίωσιν
995 1185 1129 1231 Θεοῦ
1163 1196 1174 1208 ·
1223 1179 1389 1251 ἕτερον
1449 1174 1525 1247 δὲ,
1560 1179 1639 1229 ὅτι
1684 1175 1940 1228 ἀπώλεσεν

2061 1181 2247 1250 ginem
2274 1198 2343 1236 ac
2370 1182 2818 1237 similitudinem
2844 1183 2942 1238 Dei
2961 1182 3265 1238 conditam
3291 1200 3304 1238 :
3330 1182 3515 1238 altero
3536 1198 3699 1249 vero,

335 1268 502 1326 αὐτὴν
550 1272 643 1325 τὴν
695 1267 884 1333 εἰκόνα,
936 1266 984 1319 έν
1122 1266 1359 1320 ἀπέκειτο
1415 1267 1556 1336 αὐτῷ
1613 1265 1726 1318 κατ’
1785 1264 1942 1335 ἐπαγ-

2061 1271 2210 1341 ]ιιοᾱ
2239 1271 2494 1341 perdidit
2520 1272 2715 1341 ipsam
2736 1272 3081 1341 imaginem.
3117 1271 3176 1326 in
3199 1287 3322 1342 qua
3353 1271 3618 1341 reposita
3650 1270 3699 1325 ei

333 1356 512 1427 γελίαν
569 1359 600 1413 ἡ
659 1356 967 1428 ἐπουράνιος
1018 1363 1165 1409 πᾶσα
1218 1356 1555 1428 κληρονομία,
1602 1361 1801 1427 Ὠσπερ
1856 1355 1939 1405 εὰν

2056 1366 2173 1415 erat
2197 1360 2368 1430 juxta
2395 1360 2879 1430 promissionem,
2909 1364 3030 1414 tota
3055 1358 3375 1415 haereditas
3411 1359 3694 1416 caelestis.

337 1443 367 1503 ἦ
400 1450 656 1517 νόμισμα,
696 1450 789 1503 τὴν
834 1445 1007 1497 εἰκόνα
1043 1452 1135 1497 τοῦ
1166 1443 1421 1518 βασιλέως
1459 1448 1602 1517 ἔχον,
1649 1449 1738 1496 καὶ
1789 1450 1939 1496 τοῦτο

2061 1448 2296 1503 Perinde
2328 1465 2397 1504 ac
2436 1448 2484 1501 si
2518 1449 2593 1504 sit
2623 1454 2883 1514 moneta,
2917 1448 3176 1518 imagine
3208 1448 3362 1517 regis
3394 1447 3699 1516 insignita,

334 1542 723 1609 παραχαραγῇ,
759 1536 784 1586 ό
839 1538 1046 1608 χρυσός
1089 1554 1142 1587 τε
1173 1535 1421 1603 ἀπώλετο,
1479 1539 1569 1587 καὶ
1613 1536 1643 1592 ἡ
1690 1533 1836 1586 εἰκὼν
1881 1533 1939 1585 οὗ

2062 1552 2182 1609 quae
2211 1537 2257 1592 si
2295 1536 2679 1603 adulteretur,
2710 1542 2766 1591 et
2794 1553 3007 1593 aurum
3045 1537 3214 1608 perit,
3250 1542 3307 1591 et
3352 1538 3556 1604 imago
3584 1535 3700 1610 44

334 1627 674 1696 χρησιμεύει,
731 1631 966 1677 τοιοῦτον
1009 1626 1168 1676 ἔπαθε
1212 1628 1301 1676 καὶ
1331 1625 1357 1676 ό
1382 1620 1557 1695 Ἀδάμ
1587 1640 1599 1653 ⁸
1646 1628 1809 1695 μέγας
1836 1625 1937 1695 γὰρ

2067 1626 2271 1681 iullius
2303 1632 2392 1681 est
2431 1626 2605 1697 pretii
2635 1642 2645 1679 :
2680 1627 2793 1681 tale
2824 1626 3139 1698 quippiam
3181 1624 3376 1681 evenit
3402 1624 3544 1679 Adae
3569 1642 3582 1691 ;
3612 1623 3705 1680 in-

330 1714 556 1775 πλοῦτος
605 1719 693 1765 καὶ
743 1714 937 1785 μεγάλη
971 1716 1001 1771 ἡ
1053 1714 1371 1788 κληρονομία
1424 1713 1728 1787 εὐτρέπιστο
1776 1712 1935 1783 αὐτῷ,

2065 1721 2253 1783 gentes
2297 1715 2590 1785 siquidem
2644 1715 2881 1781 divitiae,
2915 1719 2973 1770 et
3014 1729 3239 1784 magna
3276 1712 3596 1769 haereditas
3651 1712 3703 1768 ei

328 1801 535 1873 Ὠσπερ
564 1800 647 1854 ἐὰν
742 1807 940 1874 χωρίον
971 1805 1125 1874 μέγα,
1176 1807 1446 1855 καὶτοῦτο
1478 1804 1577 1873 ἔχῃ
1633 1797 1937 1873 προσόδους

2063 1809 2383 1875 )rmparata
2405 1809 2545 1858 erat.
2580 1803 2826 1859 Perinde
2840 1819 2910 1858 ac
2931 1803 2978 1857 si
2994 1804 3065 1857 sit
3090 1802 3387 1875 praedium
3403 1801 3701 1873 amplum,

326 1891 544 1957 πολλὰς,
602 1891 705 1942 ἐκεῖ
751 1891 978 1962 ἄμπελος
1038 1891 1350 1955 εὐθύνουσα,
1409 1889 1514 1942 ἐκεῖ
1560 1899 1738 1963 χῶραι
1791 1890 1937 1962 εὐφορ-

2066 1892 2311 1964 lludque
2348 1892 2569 1947 multos
2616 1891 2836 1947 habeat
2864 1891 3111 1954 reditus,
3168 1892 3227 1946 in
3254 1906 3376 1962 quo
3410 1891 3483 1944 sit
3527 1891 3701 1945 vinea

327 1988 542 2052 ροῦσαι,
572 1982 675 2032 ἐκεῖ
705 1978 902 2051 ἀγέλαι,
947 1980 1052 2033 ίκεῖ
1106 1982 1310 2053 χρυσός
1354 1984 1443 2031 καὶ
1473 1979 1698 2053 ἄργυρος
1726 1999 1738 2011 ·
1773 1980 1934 2040 οὕτως

2059 1980 2385 2044 ’ructuosa;
2428 1981 2664 2052 illicque
2704 1980 2823 2035 sint
2877 1979 3093 2035 fertiles
3124 1978 3274 2049 agri,
3307 1977 3422 2032 illic
3462 1994 3697 2048 greges,

327 2066 393 2128 ἧν
448 2073 621 2140 τίμιον
670 2072 727 2120 τό
784 2073 983 2141 χωρίον
1051 2072 1152 2143 πρό
1199 2076 1294 2130 τῆς
1346 2077 1633 2141 παρακοῆς,
1688 2067 1814 2120 αὐτὸ
1871 2072 1929 2121 τὸ

2062 2070 2278 2142 llicque
2305 2086 2519 2125 aurum
2544 2080 2601 2126 et
2631 2073 2949 2138 argentum
2980 2083 2992 2124 :
3030 2068 3112 2124 ita
3140 2083 3250 2123 vas
3283 2067 3424 2122 Adae
3450 2072 3589 2123 ante
3612 2065 3700 2121 in-

323 2165 513 2219 σκεῦος
554 2164 647 2210 τοῦ
694 2154 891 2229 Ἀδάμ.
943 2157 1086 2211 Ἀλλ’
1135 2154 1316 2215 ἐπειδὴ
1369 2160 1508 2209 κακὰ
1538 2159 1665 2228 ἔσχε
1717 2154 1930 2216 διανοή-

2060 2159 2443 2215 >bedientiam
2467 2162 2592 2215 erat
2614 2162 2903 2229 tanquam
2919 2156 3211 2229 praedium
3235 2156 3547 2228 quoddam
3568 2171 3698 2227 pre-

319 2266 466 2319 ματα
497 2251 584 2300 καὶ
615 2246 922 2319 λογισμοὺς,
951 2245 1181 2299 ἀπώλετο
1212 2245 1313 2299 ἀπὸ
1343 2253 1437 2299 τοῦ
1467 2253 1621 2299 Θεοῦ.

2064 2249 2279 2304 iosum.
2314 2250 2528 2303 Verum
2558 2247 2662 2302 ubi
2689 2245 2894 2318 pravis
2924 2246 3281 2301 commentis
3310 2248 3365 2301 et
3391 2244 3696 2315 cogitatio-

2038 2337 2217 2393 nibus
2246 2352 2308 2393 se
2338 2336 2608 2404 involvit,
2640 2336 2813 2408 periit
2845 2351 2880 2391 a
2910 2336 3051 2390 Deo.

394 2457 467 2512 B’.
517 2457 592 2511 Οὐ
623 2458 835 2529 λέγομεν
885 2454 944 2510 δὲ
995 2460 1076 2510 ὅτι
1114 2456 1345 2510 ἀπώλετο
1392 2460 1451 2509 τὸ
1477 2457 1589 2510 ὅλον
1619 2460 1709 2511 καὶ
1746 2458 1927 2530 ἠφανί-

2108 2463 2174 2516 ΙΙ.
2225 2465 2350 2518 Non
2383 2466 2584 2517 tamen
2634 2460 2913 2529 dicimus,
2944 2458 3111 2532 quod
3145 2461 3305 2514 totus
3352 2456 3612 2529 perierit,
3641 2460 3698 2514 et

322 2549 449 2612 σθη,
481 2552 573 2600 καὶ
603 2546 852 2599 ἀπέθανεν
887 2564 899 2576 °
935 2545 1035 2598 ἀπὸ
1081 2553 1173 2598 τοῦ
1201 2554 1334 2600 Θεοῦ
1365 2545 1602 2611 ἀπέθανε,
1631 2554 1690 2619 τῇ
1727 2543 1785 2599 δι
1813 2544 1928 2621 ἰδίᾳ

2058 2552 2360 2607 :xstinctus
2382 2566 2453 2606 ac
2480 2555 2749 2606 mortuus
2775 2549 2884 2604 sit:
2919 2564 2954 2604 a
2982 2554 3303 2618 conspectu
3325 2546 3428 2601 Dei
3447 2546 3696 2618 quidem

320 2638 475 2710 φύσει
529 2636 615 2708 ζῇ.
671 2631 815 2688 ’ἰδοὺ
860 2637 960 2709 γὰρ
1012 2634 1125 2696 ὅλος
1156 2636 1181 2687 ό
1233 2638 1429 2707 κόσμος
1485 2639 1921 2709 περιπατεῖὲντῇ

2058 2646 2307 2697 nortuus
2352 2644 2459 2705 est,
2506 2655 2617 2695 sua
2651 2642 2853 2695 autem
2881 2641 3098 2693 natura
3141 2635 3300 2691 vivit.
3335 2638 3482 2690 Ecce
3535 2635 3696 2690 enim

316 2733 412 2797 γῇ,
466 2730 553 2777 καὶ
615 2727 1043 2798 πραγματεύεται
1103 2742 1114 2753 ’
1174 2723 1281 2776 ἀλλ’
1340 2724 1601 2797 ὀφθαλμός
1657 2733 1748 2777 τοῦ
1792 2732 1926 2778 Θεοῦ

2058 2730 2350 2785 universus
2399 2728 2661 2784 mundus
2711 2726 2983 2783 ambulat
3036 2725 3097 2780 in
3143 2729 3321 2793 terra,
3372 2728 3428 2779 et
3455 2724 3696 2792 negotia

320 2810 495 2885 βλέπει
545 2812 701 2866 αὐτὸν
747 2817 834 2865 τὸν
882 2821 1021 2877 νοῦν,
1078 2817 1168 2865 καὶ
1212 2816 1307 2875 τὰς
1350 2814 1674 2885 ἐνθυμήσεις,
1721 2819 1810 2866 καὶ
1857 2817 1926 2875 ὡς

2060 2818 2263 2885 δίει·ᾶεὶι
2293 2838 2305 2871 :
2340 2823 2399 2873 at
2429 2817 2640 2872 oculus
2660 2816 2759 2872 Dei
2791 2814 2954 2871 videt
2983 2815 3179 2885 ipsam
3210 2815 3472 2868 mentem
3502 2827 3573 2868 ac
3598 2827 3698 2867 co-

318 2900 637 2973 περιϐλέπει,
691 2906 777 2953 καὶ
821 2901 1162 2975 παραϐλέπει,
1221 2907 1310 2953 καὶ
1339 2902 1399 2953 οὐ
1457 2909 1594 2955 ποιεῖ
1648 2901 1695 2953 ἐν
1748 2903 1926 2964 αὐτοῖς

2057 2907 2373 2975 gitationes,
2424 2911 2480 2960 et
2509 2906 2682 2977 quasi
2728 2902 2970 2974 respicit
2997 2907 3054 2958 et
3095 2901 3365 2972 despicit,
3398 2915 3509 2956 nec
3557 2915 3695 2955 cum

319 2994 609 3057 κοινωνίαν,
665 2986 845 3049 ἐπειδὴ
899 2987 1050 3042 οὐδὲν
1100 2989 1375 3063 εὐάρεστον
1420 2998 1491 3060 τῷ
1534 2998 1646 3061 Θεῷ
1692 2990 1923 3062 λογίζον-

2056 2996 2116 3049 lis
2148 2996 2331 3051 ullam
2363 2996 2701 3049 societatem
2737 2993 2885 3058 init;
2917 2990 3062 3062 quia
3090 2989 3234 3045 nihil
3262 2988 3428 3061 quod
3458 2993 3694 3058 gratum

324 3094 434 3127 ται.
491 3075 689 3151 ’Ὠσπερ
750 3075 834 3130 ἰὰν
892 3077 993 3131 ὦσι
1046 3075 1364 3149 πανδοχεῖα,
1415 3083 1504 3130 καὶ
1557 3086 1783 3153 πορνεῖα,
1837 3084 1962 3138 καὶ,

2056 3085 2107 3140 ιίῐ
2155 3086 2273 3139 1)θο
2317 3081 2778 3152 cogitationibus
2828 3079 3175 3135 moliuntur.
3225 3077 3471 3131 Perinde
3520 3092 3591 3131 ac
3647 3078 3694 3131 si

324 3167 481 3215 τόποι
509 3166 635 3216 ὅπου
682 3165 891 3229 ἁταξίαι
943 3172 1173 3237 γίνονται
1218 3171 1308 3219 καὶ
1340 3166 1562 3219 ἀσωτίαι
1594 3183 1607 3197 '
1653 3168 1829 3220 λοιπόν
1878 3171 1926 3221 οἱ

2056 3174 2152 3229 sint
2198 3171 2528 3228 diversoria
2574 3186 2643 3225 ac
2672 3168 3010 3240 lupanaria,
3043 3171 3102 3223 et
3148 3167 3302 3226 loca.
3353 3164 3451 3219 ubi
3489 3165 3694 3224 omnia

327 3249 584 3312 θεοσεϐεῖς
640 3258 1020 3327 παρερχόμενοι
1072 3256 1130 3307 οὐ
1208 3252 1615 3327 βδελύσσονται,
1667 3261 1756 3308 καὶ
1814 3254 1925 3329 βλέ-

2049 3260 2446 3333 .ncompositis
2470 3258 2737 3315 moribus
2759 3273 2827 3313 ac
2858 3257 3326 3326 intemperanter
3353 3256 3643 3322 geruntur
3675 3269 3687 3308 :

326 3359 510 3401 ποντες
563 3341 623 3392 οὐ
678 3339 953 3414 βλέπουσιν
985 3361 999 3409 ;
1028 3347 1096 3406 ὡς
1145 3346 1301 3417 νεκρὰ
1350 3347 1450 3418 γὰρ
1505 3344 1682 3407 αὐτοῖς
1738 3343 1877 3396 ἔστιν
1910 3366 1922 3379 ο

2055 3354 2243 3405 )ostea
2272 3348 2319 3404 si
2349 3347 2609 3418 religiosi
2628 3346 2903 3403 homines
2934 3347 3260 3407 transeant,
3293 3356 3494 3397 nonne
3526 3356 3693 3396 exse-

328 3428 467 3479 οὔτω
522 3431 666 3481 καὶὸ
708 3434 833 3491 Θεὸς
875 3433 957 3484 ἐπὶ
994 3437 1111 3495 τοὺς
1158 3436 1633 3495 ἄποστατήσαντας
1689 3429 1782 3486 διὰ
1834 3441 1927 3485 τοῦ

2050 3444 2276 3495 arantur
2297 3439 2325 3495 ?
2365 3442 2423 3493 et
2452 3437 2718 3492 videntes
2754 3450 2875 3491 non
2902 3433 3142 3488 vident:
3177 3431 3341 3502 (sunt
3376 3429 3538 3485 enim
3575 3428 3688 3484 illis

325 3517 480 3588 λόγου
539 3518 721 3587 αὐτοῦ,
779 3525 866 3573 καὶ
922 3522 1022 3573 ἀπὸ
1064 3530 1159 3583 τῆς
1211 3521 1437 3587 ἐντολῆς,
1494 3521 1755 3575 ἐπιϐλέπει
1812 3526 1922 3596 μὲν,

2053 3528 2207 3601 {nasi
2231 3531 2502 3583 mortua:
2532 3528 2550 3596 )
2584 3525 2666 3579 sic
2697 3526 2849 3579 Deus
2881 3518 3377 3578 aversosaverbo
3406 3534 3479 3575 ac
3512 3533 3691 3574 man-

314 3603 455 3657 ἀλλὰ
513 3607 833 3682 παραϐλέπει
881 3609 1089 3679 αὐτοὺς,
1148 3616 1236 3662 καὶ
1296 3611 1354 3663 οὗ
1411 3618 1550 3663 ποιεῖ
1601 3611 1703 3663 έκεῖ
1748 3632 1928 3664 κοινω-

2051 3617 2177 3673 lato
2208 3632 2317 3672 suo
2364 3615 2606 3686 respicit
2628 3613 2910 3687 quidem;
2965 3614 3226 3666 attamen
3257 3607 3511 3679 despicit
3563 3622 3689 3674 eos,

322 3700 457 3759 νίαν,
489 3700 606 3749 οὔτε
632 3697 1021 3751 ἐπαναπαύεται
1068 3700 1140 3760 εἰς
1192 3703 1313 3762 τοὺς
1365 3700 1650 3773 λογισμοὺς
1701 3701 1869 3754 αὐτῶν
1900 3703 1926 3753 ό

2056 3723 2145 3762 nec
2175 3723 2314 3762 cum
2353 3705 2438 3763 eis
2468 3704 2655 3760 ullum
2695 3700 3126 3758 commercium
3157 3698 3315 3763 colit,
3355 3712 3467 3753 nec
3496 3697 3694 3769 requi-

324 3786 534 3855 Κύριος-
2035 3797 2178 3852 escit
2201 3796 2260 3851 in
2291 3792 2752 3865 cogitationibus
2783 3790 3020 3847 illorum
3060 3787 3370 3845 Dominus.

396 3890 467 3946 I".
503 3892 890 3965 Ἐρώτησις.
935 3902 1070 3957 Πῶς
1105 3915 1209 3957 τις
1248 3892 1527 3949 δύναται
1563 3894 1728 3950 εἶναι
1766 3917 1925 3951 πτω-

2106 3904 2195 3957 Ill.
2224 3901 2647 3970 Interrogatio.
2685 3896 2981 3963 Quomodo
3010 3895 3141 3964 quis
3160 3894 3355 3963 potest
3382 3906 3505 3949 esse
3541 3906 3688 3961 pau-

320 3983 437 4050 χός
466 3990 546 4051 τῷ
572 3986 906 4053 πνεύματι,
932 3984 1227 4056 μάλιστα
1256 3986 1357 4037 ὅτε
1386 3984 1671 4058 αἰσθηθῇ
1706 3985 1763 4037 ἐν
1796 3986 1928 4039 ἑαυ-

2045 4007 2142 4054 per
2166 3990 2405 4068 spiritu,
2430 3990 2687 4043 maxime
2707 4001 2841 4041 cum
2862 3982 3109 4040 senserit
3120 3981 3287 4051 apud
3300 3995 3382 4049 se,
3406 3995 3466 4036 se
3491 3985 3683 4037 trans-

321 4069 424 4138 τῷ,
454 4072 544 4122 ὄτι
570 4076 881 4143 μετετέθη
923 4079 1031 4126 καὶ
1062 4074 1400 4147 προέκοψε,
1433 4079 1542 4127 καὶ
1570 4075 1663 4135 εὶς
1691 4084 1928 4147 γνῶσιν

2049 4082 2227 4137 latum
2248 4094 2367 4134 esse
2386 4093 2457 4132 ac
2464 4074 2806 4148 profecisse,
2831 4078 2884 4129 et
2906 4070 3295 4142 cognitionem
3317 4068 3687 4139 atqueintel-

321 4164 433 4210 καὶ
464 4162 727 4213 σύνεσιν
759 4158 973 4229 ἦλθεν,
1018 4163 1086 4221 ἣν
1118 4166 1185 4215 τὸ
1215 4168 1536 4236 πρότερον
1566 4164 1678 4216 οὐκ
1705 4162 1926 4236 εἷχενς

2039 4167 2343 4238 ligentiam
2370 4169 2745 4221 consecutum
2772 4176 2911 4226 esse,
2943 4175 3061 4233 qua
3087 4164 3263 4215 antea
3288 4157 3529 4214 carebat
3553 4156 3580 4212 τ

397 4265 796 4340 Ἀπόκρισις.
848 4268 981 4332 Ἐως
1009 4270 1069 4322 οὗ
1117 4274 1286 4322 ταῦτά
1320 4289 1401 4331 τις
1430 4276 1637 4335 κτᾶται,
1689 4274 1778 4322 καὶ
1806 4289 1927 4344 προ-

2107 4273 2442 4343 Responsio.
2469 4269 2744 4337 Quandiu
2762 4269 2891 4324 haec
2906 4268 3042 4340 quis
3059 4264 3327 4337 possidet
3345 4267 3403 4320 et
3426 4262 3682 4335 proﬁcit,

325 4359 529 4420 κόπτει,
575 4356 669 4407 οὐκ
720 4360 833 4410 ἔστι
884 4362 1095 4430 πτωχὸς
1144 4367 1215 4430 τῷ
1273 4362 1543 4431 πνεύματι,
1601 4358 1706 4410 ἀλλ’
1765 4361 1929 4411 οἴεται

2040 4379 2157 4418 non
2172 4367 2263 4418 est
2290 4376 2521 4432 pauper
2546 4359 2775 4430 spiritu,
2803 4356 2909 4412 sed
2931 4356 3005 4411 de
3023 4370 3085 4409 se
3106 4354 3240 4425 ipso
3256 4353 3340 4409 sic
3363 4352 3678 4424 opinatur:

325 4448 446 4515 περὶ
497 4443 717 4497 ἑαυτοῦ·
779 4451 897 4499 ὅταν
945 4445 1004 4500 δὲ
1051 4449 1171 4522 ἔλθῃ
1206 4449 1271 4509 εἰς
1320 4451 1514 4506 ταύτην
1568 4453 1660 4507 τὴν
1720 4450 1963 4524 σύνεσιν]

2047 4452 2281 4525 quando
2308 4465 2447 4506 vero
2477 4447 2811 4521 pervenerit
2833 4445 2908 4502 ad
2938 4444 3118 4501 talem
3149 4442 3604 4513 intelligentiam
3630 4444 3685 4497 et

325 4536 418 4583 καὶ
465 4537 556 4590 τὴν
613 4541 902 4607 προκοπὴν,
962 4538 1095 4595 αὕτη
1157 4540 1186 4596 ἡ
1246 4540 1411 4610 χάρις
1469 4534 1719 4590 διδάσκει
1771 4536 1926 4588 αὐτὸν

2048 4540 2389 4612 profectum,
2418 4539 2553 4610 ipsa
2576 4537 2767 4607 gratia
2791 4535 2964 4590 docet
2984 4549 3143 4599 eum,
3172 4531 3278 4603 qui
3306 4547 3369 4586 re
3394 4546 3528 4586 vera
3561 4529 3686 4601 qui-

327 4617 458 4672 εἶναι
482 4627 695 4695 πτωχὸν
721 4634 792 4693 τῷ
842 4630 1115 4696 πνεύματι,
1147 4631 1233 4680 τὸν
1266 4632 1387 4680 ὄντα
1442 4629 1558 4679 τινὰ
1603 4623 1807 4678 δίκαιον
1837 4629 1926 4677 καὶ

2049 4630 2173 4684 iem
2198 4632 2394 4698 justus
2433 4631 2489 4682 et
2516 4625 2738 4681 electus
2770 4624 2867 4680 Dei
2899 4627 3006 4689 est,
3044 4637 3116 4676 ne
3163 4624 3330 4691 putet
3369 4634 3433 4674 se
3458 4614 3687 4690 aliquid

330 4707 559 4763 ἔκλεκτόν
616 4718 764 4780 Θεοῦ,
831 4721 903 4787 μὴ
962 4718 1209 4789 ἡγεῖσθαί
1276 4736 1327 4769 τι
1384 4735 1565 4769 εαυτον
1619 4711 1766 4779 εἶναι,
1822 4713 1914 4766 ἀλλ

2047 4734 2187 4781 esse,
2229 4715 2332 4772 sed
2364 4716 2568 4771 animo
2609 4714 2703 4769 vili
2734 4717 2791 4769 et
2818 4712 3052 4784 abjecto
3081 4725 3143 4766 se
3181 4712 3368 4781 gerat,
3397 4712 3685 4779 tanquam

326 4797 469 4867 ἔχειν
518 4804 612 4859 τὴν
662 4801 848 4873 ψυχὴν
902 4804 1062 4857 αὐτοῦ
1110 4807 1297 4878 ἄτιμον
1326 4810 1413 4858 καὶ
1473 4800 1924 4875 ἐξουδενουμένην,

2044 4807 2179 4863 nihil
2208 4807 2403 4862 sciens
2435 4810 2536 4859 aut
2572 4804 2824 4866 habens,
2856 4800 3133 4873 quamvis
3165 4799 3312 4855 sciat
3342 4801 3400 4854 et
3437 4796 3682 4853 habeat.

325 4885 398 4947 ὡς
422 4885 588 4958 μηδὲν
637 4886 817 4942 εἰδότα
841 4892 870 4949 ἦ
901 4895 1110 4963 ἔχοντα,
1162 4899 1332 4946 καίτοι
1380 4890 1557 4947 εἰδότα
1584 4898 1673 4945 καὶ
1711 4894 1923 4963 ἔχοντα.

2048 4899 2155 4952 Hoc
2183 4911 2326 4950 vero
2365 4899 2655 4965 tanquam
2694 4890 2966 4947 naturale
3017 4894 3075 4946 et
3102 4888 3352 4944 inﬁxum
3389 4887 3451 4942 in
3488 4890 3686 4942 mente

320 4981 493 5027 Τοῦτο
525 4972 583 5025 δὲ
630 4978 698 5036 ὡς
728 4984 943 5047 φυσικὸν
995 4987 1085 5033 καὶ
1140 4987 1339 5040 πηκτόν
1386 4986 1583 5055 γίνεται
1633 4981 1716 5034 ἐπὶ
1748 4989 1818 5052 τῷ
1849 4984 1928 5033 νοῖ

2047 4984 2353 5040 hominum
2398 4986 2501 5037 est.
2555 4981 2761 5036 Nonne
2788 4980 2977 5046 vides,
3013 4979 3278 5050 primum
3309 4981 3544 5047 patrem
3583 4990 3685 5031 no-

319 5070 423 5114 τῶν
456 5060 756 5136 ἀνθρώπων.
805 5070 927 5138 Οὐχ
957 5070 1081 5140 ὁρᾷς
1107 5072 1131 5121 ό
1160 5073 1442 5146 προπάτωρ
1496 5074 1640 5142 ἡμῶν
1673 5070 1917 5144 Ἀϐραὰμ

2049 5079 2223 5128 strum
2270 5071 2573 5126 Abraham
2619 5069 2687 5134 1⁸,
2715 5084 2853 5123 cum
2884 5070 3037 5123 esset
3091 5065 3335 5129 electus,
3372 5068 3591 5121 terram
3630 5066 3687 5120 et

322 5152 392 5203 ὢν
424 5150 673 5219 ἐκλεκτὸς,
725 5162 824 5223 γῆν
873 5155 1051 5208 ἑαυτὸν
1082 5163 1171 5209 καὶ
1217 5158 1413 5213 σποδὸν
1462 5160 1697 5233 ὠνόμαζε
1727 5178 1744 5230 ;
1779 5164 1868 5211 καὶ
1899 5162 1924 5212 ό

2050 5162 2295 5218 zinerem
2326 5175 2387 5214 se
2412 5159 2613 5229 ipsum
2643 5156 2993 5212 nominasse
3015 5155 3042 5210 ?
3074 5156 3139 5210 Et
3166 5153 3351 5210 David
3385 5156 3600 5208 unctus
3625 5152 3688 5209 in

324 5238 511 5304 Δαϐὶδ,
551 5244 799 5314 χρισθεὶς
828 5244 901 5307 εἰς
951 5242 1189 5318 βασιλέα,
1226 5251 1354 5300 Θεόν
1384 5245 1497 5319 εἶχε
1546 5247 1659 5320 μεθ’
1698 5248 1880 5301 ἑαυτοῦ
1903 5280 1918 5292 -

2052 5264 2259 5319 vegem,
2291 5250 2474 5303 Deum
2505 5244 2769 5302 habebat
2798 5259 3002 5299 secum
3022 5244 3092 5308 1°,
3126 5246 3181 5299 et
3208 5256 3351 5297 sane
3376 5240 3523 5313 quid
3551 5241 3633 5296 ait
3659 5236 3690 5295 τ

321 5330 689 5403 καὶτίλέγει;
738 5334 993 5398 Σκώληξ
1058 5334 1189 5408 εἰμὶ
1228 5341 1335 5388 καὶ
1377 5337 1493 5389 οὐκ
1559 5339 1922 5410 ἄνθρωπος,

2046 5338 2268 5395 Vermis
2281 5352 2429 5404 sum,
2454 5340 2509 5391 et
2528 5350 2648 5390 non
2670 5333 2861 5398 homo,
2882 5330 3262 5404 opprobrium
3280 5328 3606 5393 hominum,
3626 5332 3683 5383 et

325 5417 572 5482 ὄνειδος
609 5423 979 5497 ἀνθρώπων,
1022 5429 1129 5477 καὶ
1187 5421 1602 5499 έξουδένωμα
1664 5426 1850 5482 λαῶν.

942 5446 979 5491 ν,
1022 5429 1129 5477 καὶ
1187 5421 1602 5499 έξουδένωμα
1664 5426 1850 5482 λαῶν.
2035 5423 2580 5498 αὐ]θοῑίορίεὺὶε²⁰.

394 5526 468 5581 Δ’.
527 5530 593 5581 Oi
641 5526 729 5583 οὖν
784 5531 1009 5595 θέλοντες
1059 5534 1254 5587 τούτων
1299 5530 1428 5587 εἶναι
1483 5533 1918 5609 συγκληρονόμοι,

2104 5535 2193 5591 IV.
2227 5533 2336 5600 Qui
2361 5530 2567 5589 volunt
2595 5530 2772 5604 igitur
2810 5542 2938 5585 esse
2969 5526 3189 5586 horum
3226 5521 3594 5589 cohaeredes,
3624 5522 3680 5579 et

404 5671 452 5709 1'
481 5672 622 5731 Gen.
657 5691 819 5745 xvm,
852 5678 941 5734 27.
1017 5678 1110 5733 "1
1147 5679 1307 5737 Sam.
1338 5690 1458 5746 xvx,
1486 5678 1552 5735 13
1627 5679 1672 5719 ³ο
1698 5678 1851 5737 Psal.
1886 5692 2029 5745 nn,
2060 5680 2112 5737 7.
