4148 6262
482 259 585 315 539
1761 255 1822 313 S.
1865 252 2164 310 MACARII
2203 251 2514 310 EGYPTII

3729 256 3833 312 540

475 385 565 450 tit,
591 385 736 440 dum
767 400 827 439 se
850 385 1051 454 ipsum
1071 381 1352 438 violenter
1383 396 1617 452 semper
1648 386 1828 453 atque
1850 383 2126 452 prompte

2242 380 2315 433 ἀεὶ
2371 378 2461 452 βίᾳ
2518 383 2608 432 καὶ
2677 382 2943 452 προθυμίᾳ
3009 379 3417 453 αἰχμαλωτίζειν
3490 381 3691 447 ἑαυτὸν,
3749 385 3842 432 καὶ

479 475 786 546 captivum
823 473 987 528 ducit
1028 471 1103 527 ad
1141 471 1480 536 Dominum,
1513 475 1569 525 et
1599 469 1682 524 illi
1723 470 1832 525 soli
1865 469 2128 525 adhaeret

478 569 544 619 ut
588 564 808 618 dictum
856 568 981 616 est:
1008 561 1320 630 Captivam
1343 560 1618 615 ducentes
1647 574 1874 615 omnem
1908 560 2128 628 cogita-

484 653 696 708 tionem
729 657 780 706 et
801 650 1183 706 obediendum
1219 649 1452 704 Christo
1480 651 1495 683 ¹
1524 666 1538 701 ;
1569 655 1629 703 ut
1658 663 1762 718 per
1779 645 2128 717 hujusmodi

480 745 801 808 certamen,
819 739 1178 794 desiderium
1205 737 1721 807 etindagationem
1753 752 1920 790 mens
1943 735 2129 804 digna

479 831 782 893 reddatur,
815 845 950 900 quae
984 828 1211 881 sitcum
1247 825 1497 880 Domino
1525 825 1585 879 in
1627 840 1813 879 unum
1848 823 2127 894 Spiritum

481 918 618 974 doni
650 925 704 973 et
738 917 942 987 gratiae
975 915 1203 979 Christi,
1231 913 1607 986 requiescens
1633 915 1694 968 in
1721 929 1857 968 vase
1889 912 2126 976 animae,

479 1009 556 1065 ad
574 1024 752 1063 omne
769 1007 998 1062 bonum
1025 1022 1158 1061 eam
1191 1003 1565 1066 adornantis,
1595 1018 1704 1057 nec
1725 1002 1841 1057 ulla
1860 1001 2130 1057 afﬁcien-

478 1098 549 1152 tis
584 1096 943 1152 contumelia
975 1095 1261 1166 Spiritum
1304 1092 1559 1156 Domini,
1591 1107 1714 1146 suae
1751 1090 1983 1146 libidini
2022 1089 2130 1145 ob-

476 1186 896 1258 temperando,
925 1191 1105 1256 atque
1138 1183 1317 1252 hujus
1369 1180 1573 1236 sthuli
1627 1178 2127 1251 occupationibus

481 1280 584 1330 aut
651 1273 1005 1336 honoribus,
1056 1275 1159 1325 aut
1228 1269 1646 1338 dignitatibus,
1703 1274 1804 1325 aut
1873 1267 2128 1339 prOpriis

482 1362 889 1434 opinionibus,
919 1366 1020 1415 aut
1059 1358 1399 1414 carnalibus
1428 1357 1858 1429 voluptatibus,
1894 1363 1999 1412 aut
2024 1357 2130 1412 im-

478 1452 810 1522 proborum
870 1449 1188 1504 hominum
1246 1446 1534 1501 sodalitiis
1587 1452 1643 1501 et
1702 1445 1967 1516 collegiis
2028 1443 2130 1499 ad-

480 1541 788 1596 haerendo.

551 1645 954 1701 XII.Amabile
987 1645 1144 1699 enim
1179 1648 1264 1698 est
1293 1641 1606 1714 quidpiam
1635 1641 1858 1707 anima,
1892 1656 2026 1712 quae
2048 1643 2130 1695 to-

2239 469 2377 540 αύτῷ
2407 473 2545 540 μόνῳ
2575 469 3028 542 προσκαλλᾶσθαι,
3075 473 3244 531 καθὼς
3276 475 3478 545 εἰρηται
3510 488 3523 500 ⁸
3591 470 3844 542 Αἰχμα-

2237 558 2623 618 λωτίζοντες
2677 564 2800 610 πᾶν
2840 578 3044 631 νοημα
3104 559 3192 620 εἰς
3231 564 3344 618 τήν
3400 562 3690 617 ὑπακοὴν
3732 565 3844 610 τοῦ

2241 653 2577 721 Χριστοῦο

2243 738 2354 802 θου,
2432 742 2519 791 καὶ
2596 737 2862 798 ζητήσεως
2938 739 2962 789 ὁ
3029 745 3143 798 νοῦς
3216 737 3515 810 καταξιωθῇ
3593 739 3841 808 γενέσθαι

2239 827 2370 896 μετά
2463 833 2555 876 τοῦ
2648 831 2842 897 Κυρίου
2921 825 2986 886 εἰς
3061 826 3109 877 ἓν
3199 833 3402 898 πνεῦμα
3473 833 3570 887 τῆς
3645 821 3847 898 δωρεᾶς

2635 649 2772 709 ὅπως
2803 645 2896 700 διὰ
2952 655 3044 700 τοῦ
3075 651 3312 700 τοιούτου
3363 647 3578 719 ἀγῶνος,
3614 650 3706 699 καὶ
3749 652 3846 700 πό-

2241 919 2329 965 καὶ
2385 916 2609 987 χάριτος
2662 922 2754 966 τοῦ
2831 922 3084 988 Χριστοῦ,
3157 914 3586 987 ἀναπαυσάμενος
3642 914 3690 967 ἐν
3767 922 3844 985 τῷ

2241 1001 2433 1074 ἀγγείῳ
2493 1012 2586 1065 τῆς
2649 1003 2856 1075 ψυχῆς,
2917 1004 2988 1066 εἰς
3044 1009 3146 1056 πᾶν
3201 1007 3348 1077 ἔργον
3408 1003 3604 1076 ἀγαθὸν
3657 1023 3848 1077 προευ-

2238 1095 2620 1165 τρεπισαμένης
2673 1091 2853 1158 αὐτῆς,
2907 1096 2996 1144 καὶ
3049 1092 3143 1144 οὐκ
3195 1091 3574 1166 ἐνυϐριζούσης
3625 1097 3684 1145 τό
3749 1100 3845 1145 τοῦ

2243 1183 2434 1252 Κυρίου
2489 1187 2697 1252 Πνεῦμα
2750 1179 2798 1232 ἐν
2856 1189 2964 1242 τοῖς
3032 1178 3185 1242 ἰδίοις
3249 1181 3524 1253 θελήμασι,
3581 1186 3672 1234 καὶ
3733 1189 3849 1243 τοῖς

2238 1276 2329 1319 τοῦ
2381 1268 2564 1330 αἰῶνος
2620 1271 2804 1321 τούτου
2857 1269 3198 1344 ῥεμϐασμοῖς,
3241 1271 3269 1329 ἢ
3316 1267 3515 1337 δόξαις,
3558 1273 3587 1329 ἡ
3646 1269 3850 1345 ἀρχαῖς

2240 1360 2268 1415 ἦ
2333 1354 2816 1429 ἰδιογνωμοσύναις,
2883 1360 2911 1417 ἢ
2969 1357 3182 1420 ἡδοναῖς
3239 1367 3534 1434 σαρκικαῖς,
3593 1364 3684 1412 καὶ
3742 1368 3846 1412 τῶν

2237 1455 2476 1520 «mir
2506 1446 2785 1524 ἀνθρώπων
2815 1444 3196 1520 συνδυασμοῖς,
3229 1454 3318 1501 καὶ
3348 1453 3660 1511 κοινωνίαις.

2313 1641 2409 1696 ΙΒ’.
2461 1643 2755 1714 Ἀγαπητὸν
2800 1646 2900 1719 γὰρ
2956 1642 3056 1696 ἔδει
3097 1644 3198 1706 ὅλη,
3239 1643 3290 1707 ἐξ
3351 1644 3469 1698 ὅλου
3531 1645 3718 1703 ἑαυτήν
3772 1653 3852 1716 τῷ

477 1740 538 1791 ta
568 1736 814 1790 omnino
847 1735 1104 1804 seipsam
1130 1733 1382 1787 Domino
1402 1746 1782 1794 consecrans,
1800 1730 1999 1802 illique
2020 1729 2128 1784 soli

2244 1737 2418 1806 Κυρίῳ
2473 1731 2741 1800 ἀναθεῖσα,
2810 1738 2899 1785 καὶ
2972 1734 3114 1805 αύτῷ
3187 1739 3336 1806 μόιᾳ
3383 1734 3847 1808 προσκολλωμένη,

479 1825 814 1888 adhaerens,
848 1825 905 1877 in
953 1825 1077 1893 ejus
1132 1822 1432 1876 mandatis
1491 1821 1617 1875 sine
1666 1820 1788 1876 ulla
1828 1820 2130 1876 oblivione

478 1913 822 1980 ambulans,
845 1916 1021 1982 atque
1050 1911 1336 1982 Spiritum
1369 1910 1577 1965 Christi
1608 1909 2043 1974 advenientem,
2076 1913 2132 1964 et

479 2004 943 2059 obumbrantem
970 2005 1300 2055 reverenter
1324 1999 1629 2054 honorans
1660 1998 2127 2068 dignahabetur,

480 2097 541 2148 ut
583 2108 719 2146 cum
770 2091 901 2161 ipso
959 2105 1112 2144 unus
1165 2089 1432 2160 spiritus,
1468 2093 1526 2143 et
1575 2104 1696 2143 una
1748 2103 1952 2142 massa
2004 2086 2126 2142 ﬁat.

480 2181 638 2238 Sicut
656 2181 851 2251 inquit
877 2177 1195 2250 Apostolus
1221 2195 1232 2231 :
1267 2178 1378 2242 Qui
1400 2176 1665 2233 adhaeret
1688 2176 1954 2247 Domino,
1976 2192 2129 2231 unus

479 2272 726 2340 spiritus
758 2273 839 2324 est
872 2274 912 2320 ².
958 2268 1012 2323 Si
1066 2283 1205 2322 vero
1245 2267 1378 2338 quis
1413 2267 1676 2335 seipsum
1725 2265 1919 2321 tradat
1948 2264 2128 2331 curis,

480 2364 582 2415 aut
615 2358 837 2428 glorias,
880 2361 982 2412 aut
1011 2356 1425 2427 dignitatibus,
1458 2359 1559 2410 aut
1588 2355 1889 2409 honorum
1919 2354 2131 2410 huma-

477 2465 696 2504 norum
727 2463 931 2502 curam
982 2445 1220 2508 habeat,
1251 2451 1304 2498 et
1324 2444 1452 2498 haec
1477 2443 1737 2498 studiose
1762 2447 1991 2514 quaarat
2021 2465 2032 2496 :
2061 2442 2132 2497 si-

479 2553 596 2609 que
623 2536 829 2592 anima
849 2535 977 2605 ejus
1010 2533 1252 2588 terrenis
1266 2532 1725 2601 cogitationibus
1750 2532 2131 2588 commiscea-

479 2633 574 2683 tur
619 2631 721 2681 aut
765 2623 1189 2686 confundatur,
1217 2627 1318 2676 aut
1347 2621 1429 2676 rei
1470 2621 1646 2676 alicui
1700 2621 1881 2691 hujus
1930 2622 2133 2676 saeculi

478 2716 555 2771 de
585 2716 708 2770 dita
722 2715 796 2768 sit
809 2729 877 2768 ac
892 2712 1175 2768 obstricta
1195 2716 1482 2775 teneatur,
1499 2710 1912 2782 desideretque
1925 2711 2133 2782 hujus-

482 2804 648 2861 modi
683 2803 886 2858 anima
943 2801 1260 2868 transilire,
1304 2799 1563 2867 effugere
1618 2805 1793 2871 atque
1840 2800 2131 2872 expellere

480 2892 760 2950 tenebras
787 2889 1190 2951 affectionum,
1217 2889 1274 2943 in
1307 2888 1526 2959 quibus
1577 2888 1870 2944 detinetur
1900 2906 1934 2944 a
1964 2889 2132 2945 mali-

479 2981 647 3038 tiosis
668 2979 1078 3052 potestatibus,
1113 2993 1233 3033 non
1260 2982 1451 3049 potest
1483 2995 1496 3043 ;
1521 2994 1591 3033 eo
1617 2977 1780 3049 quod
1821 2977 2030 3048 diligat
2060 2995 2129 3034 ac

2241 1825 2331 1872 καὶ
2373 1829 2482 1882 ταῖς
2532 1822 2753 1884 ἐντολαῖς
2805 1822 2964 1876 αὐτοῦ
3009 1821 3365 1885 ἀνεπιλήστως
3415 1822 3847 1900 ἐνδιατρίϐουσα,

2241 1914 2330 1963 καὶ
2382 1914 2440 1963 τὸ
2497 1909 2840 1983 ἐπιφοιτῆσαν
2915 1916 3005 1963 καὶ
3068 1911 3383 1964 ἓπισκιάσαν
3456 1920 3548 1965 τοῦ
3605 1920 3852 1987 Χριστοῦ

2244 2007 2451 2072 Πνεῦμα
2504 2000 2663 2063 ἀξίως
2713 2005 3009 2072 τιμήσασα,
3059 2001 3357 2074 καταξιωθῇ
3408 2002 3518 2074 μετ’
3569 2002 3731 2055 αὐτοῦ
3771 2003 3852 2065 εἰς

2243 2089 2291 2140 ἓν
2335 2097 2538 2161 πνεῦμα
2588 2095 2678 2142 καὶ
2725 2096 2847 2161 μίαν
2900 2096 3088 2164 κρᾶσιν
3139 2093 3404 2161 γενέσθαι,
3459 2093 3631 2152 καθώς
3682 2111 3851 2163 φησιν

2244 2180 2268 2229 ό
2327 2178 2636 2240 Ἀπόστολος
2691 2196 2704 2209 ·
2762 2178 2820 2232 Ὀ
2871 2180 3270 2252 κολλώμενος
3325 2189 3416 2251 τῷ.
3502 2186 3727 2255 Κυρίῳ,
3783 2180 3851 2233 ἓν

2242 2287 2318 2319 πν
2338 2270 2496 2339 εῦμά
2536 2267 2736 2322 ἐστιν.
2771 2268 2891 2321 Ἐὰν
2922 2265 2983 2322 δέ
3005 2288 3078 2330 τις
3099 2266 3238 2339 ἐκδῷ
3262 2269 3442 2322 ἑαυτὸν
3469 2269 3541 2331 εἰς
3564 2274 3846 2344 μέριμναν,

2244 2356 2274 2413 ἢ
2309 2353 2484 2421 δόξαν,
2519 2358 2546 2416 ἦ
2583 2356 2779 2429 ἀρχὴν,
2813 2359 2841 2416 ἦ
2888 2366 3047 2430 τιμῶν
3080 2356 3411 2430 ἀνθρωπίνων
3443 2357 3850 2431 ἐπιμελήσηται,

2243 2451 2333 2497 καὶ
2360 2454 2526 2498 ταῦτα
2573 2446 2818 2518 ἐπιζητῇ,
2852 2452 2939 2499 καὶ
2981 2446 3029 2500 ἓν
3059 2450 3261 2519 γηῖνοις
3298 2447 3573 2520 λογισμοῖς
3602 2450 3632 2506 ἡ
3682 2448 3848 2520 ψυχὴ

2245 2533 2565 2608 ἀναφύρηται
2635 2540 2724 2588 καὶ
2781 2540 3098 2607 συγχέηται,
3155 2537 3183 2594 ἢ
3245 2538 3293 2588 ἒν
3352 2557 3453 2589 τινι
3503 2544 3592 2590 τοῦ
3661 2537 3856 2600 αἰῶνος

2243 2626 2430 2675 τούτου
2482 2620 2704 2682 δέδηται
2755 2629 2844 2676 καὶ
2881 2626 3218 2697 κεκράτηται,
3247 2629 3336 2677 καὶ
3377 2627 3510 2697 ποθῇ
3545 2627 3573 2683 ἦ
3623 2629 3850 2683 τοιαύτη

2242 2712 2396 2783 ψυχὴ
2441 2709 2764 2784 διαπερᾶσαι
2814 2718 2903 2765 καὶ
2934 2721 3130 2785 φυγεῖν,
3183 2719 3272 2766 καὶ
3319 2713 3558 2776 ἐξελάσαι
3608 2717 3666 2766 τὸ
3721 2719 3854 2767 σκό-

2242 2819 2328 2862 τος
2380 2809 2478 2852 τῶν
2525 2803 2724 2868 παθῶν,
2780 2801 2850 2863 εἰς
2891 2802 2915 2854 ὃ
2969 2807 3246 2874 κατέχεται
3298 2804 3396 2855 ύπό
3450 2812 3549 2854 τῶν
3605 2812 3847 2875 πονηρῶν

2243 2885 2530 2962 δυνάμεων,
2585 2891 2644 2942 ού
2704 2887 2944 2958 δύναται,
3003 2888 3096 2943 διὰ
3150 2895 3207 2943 τὸ
3258 2891 3483 2963 ἀγαπᾷν,
3537 2896 3623 2943 καὶ
3673 2897 3842 2942 ποιεῖν

2240 2982 2298 3030 τὸ
2343 2981 2540 3049 θέλημα
2593 2986 2682 3032 τοῦ
2737 2984 2975 3047 σκότους,
3033 2986 3122 3033 καὶ
3168 2981 3364 3042 τελείως
3413 2985 3485 3054 μὴ
3545 2987 3712 3054 μισεῖν
3770 2981 3843 3032 τὰ

479 3070 661 3127 faciat
712 3069 1074 3125 voluntatem
1135 3067 1537 3136 tenebrarum,
1575 3083 1684 3122 nec
1710 3067 1948 3139 capitali
1990 3067 2128 3125 odio

2242 3065 2634 3142 ἐπιτηδεύματα
2661 3078 2753 3132 τῆς
2783 3075 2986 3132 κακίας.

479 3175 586 3232 per
614 3165 890 3231 sequatur
911 3157 1107 3213 studia
1135 3156 1396 3212 malitiae.

547 3266 682 3321 Xlll.
728 3268 1135 3336 Praeparemus
1199 3261 1377 3328 igitur
1434 3277 1544 3317 nos
1604 3261 1789 3332 ipsos,
1848 3265 1912 3317 ut
1963 3263 2128 3318 omni

474 3353 949 3426 promptitudine
979 3369 1047 3407 ac
1085 3356 1200 3406 tota
1246 3351 1543 3405 voluntate
1575 3349 1647 3405 ad
1678 3351 1994 3406 Dominum
2037 3368 2129 3407 ac-

477 3443 782 3506 cedamus,
810 3445 864 3496 et
905 3440 1112 3496 Christi
1153 3438 1524 3494 affectatores
1570 3438 1812 3505 ﬁamus,
1846 3439 1920 3495 ad
1955 3440 2127 3511 perti-

477 3531 755 3588 ciendam
780 3533 1150 3584 voluntatem
1182 3527 1343 3597 ejus;
1365 3533 1419 3582 et
1449 3528 1831 3582 recordemur
1856 3529 2129 3584 omnium

479 3619 902 3676 mandatorum
935 3617 1087 3686 ejus,
1118 3615 1327 3670 eadem
1362 3622 1422 3670 ut
1452 3616 1745 3671 faciamus
1774 3632 1788 3682 ;
1818 3623 1995 3688 atque
2019 3634 2128 3673 nos

476 3709 642 3780 ipsos
667 3708 901 3779 penitus
931 3723 963 3761 a
987 3705 1299 3759 dilectione
1316 3705 1523 3759 mundi
1540 3709 1888 3776 separantes
1906 3706 1965 3760 in
1989 3723 2127 3761 eum

478 3797 674 3854 solum
706 3796 940 3852 animas
955 3800 1186 3849 nostras
1202 3799 1524 3860 vertamus,
1540 3797 1597 3848 et
1619 3794 1904 3860 studium,
1922 3810 2126 3850 curam

482 3904 553 3944 ac
584 3886 1105 3954 investigationem
1135 3883 1264 3953 ejus
1282 3882 1464 3937 solius
1481 3883 1538 3937 in
1556 3889 1752 3938 mente
1767 3883 2126 3940 habeamus.

479 3981 541 4032 Et
569 3977 705 4032 licet
737 3979 976 4046 propter
1003 3989 1219 4043 corpus
1246 3971 1643 4028 observationi
1678 3973 2127 4040 mandatorum,

477 4073 534 4123 et
563 4065 854 4136 obsequio
886 4062 1089 4117 divino
1131 4061 1328 4116 minus
1353 4061 1664 4131 diligenter
1689 4064 2128 4133 vacaverimus,

480 4173 650 4212 mens
684 4161 882 4209 tamen
916 4169 951 4207 a
981 4151 1292 4206 dilectione
1320 4151 1575 4216 Domini,
1610 4157 1665 4207 et
1716 4150 2125 4221 indagatione,

478 4262 549 4301 ac
603 4242 899 4300 desiderio
951 4241 1080 4311 ejus
1129 4256 1250 4295 non
1303 4245 1646 4296 avertatur:
1684 4245 1742 4296 at
1780 4242 2128 4311 hujusmodi

478 4342 674 4389 mente
715 4333 1109 4394 decertantes,
1144 4345 1211 4384 ac
1245 4333 1403 4384 recto
1455 4345 1632 4385 senso
1682 4330 1841 4384 viam
1889 4329 2130 4400 iustitiae

475 4422 1222 4490 incedentes,semperque
1254 4418 1429 4472 nobis
1463 4417 2129 4489 ipsiattendentes,con-

2247 4416 2588 4486 διοδεύοντες,
2667 4425 2755 4473 καὶ

482 4524 816 4582 sequamur
850 4508 1317 4580 promissionem
1361 4506 1607 4578 Spiritus
1640 4507 1793 4576 ejus,
1830 4511 1883 4561 et
1920 4505 2131 4562 libere-

482 4617 618 4657 mur
657 4615 762 4671 per
802 4598 1054 4667 gratiam
1095 4598 1171 4651 ab
1210 4597 1448 4651 interitu
1499 4597 1956 4650 tenebrosarum
1996 4595 2135 4651 aﬁc-

478 4691 764 4749 ctionum,
798 4687 1018 4757 quibus
1058 4685 1257 4739 anima
1300 4683 1621 4752 afﬂigitur;
1657 4683 1765 4753 37
1812 4700 1931 4754 quo
1971 4685 2135 4755 digni

479 4783 700 4834 aeterno
730 4791 915 4844 regno
947 4774 1296 4835 evadamus,
1348 4777 1406 4825 et
1435 4771 1546 4825 frui
1595 4773 1823 4826 Christo
1871 4788 1976 4843 per
2007 4790 2138 4829 om-

483 4866 582 4920 nia
616 4863 837 4918 seecula
876 4862 1042 4930 digni
1069 4861 1423 4923 habeamnr,
1457 4859 1855 4927 gloriﬁcantes
1884 4865 2134 4927 Patrem,

483 4959 541 5010 et
570 4952 798 5015 Filium,
830 4956 886 5006 et
920 4949 1197 5020 Spiritum
1232 4956 1505 5004 sanctum
1539 4964 1643 5018 per
1666 4950 1869 5006 omnia
1885 4951 2127 5010 saecula.

483 5045 696 5098 Amen.

1120 5145 1412 5201 HOMILIA
1442 5147 1502 5199 Χ.

488 5259 586 5312 Hu
600 5254 855 5310 militate
867 5258 920 5308 et
933 5251 1250 5308 alacritate
1261 5252 1592 5308 retinentur
1607 5256 1660 5308 et
1673 5254 2136 5322 augenturdona

567 5326 782 5398 gratiae
827 5325 1040 5381 divinae
1072 5343 1090 5379 :
1125 5323 1378 5380 elatione
1415 5328 1606 5379 autem
1636 5332 1687 5379 et
1716 5325 1960 5395 ignavia
2004 5341 2137 5395 per-

559 5401 810 5456 duntur.

551 5507 596 5562 Ι.
615 5505 852 5562 Animae
868 5501 1127 5559 veritatis
1140 5517 1209 5559 ac
1223 5500 1323 5557 Dei
1338 5506 1632 5567 amantes,
1647 5517 1783 5574 quae
1794 5501 1968 5574 plene
1979 5501 2135 5560 Chri-

558 5660 576 5700 ι
611 5659 655 5717 ll
698 5660 826 5716 Cor.
869 5673 937 5727 x,
967 5657 1023 5711 5.
1131 5653 1200 5710 Ἰ
1242 5655 1371 5712 Cor.
1405 5670 1475 5723 v1,
1505 5653 1592 5711 17.

2311 3263 2409 3318 II".
2477 3262 2861 3334 Ἐτοιμάσωμεν
2925 3259 3016 3315 οὖν
3070 3262 3286 3325 ἑαυτοὺς
3351 3262 3440 3336 ὅλῃ
3510 3263 3842 3336 προαιρέσει,

2238 3356 2327 3404 καὶ
2388 3351 2485 3422 ὅλῳ
2564 3351 2814 3423 θελήματι
2867 3353 2998 3425 πρὸς
3078 3355 3262 3424 Κύριον
3336 3354 3672 3425 πορεύεσθαι,
3752 3359 3848 3406 καὶ

2238 3447 2474 3513 Χριστοῦ
2541 3439 2785 3492 ἀκόλουθι
2857 3442 3114 3512 γίνεσθαι,
3196 3441 3264 3501 εἰς
3319 3444 3377 3493 τὸ
3435 3445 3500 3494 τὰ
3576 3442 3850 3515 θελήματα

2238 3529 2396 3580 αὐτοῦ
2453 3528 2716 3597 ἐπιτελεῖν,
2777 3533 2867 3581 καὶ
2914 3532 3210 3602 μεμνῆσθαι
3255 3539 3437 3584 πασῶν
3485 3538 3586 3583 τῶν
3632 3532 3848 3584 ἐντολῶν

2241 3617 2400 3670 αὑτοῦ
2456 3627 2547 3671 τοῦ
2603 3627 2826 3677 ποιῆσαι
2883 3619 3060 3684 αύτάς,
3121 3623 3212 3671 καὶ
3270 3619 3414 3681 ὅλους
3473 3620 3686 3682 ἑαυτούς
3742 3623 3847 3674 ἀπὸ

2238 3715 2334 3768 τῆς
2393 3706 2600 3778 ἀγάπης
2655 3715 2746 3760 τοῦ
2803 3712 3004 3780 κόσμου
3089 3713 3433 3781 χωρίσαντες,
3511 3710 3653 3780 αύτῷ
3707 3715 3848 3782 μόνῳ

2239 3799 2324 3856 τὰς
2377 3796 2570 3848 ἑαυτῶν
2613 3796 2799 3867 ψυχὰς
2851 3795 3246 3871 ἀναρτήσωμεν,
3297 3803 3386 3850 καὶ
3433 3802 3528 3856 τὴν
3584 3798 3848 3871 ἀσχολίαν

2241 3890 2328 3937 καὶ
2371 3890 2619 3959 μέριμναν
2658 3890 2745 3938 καὶ
2797 3886 3022 3946 ζήτησιν
3074 3887 3233 3939 αὑτοῦ
3287 3892 3445 3959 μόνου
3501 3889 3550 3940 ἐν
3599 3896 3670 3960 νῷ
3717 3891 3852 3960 ἔχω-

2239 3993 2349 4046 μεν.
2394 3973 2455 4026 Εἰ
2491 3970 2548 4026 δὲ
2597 3979 2686 4026 καὶ
2726 3971 2818 4027 δια
2847 3982 2939 4028 τοῦ
2991 3981 3251 4047 σώματος,
3289 3977 3360 4038 εἰς
3400 3975 3662 4048 ἀσχολίαν
3714 3976 3852 4029 ἕντο-

2239 4065 2358 4129 λῶν,
2416 4070 2506 4116 καὶ
2567 4061 2660 4117 δ’ιά
2719 4068 2846 4118 Θεὸν
2896 4067 3150 4135 ὑπακοὴν,
3211 4065 3383 4138 ὀλίγον
3437 4065 3857 4139 ἀσχοληθῶμεν,

2242 4156 2266 4205 ό
2313 4161 2428 4214 νοῦς
2474 4162 2569 4216 τῆς
2625 4158 2751 4226 πρὸς
2807 4155 2998 4227 Κύριον
3048 4154 3255 4225 ἀγάπης
3304 4160 3393 4208 καὶ
3447 4159 3713 4219 ζητήσεως
3761 4163 3853 4208 καὶ

2241 4245 2404 4295 πόθου
2454 4247 2526 4315 μὴ
2582 4243 2898 4316 χωριζέσθω
2954 4262 2966 4274 '
3028 4245 3161 4304 ὅπως
3210 4247 3428 4316 τοιούτῳ
3471 4248 3548 4297 νοί
3599 4243 3854 4316 ἀγωνιζό-

2243 4351 2403 4403 μενοι,
2438 4336 2526 4384 καὶ
2579 4331 2715 4406 ὀρθῷ
2757 4336 3047 4405 φρονήματι
3085 4337 3171 4391 τὴν
3216 4332 3338 4386 ὁδὸν
3380 4343 3473 4396 τῆς
3506 4331 3855 4397 δικαιοσύνης

2738 4425 2755 4473 ὶ
2852 4423 3070 4474 πάντοτε
3172 4422 3371 4483 ἑαυτοῖς
3471 4427 3854 4495 προσέχοντες,

2247 4511 2575 4580 ἐπιτύχωμεν
2641 4517 2731 4569 τῆς
2789 4508 3094 4581 ἐπαγγελίας
3154 4519 3246 4564 τοῦ
3306 4514 3606 4584 Πνεύματος
3669 4511 3855 4578 αὐτοῦ,

2247 4603 2336 4650 καὶ
2383 4597 2723 4671 λυτρωθῶμεν
2777 4595 2871 4650 διὰ
2921 4608 3019 4662 τῆς
3070 4620 3294 4673 χαριτος
3350 4600 3405 4653 ἐκ
3448 4609 3538 4662 τῆς
3597 4599 3856 4663 ἀπωλείας

2247 4694 2339 4739 τοῦ
2397 4691 2617 4748 σκότους
2647 4694 2748 4738 τῶν
2790 4689 2990 4754 παθῶν,
3041 4689 3125 4761 ὑφ’
3171 4689 3237 4740 ὧν
3269 4691 3297 4748 ἡ
3341 4689 3495 4762 ψυχή
3548 4688 3860 4763 ἐνεργεῖται,

2852 4423 3070 4474 πάντοτε

2252 4777 2335 4826 ἱνα
2366 4783 2454 4836 τῆς
2506 4775 2714 4827 αἰωνίου
2769 4773 3035 4848 βασιλείας
3075 4777 3214 4841 ἄξιοι
3269 4781 3554 4851 γενώμεθα,
3615 4785 3705 4833 καὶ
3739 4799 3862 4832 συν-

2251 4865 2546 4917 απολαῦσαι
2620 4870 2838 4938 Χριστῷ
2913 4866 3063 4927 ὅλους
3138 4867 3330 4928 αἰῶνας
3427 4867 3860 4941 καταξιωθῶμεν,

2253 4950 2560 5015 δοξάζοντες
2612 4957 2818 5025 Πατέρα
2873 4960 2962 5007 καὶ
3009 4957 3126 5008 Υἱόν
3175 4961 3262 5009 καὶ
3307 4956 3456 5029 ἅγιον
3499 4964 3730 5030 Πνεῦμα,
3787 4958 3860 5020 εἰς

2250 5045 2373 5103 τούς
2400 5041 2603 5102 αἰῶνας.
2640 5041 2824 5113 Ἀμὴν.

2882 5151 3132 5206 ΟΜΙΛΙΑ
3177 5151 3234 5204 I'.

2247 5258 2821 5330 Ταπεινοφροσύνη
2883 5262 2988 5330 καὶ
3044 5260 3383 5330 προθυμίᾳ
3450 5253 3867 5322 διασώζεται

2317 5332 2433 5405 καὶ.
2464 5326 2734 5405 αὔξεται
2772 5326 2847 5380 τ’ὁι
2883 5326 3474 5405 ’δῶρατῆς-’θεξί-ας
3523 5333 3860 5405 χάριτος·

2318 5399 2586 5473 ἐπάρσει
2619 5395 2686 5451 δὲ
2722 5404 2829 5452 καὶ
2869 5395 3160 5474 ῥᾳθυμίᾳ
3219 5395 3604 5455 ἀπόλλυται.

2316 5505 2397 5562 A’.
2438 5506 2508 5561 Αἱ
2547 5505 2846 5578 φιλαλήθεις
2892 5511 2980 5560 καὶ
3027 5507 3252 5579 φιλόθεοι
3301 5508 3506 5580 ψυχαὶ,
3549 5510 3606 5562 αἱ
3653 5509 3860 5572 τελείως
