4148 6262
248 222 342 279 541
1519 215 1856 275 HOMILIE.

2013 212 2187 270 HOM.
2228 214 2296 271 X.
3499 217 3602 276 542

228 356 313 405 τὸν
364 355 600 425 Χριστὸν
647 347 974 404 ἐνδύσασθαι
1015 349 1062 402 ὗν
1107 349 1265 422 πολλῆ
1315 345 1488 401 ἐλπίδι
1531 351 1620 400 καὶ
1663 350 1842 398 πίστει

1970 347 2111 398 stum
2174 343 2419 398 induere
2474 343 2534 398 in
2579 342 2764 398 multa
2813 358 2918 414 spe
2961 347 3018 398 et
3062 344 3180 399 ﬁde
3237 345 3602 416 desiderant,

229 444 601 506 ὲπιποθοῦσαι,
690 449 783 501 τῆς
871 441 995 513 παρ’
1085 439 1263 512 ἐτέρων
1353 440 1692 510 ὑπομνήσεως
1784 439 1841 485 ού

225 539 482 582 τοσοῦτον
537 531 861 602 χρῄζουσιν,
920 533 1035 582 οὔτε
1090 537 1180 580 τοῦ
1228 530 1470 600 ούρανίου
1524 529 1702 591 πόθον,
1755 528 1842 575 καὶ

227 629 322 673 τοῦ
384 623 514 694 πρὸς
576 622 765 692 Κύριον
828 623 1030 689 ἔρωτος,
1091 619 1184 670 κοῖν
1251 619 1330 671 ἐπὶ
1392 622 1552 670 πόσον
1610 615 1846 666 ἐλαττού-

232 712 360 762 σθαι
411 711 756 781 ύπομένωσιν,
810 707 918 760 ἀλλ’
966 709 1074 760 ὅλαι
1129 707 1179 770 ἐξ
1227 708 1343 761 ὅλου
1394 715 1464 777 τῷ
1512 712 1720 775 σταυρῷ
1754 709 1844 754 τοῦ

229 805 472 870 Χριστοῦ
524 797 945 870 προσηλωμέναι,
1002 801 1131 872 πρὸς
1183 802 1269 850 τόν
1323 799 1668 868 πνευματικὸν
1722 813 1845 863 νυμ-

232 893 366 960 φίον,
424 889 684 963 ὁσημέραι
761 896 1114 959 πνευματικῆς
1188 895 1456 962 προκοπῆς
1515 885 1561 936 ἐν
1638 884 1846 943 ἑαυταῖς

233 978 490 1033 αἴσθησιν
538 977 970 1046 ἐπιγινώσκουσι.
1016 980 1336 1048 Τετρωμέναι
1387 971 1444 1026 δὲ
1497 982 1568 1044 τῷ
1623 972 1844 1044 οὐρανίῳ

231 1068 377 1136 πόθῳ
404 1071 494 1116 καὶ
525 1064 856 1117 ἐκπεινοῦσαι
886 1070 1002 1139 περὶ
1050 1071 1143 1124 τήν
1194 1061 1534 1120 δικαιοσύνην
1589 1072 1686 1113 τῶν
1732 1060 1845 1134 ἀρε-

230 1163 350 1219 τῶν,
399 1159 486 1211 τὴν
529 1153 784 1224 ἔκλαμψιν
828 1162 920 1206 τοῦ
964 1157 1256 1226 πνεύματος
1295 1155 1343 1206 ἓν
1387 1154 1639 1224 ἐπιθυμίᾳ
1682 1149 1839 1221 πολλῆ

231 1249 322 1295 καὶ
354 1242 621 1316 ἀκορέστῳ
655 1247 891 1315 ἔχουσιν.
936 1243 995 1296 Εἰ
1028 1241 1086 1296 δὲ
1117 1248 1206 1295 καὶ
1240 1245 1383 1294 θείων
1415 1245 1719 1314 μυστηρίων
1753 1235 1845 1291 διὰ

229 1341 324 1393 τῆς
407 1338 632 1393 πίστεως
707 1333 872 1384 αὐτῶν
942 1332 1219 1403 ἐπίγνωσιν
1293 1331 1464 1383 λαϐεῖν
1555 1330 1840 1394 ἀξιοῦνται,

233 1425 334 1474 εἴτε
403 1426 489 1474 καὶ
559 1422 880 1495 εύφροσύνης
949 1421 1257 1496 ἐπουρανίου
1332 1423 1555 1492 χάριτος
1625 1423 1845 1490 μέτοχοι

230 1516 526 1582 γίγνονται,
589 1511 647 1562 ού
706 1513 1018 1564 πεποίθασιν
1065 1514 1113 1563 ἐν
1175 1511 1384 1572 ἑαυταῖς
1436 1510 1664 1581 οἰόμεναι
1717 1505 1845 1560 εἶναί

230 1620 305 1665 τι,
382 1599 488 1651 ἀλλ’
547 1600 667 1652 ὅσον
725 1609 1081 1672 πνευματικῶν
1139 1602 1488 1672 χαρισμάτων
1545 1598 1845 1660 καταξιοῦν·

232 1708 343 1754 ται,
395 1697 645 1740 τοσοῦτον
692 1689 880 1761 μᾶλλον
937 1689 1222 1764 ἀκορέστως
1270 1692 1496 1760 ἔχουσαι
1551 1695 1642 1740 τοῦ
1696 1687 1847 1758 οὐρα·
1884 1729 1926 1784 Β

233 1782 351 1829 νίου
386 1781 570 1844 πόθου,
597 1782 828 1850 ἐμπόνως
871 1780 1182 1840 ἐπιζητοῦσι
1209 1799 1220 1810 ·
1255 1784 1342 1830 καὶ
1369 1781 1488 1830 ὅσον
1529 1779 1588 1828 άν
1619 1779 1848 1846 πνευμά-

235 1875 394 1930 τικῆς
436 1877 706 1940 προκοπῆς
736 1868 784 1919 ἐν
835 1869 1040 1928 ἑαυταῖς
1095 1871 1346 1925 αἴσθησιν
1395 1865 1616 1932 λάϐωσι,
1667 1871 1848 1916 τοσοῦ-

235 1976 324 2009 τον
357 1957 549 2029 μᾶλλον
597 1958 643 2008 ἓν
683 1963 829 2030 πείνῃ
865 1965 954 2010 καὶ
1006 1955 1137 2030 δίψῃ
1183 1959 1254 2018 εἰς
1303 1962 1390 2014 τήν
1421 1953 1710 2027 μετάληψιν
1760 1959 1851 2008 καὶ

238 2046 466 2109 αὔξησιν
513 2056 605 2108 τῆς
652 2052 874 2120 χάριτος
929 2049 1238 2119 ὑπάρχουσι
1268 2065 1279 2076 ·
1327 2051 1416 2098 καὶ
1469 2047 1575 2115 ὅσῳ
1623 2061 1853 2113 πνευμα-

234 2144 396 2198 τικῶς
473 2137 778 2203 πλουτοῦσι,
853 2141 1084 2208 τοσούτῳ
1159 2137 1368 2208 μᾶλλον,
1447 2139 1513 2197 ὡς
1586 2135 1854 2204 πενόμεναί

236 2226 345 2278 εἰσι
393 2227 515 2300 παρ’
567 2226 792 2293 ἑαυταῖς,
843 2227 1139 2300 ἀκορέστως
1188 2230 1414 2297 ἔχουσαι
1457 2233 1529 2294 τῷ
1576 2240 1852 2293 πνευματι-

1489 2316 1557 2375 ὧς
1615 2331 1772 2384 φησιν
1820 2312 1848 2367 ἡ

237 2411 414 2478 Γραφή
449 2421 460 2434 ⁸
508 2407 583 2458 Oi
626 2410 966 2479 ῖρώγοντές
1022 2425 1093 2477 με
1132 2409 1225 2457 ἔτι
1263 2407 1682 2466 πεινάσουσι,
1742 2403 1852 2452 καὶ

237 2496 298 2545 οὶ
336 2498 635 2557 πίνοντές
674 2514 749 2566 με
788 2497 885 2546 ἔτι
929 2491 1361 2566 διψήσουσιν.

234 2324 312 2386 κῴ
366 2318 510 2386 πόθῳ
559 2320 689 2388 πρὸς
737 2320 823 2367 τόν
865 2316 1100 2390 οὐράνιον
1149 2321 1386 2388 Νυμφίον
1415 2335 1427 2346 ο

311 2619 385 2676 B’.
421 2622 486 2672 Ai
530 2627 773 2672 τοιαῦται
811 2619 1012 2691 ψυχαὶ,
1047 2621 1100 2670 αἱ
1142 2618 1382 2693 ἐμπύρως
1425 2621 1512 2668 καὶ
1562 2614 1853 2689 ἀκορέστως

237 2713 334 2766 τὴν
366 2708 576 2779 ἀγάπην
606 2713 736 2784 πρὸς
787 2713 977 2782 Κύριον
1023 2712 1271 2780 ἔχουσαι,
1307 2708 1452 2770 ἄξιαι
1493 2703 1588 2768 τῆς
1643 2705 1852 2756 αἰωνίου

246 2802 380 2860 ζωῆς
436 2802 772 2871 τυγχάνουσι
806 2816 818 2828 ’
881 2795 968 2850 διὸ
1015 2804 1102 2850 καὶ
1158 2807 1255 2848 τῶν
1304 2799 1481 2849 παθῶν
1529 2805 1624 2856 τῆς
1668 2793 1857 2845 ἀπολυ-

241 2894 476 2961 τρώσεως
525 2889 916 2954 καταξιοῦνται,
964 2893 1053 2939 καὶ
1097 2895 1187 2939 τοῦ
1236 2886 1387 2958 ἀγίου
1432 2887 1723 2955 Πνεύματος
1766 2889 1856 2934 τοῦ

244 2976 478 3050 ἀρρήτου
553 2983 642 3030 καὶ
715 2987 982 3050 μυστικῆς
1056 2981 1344 3042 κοινωνίας,
1435 2975 1482 3027 ἐν
1549 2974 1858 3045 πληρώματι

1953 431 2208 488 aliorum
2247 432 2655 488 admonitione
2678 447 2797 488 non
2839 436 3145 504 tantopere
3177 434 3460 504 indigent,
3495 452 3602 491 nec

1955 523 2132 577 etiam
2181 521 2476 576 desiderio
2517 520 2760 585 cmlesti,
2789 536 2897 576 nec
2933 522 3165 577 Domini
3196 539 3438 589 amore;
3471 525 3606 582 licet

1955 611 2254 683 aliquaten
2267 627 2332 664 us
2348 627 2484 665 eum
2507 610 2781 664 imminui
2798 611 3086 681 patienter
3104 611 3323 677 ferant;
3351 615 3454 667 sed
3473 618 3604 669 totm

1957 702 2192 770 penitus
2240 700 2395 754 cruci
2429 699 2634 754 Christi
2668 699 2882 767 afﬁxm,
2931 699 3196 770 quotidie
3238 701 3606 772 spiritualem

1956 788 2286 859 profectum
2333 804 2475 857 erga
2534 804 2826 858 sponsum
2875 789 3246 858 spiritualem
3289 790 3346 846 in
3397 793 3608 863 seipsis

1955 877 2307 948 percipiunt.
2341 877 2670 931 Vulneratm
2710 884 2909 932 autem
2937 894 3074 932 cum
3107 879 3222 934 sint
3253 882 3473 936 cmlesti
3500 881 3606 937 de-

1958 966 2198 1030 siderio,
2232 972 2284 1021 et
2311 966 2601 1036 justitiam
2634 966 2912 1021 virtutum
2946 967 3229 1037 esuriant,
3265 968 3610 1025 illustratio-

1955 1070 2092 1110 nem
2141 1055 2383 1125 spiritus
2429 1071 2666 1110 summo
2709 1070 2778 1110 ac
2811 1055 3133 1110 insatiabili
3181 1057 3476 1113 desiderio
3511 1075 3610 1113 ex-

1956 1148 2243 1214 spectant.
2265 1147 2327 1198 Et
2352 1143 2484 1198 licet
2505 1143 2845 1198 divinorum
2865 1145 3284 1214 mysteriorum
3300 1161 3404 1217 per
3424 1146 3609 1202 ﬁdem

1957 1249 2125 1288 suam
2159 1232 2561 1301 cognitionem
2587 1233 2873 1303 consequi
2904 1233 3102 1302 dignm
3127 1233 3482 1300 habeantur,
3509 1240 3613 1291 aut

1955 1321 2167 1376 lmtitim
2195 1322 2396 1390 gratim
2427 1321 2684 1376 cmlestis
2711 1322 3032 1392 participes
3064 1323 3208 1377 fiant
3235 1342 3247 1389 ;
3279 1340 3396 1379 non
3431 1324 3610 1379 conﬁ-

1955 1409 2319 1465 dunttamen
2344 1409 2453 1465 sibi
2482 1409 2648 1480 ipsae,
2671 1411 3080 1466 existimantes
3098 1427 3160 1466 se
3183 1411 3408 1483 aliquid
3433 1428 3567 1468 esse
3595 1429 3606 1467 :

1957 1499 2062 1554 sed
2093 1504 2322 1570 quanto
2354 1499 2547 1567 magis
2575 1499 2983 1569 spiritualibus
3005 1500 3180 1554 donis
3211 1501 3408 1570 dignm
3439 1516 3614 1571 repu-

1959 1593 2176 1653 tantur,
2211 1593 2374 1643 tanto
2404 1589 2596 1656 magis
2619 1604 2688 1641 ac
2715 1587 3055 1657 diligentius
3076 1588 3397 1644 insatiabili
3426 1589 3616 1644 avidi-

1959 1682 2076 1732 tate
2100 1676 2351 1732 cmlestis
2373 1676 2650 1731 desiderii
2674 1677 2929 1732 detentm
2947 1677 3287 1748 inquirunt:
3315 1682 3614 1749 etquanto

1961 1767 2154 1834 magis
2174 1764 2540 1836 spiritualem
2569 1765 2896 1836 profectum
2928 1767 2985 1820 in
3015 1782 3075 1820 se
3107 1769 3417 1832 senserint,
3448 1771 3614 1822 tanto

1961 1856 2154 1924 magis
2201 1854 2467 1908 esuriunt
2496 1869 2566 1908 ac
2607 1853 2812 1908 sitiunt
2860 1855 3377 1925 participationem
3409 1861 3464 1910 et
3512 1873 3618 1910 au-

1963 1948 2270 2013 gmentum
2299 1943 2504 2013 gratim
2539 1958 2550 1996 :
2603 1947 2658 1996 et
2687 1948 2914 2013 quanto
2947 1943 3331 2014 spiritualiter
3370 1944 3613 2000 ditiores

1962 2036 2120 2095 sunt,
2173 2036 2334 2085 tanto
2366 2031 2751 2101 pauperiores
2787 2031 2949 2100 apud
2992 2047 3053 2086 se
3085 2037 3243 2097 sunt,
3289 2032 3614 2088 insatiabili

1962 2120 2255 2174 desiderio
2269 2119 2558 2190 spirituali
2571 2135 2712 2188 erga
2725 2119 3022 2174 cmlestem
3039 2122 3338 2192 Sponsum
3359 2121 3618 2190 ﬂagran-

1965 2215 2048 2264 tes
2075 2227 2086 2260 :
2118 2217 2180 2262 ut
2204 2208 2398 2278 inquit
2422 2208 2720 2277 Scriptura
2744 2224 2756 2262 :
2794 2209 2905 2274 Qui
2930 2209 3110 2264 edunt
3133 2224 3241 2274 me,
3262 2210 3461 2267 adhuc
3485 2225 3616 2267 esu-

1963 2298 2140 2363 riem,
2174 2305 2227 2355 et
2258 2299 2360 2370 qui
2383 2298 2586 2353 bibunt
2612 2313 2721 2364 me,
2753 2299 2952 2354 adhuc
2983 2298 3181 2355 sitient
3201 2300 3243 2355 ³.

2037 2604 2100 2658 ΙΙ.
2137 2603 2486 2674 Hujusmodi
2518 2605 2756 2672 animm,
2787 2620 2922 2675 qum
2965 2609 3087 2659 tam
3119 2603 3348 2659 ardenti
3380 2609 3432 2660 et
3458 2604 3618 2659 insa-

1965 2692 2148 2748 tiabili
2178 2709 2380 2748 amore
2404 2693 2724 2749 Dominum
2755 2699 3218 2764 prosequuntur,
3253 2694 3451 2763 dignm
3480 2697 3621 2748 sunt

1966 2783 2086 2838 vita
2131 2787 2350 2837 mterna
2384 2798 2395 2836 :
2443 2783 2725 2852 quocirca
2753 2797 2995 2854 quoque
3039 2781 3387 2838 liberatione
3429 2782 3505 2837 ab
3537 2781 3623 2838 af-

1967 2871 2319 2926 fectionibus
2345 2871 2542 2939 dignm
2568 2871 2928 2935 indicantur,
2954 2877 3010 2925 et
3042 2872 3291 2942 Spiritus
3315 2872 3500 2928 sancti
3530 2887 3623 2928 ar-

1968 2976 2133 3016 canm
2166 2964 2222 3014 et
2249 2960 2518 3030 mysticae
2562 2959 3004 3014 communionis
3046 2959 3503 3015 illustrationem
3552 2976 3622 3016 ac

250 3067 491 3137 χάριτος,
544 3067 794 3138 ἔκλαμψιν
833 3072 924 3120 καὶ
964 3071 1241 3139 μετουσίαν
1284 3065 1480 3125 τελείως
1528 3067 1854 3135 κομίζονται.

1970 3048 2471 3122 participationem
2485 3048 2545 3102 in
2558 3047 2926 3118 plenitudine
2941 3049 3141 3118 gratim
3157 3048 3404 3119 perfecte
3416 3064 3625 3108 conse-

251 3149 416 3204 ’Όσαι
463 3150 520 3206 δε
563 3153 807 3228 ἄνανδροι
853 3161 943 3209 καὶ
992 3163 1183 3226 χαῦνοι
1229 3154 1428 3226 ψυχαὶ,
1475 3157 1545 3224 μὴ
1603 3156 1858 3215 ζητοῦσαι

250 3243 579 3309 ἀπεντεῦθεν,
636 3247 698 3305 ὡς
752 3248 826 3296 ἔτι
866 3249 914 3298 ἓν
961 3250 1116 3318 σαρκὶ
1156 3247 1506 3316 τυγχάνουσι,
1566 3246 1650 3294 τὸν
1703 3242 1857 3311 ἁγια-

256 3336 391 3403 σμόν
449 3340 544 3393 τῆς
592 3330 812 3404 καρδίας
850 3334 942 3386 οὐκ
979 3333 1033 3385 ἐκ
1077 3339 1285 3405 μέρους,
1338 3332 1465 3384 ἀλλὰ
1514 3332 1737 3397 τελείως,
1787 3327 1859 3384 δι’

250 3422 526 3492 ὑπονομῆς
569 3427 658 3474 καὶ
701 3424 1062 3494 μακροθυμίας
1102 3419 1378 3487 δέξασθαι,
1424 3428 1513 3474 καὶ
1547 3429 1863 3479 κοινωνῆσαι

246 3511 322 3580 τῷ
379 3510 701 3583 παρακλήτῳ
765 3515 1024 3582 Πνεύματι
1067 3516 1118 3564 ἐν
1175 3513 1454 3569 τελειότητι
1501 3514 1632 3584 μετὰ
1686 3513 1864 3572 πάσης

247 3601 546 3663 αἰσθήσεως
597 3607 686 3655 καὶ
741 3601 1098 3676 πληροφορίας
1142 3607 1212 3674 μὴ
1271 3602 1574 3666 ἐλπίσασαι,
1631 3605 1719 3654 καὶ
1764 3609 1862 3652 τῶν

244 3691 427 3741 παθῶν
485 3699 578 3752 τῆς
635 3696 821 3752 κακίας
873 3691 1202 3765 λυτρωθῆναι
1258 3688 1349 3744 διὰ
1413 3699 1503 3744 τοῦ
1568 3693 1862 3762 Πνεύματος

244 3783 318 3850 μὴ
391 3775 749 3850 ἑκδεξάμεναι,
818 3784 847 3838 ii
908 3780 1064 3832 πάλιν
1121 3782 1344 3852 χάριτος
1399 3783 1536 3842 θείας
1601 3779 1864 3841 καταξιω-

248 3870 421 3920 θεῖσαι
471 3869 538 3929 είς
580 3870 892 3944 ἀμεριμνίαν
944 3872 1060 3921 τινὰ
1107 3874 1195 3921 καὶ
1243 3871 1436 3933 ἄνεσιν,
1491 3871 1582 3921 ύτό
1631 3877 1720 3930 τῆς
1771 3889 1861 3922 κα·

244 3961 362 4017 χίας
394 3957 750 4029 κλεπτόμεναι,
782 3958 964 4018 ἐαυτάς
995 3954 1272 4019 ἐξέδωκαν.

321 4064 397 4120 Γ’.
453 4063 534 4124 Ὠς
593 4067 673 4116 ὅτι
729 4064 989 4116 λαϐοῦσαι
1047 4069 1139 4122 τήν
1187 4068 1346 4138 χάριν
1404 4072 1494 4116 τοῦ
1544 4067 1860 4136 Πνεύματος,

249 4158 342 4204 καὶ
394 4155 621 4224 ἔχουσαι
669 4153 1000 4225 παράκλησιν
1047 4162 1140 4215 τῆς
1185 4157 1408 4226 χάριτος
1455 4153 1504 4204 ἐν
1552 4153 1859 4220 ἀναπαύσει,

245 4246 339 4293 καὶ
389 4244 555 4313 πόθῳ,
602 4247 690 4293 καὶ
717 4242 1007 4313 γλυκύτητι
1047 4250 1395 4314 πνευματικῇ,
1443 4247 1532 4294 καὶ
1582 4241 1661 4294 ἐπὶ
1702 4245 1863 4314 τούτῳ

249 4333 580 4396 πεποιθυῐαι,
639 4331 896 4402 ύψοῦνται
941 4337 1030 4384 καὶ
1075 4331 1437 4404 ἀμεριμνοῡσι,
1483 4337 1553 4402 μή
1600 4331 1866 4406 συντριϐό-

1968 3144 2252 3210 quuntur.
2275 3139 2417 3202 Qum
2447 3152 2587 3192 vero
2611 3142 2746 3191 sunt
2773 3137 2972 3191 minus
2991 3137 3187 3192 viriles
3212 3141 3392 3208 atque
3419 3153 3618 3193 socor-

1970 3227 2097 3294 des,
2132 3227 2296 3282 baud
2325 3229 2657 3298 qumrentes
2680 3225 2838 3289 talia,
2869 3231 2932 3281 ut
2962 3241 3096 3297 qum
3124 3225 3321 3281 adhuc
3352 3225 3413 3281 in
3440 3241 3620 3282 carne

1969 3316 2199 3379 vivunt,
2223 3316 2449 3388 quippe
2477 3313 3008 3370 sanctiﬁcationem
3028 3314 3224 3369 cordis
3243 3330 3364 3370 non
3388 3331 3460 3370 ex
3480 3331 3620 3386 par-

1972 3409 2045 3470 te,
2098 3405 2203 3460 sed
2243 3406 2496 3476 perfecte
2530 3403 2970 3474 perseverantia
3018 3408 3076 3458 et
3107 3404 3310 3459 animo
3359 3405 3620 3476 patiente

1973 3495 2282 3566 consequi,
2307 3499 2361 3548 et
2383 3493 2739 3564 participare
2762 3509 2898 3547 cum
2922 3493 3135 3564 Spiritu
3163 3493 3538 3549 consolatore
3559 3494 3620 3549 in

1973 3583 2341 3654 plenitudine
2385 3599 2521 3637 cum
2553 3581 2720 3636 omni
2763 3597 2942 3636 sensu
2972 3589 3026 3637 et
3075 3583 3442 3646 certitudine,
3498 3599 3620 3638 non

1974 3672 2392 3742 exspectarint,
2436 3687 2543 3726 nec
2575 3671 2652 3725 ab
2694 3671 3106 3726 affectionibus
3135 3671 3373 3727 malitiae
3414 3673 3626 3727 libera-

1974 3762 2196 3816 tionem
2235 3776 2339 3832 per
2379 3760 2660 3830 Spiritum
2709 3760 3048 3830 acceperint
3083 3776 3095 3825 ;
3145 3765 3246 3815 aut
3285 3777 3316 3815 e
3358 3761 3619 3825 diverso,

1973 3867 2110 3921 qum
2127 3848 2536 3919 gratiadivina
2562 3848 2760 3917 dignm
2783 3848 3025 3912 habitm,
3055 3848 3307 3916 ignaviae
3323 3865 3392 3904 ac
3421 3865 3622 3905 socor-

1974 3940 2106 4005 dim,
2141 3939 2296 3994 clam
2329 3953 2365 3992 a
2394 3937 2620 3992 malitia
2641 3942 2947 4007 correptm,
2981 3953 3108 3992 sese
3140 3937 3429 3992 dederint.

2045 4065 2134 4118 III.
2171 4065 2237 4119 Ut
2267 4079 2399 4133 qum
2431 4078 2566 4116 cum
2599 4062 2933 4131 acceperint
2964 4061 3216 4130 gratiam
3259 4062 3531 4132 Spiritus,
3565 4066 3624 4116 et

1973 4154 2236 4210 habeant
2257 4150 2726 4206 consolationem
2756 4149 2958 4216 gratim
2983 4150 3040 4203 in
3063 4150 3285 4221 requie,
3317 4155 3372 4204 et
3397 4150 3625 4206 deside-

1973 4247 2081 4311 rio,
2115 4247 2170 4298 et
2200 4242 2490 4295 suavitate
2522 4238 2832 4308 spirituali.
2868 4238 2979 4292 hoc
3010 4239 3140 4308 ipso
3167 4238 3408 4293 conﬁsae
3437 4238 3624 4294 extol-

1974 4333 2176 4388 luntur
2225 4347 2294 4386 ac
2316 4343 2516 4384 secure
2548 4327 2770 4392 vivunt,
2815 4342 2934 4381 non
2976 4327 3241 4382 contritm
3291 4327 3488 4395 corde,
3519 4343 3626 4384 nec

246 4440 399 4492 μεναι
456 4425 550 4478 τήν
594 4417 842 4492 καρδίαν,
895 4426 984 4472 καὶ
1028 4429 1098 4490 τῷ
1149 4425 1435 4493 φρονήματι
1483 4425 1552 4492 μὴ
1600 4424 1856 4473 ταπεινού·

1979 4422 2179 4478 animo
2207 4418 2555 4482 humiliatm,
2581 4431 2689 4471 nec
2713 4415 3035 4487 perfectam
3059 4431 3408 4472 mensuram
3429 4417 3629 4473 vacui-

246 4529 420 4581 μεναι,
482 4514 613 4580 μήτε
673 4506 828 4561 οὖσαι
886 4510 952 4569 εἰς
987 4512 1042 4560 τὸ
1105 4510 1289 4562 τέλειον
1340 4518 1430 4569 τῆς
1481 4511 1726 4570 ἀπαθείας
1780 4514 1865 4582 μέ-

257 4617 404 4671 τρον,
437 4602 570 4678 μήτε
601 4597 938 4672 πληρωθῆναι
983 4599 1180 4659 τελείως
1229 4606 1318 4658 τῆς
1368 4600 1586 4670 χάριτος
1616 4597 1663 4649 ἓν
1719 4597 1862 4670 πάσῄ

252 4679 466 4756 σπουδῇ
517 4691 606 4739 καὶ
656 4692 832 4740 πίστει
881 4685 1235 4759 ἐκδεξάμεναι,
1291 4687 1396 4739 ἀλλ’
1447 4686 1867 4760 ἐπληροφορήθη-

250 4794 374 4840 σαν,
408 4779 496 4826 καὶ
539 4774 921 4841 ἕπανεπάησαν,
969 4781 1057 4828 καὶ
1105 4780 1406 4848 ἒναπέμειαν
1458 4777 1524 4836 εἰς
1553 4781 1642 4834 τήν
1688 4776 1868 4848 ὀλίγην

246 4873 343 4926 τῆς
390 4867 612 4937 χάριτος
664 4865 1011 4939 παράκλησιν,
1075 4865 1141 4926 εἰς
1191 4869 1407 4939 ἔπαρσιν
1464 4864 1675 4937 μᾶλλον,
1736 4869 1865 4943 ἤπερ

250 4953 319 5014 εἰς
379 4959 694 5005 ταπείνωσιν
749 4953 1089 5028 προκόψασαι
1147 4957 1200 5008 αἱ
1257 4962 1496 5007 τοιαῦται
1549 4954 1726 5026 ψυχαὶ
1779 4961 1867 5008 καὶ

247 5042 411 5116 οὗπερ
453 5043 858 5104 κατηξιώθησαν
901 5049 1257 5116 χαρίσματος,
1316 5046 1398 5096 ὅτε
1442 5041 1635 5101 δήποτε
1669 5043 1866 5116 ἀπογυ-

247 5140 501 5204 μνοῦνται
545 5128 639 5183 διὰ
686 5137 778 5190 τὴν
831 5131 990 5204 ἀμελῆ
1049 5138 1453 5206 καταφρόνησιν,
1495 5137 1584 5185 καὶ
1635 5136 1718 5186 τὸν
1770 5136 1868 5206 μά-

249 5241 401 5274 ταιον
431 5228 526 5281 τῆς
559 5221 778 5284 οἰήσεως
807 5221 976 5274 αὐτῶν
1019 5223 1192 5293 τύφον.

326 5329 397 5384 Δ’.
468 5332 628 5400 Ψυχὴ
672 5329 701 5386 ἡ
748 5327 947 5389 ἀληθῶς
991 5327 1215 5402 φιλόθεος
1241 5333 1327 5381 καὶ
1384 5328 1725 5402 φιλόχριστος
1771 5331 1866 5381 κάν

249 5422 443 5495 μυρίας
503 5413 849 5479 δικαιοσύνας
901 5423 1095 5491 ποιήσῃ
1168 5420 1232 5478 ὡς
1286 5413 1452 5489 μηδὲν
1518 5417 1866 5490 ἐργασαμένη,

325 5607 348 5642 ⁸
381 5605 560 5664 Eccli.
593 5620 755 5674 xxrv,
782 5607 871 5662 28.

1979 4511 2113 4566 tatis
2144 4509 2528 4564 affectionum
2551 4506 2805 4577 adeptm,
2841 4520 2962 4559 non
2994 4505 3285 4573 integram
3316 4505 3630 4576 plenitudi-

1977 4616 2111 4654 nem
2132 4602 2334 4668 gratim
2361 4597 2524 4653 omni
2546 4595 2853 4664 diligentia
2871 4610 2939 4648 ac
2971 4593 3086 4648 ﬁde
3110 4600 3445 4648 conseculm
3471 4613 3484 4661 ;
3519 4595 3626 4650 sed

1975 4689 2214 4760 repletae
2255 4703 2323 4742 ac
2351 4687 2793 4756 acquiescentes
2841 4689 3294 4755 permanserunt
3331 4683 3390 4737 in
3432 4698 3627 4753 pauca

1979 4777 2183 4846 gratim
2223 4775 2652 4839 consolatione,
2699 4773 2949 4829 elatione
2981 4772 3174 4841 magis
3219 4787 3404 4844 quam
3434 4772 3630 4828 humi-

1977 4867 2140 4920 litate
2185 4865 2561 4935 proiicientes
2598 4861 2950 4932 hujusmodi
2982 4863 3199 4916 animm
3242 4878 3254 4916 :
3305 4867 3359 4916 et
3407 4862 3629 4934 quibus

1977 4955 2173 5024 dignm
2200 4958 2367 5008 erant
2388 4951 2590 5021 gratim
2622 4951 2818 5015 donis,
2844 4950 2926 5005 eis
2955 4950 3225 5005 videlicet
3245 4949 3630 5008 denudantur

1978 5044 2054 5099 ob
2094 5041 2493 5112 negligentem
2514 5045 2970 5112 comtemptum,
2995 5044 3051 5094 et
3076 5055 3298 5097 vanam
3333 5039 3635 5112 opinionis

1978 5147 2186 5189 earum
2216 5128 2660 5201 negligentiam.

2049 5328 2134 5381 IV.
2182 5326 2397 5381 Anima
2439 5339 2598 5393 vero,
2633 5338 2770 5395 qum
2817 5339 2954 5379 vere
2997 5324 3181 5380 Deum
3228 5340 3297 5380 ac
3334 5326 3630 5382 Christum

1977 5416 2186 5487 diligit,
2207 5415 2340 5472 licet
2370 5413 2526 5470 mille
2551 5412 2791 5484 justitim
2813 5427 2998 5484 opera
3024 5412 3298 5480 ediderit,
3324 5414 3404 5470 ita
3439 5429 3502 5470 se
3538 5429 3634 5486 ge-
