4148 6262
234 250 343 307 545
1489 244 1830 302 HOMILl/E.
1877 277 1891 285 -

2005 245 2157 300 lOM.
2196 242 2290 299 XI.
3503 238 3609 297 546

231 380 369 429 κατὰ
421 379 506 428 τόν
558 378 740 447 καιρόν
794 382 884 427 τοῦ
946 374 1390 445 αἰχμαλωτισμοῦ
1442 374 1651 442 χωσθεν
1697 367 1757 427 ἧν
1798 373 1891 423 ἐνι

2005 369 2229 423 efossus
2255 374 2381 423 erat
2425 368 2481 422 in
2529 368 2721 433 fovea,
2751 372 2807 421 et
2842 367 2935 421 ille
2966 367 3092 438 ipse
3142 382 3288 438 pace
3332 368 3506 431 facta,
3540 384 3610 423 ac

230 466 430 536 λάκκῳ,
473 469 562 516 καὶ
619 463 744 514 αύτό
806 462 963 514 ἐκεῖνο
1015 462 1063 513 ἐν
1113 471 1182 531 τῷ
1222 464 1464 531 γενέσθαι
1520 462 1726 532 εἰρήνην
1758 468 1846 510 καὶ

2005 458 2205 512 aversis
2223 458 2471 526 captivis
2505 456 2680 511 veluti
2716 461 3033 511 renovatus
3058 472 3165 527 pro
3198 472 3362 511 more
3398 457 3609 511 servie-

1956 546 2059 600 bat
2092 562 2105 600 :
2138 547 2221 600 sic
2261 552 2317 600 et
2346 562 2563 617 corpus
2582 545 2694 599 hoc
2710 544 3018 609 familiare,
3060 544 3225 616 quod
3251 550 3384 615 post
3413 544 3613 599 disso-

1956 634 2241 689 lutionem
2277 634 2333 688 in
2361 649 2601 689 omnum
2636 633 2896 699 vertitur,
2925 632 3440 689 reﬁcitetrenovat
3462 632 3613 701 ignis

1958 722 2233 787 caelestis,
2286 730 2340 777 et
2384 722 2692 777 resuscitat
2730 728 3004 793 corrupta
3051 737 3325 792 corpora.
3373 722 3616 777 Interior

1960 812 2118 866 enim
2153 811 2244 865 ille
2270 811 2449 880 ignis,
2484 811 2647 866 cordi
2677 810 3617 876 nostroinhabitans,tuncemer—

1961 902 2062 970 git,
2086 900 2342 971 facitque
2376 900 2865 956 resurrectionem
2901 915 3243 971 corporum.

233 554 525 607 ἐπανελθεῖν
605 556 729 613 τοὺς
811 550 1358 622 αἰχμαλωτισθέντας,
1414 551 1586 621 ὤσπερ
1649 548 1847 600 ἀνέκαι-

234 647 389 701 νίσθη
453 647 541 694 καὶ
594 644 827 700 συνήθως
869 638 1101 697 διηκόνει
1136 657 1147 668 ”
1200 640 1335 690 οὕτω
1376 644 1463 690 καὶ
1512 647 1598 689 νῦν
1630 642 1687 689 τό
1720 638 1848 695 πλη-

240 739 353 785 σίον
416 740 588 802 σῶμα,
647 732 672 781 ὅ
744 733 871 800 μετά
922 732 978 780 :6
1037 728 1256 785 λυθῆναι
1314 731 1513 797 γίνεται
1566 724 1842 800 βόρϐορος,

238 821 517 895 ἐργάζεται
596 823 651 869 :6
732 818 967 889 οὐράνιον
1044 824 1147 887 πῦρ
1210 821 1298 867 καὶ
1353 814 1694 881 ἀνακαινίζει,
1756 818 1845 864 καὶ

240 910 432 980 ἁνιστᾷ
461 911 525 960 τὰ
564 907 852 979 ἐφθαρμένα
909 912 1152 978 σώματα,
1193 908 1261 956 T6
1318 907 1419 976 γὰρ
1456 912 1541 953 νῦν
1596 903 1845 974 ἐσώτερον

238 1002 285 1053 ἐν
318 1008 382 1071 τῇ
430 994 630 1069 καρδιᾳ
681 998 908 1047 ἐνοικοῦν
944 1002 1068 1065 πῦρ,
1124 999 1238 1045 τότε
1297 992 1538 1064 ἐξώτερον
1590 996 1847 1065 γίγνεται,

236 1092 328 1140 καὶ
355 1093 496 1139 ποιεῖ
523 1084 813 1137 ἀνάστασιν
846 1092 945 1135 τῶν
978 1084 1251 1154 σωμάτων.

315 1210 395 1266 Β’.
437 1213 539 1262 Καὶ
568 1210 670 1279 γὰρ
711 1206 797 1258 ἐπὶ
838 1214 927 1257 τοῦ
958 1200 1461 1276 Ναϐουχοδονόσορ,
1494 1205 1550 1253 :6
1577 1210 1679 1269 πῦρ
1712 1200 1758 1251 ὶν
1788 1208 1850 1273 τῇ

2039 1221 2102 1275 ll.
2134 1221 2745 1277 Nabuchodonosoris
2774 1220 2931 1276 enim
2965 1225 3233 1291 tempore
3257 1220 3407 1289 ignis
3435 1220 3492 1275 in
3526 1236 3620 1275 ca—

1968 1310 2131 1364 mino
2164 1309 2279 1379 39
2310 1310 2410 1379 qui
2441 1309 2691 1363 ardebat
2719 1310 2759 1371 ’⁸,
2790 1325 2909 1362 non
2941 1313 3066 1363 erat
3086 1308 3347 1372 divinus,
3378 1308 3479 1362 sed
3497 1313 3621 1362 erat

1967 1403 2242 1453 creatura
2276 1416 2289 1452 :
2323 1402 2441 1451 tres
2481 1403 2679 1452 autem
2714 1397 2793 1451 illi
2822 1396 3010 1467 pueri,
3042 1398 3146 1467 qui
3177 1412 3248 1450 eo
3279 1396 3444 1467 quod
3470 1396 3615 1466 justi

1968 1492 2184 1551 essent,
2233 1486 2291 1539 in
2321 1485 2636 1555 apparenti
2673 1486 2807 1553 igne
2839 1488 3025 1548 erant,
3083 1484 3140 1538 in
3174 1484 3456 1539 cordibus
3500 1484 3621 1537 suis

1969 1574 2272 1630 habebant
2297 1574 2569 1628 divinum
2593 1589 2661 1629 ac
2694 1573 2996 1627 caelestem
3028 1572 3250 1641 ignem,
3280 1573 3433 1627 intra
3465 1572 3627 1641 cogi-

1972 1658 2223 1718 tationes
2280 1662 2717 1717 ministrantem
2766 1667 2823 1715 et
2865 1667 3214 1732 operantem
3264 1661 3322 1714 in
3365 1660 3526 1731 ipsis.
3565 1663 3628 1715 Et

1973 1752 2129 1807 idem
2164 1752 2256 1806 ille
2306 1750 2457 1819 ignis
2480 1750 2759 1821 apparuit
2784 1756 2950 1805 extra
2977 1748 3107 1804 illos
3127 1766 3139 1814 ;
3157 1750 3216 1803 in
3242 1750 3440 1803 medio
3466 1750 3628 1803 enim

1974 1840 2211 1895 illorum
2250 1841 2423 1901 stetit,
2460 1846 2515 1893 et
2558 1837 2823 1893 cohibuit
2862 1843 3249 1908 apparentem
3287 1836 3509 1905 ignem,
3553 1852 3625 1891 ne

1980 1936 2170 1983 ureret
2198 1936 2297 1983 aut
2326 1928 2563 1982 laederet
2597 1927 2797 1997 aliqua
2829 1943 2899 1981 ex
2928 1926 3325 1996 partejustos.
3356 1925 3632 1980 Similiter

1977 2033 2219 2089 quoque
2268 2016 2663 2071 lsraelitarum
2713 2014 3264 2085 temporibus,cum
3300 2014 3541 2069 animus
3579 2020 3635 2068 et

1979 2105 2364 2177 cogitationes
2379 2104 2614 2159 illorum
2634 2102 3262 2158 statuissentrecedere
3281 2119 3315 2158 a
3338 2103 3457 2157 Deo
3477 2104 3631 2168 vivo,

239 1304 447 1371 καμίνῳ
497 1297 591 1348 οῦκ
633 1293 692 1354 ἧν
742 1297 936 1360 θεῑκόν,
996 1293 1105 1344 ἀλλ’
1160 1290 1217 1349 ἧν
1266 1297 1467 1362 κτίσμα
1501 1309 1511 1320 ·
1543 1291 1590 1341 οἱ
1631 1287 1689 1341 δὲ
1721 1298 1857 1364 τρεῖς

241 1386 435 1450 παῖδες
477 1384 570 1439 διὰ
614 1390 707 1443 τὴν
768 1381 1111 1439 δικαιοσύνην
1151 1382 1319 1433 αὐτῶν
1367 1380 1414 1432 ἐν
1463 1390 1534 1451 τῷ
1574 1384 1855 1451 φαινομένῳ

244 1483 376 1550 πυρὶ
435 1480 589 1541 ὄντες,
642 1474 688 1526 ἐν
742 1481 858 1533 ταῖς
899 1468 1143 1543 καρδίαις
1184 1472 1351 1522 αὐτῶν
1394 1466 1538 1540 εἶχον
1590 1472 1645 1519 :6
1693 1470 1857 1519 θεῑκὸν

244 1568 487 1640 οὐράνιον
568 1572 670 1637 πῦρ
742 1564 882 1623 ἐντός
938 1570 1037 1612 τῶν
1098 1560 1361 1631 λογισμῶν
1437 1554 1710 1609 διακονοῦν
1764 1576 1858 1624 καὶ⁵

246 1656 484 1727 ἐνεργοῦν
538 1655 586 1704 ἐν
629 1653 822 1711 αύτοῖς.
888 1654 987 1702 Καὶ
1063 1648 1188 1700 αῦτό
1250 1651 1405 1698 ἐκεῖνο
1465 1647 1619 1716 ἐφάνη
1672 1646 1857 1706 tame.

244 1765 337 1820 ρον
379 1744 547 1794 αὐτῶν
578 1759 588 1770 ·
634 1740 728 1791 ἀνὰ
766 1744 923 1811 μέσον
976 1740 1075 1810 γὰρ
1124 1737 1291 1787 αὐτῶν
1323 1738 1471 1797 ἔστη,
1531 1740 1619 1785 καὶ
1674 1733 1858 1804 ἐπεῖχε
1895 1718 1933 1769 Β

248 1838 308 1886 τό
347 1838 646 1905 φαινόμενον
700 1836 823 1900 πῦρ,
879 1835 969 1879 τοῦ
1029 1831 1099 1899 μή
1161 1830 1323 1876 καίειν
1378 1830 1466 1875 καὶ
1532 1822 1775 1896 βλάπτειν
1815 1841 1862 1872 τι

252 1927 371 1981 τοῦς
436 1916 714 1978 δικαίους’
774 1916 1007 1987 Ὀμοίως
1082 1910 1140 1965 δὲ
1196 1918 1285 1964 καὶ
1336 1912 1418 1963 ἐπὶ
1487 1920 1580 1963 τοῦ
1631 1910 1862 1984 Ἰσραὴλ,

252 2006 440 2066 ἐπειδὴ
488 2010 512 2058 6
566 2014 677 2066 νοῦς
743 2005 907 2056 αὐτῶν
964 2007 1054 2054 καὶ
1120 2004 1145 2053 6
1202 2001 1451 2072 λογισμός
1513 2002 1560 2050 ἐν
1624 2001 1868 2071 προθέσει

254 2098 371 2171 εἶχε
419 2105 510 2148 τοῦ
584 2096 947 2169 μακρυνθῆναι
1012 2090 1113 2143 ἀπό
1178 2098 1309 2143 Θεοῦ
1384 2090 1592 2155 ζῶντος,
1656 2093 1745 2139 καὶ
1796 2086 1865 2147 εἰς

258 2185 683 2259 εἰδωλολατρείαν
734 2190 1014 2254 τραπῆναι,
1075 2181 1385 2250 ἠναγκάσθη
1446 2179 1647 2250 Ἀαρὼν
1714 2176 1868 2227 εἰπεῖν

265 2278 461 2339 αὐτοῖς,
507 2274 727 2344 ἐνεγκεῖν
758 2274 823 2323 τὰ
856 2273 1014 2326 σκεύη
1076 2271 1141 2319 τὰ
1192 2273 1379 2339 χρυσᾶ
1425 2272 1513 2317 καὶ
1556 2268 1619 2317 τὰ
1650 2270 1866 2335 κόσμια.

266 2370 467 2419 Λοιπὸν
513 2365 537 2413 ὀ
576 2365 806 2433 χρυσός,
848 2364 936 2410 καὶ
986 2360 1051 2409 τὰ
1094 2360 1277 2421 σκεύη,
1329 2355 1457 2427 άπερ
1505 2354 1761 2405 ἐνέϐαλλον
1803 2352 1873 2412 εἰς

264 2460 322 2508 :6
381 2462 509 2528 πῦρ,
558 2449 767 2503 εἴδωλον
824 2448 1033 2518 ἐγένενο,
1103 2451 1192 2496 καὶ
1250 2448 1421 2517 ὥσπερ
1482 2444 1775 2515 ἐμιμήσατο
1815 2444 1871 2492 :6

265 2552 368 2616 πῦρ
434 2546 527 2598 τὴν
594 2544 896 2611 προαίρεσιν
956 2534 1150 2589 αὐτῶν.
1230 2535 1395 2587 Τοῦτο
1458 2529 1515 2583 δὲ
1574 2533 1874 2602 θαυμαστὸν

273 2638 511 2705 πρᾶγμα.
561 2624 773 2684 Ἐπειδὴ
831 2628 933 2696 γὰρ
966 2626 1100 2674 κατὰ
1148 2624 1397 2696 πρόθεσιν
1453 2620 1499 2671 ἐν
1548 2630 1616 2691 τῷ
1642 2622 1873 2694 κρυπτῷ,

272 2727 363 2774 καὶ
420 2728 529 2781 τοῖς
578 2719 853 2788 λογισμοῖς
895 2714 1062 2765 αὐτῶν
1107 2710 1471 2763 ἐϐουλεύσαντο
1518 2715 1611 2767 την
1668 2706 1880 2760 εἰδωλο-

272 2811 533 2885 λατρείαν,
598 2812 687 2858 καὶ
744 2808 800 2855 τό
858 2811 961 2875 πῦρ
1013 2803 1198 2873 ὁμοίως
1256 2803 1321 2851 τὰ
1365 2798 1681 2871 ἐμϐληθέντα
1721 2800 1877 2854 σκεύη

277 2882 489 2952 εἴδωλον
548 2897 855 2969 εἰργάσατο,
898 2896 987 2942 καὶ
1029 2891 1206 2941 λοιπόν
1238 2888 1285 2939 ἐν
1324 2898 1396 2959 τῷ
1424 2892 1705 2959 φαινομένῳ
1735 2882 1881 2939 εἰδω-

276 2988 634 3057 λολάτρησαν,
686 2983 886 3055 ”Ω.σπερ
944 2976 1031 3031 οὖν
1081 2981 1129 3030 οἱ
1176 2986 1313 3053 τρεῖς
1368 2974 1553 3039 παῖδες
1613 2974 1887 3050 δικαιοσύ-

1981 2202 2035 2251 et
2064 2195 2136 2250 ad
2162 2194 2563 2249 idololatriam
2584 2192 2867 2256 converti,
2896 2196 3135 2245 coactus
3154 2198 3240 2246 est
3269 2197 3464 2246 Aaron
3488 2191 3634 2246 indi-

1981 2299 2110 2339 cere
2144 2282 2273 2350 illis,
2304 2289 2364 2337 ut
2387 2280 2665 2336 afferrent
2692 2296 2873 2334 aurea
2904 2285 2957 2334 et
3001 2285 3253 2335 venusta
3284 2295 3447 2334 vasa.
3480 2282 3638 2335 Post-

1986 2372 2234 2427 modum
2266 2387 2479 2426 aurum
2498 2374 2553 2423 et
2579 2383 2895 2440 vasa,quaa
2926 2368 3635 2437 conjecerantinignum,

1985 2463 2041 2516 in
2077 2460 2303 2515 idolum
2323 2466 2460 2513 sunt
2488 2474 2797 2525 conversa,
2820 2455 3063 2527 etquasi
3082 2456 3345 2511 imitatus
3370 2465 3461 2511 est
3485 2455 3639 2524 ignis

1986 2551 2222 2605 illorum
2268 2546 2667 2619 propositum.
2714 2549 2830 2600 Hoc
2864 2550 3063 2600 autem
3117 2545 3512 2601 admiratione
3562 2544 3642 2599 di-

1989 2656 2195 2709 gnum.
2228 2640 2374 2691 Cum
2408 2636 2565 2690 enim
2600 2636 2929 2689 secundum
2958 2633 3308 2688 sententiam
3340 2634 3526 2689 animi
3556 2634 3643 2688 in-

1992 2727 2239 2783 terioris.
2270 2728 2394 2780 etin
2423 2724 2883 2792 cogitationibus
2902 2722 3041 2789 suis,
3061 2722 3461 2777 idololatriam
3485 2738 3647 2777 exer-

1993 2832 2121 2871 cere
2144 2816 2581 2878 decrevissent;
2611 2812 2785 2867 etiam
2804 2812 2955 2881 ignis
2977 2811 3246 2866 similiter
3274 2812 3649 2881 injectavasa

1996 2905 2052 2959 in
2095 2904 2324 2958 idolum
2353 2901 2642 2957 convertit
2671 2916 2683 2953 :
2718 2906 2772 2953 et
2804 2906 2927 2954 tum
2962 2900 3163 2970 palam
3206 2900 3379 2954 idolis
3419 2901 3645 2955 cultum

1998 2993 2395 3048 exhibuerunt
2420 2991 2459 3044 ⁸.
2496 2988 3021 3054 Quemadmodum
3046 3004 3186 3058 ergo
3216 2994 3332 3043 tres
3363 2988 3473 3042 illis
3507 3004 3650 3058 pue-

286 3094 380 3131 νην
418 3074 768 3143 λογισάμενοι,
831 3066 1072 3132 ἐδέξαντο
1134 3067 1181 3119 ἐν
1230 3068 1432 3128 ἑαυτοῖς
1475 3071 1533 3118 τό
1596 3074 1686 3117 τοῦ
1755 3072 1887 3117 Θεοῦ

2005 3082 2061 3145 ri,
2095 3083 2216 3152 qui,
2241 3079 2486 3150 justitiae
2514 3093 2761 3148 operam
2798 3077 3026 3145 dantes,
3062 3082 3451 3147 susceperunt
3482 3078 3540 3131 in
3584 3092 3648 3131 se

285 3172 417 3233 πῦρ,
471 3166 559 3211 καὶ
588 3162 983 3231 προσεκύνησαν
1034 3165 1104 3227 τῷ
1154 3160 1329 3227 Κυρίῳ
1367 3155 1413 3205 ἐν
1452 3154 1667 3227 ἀληθείᾳ
1707 3170 1718 3181 '
1756 3155 1889 3205 οὖτω

289 3256 383 3304 καὶ
436 3258 524 3300 νῦν
577 3250 631 3299 αἱ
668 3254 846 3299 πισταὶ
896 3247 1075 3317 ψυχαὶ
1129 3242 1380 3317 δέχονται
1412 3244 1569 3297 ἐκεῖνο
1628 3248 1684 3295 τὸ
1726 3246 1891 3295 θείκόν

285 3345 375 3393 καὶ
430 3338 736 3411 ἐπουράνιον
792 3344 913 3406 πῦρ,
996 3334 1043 3385 ἐν
1119 3342 1190 3405 τῷ
1265 3334 1407 3385 αἰῶνι
1473 3336 1659 3404 τούτῳ,
1719 3337 1767 3384 ἐν
1822 3341 1893 3403 τῷ

288 3436 505 3503 κρυπτῷ
538 3430 696 3477 "xui.
744 3423 870 3475 αύτό
928 3422 1083 3475 ἐκεῖνο
1141 3430 1334 3495 μορφοῖ
1388 3422 1557 3474 εἰκόνα
1594 3424 1896 3497 ἐπουράνιον

292 3520 366 3580 εἰς
404 3522 499 3575 την
540 3514 937 3589 ἀνθρωπότητα.

368 3642 442 3695 I".
465 3641 666 3713 Ὠσπερ
700 3639 789 3690 οὖν
814 3637 1086 3710 ἐμόρφωσε
1116 3639 1173 3687 τὸ
1203 3644 1305 3709 πῦρ
1332 3639 1397 3687 τὰ
1423 3639 1580 3693 σκεύη
1609 3639 1675 3687 τὰ
1694 3641 1898 3711 χρυσᾶ,

296 3737 388 3785 καὶ
415 3730 605 3801 ἐγένετο
635 3724 850 3780 εἰδωλον
878 3742 895 3758 ο
959 3726 1093 3776 οὕτω
1144 3730 1233 3775 καὶ
1261 3726 1285 3775 ὁ
1329 3727 1539 3796 Κύριος,
1574 3727 1623 3785 ὃς
1666 3732 1905 3797 μιμεῖται

297 3830 400 3873 τῶν
441 3828 639 3871 πιστῶν
680 3822 768 3867 καὶ
829 3814 1034 3885 ἀγαθῶν
1072 3813 1263 3884 ψυχῶν
1313 3817 1405 3873 τὰς
1442 3819 1785 3888 προαιρέσεις,
1819 3815 1906 3865 καὶ

303 3913 444 3961 κατὰ
484 3911 540 3959 τό
593 3907 789 3976 θελημα
843 3907 1006 3954 αὐτῶν
1045 3909 1233 3973 μορφοῖ
1273 3902 1443 3953 εἰκόνα
1492 3909 1581 3954 καὶ
1628 3912 1714 3954 νῦν
1755 3912 1803 3954 εν
1843 3911 1903 3977 τῇ

302 4000 486 4070 ψυχῇ,
520 4001 609 4047 καὶ
667 3994 713 4045 ἐν
746 4001 807 4065 τῇ
862 3993 1144 4043 ἀναστάσει
1191 3990 1429 4062 ἐξώτερον
1460 3992 1625 4042 αὐτῶν
1653 3997 1908 4073 φαίνεται,

304 4093 397 4139 καὶ
459 4083 671 4147 δοξάζει
727 4086 793 4134 τὰ
855 4088 1073 4153 σώματα
1112 4082 1279 4131 αὐτῶν
1332 4083 1517 4131 ἔσωθεν
1567 4087 1657 4132 καὶ
1706 4080 1911 4153 ἔξωθεν,

310 4175 447 4228 Ἀλλ’
477 4177 529 4225 ὃν
563 4179 751 4246 τρόπον
798 4173 861 4221 τὰ
902 4176 1121 4242 σώματα
1147 4171 1313 4220 αὐτῶν
1341 4169 1632 4243 ἐφθαρμένα
1658 4170 1762 4222 εἰσὶ
1793 4175 1914 4231 τέως

309 4270 359 4318 ἐν
392 4274 463 4333 τῷ
505 4270 669 4333 καιρῷ
702 4264 887 4329 τούτῳ,
941 4264 1030 4309 καὶ
1079 4262 1251 4331 νεκρὰ,
1294 4263 1380 4309 καὶ
1410 4258 1654 4329 λελυμένα
1696 4280 1709 4293 ·
1757 4260 1916 4319 οὕτως

314 4355 420 4406 εἰσὶ
455 4357 544 4403 καὶ
595 4353 643 4402 οὶ
695 4350 941 4421 λογισμοί
984 4367 1131 4399 τινων
1171 4347 1270 4398 ύπό
1310 4355 1399 4398 τοῦ
1432 4354 1633 4399 Σατανᾶ
1671 4348 1920 4419 ἐφθαρμέ-

314 4463 417 4505 νοι,
472 4445 562 4491 καὶ
614 4446 783 4511 νεκροί
844 4436 945 4489 ἀπὸ
998 4446 1089 4497 τῆς
1141 4437 1298 4506 ζωῆς,
1342 4441 1430 4487 xui.
1478 4442 1802 4507 κεχωσμένοι
1856 4438 1921 4497 εἰς

320 4529 574 4605 βόρϐορον
634 4534 722 4580 καὶ
778 4534 876 4599 γῆν
928 4542 940 4553 ⁸
993 4525 1221 4577 ἀπώλετο
1264 4528 1364 4598 γὰρ
1432 4526 1600 4578 αὐτῶν
1641 4530 1668 4584 ἡ
1734 4527 1924 4597 ψυχη-

316 4619 521 4691 Ὠσπερ
572 4617 659 4669 οὖν
714 4617 763 4668 οἱ
822 4616 1148 4688 Ἰσραηλῖται
1197 4614 1376 4666 ἔϐαλον
1429 4619 1493 4667 τὰ
1531 4623 1716 4689 χρυσᾶ
1766 4619 1923 4673 σκεύη

326 4708 395 4767 εἰς
422 4710 477 4757 :6
508 4726 631 4779 πυρ,
693 4710 781 4757 καὶ
814 4706 1009 4776 ἐγένετο
1052 4702 1285 4772 εἴδωλον,
1341 4703 1475 4755 οὕτω
1530 4713 1617 4755 νῦν
1671 4710 1786 4765 τοὺς
1840 4725 1930 4756 κα-

329 4799 515 4868 θαρούς
569 4796 857 4866 λογισμούς
908 4800 996 4846 καὶ
1049 4794 1238 4855 καλοὺς
1303 4790 1532 4845 ἐπέδωκε
1585 4802 1644 4865 τῇ
1706 4800 1865 4867 κακίᾳ
1907 4797 1931 4846 6

323 4888 617 4959 ἅνθρωπος,
690 4890 779 4933 καὶ
846 4885 1225 4953 κατεχσθησαν
1272 4885 1343 4944 εἰς
1386 4887 1472 4934 τόν
1534 4881 1784 4958 βορϐορον
1840 4894 1934 4945 τῆς

328 4976 619 5049 ἁμαρτίας,
675 4974 764 5021 καὶ
828 4972 1053 5040 ἐγένοντο
1112 4968 1347 5024 εἴδωλον.
1410 4978 1508 5024 Καὶ
1562 4982 1671 5035 πῶς
1721 4993 1799 5035 τις
1856 4975 1938 5025 ἱνα

332 5063 530 5121 αύτούς
575 5058 774 5129 εξεύρη,
809 5063 898 5109 xui.
931 5055 1196 5130 διακρίνῃ,
1232 5065 1320 5110 καὶ
1352 5060 1539 5131 ἐκϐάλῃ
1573 5061 1626 5112 ἐκ
1658 5070 1745 5114 τοῦ
1790 5059 1936 5114 ἰδίου

332 5156 548 5226 πυρός;
610 5144 715 5200 ὦδε
763 5150 957 5218 λύχνου
1023 5150 1193 5198 θεῐκοῦ
1269 5154 1449 5221 χρείαν
1503 5150 1615 5221 ἔχει
1668 5154 1697 5209 ἡ
1757 5152 1938 5223 ψυχὴ,

341 5244 644 5312 Πνεύματος
697 5237 850 5309 ἁγίου
909 5246 997 5289 τοῦ
1048 5244 1369 5307 κοσμοῦντος
1425 5244 1509 5289 τόν
1575 5239 1939 5312 ἐσκοτισμένον

342 5327 507 5398 οἰκον,
550 5348 634 5381 τον
684 5335 927 5401 φωτεινοῦ
957 5326 1131 5378 Ἡλίου
1175 5333 1267 5388 τῆς
1308 5323 1671 5394 δικαιοσύνης,
1722 5338 1811 5383 τοῦ
1845 5351 1946 5401 φω-

340 5420 574 5481 τίζοντος
632 5423 722 5469 xui.
778 5416 1140 5479 ἀνατέλλοντος
1194 5417 1262 5478 εἰς
1320 5422 1413 5476 τὴν
1486 5416 1731 5494 καρδίαν,
1791 5418 1949 5472 ὅπλου

342 5512 534 5585 χρείαν
566 5509 677 5579 ἔχει
704 5514 794 5559 τοῦ
820 5516 1064 5569 νικῶντος
1092 5511 1180 5559 τὸν
1210 5508 1449 5579 πόλεμον.

421 5618 444 5654 ⁴
489 5618 637 5672 Dan.
671 5630 746 5679 ιιι,
787 5615 865 5670 19.
966 5616 987 5649 ⁸
1032 5614 1177 5669 lbid.

656 5722 897 5779 PATHOL.
936 5720 1042 5779 Gn.
1086 5722 1332 5781 XXXIV.

2002 3172 2113 3243 ipsi
2138 3171 2337 3239 ignem
2379 3167 2669 3235 divinum,
2707 3170 2761 3220 et
2783 3166 3110 3219 adorarunt
3139 3165 3461 3220 Dominum
3498 3166 3555 3219 in
3582 3182 3649 3219 ve

2005 3261 2169 3316 ritate
2204 3276 2216 3312 :
2254 3258 2337 3311 sic
2380 3270 2621 3328 quoque
2654 3270 2813 3308 nunc
2865 3253 3082 3308 animae
3114 3254 3318 3308 fideles
3363 3254 3651 3325 recipiunt

2005 3348 2230 3405 occulte
2264 3346 2431 3401 illum
2471 3343 2741 3398 divinum
2782 3349 2835 3398 et
2872 3342 3169 3397 caelestem
3195 3344 3403 3413 iguum
3441 3342 3500 3399 in
3541 3344 3654 3399 hoc

2008 3435 2285 3509 praesenti
2331 3433 2549 3489 seculo
2584 3452 2596 3491 :
2628 3439 2683 3487 et
2732 3431 2825 3486 ille
2857 3432 3011 3501 ignis
3056 3431 3274 3488 format
3333 3433 3656 3505 imaginem

2010 3526 2313 3582 caelestem
2346 3524 2406 3578 in
2434 3521 2696 3577 homine.

2085 3651 2177 3705 IlI.
2218 3647 2574 3716 Sicutigitur
2604 3644 2884 3700 formavit
2908 3644 3059 3714 ignis
3078 3661 3221 3701 vasa
3250 3662 3453 3711 aurea,
3482 3653 3537 3702 et
3576 3647 3663 3703 fa-

2016 3746 2175 3795 ctum
2201 3742 2290 3793 est
2316 3736 2573 3791 idolum:
2597 3735 2932 3805 itaquoque
2950 3734 3258 3798 Dominus,
3279 3735 3378 3806 qui
3396 3738 3667 3792 imitatur

2017 3828 2282 3884 ﬁdelium
2316 3842 2385 3880 ac
2409 3826 2643 3895 piarum
2678 3822 3019 3877 animarum
3053 3821 3430 3890 intentiones,
3466 3841 3533 3879 ac
3556 3841 3664 3895 pro

2020 3917 2321 3971 voluntate
2353 3928 2558 3967 earum
2590 3910 2807 3964 format
2834 3911 3179 3979 imaginem,
3202 3927 3337 3982 quae
3362 3928 3519 3966 nunc
3540 3916 3674 3983 qui-

2021 4007 2159 4060 dem
2190 4003 2247 4058 in
2279 4000 2481 4057 anima
2504 4004 2608 4064 est,
2638 4006 2691 4052 et
2721 3998 2779 4051 in
2813 3998 3233 4053 resurrectione
3274 4002 3528 4055 exterius
3568 4019 3674 4072 ap-

2026 4091 2292 4166 parebit;
2317 4094 2374 4144 et
2392 4088 2948 4157 gloriﬁcatcorpora
2985 4086 3221 4141 illorum
3256 4088 3413 4142 intus
3434 4095 3488 4142 et
3511 4098 3676 4143 extra

2027 4175 2947 4247 Verum,‘sicutcorporaillorum
2969 4182 3247 4247 corrupta
3259 4184 3395 4231 sunt
3412 4177 3509 4232 illo
3528 4183 3680 4233 tem-

2030 4286 2192 4343 pore,
2224 4272 2457 4322 mortua
2478 4272 2533 4320 et
2554 4263 2848 4318 dissoluta
2877 4286 2887 4316 :
2916 4263 2997 4317 sic
3028 4280 3268 4335 quoque
3291 4267 3681 4334 cogitationes

2030 4355 2438 4431 quorumdam
2470 4370 2505 4408 a
2533 4354 2750 4407 Satana
2774 4357 2908 4406 sunt
2934 4358 3229 4422 corruptae
3258 4359 3313 4407 et
3341 4361 3589 4409 mortua:
3610 4370 3682 4408 ne

2032 4448 2258 4509 vivant,
2291 4450 2345 4499 et
2374 4442 2630 4496 defossae
2672 4440 2731 4494 in
2755 4440 2947 4494 lutum
2977 4446 3031 4494 et
3056 4445 3269 4495 terram
3297 4458 3307 4494 :
3338 4443 3507 4511 periit
3527 4446 3685 4499 enim

2037 4536 2276 4591 illorum
2332 4530 2556 4587 anima.
2614 4528 3138 4594 Quemadmodum
3190 4530 3367 4597 igitur
3415 4530 3689 4586 lsraelitaa

2039 4624 2420 4694 conjecerunt
2456 4635 2638 4674 aurea
2683 4633 2826 4673 vasa
2860 4618 2919 4671 in
2975 4618 3193 4688 ignem,
3227 4625 3283 4673 et
3331 4619 3549 4675 factum
3604 4629 3692 4675 est

2040 4712 2269 4768 idolum
2304 4727 2316 4763 :
2351 4711 2434 4764 sic
2460 4724 2619 4763 nunc
2650 4724 2829 4779 puras
2860 4711 2917 4761 et
2951 4706 3143 4762 bonas
3168 4708 3550 4777 cogitationes
3584 4716 3699 4765 tra-

2044 4800 2193 4856 didit
2216 4800 2399 4853 homo
2441 4797 2693 4859 malitias,
2733 4812 2868 4866 qua;
2889 4796 3118 4851 obrutae
3152 4796 3273 4851 luto
3302 4798 3547 4866 peccati,
3574 4799 3698 4854 ido-

2045 4890 2171 4945 lum
2204 4888 2372 4941 factae
2404 4892 2560 4939 sunt.
2592 4887 2661 4939 At
2690 4884 2999 4955 quomodo
3022 4886 3323 4956 quispiam
3353 4886 3482 4941 illas
3508 4889 3699 4958 possit

2048 4976 2331 5041 invenire,
2374 4975 2708 5028 discernere
2757 4979 2812 5027 et
2852 4974 3104 5030 educere
3152 4991 3182 5028 e
3224 4976 3466 5045 proprio
3516 4978 3649 5044 igne
3677 4977 3704 5031 ?

2053 5068 2152 5122 Hic
2182 5065 2425 5119 lucerua
2454 5062 2656 5116 divina
2681 5078 2831 5132 opus
2881 5062 3055 5118 habet
3088 5065 3313 5128 anima,
3343 5066 3595 5136 Spiritus
3629 5066 3706 5119 vi-

2055 5155 2274 5211 delibet
2293 5158 2519 5214 sancto,
2543 5150 2645 5222 qui
2672 5156 2913 5205 exornet
2934 5152 3390 5208 obtenebratam
3419 5154 3705 5219 domum;

2059 5249 2115 5300 et
2145 5241 2457 5313 splendido
2481 5240 2610 5294 Sole
2634 5239 2903 5309 justitiaa,
2938 5241 3040 5311 qui
3087 5240 3380 5296 illuminet
3404 5248 3459 5297 et
3488 5242 3716 5296 oriatur

2061 5334 2123 5389 in
2146 5331 2323 5386 corde
2354 5350 2365 5394 ;
2396 5329 2576 5383 armis
2590 5342 2832 5399 quoque
2858 5343 3011 5398 opus
3036 5328 3231 5383 habet.
3251 5330 3474 5401 quibus
3502 5332 3715 5385 evadat

2064 5421 2128 5477 in
2160 5418 2313 5475 bello
2345 5417 2640 5489 superior.

3402 5724 3464 5781 l8
