4148 6262
567 290 674 351 547

638 421 732 475 IV.
756 418 873 474 Illic
887 417 1048 475 enim
1070 417 1419 489 vidua,quas
1437 414 1779 488 perdiderat
1803 413 2156 469 drachmam
2176 413 2219 467 ⁶;
2256 416 2302 469 Α

568 509 832 581 primum
862 506 1139 562 accendit
1158 506 1493 570 lucernam,
1527 510 1731 576 postea
1756 518 1848 557 em
1861 500 2224 556 undavitdo-

571 613 739 653 mum
762 615 782 651 :
802 595 1007 667 sicque
1041 598 1295 666 purgata
1322 595 1527 656 domo,
1562 607 1936 662 accensaque
1957 590 2221 655 lucerna,

567 686 813 742 inventa
841 690 931 739 est
960 683 1271 749 drachma,
1290 683 1576 738 sordibus
1600 687 1779 753 atque
1804 678 2145 750 impuritate
2171 682 2227 730 et

571 780 730 831 terra
758 774 975 829 obruta
1003 789 1017 839 ;
1049 770 1258 827 verum
1288 772 1499 827 anima
1541 785 1661 825 non
1690 774 1884 840 potest
1920 785 1955 822 a
1993 782 2055 821 se
2093 765 2226 836 ipsa

570 863 927 931 investigare
940 861 1181 933 propria
1195 860 1847 929 cogitationes,easque
1861 857 2223 920 discernere;

574 950 680 1006 sed
708 966 843 1005 cum
872 964 1131 1004 accensa
1164 948 1275 1002 fuit
1321 949 1569 1003 lucerna
1599 945 1820 1009 divina,
1848 953 1985 999 tunc
2015 943 2112 997 lux
2139 948 2230 997 est

569 1041 631 1094 in
650 1037 907 1093 tenebris
936 1037 1199 1091 obducta
1224 1036 1409 1090 domo
1447 1053 1461 1103 ;
1493 1042 1550 1089 et
1578 1041 1716 1088 tunc
1748 1031 2227 1102 videtcogitatio-

571 1143 677 1183 nes
699 1142 861 1189 suas,
893 1125 1205 1196 quomodo
1235 1126 1352 1178 sint
1377 1125 1609 1179 obrutte
1636 1122 2226 1193 impuritateetcoeno

570 1214 842 1289 peccati:
873 1214 1059 1268 oritur
1104 1211 1211 1277 sol,
1262 1219 1318 1266 et
1372 1218 1496 1267 tum
1556 1210 1837 1281 perspicit
1891 1210 2095 1263 anima
2136 1207 2223 1262 sui

570 1304 894 1365 interitum,
947 1307 1124 1372 atque
1184 1301 1389 1371 incipit
1464 1315 1739 1355 revocare
1813 1299 2223 1368 cogitationes,

573 1391 853 1448 sordibus
875 1395 932 1444 et
962 1388 1234 1460 squalore
1254 1389 1597 1459 permistas.
1627 1386 1882 1441 Perdidit
1902 1387 2059 1441 enim
2081 1386 2226 1441 ima-

573 1484 776 1552 ginem
807 1494 980 1534 suam
995 1476 1221 1542 anima,
1236 1493 1373 1548 qua;
1387 1478 1746 1532 mandatum
1778 1476 1875 1531 Dei
1900 1482 2227 1545 transgres-

576 1586 643 1626 sa
672 1574 782 1624 est.

644 1696 707 1748 V.
739 1691 986 1748 Perinde
1017 1708 1088 1747 ac
1111 1693 1156 1746 si
1179 1690 1334 1764 quis,
1366 1707 1469 1746 rex
1502 1692 1594 1760 sit,
1617 1690 1721 1763 qui
1743 1689 1907 1745 bona
1928 1695 1984 1745 et
2022 1705 2221 1746 servos

1865 288 1920 342 S.
1964 280 2267 343 MACABII
2305 280 2613 341 EGYPI‘II

3800 291 3893 351 548

2404 409 2481 467 A’.
2520 414 2619 462 Καὶ
2643 411 2744 482 γὰρ
2785 410 2889 461 ἰκεῖ
2930 410 2959 467 ἡ
2994 412 3238 484 χήρατῆν
3260 412 3289 468 ἠ
3319 411 3617 466 ἀπολέσασα
3645 411 3898 489 δραχμὴν,

2332 507 2535 571 πρῶτον
2561 497 2664 568 ἧψε
2693 502 2779 550 τόν
2818 498 3031 569 λύχνον,
3074 496 3185 550 εἶτα
3229 498 3489 573 έκόσμησε
3531 506 3614 554 τόν
3644 500 3795 569 οἷκον,
3823 512 3902 558 καὶ

2333 587 2464 639 οὑτω
2517 589 2868 657 κοσμηθέντος
2915 594 3008 638 τοῦ
3051 590 3218 652 οἴκου,
3253 593 3340 641 καὶ
3391 597 3483 642 τοῦ
3519 590 3709 662 λύχνου
3740 593 3906 665 ἀφθέν-

2335 696 2438 739 τος,
2468 677 2648 748 εὑρέθη
2703 677 2733 733 ἡ
2778 673 3001 748 δραχμὴ
3035 674 3083 726 ἐν
3122 684 3185 747 τῇ
3234 696 3430 751 κόπρῳ,
3462 684 3549 731 καὶ
3602 678 3649 730 έν
3704 689 3757 753 τῇ
3792 681 3907 735 tiara.

2338 767 2550 838 θαρσίᾳ,
2582 768 2672 816 καὶ
2731 771 2791 834 τῇ
2832 772 2899 835 γῇ
2959 768 3295 835 κεχωσμένη.
3362 772 3461 818 Καὶ
3493 775 3578 817 νῦν
3617 770 3645 825 ἡ
3678 768 3823 840 ψυχὴ
3853 774 3905 822 οὑ

2338 849 2560 905 δύναται
2602 851 2685 923 ἀφ’
2742 852 2926 911 ἑαυτῆς
2975 854 3138 923 εὑρεῖν
3192 858 3310 914 τοῦς
3351 852 3516 915 ἰδίους
3560 852 3909 930 διαλογισμοὺς

2337 942 2493 1001 αὐτῆς
2523 946 2612 993 καὶ
2657 946 2918 1012 χωρίσαι,
2951 940 3058 991 ἀλλ’
3100 943 3222 992 ὅταν
3244 941 3377 1015 ἀφθῇ
3414 944 3439 993 6
3469 942 3659 1014 λύχνος
3687 947 3712 996 6
3742 949 3906 1013 θείκός,

2336 1030 2487 1082 ἅπτει
2536 1037 2610 1092 εἰς
2646 1034 2735 1081 τόν
2794 1029 3162 1100 ἐσκοτισμένον
3244 1031 3405 1095 οἶκον,
3456 1038 3545 1084 καὶ⁵
3598 1039 3707 1085 τότε
3755 1032 3909 1107 βλέπει

2336 1124 2457 1180 τοὺς
2498 1120 2784 1191 λογισμούς
2841 1122 3022 1181 αὑτῆς,
3064 1126 3174 1179 πῶς
3206 1119 3309 1171 εἰσι
3340 1127 3665 1193 κεχωσμένοι
3719 1129 3784 1185 εἰς
3834 1132 3909 1184 τὴν

2338 1206 2664 1282 ἀκαθαρσίαν
2721 1210 2810 1258 καὶ
2868 1211 2953 1259 τὸν
3014 1203 3263 1282 βόρϐορον
3329 1216 3425 1269 τῆς
3465 1209 3717 1283 ἁμαρτίας
3749 1229 3760 1242 ·
3809 1213 3911 1267 ἀνα-

2335 1296 2495 1349 τέλλει
2522 1300 2547 1348 6
2580 1297 2742 1362 ἣλιος,
2774 1301 2863 1348 καὶ
2890 1302 3006 1348 τότε
3038 1295 3215 1368 βλέπει
3258 1298 3287 1353 ἠ
3328 1296 3486 1369 ψυχὴ
3551 1305 3642 1358 τῆν
3685 1300 3909 1356 ἀπώλειαν

2336 1386 2518 1451 αὐτῆς,
2568 1391 2657 1437 καὶ
2710 1387 2937 1458 ἄρχεται
2990 1384 3363 1438 ἀνακαλεῖσθαι
3404 1394 3524 1450 τοὺς
3555 1388 3602 1440 ἐν
3645 1398 3703 1462 τῇ
3752 1395 3910 1466 κάπρῳ

2334 1480 2425 1527 καὶ
2477 1476 2713 1548 ῥυπαρία
2788 1474 3234 1546 ἀναμεμιγμένους
3300 1474 3612 1549 λογισμούς.
3678 1480 3909 1535 ’Δπώλεσε

2333 1566 2434 1635 γὰρ
2477 1568 2569 1622 τῆν
2600 1564 2771 1615 εἰκόνα
2799 1565 2970 1624 αὑτῆς
2997 1564 3027 1620 ἡ
3070 1562 3224 1634 ψυχὴ
3258 1564 3554 1638 παραϐᾶσα
3581 1570 3671 1625 τὴν
3700 1565 3903 1627 ἐντολήν,

2407 1686 2475 1742 Ε’.
2507 1686 2707 1760 Ὠσπερ
2770 1686 2854 1739 ἐὰν
2912 1684 2942 1759 ᾖ
3002 1707 3079 1749 τις
3134 1684 3406 1760 βασιλεὺς,
3463 1695 3553 1742 καὶ
3591 1694 3685 1763 ἔχη
3717 1691 3908 1767 ὓπαρξιν

572 1783 686 1839 sub
716 1798 779 1837 se
808 1781 1045 1845 habeat,
1079 1780 1191 1835 sibi
1219 1779 1625 1835 ministrantes
1655 1796 1667 1835 :
1698 1781 2003 1848 contingat
2022 1786 2210 1834 autem

2332 1782 2418 1830 xui
2450 1775 2727 1839 διακόνους
2765 1777 2851 1848 ὑφ’
2904 1776 3085 1829 ἑαυτὸν
3147 1781 3266 1838 τοὺς
3328 1780 3708 1854 ὑπηρετοῦντας
3756 1782 3906 1853 αὐτῷ·

569 1873 731 1928 hunc
764 1871 841 1925 ab
861 1869 1113 1925 inimicis
1128 1869 1635 1940 comprehensum
1651 1871 1953 1940 captivum
1970 1867 2217 1923 abduci:

568 1977 639 2017 eo
680 1967 856 2032 capto
882 1966 938 2014 et
967 1964 1134 2014 extra
1159 1960 1451 2015 terminos
1476 1959 1747 2029 abrepto,
1766 1957 1967 2028 utique
1986 1964 2221 2029 oportet

566 2065 765 2105 servos
779 2057 835 2103 et
853 2048 1155 2103 ministros
1186 2064 1223 2103 a
1251 2054 1415 2116 tergo
1440 2046 1603 2101 illum
1622 2047 1793 2117 sequi
1822 2063 1834 2101 :
1870 2046 1955 2100 sic
1976 2062 2219 2118 quoque

562 2138 757 2193 Adam
771 2136 1045 2192 conditus
1059 2142 1146 2190 est
1164 2152 1350 2206 purus
1366 2152 1402 2191 a
1422 2138 1540 2191 Deo
1555 2135 1613 2190 in
1641 2137 1769 2204 ejus
1794 2134 2213 2190 ministerium:

566 2226 684 2298 40
698 2227 825 2281 haec
841 2241 981 2280 vero
994 2232 1278 2281 creatura:
1297 2228 1374 2279 ad
1408 2240 1498 2278 ser
1512 2224 1785 2278 viendum
1802 2224 1855 2278 ei
1869 2224 2023 2279 datae
2043 2231 2180 2279 sunt
2198 2243 2210 2282 :

565 2316 853 2371 Dominus
886 2315 1043 2369 enim
1077 2319 1133 2368 et
1159 2328 1260 2367 rex
1288 2314 1644 2368 constitutus
1658 2316 1747 2367 est
1767 2314 2040 2367 omnium
2056 2328 2217 2367 crea-

561 2410 851 2460 turarum.
885 2404 1100 2458 Verum
1130 2408 1454 2474 postquam
1478 2417 1677 2456 sermo
1704 2400 2017 2472 improbus
2046 2402 2125 2456 ad
2152 2402 2216 2457 il-

559 2492 686 2549 lum
717 2494 1003 2566 pervenit,
1036 2498 1254 2547 etcum
1285 2507 1356 2546 eo
1381 2498 1774 2546 conversatus
1805 2498 1909 2555 est,
1944 2491 2074 2563 ipse
2104 2493 2213 2562 pri-

563 2597 731 2636 mum
795 2581 1003 2635 auditu
1062 2580 1337 2635 exteriori
1390 2581 1649 2651 suscepit
1704 2595 1864 2644 eum,
1896 2580 2113 2635 deinde
2163 2582 2212 2635 is

561 2671 891 2741 penetravit
918 2670 979 2723 in
996 2684 1099 2724 cor
1123 2669 1356 2739 ejusret
1384 2684 1625 2723 omnem
1649 2669 1778 2739 ejus
1810 2669 2210 2725 substantiam

559 2759 871 2830 occupavit
905 2775 917 2810 :
946 2765 1003 2813 et
1025 2759 1107 2812 ita
1147 2758 1388 2813 tandem
1408 2765 1583 2828 capto
1612 2757 1732 2822 illo,
1762 2764 1937 2829 capto
1967 2775 2212 2831 quoque

559 2852 667 2914 est,
693 2863 825 2919 quae
866 2847 1240 2902 ministrabat
1278 2853 1333 2902 et
1357 2846 1771 2903 subserviebat
1810 2848 1883 2916 ei,
1915 2856 2207 2904 creatura.

559 2937 667 2991 Per
696 2954 834 2991 eum
856 2939 1017 2992 enim
1046 2937 1366 3007 imperium
1387 2935 1644 2991 obtinuit
1674 2952 1835 2992 mors
1868 2953 2048 3008 super
2073 2954 2208 2992 om-

555 3042 695 3082 nem
729 3028 1015 3092 animam,
1044 3030 1101 3081 et
1139 3026 1389 3081 omnino
1434 3025 1761 3094 imaginem
1802 3025 1942 3080 Adae
1991 3025 2208 3083 delevit

2334 1868 2506 1940 συμϐῇ
2568 1864 2627 1919 δε
2684 1875 2866 1918 τοῦτον
2932 1868 3033 1918 ὑπὸ
3094 1875 3193 1918 τῶν
3252 1870 3462 1941 ἐχθρῶν
3518 1870 3905 1943 παραληφθῆναι,

2330 1963 2419 2011 καὶ
2484 1955 3002 2028 αἰχμαλωτισθῆναι,
3081 1959 3269 2009 τούτου
3352 1958 3775 2031 παραληφθέντος
3834 1965 3906 2012 καὶ

2329 2046 2702 2119 έξορισθέντος,
2753 2045 2951 2117 ἀνάγκη
2995 2050 3086 2097 xui
3134 2050 3257 2107 τοὺς
3307 2044 3598 2110 διακόνους
3643 2050 3790 2101 αὑτοῦ
3834 2056 3907 2101 καὶ

2328 2137 2586 2206 ὑπηρέτας
2617 2134 2786 2187 ὀπίσω
2840 2135 3002 2187 αὐτοῦ
3033 2133 3341 2188 ἀκολουθεῖν
3379 2154 3391 2167 '
3434 2138 3571 2190 οὕτω
3599 2143 3685 2190 καὶ
3712 2140 3735 2189 6
3764 2136 3910 2211 ’Δδὰμ

2326 2227 2541 2283 ἓκτίσθη
2582 2226 2809 2295 καθαρὸς
2840 2226 2941 2276 ὑπὸ
2990 2232 3089 2277 τοῦ
3132 2232 3265 2277 Θεοῦ
3318 2226 3393 2287 εἰς
3455 2224 3719 2280 διακονίαν
3757 2229 3904 2298 αὑτοῦ,

2324 2320 2414 2367 καὶ
2471 2322 2638 2366 ταῦτα
2668 2316 2731 2365 τὰ
2773 2318 3047 2385 κτίσματα
3094 2314 3165 2375 εἰς
3199 2315 3501 2388 ὑπηρεσίαν
3545 2318 3676 2388 αὐτῷ
3724 2314 3861 2375 ἐδοθη
3892 2343 3902 2355 ·

2328 2408 2518 2476 Κύριος
2569 2406 2670 2476 γὰρ
2721 2408 2810 2455 καὶ
2865 2400 3129 2475 βασιλεὺς
3204 2408 3509 2463 κατεστάθη
3583 2410 3769 2459 πάντων
3824 2415 3903 2458 τῶν

2323 2495 2625 2565 κτισμάτων
2650 2511 2661 2521 '
2714 2492 2824 2543 ἀλλ’
2875 2492 2928 2554 ἐξ
2983 2492 3044 2543 οὗ
3099 2494 3124 2543 6
3163 2492 3314 2563 λόγος
3345 2495 3371 2545 6
3394 2500 3627 2567 πονηρὸς
3653 2495 3902 2569 προσῆλθεν

2322 2584 2486 2653 αὐτῷ,
2552 2588 2643 2634 καὶ
2691 2581 3128 2653 προσωμίλησεν,
3184 2583 3340 2645 αὐτὸς
3397 2590 3646 2657 πρότερον
3697 2582 3779 2637 διὰ
3826 2594 3899 2645 τῆς

2322 2672 2502 2735 ἔξωθεν
2554 2673 2716 2732 ἀκοῆς
2773 2668 3065 2732 ὑπεδέξατο
3122 2670 3299 2739 αὑτὸν,
3351 2669 3470 2725 εἶτα
3525 2671 3727 2733 διῆλθεν
3764 2674 3895 2726 αὑτοῦ

2323 2758 2416 2812 διὰ
2462 2770 2555 2822 τῆς
2608 2755 2854 2831 καρδίας,
2912 2764 3002 2811 καὶ
3062 2763 3322 2831 κατέσχεν
3389 2763 3559 2815 αὑτοῦ
3618 2769 3777 2816 πᾶσαν
3818 2766 3892 2819 τὴν

2319 2852 2612 2902 ὑπόστασιν
2647 2866 2659 2878 ·

2320 2938 2731 3011 πμπαρελὴφθη
2813 2942 2903 2989 καὶ
2962 2938 2991 2994 ἠ
3056 2933 3387 2991 διακονοῦσα
3462 2946 3550 2993 καὶ
3602 2943 3885 3013 ὑπηρετοῦσα

2318 3028 2457 3098 αύτῷ
2487 3032 2680 3087 κτίσις,
2714 3026 2791 3077 Δι’
2845 3026 3003 3077 αὑτοῦ
3042 3028 3143 3097 γὰρ
3185 3027 3269 3078 ἐπὶ
3322 3034 3505 3081 πᾶσαν
3536 3029 3714 3102 ψυχὴν
3740 3027 3890 3080 ἐϐασί-

2719 2852 2809 2899 καὶ
2856 2848 2991 2899 οὑτω
3038 2847 3213 2899 λοιπόν
3265 2848 3436 2901 αὑτοῦ
3494 2852 3885 2927 παραληφθέντος,

558 3120 801 3187 propter
825 3116 875 3186 ej
888 3132 955 3170 us
978 3115 1468 3180 inobedientiam,
1490 3116 1645 3171 adeo
1664 3118 2007 3170 utconversi
2029 3124 2208 3189 atque

2320 3117 2492 3169 λευσεν
2522 3118 2547 3167 6
2597 3117 2832 3179 θάνατος,
2876 3122 2965 3167 xui
3014 3121 3191 3167 πᾶσαν
3222 3116 3397 3168 εἰκόνα
3446 3127 3538 3171 τοῦ
3587 3115 3750 3191 ’Δδάμ
3782 3118 3887 3189 ἠφά-

554 3206 820 3278 prolapsi
842 3207 1250 3262 sinthomines
1269 3207 1347 3261 ad
1359 3206 1704 3262 adorandos
1717 3207 2045 3261 daemones.
2064 3209 2210 3263 Ecce

555 3294 713 3350 enim
756 3295 979 3350 fructus
1041 3301 1209 3351 terrae
1258 3295 1362 3367 qui
1408 3296 1470 3350 in
1508 3296 1739 3351 bonum
1796 3312 1970 3351 usum
2003 3312 2039 3350 a
2094 3298 2210 3351 Deo

554 3386 735 3438 creati
758 3390 916 3449 sunt,
935 3383 1268 3439 offeruntur
1298 3385 1704 3439 daemonibus.
1730 3385 1974 3451 Panem,
2003 3386 2208 3440 vinum

556 3479 612 3527 et
635 3471 833 3527 oleum
854 3471 1111 3527 offerunt
1141 3471 1431 3527 altaribus
1460 3488 1692 3542 eorum,
1713 3480 1770 3528 et
1787 3474 2071 3529 animalia
2096 3473 2212 3529 im-

557 3564 807 3630 ponunt.
844 3558 957 3613 Sed
981 3574 1103 3612 non
1144 3559 1273 3613 haec
1306 3566 1537 3614 tantum
1572 3578 1590 3630 ;
1624 3561 1729 3615 sed
1760 3560 1911 3616 ﬁlios
1933 3562 2114 3616 etiam
2155 3569 2212 3618 et

553 3646 708 3702 ﬁlias
733 3645 1127 3701 immolarunt
1163 3646 1501 3703 daemoniis.

628 3860 713 3914 VI.
737 3859 857 3915 Hoc
878 3859 1053 3931 igitur
1088 3866 1355 3932 tempore
1376 3860 1492 3928 ille,
1525 3862 1630 3933 qui
1656 3861 1935 3919 formavit
1992 3878 2207 3935 corpus

553 3956 608 4007 et
634 3949 926 4016 animam,
972 3950 1102 4021 ipse
1132 3950 1333 4022 prodit
1371 3956 1426 4006 et
1472 3950 1746 4007 dissolvit
1771 3967 1951 4008 omne
1978 3954 2205 4010 institu-

552 4044 679 4096 tum
700 4038 838 4094 mali
859 4040 1175 4105 diemonis,
1200 4056 1269 4096 ac
1289 4056 1480 4111 opora
1499 4041 1626 4111 ejus
1657 4040 1716 4095 in
1742 4041 2206 4110 cogitationibus

551 4133 893 4184 constructa
929 4144 942 4193 ;
975 4133 1031 4184 et
1058 4133 1497 4201 renovatatque
1510 4130 1729 4185 format
1744 4128 2070 4200 imaginem
2085 4147 2206 4186 ca:-

550 4216 780 4281 leslem,
813 4222 869 4273 et
896 4216 1099 4273 condit
1128 4234 1349 4274 novam
1368 4218 1657 4284 animam,
1692 4226 1755 4274 ut
1783 4220 1973 4273 Adam
2002 4220 2203 4275 denuo

549 4305 653 4359 ﬁat
678 4321 778 4360 rex
795 4306 1001 4361 mortis
1016 4308 1367 4362 etdominus
1382 4315 1812 4362 creaturarum.
1832 4310 1895 4362 Et
1910 4309 1967 4362 in
1988 4308 2203 4363 umbra

547 4394 791 4466 quidem
824 4393 971 4465 legis
1004 4398 1189 4451 Moses
1228 4396 1649 4468 appellabatur
1678 4404 1945 4453 servator
1972 4397 2148 4452 Israel
2184 4414 2196 4451 :

2318 3225 2454 3257 νισεν
2502 3208 2555 3256 ἐκ
2584 3212 2675 3264 τῆς
2718 3207 2907 3255 ἑκείνου
2950 3213 3243 3277 παρακοῆς,
3308 3204 3451 3259 ὥστε
3498 3216 3746 3281 τραπῆναι
3788 3210 3887 3264 τούς

2321 3293 2641 3365 ἀνθρώπους,
2701 3297 2790 3344 καὶ
2846 3292 3005 3344 ἐλθεῖν
3069 3293 3141 3353 εἰς
3193 3298 3559 3367 προσκύνησιν
3630 3296 3879 3369 δαιμόνων.

2321 3381 2462 3437 Ἰδοὺ
2492 3386 2593 3455 γὰρ
2643 3384 2690 3434 οἱ
2734 3387 2927 3455 καρποὶ
2979 3390 3071 3444 τῆς
3101 3391 3201 3453 γῆς
3248 3386 3296 3435 οἰ
3335 3384 3440 3436 ὑπό
3500 3394 3591 3439 τοῦ
3638 3393 3761 3440 Θεοῦ
3801 3403 3890 3435 κτι-

2321 3474 2525 3532 σθέντες
2574 3470 2759 3534 καλῶς,
2806 3474 3188 3543 προσφέρονται
3242 3480 3351 3534 τοῖς
3410 3472 3686 3548 δαίμοσιν.
3734 3473 3892 3547 Ἄρτον

2319 3566 2408 3613 καὶ
2438 3556 2591 3629 οἶνον,
2636 3565 2725 3611 xui
2754 3559 2921 3611 ἔλαιον
2955 3560 3005 3611 έν
3056 3566 3163 3620 τοῖς
3200 3558 3400 3633 βωμοῖς
3446 3564 3645 3631 αὐτῶν,
3695 3567 3775 3615 καὶ
3803 3565 3891 3625 ζῶα

2318 3652 2637 3703 ἱπιτιθέασιν
2672 3670 2685 3681 ·
2718 3649 2776 3701 ού
2807 3653 2910 3721 μὴν
2951 3648 3079 3701 ἀ)λά
3125 3654 3215 3702 καὶ
3252 3655 3375 3713 τοὺς
3426 3656 3584 3715 υἱούς
3614 3654 3789 3718 αὐτῶν,
3816 3654 3888 3702 καὶ

2317 3743 2412 3802 τὰς
2430 3742 2717 3813 θυγατέρας
2740 3740 2929 3791 ἔθυσαν
2954 3746 3060 3799 τοῖς
3087 3735 3411 3812 δαιμονίοις,

2391 3866 2467 3930 ς’,
2523 3872 2631 3918 Νῦν
2659 3860 2746 3917 οὖν
2774 3864 2928 3927 αὐτὸς
2965 3866 2991 3916 6
3038 3864 3247 3928 πλάσας
3279 3870 3337 3917 τὸ
3368 3876 3532 3940 σῶμα
3559 3869 3646 3922 καί
3682 3872 3767 3925 τὴν
3802 3863 3885 3936 ψυ-

2315 3959 2444 4027 χὴν,
2478 3955 2634 4015 αὐτὸς
2684 3956 2895 4028 ἔρχεται
2954 3960 3044 4006 xui
3094 3952 3296 4008 διαλύει
3336 3962 3517 4011 πᾶσαν
3547 3963 3638 4017 τὴν
3666 3957 3884 4028 ἀναστρο-

2316 4048 2413 4116 φὴν
2453 4051 2546 4097 τοῦ
2575 4052 2823 4116 πονηροῦ,
2879 4048 2967 4096 xui
3024 4046 3090 4095 τὰ
3146 4046 3273 4116 ἔργα
3325 4045 3491 4099 αὑτοῦ
3546 4050 3610 4101 τά
3655 4044 3881 4099 ἐπιτελού-

2314 4152 2439 4205 μενα
2469 4136 2518 4185 ἐν
2566 4140 2670 4193 τοῖς
2722 4132 3013 4204 λογισμοῖς,
3068 4138 3158 4184 καὶ
3206 4132 3531 4197 ἀνακαινίζει
3587 4142 3673 4189 καὶ
3716 4136 3882 4208 μορφοῖ

2312 4225 2483 4276 εἰκόνα
2538 4222 2859 4295 ἐπουράνιον,
2912 4226 3001 4274 καὶ
3051 4230 3191 4274 ποιεῖ
3245 4228 3422 4282 καινῆν
3472 4226 3671 4298 ψυχὴν,
3712 4224 3785 4275 ἵνα
3808 4224 3876 4291 γέ-

2310 4331 2462 4369 νηται
2491 4311 2643 4363 πάλιν
2691 4309 2941 4383 βασιλεὺς
2969 4311 2995 4361 6
3041 4307 3216 4383 Ἀδὰμ
3258 4320 3348 4364 τοῦ
3395 4314 3640 4379 θανάτου,
3680 4316 3760 4363 καὶ
3794 4309 3875 4361 Κύ-

2308 4420 2423 4472 ριος
2450 4408 2549 4452 τῶν
2589 4409 2910 4471 κτισμάτων.
2973 4405 3073 4452 Καὶ
3137 4398 3185 4452 ἐν
3239 4408 3301 4473 τῇ
3360 4408 3488 4474 σκιᾴ
3539 4399 3596 4456 δὲ
3625 4408 3711 4454 τοῦ
3738 4404 3871 4468 νόμον

548 4482 751 4537 eduxit
778 4485 937 4538 enim
960 4500 1061 4539 eos
1094 4500 1165 4539 ex
1186 4485 1463 4557 Egypto.
1516 4487 1607 4542 Sic
1637 4501 1879 4557 quoque
1914 4501 2075 4540 nunc
2104 4502 2200 4541 ve-

2320 4496 2538 4551 Πωῦσῆς
2596 4494 2771 4563 Σωτὴρ
2832 4488 3119 4541 ἐπεκαλεῖτο
3201 4498 3292 4541 τοῦ
3367 4491 3580 4566 Ἰσραήλ
3617 4507 3627 4518 ·
3702 4484 3873 4550 ἒξέϐαλε

545 4585 646 4625 rus
670 4571 1027 4644 Redemptor
1052 4573 1319 4629 Christus
1350 4580 1622 4645 penetrat
1668 4574 1903 4630 occulta
1955 4576 2195 4644 animae,

545 4674 800 4732 eamque
854 4662 1013 4731 ejicit
1059 4679 1129 4717 ex
1180 4666 1492 4718 tenebrosa
1532 4666 1805 4736 Egypto,
1838 4666 2195 4733 gravissimo

539 4748 687 4817 jugo
714 4756 768 4803 et
807 4750 959 4805 dura
1018 4750 1314 4807 servitute.
1346 4754 1610 4824 Praecipit
1654 4755 1829 4824 igitur
1881 4753 2076 4820 nobis,
2134 4762 2195 4812 ut

545 4836 927 4905 egrediamur
951 4840 1236 4905 emundo,
1267 4846 1751 4912 etpaupertatem
1767 4842 2189 4913 suscipiamus,

541 4924 756 4981 relictis
787 4927 1069 4981 omnibus
1101 4943 1236 4999 quas
1280 4930 1569 4995 videmus,
1606 4946 1714 4985 nec
1734 4932 2070 4987 habeamus
2093 4949 2193 4989 cu-

540 5029 670 5069 ram
706 5020 1017 5083 terrenam,
1050 5018 1151 5071 sed
1167 5023 1337 5072 nocte
1351 5019 1568 5089 dieque
1582 5018 1920 5089 adjanuam
1938 5026 2186 5089 stemus,

538 5108 596 5159 et
650 5109 1063 5174 exspectemus
1112 5107 1360 5177 quando
1394 5109 1677 5163 Dominus
1714 5109 1945 5180 aperiat
1985 5111 2189 5169 clausa

537 5192 742 5259 corda,
766 5198 821 5249 et
852 5191 1194 5251 effundatin
1222 5211 1333 5252 nos
1355 5196 1607 5254 domum
1621 5197 1876 5271 Spiritus
1890 5202 2099 5256 sancti.

606 5498 717 5554 VII.
752 5497 951 5571 Jussit,
1002 5514 1163 5573 ergo,
1198 5504 1262 5559 ut
1306 5500 1525 5559 relictis
1579 5517 1747 5572 auro,
1794 5508 2060 5577 argento,
2126 5511 2183 5564 et

603 5649 625 5686 ⁸
664 5649 803 5705 Luc.
834 5664 931 5717 xv,
958 5652 1014 5707 8.

2304 4581 2405 4651 γὰρ
2438 4578 2623 4640 αύτούς
2680 4577 2734 4630 Ex
2789 4586 2876 4638 τῆς
2935 4578 3221 4649 Αἰγύπτου.
3257 4578 3407 4631 Οὑτω
3443 4585 3531 4632 καὶ
3576 4580 3715 4631 νῦνό
3761 4574 3869 4629 ἁλη-

2306 4670 2442 4729 θινός
2467 4668 2730 4742 λυτρωτῆς
2775 4671 2999 4739 Χριστός
3055 4664 3329 4741 διέρχεται
3376 4674 3449 4731 εὶς
3486 4689 3551 4721 τα
3591 4671 3770 4743 κρύφια
3791 4670 3870 4720 τῆς

2301 4756 2508 4829 ψυχῆς,
2561 4763 2650 4811 xui
2720 4756 2949 4808 ἐκϐάλλει
3007 4755 3060 4807 ἔκ
3115 4766 3205 4817 τῆς
3265 4766 3533 4820 σκοτεινῆς
3608 4756 3865 4827 Αἰγύπτου,

2300 4854 2392 4899 τοῦ
2425 4846 2725 4919 βαρυτάτου
2768 4850 2946 4921 ζυγοῦ,
3000 4850 3091 4897 καὶ
3145 4853 3239 4908 τῆς
3267 4854 3457 4922 πικρᾶς
3502 4845 3747 4903 δουλείας.
3778 4841 3868 4894 Ἐν·

2300 4935 2522 4987 τέλλεται
2574 4932 2661 4988 οὖν
2708 4937 2849 5008 ἡμῖν,
2887 4937 3020 4987 ὥστε
3072 4933 3285 4997 ἐξελθεῖν
3334 4939 3388 4988 ἑκ
3419 4945 3508 4989 τοῦ
3554 4940 3762 5006 κόσμου,
3791 4930 3865 4979 καὶ

2297 5033 2610 5097 πτωχεῦσαι
2683 5024 2784 5077 ἀπὸ
2849 5027 3051 5077 πάντων
3123 5034 3220 5077 τῶν
3300 5030 3629 5098 φαινομένων,
3682 5026 3762 5073 xui
3806 5018 3863 5088 μὴ

2298 5116 2437 5186 ἔχειν
2498 5118 2746 5185 μέριμναν
2809 5116 3019 5184 γηῖνην,
3096 5112 3224 5165 ἀλλά
3291 5120 3475 5177 νυκτὸς
3547 5118 3633 5165 καὶ
3693 5111 3863 5180 ἡμέρας

2297 5203 2571 5261 ἑστηκέναι
2610 5203 2681 5265 εἰς
2728 5207 2814 5261 τὴν
2875 5205 3057 5275 θύραν,
3120 5208 3209 5255 καὶ
3250 5201 3640 5277 ἀπεκδέχεσθαι
3688 5206 3798 5251 ποτε
3841 5190 3862 5241 ὁ

2298 5295 2488 5367 Κύριος
2535 5291 2724 5356 ἀνοίξει
2779 5294 2867 5354 τὰς
2943 5292 3407 5365 συγκεκλεισμένας
3483 5288 3718 5365 καρδίας,
3787 5282 3860 5332 καὶ

2294 5382 2494 5455 έπιχεεί
2519 5383 2644 5454 ἡμῖν
2674 5385 2767 5442 την
2795 5377 2991 5457 δωρεὰν
3025 5388 3116 5435 τοῦ
3145 5380 3297 5455 ἁγίου
3328 5385 3636 5457 Πνεύματος.

2361 5507 2437 5567 Ζ¹.
2499 5506 2650 5564 Εἶπεν
2706 5503 2793 5562 οὖν
2847 5508 3048 5584 ἀφιέναι
3102 5514 3330 5588 χρυσὸν,
3384 5511 3628 5585 ἄργυρον,
3684 5498 3854 5571 συγγί-
