4148 6262
284 336 392 399 549
1539 334 1881 397 ΗΟΜΙΕΙᾹΞ.
1922 371 1990 383 -
2030 340 2204 396 ΗΟΜ.
2244 342 2344 398 ΧΙ.
3550 343 3656 403 550

282 486 445 534 νειαν,
502 466 748 523 πωλῆσαι
793 468 860 518 τὰ
908 466 1237 539 ὑπάρχοντα,
1292 470 1382 516 καὶ
1425 461 1706 517 διαδοῦναι
1753 484 1890 518 πτω-

2007 468 2292 537 cognatis,
2323 467 2653 523 vendamus
2684 469 2845 524 bona
2875 474 3101 537 nostra,
3134 475 3189 525 et
3214 472 3645 530 distribuamus

282 566 425 628 χοῖς,
465 562 555 608 καὶ
613 556 955 630 θησαυρίζειν
1001 554 1154 619 αὐτὰ,
1200 558 1289 605 καὶ
1340 554 1512 615 ζητεῖν
1543 554 1613 615 εἰς
1656 558 1772 615 τοὺς
1803 556 1893 607 οὐ-

2009 556 2369 627 pauperibus
2390 558 2434 621 ⁷,
2455 564 2509 611 et
2532 557 2887 626 colligamus
2914 572 2986 613 ea
3016 560 3073 612 in
3092 559 3462 628 thesaurum,
3486 580 3647 634 quas-

280 648 501 720 ρανούς·
532 644 729 697 Ὀπου
768 647 887 716 γὰρ
917 644 941 694 6
975 645 1320 714 θησαυρός
1359 661 1495 710 σου,
1537 642 1669 695 ἐκεῖ
1707 647 1890 696 ἔσται

2003 661 2329 713 ramusque
2359 646 2417 699 in
2450 645 2617 700 ccelis
2645 662 2656 699 :
2694 647 2800 702 Ubi
2825 646 2977 702 enim
3023 651 3108 703 est
3138 650 3454 705 thesaurus
3486 660 3641 717 tuus,

281 741 391 788 xui
433 737 463 792 ἠ
505 732 758 808 καρδία
799 753 936 785 σου.
969 729 1126 804 ’ᾘὸει
1154 734 1253 806 γὰρ
1306 733 1330 782 6
1367 734 1573 803 Κύριος,
1604 735 1684 785 ὅτι
1722 733 1889 786 ἐντεῦ-

2005 734 2080 788 ibi
2108 740 2191 790 est
2222 739 2277 789 et
2302 750 2404 789 cor
2454 738 2617 789 tuum
2647 736 2687 789 ⁸.
2740 736 2909 791 Novit
2937 737 3096 793 enim
3140 738 3450 804 Dominus,
3477 741 3643 815 quod

285 828 366 879 θεν
411 827 437 875 6
468 829 698 883 Σατανᾶς
746 827 1021 893 κατισχίει
1074 830 1175 872 τῶν
1220 821 1503 892 λογισμῶν,
1547 829 1637 874 τοῦ
1668 828 1888 894 καταφέ-

2006 823 2138 878 inde
2166 826 2417 879 Satanas
2441 824 2680 879 roboret
2709 840 2773 878 se
2799 824 3119 881 adversum
3147 828 3555 896 cogitationes,
3584 835 3644 885 ut

280 933 389 987 ρειν
433 912 623 971 αὐτοὺς
656 910 724 971 εἰς
756 915 848 968 τὴν
896 905 1152 983 φροντίδα
1200 916 1298 959 τῶν
1347 908 1533 959 ὑλικῶν
1579 915 1667 960 καὶ
1696 915 1887 981 γηίνων

2001 912 2387 967 traducateas
2410 912 2468 965 in
2494 911 2953 968 sollicitudinem
2975 930 3173 970 rerum
3193 917 3639 973 mundanarum

283 1003 629 1077 πραγμάτων.
666 1001 759 1051 Διά
810 1006 962 1051 τοῦτο
1008 1000 1033 1049 6
1074 1000 1202 1057 Θεὸς
1250 1000 1622 1070 προνοούμενος
1658 1007 1751 1061 τῆς
1782 999 1887 1070 φυ-

2003 1006 2050 1054 et
2108 1005 2494 1054 terrenarum.
2556 1003 2869 1071 Propterea
2900 1002 3075 1067 Deus,
3108 1004 3211 1074 qui
3246 1020 3453 1060 curam
3492 1008 3641 1076 gerit

277 1100 389 1163 χῆς
443 1108 559 1153 σου,
616 1085 751 1141 εἶπεν
813 1087 1180 1149 ἀποτάξασθαι
1234 1092 1418 1151 πᾶσιν,
1477 1087 1559 1138 ἶνα
1609 1092 1698 1139 καὶ
1748 1091 1884 1140 οἴκων

2004 1090 2212 1143 animus
2237 1094 2371 1153 tuae,
2399 1089 2576 1159 jussit
2602 1091 2939 1144 renuntiare
2966 1091 3270 1160 omnibus,
3301 1099 3361 1148 ut
3385 1094 3473 1149 vel
3496 1096 3642 1149 invi-

280 1179 615 1251 ἐπιζητὴσης
662 1182 745 1230 τόν
778 1178 1014 1251 οὐράνιον
1044 1179 1285 1238 πλοῦτον,
1318 1180 1407 1227 καὶ
1460 1178 1589 1247 ἔχῃς
1633 1181 1726 1234 τὴν
1757 1198 1886 1251 καρ-

1998 1179 2088 1230 tus
2114 1192 2348 1248 quaaras
2397 1176 2668 1232 caelestes
2718 1178 2973 1243 divitias,
3000 1184 3056 1233 et
3084 1179 3312 1235 habeas
3342 1197 3443 1236 cor
3468 1187 3636 1239 tuum

283 1266 405 1322 δίαν
437 1287 532 1320 σου
582 1270 715 1339 πρὸς
744 1269 833 1317 τὸν
887 1271 1034 1318 Θεόν.
1083 1263 1202 1315 Ἐὰν
1249 1266 1347 1337 γὰρ
1379 1268 1467 1315 καὶ
1518 1264 1741 1338 θελήσῃς
1770 1269 1883 1319 ἐπι-

1998 1267 2154 1335 apud
2187 1269 2390 1321 Deum.
2422 1266 2705 1331 Quamvis
2730 1267 2891 1321 enim
2932 1266 3186 1323 volueris
3203 1272 3413 1325 reverti
3444 1272 3521 1326 ad
3543 1288 3636 1328 res

284 1364 581 1429 στραφῆναι
634 1359 761 1427 πρὸς
811 1356 877 1405 τὰ
931 1358 1220 1425 χτίσματα,
1275 1348 1424 1404 οὐδὲν
1480 1354 1736 1425 εὑρίσκεις
1786 1365 1884 1408 τῶν

2002 1362 2243 1419 creatas,
2261 1354 2408 1409 nihil
2426 1364 2623 1409 tamen
2645 1371 2873 1421 eorum,
2897 1372 3033 1426 quae
3056 1357 3349 1422 videntur,
3373 1364 3423 1413 te
3452 1362 3640 1431 possi-

279 1449 593 1518 φαινομένων
667 1447 996 1515 κεκτημένος.
1090 1441 1280 1506 Θέλεις,
1359 1441 1416 1492 οὐ
1495 1442 1674 1509 θέλεις,
1752 1446 1881 1498 ὅπου

2000 1442 2131 1497 dere
2156 1442 2568 1513 deprehendes
2600 1462 2612 1498 :
2649 1443 2811 1509 velis,
2867 1445 3115 1511 nolisve,
3148 1448 3377 1515 cogeris
3412 1449 3638 1506 mittere

279 1543 450 1588 ταῦτα
500 1536 856 1606 ἐθησαύρισας
918 1536 1005 1583 xui
1063 1529 1278 1599 ἀπέθου,
1343 1529 1623 1600 ἀναγκάζει
1678 1533 1881 1604 πέμψαι

2001 1536 2250 1586 mentem
2268 1531 2346 1586 ad
2360 1531 2657 1586 cmlestem
2679 1532 3045 1597 thesaurum,
3081 1533 3179 1588 ubi
3194 1550 3264 1589 ea
3276 1535 3564 1605 collegisti
3584 1544 3639 1593 et

270 1628 360 1676 τὸν
404 1631 522 1675 νοῦν
558 1641 651 1674 σου
684 1625 815 1694 πρὸς
856 1624 939 1672 τόν
991 1618 1227 1694 οὐράνιον
1262 1635 1275 1647 ’
1316 1625 1509 1670 Ὅπου
1549 1622 1666 1693 γὰρ
1708 1623 1733 1672 6
1775 1625 1877 1682 θη..

1996 1619 2323 1689 deposuisti
2361 1637 2373 1673 :
2414 1620 2523 1675 Ubi
2542 1620 2695 1675 enim
2726 1624 2811 1675 est
2842 1620 3157 1677 thesaurus
3187 1628 3343 1692 tuus,
3382 1624 3465 1679 ibi
3482 1630 3565 1681 est
3580 1632 3634 1682 et

271 1717 511 1785 σαυρὸς
556 1730 689 1776 σου,
733 1712 866 1761 ἐκεῖ
901 1710 1087 1761 ἔσται
1118 1712 1225 1759 καὶ
1264 1708 1294 1764 ἡ
1340 1704 1582 1780 καρδία
1614 1728 1745 1765 σου,
1986 1713 2273 1764 cortuum
2300 1710 2342 1760 θ.

342 1818 424 1871 Η’.
489 1823 589 1872 Καὶ
644 1819 746 1891 γὰρ
801 1817 848 1867 ἐν
904 1823 976 1885 τῷ
1034 1819 1173 1885 νόμῳ
1227 1812 1485 1865 ἐκέλευσεν
1534 1816 1560 1865 6
1620 1820 1749 1879 Θεὸς
1800 1827 1872 1889 τῷ
1910 1815 1952 1869 Β

2053 1815 2188 1870 VllI.
2242 1816 2333 1871 Sic
2380 1814 2559 1870 etiam
2614 1815 2671 1869 in
2705 1813 2835 1884 lege
2866 1816 3146 1887 praecepit
3175 1819 3330 1873 Deus
3376 1822 3538 1887 Mosi,
3570 1826 3634 1879 ut

264 1915 502 1972 Μωϋσεῖ,
536 1910 620 1959 ἶνα
665 1911 856 1977 ποιήσῃ
892 1909 1001 1977 ὄφιν
1033 1904 1285 1975 χαλκοῦν,
1317 1908 1405 1954 καὶ
1448 1911 1627 1956 τοῦτον
1656 1906 1868 1981 ὑψώσῃ,

1992 1903 2199 1960 faceret
2251 1909 2586 1974 serpentem
2637 1919 2896 1969 ameum,
2954 1908 3009 1959 et
3039 1904 3207 1961 illum
3250 1906 3535 1964 exaltaret
3560 1926 3630 1966 ac

262 2004 355 2051 xui
410 1995 691 2070 προσπήξη
742 1995 816 2055 εἰς
846 1998 904 2046 τό
936 1993 1221 2064 ἀκρότατον
1270 2000 1361 2043 τοῦ
1412 1991 1564 2053 ξύλου
1590 2011 1601 2021 ·
1628 2000 1717 2047 xui
1756 1998 1871 2050 ὅσοι

1992 1991 2249 2061 afﬁgeret
2271 1993 2348 2047 ad
2381 1992 2786 2046 summitatem
2816 1992 2957 2060 ligni
3005 1993 3084 2047 ¹⁰;
3120 1999 3175 2048 et
3219 1997 3564 2068 quicunque
3595 2014 3630 2054 a

260 2095 363 2137 τῶν
391 2089 548 2157 ὄφεων
580 2084 922 2147 ἐπλήσσοντο,
956 2086 1309 2154 προσέχοντες
1336 2088 1405 2151 τῷ
1429 2085 1536 2151 ὄφει
1566 2091 1637 2152 τῷ
1661 2084 1865 2156 χαλκῷ,

1987 2082 2357 2151 serpentibus
2409 2080 2913 2151 percutiebantur,
2969 2080 3265 2137 intuentes
3306 2083 3364 2138 in
3391 2100 3625 2141 mneum

263 2177 454 2235 ἰάσεως
505 2172 823 2244 ἐτύγχανον.
884 2178 1048 2223 Τοῦτο
1124 2170 1461 2238 οἰκονομικῶς
1518 2169 1730 2240 ἐγίνετο,
1789 2174 1871 2226 ἱνα

1989 2175 2335 2240 serpentem,
2365 2168 2661 2223 medelam
2678 2169 3200 2240 consequebantur
3218 2173 3480 2243 .Hocque
3506 2190 3627 2230 non

261 2265 312 2316 οὶ
364 2266 708 2334 κατεχόμενοι
745 2261 812 2321 εἰς
866 2263 955 2321 τάς
993 2262 1180 2331 γηῖνας
1234 2263 1502 2333 μερίμνας,
1546 2264 1635 2311 καὶ
1666 2260 1740 2322 εὶς
1777 2264 1871 2324 τὰς

1986 2258 2664 2329 absquedispensatione
2680 2256 2877 2324 ﬁebat,
2909 2259 3084 2329 utqui
3102 2261 3347 2315 terrenis
3376 2264 3531 2317 curis
3554 2279 3624 2318 ac

260 2348 710 2423 εἰδωλολατρείας,
762 2355 851 2401 καὶ
898 2349 970 2409 εἰς
999 2350 1091 2410 τας
1140 2344 1331 2406 ἡδονὰς
1378 2354 1468 2398 τοῦ
1518 2355 1738 2414 Σατανᾶ,
1780 2357 1869 2403 καὶ

1985 2346 2332 2411 idololatria,
2366 2352 2543 2417 atque
2564 2345 2973 2415 voluptatibus
3029 2348 3285 2414 Satanas,
3336 2353 3623 2424 omnique

261 2442 335 2502 εἰς
382 2447 558 2493 πᾶσαν
613 2438 873 2503 ἀσέϐειαν,
934 2434 1027 2489 διὰ
1056 2440 1242 2488 τούτου
1279 2444 1373 2487 του
1424 2440 1618 2509 τρόπου
1648 2448 1869 2512 μερικῶς

1988 2434 2284 2506 impietate
2304 2434 2551 2488 districti
2572 2439 2787 2497 essent,
2806 2433 2920 2489 hoc
2951 2435 3159 2489 saltem
3186 2437 3370 2492 modo
3391 2438 3626 2511 aliqua-

258 2550 367 2590 πως
417 2528 757 2598 ἀνακύψωσιν
792 2526 874 2579 ἐπὶ
915 2529 980 2578 τά
1037 2527 1163 2591 ἄνω,
1215 2528 1304 2575 καὶ
1360 2523 1713 2594 ἀναψύξαντες
1767 2528 1868 2580 ἀπὸ

1989 2540 2149 2579 Lenus
2198 2525 2561 2593 respicerent
2618 2524 2948 2593 superiora,
3010 2528 3066 2578 et
3117 2524 3195 2579 ab
3242 2526 3627 2584 inferioribus

260 2628 361 2670 τῶν
390 2620 534 2670 κάτω
581 2620 922 2690 προσέχωσιν
979 2617 1062 2666 ἐπὶ
1094 2616 1157 2665 τὰ
1204 2612 1402 2683 ὑψηλὰ,
1448 2616 1537 2664 καὶ
1578 2614 1731 2667 πάλιν
1780 2615 1866 2669 ἀπ’

1984 2610 2338 2682 respirantes
2383 2612 2458 2666 ad
2490 2611 2772 2666 sublimia
2802 2612 3191 2680 attenderem,
3224 2618 3282 2668 et
3311 2631 3516 2671 rursus
3544 2619 3622 2673 ab

263 2709 463 2760 ἐκείνων
511 2706 851 2782 προκόψωσιν
902 2704 971 2765 εἰς
1028 2708 1085 2755 τό
1141 2702 1505 2773 ὑψηλότατον·
1564 2710 1654 2755 xui
1711 2705 1868 2767 οὕτως

1986 2699 2091 2755 illis
2109 2699 2553 2771 proﬁcerentad
2573 2700 2933 2755 altissimum
2959 2718 2971 2752 :
3001 2701 3150 2756 etita
3175 2703 3464 2773 paulatim
3488 2721 3624 2776 pro-

264 2799 399 2847 κατὰ
452 2798 638 2867 μικρὸν
711 2798 1087 2866 προκόπτοντες
1145 2791 1216 2852 εἰς
1272 2794 1330 2842 τὸ
1403 2789 1720 2863 ὑψηλότερον
1778 2800 1867 2847 καὶ

1985 2790 2310 2860 gredientes
2358 2792 2435 2845 ad
2488 2789 2896 2845 sublimiorem
2929 2797 2984 2845 et
3009 2793 3376 2862 superiorem
3409 2811 3623 2866 proge-

265 2884 512 2957 ἀνώτερον
591 2886 733 2956 γένος
797 2882 1238 2953 ἑπιγινώσκωσιν,
1299 2881 1376 2931 ὅτι
1450 2878 1591 2932 ἐστὶν
1643 2881 1867 2952 ὕψιστος

1983 2882 2158 2944 niem,
2183 2884 2609 2949 cognoscerent
2633 2894 2761 2934 esse
2789 2880 3115 2950 quemdam
3150 2881 3503 2939 altissimum
3526 2902 3621 2939 su-

262 2977 406 3048 παρά
460 2979 631 3026 πᾶσαν
660 2978 754 3030 τὴν
807 2978 1001 3027 κτίσιν,
1053 2968 1201 3021 Οὕτω
1245 2974 1333 3021 xui
1366 2972 1422 3021 σε
1470 2968 1700 3023 ἐκέλευσε
1731 2993 1866 3025 πτω-

1981 2985 2085 3040 pra
2108 2984 2353 3023 omnem
2385 2974 2739 3022 creaturam.
2773 2970 2864 3022 Sic
2908 2984 3150 3039 quoque
3182 2973 3235 3025 te
3258 2971 3437 3041 jussit
3471 2976 3619 3029 Deus

265 3066 365 3131 χὸν
395 3064 655 3132 γενέσθαι,
698 3066 787 3112 καὶ
837 3063 1007 3112 πάντα
1035 3058 1353 3115 πωλήσαντα
1396 3054 1581 3110 δοῦναι
1608 3070 1861 3133 πτωχοῖς,

1980 3073 2303 3129 pauperem
2341 3056 2485 3119 ﬁeri,
2520 3062 2576 3111 et
2623 3056 2828 3110 omnia
2859 3056 3213 3112 vendentem
3249 3063 3618 3130 pauperibus

270 3150 353 3200 ἶνα
411 3149 585 3200 λοιπὸν
639 3148 731 3200 κᾶν
786 3149 1009 3209 θελήσης
1057 3150 1195 3198 κάτω
1251 3146 1409 3221 ῥέψαι
1462 3148 1547 3198 ἐπὶ
1603 3156 1691 3209 τῆς
1740 3159 1908 3222 γῆς,(

1980 3146 2196 3215 largiri,
2231 3149 2294 3199 ut
2324 3149 2550 3215 postea,
2584 3145 2633 3198 si
2663 3143 2799 3197 velis
2831 3143 3031 3199 denuo
3062 3160 3267 3216 repere
3295 3164 3475 3217 super
3507 3155 3618 3204 ter-

264 3242 337 3308 μὴ
376 3234 626 3309 δυνηθῇς.
677 3243 985 3310 Ἐριυνήσας
1014 3240 1114 3309 γὰρ
1149 3238 1197 3287 ἐν
1227 3242 1288 3306 τῇ
1322 3232 1516 3309 καρδίᾳ
1545 3255 1637 3289 σου
1688 3241 1861 3313 ἄρχου

1979 3252 2123 3299 ram,
2154 3250 2269 3289 non
2292 3234 2509 3304 possis.
2537 3234 2813 3287 Scrutans
2831 3247 2973 3300 ergo
2989 3234 3048 3287 in
3072 3234 3250 3289 corde
3270 3238 3390 3301 tuo,
3422 3238 3617 3309 incipe

262 3328 400 3397 μετά
428 3334 527 3376 τῶν
557 3325 817 3396 λογισμῶν
847 3344 938 3377 σου
972 3322 1331 3395 διαλέγεσθαι,
1370 3324 1517 3397 Παρ’
1550 3324 1576 3375 6
1613 3324 1716 3378 ἐπὶ
1754 3338 1862 3389 τῆς

1978 3341 2108 3379 cum
2157 3321 2617 3391 cogitationibus
2650 3322 2763 3375 tuis
2804 3320 3146 3391 disputare:
3178 3323 3319 3379 Cum
3368 3326 3524 3381 nihil
3555 3330 3616 3382 in

261 3423 387 3484 γῆς
425 3410 613 3466 οὐδὲν
652 3416 904 3484 ἔχομεν,
947 3415 1197 3484 ἄγωμεν
1236 3416 1389 3486 πρὸς
1429 3418 1532 3464 τόν
1572 3414 1857 3486 οὐρανόν,

1975 3416 2146 3469 terris
2164 3412 2585 3480 possideamus,
2620 3415 2990 3466 transeamus
3022 3410 3133 3482 41
3168 3413 3248 3468 ad
3273 3415 3483 3469 caelum
3514 3416 3613 3470 ubi

256 3505 417 3555 ὅπου
450 3506 687 3574 ἕχόμεν
717 3506 820 3553 τόν
853 3504 1196 3574 θησαυρόν,
1230 3503 1385 3553 ὅπου
1427 3504 1858 3575 ἐπραγματευ-

1975 3503 2251 3559 habemus
2272 3501 2640 3564 thesaurum,
2663 3507 2715 3554 et
2737 3500 3134 3569 ubinegotiati
3157 3517 3378 3558 sumus.
3398 3504 3613 3576 Incipit

258 3595 529 3664 σαμεθα.
572 3597 831 3664 ’Ἀρχεται
860 3592 883 3641 6
915 3598 1027 3650 νοῦς
1056 3610 1149 3642 σου
1179 3589 1435 3642 ἀνανεύειν
1468 3595 1594 3664 πρὸς
1626 3601 1682 3644 τὸ
1704 3593 1856 3664 ὕψος,

1976 3606 2141 3646 mens
2166 3594 2269 3646 tua
2295 3590 2372 3645 ad
2394 3588 2676 3643 sublimia
2696 3603 3018 3659 emergere,
3038 3596 3095 3646 et
3124 3592 3431 3663 superiora
3447 3593 3614 3649 inda-

252 3686 344 3733 καὶ
364 3680 627 3742 ἐπιζητεῖν
655 3683 720 3732 τὰ
750 3679 996 3754 ἀνώτερα,
1026 3685 1115 3731 xui
1145 3686 1457 3753 πρρκόπτειν
1484 3679 1531 3731 ἐν
1561 3684 1752 3753 τούτῳ.

1081 3685 1115 3731 ιὶ
1145 3686 1457 3753 πρρκόπτειν
1484 3679 1531 3731 ἐν
1561 3684 1752 3753 τούτῳ.
1968 3695 2109 3750 gare
2138 3686 2191 3735 et
2223 3680 2282 3734 in
2313 3696 2382 3734 eo
2415 3677 2719 3749 proﬁcere.

329 3770 411 3824 Θ’.
458 3775 520 3822 Τί
579 3766 637 3822 δέ
692 3769 832 3822 ἐστιν
885 3771 910 3821 6
964 3772 1136 3842 νεκρός
1190 3773 1321 3839 ὄφις,
1381 3770 1405 3819 6
1452 3775 1857 3843 προσπεπηγμέ-

2041 3770 2125 3823 ΙΧ.
2156 3769 2375 3823 Verum
2404 3767 2546 3838 quid
2572 3767 2763 3821 innuit
2792 3782 3037 3838 serpens
3068 3767 3164 3823 ille
3195 3774 3610 3843 mortuus,qui

252 3879 331 3920 νος
385 3860 460 3922 εἰς
511 3863 569 3911 τό
623 3858 908 3931 ἀκρότατον
961 3865 1052 3909 τοῦ
1111 3858 1281 3923 ξύλου,
1318 3858 1430 3910 ἰᾶτο
1482 3863 1603 3920 τοὺς
1658 3861 1858 3920 πεπλη-

1974 3858 2315 3913 sublimitati
2327 3857 2467 3926 ligni
2481 3854 2979 3923 afﬁxus,sanabat
2992 3872 3308 3927 percussos
3319 3858 3347 3911 ‘2
3362 3861 3612 3931 Serpens

249 3954 471 4020 γμένους
500 3966 513 4017 ;
547 3950 572 4000 ό
602 3954 779 4023 νεκρὸς
829 3952 938 4021 ὄφις
978 3952 1094 4007 τοὺς
1148 3948 1341 4008 ζῶντας
1392 3947 1553 4013 ἐνίκα,
1586 3951 1720 4002 ὥστε
1770 3956 1854 4003 τύ-

1972 3946 2057 4002 ille
2084 3951 2354 4001 mortuus
2379 3945 2548 3999 vivos
2574 3945 2915 4014 superabat,
2946 3951 3005 4000 ut
3032 3952 3209 4017 typus
3243 3947 3315 4001 sit
3344 3949 3610 4020 corporis

246 4058 345 4098 πος
390 4039 500 4090 ἐττι
530 4046 620 4090 τοῦ
676 4044 921 4109 σώματος
967 4046 1057 4089 τοῦ
1115 4041 1332 4109 Κυρίου.
1378 4040 1446 4089 T6
1498 4045 1651 4110 σῶμα
1695 4042 1795 4114 γὰρ
1828 4039 1853 4091 ὃ

1965 4034 2219 4091 Domini.
2276 4038 2503 4105 Corpus
2555 4033 2713 4087 enim
2746 4033 2912 4103 quod
2946 4036 3276 4105 assumpsit
3298 4050 3370 4091 ex
3401 4037 3599 4103 Maria,

243 4126 425 4179 ἔλαϐεν
502 4130 556 4178 ἐκ
632 4136 728 4187 τῆς
782 4127 1016 4200 Μαρίας,
1094 4123 1362 4197 ἀνήνεγκεν
1441 4126 1567 4179 αὐτὸ
1626 4126 1709 4179 ἐπὶ
1762 4130 1852 4181 τοῦ

1964 4126 2238 4182 exaltavit
2263 4126 2320 4179 in
2353 4139 2545 4189 cruce,
2583 4122 2969 4194 suspenditet
2999 4124 3181 4180 afﬁxit
3207 4126 3369 4196 ligno
3399 4143 3411 4182 :
3442 4139 3496 4181 et
3522 4129 3602 4184 ita

247 4224 504 4291 σταυροῦ,
564 4236 652 4268 και
728 4219 999 4290 ἐκρέμασε,
1078 4220 1165 4267 καὶ
1220 4216 1544 4287 προσέπηξεν
1602 4215 1685 4269 ἐπὶ
1761 4226 1852 4269 τοῦ

1962 4223 2295 4287 serpentem
2326 4213 2383 4267 in
2418 4213 2595 4267 corde
2636 4213 2929 4267 viventem
2958 4220 3014 4267 et
3044 4220 3346 4284 repentem
3380 4232 3600 4288 corpus

241 4306 423 4371 ξύλου,
457 4310 546 4357 καὶ
586 4309 672 4356 τὸν
711 4308 760 4356 ἓν
800 4312 861 4376 τῇ
907 4300 1104 4376 καρδίᾳ
1144 4307 1256 4376 ὄφιν
1296 4305 1466 4365 ζῶντα
1506 4310 1593 4356 καὶ
1633 4306 1850 4379 ἓρποντα

1964 4310 2266 4359 mortuum
2292 4303 2428 4357 vicit
2448 4308 2502 4356 et
2522 4301 2761 4356 occidit.
2791 4302 2887 4355 Hic
2908 4302 3261 4357 miraculum
3288 4306 3602 4373 magnum!

240 4400 424 4469 νεκρὸν
476 4403 630 4465 σῶμα
682 4394 890 4450 ἐνίκησε
960 4398 1049 4444 καὶ
1128 4393 1436 4447 ἀπέκτεινεν.
1490 4390 1622 4445 Ὠὄε
1676 4397 1851 4467 θαῦμα

1974 4394 2267 4465 juomodo
2298 4406 2541 4461 serpens
2582 4396 2852 4445 mortuus
2911 4390 3193 4445 occiderit
3235 4392 3436 4448 vivum
3471 4396 3483 4452 l
3540 4395 3612 4451 At

238 4488 521 4554 μέγιστον,
565 4491 670 4542 πῶς
700 4484 725 4533 6
763 4485 941 4555 νεκρὸς
983 4485 1097 4553 ὄφις
1147 4486 1231 4534 τόν
1281 4482 1453 4542 ζῶντα
1511 4481 1797 4535 ἀπέκτεινεν
1833 4504 1845 4549 ;

1975 4480 2477 4553 χυθωᾶάωοιίιιω
2520 4479 2655 4533 fecit
2706 4481 2888 4534 Moses
2917 4495 3139 4534 novum
3167 4496 3341 4551 opus,
3377 4498 3516 4537 cum
3540 4485 3613 4538 si-

242 4571 348 4623 ἀλλ’
382 4572 443 4622 ὃν
474 4576 660 4642 τρόπον
688 4576 900 4627 ἐποίησε
930 4578 1161 4633 Μωυσῆς
1191 4574 1366 4622 καινὸν
1414 4574 1581 4643 ἔργον,
1610 4573 1849 4644 ὁμοίωμα

1968 4570 2356 4625 militudinem
2388 4569 2503 4623 vivi
2534 4566 2825 4638 serpentis
2856 4565 3163 4636 efﬁngeret
3189 4585 3201 4623 :
3232 4570 3314 4624 sic
3357 4586 3606 4643 quoque

239 4670 331 4713 του
374 4662 573 4723 ζῶντος
627 4663 781 4730 ὄφεως
820 4664 1050 4721 ποιήσας
1081 4678 1093 4689 ·
1126 4660 1261 4711 οὕτω
1304 4665 1395 4712 καὶ
1424 4663 1449 4711 6
1494 4663 1685 4734 Κύριος
1735 4681 1848 4711 και-

1962 4659 2247 4713 Dominus
2273 4673 2495 4711 novum
2526 4672 2678 4727 opus
2726 4671 2797 4710 ex
2848 4656 3030 4711 Maria
3083 4657 3367 4724 condidit,
3399 4665 3455 4713 et
3485 4661 3598 4715 hoc

239 4754 325 4800 νόν
380 4751 534 4819 ἔργον
586 4752 641 4799 ἒκ
679 4757 776 4809 τῆς
821 4753 1025 4821 Μαρίας
1077 4748 1305 4810 ἐποίησε,
1345 4754 1434 4800 καὶ
1474 4758 1626 4801 τοῦτο
1679 4746 1849 4801 ἐνεδύ-

1960 4748 2168 4808 induit,
2199 4762 2318 4800 non
2335 4751 2535 4800 autem
2558 4745 2751 4800 attulit
2779 4760 2997 4815 corpus
3023 4762 3094 4800 ex
3112 4745 3283 4801 caelo.
3312 4748 3598 4818 Spiritum

240 4857 373 4890 σατο
434 4836 546 4887 ἀλλ’
588 4837 681 4889 οὐκ
756 4841 938 4907 ἤνεγκε
1011 4841 1067 4889 1'6
1136 4846 1288 4910 σῶμα
1340 4838 1391 4901 ἒξ
1466 4838 1683 4911 οὐρανοῦ
1719 4856 1730 4867 ·
1788 4842 1847 4889 1'6

1967 4835 2278 4899 caelestem,
2306 4834 2408 4905 qui
2438 4834 2735 4888 Adamum
2778 4834 3241 4902 ingrediebatur,
3277 4838 3515 4901 creavit,
3550 4843 3605 4892 et

238 4934 457 5000 Πνεῦμα
510 4929 568 4977 τὸ
628 4927 864 4999 οὐράνιον
922 4928 970 4977 ἓν
1028 4924 1100 4998 τῷ
1154 4924 1333 4997 Ἀδὰμ
1399 4928 1622 4979 εἰσελθὸν
1677 4928 1847 5001 εἰργά-

1975 4940 2116 4979 ωηο
2132 4923 2478 4994 permiscuit
2498 4922 2811 4985 divinitati,
2836 4928 2891 4977 et
2914 4922 3104 4978 induit
3127 4939 3370 4979 carnem
3396 4925 3613 4982 huma-

240 5036 389 5083 σατο,
448 5020 543 5066 xui
584 5023 764 5067 τοῦτον
820 5018 1128 5089 συνεκέρασε
1171 5025 1229 5088 τῇ
1279 5018 1486 5073 θεότητι
1538 5022 1627 5068 καί
1670 5014 1847 5069 ἐνεδύ-

1964 5028 2122 5077 nam,
2144 5027 2398 5083 eamque
2423 5010 2698 5066 formavit
2718 5012 2776 5065 in
2795 5017 2978 5066 utero.
3007 5014 3167 5067 Sicut
3188 5028 3330 5082 ergo
3362 5030 3602 5084 serpen-

240 5125 390 5175 σατο,
451 5103 783 5178 ἀνθρωπίνην
835 5105 1026 5176 σάρκα,
1075 5110 1164 5156 xui
1210 5108 1504 5177 ἓμόρφωσεν
1545 5108 1592 5157 ἐν
1640 5113 1700 5178 τῇ
1748 5110 1847 5178 μή·

1969 5107 2074 5157 iem
2105 5117 2339 5155 aeneum
2373 5115 2562 5170 usque
2592 5100 2671 5154 ad
2724 5100 2926 5154 Mosen
2954 5116 3075 5156 non
3110 5101 3287 5171 jussit
3314 5102 3607 5158 Dominus

232 5214 348 5269 τρᾳ.
408 5194 617 5267 Ὠσπερ
687 5190 772 5245 οὖν
830 5197 945 5265 ὄφις
999 5194 1228 5265 χαλκοῦς
1287 5195 1376 5254 ἕως
1431 5202 1523 5247 τοῦ
1582 5197 1844 5257 Μωῡσέως

1969 5207 2017 5246 ιιι
2041 5190 2267 5245 mundo
2290 5188 2413 5243 ﬁeri
2444 5204 2455 5243 :
2486 5189 2563 5243 ita
2585 5204 2801 5259 corpus
2818 5204 3045 5244 novum
3065 5196 3121 5244 et
3147 5194 3370 5261 peccati
3394 5208 3607 5264 expers

236 5285 330 5336 οὐκ
381 5283 627 5340 ἑκελεὺθη
686 5283 787 5333 ὑπὸ
842 5289 932 5333 τοῦ
994 5288 1188 5354 Κυρίου
1242 5281 1290 5333 ἐν
1334 5287 1515 5354 κόσμῳ
1567 5286 1836 5355 γενέσθαι.

1965 5296 2147 5352 usque
2178 5278 2255 5335 ad
2272 5278 2590 5333 Dominum
2614 5292 2732 5333 non
2763 5278 3042 5348 apparuit
3066 5281 3123 5333 in
3157 5280 3407 5335 mundo.
3444 5282 3603 5337 Post-

239 5374 375 5427 οὕτω
433 5369 506 5431 δὴ
566 5379 717 5443 σῶμα
784 5374 960 5423 καινὸν
1018 5376 1107 5423 καὶ
1177 5372 1559 5444 ἀναμάρτητον,
1609 5374 1703 5435 έως
1755 5380 1847 5425 τοῦ

1967 5385 2139 5442 quam
2154 5367 2313 5424 enim
2327 5368 2553 5438 primus
2576 5365 2765 5421 Adam
2782 5367 3067 5422 mandatu
3079 5384 3134 5423 m
3150 5368 3248 5423 Dei
3276 5375 3605 5439 transgres-

242 5468 443 5537 Κυρίου
500 5460 596 5514 οὐκ
647 5459 802 5533 ἐφάνη
863 5460 910 5511 ἐν
958 5461 1029 5531 τῷ
1090 5463 1292 5533 κόσμῳ.
1355 5461 1693 5535 Παραϐάντος
1747 5464 1845 5537 γὰρ

1973 5476 2058 5515 ius
2082 5461 2189 5524 est,
2212 5454 2658 5526 regnavitmors
2683 5454 2742 5510 in
2770 5455 3082 5510 universos
3109 5457 3158 5528 ej
3172 5473 3239 5511 us
3277 5456 3440 5512 ﬁlios
3469 5476 3481 5516 :
3518 5474 3611 5511 su-

313 5710 333 5745 "
365 5704 571 5764 Matth.
610 5719 730 5777 xxx,
756 5704 847 5759 20.
926 5702 947 5738 ⁸
978 5703 1181 5763 Matth.
1212 5721 1285 5771 v1,
1313 5706 1404 5759 21.
