4148 6262
482 289 580 347 551
1777 281 1839 340 S.
1879 278 2179 339 MACARII
2217 276 2526 343 IEGYPTII
3727 277 3829 333 552

477 410 709 485 paravit
736 424 879 480 ergo
904 423 1126 481 corpus
1159 412 1465 465 mortuum
1496 410 1843 479 serpentem
1902 406 2109 461 vivum

2219 407 2342 462 ,τὴν
2394 402 2596 463 ἐντολὴν
2644 410 2736 456 τοῦ
2792 407 3003 477 πρώτον
3058 400 3257 475 Ἀδὰμ.
3312 402 3643 456 ἑϐασίλευσεν
3693 403 3719 455 6
3767 404 3857 454 Θά-

2250 512 2402 553 νατος
2431 494 2516 545 ἐπὶ
2547 491 2640 545 ὅλα
2689 494 2757 544 τὰ
2793 496 2947 545 τέκνα
2998 492 3196 545 αὐτοῦ·
3254 491 3484 551 ἕνίκησεν
3541 489 3631 545 οὖν
3681 494 3859 565 νεκρόν

2260 589 2413 653 σῶμα
2438 585 2525 633 τὸν
2558 581 2731 642 ζῶντα
2757 584 2898 654 ὅφιν.

563 716 627 770 Χ.
654 715 717 767 Et
746 712 862 768 hoc
909 710 1267 767 miraculum
1298 708 1515 765 Iudaeis
1546 708 1791 781 quidem
1824 706 2155 763 offendicu-

2333 703 2393 760 Γ.
2442 708 2540 757 Καὶ
2586 713 2740 757 τοῦτο
2797 706 3114 776 θαυμάσιον,
3154 702 3437 766 Ἰουδαίοις
3631 702 3864 758 σκάνδα-

495 802 644 865 lum,
669 800 884 857 Grecis
908 806 1107 856 autem
1140 799 1386 855 stultitia
1404 805 1511 854 est.
1544 799 1696 863 Quid
1720 800 1879 852 enim
1912 802 2133 867 Aposto

2262 794 2366 857 λον,
2418 792 2635 851 Ἐλλησι
2681 790 2740 845 δὲ
2796 799 2988 868 μωρία.
3029 800 3091 847 Τί
3150 790 3209 846 δὲ
3264 794 3392 866 λέγει
3424 796 3450 846 6
3501 794 3817 857 Ἀπόστολος
3848 810 3862 825 ⁸

492 892 584 948 lus
598 892 681 945 ait
696 890 834 946 :Nos
851 894 1038 946 autem
1050 888 1446 957 praedicamus
1468 887 1765 943 Christum
1782 887 2130 953 cruciﬁxum

2263 881 2475 953 Ἡμεῖς
2517 879 2583 933 δὲ
2639 885 3048 955 κηρύσσομεν
3114 884 3364 940 Ἰησοῦν
3414 888 3725 956 Χριστόν,
3759 888 3867 935 καὶ

493 980 713 1036 Iudaeis
725 980 957 1050 quidem
973 976 1651 1046 o/fendiculuyzﬂrwcis
1667 990 1804 1030 vero
1817 974 2131 1029 stultitiam

2265 980 2487 1023 τοῦτον
2520 975 3030 1044 ἐσταυρωμένον,
3067 969 3421 1033 Ἰουδαίοις
3451 976 3558 1044 μὲν
3590 969 3869 1024 σκάνδα-

505 1069 663 1125 nobis
679 1068 1286 1139 vero,quiservamur,
1306 1066 1608 1121 Christum
1623 1065 1734 1120 Dei
1746 1064 2071 1132 potentiam
2087 1078 2143 1117 ac

2264 1060 2386 1126 λον,
2426 1058 2685 1117 Ἐλλησι
2726 1057 2793 1111 δε
2831 1066 3098 1134 μωρίαν,
3154 1063 3307 1133 ἡμῖν
3360 1058 3428 1113 δὲ
3480 1070 3617 1123 τοίς
3664 1062 3867 1122 σωζο-

496 1161 607 1218 Dei
633 1161 987 1231 sapientiam
1016 1158 1083 1209 ¹¹.
1105 1157 1168 1210 ln
1184 1171 1433 1227 corpore
1447 1154 1607 1209 enim
1638 1161 1875 1208 mortuo
1892 1154 2007 1207 vita
2028 1156 2123 1206 est

2264 1153 2479 1220 μένοις
2556 1152 2837 1221 Χριστόν
2911 1156 3072 1201 Θεοῦ
3158 1146 3457 1222 δύναμιν,
3518 1157 3625 1203 καὶ
3703 1156 3866 1203 Θεοῦ

499 1249 597 1306 hic
628 1248 981 1318 redemptio,
1010 1246 1106 1299 hic
1132 1245 1371 1313 lumen;
1406 1243 1501 1297 hic
1518 1242 1746 1298 accedit
1770 1244 1846 1297 ad
1880 1246 2128 1296 mortem

2266 1243 2516 1309 σοφίαν,
2551 1239 2634 1290 Ἐν
2662 1240 2761 1310 γὰρ
2788 1245 2857 1309 τῷ
2882 1248 3042 1311 νεκρῷ
3070 1244 3275 1310 σώματι
3302 1241 3330 1297 ἡ
3369 1240 3475 1299 ζωή
3509 1257 3520 1268 ·
3547 1236 3652 1292 ὧδε
3681 1241 3711 1297 ἠ
3738 1258 3865 1291 απο-

499 1346 557 1395 et
586 1339 852 1409 disputat
877 1350 1015 1389 cum
1047 1349 1120 1388 ea
1148 1333 1462 1396 Dominus,
1492 1347 1561 1386 ac
1581 1330 1847 1400 mandat,
1872 1338 1931 1384 ut
1961 1329 2134 1399 ejicia

2262 1327 2538 1399 λύτρωσις,
2569 1324 2673 1379 ὧδε
2702 1331 2759 1378 τό
2791 1336 2915 1399 φῶς,
2949 1325 3052 1380 ὧδε
3080 1330 3294 1402 ἔρχεται
3325 1334 3451 1401 πρὸς
3500 1332 3584 1380 τὸν
3621 1331 3862 1396 θάνατον,

502 1444 575 1484 ex
592 1425 823 1481 inferno
851 1428 907 1478 et
922 1426 1106 1476 morte
1125 1420 1383 1484 animas,
1413 1435 1483 1474 ac
1496 1419 1819 1474 reddateas
1845 1417 1980 1472 sibi.
2009 1420 2140 1473 Ecci

2262 1422 2352 1469 καὶ
2373 1413 2668 1488 διαλέγεται
2689 1416 2829 1487 αύτῷ
2857 1418 2881 1468 6
2908 1419 3119 1491 Κύριος,
3142 1425 3231 1470 καὶ
3255 1422 3581 1491 προστάσσει
3604 1426 3696 1471 τοῦ
3716 1417 3870 1471 ἑκϐα-

503 1518 627 1574 hasc
642 1515 801 1570 hisce
830 1509 1120 1583 perculsa,
1150 1508 1593 1564 aditministros
1615 1523 1775 1572 suos,
1804 1515 2141 1576 congregat

2261 1505 2363 1558 λείν
2406 1505 2463 1557 ἐκ
2505 1514 2596 1557 τοῦ
2642 1501 2808 1579 ’ᾼδου
2858 1512 2946 1558 καὶ
2986 1514 3076 1558 τοῦ
3123 1509 3348 1559 θανάτου
3397 1510 3485 1568 τὰς
3534 1507 3739 1579 ψυχὰς,
3774 1512 3868 1560 καὶ

503 1620 622 1678 que
636 1618 845 1659 omnes
858 1604 1178 1673 potestates
1206 1613 1277 1653 ac
1293 1597 1590 1669 principes
1616 1597 1881 1660 malitiae,
1910 1596 2141 1651 adduci

2263 1591 2552 1647 ἀποδοῦναι
2583 1596 2743 1665 αὐτῷ.
2797 1591 2937 1648 Ἰδού
2968 1591 3055 1647 οὖν
3100 1595 3251 1658 οὗτος
3280 1600 3405 1668 πρὸς
3445 1605 3613 1649 ταῦτα
3661 1615 3870 1669 ταρασ-

505 1690 925 1762 chirographa,
960 1694 1016 1743 et
1040 1687 1185 1742 dicit
1217 1704 1229 1741 :
1262 1708 1289 1735 ‹‹
1322 1689 1463 1741 Ecce
1496 1686 1553 1740 hi
1584 1685 1940 1741 obedierunt
1970 1686 2143 1741 verbc

2264 1690 2472 1757 σόμενος
2532 1684 2824 1759 εἰσέρχεται
2878 1688 3003 1756 πρὸς
3061 1689 3178 1746 τοὺς
3232 1681 3505 1746 διακόνους
3548 1686 3732 1751 αὐτοῦ,
3784 1692 3868 1738 καὶ

508 1799 644 1840 meo
669 1784 680 1839 ι
706 1796 841 1836 ecce
861 1777 1170 1851 quomodo
1182 1776 1636 1832 adoraruntnos
1659 1774 1937 1829 mortales
1963 1775 1975 1829 l
2006 1778 2146 1830 Deus

2268 1776 2478 1845 συνάγει
2527 1776 2696 1835 πάσας
2735 1776 2829 1835 τὰς
2863 1770 3131 1846 δυνάμεις,
3171 1779 3262 1827 καί
3311 1781 3592 1851 προσφέρει
3620 1777 3645 1827 6
3684 1777 3870 1850 ἄρχων

508 1877 730 1936 autem,
752 1869 855 1940 qui
878 1866 1176 1937 estjustus
1200 1866 1411 1937 judex,
1438 1864 1553 1919 illic
1574 1864 1834 1920 ostendit
1857 1864 2146 1935 justitiam

2265 1872 2356 1923 τῆς
2401 1867 2648 1938 πονηρίας
2696 1865 2761 1914 τὰ
2798 1868 3148 1939 χειρόγραφα,
3183 1868 3274 1915 καὶ
3304 1864 3441 1935 λέγει
3474 1885 3489 1898 ο
3521 1883 3549 1914 (ι
3581 1862 3693 1918 Ἴδε
3725 1866 3871 1918 οὗτοι

512 1978 709 2026 suam,
738 1975 808 2014 ac
830 1957 968 2012 dicit
1000 1956 1077 2011 ad
1109 1972 1244 2011 eam
1271 1971 1283 2009 :
1319 1956 1514 2010 Paruit
1563 1953 1664 2009 tibi
1717 1956 1905 2008 Adam
1932 1961 1986 2008 et
2011 1954 2150 2009 obti-

2267 1955 2574 2010 ὑπήκουσαν
2637 1961 2707 2023 τῷ
2778 1952 2915 2024 λόγῳ
2967 1972 3091 2025 μου,
3148 1950 3230 2005 id:
3285 1955 3413 2005 ὅπου
3470 1956 3872 2029 προσεκύνησαν

513 2051 693 2108 nuisti
745 2047 880 2103 inde
928 2060 1107 2100 omne
1133 2060 1236 2099 cor
1258 2045 1405 2114 ejus.
1434 2044 1879 2114 Obtemperavit
1914 2044 2013 2097 tibi
2047 2044 2151 2097 hu-

2267 2044 2393 2112 ἡμῖν
2424 2044 2472 2093 οἱ
2498 2043 2782 2116 ἅνθρωποι.
2813 2042 2871 2094 Ὁ
2904 2038 2962 2094 δὲ
2994 2046 3143 2107 Θεὸς,
3192 2039 3560 2115 δικαιοκρίτης
3604 2044 3693 2109 ὧν,
3722 2046 3875 2096 κάκεῖ

512 2140 793 2202 manitas,
826 2151 1025 2189 meum
1059 2149 1276 2205 corpus
1302 2138 1501 2187 autem
1528 2132 1675 2203 quid
1702 2130 1842 2186 facit
1869 2134 1963 2187 hic
1985 2132 2011 2185 τί
2042 2135 2150 2187 Hoc

2271 2128 2505 2183 δείκνυσι
2540 2134 2595 2182 τό
2641 2128 2846 2183 δίκαιον
2873 2130 3032 2182 αὐτοῦ
3076 2136 3167 2183 καὶ
3196 2131 3328 2203 λέγει
3359 2132 3499 2203 αὐτῷ
3532 2151 3545 2201 ;
3577 2131 3875 2190 ’Υπήκουσέ

512 2229 738 2302 peccati
765 2229 851 2281 est
873 2239 1108 2295 expers.
1139 2226 1366 2292 Corpus
1388 2220 1533 2275 illud
1566 2222 1740 2291 primi
1761 2222 1904 2275 Adae
1934 2221 2150 2290 obliga-

2276 2240 2358 2272 σοι
2388 2221 2413 2271 6
2435 2216 2632 2291 Ἀδὰμ,
2664 2224 2754 2272 καὶ
2784 2224 3047 2292 κατέσχες
3077 2221 3237 2273 αὐτοῦ
3267 2225 3442 2283 πάσας
3467 2224 3559 2283 τὰς
3589 2220 3825 2293 καρδίας
3859 2241 3871 2255 ·

515 2325 641 2373 tum
676 2316 776 2371 tibi
806 2320 916 2377 est.
948 2317 1004 2368 et
1027 2312 1160 2382 jure
1208 2310 1286 2365 ob
1317 2311 1376 2364 id
1408 2310 1536 2379 ejus
1586 2310 1987 2381 chirographa
2010 2311 2153 2365 obti-

2272 2311 2540 2366 ὑπήκουσέ
2588 2329 2673 2361 σοι
2705 2311 2735 2367 ἠ
2783 2308 3139 2383 ἁνθρωπότης,
3189 2314 3245 2362 τό
3285 2314 3404 2383 ἐμόν
3456 2320 3609 2383 σῶμα
3656 2317 3709 2363 τί
3739 2320 3880 2364 ποιεῖ

514 2422 660 2463 nes:
706 2404 847 2460 mihi
877 2406 1077 2457 autem
1106 2415 1317 2455 omnes
1372 2398 1685 2469 perhibent
1732 2399 2152 2454 testimonium.

2273 2394 2395 2451 ὧδε.
2440 2405 2603 2450 Τοῦτο
2644 2396 3011 2473 ἀναμάρτητον
3060 2398 3200 2450 ἐστιν
3236 2418 3248 2432 ·
3284 2398 3441 2451 ἐκεῖνο
3483 2404 3539 2451 τό
3593 2408 3753 2473 σῶμα
3790 2409 3879 2453 τοῦ

515 2494 681 2566 quod
704 2508 821 2546 non
842 2489 1233 2561 peccaverim,
1259 2486 1404 2541 nihil
1427 2487 1531 2540 tibi
1548 2487 1760 2557 debeo,
1791 2494 1847 2542 et
1864 2489 2031 2558 quod
2052 2489 2153 2540 sim

2273 2493 2481 2562 πρώτου
2530 2483 2703 2559 Ἀδὰμ
2756 2486 3093 2561 ἐχρεώστησέ
3144 2507 3248 2553 σοι,
3308 2494 3397 2541 καὶ
3446 2485 3669 2551 δικαίως
3716 2490 3881 2542 αὐτοῦ

519 2582 696 2639 Filius
718 2580 820 2635 Dei
850 2577 1112 2633 universi
1143 2576 1287 2630 mihi
1314 2580 1683 2630 attestantur.
1712 2579 1974 2648 Desuper
2004 2576 2157 2631 enim

2273 2581 2513 2648 κατέχεις
2542 2579 2609 2629 τὰ
2636 2581 2970 2649 χειρόγραφα
2996 2594 3007 2605 ·
3043 2576 3153 2648 ἐμοὶ
3189 2575 3247 2629 δὲ
3278 2580 3464 2638 πάντες
3493 2586 3876 2651 μαρτυροῦσιν,

520 2687 589 2727 ex
618 2669 781 2724 caelis
809 2668 870 2722 in
904 2673 1117 2722 terram
1152 2665 1393 2719 veniens
1425 2680 1541 2719 vox
1566 2665 1969 2720 testimonium
1993 2666 2158 2722 tulit:

2275 2667 2355 2717 ὅτι
2376 2665 2480 2736 οὐχ
2503 2667 2735 2738 ἥμαρτον
2769 2682 2780 2693 '
2816 2665 2875 2716 ού
2904 2674 3162 2740 χρεωστῶ
3197 2684 3278 2718 σοι
3312 2663 3462 2719 οὐδέν
3486 2683 3501 2700 ’
3535 2672 3623 2719 καὶ
3653 2669 3735 2719 ὅτι
3762 2670 3884 2727 Υἱός

528 2760 643 2816 Hic
657 2763 739 2814 est
754 2757 947 2813 Filius
960 2769 1120 2809 meus
1131 2754 1399 2823 dilectus,
1409 2756 1599 2821 ipsum
1615 2755 1815 2809 audite
1834 2755 2166 2810 "Joannes

2276 2754 2383 2824 εἰμι
2412 2761 2503 2804 τοῦ
2535 2760 2689 2818 Θεοῦ,
2723 2755 2911 2815 πάντες
2952 2772 3043 2825 μοι
3094 2762 3473 2828 μαρτυροῦσιν,
3529 2756 3730 2808 Ἐπάνω
3777 2760 3879 2831 γὰρ

526 2853 775 2904 testatur
803 2862 814 2898 :
848 2845 1021 2906 Ecce,
1039 2845 1246 2913 Agnus
1272 2842 1398 2907 Dei,
1417 2842 1519 2911 qui
1544 2843 1700 2897 tollit
1722 2849 1967 2912 peccata
1995 2860 2164 2897 mun-

2275 2851 2373 2895 τῶν
2404 2838 2632 2914 οὗρανών
2677 2839 3007 2915 ἐμαρτύρησε
3056 2848 3193 2914 φωνὴ
3243 2843 3464 2896 ἐλθοῦσα
3495 2843 3578 2897 ἐπὶ
3624 2854 3718 2906 τῆς
3755 2854 3877 2917 γῆς,

527 2938 592 2993 di
616 2938 684 2990 ³³.
710 2937 772 2990 Ει
793 2936 1008 2989 iterum
1029 2933 1320 3002 scriptura
1344 2946 1355 2985 :
1388 2931 1501 2997 Qui
1518 2936 1824 2999 peceatum
1853 2948 1972 2987 non
1997 2933 2165 3001 fecit,

2278 2932 2473 2991 Οὗτός
2511 2930 2689 2983 ἐστιν
2741 2932 2766 2981 6
2807 2933 2957 2994 Υἱός
3018 2952 3146 3004 μου
3187 2934 3212 2984 6
3253 2933 3636 3005 ἀγαπητός’
3680 2936 3881 2986 αὐτοῦ

522 3041 631 3083 nec
660 3026 933 3080 inventus
962 3027 1045 3078 est
1071 3021 1244 3076 dolus
1275 3020 1337 3075 in
1364 3035 1427 3075 eo
1450 3021 1516 3074 ¹⁴.
1552 3023 1646 3075 Et:
1699 3021 1859 3075 Venit
1885 3022 2160 3090 princeps

2279 3019 2561 3073 ἀκούετε,
2604 3019 2902 3083 Ἰωάννης
2941 3029 3283 3093 μαρτυρεῖ,
3326 3020 3436 3075 Ἴδε
3487 3023 3726 3095 όὰμνός
3763 3032 3881 3075 τοῦ

523 3117 703 3186 hujus
714 3113 995 3176 mundi,et
1009 3115 1067 3166 in
1082 3125 1296 3166 menon
1311 3109 1484 3166 habet
1498 3110 1866 3180 quidquam”
1877 3154 1886 3164 .
1898 3112 1940 3176 Q
1952 3111 2161 3165 uiuimu

2281 3116 2439 3163 Θεοῦ
2479 3111 2504 3161 6
2543 3112 2736 3183 αἴρων
2776 3114 2887 3168 τὴν
2928 3110 3253 3182 ἁμαρτίαν
3293 3119 3409 3163 τοῦ
3449 3117 3703 3184 κόσμου
3745 3128 3758 3139 ·
3794 3118 3884 3165 καὶ

522 3210 587 3261 tu
609 3206 754 3276 ipse,
781 3204 1022 3265 Satana,
1038 3200 1111 3255 de
1134 3215 1228 3254 me
1254 3200 1483 3254 testaris
1496 3199 1700 3253 dicens
1726 3216 1739 3255 :
1762 3201 1919 3256 Novi
1943 3209 1994 3256 te
2014 3216 2160 3271 quoa

2278 3199 2431 3251 πάλιν
2471 3200 2501 3257 ἡ
2548 3203 2747 3272 Γραφὴ,
2805 3198 2911 3261 ’⁷ος
2978 3199 3306 3275 ἁμαρτίαν
3372 3200 3485 3252 οὐκ
3550 3204 3886 3267 ἐποίησεν,

524 3294 601 3350 sis
626 3293 817 3347 Filius
844 3291 1024 3346 Dei“.
1042 3291 1105 3343 Et
1126 3289 1371 3343 iterum:
1405 3287 1556 3351 Quid
1568 3289 1653 3343 rei
1663 3290 1831 3344 nobis
1852 3293 2040 3345 tecum
2064 3299 2162 3357 est,

2280 3287 2429 3342 οὐδὲ
2469 3290 2695 3363 εὑρέθη
2739 3286 2932 3352 δολος
2971 3288 3028 3341 ἐν
3067 3289 3238 3359 αὐτῷ
3274 3307 3286 3318 ο
3321 3295 3409 3343 καί
3440 3291 3542 3356 ὅτι,
3574 3288 3889 3364 Ἔρχεται

522 3382 660 3437 Jesu
680 3382 990 3436 Nazarene
1002 3378 1029 3432 ἵ
1054 3377 1262 3432 venisti
1282 3378 1399 3432 huc
1415 3377 1496 3432 ad
1508 3379 1902 3434 cruciandum
1919 3396 2023 3436 nos
2036 3385 2160 3437 ante

2281 3381 2307 3431 6
2339 3381 2557 3453 οἰρχων
2616 3386 2726 3431 τοῦ
2766 3383 3012 3451 κόσμου
3052 3381 3307 3444 τούτου,
3362 3384 3475 3432 καὶ
3515 3378 3574 3431 ἐν
3612 3379 3758 3452 ἐμοὶ
3797 3383 3891 3433 εύ-

528 3475 751 3537 tempus
781 3469 850 3533 Π,
883 3467 1021 3521 Tres
1047 3481 1189 3535 ergo
1225 3464 1371 3519 mihi
1395 3467 1803 3522 testimonium
1834 3469 2166 3539 perhibent,

2280 3473 2469 3545 ρήσει
2509 3466 2718 3523 οὐδέν.
2764 3474 2864 3522 Καὶ
2897 3473 2962 3521 σὺ
3008 3465 3068 3521 δε
3094 3469 3270 3535 αὐτὸς,
3324 3477 3568 3535 Σατανᾶς,
3600 3479 3890 3546 μαρτυρεῖς

527 3557 631 3629 qui
653 3557 913 3626 desuper
964 3569 994 3608 e
1025 3553 1187 3607 caelis
1236 3568 1442 3607 vocem
1473 3554 1706 3622 emittit,
1738 3563 1792 3609 et
1822 3556 1925 3626 qui
1948 3564 2086 3613 sunt
2114 3560 2165 3613 in

2283 3579 2376 3632 μοι
2404 3559 2583 3629 λέγων,
2615 3555 2781 3609 Οἶδά
2823 3578 2889 3611 σε
2927 3562 3026 3620 τίς
3065 3557 3137 3625 εἰ,
3166 3560 3191 3610 6
3224 3560 3371 3621 Υἱὸς
3410 3567 3520 3611 τοῦ
3558 3568 3723 3613 Θεοῦ
3758 3581 3770 3592 -
3801 3567 3891 3614 καὶ

528 3652 704 3710 terra,
735 3648 793 3699 et
820 3648 884 3697 tu
908 3642 1053 3713 ipse.
1090 3640 1334 3695 Redimo
1387 3640 1566 3712 igitur
1587 3658 1805 3714 corpus
1838 3645 1943 3699 tibi
1972 3648 2166 3702 vendi-

2286 3648 2458 3713 πάλιν,
2485 3652 2556 3699 Τί
2586 3649 2737 3718 ἡμῖν
2774 3652 2883 3699 καὶ
2916 3652 3019 3700 σοὶ
3061 3647 3274 3705 Ἰησοῦ
3304 3649 3679 3723 Ναζαρηνέ;
3708 3649 3892 3713 ἦλθες

531 3741 656 3791 tum
684 3749 719 3788 a
744 3733 937 3805 primo
958 3730 1120 3785 Ada:
1167 3730 1433 3785 dissolvo
1466 3737 1565 3786 tua
1590 3731 1991 3805 chirographa
2017 3752 2029 3790 :
2063 3752 2169 3806 ego

2286 3741 2403 3810 πρὸ
2444 3744 2674 3810 καιροῦ
2733 3735 3101 3807 βασανίσαι
3162 3740 3352 3809 ἡμᾶς.
3399 3744 3544 3809 Τρεῖς
3570 3757 3661 3810 μοι
3690 3758 3892 3813 μαρτυ-

531 3823 691 3879 enim
724 3819 983 3877 satisfeci
1040 3835 1147 3890 pro
1189 3819 1403 3874 debitis
1456 3822 1613 3886 Adae,
1656 3822 1801 3877 dum
1860 3826 2169 3881 cruciﬁxus

2287 3836 2491 3900 ροῦσιν,
2515 3827 2540 3877 6
2567 3826 2735 3877 ἐπάνω
2752 3834 2849 3876 τῶν
2876 3826 3103 3899 οὐρανῶν
3132 3831 3301 3897 φωνην
3325 3825 3568 3897 ἀφίησιν,
3591 3830 3641 3879 οἱ
3662 3826 3745 3879 ἐπὶ
3767 3836 3888 3898 γῆς,

534 3929 691 3982 sum,
719 3918 774 3968 et
803 3912 861 3966 in
908 3909 1206 3965 infernum
1260 3909 1563 3964 descendi.
1597 3913 1662 3965 Et
1689 3913 1911 3968 mando
1940 3915 2064 3980 tibi,
2094 3918 2172 3971 in-

2290 3920 2378 3967 καὶ
2410 3919 2475 3967 σὺ
2507 3915 2681 3976 αὐτός.
2719 3915 3050 3985 Ἐξαγοράξω
3083 3911 3169 3967 οὖν
3205 3920 3260 3967 τό
3307 3924 3460 3987 σῶμα
3491 3920 3547 3967 τὸ
3578 3918 3771 3989 πραθὲν
3804 3934 3893 3967 σοι

532 4001 715 4067 ferne,
753 4000 1008 4055 tenebrm
1066 4006 1121 4053 et
1180 4014 1359 4063 mors,
1412 4001 1612 4055 emitte
1642 4000 1909 4057 inclusas
1944 4004 2170 4060 animas

2294 4002 2386 4057 διὰ
2413 4013 2504 4056 τοῦ
2530 4010 2736 4077 πρώτου
2784 4000 2985 4075 Ἀδὰμ,
3015 4004 3263 4076 παραλύω
3297 4024 3394 4056 σου
3426 4008 3492 4057 τὰ
3524 4011 3884 4080 χειρόγραφα,

534 4091 699 4147 Adae.
734 4109 762 4141 »
794 4090 1005 4160 Sicque
1038 4089 1595 4159 tandemimprobae
1633 4099 1970 4160 potestates,
2025 4103 2172 4151 metu

2291 4096 2431 4165 Ἐγὼ
2461 4098 2561 4169 γὰρ
2594 4091 2841 4146 ἀπέδωκα
2866 4096 2931 4145 τὰ
2958 4098 3095 4167 χρέα
3123 4102 3215 4146 τοῦ
3247 4091 3423 4166 Ἀδὰμ
3455 4096 3778 4169 σταυρωθεὶς
3802 4099 3895 4146 καὶ

537 4179 845 4253 perculsae,
875 4179 1189 4233 restituunt
1214 4176 1512 4232 inclusum
1533 4178 1745 4234 Adam.

2295 4184 2551 4237 κατελθὼν
2582 4186 2629 4235 έν
2656 4193 2726 4254 τῷ
2751 4182 2857 4254 ᾅδη
2891 4200 2902 4212 ·
2936 4189 3025 4234 καὶ
3054 4183 3240 4235 κελεύω
3274 4202 3377 4252 σοι,
3407 4179 3513 4255 ᾇδη
3547 4192 3637 4236 καί
3682 4190 3893 4249 σκότος,

534 4275 623 4321 καὶ
649 4270 853 4334 θάνατε,
887 4265 1065 4318 ἔκϐαλε
1103 4268 1195 4326 τὰς
1236 4264 1654 4338 ἐγκεκλεισμένας
1693 4273 1876 4342 ψυχὰς
1923 4281 2017 4325 τοῦ
2058 4273 2259 4350 Ἀδὰμ.
2304 4297 2330 4329 ι)
2377 4280 2475 4328 Καὶ
2514 4274 2648 4325 οὕτω
2686 4272 2864 4324 λοιπόν
2904 4275 2958 4324 αἰ
2997 4276 3221 4346 πονηραὶ
3264 4269 3511 4345 δυνάμεις
3560 4272 3898 4348 τρομάξασαι

537 4352 861 4409 ἀποδιδοῦσι
884 4359 972 4407 τόν
997 4354 1409 4428 ἐγκεκλεισμένον
1430 4353 1628 4429 Ἀδάμ.

612 4484 726 4556 42
754 4484 837 4540 Xl.
860 4484 1072 4537 Verum
1121 4483 1166 4536 si
1199 4483 1477 4548 audieris,
1512 4485 1676 4556 quod
1701 4486 1800 4543 illo
1827 4493 2095 4563 tempore
2118 4494 2181 4549 li-
2213 4494 2250 4547 D

2364 4489 2466 4545 IA'.
2516 4486 2653 4543 Ἀλλ’
2678 4488 2798 4539 ὅταν
2830 4487 3078 4560 ἀκούσης,
3128 4488 3209 4540 ὅτι
3236 4487 3283 4540 ἓν
3314 4496 3385 4559 τῷ
3411 4496 3576 4561 καιρῷ
3607 4486 3778 4559 ἐκείνῳ
3810 4486 3903 4563 ἐρ-

538 4574 756 4630 berarit
776 4572 1010 4627 animas
1032 4588 1103 4625 ex
1127 4570 1358 4628 inferno
1370 4574 1726 4641 ettenebris,
1742 4583 1798 4631 et
1822 4580 1985 4650 quod
2012 4581 2176 4637 adin-

2292 4582 2492 4656 ῥύσατο
2522 4582 2615 4639 τὰς
2647 4577 2831 4649 ψυχὰς
2859 4576 2913 4627 ἐκ
2941 4584 3031 4629 τοῦ
3081 4573 3238 4647 ᾅδου,
3270 4582 3358 4629 καὶ
3406 4585 3495 4630 τοῦ
3528 4582 3769 4643 σκότους,
3801 4582 3900 4629 καὶ

538 4664 694 4720 feros
720 4662 1092 4717 descenderit
1120 4665 1423 4726 Dominus,
1448 4670 1502 4717 et
1526 4664 1831 4733 perfecerit
1852 4683 2006 4738 opus
2044 4686 2176 4741 prae-

2296 4673 2376 4723 ὃτι
2425 4667 2676 4727 κατῆλθεν
2726 4667 2795 4728 εἰς
2843 4669 2932 4717 τόν
2987 4662 3124 4736 ᾅδην
3182 4668 3207 4717 ὀ
3262 4668 3472 4740 Κύριος,
3522 4672 3611 4718 καὶ
3655 4668 3900 4723 incinat;

540 4754 790 4815 clarum,
812 4766 884 4805 ne
913 4749 1087 4818 longe
1109 4750 1186 4806 ab
1209 4753 1411 4805 anima
1443 4757 1543 4807 tua
1566 4753 1694 4808 haec
1714 4758 1953 4824 negotia
1976 4758 2178 4815 abesse

2298 4755 2503 4820 ἔνδοξον
2556 4760 2723 4831 ἔργον,
2775 4760 2846 4827 μὴ
2894 4758 3099 4829 μακρὰν
3154 4753 3253 4807 ἀπὸ
3306 4763 3401 4818 τῆς
3448 4754 3635 4827 ψυχῆς
3682 4774 3778 4807 σου
3838 4758 3905 4807 τὰ

543 4840 861 4896 existimes.
892 4836 1083 4892 Homo
1124 4838 1421 4909 siquidem
1466 4838 1635 4895 facile
1668 4844 1826 4913 capit
1852 4851 1908 4899 et
1944 4848 2181 4918 vuscipil

2297 4854 2587 4920 πράγματα
2642 4852 2809 4895 ταῦτα
2865 4841 2992 4895 εἶναι
3048 4849 3290 4917 νομίσῃς.
3349 4844 3411 4896 Ὀ
3469 4846 3567 4918 γὰρ
3625 4845 3906 4918 ἄνθρωπός

547 4927 792 4984 malum.
829 4928 1053 4982 Detinet
1074 4928 1230 4981 enim
1263 4943 1421 4981 mors
1444 4929 1709 4985 animam
1741 4932 1907 4999 Adae,
1934 4941 1988 4989 et
2015 4937 2073 4991 in
2102 4942 2185 4992 te-

2300 4939 2411 4989 ἑστι
2461 4938 2765 5009 χωρητικός
2815 4938 2908 4984 καὶ
2951 4929 3185 4994 δεκτικὸς
3230 4941 3319 4986 τοῦ
3349 4942 3579 5007 πονηροῦ
3614 4951 3627 4963 “
3681 4937 3906 5005 κατέχει

544 5016 744 5071 nebris
782 5023 919 5070 sunt
958 5015 1202 5070 inclusae
1233 5015 1624 5085 cogitationes
1681 5020 1918 5078 animae.
1954 5026 2016 5079 Et
2054 5041 2182 5081 cum

2299 5027 2400 5097 γὰρ
2451 5026 2476 5074 6
2511 5025 2727 5084 θάνατος
2778 5024 2866 5082 τὰς
2919 5021 3106 5094 ψυχὰς
3136 5030 3227 5074 τοῦ
3261 5019 3457 5095 Ἀδὰμ,
3490 5028 3579 5075 καί
3636 5021 3778 5083 ἐντὸς
3810 5031 3909 5074 τοῦ

544 5104 807 5161 audieris
824 5104 898 5159 de
912 5105 1337 5169 monumentis,
1358 5120 1429 5159 ne
1442 5104 1516 5158 de
1541 5106 1719 5162 rebus
1747 5110 1859 5164 sub
1881 5118 2182 5183 aspectum

2305 5119 2525 5175 σκότους
2576 5112 2706 5163 εἰσὶν
2756 5113 2805 5163 οἱ
2860 5111 3107 5184 λογισμοὶ
3156 5120 3252 5173 τῆς
3303 5111 3491 5184 ψυχῆς
3543 5112 3913 5183 ἑγκεκλεισμέ-

544 5194 896 5251 cadentibus
919 5193 1160 5247 tandem
1189 5194 1411 5263 cogites
1436 5214 1447 5252 :
1481 5204 1939 5254 monumentum
1962 5204 2120 5258 enim
2140 5211 2182 5259 e1

2302 5222 2400 5259 νοι.
2436 5207 2536 5255 Καὶ
2580 5203 2700 5253 ὅταν
2750 5202 2976 5274 ἀκούσης
3027 5206 3143 5276 περὶ
3196 5206 3476 5273 μνημείων,
3536 5206 3607 5274 μὴ
3663 5205 3729 5253 τὰ
3788 5222 3916 5274 φαι-

544 5282 885 5357 sepulcrum
917 5297 1018 5337 cor
1055 5288 1219 5337 tuum
1252 5289 1356 5337 est.
1391 5284 1535 5338 Cum
1580 5286 1740 5341 enim
1773 5289 2050 5363 princeps
2086 5307 2182 5348 ne-

2302 5297 2487 5365 νόμενα
2542 5290 2729 5365 λογίση
2787 5296 2940 5363 μόνον
2983 5307 2995 5320 ·
3052 5298 3299 5363 μνημεῖον
3351 5295 3452 5364 γὰρ
3514 5296 3602 5343 καὶ
3657 5294 3819 5364 τάφος
3878 5295 3909 5352 ἡ

547 5375 770 5449 quinte,
814 5376 870 5427 et
898 5371 1093 5442 angeli
1132 5372 1259 5443 ejus
1310 5371 1428 5427 illic
1482 5372 1692 5430 nidum
1724 5381 2185 5450 composuerint,

2303 5378 2504 5457 καρδία
2558 5399 2651 5433 σου
2692 5382 2853 5433 ἓστίν.
2899 5378 3058 5433 Ὀταν
3097 5383 3198 5455 γὰρ
3248 5381 3273 5432 ὁ
3318 5382 3500 5454 ἄρχων
3549 5388 3644 5444 τῆς
3691 5386 3912 5454 κακίας,

620 5588 977 5669 ’-Mat_th._v1,
1008 5590 1096 5643 21.
1173 5589 1559 5669 u:_l‘iiiri1_._x_x1,
1593 5594 1644 5645 8.
1726 5592 1769 5669 ίῗ
1839 5593 1967 5669 C0_r_.
2002 5613 2038 5669 ι,
2062 5597 2152 5669 23,
2171 5596 2258 5653 24.

2339 5598 2387 5634 ¹¹
2413 5599 2611 5657 Matth.
2643 5617 2721 5667 ιιι,
2758 5602 2859 5669 l6;
2893 5617 3029 5669 xvu,
3068 5605 3118 5657 5.
3198 5601 3245 5638 1³
3277 5601 3515 5668 10311.1,
3550 5600 3639 5656 29.
3719 5602 3767 5637 ¹⁴
3786 5600 3908 5660 lsa.

568 5677 622 5728 ν,
650 5664 702 5716 9.
780 5661 825 5696 ¹⁸
854 5662 1023 5719 Joan.
1056 5676 1175 5726 xw,
1198 5662 1286 5717 30.
1365 5661 1412 5696 ¹⁶
1438 5661 1612 5718 Marc.
1639 5679 1717 5733 ιιι,
1752 5667 1833 5717 Η.
1913 5666 1960 5702 ¹⁷
1992 5661 2192 5724 Matth.

1365 5661 1412 5696 ¹⁶
1438 5661 1612 5718 Marc.
1639 5679 1717 5733 ιιι,
1752 5667 1833 5717 Η.
1913 5666 1960 5702 ίτ
1992 5661 2192 5724 Matth.
2222 5684 2340 5737 vm,
2374 5673 2463 5727 20.
2701 5661 2716 5667 '
2846 5661 2857 5669 '
2984 5700 2988 5704 ς
