4148 6262
277 359 389 417 BB3

1538 360 1877 419 HOMILLE.
1913 393 1983 404 —
2020 362 2197 421 HOM.
2236 364 2340 423 XI.

3549 368 3657 423 554

271 486 361 537 καὶ
398 486 448 537 οἱ
482 482 695 555 ἄγγελοι
752 482 913 537 αὐτοῦ
971 483 1073 537 ἐκεῖ
1130 484 1484 557 ἐμφωλεύωσι,
1518 491 1607 539 καὶ
1639 488 1760 541 ὅταν
1789 488 1885 551 τὰς

2018 489 2236 563 llicque
2269 491 2394 547 vias
2425 496 2481 548 et
2500 493 2709 550 itinera
2734 494 3119 561 confecerint,
3139 494 3653 567 quibusinambu-

273 572 490 647 τρίϐους
526 578 615 625 καὶ
667 575 759 635 τὰς
814 569 1033 634 διόδους
1081 573 1185 627 ἒκεῖ
1234 583 1505 642 ποιῶνται,
1559 576 1687 629 ὃπου
1733 580 1883 649 ἐμπε-

274 670 589 737 ριπατοῦσιν
620 663 674 714 αἱ
713 659 960 733 δυνάμεις
1012 670 1104 714 τοῦ
1152 671 1356 716 Σατανᾶ
1399 665 1470 726 εἰς
1500 668 1584 717 τόν
1615 673 1730 719 νοῦν
1765 686 1880 732 σου,

276 758 367 805 καὶ
418 751 490 813 εἰς
540 755 660 811 τοὺς
700 750 979 823 λογισμούς
1026 771 1141 818 σου,
1205 753 1332 824 ούχὶ
1362 752 1518 823 ᾅδης,
1563 760 1651 807 καὶ
1702 757 1881 827 τάφος,

274 846 367 893 καὶ
427 848 697 912 μνημεῖον,
756 846 845 893 καὶ
887 844 1065 915 νεκρός
1120 838 1169 893 εἷ
1234 850 1304 912 τῷ
1363 851 1514 914 Θεῷ;
1568 843 1670 896 ἐκεῖ
1710 846 1811 917 γὰρ
1857 846 1882 897 6

276 936 510 991 Σατανᾶς
568 928 817 1003 ἂργύριον
863 926 1118 1002 ἀδόκιμον
1168 929 1441 1003 ἐχάραξεν.
1503 934 1586 984 Ἐν
1616 940 1675 1004 τῇ
1726 932 1880 1005 ψυχῇ

278 1022 442 1090 ταύτῄ
503 1021 708 1090 ἔσπειρε
797 1021 1071 1091 σπέρματα
1133 1025 1389 1092 πικρίας·
1451 1021 1688 1092 ἓζύμωσε
1744 1021 1882 1093 ζύμῃ

274 1108 512 1178 παλαιᾷ·
551 1106 697 1181 βρύει
760 1106 863 1159 ἐκεῖ
917 1112 1061 1178 πηγή
1125 1107 1409 1182 βορϐόρου.
1459 1108 1713 1182 Ἔρχεται
1742 1106 1829 1161 οὖν
1859 1112 1885 1162 6

276 1200 468 1270 Κύριος
525 1196 597 1257 ei;
641 1198 733 1258 τὰς
765 1195 1122 1259 ἐπιζητούσας
1168 1198 1323 1250 αὐτόν
1370 1198 1574 1269 ψυχὰς,
1604 1198 1670 1259 εἰς
1696 1202 1753 1250 τό
1782 1197 1883 1270 βά-

279 1287 367 1345 θος
416 1292 505 1337 τοῦ
558 1282 692 1355 ᾁδου
742 1293 835 1347 τῆς
868 1283 1111 1359 καρδίας.
1148 1285 1298 1339 κάκεῖ
1326 1289 1648 1361 προστάσσει
1680 1294 1753 1357 τῷ
1794 1289 1885 1339 θαι

275 1376 413 1444 νάτῳ
497 1373 678 1445 λέγων,
793 1372 1062 1427 Ἔκϐαλε
1142 1377 1258 1435 τὰς
1345 1375 1887 1447 ἐγκεκλεισμένας

274 1463 515 1534 ψυχὰς,
592 1465 706 1524 τὰς
779 1462 867 1536 ἔμε
936 1462 1400 1527 ἐπιζητούσας,
1457 1464 1528 1526 οἷς
1579 1468 1889 1537 κατέχεις

276 1550 533 1624 βιαίως.
566 1551 887 1625 Διαρῥήσσει
927 1549 1015 1604 οὖν
1065 1557 1187 1614 τοὺς
1218 1552 1401 1628 βαρεῖς
1424 1554 1593 1614 λίθους
1625 1552 1877 1624 ἐπικειμε-

269 1660 392 1702 νους
420 1648 482 1712 τῇ
506 1640 686 1712 ψυχῇ,
726 1640 918 1711 ἀνοίγει
971 1644 1037 1694 τὰ
1080 1650 1329 1714 μνημεῖα,
1392 1642 1582 1714 ἁνιστᾷ
1633 1645 1719 1695 τὸν
1774 1642 2014 1701 ἀληθινὸν
2070 1645 2265 1715 νεκρὸν,
2323 1643 2555 1697 ἐκϐάλλει

277 1729 704 1802 ἐγκεκλεισμένην
729 1730 942 1802 ψυχήν.

348 1871 453 1926 1Β’.
485 1870 579 1925 Ὀν
628 1877 815 1945 τρόπον
862 1872 945 1924 ἐὰν
1057 1874 1328 1944 ἄνθρωπος
1380 1870 1654 1946 δεδεμένος
1698 1881 1882 1948 χεῖρας
1917 1872 1961 1927 Β

274 1967 368 2014 καὶ
394 1957 565 2023 πόδας
610 1960 850 2025 ἁλύσεσι,
885 1966 974 2013 καὶ
1017 1962 1136 2035 ἔλθη
1184 1982 1263 2024 τις
1306 1964 1331 2014 ό
1361 1959 1585 2015 διαλύων
1637 1964 1796 2015 αὐτοῦ
1822 1965 1889 2015 τὰ

276 2048 474 2120 δεσμὰ,
535 2054 627 2101 καὶ
680 2048 781 2122 ἁφῇ
827 2050 981 2102 αὐτὸν
1027 2051 1286 2124 ἐλεύθερον
1331 2058 1630 2125 περιπατεῖν
1676 2053 1722 2105 ἐν
1776 2051 1890 2104 ἁνε-

276 2159 496 2196 κτοτητι
529 2160 541 2171 ·
577 2139 712 2190 οὕτω
752 2144 845 2197 την
879 2136 1159 2211 δεδεμένην
1189 2140 1375 2211 ψυχὴν
1405 2147 1521 2202 ταῖς
1551 2140 1764 2193 ἁλύσεσι
1797 2148 1889 2193 τοῦ

280 2230 505 2282 θανάτου
566 2228 677 2280 λύει
725 2230 749 2279 ό
802 2231 993 2302 Κύριος
1052 2228 1152 2281 ἀπὸ
1208 2226 1435 2300 δεσμῶν,
1503 2235 1590 2281 καὶ
1673 2230 1888 2301 ἀφίησιν

280 2318 463 2381 αὐτὴν,
520 2321 610 2369 καὶ
670 2315 922 2391 ἐλευθεροῖ
974 2322 1061 2369 τὸν
1116 2324 1233 2370 νοῦν
1285 2326 1377 2371 τοῦ
1421 2317 1627 2379 ἁκόπως
1680 2317 1727 2370 ἓν
1771 2318 1889 2370 ἁνα-

280 2409 478 2459 παύσει
544 2413 843 2479 περιπατεῖν
900 2406 967 2467 εἰς
1017 2409 1104 2457 τὸν
1155 2409 1321 2459 θεῖκόν
1372 2406 1515 2482 ἀέρα.
1560 2405 1760 2481 Ὠσπερ
1806 2406 1890 2459 ἐὰν

282 2496 623 2568 ᾖᾶνθρωπος
706 2493 754 2546 ἐν
820 2494 1094 2567 πλησμονῇ
1182 2504 1419 2569 ποταμοῦ
1472 2500 1520 2549 ἓν
1581 2501 1745 2569 μέσῳ,
1802 2502 1891 2549 καὶ

281 2582 694 2644 καταϐυθισθείς
737 2586 785 2634 ἓν
834 2591 905 2654 τῷ
956 2580 1116 2635 ῦδατι
1172 2591 1339 2636 κεῖται
1383 2588 1581 2659 νεκρὸς,
1614 2588 1894 2657 πεπνιγμέ-

283 2692 362 2734 νος
406 2672 662 2744 ἀναμέσον
718 2668 899 2724 δεινῶν
968 2674 1197 2745 θηρίων⁸
1267 2679 1356 2726 καὶ
1408 2674 1452 2726 εἰ
1493 2674 1697 2732 θελήσει
1748 2672 1893 2733 ἄλλος

289 2762 551 2833 ἄνθρωπος
600 2759 806 2835 ἄπειρος
839 2768 929 2813 τοῦ
974 2760 1256 2833 κολυμϐᾷν,
1300 2758 1569 2815 διασῶσαι
1622 2765 1708 2814 τόν
1744 2764 1894 2834 ἔμπε-

291 2869 467 2917 σοντα,
526 2855 617 2901 καὶ
666 2849 821 2909 αύτός
867 2849 1254 2902 συναπόλλυται
1307 2856 1395 2903 καὶ
1448 2856 1703 2923 πνίγεται.
1772 2857 1893 2904 Λοι-

289 2941 381 2990 πόν
423 2934 510 2989 οὖν
581 2933 684 2991 ὦδε
752 2936 994 3011 ἐμπείρου
1066 2938 1416 3010 κολυμϐητοῦ,
1487 2944 1575 2992 καὶ
1649 2944 1892 3010 τεχνίτου

292 3030 470 3099 χρεία,
536 3026 618 3077 ἶνα
672 3026 912 3080 εἰσελθὼν
969 3028 1040 3088 εἰς
1091 3030 1149 3078 1'6
1204 3026 1369 3099 βάθος
1420 3036 1512 3081 τοῦ
1561 3028 1755 3081 κόλπου
1804 3035 1896 3080 τοῦ

296 3110 492 3174 ὕδατος
534 3116 636 3166 ἐκεῖ
669 3112 947 3189 καταδύσῃ
994 3121 1084 3168 καὶ
1142 3116 1381 3190 ἀνενέγκη
1440 3121 1525 3169 τόν
1578 3137 1897 3170 καταπεπον-

303 3205 533 3272 τισμὲνον
587 3208 675 3255 καὶ
721 3209 842 3257 ὄντα
890 3204 1145 3278 ἀναμέσον
1207 3214 1305 3257 τῶν
1364 3208 1555 3278 θηρίων
1587 3223 1598 3236 '

300 3287 359 3343 δὲ
402 3293 458 3341 τὸ
514 3287 656 3365 ὕδωρ
710 3294 830 3345 ὅταν
876 3291 969 3367 ἴδῃ
1030 3298 1269 3371 ἔμπειρον
1324 3300 1414 3347 καὶ
1471 3292 1652 3349 εἰδότα
1706 3296 1893 3361 πλέειν,

302 3377 487 3451 βοηθεῖ
530 3382 713 3450 τούτῳ,
778 3388 865 3433 καὶ
919 3382 1155 3457 ἀναφέρει
1225 3383 1377 3436 αὐτὸν
1427 3386 1513 3437 ἐπὶ
1564 3386 1626 3436 τὰ
1671 3382 1899 3459 ἀνώτερα

298 3472 452 3539 μέρη.
498 3467 677 3529 Οῦτως
715 3470 744 3526 ἠ
778 3469 930 3541 ψυχὴ
980 3472 1045 3532 εἰς
1075 3471 1309 3524 ἄϐυσσον
1352 3477 1591 3537 σκότους,
1624 3477 1713 3525 καὶ
1744 3472 1810 3533 εἰς
1841 3476 1898 3525 τὸ

299 3553 464 3628 βάθος
515 3564 605 3608 τοῦ
659 3559 880 3610 θανάτου
936 3563 1413 3613 καταποντισθεῖσα
1467 3565 1765 3627 πέπνικται,
1811 3567 1899 3614 καὶ

296 3647 451 3718 νεκρά
503 3644 648 3697 ἐστιν
701 3644 803 3699 ἀπὸ
844 3654 938 3699 τοῦ
978 3656 1110 3701 Θεοῦ
1152 3649 1405 3721 ἀναμίσον
1462 3652 1654 3724 θηρίων
1687 3646 1890 3706 δεινῶν.

299 3740 399 3786 Καὶ
452 3740 528 3795 τίς
586 3733 807 3789 δύναται
845 3737 914 3798 εἰς
953 3741 1018 3790 τὰ
1065 3746 1276 3811 ταμιεῖα
1305 3742 1471 3792 ἐκεῖνα
1518 3745 1607 3791 καὶ
1655 3742 1719 3792 τὰ
1761 3738 1897 3815 βάθη

296 3832 388 3875 τοῦ
419 3820 552 3894 ᾅδου
592 3831 682 3878 καὶ
712 3834 803 3879 τοῦ
853 3829 1099 3896 θανάτου,
1145 3829 1426 3893 κατελθεῖν,
1474 3831 1516 3880 εἰ
1575 3833 1646 3900 μὴ
1700 3829 1901 3890 αύτόςὸ

293 3919 540 3984 τεχνίτης
569 3916 594 3966 6
625 3917 978 3988 ἓργασάμενος
1015 3920 1073 3968 τὸ
1116 3925 1267 3989 σῶμα
1304 3937 1320 3988 ;
1372 3918 1534 3979 Αύτός
1586 3920 1801 3990 ἔρχεται
1831 3919 1904 3980 εἰς

296 4004 365 4053 τὰ
406 3998 504 4054 δύο
560 4007 713 4077 μέρη,
771 4004 842 4066 εἰς
881 4008 939 4057 τό
984 4004 1148 4076 βάθος
1197 4013 1289 4057 τοῦ
1330 4002 1484 4076 ᾅδου,
1516 4011 1606 4058 καὶ
1645 4007 1798 4058 πάλιν
1836 4007 1904 4067 εἰς

296 4094 387 4142 τόν
452 4088 618 4163 βαθὺν
668 4092 855 4145 κόλπον
905 4102 1001 4154 τῆς
1048 4090 1286 4167 καρδίας,
1342 4096 1470 4146 ὅπου
1530 4098 1815 4166 κατέχεται
1870 4098 1900 4154 ἠ

296 4180 456 4252 ψυχὴ
521 4182 621 4232 ὑπὸ
670 4188 762 4233 τοῦ
831 4183 1053 4235 θανάτου
1096 4186 1189 4235 σὺν
1228 4191 1333 4243 τοῖς
1372 4183 1645 4254 λογισμοῖς
1704 4183 1901 4251 αὐτοῖς,

294 4274 390 4321 καὶ
430 4266 669 4343 ἀναφερει
718 4269 774 4322 ἐκ
839 4277 932 4322 τοῦ
991 4278 1252 4323 σκοτεινοῦ
1298 4270 1467 4344 βυθοῦ
1520 4275 1606 4323 τόν
1664 4291 1907 4344 νενεκρω-

296 4362 451 4431 μένον
514 4355 711 4431 Ἀδάμ.
788 4360 892 4414 Καὶ
944 4360 1098 4423 αὐτὸς
1164 4356 1223 4413 δε
1284 4362 1309 4413 6
1375 4363 1607 4424 θάνατος,
1665 4357 1758 4413 διὰ
1814 4370 1906 4422 τῆς

1994 578 2115 635 lent
2144 584 2468 649 potestates
2501 583 2734 638 Satanae
2762 583 2817 639 in
2847 588 3041 639 mente
3076 581 3652 652 tua,etcogitationi-

1994 668 2107 723 bus
2140 669 2277 734 tuis,
2315 685 2514 725 nonne
2546 671 2834 738 infernus,
2863 677 2918 727 et
2954 672 3318 743 sepulcrum,
3354 678 3408 727 et
3441 686 3651 726 monu-

1999 762 2286 823 mentum,
2321 764 2659 815 etmortuns
2690 762 2806 816 Deo
2825 776 2886 815 es
2912 760 2940 815 ‘i
2967 760 3084 815 Illic
3099 760 3258 816 enim
3283 763 3535 816 Satanas
3555 774 3652 814 ar-

1998 850 2240 915 gentum
2270 847 2595 917 reprobum
2627 850 2958 919 impressit:
2992 850 3048 904 in
3086 851 3288 906 anima
3307 849 3455 904 haec
3478 847 3652 902 semi-

1998 935 2161 989 navit
2175 935 2403 991 semina
2419 953 2648 1001 amara,
2662 943 2717 992 et
2737 938 3414 993 fermentavitt'ermento
3432 936 3646 1002 veteri;

1998 1024 2240 1078 scaturit
2282 1023 2395 1078 illic
2423 1024 2555 1080 fons
2601 1026 2726 1080 luti.
2764 1026 3237 1095 Descenditergo
3267 1024 3555 1081 Dominus
3586 1024 3643 1078 in

1998 1110 2234 1164 animas
2264 1126 2402 1166 eum
2433 1113 2814 1184 inquirentes,
2848 1114 2905 1168 in
2939 1113 3408 1184 profunditatem
3438 1110 3648 1166 inferni

1997 1199 2215 1263 cordis,
2246 1200 2481 1272 illicque
2525 1202 2774 1257 mandat
2812 1202 3494 1267 morti,dicens:Emitle
3518 1199 3648 1256 ani-

1995 1303 2120 1343 mas
2134 1289 2396 1344 inclusas
2412 1305 2501 1345 me
2512 1298 2863 1361 querentes,
2880 1307 3029 1362 quas
3046 1291 3103 1344 vi
3114 1290 3358 1346 detines.
3376 1290 3647 1344 Perrum-

1997 1376 2082 1447 pit
2120 1376 2297 1443 igitur
2324 1393 2537 1445 graves
2579 1380 2806 1449 lapides
2842 1379 3155 1451 impositos
3186 1380 3422 1443 animas,
3460 1376 3651 1447 aperit

2001 1473 2410 1533 monumenta,
2444 1468 2759 1523 resuscitat
2789 1484 2924 1523 vere
2954 1474 3254 1522 mortuum
3288 1470 3342 1521 et
3391 1465 3589 1521 educit
3617 1482 3649 1521 e

1999 1569 2235 1609 carcere
2255 1555 2575 1610 tenebroso
2596 1557 2866 1612 animam
2889 1556 3204 1611 inclusam.

2653 1644 2706 1697 ἐκ
2775 1653 2868 1706 τῆς
2928 1652 3195 1706 σκοτεινῆς
3247 1642 3481 1716 φυλακῆς
3549 1646 3644 1701 τὴν

2074 1874 2180 1929 Xll.
2224 1875 2747 1940 Quemadmodum
2771 1876 2818 1930 si
2848 1876 3030 1931 homo
3060 1875 3132 1931 sit
3153 1874 3384 1929 vinctus
3415 1870 3644 1928 catenis

2004 1962 2285 2018 manibus
2314 1964 2708 2035 pedibusque,
2738 1970 2793 2020 et
2814 1965 3007 2020 veniat
3033 1964 3249 2035 aliquis
3271 1961 3373 2034 qui
3407 1959 3647 2015 vincula

2000 2051 2189 2122 ipsius
2221 2053 2424 2117 solvat,
2459 2058 2512 2108 et
2541 2054 2798 2109 dimittat
2828 2069 2986 2117 eum,
3025 2056 3085 2108 ut
3114 2051 3264 2107 liber
3294 2048 3563 2106 ambulet
3587 2048 3649 2103 in

2000 2141 2318 2213 propatulo
2363 2158 2375 2196 :
2419 2143 2501 2196 sic
2539 2142 2807 2198 animam
2856 2142 3080 2198 catenis
3131 2139 3340 2195 mortis
3389 2137 3649 2193 vinctam

2003 2229 2178 2285 solvit
2206 2231 2496 2286 Dominus
2543 2247 2579 2287 a
2623 2231 2892 2295 vinculis,
2925 2235 2980 2285 et
3019 2229 3259 2285 dimittit
3290 2227 3457 2284 illam
3490 2241 3559 2283 ac
3587 2224 3652 2280 1i-

2000 2318 2169 2375 berat
2200 2326 2483 2388 mentem,
2519 2326 2580 2375 ut
2611 2321 2838 2391 absque
2868 2319 3138 2374 molestia
3178 2321 3235 2372 et
3278 2332 3417 2371 cum
3457 2314 3653 2387 quiete

2003 2408 2270 2463 ambulet
2308 2408 2367 2463 in
2429 2425 2628 2464 aerem
2669 2408 2960 2463 divinum.
3004 2406 3249 2463 Perinde
3300 2420 3371 2460 ac
3412 2403 3460 2457 si
3523 2402 3654 2475 quis

2003 2496 2186 2552 homo
2216 2497 2275 2552 in
2305 2498 2479 2569 pleno
2506 2513 2574 2552 ac
2617 2498 2817 2552 medio
2847 2496 3093 2551 ﬂumine
3125 2495 3439 2549 demersus
3472 2506 3652 2563 aqua,

1999 2587 2197 2658 jaceat
2226 2593 2517 2652 mortuus,
2553 2584 2880 2642 suffocatus
2898 2586 2956 2640 in
2988 2584 3183 2639 medio
3214 2580 3652 2638 horrendorum

2006 2681 2058 2731 et
2091 2675 2422 2730 crudelium
2453 2675 2808 2731 animalium
2839 2691 2853 2729 :
2883 2678 2937 2730 et
2968 2674 3017 2728 si
3038 2673 3172 2745 quis
3213 2671 3366 2727 alius
3406 2666 3654 2724 natandi

2005 2763 2249 2833 ignarus
2298 2764 2619 2819 velithunc
2646 2764 2705 2817 in
2749 2779 2973 2835 aquam
3024 2761 3359 2832 collapsum
3392 2771 3653 2820 servare,

2005 2853 2130 2924 ipse
2157 2852 2333 2908 simul
2361 2857 2561 2923 pereat
2583 2858 2638 2907 et
2670 2851 2993 2908 suﬂ‘ocetur
3024 2867 3039 2918 ;
3073 2854 3227 2905 certe
3259 2864 3409 2920 Opus
3435 2846 3527 2901 hic
3558 2860 3658 2916 pe-

2005 2941 2114 2996 rito
2143 2940 2388 2996 natandi
2418 2940 2642 2997 artiﬁce
2667 2944 2774 3006 est,
2804 2945 2863 2995 ut
2894 2940 3167 3009 ingresus
3191 2938 3249 2991 in
3282 2934 3654 3007 profundum

2007 3045 2177 3101 aqua;
2210 3030 2429 3094 sinum,
2464 3029 2578 3083 illic
2610 3045 2800 3101 aquas
2825 3025 3531 3083 subeatzetreferateum
3553 3020 3653 3094 qui

2005 3117 2315 3173 demersus
2341 3118 2403 3172 in
2432 3117 2630 3173 medio
2662 3117 2999 3173 belluarum
3028 3119 3152 3170 erat
3182 3136 3193 3166 :
3225 3113 3276 3168 ei
3308 3113 3442 3183 ipsa
3472 3125 3656 3180 aqua,

1652 3212 1740 3259 καὶ
1770 3207 1895 3259 αύτό
1935 3216 1976 3274 c
2009 3208 2053 3262 si
2085 3207 2331 3278 quando
2346 3207 2598 3278 peritum
2630 3207 2769 3262 artis
2787 3202 3329 3262 natandiartiﬁcem
3345 3205 3520 3256 nacta
3536 3198 3655 3253 fue-

2008 3298 2097 3359 rit,
2122 3296 2321 3366 ipsum
2356 3294 2625 3365 adjuvat.
2659 3299 2714 3350 et
2754 3292 2898 3350 tollit
2936 3293 2995 3347 in
3038 3289 3415 3362 superﬁciem
3458 3302 3653 3358 aquae,

2012 3384 2225 3440 Eodem
2279 3384 2459 3439 modo
2501 3383 2705 3440 anima
2736 3383 2796 3437 in
2846 3381 3144 3453 abyssum
3189 3378 3570 3434 tenebrarum
3602 3379 3660 3430 et

2008 3473 2468 3545 profunditatem
2504 3472 2707 3527 mortis
2747 3472 3043 3536 demersa,
3074 3467 3387 3530 suﬁ'ocata,
3416 3472 3472 3521 et
3504 3479 3659 3519 mor-

2011 3571 2109 3618 tua
2140 3569 2230 3617 est
2260 3579 2295 3618 a
2325 3562 2512 3617 Deoin
2529 3560 2728 3618 medio
2742 3560 3028 3616 ferociam
3044 3554 3420 3614 animalium.
3444 3552 3656 3625 thuis

2010 3656 2202 3724 potest
2221 3651 2281 3706 in
2306 3650 2748 3721 penetraliailla
2774 3653 2830 3705 et
2853 3646 3155 3721 profunda
3184 3642 3396 3701 inferni
3424 3646 3482 3698 et
3506 3656 3661 3698 mor-

2013 3741 2084 3796 tis
2107 3739 2487 3805 descendere,
2517 3738 2628 3794 nisi
2655 3739 2803 3809 ipsie
2842 3735 3064 3807 opifex,
3094 3734 3197 3806 qui
3226 3730 3497 3791 condidit
3534 3745 3660 3785 cor-

2012 3843 2120 3899 pus
2149 3827 2179 3881 ?
2213 3829 2346 3898 Ipse
2360 3831 2630 3897 penetrat
2645 3827 2797 3883 duas
2809 3830 3028 3896 partes,
3044 3822 3416 3895 profundum
3432 3819 3661 3876 scilicet

2012 3916 2244 3981 inferni,
2278 3920 2335 3970 et
2365 3914 2731 3986 profundum
2760 3914 2958 3968 sinum
2978 3911 3199 3974 cordis,
3230 3910 3332 3965 ubi
3363 3908 3661 3965 detinetur

2014 4005 2219 4060 anima
2246 4020 2281 4060 a
2315 4011 2501 4059 morte
2523 4020 2661 4059 cum
2693 4002 2976 4059 omnibus
3016 4001 3140 4055 suis
3169 3996 3655 4068 cogitationibus,

2014 4100 2193 4164 atque
2234 4093 2429 4148 educit
2458 4109 2529 4148 ex
2562 4094 2879 4148 tenebrosa
2916 4088 3317 4161 profunditate
3358 4088 3659 4141 mortuum

2014 4183 2225 4237 Adam.
2257 4183 2392 4252 Ipsa
2405 4196 2647 4253 quoque
2661 4196 2820 4236 mors
2833 4176 3268 4234 exercitationis
3287 4174 3478 4244 gratia
3493 4170 3587 4243 adj
3598 4187 3662 4227 u-

2017 4275 2217 4325 mento
2248 4276 2332 4325 est
2362 4269 2471 4341 ipsi
2503 4268 2751 4335 homini,
2781 4266 2958 4324 veluti
2985 4281 3145 4338 aqua
3162 4263 3413 4321 natanti.

294 4451 603 4521 γυμνασίας
623 4448 695 4510 εἰς
722 4445 967 4521 βοήθειαν
990 4453 1190 4521 γίνεται
1221 4449 1380 4503 αὐτοῦ
1402 4457 1494 4502 τοῦ
1527 4449 1820 4523 ἀνθρώπου,
1852 4451 2024 4524 ὥσπερ
2055 4452 2112 4503 τὸ
2151 4445 2296 4522 ὕδωρ
2323 4455 2394 4520 τῷ
2424 4445 2768 4519 κολυμϐῶντι.

378 4670 477 4726 ΙΓ’.
540 4675 602 4724 Τί
648 4674 749 4745 γὰρ
802 4668 1066 4746 δυσχερές
1106 4675 1219 4725 ἐστι
1267 4681 1338 4743 τῷ
1384 4677 1489 4744 Θεῷ
1531 4671 1772 4724 εἰσελθεῖν
1831 4671 1898 4734 εἰς

2096 4671 2229 4726 XII].
2263 4669 2415 4736 Quid
2445 4667 2605 4724 enim
2637 4670 2725 4723 est
2753 4663 2991 4721 difﬁcile
3021 4666 3141 4720 Deo
3170 4666 3481 4735 penetrare
3506 4672 3670 4714 mor-

303 4764 397 4812 τόν
447 4761 682 4825 θάνατον,
730 4766 818 4813 καὶ
856 4761 1009 4813 πάλιν
1073 4762 1136 4822 εἰς
1195 4765 1281 4813 τόν
1344 4760 1511 4834 βαθὺν
1574 4760 1761 4813 κόλπον
1820 4769 1911 4821 τῆς

299 4844 549 4923 καρδίας,
605 4852 837 4901 κάκεῖθεν
905 4848 1330 4903 ἀνακαλέσασθαι
1394 4855 1481 4902 τόν
1546 4853 1911 4923 νενεκρωμένον

297 4936 482 5009 Ἀδάμ
516 4955 529 5001 ;

300 5022 618 5095 οἰκοδομαὶ,
678 5026 805 5076 ὅπου
850 5027 879 5082 ἡ
923 5025 1260 5100 ἀνθρωπότης
1318 5035 1579 5080 κατοικεῖ·
1636 5032 1736 5080 Καί
1785 5027 1914 5080 εἰσιν

304 5121 443 5171 ὅπου
500 5114 677 5184 θηρία,
728 5112 939 5178 λέοντες,
1001 5114 1030 5172 ἢ
1074 5113 1371 5188 δράκοντες,
1413 5121 1499 5169 καὶ
1555 5116 1682 5168 ἄλλα
1743 5116 1919 5169 ἰοϐόλα

308 5207 496 5277 θηρία.
532 5200 592 5253 Εἰ
622 5205 794 5253 τοίνυν
826 5203 851 5252 ό
896 5201 1035 5262 ἣλιος
1084 5208 1285 5275 κτίσμα
1329 5204 1415 5271 ὢν,
1460 5205 1756 5278 εἰσέρχεται
1788 5225 1921 5257 παν-

304 5294 558 5366 ταχόθεν,
617 5286 710 5342 διὰ
762 5298 861 5342 τῶν
923 5288 1174 5365 θυρίδων,
1237 5293 1354 5350 ἦτοι
1396 5294 1581 5367 θυρῶν,
1619 5300 1709 5345 καὶ
1745 5293 1815 5355 εἰς
1856 5296 1922 5345 τὰ

311 5380 555 5438 σπήλαια
603 5386 702 5430 τῶν
732 5378 966 5445 λεόντων,
1032 5384 1123 5432 καὶ
1190 5380 1260 5439 εἰς
1323 5382 1414 5442 τὰς
1464 5380 1593 5440 ὀπὰς
1638 5389 1737 5433 τῶν
1778 5381 1919 5455 ἕρπε·

310 5479 437 5535 τῶν,
483 5472 574 5520 καὶ
631 5466 924 5541 ἐξέρχεται,

574 4937 621 4987 ἐν
669 4940 770 5008 γὰρ
812 4946 883 5008 τῷ
917 4944 1201 5011 φαινομένῳ
1241 4939 1390 4991 αἰῶνί
1442 4940 1574 4991 εἰσιν
1633 4938 1793 4990 οἰκίαι
1825 4943 1914 4991 καὶ

1020 5474 1109 5520 καὶ
1178 5465 1330 5520 οὐδὲν
1393 5466 1673 5542 βλάπτεται
1700 5489 1713 5502 ·
1777 5475 1925 5539 πόσῳ

312 5558 509 5632 μᾶλλον
555 5558 580 5608 ό
619 5561 737 5618 Θεὸς
792 5562 882 5609 καὶ
927 5563 1194 5620 Δεσπότης
1241 5558 1443 5609 πάντων
1499 5558 1797 5633 εἰσέρχεται
1854 5556 1929 5619 εἰς

312 5650 442 5707 τοὺς
507 5645 751 5718 φωλεοὺς,
800 5651 890 5700 καὶ
928 5647 998 5709 εἰς
1065 5652 1185 5709 τοὺς
1242 5650 1435 5714 οἴκους,
1490 5649 1618 5700 ὅπου
1676 5651 1931 5705 κατεσκὴ-

347 5754 482 5789 ωσεν
516 5735 541 5785 ὁ
575 5736 807 5804 θάνατος,
869 5741 958 5789 καὶ
1011 5738 1079 5799 εἰς
1128 5740 1221 5800 τὰς
1277 5736 1482 5810 ψυχὰς,
1542 5734 1773 5788 κάκεῖθεν
1813 5735 1931 5812 ῥυό-

2020 4766 2137 4815 tem
2171 4765 2225 4814 et
2252 4758 2618 4831 profundum
2646 4757 2843 4811 sinum
2875 4753 3095 4822 cordis,
3128 4768 3198 4808 ac
3230 4750 3370 4806 inde
3395 4762 3671 4805 revocare

2026 4852 2327 4903 mortuum
2371 4846 2561 4902 Adam
2590 4844 2618 4899 (ἲ
2646 4846 2710 4899 In
2740 4845 2854 4899 hoc
2914 4843 3076 4898 enim
3122 4839 3400 4913 praesenti
3452 4834 3675 4892 saeculo

2024 4942 2161 4991 sunt
2180 4935 2580 4990 habitationes
2598 4938 2652 4989 et
2681 4931 3045 4997 mansiones,
3075 4929 3176 4985 ubi
3205 4928 3483 4983 homines
3510 4923 3678 4981 habi-

2027 5031 2146 5080 tent
2178 5041 2191 5079 :
2228 5030 2284 5079 et
2313 5029 2451 5077 sunt
2475 5037 2716 5094 quoque
2742 5022 2841 5076 ubi
2859 5020 3090 5085 belluas,
3110 5019 3337 5084 leones,
3367 5016 3676 5079 dracones,

2027 5118 2083 5169 et
2110 5112 2239 5169 alia:
2270 5126 2570 5166 venenum
2613 5110 2946 5165 emittentes
2969 5108 3108 5163 feras
3158 5105 3445 5161 habitent.
3472 5102 3528 5159 Si
3580 5100 3683 5171 igi-

2033 5208 2125 5256 tur
2151 5200 2258 5264 sol,
2294 5201 2510 5271 quiest
2543 5203 2834 5263 creatura,
2870 5210 3235 5268 quocunque
3270 5194 3564 5265 penetrat,
3605 5188 3685 5244 fe-

2032 5294 2285 5354 nestras,
2314 5293 2417 5342 aut
2438 5287 2681 5358 jannas,
2705 5289 2830 5340 tam
2862 5285 3180 5355 speluncas
3206 5282 3470 5345 leonum,
3502 5290 3690 5351 quam

2033 5393 2322 5434 cavernas
2348 5375 2663 5448 reptilium,
2690 5378 2747 5429 et
2771 5390 3047 5445 egressus
3076 5371 3491 5444 nequidquam
3530 5364 3692 5421 ladi-

2036 5472 2150 5536 tur,
2190 5471 2418 5537 quanto
2451 5465 2640 5535 magis
2666 5464 2852 5518 Deum
2892 5468 2948 5518 et
2972 5461 3261 5517 Dominus
3289 5456 3579 5517 omnium,
3606 5454 3693 5508 in-

2039 5571 2277 5628 gressus
2310 5553 2481 5609 nidos
2509 5558 2565 5608 et
2593 5551 2899 5608 domicilia
2921 5550 3025 5606 ubi
3058 5564 3217 5604 mors
3242 5546 3495 5607 habitat,
3517 5546 3696 5613 atque

2026 5644 2219 5702 etiam
2248 5643 2503 5710 animas,
2537 5641 2765 5698 etillinc
2783 5640 3037 5717 eripiens
3054 5637 3268 5699 Adam,
3302 5628 3699 5700 nullainjuria

2047 5732 2303 5792 afﬁcitur
2335 5732 2350 5789 ι
2379 5734 2459 5788 Ac
2489 5732 2694 5807 pluvia
2723 5747 2753 5789 e
2784 5729 2932 5787 ccelo
2961 5723 3337 5784 descendens
3361 5720 3438 5779 ad
3460 5719 3701 5775 intimas
