4148 6262
485 272 592 329 555

497 488 553 561 4
570 489 622 559 3
638 500 844 542 rursus
863 482 1501 542 humectatetrenovat,
1522 492 1592 533 ac
1615 474 2142 548 producitgermen

496 592 750 635 novum.

562 877 699 933 XIV.
732 874 892 930 Alius
924 877 1029 936 est,
1050 871 1151 943 qui
1175 869 1499 925 certamine
1522 866 1745 923 etbello
1760 882 1895 921 cum
1919 867 2139 922 Satana

487 966 655 1030 inito,
706 963 1087 1019 aﬂlictionem
1141 960 1367 1031 patitur
1402 975 1413 1011 :
1448 958 1543 1012 hic
1597 957 1913 1012 contritam
1956 955 2137 1009 habet

490 1055 757 1111 animam
794 1068 806 1105 :
842 1051 902 1105 in
936 1047 1333 1105 sollicitudine
1352 1047 1532 1111 enim,
1560 1046 1718 1100 luctu
1751 1061 1818 1099 ac
1850 1043 2133 1114 lacrymis

487 1143 838 1199 constitutus
854 1144 968 1193 est:
986 1137 1285 1207 duplicem
1301 1135 1596 1205 ejusmodi
1616 1135 1797 1189 homo
1815 1148 2131 1203 personam

489 1234 753 1289 sustinet.
791 1230 883 1285 Sic
910 1230 1086 1296 igitur
1115 1227 1172 1281 in
1194 1228 1285 1280 his
1312 1225 1561 1294 negotiis
1578 1224 1779 1279 ﬁrmus
1801 1229 2131 1295 permanet,

491 1322 549 1375 in
578 1321 732 1376 bello
766 1318 1052 1373 Dominus
1081 1316 1131 1370 ei
1164 1315 1331 1369 adest
1370 1320 1424 1368 et
1464 1319 1779 1368 conservat
1800 1329 1958 1375 eum,
1991 1311 2134 1382 quia

489 1410 700 1482 quaerit
731 1406 968 1463 assidue
990 1403 1784 1475 etpulsatjanuam.quando
1812 1402 1861 1456 ei
1888 1401 2130 1472 aperiat.

493 1499 711 1553 lterum
752 1508 912 1559 vero,
939 1494 986 1546 si
1018 1496 1308 1564 appareat
1334 1491 1435 1547 tibi
1468 1490 1641 1546 frater
1672 1495 1947 1545 strenuus
1974 1504 2043 1543 eo
2074 1488 2133 1543 in

495 1586 669 1650 bello,
709 1601 745 1640 a
778 1584 969 1653 gratia
1009 1586 1095 1637 est
1136 1580 1528 1636 conﬁrmatus
1564 1596 1576 1633 :
1606 1581 1707 1650 qui
1750 1595 1887 1633 vero
1926 1579 2134 1633 funda-

492 1680 762 1730 mentum
807 1686 928 1727 non
972 1670 1171 1739 habet,
1217 1684 1337 1725 non
1380 1674 1687 1739 tantopere
1727 1670 1908 1722 Deum
1952 1668 2133 1735 timet,

492 1779 601 1819 nec
642 1762 957 1817 contritum
1001 1763 1091 1814 est
1139 1774 1241 1813 cor
1278 1758 1427 1828 ejus,
1460 1772 1569 1812 nec
1602 1757 1660 1811 in
1698 1762 1861 1812 metu
1896 1763 1998 1820 est,
2028 1772 2138 1811 nec

491 1852 769 1909 observat
793 1865 895 1905 cor
924 1864 1120 1918 suum,
1142 1853 1197 1902 et
1225 1845 1517 1910 membra,
1550 1862 1624 1900 ne
1655 1845 1989 1900 inordinate
2017 1861 2140 1900 am-

495 1942 697 1997 bulent
717 1956 728 1993 :
750 1938 1045 2008 ejusmodi
1065 1937 1262 1991 adhuc
1280 1934 1631 1990 dissolutam
1665 1934 1846 1989 habet
1872 1934 2137 1989 animam

495 2046 668 2085 suam
701 2047 714 2096 ;
753 2027 1022 2082 nondum
1049 2025 1206 2080 enim
1229 2023 1503 2095 praelium
1526 2024 1831 2094 ingressus
1861 2024 2141 2077 est.Alius

494 2119 671 2190 igitur
710 2122 817 2183 est,
858 2115 962 2186 qui
1004 2114 1059 2167 in
1102 2112 1258 2167 bello
1298 2118 1353 2167 et
1392 2110 1713 2167 afﬂictione
1752 2116 1859 2177 est,
1900 2117 1955 2165 et
1994 2112 2142 2167 alius

493 2209 595 2280 qui
627 2207 709 2261 rei
748 2204 1020 2259 militaris
1050 2202 1295 2270 ignarus
1324 2192 1522 2256 adhuc
1545 2200 1882 2254 est.Etenim
1915 2202 2144 2255 semina

495 2310 737 2368 quoque
768 2293 829 2346 in
860 2296 1073 2345 terram
1107 2290 1293 2344 missa
1318 2286 1701 2343 aﬂlictionem
1743 2288 2058 2352 sustinent,
2086 2289 2143 2343 in

498 2384 652 2455 gelu,
694 2382 910 2444 hieme,
943 2384 998 2434 et
1029 2378 1244 2448 frigore
1284 2377 1436 2432 aeris
1470 2392 1483 2428 :
1520 2392 1589 2432 ac
1629 2376 1911 2448 deinceps
1946 2376 2146 2433 debito

499 2480 766 2544 tmpore
796 2468 1089 2525 reviviscit
1121 2483 1390 2538 germen.

576 2670 681 2722 XV.
741 2664 1039 2734 Contingit
1087 2666 1286 2719 autem
1327 2661 1649 2727 interdum,
1694 2666 1759 2716 ut
1797 2663 2048 2718 Satanas
2086 2662 2145 2717 in

498 2756 678 2813 corde
704 2759 900 2811 tecum
935 2753 1221 2824 disputet,
1264 2751 1518 2807 scilicet:
1546 2752 1700 2808 Ecce
1726 2755 1951 2823 quanta
1982 2754 2147 2807 mata

500 2845 854 2908 commisisti,
886 2859 1013 2900 ecce
1034 2848 1263 2914 quanta
1291 2844 1531 2898 insania
1553 2840 1754 2897 anima
1783 2846 1884 2896 tua
1916 2844 2145 2910 repleta

500 2939 600 3001 est,
622 2941 673 2991 et
693 2949 869 3006 quam
896 2936 1136 2989 onustus
1159 2946 1214 2987 es
1245 2930 1520 3001 peccatis,
1548 2937 1613 2986 ut
1644 2932 1902 3001 amplius
1920 2932 2150 2987 salvari

499 3041 613 3081 non
638 3023 842 3093 possis.
887 3025 1020 3078 Haec
1050 3025 1251 3078 autem
1278 3021 1412 3076 ideo
1438 3020 1597 3085 facit,
1635 3026 1695 3074 ut
1737 3024 1789 3075 te
1831 3020 1888 3074 in
1930 3021 2147 3091 despe-

498 3115 790 3171 rationem
816 3112 1097 3177 deducat,
1129 3115 1185 3166 et
1209 3110 1351 3182 quia
1370 3126 1491 3165 non
1535 3113 1621 3165 est
1660 3115 1905 3180 accepta
1926 3114 1981 3164 et
2020 3125 2147 3179 gra-

498 3206 557 3259 ta
586 3208 688 3258 tua
719 3200 1084 3273 poenitentia.
1119 3202 1438 3271 Postquam
1480 3198 1636 3253 enim
1680 3213 1783 3267 per
1824 3202 2148 3267 transgres-

499 3292 728 3346 sionem
762 3287 988 3344 malitia
1016 3287 1509 3358 introivit,postea
1542 3285 1789 3354 singulis
1823 3285 1984 3340 horis
2024 3284 2146 3339 dis-

499 3382 672 3450 putat
695 3393 830 3431 cum
856 3377 1078 3437 anima,
1107 3376 1368 3430 uthomo
1387 3391 1523 3430 cum
1544 3375 1806 3429 homine.
1833 3372 2147 3444 Responde

500 3471 564 3523 tu
608 3479 851 3536 quoque
883 3464 966 3518 sic
1000 3480 1012 3517 :
1048 3463 1244 3519 Habeo
1277 3463 1606 3519 testimonia
1641 3463 1893 3527 Domini,
1926 3462 2148 3532 scripto

500 3555 882 3622 consignata:
900 3551 1050 3606 Noto
1069 3556 1312 3606 mortem
1330 3555 1722 3619 peccatorum,
1746 3551 1847 3606 sed
1866 3553 2150 3619 paeniten-

501 3642 667 3707 tiam,
697 3646 760 3695 ut
788 3644 1173 3696 convertatur
1202 3640 1324 3707 ipse
1350 3655 1386 3695 a
1414 3641 1513 3696 via
1546 3654 1850 3710 perversa,
1884 3646 1937 3696 et
1966 3640 2146 3696 vivat.

502 3734 816 3801 Propterea
845 3729 1005 3783 enim
1044 3728 1349 3783 descendit
1374 3728 1680 3793 Dominus,
1717 3735 1777 3783 ut
1801 3734 2144 3800 peccatores

502 3819 776 3884 salvaret,
805 3822 1075 3874 mortuos
1097 3818 1425 3880 suscitaret,
1448 3821 1504 3872 et
1533 3834 1569 3873 a
1588 3824 1779 3872 morte
1806 3817 2146 3873 vulneratos

503 3908 848 3973 viviﬁcaret,
877 3911 933 3963 et
951 3922 1053 3963 eos
1073 3906 1176 3978 qui
1204 3907 1262 3961 in
1287 3906 1542 3962 tenebris
1559 3906 2137 3973 erant,illuminaret.

506 4000 643 4054 Vere
694 3997 855 4052 enim
906 3996 1193 4052 Dominus
1251 3995 1599 4061 adveniens,
1650 3997 1879 4051 vocavit
1932 4012 2042 4050 nos
2088 3996 2143 4050 in

501 4087 885 4159 adoptionem
912 4085 1194 4150 ﬁliorum,
1227 4085 1305 4141 ad
1339 4091 1607 4141 sanctam
1636 4089 1692 4139 et
1733 4086 1894 4155 pacis
1925 4085 2145 4140 studio-

502 4192 636 4231 sam
668 4176 988 4242 civitatem,
1028 4174 1105 4230 ad
1136 4174 1317 4229 vitam
1344 4189 1655 4244 nunquam
1686 4175 2024 4245 prrituram,
2069 4174 2144 4228 ad

501 4265 752 4335 gloriam
785 4263 1293 4334 incorruptibilem
1325 4306 1339 4328 ,
1368 4263 1548 4318 modo
1570 4278 1679 4317 nos
1710 4262 2003 4334 principio
2042 4261 2143 4316 bo-

502 4368 649 4408 num
689 4352 869 4407 ﬁnem
893 4356 1400 4423 superstruamus,
1436 4356 1881 4422 perseverantes
1911 4352 1967 4405 in
2001 4366 2147 4422 pau-
2184 4382 2228 4435 D

502 4445 748 4513 pertate,
782 4440 1280 4511 peregrinatione,
1312 4439 1629 4496 afﬂictione
1661 4445 1715 4494 et
1745 4439 2148 4510 postulatione

502 4545 643 4600 erga
670 4532 878 4601 Deum,
912 4528 1138 4602 absque
1162 4528 1280 4584 ullo
1302 4531 1530 4601 pudore
1556 4529 1862 4601 pulsantes
1876 4528 2145 4599 januam.

503 4618 1026 4685 Quemadmodum
1096 4618 1255 4674 enim
1314 4634 1533 4690 corpus
1592 4619 1997 4690 propinquum
2065 4622 2151 4672 est

501 4708 740 4772 animae,
783 4710 864 4763 ita
894 4708 1137 4779 propior
1166 4713 1253 4762 est
1282 4709 1566 4763 Dominus
1596 4707 2063 4763 adveniendum
2097 4713 2151 4762 et

502 4798 896 4867 aperiendum
914 4796 1189 4851 occlusas
1205 4796 1748 4860 forescordis,etad
1773 4795 2145 4863 largiendum

502 4884 677 4941 nobis
707 4885 942 4939 divitias
971 4885 1260 4939 ccelestes.
1290 4885 1484 4939 Bonus
1517 4885 1813 4956 siquidem
1845 4889 1932 4939 est
1963 4890 2017 4939 et
2047 4884 2143 4938 ho-

503 4974 735 5029 minum
766 4989 980 5028 amans
1009 4990 1022 5041 ;
1054 4978 1109 5029 et
1138 4972 1394 5029 falsitate
1424 4975 1548 5043 ejus
1576 4973 2011 5045 promissiones
2046 4989 2147 5027 ca-

501 5067 654 5127 rent,
688 5063 868 5117 modo
899 5078 1009 5117 nos
1048 5077 1492 5134 perseveremus
1524 5063 1599 5118 ad
1630 5063 1812 5117 ﬁnem
1848 5078 2040 5133 usque
2084 5062 2141 5114 in

506 5151 702 5208 studio
716 5168 853 5207 eum
873 5151 1202 5226 quaerendi.
1220 5151 1411 5207 Gloria
1424 5152 1910 5206 miserationibus
1940 5150 2144 5215 Patris,

500 5248 555 5301 et
584 5242 721 5310 Filii,
764 5246 820 5300 et
844 5242 1093 5317 Spiritus
1122 5241 1311 5299 sancti
1341 5242 1399 5297 in
1431 5240 1666 5297 smcula.
1702 5246 1910 5297 Amen.

1780 254 1841 311 S.
1887 250 2183 309 MACARJI
2222 243 2525 304 EGYPTII

508 414 653 455 erm
671 399 869 468 partes
904 406 1097 463 usque
1120 388 1413 462 pertingit,
1436 387 1539 442 ubi
1555 387 1896 442 exsiccatas
1914 380 2142 438 radices

2254 393 2401 447 μενος
2445 375 2530 424 τὸν
2586 366 2769 440 Ἀδὰμ
2823 365 2917 419 οὐκ
2974 361 3236 417 ἀδικεῖται

3275 362 3373 413 ὑπὸ
3431 364 3523 411 τοῦ
3577 355 3847 421 θανάτου;

2256 466 2356 515 Καὶ
2399 462 2423 512 6
2481 462 2625 519 ὑετὸς
2664 457 2715 521 ἐξ
2753 457 2972 529 οὐρανοῦ
3010 456 3409 526 κατερχόμενος,
3451 448 3628 520 φθάνει
3669 447 3848 516 κατέρ-

2252 551 2448 621 χεσθαι
2506 548 2575 610 εἰς
2614 549 2680 599 τὰ
2717 550 2983 617 κατώτερα
3019 546 3146 614 μέρη
3188 548 3281 602 τῆς
3319 547 3437 603 γῆς,
3479 534 3717 587 κάκεῖθεν
3758 534 3849 592 τὰς

2254 639 2591 713 ξηρανθείσας
2657 636 2812 709 ῥίζας
2880 632 3131 706 ἀνύγρανε
3205 634 3293 682 καὶ
3361 628 3670 689 ἀνεκαίνισε,
3760 626 3848 674 καὶ

2252 728 2491 787 ἐποίησεν
2523 726 2623 779 ἐκεῖ
2651 730 2878 798 γέννημα
2902 725 3099 777 καινόν.

2321 851 2418 905 ΙΔ’.
2460 851 2644 911 ’Λλλος
2674 849 2813 902 ἐστὶν
2876 850 2901 899 6
2953 849 3087 919 ἔχων
3129 843 3323 915 ἀγῶνα,
3375 844 3464 892 καὶ
3507 836 3703 909 θλίψιν,
3759 838 3847 887 καὶ

2246 942 2465 1013 πόλεμον
2531 944 2660 1013 πρὸς
2709 941 2796 990 τόν
2862 941 3131 989 Σατανᾶν⁹
3185 932 3331 993 οὗτος
3402 930 3846 999 συντετριμμένην

2246 1035 2358 1103 ἔχει
2404 1035 2496 1087 τὴν
2548 1029 2735 1100 ψυχὴν
2779 1027 2976 1079 αὐτοῦ’
3035 1023 3083 1075 ἐν
3133 1026 3353 1094 μερίμνῃ
3400 1021 3501 1091 γάρ
3570 1020 3685 1069 ἐστι
3751 1018 3847 1065 καὶ

2245 1122 2413 1173 πένθει
2459 1123 2548 1170 καὶ
2615 1114 2895 1191 δάκρυσιν.
2953 1114 3039 1173 Εἰς
3093 1109 3188 1164 δύο
3238 1114 3496 1181 πρόσωπα
3542 1108 3776 1162 εἱστήκει
3819 1104 3847 1153 6

2242 1216 2494 1269 τοιοῦτος.
2538 1207 2596 1260 Εἰ
2635 1226 2803 1258 τοινυν
2861 1203 2908 1255 ἐν
2956 1204 3212 1260 τοιούτοις
3263 1200 3570 1273 πράγμασιν
3612 1196 3847 1251 εἱστήκει

2244 1297 2415 1361 οὗτος,
2460 1301 2526 1357 εὶς
2567 1300 2654 1347 τόν
2698 1297 2916 1365 πόλεμον
2998 1295 3104 1363 μετ’
3152 1288 3314 1341 αὐτοῦ
3386 1286 3522 1338 ἐστιν
3580 1285 3606 1335 6
3648 1285 3847 1354 Κύριός

2243 1394 2332 1441 καὶ
2380 1388 2631 1459 φυλάσσει
2667 1384 2820 1436 αὐτόν
2874 1402 2885 1414 ⁸
2948 1380 3179 1442 ἐπιξητεῖ
3228 1380 3329 1450 γὰρ
3388 1370 3708 1433 σπουδαίως,
3749 1375 3845 1422 καὶ

2244 1479 2417 1549 κρούει
2455 1480 2548 1533 τὴν
2609 1477 2786 1545 θύραν,
2834 1476 2959 1524 πότε
3019 1469 3154 1536 αὐτῷ
3214 1467 3429 1537 ἀνοίγει.
3495 1462 3654 1515 Πάλιν
3698 1458 3756 1513 δὲ
3800 1461 3845 1511 εί

2246 1570 2477 1640 φαίνεταί
2525 1584 2607 1618 σοι
2647 1560 2866 1634 ἀδελφός
2906 1561 3097 1631 ἀγαθός
3156 1553 3279 1618 ὧδε,
3336 1557 3435 1607 ὑπὸ
3474 1561 3571 1613 τῆς
3622 1552 3849 1623 χάριτός

2248 1639 2388 1708 ἔστιν
2435 1654 2824 1728 ἐστηριγμένος.
2881 1648 2940 1701 Ὀ
2998 1645 3056 1699 δὲ
3123 1650 3195 1717 μὴ
3252 1647 3388 1715 ἔχων
3449 1639 3699 1714 θεμέλιον,
3750 1639 3850 1690 οὐκ

2248 1748 2359 1817 ἔχει
2412 1750 2657 1795 τοσοῦτον
2717 1738 2867 1811 φόϐον
2928 1743 3081 1802 Θεοῦ,
3150 1735 3209 1787 οὗ
3262 1736 3631 1811 συντέτριπται
3688 1728 3850 1780 αὐτοῦ

2248 1837 2276 1893 ἡ
2333 1830 2553 1907 καρδία,
2617 1834 2731 1881 οὔτε
2780 1831 2921 1879 ἐστὶν
2994 1824 3042 1877 ἐν
3111 1822 3272 1896 φόϐῳ,
3325 1825 3442 1873 οὔτε
3504 1817 3852 1890 ἀσφαλίζεται

2249 1905 2411 1974 αὐτου
2459 1925 2553 1979 τὴν
2609 1915 2832 1993 καρδίαν
2884 1920 2973 1967 καὶ
3011 1916 3078 1965 τὰ
3129 1911 3280 1984 μέλη,
3343 1917 3433 1962 τοῦ
3487 1913 3557 1980 μή
3613 1905 3855 1965 ἀτάκτως

2248 2017 2565 2085 περιπατεῖν.
2645 2007 2808 2064 Οὗτος
2887 2003 3057 2075 ἀκμὴν
3146 1999 3523 2070 ἀπολελυμένην
3582 1999 3696 2067 ἔχει
3757 1999 3854 2052 τὴν

2248 2083 2433 2172 ψυχὴν
2484 2098 2641 2149 αὐτοῦ
2687 2113 2697 2125 ·
2728 2095 2869 2146 οὔπω
2914 2097 3011 2165 γὰρ
3055 2089 3287 2148 εἰσῆλθεν
3316 2088 3387 2148 εἰς
3429 2086 3621 2157 ἀγῶνα.
3669 2083 3857 2143 Ἀλλος

2250 2190 2337 2241 οὖν
2386 2191 2526 2239 ἐστιν
2580 2187 2605 2237 6
2645 2188 2692 2237 ἐν
2742 2184 2904 2255 ἀγῶνι
2952 2186 3042 2233 καὶ
3094 2179 3285 2249 θλίψει,
3342 2182 3431 2228 καὶ
3496 2175 3646 2235 ἄλλος
3695 2175 3718 2224 6
3782 2177 3853 2243 μὴ

2252 2274 2405 2339 εἰδὼς
2460 2281 2510 2328 τί
2561 2279 2675 2326 ἑστι
2712 2272 2953 2344 πόλεμος.
3014 2273 3114 2322 Καὶ
3156 2270 3257 2339 γὰρ
3299 2268 3364 2317 τὰ
3422 2268 3696 2338 σπέρματα
3732 2261 3859 2314 ὃταν

2252 2365 2420 2441 βληθῇ
2477 2365 2548 2425 εἰς
2573 2368 2666 2420 τὴν
2717 2369 2836 2433 γῆν,
2893 2358 3067 2428 θλῖψιν
3098 2358 3338 2428 ὑπομένει
3379 2353 3445 2413 εἰς
3476 2356 3597 2413 τοὺς
3624 2352 3855 2422 πάγους,

2254 2456 2322 2517 εἰς
2352 2458 2437 2506 τόν
2477 2460 2733 2525 χειμῶνα,
2780 2449 2852 2511 εἰς
2903 2451 2998 2505 τὴν
3046 2445 3365 2517 ψυχρότητα
3405 2450 3501 2492 τῶν
3533 2439 3694 2513 ἀέρων
3721 2457 3731 2468 ·
3769 2443 3861 2491 καὶ

2253 2544 2301 2598 ἐν
2330 2551 2400 2614 τῷ
2432 2539 2601 2595 δέοντι
2626 2546 2793 2611 καιρῷ
2824 2537 3259 2598 ἀναζωοποιείται
3300 2534 3357 2583 τὸ
3389 2534 3633 2601 γέννημα.

2324 2651 2428 2707 ΙΕ¹.
2469 2647 2742 2721 Συμϐαίνει
2791 2642 2850 2697 δὲ
2886 2646 2965 2695 ὅτι
3010 2644 3034 2693 6
3075 2645 3302 2701 Σατανᾶς
3365 2635 3662 2707 διαλέγεταί
3690 2654 3780 2686 σοι
3811 2634 3859 2686 ἐν

2253 2750 2313 2815 τῇ
2339 2720 2734 2814 καρδίᾳέἸδε
2772 2738 2940 2786 πόσα
2978 2733 3145 2783 κακὰ
3184 2729 3520 2788 ἐποίησας,
3566 2720 3709 2776 ἰδού
3748 2727 3858 2775 πό-

2257 2813 2691 2900 σνωνῗμανιῶν
2757 2821 3176 2894 πεπλήρωταί
3242 2836 3355 2869 σου
3395 2816 3424 2872 ἠ
3484 2813 3688 2885 ψυχὴ,
3745 2819 3852 2866 καὶ

2257 2918 2697 2996 βεϐαρημένος
2751 2909 2807 2964 εἶ
2865 2909 2983 2962 ἀπό
3051 2908 3416 2980 ἁμαρτιῶν,
3488 2904 3587 2954 ὄτι
3639 2904 3855 2953 οὐκέτι

2188 3028 2227 3081 C
2260 2993 2541 3063 δύνασαι
2590 3004 2900 3061 σωθῆναί.
2950 3006 3131 3051 Ταῦτα
3171 2994 3229 3048 δε
3282 3000 3438 3058 ποιεῖ,
3470 2993 3554 3044 ἵνα
3587 2994 3765 3061 ἓνέγκη
3801 3008 3861 3041 σε

2260 3100 2326 3159 εἰς
2356 3096 2699 3164 ἀπελπισμὸν,
2733 3094 2822 3141 καὶ
2844 3089 2923 3141 ὃτι
2948 3086 3041 3139 οὐκ
3063 3089 3203 3137 ἔστιν
3240 3077 3661 3155 εὐπρόσδεκτοςῆ
3691 3080 3863 3149 μετά-

2259 3190 2373 3241 νοιά
2404 3205 2519 3238 σου.
2549 3176 2762 3238 Ἐπειδὴ
2789 3181 2891 3253 γὰρ
2914 3174 3231 3251 παρεισῆλθε
3267 3169 3359 3225 διά
3388 3178 3483 3232 τῆς
3513 3167 3862 3240 παραϐάσεως

2260 3280 2291 3335 ἡ
2331 3280 2510 3341 κακία,
2566 3272 2743 3323 λοιπὸν
2792 3268 2906 3320 καθ’
2954 3266 3180 3321 ἑκάστην
3238 3264 3374 3335 ὤραν
3442 3257 3741 3330 διαλέγεται
3795 3264 3858 3329 τῇ

2259 3366 2413 3438 ψυχῇ
2488 3366 2556 3423 ὡς
2612 3362 2880 3433 ἄνθρωπος
2952 3357 3082 3428 μετά
3164 3350 3457 3423 ἀνθρώπου.
3516 3348 3864 3418 Ἀποκρίθητι

2262 3455 2401 3525 αὐτῷ
2429 3454 2631 3515 καὶσὺ,
2665 3450 2745 3501 ὅτι
2797 3448 2923 3518 ἔχω
2951 3447 3062 3504 τάς
3114 3444 3481 3515 μαρτυρίας
3536 3444 3626 3490 τοῦ
3662 3440 3862 3510 Κυρίου

2262 3544 2611 3616 ἐγγράφως,
2654 3542 2761 3589 καὶ
2801 3537 2993 3587 ὅτιού
3052 3529 3371 3605 βούλομαι
3422 3531 3525 3580 τὸν
3584 3528 3860 3579 θάνατον

2258 3640 2366 3688 τοῦ
2424 3626 2824 3703 ἁμαρτωλοῦ,
2880 3625 2956 3684 ὡς
3012 3625 3123 3678 τὴν
3181 3619 3551 3691 μετάνοιαν,
3626 3620 3736 3666 καὶ
3789 3617 3849 3666 τό

2263 3722 2756 3793 ἀποστραφῆναι
2794 3713 2984 3766 αὐτὸν
3026 3708 3145 3762 ἀπὸ
3183 3716 3289 3767 τῆς
3329 3704 3482 3759 ὀδοῦ
3522 3714 3637 3767 τῆς
3674 3722 3863 3760 πονη-

2259 3818 2368 3887 ρᾶς,
2401 3813 2509 3861 καὶ
2558 3807 2672 3876 ζῇν
2700 3803 2911 3855 αὐτόν.
2970 3801 3066 3853 Διά
3091 3805 3243 3850 τοῦτο
3273 3798 3374 3867 γὰρ
3405 3793 3659 3852 κατῆλθεν
3686 3793 3862 3857 αὐτὸς,

2262 3884 2344 3953 ἶνα
2371 3901 2491 3959 τοὺς
2516 3892 2853 3967 ἁμαρτωλοὺς
2884 3894 3053 3961 σώσῃ,
3085 3891 3202 3946 τοὺς
3227 3888 3437 3957 νεκροὺς
3463 3884 3865 3955 ἀνεγείρη,τοὺς

2258 3989 2704 4058 τεθανατωμένους
2756 3982 3083 4049 ζωοποιήση,
3140 3977 3260 4035 τούς
3313 3976 3361 4025 εν
3401 3981 3473 4043 τῷ
3529 3975 3704 4024 σκότει
3758 3991 3865 4041 φω-

2256 4084 2400 4150 τίση.
2444 4075 2676 4132 Ἀληθῶς
2722 4073 2822 4141 γάρ
2882 4069 3037 4120 ἐλθὼν
3091 4065 3158 4125 εἰς
3217 4065 3482 4115 υἱοθεσίαν
3538 4062 3680 4131 ἡμᾶς
3738 4058 3867 4110 ἐκά-

2257 4168 2418 4230 λεσεν,
2472 4165 2541 4224 εἰς
2571 4162 2715 4215 πόλιν
2774 4159 2947 4230 ἁγίαν,
3008 4155 3415 4229 εἰρηνευομένην,
3476 4150 3543 4210 εἰς
3593 4150 3733 4209 ζωὴν
3763 4151 3863 4205 τὴν

2258 4252 2520 4329 μηδέποτε
2552 4252 3009 4310 ἀποθνήσκουσαν,
3053 4243 3119 4304 εἰς
3152 4239 3307 4304 δόξαν
3356 4242 3642 4312 ἄφθαρτον.
3688 4242 3863 4290 Μόνον

2258 4325 2407 4417 ἦμεῐς
2460 4350 2520 4414 τῇ
2565 4338 2706 4412 ἀρχῇ
2766 4338 2911 4408 ἡμῶν
2966 4330 3137 4402 δῶμεν
3191 4331 3331 4392 τέλος
3383 4330 3579 4400 άγαθόν
3612 4347 3624 4358 ·
3680 4325 3861 4397 ἔμμείο

2259 4451 2419 4504 νωμεν
2465 4438 2525 4502 τῇ
2590 4430 2848 4497 πτωχείᾳ,
2904 4430 2965 4494 τῇ
3028 4422 3277 4484 ξενητείᾳ.
3333 4427 3393 4491 τῇ
3448 4420 3738 4487 κακουχίᾳ,
3788 4422 3857 4485 τῇ

2260 4522 2468 4579 αἰτήσει
2499 4526 2559 4591 τῇ
2613 4519 2736 4590 πρὸς
2788 4517 2874 4566 τὸν
2928 4514 3077 4574 Θεὸν,
3134 4511 3263 4577 μετά
3294 4504 3559 4567 ἀναιδείας
3589 4508 3862 4572 κρούοντες

2259 4617 2351 4670 τὴν
2408 4610 2585 4682 θύραν.
2643 4604 2842 4675 ’Ὠσπερ
2896 4604 2997 4674 γὰρ
3068 4599 3221 4671 ἐγγύς
3281 4597 3393 4649 ἐστι
3451 4599 3509 4647 τό
3560 4603 3711 4665 σῶμα
3760 4601 3864 4655 τῆς

2258 4702 2465 4772 ψυχῆς,
2530 4697 2692 4755 οὕτως
2740 4693 3012 4764 ἐγγύτερος
3071 4691 3095 4740 6
3159 4691 3345 4760 Κύριος
3399 4693 3491 4737 τοῦ
3536 4683 3694 4736 ἐλθεῖν
3768 4688 3862 4734 καὶ

2261 4770 2461 4851 ἀνοίξαι
2517 4789 2607 4845 τὰς
2663 4783 3026 4853 κεκλεισμένας
3071 4781 3229 4851 θύρας
3296 4784 3385 4835 τῆς
3458 4770 3702 4845 καρδίας,
3768 4777 3863 4824 καὶ

2260 4875 2610 4950 δωρήσασθαι
2650 4875 2771 4944 ἡμῖν
2827 4873 2911 4921 τόν
2951 4868 3169 4921 πλοῦτον
3235 4869 3321 4916 τόν
3379 4863 3637 4934 οὐράνιον.
3700 4862 3866 4930 Ἀγα-

2261 4971 2347 5030 θὸς
2400 4969 2500 5038 γὰρ
2568 4963 2679 5014 ἐστι
2739 4965 2829 5011 καὶ
2885 4958 3256 5030 φιλάνθρωπος,
3307 4956 3393 5004 καὶ
3437 4947 3687 5021 ἀψευδεῖς
3726 4949 3860 5001 εἰσιν

2257 5060 2417 5110 αὐτοῦ
2480 5056 2533 5106 αἱ
2588 5050 2907 5120 ἐπαγγελίαι,
2981 5052 3132 5119 μόνον
3212 5046 3295 5095 ἐὰν
3355 5043 3709 5111 ὑπομείνωμεν
3768 5039 3861 5097 ἕως

2257 5146 2431 5207 τέλους
2461 5142 2822 5201 ἐπιζητοῦντες
2871 5137 3044 5189 αὐτόν.
3099 5133 3229 5195 Δόξα
3267 5138 3379 5191 τοῖς
3407 5130 3700 5202 οἰκτιρμοῐς
3753 5133 3861 5178 Πα-

2258 5240 2398 5309 τρός,
2440 5238 2529 5285 καὶ
2571 5233 2715 5294 Υίοῦ,
2774 5232 2863 5280 καὶ
2903 5225 3053 5299 ἁγίου
3094 5225 3409 5293 Πνεύματος,
3456 5217 3526 5279 εἰς
3568 5220 3687 5278 τοὺς
3728 5216 3863 5268 αἰῶ-

2259 5344 2367 5385 νας.
2410 5324 2601 5395 Ἀμήν.
