4148 6262
296 288 407 345 557
1548 286 1897 346 HOMILIE.
1933 311 2008 331 —
2048 287 2227 348 HOM.
2263 293 2362 350 XI.
3557 290 3664 355 558

899 413 1151 469 OMIAIA
1190 412 1301 471 IB'.
1925 414 1966 466 Α
2617 421 2913 477 HOMILIA
2950 421 3056 477 XII.

298 522 454 642 Πιέοὶ
496 525 609 581 τῆς
650 520 948 582 στάσεως
980 526 1092 572 τοῦ
1132 517 1341 591 Ἀδὰμ.
1379 523 1499 592 πρὸ
1539 526 1654 572 τοῦ
1694 518 1894 593 πάρα·
2009 524 3658 599 DestatuAdaeantequamtransgredereturmandatum

414 609 561 642 ηναι
602 590 791 642 αὐτόν
831 595 942 642 τήν
981 591 1240 642 ἓντολὴν
1279 598 1388 642 τοῦ
1429 599 1622 642 Θεοῦ·
1657 596 1763 642 καὶ
1804 611 1896 642 ειε-
2081 596 2299 642 Deira!
2351 605 2660 642 nncfnnnm
2691 599 2889 642 amici!
2933 600 3240 642 nrnnm’nm
3283 615 3355 642 nn
3380 603 3657 642 nmlpcfnm

414 609 561 648 ηναι
602 592 791 668 αῦτόν
825 592 1240 668 τήνμὲντολὴν
1279 598 1388 645 τοῦ
1429 599 1622 668 Θε-οῦ·
1657 596 1763 643 καὶ
1802 611 1896 662 με-

2077 596 2223 668 Dei:
2247 605 2299 653 et
2350 592 2662 668 postquam
2691 599 2889 654 amisit
2932 592 3242 668 propriam
3282 615 3355 656 ac
3380 603 3658 657 caelestem

369 664 443 714 τὰ
482 666 548 714 τὸ
580 661 775 715 αὐτόν
817 660 1130 715 ἀπολέσαι
1170 668 1273 715 καὶ
1316 668 1425 721 τὴν
1468 660 1643 715 ἰδίαν
1682 660 1898 714 εἰκόνα

2073 660 2390 743 imaginem
2400 660 3188 743 .Qo'ntinetquoque'homilia
3201 672 3491 743 quasdam
3506 687 3662 743 quae-

368 738 477 786 καὶ
517 737 628 792 τὴν
689 733 1097 806 ἐπουράνιον.
1155 739 1424 806 Συνέχει
1463 740 1573 787 καὶ
1606 736 1634 793 ἡ
1674 734 1898 806 ὁμιλία

1089 778 1097 789 ,
1155 739 1424 806 Συνέχει
1463 740 1573 787 καὶ
1606 736 1634 793 ἡ
1674 734 1898 806 ὁμιλία
2076 733 2290 795 stiohes
2323 741 2498 797 valde
2535 733 2727 797 utiles".

369 806 689 867 ζητήσεις
727 809 910 869 τινας
946 810 1108 859 πάνυ
1161 807 1538 878 ὠφελίμους.

367 910 448 966 Α’.
505 910 564 963 ⁸0
619 908 800 984 Ἀδὰμ
850 917 943 970 τὴν
1021 911 1226 969 ἐντολὴν
1280 911 1535 983 παραϐὰς,
1607 912 1743 963 κατά
1800 907 1897 963 δύο

2078 917 2119 970 l.
2141 915 2330 971 Adam
2354 922 2770 985 transgressus
2796 918 3173 985 mandatum,
3198 918 3437 974 duobus
3464 918 3658 974 modis

290 1004 515 1071 τρόπους
575 999 802 1053 ἀπώλετο
836 1018 848 1030 ·
881 1001 968 1053 ενα
1016 1004 1128 1073 μὲν,
1188 1002 1269 1053 ὅτι
1328 1000 1558 1053 ἀπώλεσε
1604 1004 1663 1053 τό
1720 1007 1901 1070 κτῆμα

2022 1005 2215 1073 aeriit:
2253 1022 2371 1060 uno
2411 1006 2679 1076 quidem,
2725 1007 2890 1079 quod
2923 1008 3184 1078 perdidit
3214 1008 3660 1080 possessionem

293 1092 352 1142 τὸ
382 1091 610 1163 καθαρόν
657 1099 749 1149 τῆς
793 1092 992 1160 φύσεως
1046 1090 1229 1156 αὐτοῦ,
1281 1092 1339 1141 τὸ
1397 1093 1605 1162 ὡραῖον,
1664 1092 1725 1141 τὸ
1781 1089 1896 1140 κατ’

2024 1109 2219 1149 )uram
2249 1099 2473 1150 natura:
2502 1112 2647 1162 suae,
2682 1096 3035 1167 speciosam,
3061 1103 3116 1150 et
3142 1096 3477 1152 secundum
3509 1096 3662 1152 ima-

294 1177 467 1230 εἰκόνα
510 1183 599 1230 καὶ
654 1180 903 1249 ὁμοίωσιν
953 1185 1086 1231 Θεοῦ
1120 1196 1131 1208 ·
1180 1178 1346 1251 ἓτερον
1406 1174 1482 1247 δε,
1516 1179 1596 1230 ὅτι
1641 1176 1897 1229 ἀπώλεσεν

2018 1182 2204 1250 ginem
2231 1199 2301 1237 ac
2327 1183 2775 1239 similitudinem
2801 1184 2898 1239 Dei
2918 1183 3222 1239 conditam
3248 1201 3261 1239 :
3288 1184 3473 1240 altero
3493 1200 3656 1251 vero,

293 1267 458 1326 αὐτὴν
507 1272 600 1325 τὴν
652 1267 841 1333 εἰκόνα,
893 1267 941 1319 ἓν
1078 1266 1316 1320 ἀπέκειτο
1371 1267 1512 1337 αὐτῷ
1570 1266 1683 1319 κατ’
1741 1264 1899 1336 ἐπαγ-

2018 1272 2167 1343 quod
2196 1272 2451 1342 perdidit
2476 1273 2673 1343 ipsam
2693 1273 3038 1342 imaginem.
3074 1273 3133 1327 in
3156 1289 3279 1344 qua
3310 1273 3575 1343 reposita
3607 1272 3656 1328 ei

291 1356 469 1426 γελίαν
526 1358 557 1413 ἡ
616 1355 924 1428 ἐπουράνιος
975 1363 1123 1408 πᾶσα
1175 1356 1512 1428 κληρονομία.
1558 1362 1757 1427 Ὥσπερ
1812 1356 1896 1406 εὰν

2012 1366 2129 1415 erat
2154 1361 2325 1431 juxta
2352 1361 2835 1431 promissionem,
2866 1365 2987 1415 tota
3011 1360 3332 1417 haereditas
3368 1361 3650 1418 caelestis.

294 1442 326 1502 ἧ
358 1450 613 1516 νόμισμα,
653 1449 746 1503 τὴν
790 1444 964 1497 εἰκόνα
1000 1452 1092 1497 τοῦ
1123 1443 1377 1518 βασιλέως
1416 1448 1560 1517 ἔχον,
1606 1450 1695 1497 καὶ
1746 1451 1896 1496 τοῦτο

2018 1449 2253 1503 Perinde
2284 1466 2353 1505 ac
2392 1449 2440 1503 si
2475 1451 2549 1506 sit
2580 1454 2840 1515 moneta,
2874 1449 3133 1519 imagine
3165 1450 3319 1518 regis
3350 1450 3656 1518 insignita,

292 1542 681 1609 παραχαραγῇ,
716 1536 741 1586 ό
796 1538 1003 1607 χρυσός
1046 1554 1099 1587 τε
1130 1534 1377 1603 ἀπώλετο,
1436 1540 1526 1587 καὶ
1569 1536 1599 1592 ἡ
1646 1534 1792 1586 εἰκὼν
1838 1533 1896 1585 οῦ

2019 1553 2138 1609 mea
2167 1538 2213 1593 si
2252 1537 2635 1603 adulteretur,
2666 1544 2723 1593 et
2751 1554 2964 1593 aurum
3002 1538 3171 1610 perit,
3207 1543 3264 1592 et
3310 1539 3512 1606 imago
3540 1536 3657 1612 44

291 1626 631 1696 χρησιμεύει,
688 1631 922 1677 τοιοῦτον
966 1626 1125 1677 ἔπαθε
1169 1627 1259 1675 καὶ
1288 1625 1313 1675 6
1339 1620 1513 1695 Ἀδάμ
1543 1639 1555 1653 ·
1603 1628 1765 1695 μέγας
1793 1625 1893 1695 γὰρ

2024 1627 2227 1681 iullius
2259 1632 2349 1682 est
2387 1626 2561 1698 pretii
2591 1643 2602 1680 :
2636 1627 2750 1682 tale
2780 1627 3095 1699 quippiam
3137 1626 3333 1682 evenit
3359 1626 3539 1692 Adae;
3568 1625 3662 1681 in-

287 1713 514 1774 πλοῦτος
562 1718 650 1764 καὶ
700 1713 893 1785 μεγάλη
927 1715 958 1770 ἠ
1010 1713 1329 1788 κληρονομία
1381 1713 1685 1787 εὐτρέπιστο
1733 1713 1892 1783 αὐτῷ,

2021 1721 2209 1783 gentes
2253 1716 2546 1786 siquidem
2601 1715 2838 1782 divitiae,
2872 1720 2929 1771 et
2971 1731 3195 1786 magna
3232 1714 3553 1771 heareditas
3607 1714 3659 1770 ei

286 1800 492 1872 Ὠσπερ
520 1800 604 1854 ἐὰν
698 1807 897 1873 χωρίον
928 1805 1082 1873 μέγα,
1134 1807 1224 1854 καὶ
1250 1809 1403 1855 τοῦτο
1434 1803 1533 1873 ἔχῃ
1590 1797 1893 1873 προσόδους

2019 1809 2339 1875 πωρᾶνᾶῑᾶ
2361 1809 2502 1859 erat.
2536 1804 2783 1859 Perinde
2796 1820 2867 1859 ac
2888 1804 2934 1858 si
2951 1805 3021 1859 sit
3047 1804 3343 1876 praedium
3360 1803 3657 1875 amplum,

284 1890 501 1957 πολλὰς,
558 1890 661 1942 ἐκεῖ
708 1890 935 1962 ἄμπελος
994 1890 1306 1955 εὐθύνουσα,
1366 1888 1471 1942 insi
1516 1898 1695 1963 χῶραι
1748 1891 1893 1963 εὐφορ

2022 1892 2267 1964 lludque
2305 1893 2525 1948 multos
2573 1892 2792 1949 habeat
2821 1893 3068 1956 reditus,
3125 1893 3183 1947 in
3210 1908 3333 1963 quo
3367 1893 3440 1947 sit
3482 1892 3658 1947 vinea

284 1986 499 2051 ροῦσαι,
529 1981 632 2031 ἐκεῖ
661 1978 859 2050 ἀγίλαι,
904 1979 1008 2032 ἐκεῖ
1063 1982 1266 2052 χρυσός
1310 1984 1400 2032 καὶ
1429 1980 1655 2053 ἄργυρος
1683 1999 1694 2011 ’
1730 1980 1890 2041 οὕτως

2016 1981 2341 2044 ’ructuosa;
2384 1981 2621 2053 illicque
2660 1981 2779 2036 sint
2834 1980 3050 2036 fertiles
3081 1980 3230 2050 agri,
3264 1979 3379 2034 illic
3419 1995 3654 2049 greges,

285 2065 350 2126 ἦν
406 2072 578 2140 τίμιον
626 2071 684 2120 τὸ
740 2072 939 2141 χωρίον
1008 2072 1109 2142 πρὸ
1156 2076 1251 2130 τῆς
1304 2077 1590 2142 παρακοῆς,
1645 2068 1771 2121 αὐτό
1827 2072 1886 2122 τό

2019 2070 2235 2143 llicque
2262 2087 2475 2126 aurum
2500 2081 2557 2127 et
2588 2073 2905 2139 argentum
2936 2085 2949 2125 :
2987 2069 3069 2125 ita
3097 2084 3206 2125 vas
3239 2068 3381 2123 Adae
3407 2074 3545 2125 ante
3570 2067 3657 2123 in-

282 2164 470 2218 σκεῦος
511 2163 604 2209 τοῦ
651 2154 848 2229 Ἀδάμ.
900 2156 1042 2211 Ἀλλ’
1092 2154 1273 2215 ἐπειδὴ
1326 2160 1465 2209 κακά
1494 2159 1622 2229 ἔσχε
1674 2154 1886 2216 διανοή-

2017 2160 2399 2215 )bedientiam
2423 2163 2549 2215 erat
2570 2163 2858 2229 tanquam
2876 2157 3168 2231 praedium
3191 2157 3503 2229 quoddam
3524 2173 3655 2229 pre-

278 2265 423 2318 ματα
455 2251 540 2299 καὶ
573 2246 879 2318 λογισμοὺς,
908 2245 1137 2299 ἀπώλετο
1168 2245 1269 2298 ἀπὸ
1300 2254 1393 2299 τοῦ
1424 2253 1579 2300 Θεοῦ.

2020 2249 2235 2304 iosum.
2269 2251 2485 2304 Verum
2514 2248 2619 2303 ubi
2645 2246 2850 2319 pravis
2880 2247 3237 2303 commentis
3266 2249 3321 2303 et
3347 2246 3653 2317 cogitatio-

1994 2337 2172 2393 nibus
2202 2353 2264 2394 se
2294 2336 2564 2405 involvit,
2596 2336 2769 2408 periit
2802 2352 2837 2391 a
2866 2336 3008 2391 Deo.

350 2456 424 2512 B’.
473 2457 548 2510 Οὐ
580 2457 792 2529 λέγομεν
841 2453 901 2510 δὲ
952 2459 1032 2510 ὅτι
1070 2456 1301 2511 ἀπώλετο
1350 2459 1407 2509 τὸ
1434 2457 1546 2510 ὅλον
1576 2461 1664 2511 καὶ
1702 2458 1883 2531 ἠφανί-

2063 2463 2130 2516 ΙΙ.
2182 2466 2307 2519 Non
2340 2466 2540 2518 tamen
2590 2461 2869 2530 dicimus,
2900 2459 3068 2533 quod
3101 2462 3262 2515 totus
3309 2457 3568 2530 perierit,
3598 2462 3654 2516 et

280 2549 405 2612 σθη,
438 2551 529 2599 καὶ
559 2546 808 2599 ἀπέθανεν
843 2564 855 2576 ·
892 2545 991 2599 ἀπὸ
1038 2553 1129 2598 τοῦ
1158 2554 1291 2600 Θεοῦ
1322 2545 1558 2612 ἀπέθανε,
1587 2555 1646 2619 τῇ
1682 2543 1741 2599 δε
1769 2545 1884 2621 ἰδίᾳ

2014 2553 2316 2607 ιιειὶηοιιιε
2338 2568 2409 2607 ac
2436 2555 2705 2606 mortuus
2730 2549 2840 2605 sit:
2875 2565 2911 2605 a
2939 2554 3259 2620 conspectu
3281 2547 3383 2602 Dei
3403 2547 3652 2619 quidem

278 2637 432 2708 φύσει
485 2636 572 2708 ζῇ.
629 2630 773 2688 Ἰδοὺ
816 2638 916 2709 γὰρ
968 2634 1081 2696 ὅλος
1112 2637 1137 2688 6
1189 2639 1386 2708 κόσμος
1441 2643 1715 2710 περιπατεῖ
1745 2639 1793 2688 ἓν
1817 2644 1877 2709 τῇ

2013 2647 2263 2697 nortuus
2308 2644 2414 2706 est,
2462 2656 2572 2696 sua
2606 2644 2809 2696 autem
2837 2643 3055 2694 natura
3098 2637 3256 2693 vivit.
3292 2639 3438 2692 Ecce
3492 2637 3651 2693 enim

274 2732 369 2796 γῇ,
423 2729 511 2777 καὶ
572 2727 999 2798 πραγματεύεται
1059 2742 1070 2753 ·
1130 2722 1238 2776 ἀλλ’
1296 2724 1558 2797 ὀφθαλμός
1613 2733 1703 2777 τοῦ
1748 2733 1881 2779 Θεοῦ

2014 2730 2305 2785 miversus
2354 2729 2617 2785 mundus
2666 2727 2939 2783 ambulat
2992 2726 3053 2781 in
3099 2730 3277 2795 terra,
3329 2730 3384 2781 et
3411 2726 3652 2794 negotia

279 2809 452 2884 βλέπει
502 2812 658 2865 αὐτόν
704 2816 791 2865 τὸν
839 2821 978 2878 νοῦν,
1035 2818 1124 2865 καὶ
1168 2815 1262 2876 τὰς
1306 2814 1630 2886 ἐνθυμήσεις,
1676 2820 1766 2866 καὶ
1812 2817 1881 2876 ὡς

2015 2818 2219 2887 ieragit
2248 2838 2260 2872 :
2294 2824 2354 2874 at
2384 2818 2596 2873 oculus
2616 2817 2715 2873 Dei
2746 2816 2910 2871 videt
2939 2816 3135 2886 ipsam
3166 2817 3427 2869 mentem
3458 2829 3529 2869 ac
3554 2828 3653 2869 co-

276 2900 594 2972 περιϐλέπει,
648 2906 733 2953 καὶ
777 2901 1118 2975 παραϐλέπει,
1177 2907 1266 2953 καὶ
1295 2902 1355 2954 οὗ
1413 2909 1550 2955 ποιεῖ
1604 2901 1651 2953 ἓν
1704 2903 1882 2965 αὐτοῖς

2012 2908 2329 2976 gitationes,
2380 2912 2436 2961 et
2465 2906 2638 2978 quasi
2684 2904 2926 2975 respicit
2954 2908 3009 2959 et
3051 2902 3321 2973 despicit,
3354 2917 3465 2957 nec
3513 2917 3650 2957 cum

276 2994 565 3057 κοινωνίαν,
621 2986 802 3048 ἐπειδὴ
856 2986 1007 3042 οὐδὲν
1056 2990 1331 3063 εὐάρεστον
1376 2999 1447 3061 τῷ
1489 2999 1602 3061 Θεῷ
1648 2991 1879 3062 λογίζον-

2011 2997 2072 3050 iis
2104 2996 2286 3051 ullam
2318 2996 2658 3050 societatem
2693 2994 2840 3059 init;
2873 2992 3018 3063 quia
3045 2991 3191 3046 nihil
3217 2990 3384 3063 quod
3414 2995 3649 3059 gratum

281 3093 391 3126 ται.
446 3075 645 3150 ’Ὥσπερ
706 3076 790 3129 ίὰν
848 3076 949 3130 ὦσι
1002 3074 1319 3150 πανδοχεία,
1370 3083 1460 3130 καὶ
1513 3086 1739 3153 πορνεῖα,
1793 3084 1919 3143 καὶΙ

2012 3085 2063 3141 ιίι
2112 3087 2228 3140 Deo
2273 3082 2734 3153 cogitationibus
2784 3080 3131 3136 moliuntur.
3181 3078 3427 3134 Perinde
3476 3094 3547 3133 ac
3603 3080 3650 3133 si

280 3167 437 3214 τόποι
466 3164 590 3216 ὅπου
638 3165 848 3228 ἀταξίαι
899 3171 1129 3237 γίνονται
1174 3171 1263 3219 καὶ
1295 3165 1518 3220 ἀσωτίαι
1549 3184 1562 3198 ⁸
1609 3167 1784 3221 λοιπόν
1833 3171 1881 3221 οἱ

2012 3175 2107 3229 ιὶιιι
2153 3172 2484 3229 diversoria
2529 3187 2599 3227 ac
2628 3170 2966 3242 lupanaria,
2999 3172 3058 3225 et
3104 3168 3258 3228 loca,
3309 3166 3408 3222 ubi
3445 3168 3650 3226 omnia

284 3248 541 3311 θεοσεϐεῖς
596 3258 975 3327 παρερχόμενοι
1028 3255 1086 3307 οῦ
1163 3251 1570 3327 βδελύσσονται,
1622 3261 1711 3308 καὶ
1770 3254 1881 3329 βλέ-

2004 3261 2402 3333 incompositis
2426 3260 2693 3316 moribus
2714 3274 2783 3315 ac
2815 3258 3282 3328 intemperanter
3309 3258 3599 3324 geruntur
3631 3271 3642 3309 :

283 3358 466 3400 ποντες
520 3339 579 3391 οὐ
635 3339 909 3413 βλέπουσιν
940 3360 955 3408 ς
984 3346 1052 3405 ὡς
1101 3346 1256 3416 νεκρὰ
1305 3346 1405 3417 γὰρ
1461 3344 1637 3407 αὐτοῖς
1694 3344 1833 3397 ἔστιν
1865 3367 1877 3379 ο

2010 3356 2199 3422 postea
2228 3349 2275 3405 si
2304 3348 2565 3419 religiosi
2582 3347 2859 3404 homines
2889 3348 3216 3409 transeant,
3249 3358 3450 3399 nonne
3481 3358 3648 3399 exse-

284 3428 422 3478 οῦτω
478 3433 567 3481 καὶ
597 3430 622 3480 6
664 3433 789 3491 Θεὸς
831 3433 912 3484 ἐπὶ
949 3436 1067 3494 τοὺς
1113 3435 1588 3495 ἀποστατήσαντας
1644 3429 1738 3487 διὰ
1789 3442 1882 3486 τοῦ

2006 3440 2281 3496 arantur?
2320 3443 2379 3494 et
2408 3437 2674 3493 videntes
2709 3451 2831 3492 non
2858 3434 3098 3490 vident:
3132 3433 3296 3504 (sunt
3332 3431 3493 3487 enim
3530 3430 3644 3487 illis

281 3515 436 3587 λόγου
495 3517 678 3586 αὐτοῦ,
735 3524 823 3572 καὶ
878 3522 978 3572 ἀπὸ
1020 3530 1115 3582 τῆς
1167 3521 1392 3587 ἐντολῆς,
1449 3522 1711 3575 ἑπιϐλέπει
1768 3526 1877 3596 μὲν,

2008 3529 2163 3601 ιιιεεί
2187 3532 2458 3584 mortua:
2486 3529 2506 3596 )
2539 3526 2621 3580 sic
2653 3528 2804 3581 Deus
2836 3520 3331 3580 aversosaverbo
3362 3536 3434 3577 ac
3468 3535 3646 3577 man-

271 3602 411 3656 ἀλλά
469 3606 789 3681 παραϐλέπει
837 3608 1045 3679 αὐτοὺς,
1104 3615 1191 3662 καὶ
1252 3611 1310 3662 οὐ
1366 3618 1506 3663 ποιεῖ
1555 3610 1658 3663 ἐκεῖ
1704 3632 1883 3664 κοινω-

2006 3618 2132 3674 iato
2163 3633 2273 3672 suo
2319 3616 2562 3687 respicit
2584 3614 2866 3688 quidem;
2920 3616 3181 3668 attamen
3212 3609 3467 3681 despicit
3518 3624 3644 3676 eos,

279 3699 413 3757 νίαν,
446 3699 563 3748 οὔτε
588 3696 976 3751 ἐπαναπαύεται
1024 3699 1095 3761 εἰς
1148 3702 1269 3761 τοῦς
1320 3700 1606 3773 λογισμοὺς
1656 3701 1825 3753 αὐτῶν
1856 3702 1881 3753 6

2012 3723 2101 3763 iec
2130 3724 2269 3763 cum
2308 3706 2393 3763 eis
2424 3704 2610 3760 ullum
2651 3701 3082 3759 commercium
3113 3699 3271 3765 colit,
3311 3713 3423 3755 nec
3451 3699 3650 3771 requi-

281 3785 490 3854 Κύριος-
1990 3798 2134 3853 escit
2156 3796 2216 3851 in
2247 3793 2708 3865 cogitationibus
2738 3791 2975 3848 illorum
3015 3788 3325 3846 Dominus.

353 3889 423 3944 I".
460 3890 845 3964 Ἐρώτησις.
890 3901 1025 3957 Πῶς
1060 3914 1164 3957 τις
1203 3892 1482 3948 δύναται
1518 3894 1684 3949 εἶναι
1720 3917 1880 3950 πτω-

2060 3904 2150 3957 Ill.
2179 3902 2602 3971 Interrogatio.
2640 3897 2936 3965 Quomodo
2964 3897 3096 3966 quis
3116 3896 3310 3965 potest
3337 3908 3460 3951 esse
3496 3908 3644 3963 pau-

276 3981 393 4049 χός
422 3988 503 4050 τῷ
528 3985 862 4052 πνεύματι,
887 3984 1182 4055 μάλιστα
1211 3987 1311 4037 ὅτε
1341 3985 1627 4058 αἰσθηθῇ
1662 3985 1718 4038 ἒν
1750 3986 1883 4039 ἐαυ-

2001 4007 2098 4053 per
2121 3991 2360 4069 spiritu,
2385 3991 2642 4045 maxime
2662 4003 2796 4043 cum
2817 3984 3065 4041 senserit
3075 3983 3242 4053 apud
3255 3997 3336 4051 se,
3361 3998 3421 4039 se
3446 3987 3639 4039 trans-

279 4068 380 4137 τῷ,
410 4070 501 4121 ὅτι
526 4075 836 4141 μετετέθη
878 4078 986 4126 καὶ
1017 4075 1355 4147 προέκοψε,
1388 4079 1496 4127 καὶ
1524 4075 1618 4136 εἰς
1646 4084 1883 4147 γνῶσιν

2004 4082 2182 4137 latum
2202 4094 2322 4135 esse
2341 4068 2412 4134 ac
2419 4076 2761 4149 profecisse,
2786 4079 2839 4131 et
2860 4072 3249 4144 cognitionem
3272 4070 3642 4141 atqueintel—

278 4162 389 4209 καὶ
420 4161 681 4211 σύνεσιν
715 4158 828 4219 ἧλθ
850 4181 927 4228 εν,
974 4163 1042 4220 ἣν
1074 4166 1140 4215 τὸ
1171 4167 1491 4237 πρότερον
1521 4164 1633 4216 οὐκ
1660 4162 1881 4236 εἰχεν;

1994 4168 2298 4239 tigentiam
2325 4171 2701 4223 consecutum
2727 4178 2866 4227 esse,
2898 4177 3017 4235 qua
3041 4166 3218 4218 antea
3243 4158 3536 4216 carebat?

352 4264 751 4339 Ἀπόκρισις.
804 4266 937 4331 Ἐως
965 4270 1025 4322 οὗ
1072 4273 1241 4323 ταῦτά
1275 4290 1356 4331 τις
1385 4276 1591 4336 κτᾶται,
1644 4276 1733 4323 καὶ
1760 4290 1882 4345 προ-

2061 4275 2396 4344 Responsio.
2423 4272 2699 4339 Quandiu
2716 4271 2845 4326 haec
2861 4269 2997 4342 quis
3013 4267 3281 4339 possidet
3300 4270 3357 4323 et
3381 4265 3636 4338 proﬁcit,

280 4357 484 4419 κόπτει,
530 4355 624 4406 οὐκ
674 4359 789 4409 ἔστι
839 4362 1050 4429 πτωχός
1100 4367 1170 4429 τῷ
1228 4362 1498 4431 πνεύματι,
1555 4358 1661 4410 ἀλλ’
1719 4361 1884 4411 οἴεται

1995 4368 2217 4419 nonest
2246 4377 2475 4433 pauper
2500 4361 2730 4432 spiritu,
2757 4358 2865 4415 sed
2887 4358 2960 4413 de
2978 4372 3040 4412 se
3061 4356 3194 4428 ipso
3211 4355 3294 4411 sic
3318 4354 3633 4426 opinatur:

280 4447 401 4515 περὶ
452 4442 671 4496 ἑαυτοῦ·
734 4450 851 4498 ὅταν
901 4444 959 4499 δὲ
1006 4448 1126 4521 ἔλθῃ
1161 4448 1227 4509 εἰς
1275 4451 1469 4507 ταύτην
1522 4453 1615 4507 τὴν
1675 4451 1918 4524 σύνεσινς

2002 4452 2236 4525 quando
2262 4466 2401 4507 vero
2432 4449 2765 4521 pervenerit
2787 4447 2863 4504 ad
2892 4446 3072 4503 talem
3104 4444 3559 4515 intelligentiam
3585 4446 3640 4499 et

281 4535 373 4582 καὶ
420 4536 511 4589 τὴν
568 4541 857 4606 προκοπὴν,
917 4537 1049 4594 αῦτη
1111 4539 1140 4595 ἡ
1200 4538 1365 4610 χάρις
1424 4534 1674 4589 διδάσκει
1726 4537 1880 4588 αὐτὸν

2003 4540 2343 4612 profectum,
2372 4540 2507 4610 ipsa
2530 4538 2721 4607 gratia
2746 4537 2918 4592 docet
2939 4551 3098 4601 eum,
3126 4533 3232 4605 qui
3260 4549 3323 4588 re
3348 4548 3484 4588 vera
3515 4531 3641 4604 qui-

283 4615 413 4671 εἶναι
437 4626 650 4694 πτωχὸν
676 4632 747 4692 τῷ
796 4629 1070 4695 πνεύματι,
1102 4631 1188 4679 τὸν
1220 4631 1341 4680 ὅντα
1396 4628 1513 4679 τινὰ
1557 4624 1762 4679 δίκαιον
1792 4630 1881 4677 καὶ

2003 4630 2128 4685 1ου]
2153 4633 2348 4699 justus
2387 4632 2443 4683 et
2470 4627 2692 4682 electus
2725 4626 2822 4680 Dei
2854 4629 2960 4690 est,
2998 4639 3071 4679 ne
3117 4626 3285 4694 putet
3323 4637 3388 4676 se
3413 4616 3641 4693 aliquid

286 4706 514 4762 ἑκλεκτὸν
571 4716 719 4779 Θεοῦ,
786 4720 858 4786 μὴ
916 4718 1163 4787 ἡγεῖσθαί
1230 4736 1282 4768 τι
1339 4735 1519 4769 εαυτον
1574 4711 1721 4780 εἶναι,
1777 4714 1869 4767 ἀλλ

2003 4734 2141 4782 asse,
2184 4716 2287 4773 sed
2318 4717 2522 4772 animo
2563 4714 2658 4769 vili
2688 4717 2745 4769 et
2772 4713 3007 4785 abjecto
3036 4728 3097 4768 se
3136 4715 3322 4784 gerat,
3352 4714 3641 4781 tanquam

281 4797 424 4867 ἔχειν
474 4804 567 4858 τὴν
617 4800 803 4872 ψυχὴν
857 4803 1017 4856 αὐτοῦ
1065 4806 1251 4877 ἄτιμον
1280 4809 1368 4857 καὶ
1428 4801 1879 4875 έξουδενουμένην,

1999 4808 2133 4863 nihil
2163 4807 2357 4862 sciens
2389 4811 2490 4860 aut
2527 4804 2778 4867 habens,
2810 4802 3087 4874 quamvis
3120 4801 3267 4858 sciat
3297 4802 3355 4856 et
3391 4799 3637 4856 habeat.

280 4884 352 4946 ώς
376 4883 543 4958 μηδὲν
592 4885 771 4941 εἰδότα
796 4891 825 4948 ἣ
856 4894 1065 4962 ἔχοντα,
1116 4899 1287 4946 καίτοι
1334 4891 1511 4947 εἰδότα
1538 4898 1627 4945 καὶ
1667 4895 1878 4964 ἔχοντα.

2002 4900 2109 4953 Hoc
2138 4912 2280 4951 vero
2320 4901 2608 4966 tanquam
2648 4891 2921 4947 naturale
2972 4896 3028 4947 et
3057 4890 3307 4946 inﬁxum
3344 4889 3405 4944 in
3442 4892 3640 4945 mente

275 4981 449 5027 Τοῦτο
479 4971 539 5025 δὲ
584 4977 652 5036 ὡς
682 4982 898 5047 φυσικόν
950 4986 1039 5033 καὶ
1095 4986 1293 5039 πηκτὸν
1340 4986 1538 5055 γίνεται
1588 4980 1671 5034 ἐπὶ
1703 4990 1773 5052 τῷ
1803 4986 1882 5034 νοῒ

2001 4985 2308 5041 hominum
2352 4987 2454 5038 est.
2509 4982 2715 5037 Nonne
2741 4980 2931 5046 vides,
2967 4980 3232 5050 primum
3263 4982 3499 5049 patrem
3537 4992 3639 5034 no-

273 5070 378 5114 τῶν
411 5059 711 5136 ἀνθρώπων.
760 5069 881 5137 Οὐχ
911 5069 1035 5140 ὁρᾷς
1061 5071 1085 5120 6
1114 5073 1396 5146 προπάτωρ
1450 5074 1595 5143 ἡμῶν
1628 5069 1872 5144 Ἀϐραὰμ

2003 5080 2177 5128 strum
2224 5072 2526 5127 Abraham
2573 5070 2641 5135 η,
2669 5085 2807 5123 cum
2838 5072 2992 5124 esset
3045 5067 3289 5131 electus,
3326 5070 3545 5122 terram
3585 5068 3641 5123 et

277 5152 347 5202 ὢν
378 5150 627 5219 ἐκλεκτός,
679 5161 778 5223 γῆν
827 5154 1005 5209 ἑαυτὸν
1036 5162 1125 5209 καὶ
1171 5157 1368 5212 σποδόν
1417 5160 1652 5232 ὠνόμαζε
1682 5179 1699 5231 ;
1734 5165 1822 5212 καὶ
1854 5162 1878 5213 6

2004 5164 2250 5219 zinerem
2280 5177 2341 5215 se
2366 5160 2566 5230 ipsum
2596 5157 2946 5213 nominasse
2968 5156 2996 5212 ?
3028 5158 3093 5211 Et
3120 5154 3304 5211 David
3337 5159 3554 5210 unctus
3580 5155 3642 5211 in

278 5237 465 5303 Δαϐἱδ,
506 5244 753 5313 χρισθεὶς
782 5243 855 5306 εἰς
905 5242 1144 5317 βασιλέα,
1180 5250 1308 5300 Θεὸν
1338 5245 1451 5319 εἶχε
1500 5248 1613 5320 μεθ’
1652 5248 1834 5301 ἑαυτοῦ
1857 5280 1873 5292 ο

2007 5265 2213 5319 'egem,
2244 5252 2428 5304 Deum
2459 5246 2722 5303 habebat
2751 5260 2956 5301 secum
2976 5245 3046 5310 1⁸,
3080 5248 3135 5300 et
3162 5258 3306 5299 sane
3330 5242 3477 5315 quid
3506 5243 3587 5299 ait
3614 5240 3645 5298 τ

275 5334 367 5382 καὶ
392 5334 444 5380 τί
469 5329 642 5401 λέγει;
692 5333 947 5397 Σκώληξ
1012 5335 1143 5407 εἰμὶ
1182 5341 1289 5389 καὶ
1331 5338 1447 5389 οὐκ
1514 5339 1876 5410 ἄνθρωπος,

2000 5340 2223 5396 Vermis
2235 5354 2383 5405 sum,
2408 5342 2462 5393 et
2482 5352 2601 5392 non
2623 5335 2815 5400 homo,
2835 5331 3216 5406 opprobrium
3234 5331 3560 5396 hominum,
3580 5335 3637 5387 et

278 5416 526 5481 ὄνειδος
563 5422 932 5496 ἀνθρώπων,
975 5430 1082 5477 καὶ
1141 5422 1555 5500 ἓξουδένωμα
1619 5427 1805 5483 λαῶν.

896 5446 932 5490 ν,
975 5430 1082 5477 καὶ
1141 5422 1555 5500 έξουδένωμα
1619 5427 1805 5483 λαῶν.
1989 5426 2534 5499 abjectioplebis”.

346 5525 421 5580 A'.
482 5529 546 5581 Οἱ
595 5525 683 5581 οὖν
737 5530 962 5595 θέλοντες
1013 5534 1208 5587 τούτων
1252 5530 1382 5588 εἶναι
1436 5534 1872 5609 συγκληρονόμοι,

2058 5537 2147 5591 IV.
2181 5534 2290 5601 Qui
2315 5532 2521 5591 volunt
2548 5531 2726 5605 igitur
2763 5544 2892 5588 esse
2924 5528 3143 5588 horum
3180 5523 3548 5591 cohmredes,
3578 5524 3634 5581 et

354 5672 404 5711 1'
433 5672 575 5731 Gen.
610 5689 772 5743 xvm,
805 5676 895 5732 27.
970 5678 1063 5732 "l
1101 5678 1260 5736 Sam.
1292 5690 1412 5746 xw,
1440 5679 1506 5735 13
1580 5679 1626 5719 ³ο
1652 5678 1805 5737 Psal.
1840 5693 1983 5747 nn,
2014 5681 2066 5738 7.
