4148 6262
435 267 543 324 559
1742 256 1803 309 S.
1845 253 2147 311 MACARII
2186 253 2495 309 IEGYPTII
3702 238 3801 305 560

438 396 597 450 cives
642 392 899 449 civitatis
926 391 1198 454 caelestis,
1232 392 1285 444 et
1338 401 1473 442 cum
1514 384 1597 441 eis
1631 381 1966 453 gloriﬁcari,
2008 380 2107 435 de-

2242 402 2308 449 :ui
2356 396 2674 469 συμπολῖται
2704 403 2795 455 τῆς
2834 394 3025 455 πόλεως
3069 402 3162 455 τῆς
3212 393 3539 466 ἐπουρανίου,
3576 398 3665 445 καὶ
3698 412 3812 444 συν-

435 484 580 539 bent
610 498 679 537 ac
721 480 1060 536 humilitate
1094 478 1280 534 animi
1313 491 1445 529 esse
1477 473 1691 536 ornati,
1738 478 1793 525 et
1832 485 1953 524 non
1987 468 2105 523 exi-

439 573 680 627 stimare
709 570 933 641 aliquid
962 569 1021 623 in
1048 585 1111 623 se
1139 583 1291 631 esse,
1321 564 1427 619 sed
1452 579 1553 617 cor
1576 560 1897 617 contritum
1924 557 2107 612 habe-

438 678 523 717 re.
558 660 841 727 Quamvis
868 660 1025 713 enim
1049 656 1244 727 gratia
1274 656 1332 709 in
1370 652 1621 721 singulis
1652 648 1997 705 Christianis
2025 646 2108 699 di-

442 748 780 804 versimode
824 752 1119 819 operetur,
1166 750 1219 799 et
1272 743 1511 797 diversa
1550 738 1823 794 membra
1863 735 2105 796 habeat,

442 854 653 894 omnes
704 842 900 891 tamen
957 840 1094 889 sunt
1146 833 1425 903 ejusdem
1478 828 1759 892 civitatis,
1823 824 2008 880 animi
2060 821 2115 877 et

442 927 682 996 linguae,
727 942 786 979 se
822 930 1029 980 mutuo
1071 926 1533 991 cognoscentes.
1561 919 1720 972 Sicut
1767 918 1824 971 in
1867 928 2115 985 corpore

446 1016 719 1071 membra
740 1020 877 1069 sunt
905 1014 1111 1077 multa,
1144 1028 1264 1066 una
1290 1015 1492 1077 autem
1521 1009 1577 1061 in
1607 1005 1891 1061 omnibus
1914 1004 2117 1057 anima

442 1105 559 1160 ista
590 1120 838 1158 movens
869 1120 878 1155 :
912 1103 994 1157 ita
1026 1102 1279 1172 Spiritus
1313 1078 1469 1152 unus
1512 1100 1793 1167 operatur
1825 1093 1882 1146 in
1918 1091 2114 1146 omni-

447 1194 559 1249 bus
600 1190 1027 1256 diversimode,
1077 1190 1349 1260 ejusdem
1408 1192 1609 1241 tamen
1660 1188 1795 1237 sunt
1844 1181 2118 1250 civitatis,

445 1282 713 1353 ejusdem
742 1281 871 1335 viae.
889 1281 1031 1333 Justi
1050 1280 1214 1333 enim
1233 1292 1443 1331 omnes
1474 1277 1796 1343 angustam
1821 1276 1877 1324 et
1895 1274 2120 1323 arctam

449 1373 609 1425 viam
689 1369 1097 1432 ambularunt,
1178 1366 1538 1419 sustinentes
1617 1360 2118 1431 persecutionem.

451 1460 857 1528 afﬂictionem,
885 1463 941 1512 et
969 1455 1381 1518 contumelias,
1402 1467 1473 1506 ac
1498 1452 1759 1505 viventes
1780 1450 1843 1502 in
1866 1448 2123 1516 pellibus

456 1548 743 1617 caprinis,
778 1550 834 1600 in
862 1546 1163 1615 speluncis
1183 1549 1234 1599 et
1261 1540 1533 1598 cavernis
1565 1544 1740 1594 terra
1760 1539 1821 1589 εί.
1852 1535 2124 1590 Similiter

464 1644 518 1693 et
539 1636 790 1706 apostoli
826 1636 902 1689 ad
927 1635 1081 1688 hanc
1100 1648 1289 1703 usque
1319 1631 1531 1684 horam
1563 1627 1769 1681 dicunt
1796 1646 1807 1683 :
1844 1626 1920 1679 Et
1944 1624 2124 1679 esuri-

2242 1648 2306 1698 τῆ
2329 1662 2349 1702 ς
2386 1648 2461 1711 γῆ
2484 1662 2522 1701 ς.
2562 1640 2783 1712 Ὁμοίως
2810 1645 2898 1691 καὶ
2921 1642 2969 1691 οἱ
2993 1640 3294 1702 ἀπόστολοι,
3321 1640 3411 1700 ἕως
3440 1648 3532 1698 τῆς
3554 1639 3676 1711 οἷρτι
3702 1640 3846 1711 ὧρας

456 1742 579 1781 mus
592 1726 965 1785 elsitimus,et
980 1723 1122 1776 nudi
1135 1725 1412 1784 sumus,et
1429 1717 1790 1773 contumeliis
1805 1715 2122 1783 afﬁcimur,

2242 1734 2388 1801 φασὶ,
2425 1734 2541 1781 Καὶ
2582 1737 2914 1799 πεινῶμεν,
2953 1733 3058 1779 καὶ
3110 1724 3424 1799 διψῶμεν,
3466 1731 3571 1778 καὶ
3607 1745 3848 1797 γυμνη-

459 1820 512 1872 el
524 1814 828 1870 instabiles
846 1814 969 1868 sine
983 1814 1119 1867 sede
1136 1810 1683 1871 vivimus.Quorum
1703 1803 1971 1859 nonnulli
1991 1804 2129 1857 sunt

463 1906 674 1975 capitis
704 1902 999 1973 supplicio
1042 1898 1261 1963 affecti,
1294 1897 1545 1968 quidam
1579 1910 1719 1949 vero
1752 1893 1911 1947 cruci
1943 1891 2126 1959 afﬁxi,

465 1995 581 2067 45
634 1993 729 2049 alii
773 2008 914 2047 vero
964 1989 1142 2045 variis
1179 1987 1372 2042 modis
1425 1984 1647 2039 afﬂicti.
1699 1984 1949 2052 Insuper
2004 1981 2130 2050 ipse

479 2083 765 2139 Dominus
822 2078 1255 2151 prophetarum
1307 2081 1360 2129 et
1423 2072 1857 2143 apostolorum,
1912 2069 2130 2123 oblitus

463 2171 646 2244 quasi
673 2170 886 2223 divina:
911 2166 1136 2236 gloriae,
1162 2162 1471 2235 quomodo
1495 2158 2020 2214 conversatusest?
2038 2157 2133 2211 ille

473 2260 649 2316 nobis
694 2260 751 2310 in
778 2254 1121 2324 exemplum
1166 2253 1358 2307 factus
1380 2260 1435 2313 π,
1470 2264 1711 2302 summa
1750 2262 1887 2300 cum
1930 2251 2129 2300 contu-

2245 2281 2411 2333 μενος,
2456 2258 2549 2313 διὰ
2592 2262 2783 2334 ὕϐρεων
2826 2268 3069 2333 στέφανον
3123 2260 3393 2311 ἀκάνθινον
3436 2260 3519 2311 ἐπὶ
3565 2268 3661 2320 τῆς
3694 2278 3855 2331 κεφα-

474 2348 651 2404 melia
677 2360 963 2401 coronam
996 2344 1266 2414 spineam
1302 2340 1361 2393 in
1402 2338 1598 2410 capite
1630 2336 1903 2406 gestavit,
1934 2340 2131 2405 sputa:
2245 2350 2337 2410 λῆς
2433 2350 2689 2422 ἀφόρεσεν,

464 2436 750 2508 colaphos
781 2439 837 2489 et
867 2448 1106 2488 crucem
1139 2430 1449 2486 sustinuit.

2247 2444 2489 2512 σταυρόν,

540 2543 605 2596 V.
648 2541 705 2595 Si
742 2544 893 2595 Deus
935 2540 995 2593 in
1027 2537 1194 2593 terris
1237 2536 1321 2591 sic
1350 2536 1622 2589 versatus
1652 2536 1759 2596 est,
1795 2535 1960 2586 tuum
2000 2529 2129 2594 erit,

473 2634 537 2686 ut
585 2645 721 2683 eum
766 2627 1050 2682 imiteris:
1102 2630 1159 2680 et
1200 2625 1248 2679 si
1290 2622 1539 2694 apostoli
1592 2637 1660 2677 ac
1704 2620 2011 2693 prophetae
2050 2620 2132 2674 sic

470 2717 799 2775 conversati
850 2720 1005 2779 sunt,
1065 2730 1174 2769 nos
1236 2728 1500 2783 quoque,
1554 2712 1597 2765 si
1658 2710 1840 2765 modo
1882 2708 2132 2763 velimus

471 2806 867 2863 fundamento
894 2805 1123 2860 Domini
1139 2808 1195 2858 et
1215 2801 1626 2873 apostolorum
1642 2796 2129 2870 supertediﬁcari,

478 2912 581 2951 eos
614 2894 827 2949 imitari
860 2893 1175 2948 debemus.
1214 2891 1409 2962 Inquit
1458 2891 1615 2943 enim
1676 2887 1997 2957 Apostolus
2028 2902 2133 2956 per

476 2984 761 3057 Spiritum
794 2987 1106 3037 sanctum:
1141 2982 1478 3037 Imitatores
1512 2984 1691 3034 estote
1718 2978 1852 3041 mei,
1894 2977 2044 3031 sicut
2076 2981 2127 3029 et

2242 2993 2502 3061 γενέσθαι.
2538 2996 2689 3061 Λέγει
2739 2994 2836 3063 γὰρ
2872 2993 2896 3042 ό
2937 2990 3260 3051 Ἀπόστολος
3294 2993 3342 3041 ἓν
3377 2992 3638 3061 Πνεύματι
3693 2989 3852 3060 ἁγίῳ,

474 3089 578 3144 ego
613 3072 839 3129 Christi
868 3074 935 3125 ’³.
974 3070 1141 3136 Quod
1177 3069 1224 3123 si
1255 3068 1507 3139 gloriam
1542 3067 1855 3121 hominum
1886 3064 2126 3134 expetis,

2244 3086 2545 3153 Μιμηταί
2590 3101 2706 3153 μου
2748 3084 3037 3151 γίνεσθε,
3080 3082 3285 3140 καθὼς
3323 3079 3496 3151 κάγώ
3536 3088 3853 3151 Χριστοῦ.

477 3167 530 3218 et
563 3162 798 3217 adorari
830 3160 1015 3215 colive
1067 3159 1397 3221 desideras,
1427 3164 1605 3226 atque
1652 3155 1830 3209 vitam
1864 3153 2133 3224 volupta-

476 3253 626 3307 riam
677 3250 920 3322 quaeris,
958 3248 1032 3303 de
1085 3248 1183 3303 via
1212 3247 1544 3302 declinasti.
1603 3246 1841 3316 Oportet
1890 3244 2048 3297 enim
2082 3247 2133 3295 te

479 3340 657 3396 simul
693 3338 954 3405 cruciﬁgi
990 3352 1127 3390 cum
1147 3336 1431 3390 cruciﬁxo
1462 3336 1529 3395 ³⁸,
1558 3333 1732 3387 simul
1758 3333 1874 3402 pati
1904 3348 2041 3385 cum
2064 3347 2134 3385 eo

478 3429 583 3500 qui
609 3442 824 3498 passus
859 3432 964 3490 est,
1001 3428 1065 3478 ut
1095 3424 1172 3479 ita
1232 3423 1412 3477 simul
1464 3422 1807 3489 gloriﬁceris
1843 3437 1978 3474 cum
2014 3420 2134 3487 glo-

479 3516 730 3571 rificato.
792 3518 1036 3568 Necesse
1090 3514 1246 3567 enim
1318 3518 1425 3575 est,
1483 3527 1769 3581 sponsam
1826 3511 1947 3579 pati
1997 3526 2132 3563 cum

2222 484 2546 548 δοξασθῆναι
2604 485 2801 549 αὐτοῖς,
2861 488 3051 541 ταύτην
3112 482 3374 553 ὀφείλουσι
3430 488 3522 540 τὴν
3583 501 3813 533 ταπεινο-

2221 579 2481 649 φροσύνην
2530 578 2689 646 ἔχειν,
2740 578 2828 624 καὶ
2872 578 2943 643 μὴ
2995 574 3194 624 οἴεσθαι
3240 574 3285 623 ἓν
3340 572 3541 633 ἑαυτοῖς
3587 570 3715 624 εἶναί
3743 590 3813 637 τι,

2225 665 2330 715 ἀλλ’
2380 668 2519 735 ἔχειν
2567 666 3001 733 συντετριμμένην
3048 670 3139 718 την
3191 657 3435 733 καρδίαν.
3489 662 3548 713 Εἰ
3594 664 3696 735 γὰρ
3730 664 3817 710 καὶ

2225 751 2486 825 διαφόρως
2567 753 2631 812 εἰς
2702 754 2918 803 ἕκαστον
2976 760 3075 801 τῶν
3154 758 3480 821 Χριστιανῶν
3538 749 3733 821 ἐνεργεῖ
3785 750 3815 805 ἡ

2224 845 2382 915 χάρις
2434 846 2523 892 καὶ
2573 838 2797 913 διάφορα
2850 842 2963 909 ἔχει
3015 838 3138 910 μέλη
3178 856 3189 867 ·
3242 841 3375 909 ὅμως
3428 836 3486 890 δε
3540 844 3663 910 μιᾶς
3717 837 3823 889 εἰσι

2226 930 2413 991 πόλεως
2468 933 2516 981 οἱ
2568 932 2772 994 πάντες,
2828 928 3117 1000 όμόψυχοι,
3195 928 3535 1000 όμόγλωττοι,
3585 926 3825 997 ἐπιγινώ-

2231 1039 2430 1079 σκοντες
2480 1018 2752 1079 ἀλλήλους.
2809 1025 3006 1092 Ὠσπερ
3065 1017 3188 1087 μέλη
3240 1016 3403 1068 πολλά
3458 1016 3598 1067 ἐστιν
3642 1015 3689 1067 ἐν
3723 1020 3826 1067 σώ-

2230 1128 2374 1180 ματι,
2407 1112 2503 1179 μία
2531 1104 2588 1159 δὲ
2617 1106 2769 1177 ψυχὴ
2816 1106 2864 1157 ἐν
2891 1112 3052 1157 πᾶσιν
3094 1108 3123 1163 ἡ
3158 1112 3377 1156 κινοῦσα
3419 1112 3586 1156 ταῦτα
3614 1122 3626 1133 ’
3660 1104 3831 1163 οὕτως

2232 1199 2278 1250 ἓν
2323 1205 2523 1263 πνεῦμα
2577 1195 2767 1268 ἐνεργεῖ
2818 1194 2865 1246 ἐν
2916 1201 3048 1247 πᾶσι
3102 1191 3384 1269 διαφόρως,
3445 1200 3564 1265 μιᾶς
3622 1191 3682 1245 δέ
3725 1192 3833 1244 εἰσι

2230 1286 2441 1349 πόλεως,
2492 1292 2611 1357 μιᾶς
2640 1282 2767 1337 ὀδοῦ
2801 1306 2813 1317 ·
2860 1287 3046 1344 πάντες
3087 1288 3185 1356 γὰρ
3237 1286 3285 1335 οἱ
3338 1280 3538 1335 δίκαιοι
3568 1286 3659 1341 τὴν
3712 1300 3837 1333 στε-

2232 1379 2322 1431 νὴν
2378 1379 2466 1425 καὶ
2514 1373 2851 1445 τεθλιμμένην
2926 1370 3049 1425 ὀδόν
3117 1369 3440 1435 διώδευσαν,
3499 1368 3836 1442 διωκόμενοι,

2234 1465 2789 1534 κακουχούμενοι,
2859 1458 3361 1532 ὀνειδιζόμενοι,
3430 1459 3485 1511 ἐν
3553 1460 3841 1530 αἰγείοις

2237 1550 2516 1625 δέρμασι
2560 1553 2817 1621 ζῶντες,
2861 1552 2917 1603 ἐν
2952 1551 3322 1615 σπηλαίοις,
3366 1549 3422 1600 ἐν
3462 1556 3605 1610 ταῖς
3645 1548 3845 1608 ὀπαῖς

2240 1822 2523 1889 τεύομεν,
2566 1823 2670 1869 καὶ
2734 1814 3215 1887 ὀνειδιζόμεθα,
3261 1822 3367 1868 καὶ
3410 1815 3845 1887 ἀστατοῦμεν.

2240 1908 2334 1958 Ὧν
2366 1909 2413 1958 οἱ
2452 1910 2540 1977 μεν
2595 1906 3106 1973 ἀπεκεφαλίσθησαν,
3160 1908 3207 1957 οἱ
3258 1902 3316 1958 δὲ
3371 1906 3846 1980 ἐστραυρώθησαν,

2242 1996 2386 2047 ἄλλοι
2418 1992 2476 2047 δὲ
2526 1992 2791 2068 διαφόρως
2840 1995 3120 2051 ἐθλίϐησαν
3152 2016 3163 2027 ·
3208 1994 3366 2056 αὐτός
3414 1992 3523 2046 δεό
3577 1998 3852 2055 Δεσπότης

2243 2092 2515 2158 προφητῶν
2569 2104 2621 2136 τε
2696 2090 2785 2136 καὶ
2858 2083 3181 2149 ἀποστόλων,
3234 2085 3406 2154 ὥσπερ
3480 2082 3852 2153 ἐπιλαθόμενος

2245 2182 2336 2233 τῆς
2380 2175 2554 2234 θεῖκῆς
2595 2173 2769 2236 κόξης,
2813 2182 2919 2234 πῶς
2962 2169 3222 2225 διώδευσε
3255 2190 3268 2239 ;
3310 2174 3468 2231 τύπος
3504 2174 3626 2243 ἡμῖν
3667 2175 3850 2241 γιγνό-

2790 2350 3137 2422 ἐμπτυσματα
3210 2351 3433 2413 ὑπέστη,
3507 2349 3853 2421 ῥαπίσματα,

2318 2546 2389 2597 E'.
2425 2546 2483 2599 Ei
2513 2548 2537 2596 ό
2579 2548 2705 2607 Θεὸς
2755 2545 2914 2604 οὕτως
2969 2542 3255 2596 διώδευσεν
3288 2544 3373 2595 ἐπὶ
3412 2564 3507 2606 της
3559 2554 3676 2614 γῆς,
3710 2543 3857 2616 ὀφεί-

2243 2635 2345 2697 λεις
2391 2641 2479 2687 καὶ
2531 2639 2595 2686 σὺ
2645 2640 2881 2707 μιμητὴς
2931 2634 3091 2685 αὐτοῦ
3142 2635 3383 2704 γενέσθαι
3418 2651 3429 2662 ⁸
3489 2638 3575 2685 καὶ
3624 2636 3673 2685 οἱ
3724 2632 3854 2685 ἀπόο

2246 2724 2418 2777 στολοι
2443 2728 2531 2775 xui
2588 2726 2636 2775 οἰ
2666 2731 2928 2797 προφῆται
2972 2724 3135 2784 οὕτως
3170 2719 3465 2774 διώδευσαν
3502 2741 3513 2750 ⁸
3551 2728 3636 2773 xui
3673 2724 3854 2793 ἡμεῖς,

2244 2815 2285 2865 εἰ
2318 2814 2519 2884 θέλομεν
2569 2821 2640 2882 τῷ
2692 2813 2903 2883 θεμελίῳ
2936 2821 3027 2864 τοῦ
3084 2817 3277 2886 Κυρίου
3335 2816 3425 2864 καὶ
3472 2821 3571 2863 τών
3626 2810 3847 2863 ἀποστό-

2241 2903 2339 2954 λων
2415 2898 2916 2973 ἐποικοδομηθῆναι,
3017 2901 3277 2973 ὀφείλομεν
3374 2906 3606 2972 μιμηταὶ
3680 2900 3845 2952 αὐτῶν

2246 3172 2304 3224 Εἰ
2353 3168 2411 3223 δὲ
2463 3170 2668 3241 ἀγαπᾷς
2725 3167 2884 3233 δόξας
2943 3170 3247 3242 ἀνθρώπων,
3298 3174 3387 3221 καὶ
3442 3172 3859 3242 προσκυνεῖσθαι

2249 3262 2424 3325 θέλεις,
2485 3265 2573 3311 καὶ
2622 3259 2917 3310 ἀνάπαυσιν
2972 3260 3167 3323 ζητεῖς,
3226 3258 3506 3333 ἐξετράπης
3557 3266 3653 3318 τῆς
3702 3255 3858 3314 ὁδοῦ.

2246 3354 2359 3422 Χρὴ
2401 3351 2501 3423 γάρ
2559 3368 2615 3400 σε
2667 3351 3109 3421 συσταυρωθῆναι
3163 3356 3235 3417 τῷ
3292 3349 3666 3420 σταυρωθέντι,
3726 3367 3865 3415 συμ-

2246 3441 2425 3490 παθεῖν
2456 3447 2526 3509 τῴ
2557 3440 2795 3503 παθόντι,
2846 3439 2928 3489 ἵνα
2960 3438 3124 3499 οὕτως
3175 3433 3541 3508 συνδοξασθῇς
3584 3444 3655 3505 τῷ
3704 3433 3863 3498 δοξα-

2249 3530 2440 3580 σθέντι.

485 3619 731 3675 sponso,
766 3618 835 3656 ac
865 3602 946 3655 sic
974 3601 1202 3655 sociam
1248 3616 1316 3655 ac
1348 3599 1721 3654 cohaeredem
1752 3599 1960 3653 Christi
1986 3598 2130 3651 ﬁeri.

483 3696 612 3749 Non
667 3692 824 3745 enim
867 3690 1229 3754 conceditur,
1285 3688 1397 3742 nisi
1453 3704 1557 3759 per
1610 3686 1981 3751 afﬂictiones,
2032 3702 2137 3756 per

484 3796 785 3853 asperam,
818 3784 1160 3848 angustam,
1184 3783 1530 3849 arctamque
1561 3778 1717 3832 viam
1740 3776 1968 3846 ingredi
1995 3776 2136 3831 civi-

487 3874 665 3927 tatem
691 3873 1057 3931 sanctorum,
1087 3871 1142 3922 et
1195 3867 1565 3938 requiescere
1616 3882 1684 3921 ac
1716 3880 1966 3935 regnare
1999 3880 2135 3919 cum

484 3973 625 4029 rege
653 3959 713 4013 in
740 3957 971 4013 inﬁnita
1004 3956 1247 4011 saecula.

561 4174 648 4227 Vl.
674 4170 1093 4241 Interrogatio.
1116 4169 1404 4236 Quoniam
1430 4169 1736 4238 propriam
1756 4142 1831 4224 ac
1862 4170 2141 4224 caelestem

492 4261 811 4331 imaginem
838 4260 1099 4329 perdidit
1131 4259 1347 4321 Adam,
1377 4258 1587 4328 igitur,
1622 4260 1674 4313 si
1691 4259 1991 4326 particeps
2025 4257 2146 4325 fuit

494 4350 735 4406 caelestis
756 4348 1054 4419 imaginis,
1082 4347 1294 4403 habuit
1317 4347 1605 4415 Spiritum
1628 4353 1898 4402 sanctum
1917 4346 1944 4399 ?

2521 3526 2749 3597 Ἀνάγκη
2805 3529 2905 3600 γὰρ
2982 3531 3079 3584 τὴν
3154 3528 3357 3597 νύμφην
3438 3527 3730 3597 συμπαθεῖν
3787 3534 3864 3596 τῷ

2246 3621 2470 3687 νυμφίῳ,
2504 3620 2594 3667 καὶ
2648 3616 2783 3666 οὕτω
2837 3617 3078 3686 γενέσθαι
3130 3618 3371 3666 κοινωνόν
3425 3619 3513 3667 καὶ
3572 3614 3860 3687 συγκληρο-

2245 3710 2397 3777 νόμον
2448 3712 2702 3777 Χριστοῦ.
2746 3704 2856 3756 Οὐκ
2909 3707 3136 3777 ἐγχωρεῖ
3176 3706 3277 3777 γὰρ
3333 3705 3451 3755 οῖνευ
3508 3705 3865 3775 παθημάτων,

2247 3799 2332 3845 καὶ
2394 3804 2489 3854 τῆς
2536 3799 2788 3866 τραχείας
2833 3798 2922 3845 καὶ
2974 3802 3153 3853 στενῆς
3201 3798 3290 3845 καὶ
3334 3792 3676 3865 τεθλιμμένης
3728 3790 3868 3845 ὀδοῦ

2249 3882 2493 3935 εἰσελθεῖν
2550 3903 2662 3934 τινα
2721 3883 2791 3944 εἰς
2845 3887 2937 3941 τὴν
2986 3883 3136 3935 πόλιν
3194 3889 3293 3933 τῶν
3348 3882 3532 3953 ἁγίων,
3592 3886 3683 3934 καὶ
3736 3881 3868 3933 ἀνα-

2250 3979 2467 4035 παῆναι,
2499 3976 2587 4023 καὶ
2621 3970 3040 4043 συμϐασιλεῡσαι
3092 3978 3163 4041 τῷ
3198 3969 3409 4043 βασιλεῖ
3460 3971 3530 4032 εἰς
3559 3974 3685 4032 τοὺς
3733 3974 3869 4023 ἀπε-

2252 4062 2470 4134 ράντους
2501 4060 2705 4120 αἰῶνας.

2329 4166 2395 4231 ς’.
2455 4168 2831 4241 Ἐρώτησις.
2905 4163 3161 4224 Ἐπειδὴ
3228 4168 3328 4217 ὅτι
3367 4169 3475 4217 καὶ
3528 4170 3639 4224 τὴν
3685 4162 3869 4218 ἰδίαν

2259 4256 2475 4309 εἰκόνα
2511 4261 2617 4307 καὶ
2656 4260 2766 4314 τὴν
2807 4256 3189 4327 ἐπουράνιον
3223 4254 3543 4307 ἀπώλεσεν
3576 4257 3601 4306 ό
3631 4252 3867 4327 Ἀδὰμ,

2260 4346 2488 4398 οὐκοῦν
2520 4346 2570 4396 εἰ
2601 4343 2986 4402 ἐκοινώνησε
3020 4352 3089 4416 τῇ
3134 4345 3335 4396 εἰκόνι
3371 4352 3441 4416 τῇ
3474 4343 3864 4417 ἐπουρανίῳ,

2183 4440 2227 4493 Ι)
2262 4432 2399 4506 εἶχε
2438 4440 2685 4505 Πνεῦμα
2722 4433 2906 4504 οἷγιον
2954 4451 2966 4498 ;

569 4562 910 4633 Responsio.
942 4560 1220 4626 Quandiu
1252 4559 1512 4615 Verbum
1560 4560 1655 4614 Dei
1689 4563 1813 4614 erat
1858 4575 1995 4614 cum
2028 4558 2147 4623 illo,

497 4652 761 4709 habebat
784 4650 1008 4706 omnia.
1037 4650 1241 4720 Ipsum
1264 4650 1421 4704 enim
1448 4648 1709 4702 Verbum
1744 4654 1866 4702 erat
1892 4649 1941 4702 ei
1971 4650 2149 4702 haere-

498 4742 676 4805 ditas,
710 4744 837 4794 erat
864 4738 1307 4804 indumentum,
1355 4742 1412 4790 et
1464 4736 1651 4805 gloria
1682 4754 1818 4791 eum
1851 4738 2148 4805 operiens,

498 4829 701 4899 ipsum
760 4832 886 4883 erat
916 4826 1206 4880 doctrina.
1262 4825 1407 4879 Data
1456 4826 1614 4879 enim
1648 4826 1699 4879 ei
1733 4832 1856 4880 erat
1888 4832 2150 4894 potestas

497 4915 1072 4973 nominandiomnia
1096 4930 1108 4968 :
1129 4914 1243 4969 hoc
1258 4914 1612 4968 nominabat
1630 4914 1873 4981 ccelum,
1901 4914 2043 4967 illud
2062 4931 2153 4969 so-

496 5005 616 5061 lem
643 5021 657 5070 ;
689 5001 1209 5066 hoclunam,illud
1234 5005 1449 5057 terram
1480 5020 1493 5068 ;
1521 5002 1635 5056 hoc
1659 5002 1977 5065 volucrem,
2004 5002 2151 5057 illud

494 5094 781 5157 belluam,
810 5091 953 5146 illud
969 5090 1246 5147 arborem
1282 5107 1295 5156 ;
1328 5090 1881 5153 utedocebatur,ita
1906 5108 2149 5163 quoque

497 5183 747 5239 nomina
776 5180 1091 5236 indiderat.

569 5290 680 5345 VIl.
710 5287 1127 5357 Interrogatio.
1160 5286 1508 5343 Habebatne
1533 5301 1787 5353 sensum,
1821 5294 1873 5343 et
1902 5288 2146 5356 partici-

488 5380 791 5452 pationem
819 5377 1083 5447 Spiritus
1110 5376 1303 5433 sancti
1327 5377 1353 5431 τ

560 5488 902 5563 Responsio.
932 5486 1190 5543 Verbum
1216 5485 1417 5557 ipsum
1467 5484 1519 5540 ei
1551 5483 1889 5549 adhaerens,
1935 5488 2062 5542 erat
2090 5487 2141 5542 ei

560 5626 599 5660 “
640 5624 809 5680 Hebr.
843 5639 921 5687 xx,
960 5626 1044 5690 37,
1079 5621 1168 5677 38.
1248 5623 1294 5657 ²²
1321 5619 1521 5677 Matth.
1553 5633 1730 5683 xxvu,
1755 5621 1822 5673 28
1850 5621 1939 5675 29.

2332 4557 2729 4631 Ἀπόκρισις.
2794 4555 2919 4616 Ἐως
2972 4557 3109 4608 ὃτεό
3162 4559 3331 4625 Λόγος
3370 4562 3461 4607 τοῦ
3512 4563 3645 4609 Θεοῦ
3702 4564 3867 4614 συνῆν

2261 4647 2421 4716 αὐτῷ,
2468 4651 2555 4697 καὶ
2588 4648 2617 4703 ἡ
2653 4645 2847 4710 ἐντολὴ,
2880 4644 2993 4715 εἶχε
3038 4647 3208 4697 πάντα
3244 4664 3253 4675 ·
3301 4645 3451 4704 αὐτὸς
3505 4647 3605 4717 γὰρ
3639 4647 3665 4696 ό
3696 4649 3871 4716 Λόγος

2263 4734 2323 4794 ἦν
2376 4736 2515 4806 αὐτῷ
2567 4736 2904 4807 κληρονομία,
2956 4734 3107 4794 αὐτὸς
3165 4730 3363 4805 ἔνδυμα
3416 4739 3503 4785 καὶ
3560 4731 3692 4796 δόξα
3750 4740 3875 4787 σκέ-

2263 4845 2437 4877 πουσα
2465 4826 2639 4885 αὐτόν,
2674 4825 2829 4883 αὐτὸς
2879 4820 3229 4878 διδασκαλία,
3269 4822 3559 4875 ’Υπετίθετο
3590 4826 3691 4895 γὰρ
3724 4825 3873 4893 αὖτῴ

2263 4916 2477 4966 καλέσαι
2553 4916 2741 4977 πάντα,
2820 4921 2971 4963 τοῦτο
3023 4909 3129 4965 εἷπε
3184 4912 3419 4985 οὐρανόν,
3479 4920 3633 4963 τοῦτο
3696 4912 3867 4981 ἣλιον,

2264 5011 2417 5055 τοῦτο
2474 5003 2708 5069 σελήνην,
2753 5011 2901 5053 τουτο
2933 5010 3053 5072 γῆν,
3101 5008 3253 5052 τοῦτο
3302 5004 3516 5065 πτηνόν,
3570 5008 3725 5051 τοῦτο
3776 5003 3870 5058 θη-

2263 5097 2393 5165 ρίον,
2450 5100 2601 5143 τοῦτο
2654 5087 2889 5164 δένδρον,
2939 5092 3106 5149 καθως
3157 5085 3493 5153 ἐδιδάσκετο,
3556 5088 3720 5150 οὕτως
3777 5094 3871 5140 καὶ

2267 5180 2448 5251 ἔλεγεν,

2335 5288 2404 5340 Ζ’.
2445 5287 2808 5357 Ἐρώτησις.
2854 5287 3175 5342 Αἶσθησιν
3218 5280 3355 5355 εἶχε
3384 5286 3491 5333 xui
3522 5287 3871 5334 κοινωνίαν

2263 5386 2369 5428 τοῦ
2414 5381 2830 5445 Ιινενματος;

2331 5486 2732 5555 Ἀπόκρισις.
2813 5482 2977 5542 Αὐτός
3029 5483 3054 5534 ό
3108 5484 3275 5551 Λόγος
3328 5482 3517 5544 συνὼν,
3575 5480 3747 5531 πάντα
3804 5474 3870 5537 ἦν

2017 5621 2063 5654 ²³
2098 5619 2519 5688 ICor.1v,14;
2557 5633 2638 5685 xx,
2684 5622 2730 5675 1.
2810 5618 2857 5654 ³⁸
2881 5620 3049 5677 Rom.
3080 5631 3203 5683 V111,
3239 5620 3325 5673 l7.
