4148 6262
290 329 395 386 561

1563 322 1908 379 HOMILLE.
1945 352 2013 363 —
2055 322 2233 380 HOM.
2274 323 2394 379 XII.

3577 325 3686 382 562

291 453 459 525 αὐτῷ,
504 455 604 506 εἴτε
641 461 850 525 γνῶσις,
895 456 992 505 εἴτε
1036 451 1372 524 κληρονομία,
1413 450 1510 501 εἴτε
1554 445 1878 501 διδασκαλία

2019 448 2246 516 omnia,
2267 453 2323 503 et
2356 449 2636 519 cognitio,
2661 451 2717 504 et
2735 463 2971 513 sensus,
2992 452 3047 503 et
3074 446 3414 514 haereditas,
3438 454 3493 505 et
3506 449 3679 506 disci-

295 549 395 596 Kui
452 544 689 603 Ἰωάννης
735 548 787 595 τί
838 544 974 614 λέγει
1024 547 1142 614 περὶ
1185 548 1276 593 τοῦ
1320 543 1531 611 Λόγου;
1583 540 1671 590 Ἐν
1728 538 1897 608 ἀρχῇ

296 630 363 705 ᾖν
405 635 431 685 ό
475 638 665 703 Λόγος
693 655 705 666 ’
740 635 863 707 ὁρᾷς
894 634 973 685 ὅτι
1025 632 1049 682 ὁ
1084 636 1253 702 Λόγος
1299 631 1469 681 πάντα
1497 629 1579 686 ἧν.
1616 627 1672 679 Εἰ
1709 624 1766 679 δὲ
1814 637 1903 684 καὶ

288 722 473 784 ἔξωθεν
539 731 698 781 συνῆν
755 722 895 791 αύτῷ
947 718 1096 785 δόξα,
1168 720 1226 771 ού
1285 714 1754 788 σκανδαλιζώμεθα
1820 718 1902 773 ἐπὶ

292 814 482 882 τούτῳ,
542 814 771 884 καὶγὰρ
831 811 965 881 λέγει
1017 812 1097 862 ὅτι
1139 814 1373 881 γυμνοὶ
1433 804 1618 870 ἦσαν,
1674 811 1763 857 καὶ
1809 805 1903 856 οῦκ

295 899 502 953 ἔϐλεπον
554 899 824 965 ἀλλήλους,
886 904 974 951 καὶ
1030 902 1159 970 μετά
1210 902 1268 950 τὸ
1322 895 1632 972 παραϐἧσαι
1680 899 1773 952 τὴν
1832 896 1903 945 ἒν-

293 990 467 1056 τολήν,
515 994 630 1041 τότε
679 986 816 1041 εἶδον
864 990 1051 1049 αύτούς
1098 990 1347 1060 γυμνοὺς,
1393 990 1481 1037 καὶ
1529 986 1900 1058 ᾐσχύνθησαν·

359 1184 441 1239 Η¹.
505 1186 883 1259 Ἐρώτησις.
946 1185 1201 1237 Οὐκοῦν
1268 1186 1387 1256 πρὸ
1453 1185 1682 1233 τούτου
1750 1177 1901 1238 ἦσαν

283 1274 435 1326 ἀντὶ
492 1273 931 1347 περιϐολαίου
972 1270 1405 1344 ἐνδεδυμένοι
1454 1268 1647 1333 δόξαν
1698 1280 1897 1339 Θεοῦς

364 1363 778 1435 Ἀπόκρισις.
836 1363 924 1425 Ὠς
981 1366 1063 1415 ἐπὶ
1115 1371 1212 1414 τῶν
1260 1369 1535 1433 προφητῶν
1596 1363 1799 1434 ἐνήργει
1849 1370 1892 1411 τ’

284 1459 495 1523 Πνεῦμα
537 1456 625 1503 καὶ
669 1448 949 1504 ἐδίδασκεν
996 1452 1199 1513 αὐτοὺς,
1247 1454 1333 1502 καὶ
1376 1451 1564 1501 ἔσωθεν
1596 1449 1763 1500 αὐτῶν
1809 1446 1899 1507 ἧνό

291 1546 381 1593 καὶ
431 1541 609 1603 ἔξωθεν
670 1542 846 1602 αὐτοῖς
905 1545 1284 1613 παρεφαίνετο’
1343 1539 1476 1591 οὕτω
1540 1543 1628 1589 καὶ
1683 1539 1753 1599 εἰς
1815 1543 1895 1605 τὸ,

278 1626 466 1701 Ἀδὰμ
513 1631 595 1681 ὅτε
632 1629 779 1687 ἤθελε
826 1633 883 1681 τὸ
932 1636 1139 1700 Πνεῦμα
1188 1632 1280 1680 σὺν
1330 1627 1468 1697 αύτῷ
1514 1624 1593 1691 ἦν,
1650 1632 1737 1679 καὶ
1788 1624 1897 1679 ἐδίν

281 1715 452 1770 δασκε
491 1723 580 1769 καὶ
620 1721 908 1783 ὑπετίθετο,
955 1718 1169 1777 Οῦτως
1210 1717 1346 1768 εἰπε
1381 1721 1492 1768 καὶ
1530 1716 1689 1786 λέγε.
1723 1720 1897 1768 Πάντα

2017 536 2200 607 plina.
2254 538 2554 602 Quidnam
2610 538 2769 593 enim
2822 538 3084 593 Joannes
3116 538 3308 608 inquit
3338 539 3411 593 de
3447 539 3672 595 Verbo:

2014 626 2085 680 In
2113 627 2409 695 principio
2440 635 2568 683 erat
2606 628 2858 682 Verbum
2885 628 2955 682 ³⁵.
2985 627 3179 692 Vides,
3213 628 3378 699 quod
3414 630 3671 683 Verbum

2013 716 2218 771 omnia
2257 724 2397 771 erat.
2431 717 2599 782 Quod
2628 716 2675 770 si
2707 718 3071 771 extrinsecus
3103 717 3153 770 ei
3181 716 3529 772 adhaerebat
3550 717 3670 785 glo-

2013 804 2120 867 ria,
2158 820 2229 881 ne
2286 805 2666 860 oﬁ‘endamur
2712 810 3047 877 propterea,
3101 805 3245 875 quia
3275 805 3416 860 dicit
3449 824 3460 835 ο
3500 807 3668 873 Quod

2013 893 2414 963 nudi/'uerint
2446 897 2515 959 ³⁸,
2553 910 2659 949 nec
2708 911 2768 948 se
2817 902 3024 949 mutuo
3076 894 3386 958 videbant,
3444 899 3505 949 at
3538 898 3677 965 post

2015 983 2553 1051 transgressionem
2585 982 2879 1049 mandati,
2912 986 3053 1037 tunc
3104 999 3164 1038 se
3194 983 3391 1038 nudos
3420 999 3673 1055 perspe-

2012 1075 2246 1133 xerunt,
2281 1088 2349 1127 ac
2386 1072 2614 1142 pudore
2648 1070 2855 1126 suffusi
2890 1076 3049 1126 sunt.

2086 1177 2220 1231 VIII.
2249 1179 2671 1247 Interrogatio.
2707 1179 2870 1247 Ergo
2901 1184 3079 1234 antea
3127 1184 3299 1233 erant
3347 1179 3471 1235 loco
3502 1178 3677 1233 indu-

2015 1266 2201 1320 menti
2228 1267 2428 1321 induti
2455 1268 2655 1337 gloria
2705 1268 2854 1323 Dei?

2086 1374 2423 1441 Responsio.
2480 1373 3005 1438 Quemadmodum
3032 1373 3091 1427 in
3120 1373 3428 1445 prophetis
3462 1390 3677 1444 opera-

2012 1458 2191 1515 batur
2224 1463 2490 1530 Spiritus,
2521 1468 2575 1516 et
2604 1461 2860 1517 docebat
2889 1478 3010 1527 eos,
3042 1466 3095 1517 et
3127 1462 3281 1517 intra
3308 1478 3409 1517 eos
3441 1467 3588 1527 erat,
3617 1466 3674 1517 et

2010 1553 2177 1604 extra
2198 1566 2299 1605 eos
2330 1551 2682 1621 apparebat,
2714 1552 2795 1605 sic
2814 1567 3058 1621 quoque
3092 1550 3150 1605 in
3185 1550 3399 1615 Adam,
3423 1550 3672 1622 quando

2010 1637 2247 1692 volebat
2271 1640 2541 1708 Spiritus,
2577 1655 2713 1694 cum
2748 1655 2818 1693 eo
2862 1644 3007 1703 erat,
3042 1644 3097 1693 et
3136 1638 3390 1693 docebat
3416 1654 3484 1693 ac
3519 1654 3673 1709 pra:-

2011 1726 2299 1795 cipiebat:
2340 1728 2435 1782 Sic
2464 1729 2727 1790 nomina,
2760 1728 2845 1782 sic
2874 1728 3137 1796 appella.
3186 1728 3436 1782 Verbum
3473 1727 3523 1782 ei
3543 1732 3669 1782 erat

277 1810 380 1879 γὰρ
454 1804 510 1864 ἦν
568 1808 593 1857 ό
662 1812 831 1877 Λόγος
889 1807 1052 1876 αὐτῷ,
1123 1811 1212 1857 καὶ
1280 1807 1367 1865 ἕως
1444 1806 1526 1856 ὅτε
1578 1806 1770 1876 ἐνέμενε
1830 1803 1878 1877 τξ

2008 1817 2235 1880 omnia,
2261 1822 2317 1870 et
2342 1817 2499 1871 intra
2518 1817 2872 1871 mandatum
2898 1816 3283 1881 subsistebat,
3311 1821 3513 1885 gratus
3545 1822 3672 1873 erat

282 1895 481 1966 ἐντολῇ,
540 1895 677 1966 φίλος
748 1892 807 1952 ἧν
869 1902 1023 1948 Θεοῦ.
1087 1900 1188 1946 Καὶ
1246 1899 1297 1945 τί
1356 1896 1681 1964 θαυμαστὸν,
1751 1893 1793 1945 εἰ
1847 1893 1894 1944 ἐν

281 1987 491 2045 τούτοις
536 1988 625 2044 ὤν,
670 1983 869 2058 παρέϐη
925 1989 1013 2041 τὴν
1063 1983 1315 2048 ἑντολήν;
1365 1984 1515 2034 ὁπότε
1561 1986 1648 2033 xui
1701 1984 1749 2034 οἱ
1804 2002 1895 2034 πε-

278 2072 606 2145 πληρωμένοι
658 2076 952 2144 Πνεῦματος
1006 2073 1181 2143 ἁγίου,
1215 2074 1407 2142 ἔχουσι
1458 2074 1581 2132 τοῦς
1639 2076 1892 2141 φυσικοὺς

280 2162 589 2233 λογισμούς,
663 2167 753 2213 καὶ
824 2165 1010 2233 ἔχουσι
1080 2161 1275 2233 θέλημα
1341 2167 1433 2213 τοῦ
1505 2168 1889 2233 συμφωνῆσαι;

272 2254 452 2311 Οὕτως
503 2256 592 2303 καὶ
638 2252 790 2310 αὐτὸς
841 2256 1003 2302 συνὼν
1048 2259 1118 2320 τῷ
1160 2258 1273 2319 Θεῷ
1325 2253 1372 2301 ἓν
1424 2247 1751 2321 παραδείσῳ,
1801 2248 1892 2321 ἀφ-

271 2335 456 2392 ἑαυτοῦ
514 2337 634 2411 ἰδίῳ
692 2340 942 2412 θελήματι
993 2339 1216 2413 παρέϐη,
1277 2344 1364 2391 καὶ
1426 2341 1696 2397 ὑπήκουσε
1747 2343 1889 2413 μέρει

266 2438 477 2501 πονηρῷ
502 2450 514 2463 ·
572 2429 704 2488 πλὴν
755 2433 842 2481 καὶ
870 2434 1000 2502 μετὰ
1043 2434 1131 2487 τὴν
1173 2427 1468 2502 παράϐασιν
1496 2431 1623 2499 ἔσχε
1670 2436 1884 2499 γνῶσιν,

345 2624 425 2677 ϐ’·
465 2626 562 2699 Ἐρ
586 2630 853 2686 ώτησις.
894 2624 1190 2687 Ὀποίαν;

341 2732 746 2805 Ἀπόκρισις.
795 2730 996 2806 Ὠσπερ
1050 2733 1169 2783 ὅταν
1226 2730 1498 2801 συλληφθῇ
1552 2728 1748 2801 λῃστὴς
1816 2726 1889 2789 εἰς

267 2817 635 2894 δικαστήριον,
698 2827 788 2875 καὶ
840 2823 1065 2893 οἶρχεται
1125 2822 1411 2894 κρίνεσθαι,
1472 2819 1605 2889 λέγει
1658 2816 1801 2887 αὐτῷ
1861 2817 1886 2867 ό

265 2911 638 2983 ἄρχων,⁸οτε
700 2910 943 2971 ἐποίεις
1000 2912 1074 2961 τὰ
1113 2911 1296 2974 κακὰ,
1357 2908 1474 2959 οῦκ
1514 2903 1721 2979 ᾔδεις,
1783 2906 1887 2956 ὅτι

269 2998 729 3069 συλληφθῆναι
769 3003 951 3071 ἔχεις
990 3004 1097 3050 καὶ
1138 2997 1484 3050 ἀποθανεῖν
1518 3014 1530 3063 ;
1568 2997 1790 3056 Ἐκεῖνος
1826 2994 1884 3045 ού

267 3086 437 3156 τολμᾷ
459 3088 611 3139 εἰπεῖν
634 3090 714 3140 ὅτι
740 3089 849 3141 Ούκ
872 3086 1020 3161 ᾔδειν
1050 3106 1061 3116 ·
1088 3084 1199 3139 οἶδε
1222 3089 1342 3159 γὰρ,
1367 3091 1455 3138 καὶ
1480 3086 1882 3159 τιμωρούμενος,

2007 1904 2143 1958 Deo.
2180 1908 2245 1959 Et
2287 1922 2431 1961 sane
2463 1906 2609 1976 quid
2643 1907 2881 1971 mirum,
2927 1906 3089 1977 quod
3147 1906 3260 1961 hoc
3287 1906 3346 1959 in
3382 1910 3540 1961 statu
3564 1905 3670 1959 de-

2006 2007 2174 2061 gens,
2206 1999 2621 2063 transgressus
2683 1993 2800 2066 46
2833 1994 2906 2049 sit
2938 1994 3315 2062 mandatum,
3350 2011 3489 2049 cum
3523 2001 3575 2049 et
3601 1994 3663 2061 ii,

2004 2084 2105 2152 qui
2140 2083 2344 2153 repleti
2373 2088 2509 2138 sunt
2562 2084 2782 2154 Spiritu
2833 2089 3063 2148 sancto,
3097 2083 3474 2138 naturalibus
3505 2083 3664 2152 cogi-

2006 2168 2334 2225 tationibus
2366 2172 2642 2241 occupati
2678 2172 2814 2236 sint,
2862 2172 3242 2242 habeantque
3276 2171 3660 2237 voluntatem,

2000 2273 2135 2329 quae
2169 2258 2281 2313 illis
2311 2260 2645 2315 consentiat
2674 2262 2800 2315 :ita
2833 2276 3075 2331 quoque
3117 2259 3244 2328 ipse
3282 2260 3493 2323 Adam,
3524 2275 3662 2314 cum

2000 2353 2155 2401 esset
2186 2365 2322 2402 cum
2354 2350 2470 2403 Deo
2501 2349 2557 2402 in
2588 2348 2891 2419 paradiso,
2921 2348 3047 2418 ipse
3080 2363 3191 2402 sua
3221 2351 3432 2418 sponte
3466 2354 3660 2402 trans-

2000 2450 2238 2505 gressus
2295 2441 2402 2501 est,
2454 2441 2508 2491 et
2560 2436 2996 2507 obtemperavit
3041 2436 3191 2507 parti
3235 2436 3548 2492 deteriori:
3602 2439 3661 2491 at

1997 2530 2132 2594 post
2164 2526 2670 2591 trangressionem
2703 2525 2912 2581 habuit
2942 2525 3365 2595 cognitionem.

2072 2633 2153 2685 IX.
2190 2632 2610 2701 Interrogatio.
2649 2632 2893 2698 Qualem
2918 2630 2945 2685 ‘t

2073 2739 2405 2806 Responsio.
2442 2738 2686 2794 Perinde
2741 2754 2810 2792 ac
2843 2738 2889 2791 si
2934 2738 3183 2810 quando
3243 2738 3396 2793 latro
3450 2737 3659 2809 depre-

1997 2826 2217 2880 hensus
2244 2827 2318 2881 ad
2344 2826 2705 2897 supplicium
2754 2827 3001 2896 rapitur,
3035 2832 3088 2880 et
3122 2827 3386 2881 accusari
3427 2826 3655 2896 incipit,

1991 2916 2175 2984 judex
2197 2918 2247 2969 ei
2270 2915 2445 2969 dicit:
2478 2916 2625 2971 Cum
2685 2916 3074 2970 committeres
3120 2916 3305 2980 mata,
3364 2915 3658 2985 numquid

1996 3004 2393 3075 sciebas,quod
2405 3004 2845 3072 comprehensus
2862 3003 3069 3072 capitis
3080 3018 3170 3073 pce
3178 3019 3250 3058 na
3263 3003 3658 3073 afﬁcipossis?

1999 3091 2095 3146 Ille
2129 3108 2244 3146 non
2281 3092 2704 3147 audetdicere:
2746 3095 2870 3146 Non
2899 3092 3181 3146 sciebam.
3214 3091 3449 3145 Sciebat
3468 3092 3651 3158 enim,

268 3176 440 3227 πάντα
515 3181 838 3248 μνημονεύων
901 3177 1302 3250 ἐξομολογεῖται.
1372 3180 1471 3228 Καὶ
1539 3176 1563 3225 ό
1626 3176 1878 3247 πορνεύων

1998 3186 2053 3235 et
2083 3181 2376 3252 supplicio
2395 3181 2541 3235 dum
2561 3180 2833 3245 afﬁcitur,
2863 3179 3071 3235 omnia
3092 3180 3150 3234 in
3186 3179 3539 3234 memoriam
3568 3195 3655 3235 re-

265 3264 361 3315 οῦκ
388 3261 527 3316 οἶδεν
573 3268 653 3317 ὅτι
696 3276 872 3329 κακῶς
900 3274 1072 3333 ποιεῖ;
1116 3267 1259 3318 καὶὸ
1299 3265 1547 3329 κλέπτων,
1599 3264 1691 3316 ούκ
1737 3262 1882 3319 οἶδεν

265 3354 348 3404 ὅτι
408 3352 727 3426 ἁμαρτάνεις
791 3356 949 3417 οὕτως
1002 3361 1089 3408 καὶ
1138 3357 1257 3407 ἄνευ
1308 3361 1542 3425 Γραφῶν,
1594 3356 1641 3405 oi
1687 3355 1883 3426 οἶνθρω-

268 3460 361 3493 ποι
394 3440 494 3493 ἀπὸ
544 3450 636 3494 τοῦ
671 3452 895 3513 φυσικοῦ
938 3444 1214 3515 λογισμοῦ,
1272 3444 1365 3495 οῦκ
1400 3440 1609 3495 οἴδασιν
1641 3444 1720 3495 ὅτι
1764 3448 1883 3506 Θεὸς

264 3528 439 3595 ἐστινς
476 3531 534 3582 οὐ
587 3528 837 3586 δύνανται
884 3536 931 3585 ἓν
979 3541 1039 3605 τῇ
1094 3536 1265 3607 ἡμέρᾳ
1304 3532 1465 3604 ἐκείνῃ
1517 3533 1695 3596 εἰπεῖν,
1748 3533 1880 3584 Οῦκ

259 3615 538 3690 ᾔδειμεν
578 3622 673 3672 ὅτι
716 3626 879 3682 Θεὸς
918 3618 988 3674 εἶ.
1028 3627 1178 3693 Λέγει
1219 3625 1317 3694 γὰρ
1360 3622 1533 3681 αὐτοῖς
1572 3623 1663 3683 τας
1702 3641 1876 3692 γιγνο-

260 3713 415 3778 μένας
477 3707 530 3759 ἐκ
580 3717 671 3761 τοῦ
720 3715 940 3784 ούρανοῦ
993 3710 1233 3783 βροντὰς,
1292 3717 1380 3762 καὶ
1437 3709 1728 3785 ἀστραπὰς,
1783 3711 1877 3762 οῦκ

264 3793 447 3848 οἴδατε
506 3798 586 3849 ὅτι
648 3797 758 3850 ἐστὶ
806 3803 931 3860 Θεὸς
973 3796 1185 3851 διοικῶν
1244 3804 1337 3857 τὴν
1390 3803 1611 3865 κτίσιν;
1672 3804 1732 3851 Τί
1787 3798 1874 3851 οὖν

257 3886 481 3955 ἔκραζον
523 3888 571 3937 οἱ
618 3884 901 3958 δαίμονες·
939 3890 1011 3939 Σὺ
1069 3884 1125 3939 εἶ
1174 3889 1322 3947 Υἱὸς
1383 3894 1568 3953 Θεοῦ,
1634 3892 1695 3938 τί
1756 3892 1873 3961 πρό

259 3982 494 4046 καιροῦ
536 3971 723 4038 ἦλθες
756 3974 1137 4048 βασανίσαι
1169 3978 1381 4047 ἡμᾶς;
1417 3981 1517 4029 Καὶ
1559 3980 1629 4029 ἔτι
1674 3976 1721 4028 ἐν
1764 3986 1873 4039 τοῖς

258 4068 565 4136 μαρτυρίοις
622 4064 857 4135 λέγουσι,
906 4069 1137 4125 Καίεις
1193 4084 1283 4135 με,
1340 4070 1550 4124 καίεις
1607 4085 1697 4136 με.
1759 4066 1870 4118 Ούκ

259 4148 484 4222 ᾔδεισαν
539 4149 627 4203 οὖν
678 4156 735 4206 τὸ
786 4153 933 4215 ξύλον
986 4164 1080 4216 τῆς
1127 4159 1374 4225 γνίοσεως
1430 4161 1519 4206 τοῦ
1572 4155 1730 4206 καλοῦ
1778 4159 1868 4206 καὶ

256 4248 447 4306 κακοῦ,
492 4242 521 4298 ἡ
564 4242 869 4315 παράϐασις
922 4251 1013 4295 τοῦ
1059 4240 1237 4315 Ἀδὰμ
1284 4247 1378 4301 τὴν
1418 4252 1611 4315 γνῶσιν
1656 4241 1864 4297 ἔδωκεν.

331 4432 365 4487 Ι’
392 4434 651 4497 Ἕκαστος
675 4439 774 4509 γὰρ
804 4438 1033 4510 ἄρχεται
1065 4437 1343 4512 ἐπερωτᾷν,
1386 4440 1454 4499 ὡς
1503 4436 1561 4489 ἐν
1614 4442 1743 4490 τίνι
1794 4434 1864 4496 ἧν

1995 3286 2220 3325 vocans
2254 3270 2583 3325 conﬁtetur.
2636 3274 2777 3324 ltem
2836 3269 2937 3340 qui
2992 3275 3261 3340 stuprum
3314 3267 3649 3333 committit,

1996 3374 2195 3414 nonne
2228 3358 2340 3413 scit
2393 3374 2456 3413 se
2482 3358 2634 3412 male
2690 3373 2867 3425 agere
2897 3358 2925 3413 ?
2954 3362 3009 3412 et
3040 3357 3141 3428 qui
3173 3357 3417 3421 furtum,
3452 3371 3652 3411 nonne

1994 3449 2098 3503 scit
2129 3464 2189 3501 se
2223 3463 2471 3520 peccare
2494 3446 2522 3500 ?
2576 3447 2666 3503 Sic
2721 3447 2898 3501 etiam
2932 3446 3163 3516 absque
3208 3445 3523 3516 Scripturis
3544 3445 3654 3500 ho-

1992 3538 2173 3591 mines
2191 3536 2448 3591 naturali
2462 3536 2684 3591 ratione
2701 3535 2848 3600 sola,
2867 3551 3067 3589 nonne
3081 3540 3447 3605 cognoscunt
3468 3537 3649 3589 Deum

1989 3641 2117 3679 esse
2140 3626 2166 3679 ‘2
2195 3628 2316 3680 Non
2359 3634 2607 3695 possunt
2653 3626 2852 3694 itaque
2883 3625 2942 3679 in
2994 3623 3094 3679 illa
3119 3624 3215 3677 die
3246 3623 3443 3678 dicere
3469 3640 3481 3677 :
3513 3624 3649 3678 Non

1987 3715 2263 3769 scivimus
2292 3716 2474 3769 Deum
2493 3713 2700 3783 fuisse.
2733 3714 2980 3767 Enarrat
3009 3712 3167 3766 enim
3192 3711 3301 3766 illis
3334 3727 3553 3766 emissa
3574 3711 3649 3766 de

1985 3803 2136 3858 caelo
2165 3804 2446 3866 tonitrua,
2480 3808 2533 3857 et
2564 3802 2819 3856 fulmina
2873 3802 3112 3856 nescitis
3139 3817 3270 3856 esse
3310 3803 3517 3865 Deum,
3546 3801 3649 3871 qui

1986 3892 2133 3961 regit
2159 3897 2495 3946 creaturam
2515 3892 2542 3946 ‘t
2566 3890 2720 3955 Quid
2738 3891 2913 3958 igitur
2935 3889 3603 3944 clamabantdeemones
3630 3907 3642 3945 :

1992 3982 2077 4034 Tu
2103 3995 2159 4035 es
2181 3980 2374 4035 Filius
2396 3981 2507 4035 Dei
2529 3998 2548 4034 :
2580 3995 2766 4049 quare
2794 3978 3007 4033 venisti
3023 3978 3104 4033 ad
3125 3977 3516 4033 cruciandum
3540 3992 3645 4033 nos

1983 4074 2121 4125 ante
2135 4073 2363 4135 tempus
2377 4070 2424 4104 ³⁷
2440 4068 2467 4122 ‘i
2486 4072 2732 4138 Insuper
2746 4067 2803 4120 in
2824 4067 3130 4121 tormentis
3144 4080 3385 4136 quoque
3398 4064 3635 4122 dicunt:

1988 4158 2121 4213 Uris
2153 4172 2264 4220 me,
2300 4156 2425 4211 uris
2458 4172 2546 4212 me
2592 4156 2660 4207 ³⁸.
2711 4158 2834 4210 Non
2880 4159 3175 4209 noverant
3206 4153 3382 4222 igitur
3412 4152 3641 4223 lignum

1978 4246 2201 4301 notitia:
2218 4245 2363 4301 boni
2394 4251 2449 4301 et
2477 4244 2643 4309 mali,
2663 4241 3210 4315 transgressioAdae
3240 4240 3639 4312 cognitionem

1979 4335 2163 4389 dedit.

2051 4443 2109 4497 Χ.
2147 4439 2402 4506 Quilibet
2423 4439 2804 4509 enimincipit
2834 4438 3201 4506 interrogare
3227 4454 3239 4488 ε
3272 4436 3345 4490 In
3376 4452 3491 4507 quo
3511 4442 3633 4494 sta-

256 4524 282 4574 6
311 4520 544 4596 Ἀδὰμ,
576 4530 684 4577 καὶ
711 4531 777 4578 τί
810 4528 1080 4599 ἔπραξεν
1116 4545 1129 4593 ;
1165 4526 1330 4589 Αὐτός
1365 4530 1465 4599 γὰρ
1499 4528 1523 4578 ό
1555 4524 1731 4598 Ἀδὰμ
1770 4531 1864 4584 τὴν

2002 4547 2039 4585 ιι
2071 4539 2198 4587 erat
2227 4531 2441 4593 Adam,
2476 4528 2735 4601 quidque
2793 4527 3005 4598 agebat
3030 4527 3057 4580 Ῡ
3081 4527 3211 4597 Ipse
3249 4525 3411 4581 enim
3441 4526 3633 4582 Adam

257 4621 453 4683 γνῶσιν
498 4611 709 4677 ἐδέξατο
743 4616 902 4669 καλοῦ
932 4637 985 4669 τε
1022 4623 1111 4670 καὶ
1150 4625 1334 4668 κακοῦ.
1384 4620 1580 4670 Λοιπὸν
1612 4616 1862 4687 ἀκούομεν

258 4699 315 4752 ἐκ
346 4708 445 4752 τῶν
504 4710 736 4777 Γραφών,
791 4706 872 4757 ὅτι
920 4706 967 4757 ἐν
999 4708 1123 4780 τιμῇ
1174 4712 1262 4758 καὶ
1294 4705 1341 4757 ἐν
1376 4708 1701 4778 καθαρότητι
1737 4702 1796 4763 ἧν
1840 4721 1851 4733 ·

252 4793 346 4841 καὶ
412 4793 650 4865 παραϐὰς
713 4799 804 4852 τὴν
860 4794 1063 4853 ἐντολὴν
1092 4796 1336 4858 ἐξεϐλήθη
1372 4804 1462 4847 τοῦ
1508 4791 1856 4869 παραδείσου,

251 4882 340 4930 καὶ
391 4882 623 4952 ὠργίσθη
658 4882 798 4950 αύτῷ
841 4885 865 4932 ό
907 4888 1060 4944 Θεὸς.
1124 4888 1321 4937 Λοιπὸν
1379 4886 1560 4936 καὶτὰ
1609 4883 1743 4935 καλὰ
1771 4883 1859 4935 αύ-

248 4974 344 5019 τοῦ
427 4969 697 5036 μανθάνει,
758 4975 847 5020 καὶ
927 4975 991 5022 τὰ
1068 4976 1207 5024 κακὰ
1275 4976 1450 5044 μαθὼν
1512 4972 1858 5044 ἀσφαλίζεται

250 5056 456 5119 ἔαυτόν,
529 5054 609 5107 ἵνα
674 5061 860 5127 μηκέτι
922 5058 1230 5131 ἁμαρτήσας
1297 5062 1493 5134 ἐμπέσῃ
1552 5061 1621 5123 εἰς
1693 5069 1857 5135 κρῖμα

1972 4620 2250 4674 notitiam
2274 4623 2587 4689 acceperat
2608 4616 2751 4673 boni
2786 4622 2840 4671 et
2868 4615 3029 4671 mali.
3059 4614 3321 4669 Alterum
3352 4614 3636 4669 audimus

1972 4724 2043 4762 ex
2076 4707 2411 4778 Scripturis,
2440 4707 2605 4779 quod
2630 4707 2687 4761 in
2715 4707 2941 4761 honore
2969 4710 3024 4760 et
3065 4704 3124 4758 in
3177 4704 3433 4775 puritate
3462 4707 3589 4758 erat
3614 4719 3628 4768 ;

1972 4802 2030 4852 at
2061 4813 2197 4851 cum
2223 4800 2630 4867 transgressus
2680 4800 2833 4850 esset
2876 4793 3254 4855 mandatum,
3285 4791 3511 4862 ejectus
3544 4795 3634 4846 est

1970 4885 2277 4956 paradiso,
2309 4888 2366 4939 et
2407 4884 2748 4938 succensuit
2792 4884 2845 4937 ei
2893 4882 3067 4937 Deus.
3098 4881 3363 4937 Tandem
3395 4879 3543 4950 quid
3571 4881 3631 4935 in

1968 4990 2029 5028 se
2058 4974 2283 5028 bonum
2317 4989 2383 5027 ac
2413 4972 2764 5042 praeclarum
2793 4978 2973 5039 esset,
3020 4970 3217 5035 discit,
3251 4985 3321 5024 ac
3376 4968 3628 5025 calami-

1968 5067 2146 5118 tatem
2202 5077 2377 5117 suam
2425 5060 2671 5115 edoctus
2720 5067 2887 5116 cavet
2933 5058 3066 5123 sibi,
3102 5074 3175 5114 ne
3231 5056 3475 5112 ulterius
3498 5073 3629 5129 pec-

1965 5151 2160 5206 cando
2208 5150 2430 5206 incidat
2458 5150 2518 5203 in
2570 5149 2866 5218 judicium
2904 5147 3125 5212 mortis,
3191 5147 3624 5216 Cognoscimus

1963 5240 2137 5308 igitur
2183 5254 2425 5294 omnem
2479 5243 2817 5292 creaturam
2855 5235 2951 5291 Dei
2981 5250 3086 5307 per
3115 5250 3252 5289 eum
3307 5235 3450 5305 regi.
3497 5238 3627 5307 [pse

1962 5329 2120 5384 enim
2176 5328 2312 5383 fecit
2368 5327 2588 5381 coelum
2629 5330 2685 5381 et
2722 5330 2961 5390 terram,
3019 5323 3329 5387 animalia,
3372 5324 3623 5395 reptilia,

1960 5417 2205 5481 belluas,
2228 5431 2381 5487 quas
2405 5415 2698 5482 videmus,
2726 5427 3049 5469 numerum
3078 5427 3215 5466 vero
3245 5412 3620 5480 ignoramus.

1957 5506 2098 5572 Quis
2121 5505 2281 5561 enim
2308 5504 2624 5562 hominum
2658 5503 2845 5571 novit,
2876 5503 3124 5572 excepto
3184 5498 3311 5556 solo
3344 5502 3487 5568 Deo,
3515 5499 3625 5569 qui

253 5146 499 5198 θανάτου.
550 5150 875 5217 Γινώσκομεν
927 5144 1005 5213 δέ,
1040 5151 1119 5200 ὅτι
1156 5155 1305 5201 πᾶσα
1333 5152 1361 5208 ἡ
1398 5156 1572 5212 κτίσις
1599 5159 1689 5203 τοῦ
1720 5158 1853 5203 Θεοῦ

253 5231 323 5286 δι’
372 5234 532 5286 αὐτοῦ
564 5234 928 5306 οἰκονομεῖται.
986 5238 1151 5298 Αῦτὸς
1190 5241 1291 5309 γὰρ
1341 5238 1579 5297 ἐποίησεν
1612 5241 1849 5313 οὐρανὸν,

250 5332 368 5393 γῆν,
430 5326 558 5389 ζῶα,
616 5324 820 5397 ἑρπετὰ,
868 5328 1044 5400 θηρία,
1096 5327 1130 5379 ἃ
1171 5327 1446 5399 βλέπομεν,
1492 5333 1577 5381 τὸν
1625 5326 1682 5381 δὲ
1740 5328 1851 5402 upi-

253 5413 380 5484 θμόν
436 5411 741 5485 ἀγνοοῦμεν.
793 5420 884 5477 Τίς
936 5419 1037 5489 γὰρ
1107 5416 1386 5490 ἀνθρώπων
1442 5415 1600 5489 οἶδεν,
1666 5419 1708 5470 εὶ
1772 5423 1843 5490 μὴ

248 5506 399 5572 μόνον
429 5503 453 5554 ό
506 5505 684 5565 Θεόςό
716 5504 782 5558 ὢν
829 5504 876 5557 ἐν
907 5513 1059 5575 πᾶσι,
1102 5512 1192 5560 καὶ
1236 5514 1340 5568 τοῖς
1386 5506 1631 5584 ἐμϐρύοις
1657 5505 1715 5561 δὲ
1746 5517 1845 5560 τῶν

319 5679 363 5715 ³⁸
393 5680 563 5735 Joan.
598 5698 631 5747 ι,
675 5686 717 5736 1.
799 5685 845 5719 ³⁸
881 5683 1027 5742 Gen.
1066 5702 1144 5748 In,
1178 5690 1266 5741 25.
1348 5688 1393 5723 ³⁷
1427 5684 1626 5742 Matth.
1660 5702 1719 5748 II,
1754 5690 1839 5741 tl.
1916 5685 1963 5721 ³⁸
1990 5684 2186 5745 Matth-
2218 5684 2342 5748 VIII.
2374 5686 2465 5739 29.

799 5685 845 5719 ³⁸
881 5683 1027 5742 Gen.
1066 5702 1144 5751 ιιι,
1178 5690 1266 5741 25.
1348 5688 1393 5723 ³⁷
1427 5684 1626 5742 Matth.
1660 5702 1719 5751 Ii,
1754 5690 1839 5741 11.
