4148 6262
591 283 697 339 563

593 499 759 555 fectis
787 500 814 554 ?
835 503 1039 555 Nonne
1066 499 1192 570 ipse
1248 498 1377 561 scit,
1407 511 1540 566 quae
1570 497 1708 548 sunt
1734 495 1846 546 sub
1878 496 2032 546 terra
2062 493 2116 544 et
2148 503 2241 542 su-

594 604 698 660 per
729 589 911 643 coelos
933 588 960 641 ‘i'

671 697 754 751 XI.
783 695 1014 749 Relictis
1061 695 1239 763 igitur
1266 693 1378 756 his,
1433 690 1631 762 potius
1686 703 2050 759 quaeramus,
2085 683 2243 738 velut

593 784 738 839 boni
789 785 1208 852 negotiatores,
1266 780 1674 836 haereditatem
1719 777 2022 831 cmlestem
2054 773 2244 846 possi-

594 873 753 938 dere,
783 879 836 927 et
866 890 954 933 ea.
985 889 1117 943 quae
1145 872 1488 926 conducunt
1515 868 1732 922 animae
1763 873 2002 920 nostrae.
2045 865 2241 918 Disca-

598 979 730 1016 mus
755 962 1059 1030 possidere
1086 961 1269 1026 bona,
1297 975 1431 1030 quae
1458 964 1591 1011 sunt
1622 955 1936 1010 nobiscum
1967 967 2242 1023 perman-

598 1066 756 1104 sura.
775 1051 945 1114 Quod
969 1051 1012 1103 si
1033 1049 1190 1104 enim
1219 1050 1400 1103 homo
1424 1045 1969 1116 cmperitindagare
1993 1056 2240 1096 sensum

581 1126 715 1200 Dei,
733 1155 802 1192 ac
824 1139 1016 1193 dicere
1043 1155 1055 1191 :
1081 1138 1288 1192 Inveni
1300 1136 1582 1206 quiddam
1598 1150 1668 1190 ac
1683 1131 2120 1201 comprehendi,
2139 1129 2241 1183 de-

595 1226 996 1297 prehendetur
1048 1242 1215 1280 mens
1247 1225 1515 1278 humana
1549 1222 1963 1277 transcendere
1996 1233 2237 1274 sensum

599 1316 718 1370 Dei.
748 1315 963 1369 Verum
990 1315 1048 1369 in
1079 1315 1192 1368 hoc
1237 1313 1413 1381 longe
1446 1312 1698 1380 aberrat,
1755 1316 1808 1365 et
1847 1316 2073 1380 quanto
2109 1307 2244 1377 plus

596 1403 852 1458 volueris
880 1419 984 1473 per
1040 1401 1442 1470 cognitionem
1491 1398 1735 1454 scrutari
1793 1413 1864 1453 ac
1913 1402 2240 1467 penetrare,

597 1495 760 1546 tanto
774 1491 1127 1559 profundius
1140 1489 1475 1553 descendis,
1492 1504 1598 1542 nec
1612 1486 1946 1558 quidquam
1960 1483 2242 1554 percipis.

601 1585 747 1652 ipsae
806 1580 964 1634 enim
1005 1578 1531 1642 considerationes,
1567 1593 1700 1647 quae
1750 1575 1855 1630 tibi
1906 1577 2243 1636 occurrunt,

599 1668 746 1739 quid
765 1668 1018 1739 singulis
1052 1668 1261 1722 diebus
1294 1667 1352 1721 in
1388 1673 1438 1720 te
1465 1670 1802 1736 peragatur,
1830 1669 1886 1717 et.
1916 1661 2245 1733 quomodo,

1883 273 1943 330 S.
1986 271 2286 331 MACARII
2324 268 2630 326 EGYPTII

592 414 681 467 est
704 412 764 466 in
792 410 1095 476 omnibus,
1123 410 1304 467 etiam
1338 407 1396 462 in
1415 405 1633 464 fetibus
1657 401 2007 459 animalium
2027 401 2242 471 imper-
2273 402 2320 455 Α

3867 275 3996 330 564

2356 396 2551 464 ζώων;
2612 396 2756 470 Οὐχὶ
2787 398 2938 460 αὑτὸς
2982 401 3257 456 ἓπίσταται
3295 405 3360 455 τὰ
3407 404 3530 455 ὄντα
3569 402 3834 455 ὑποκάτω
3882 407 3991 460 τῆς

2349 494 2417 556 γῆ
2432 506 2470 553 ς,
2505 490 2592 538 καὶ
2623 485 2791 540 ἐπάνω
2822 497 2921 540 τῶν
2949 493 3196 562 οὑρανὼν.

2423 681 2526 735 ΙΑ’.
2570 682 2947 756 Παραλιποντες
2998 685 3086 737 οὑν
3139 693 3324 753 ταῦτα,
3367 686 3554 757 μᾶλλον
3608 686 3979 756 ζητήσωμεν,

2353 773 2419 830 ὡς
2474 771 2624 824 καλοὶ
2679 775 2912 845 ἔμποροι,
2983 774 3325 847 κληρονομίαν
3379 777 3682 833 κτήσασθαι
3733 775 3981 847 ἐπουρά-

2351 880 2455 910 νιον
2504 866 2593 912 καὶ
2623 863 2686 912 τὰ
2719 867 3046 934 συμφέροντα
3083 871 3195 926 ταῖς
3228 864 3431 935 ψυχαῖς
3477 866 3620 936 ἡμῶν
3656 881 3667 893 ·
3707 863 3978 935 μάθωμεν

2352 953 2653 1006 κτήσασθαι
2696 957 2941 1020 κτήματα
2986 954 3114 1025 ἅπερ
3170 957 3562 1027 συμπαραμένει
3624 955 3776 1024 ἡμῖν.
3841 954 3976 1004 Ἐὰν

2351 1041 2451 1112 γὰρ
2498 1039 2627 1112 ἄρξῃ
2682 1042 2951 1108 ἄνθρωπος
3002 1044 3069 1093 ὢν
3141 1042 3345 1117 ἐρευνᾷν
3407 1047 3494 1094 τὸν
3542 1043 3803 1114 λογισμὸν
3870 1048 3974 1092 τοῦ

2355 1134 2507 1190 Θεοῦ,
2557 1133 2646 1179 καὶ
2674 1129 2856 1200 λέγειν,
2890 1130 3069 1205 εὗρόν
3125 1151 3184 1183 τι
3231 1137 3337 1183 καὶ
3373 1129 3758 1194 κατέλαϐον,
3819 1131 3973 1200 εὑρε-

2356 1217 2573 1272 θήσεται
2613 1219 2638 1268 ό
2678 1217 2990 1290 ἀνθρώπινος
3019 1228 3132 1281 νοῦς
3175 1220 3492 1293 ὑπερϐαίνων
3542 1222 3627 1272 τὸν
3687 1219 3967 1288 λογισμὸν

2353 1311 2443 1354 τοῦ
2469 1313 2622 1360 Θεοῦ.
2675 1307 2753 1360 Ἐν
2791 1311 2958 1360 τούτω
2991 1306 3047 1362 δὲ
3077 1310 3204 1362 πολὺ
3233 1310 3401 1380 πλανᾷ
3433 1328 3444 1339 ’
3481 1314 3567 1361 καὶ
3619 1310 3738 1361 ὅσον
3794 1307 3968 1368 θέλεις

2356 1389 2449 1444 διὰ
2498 1401 2731 1464 γνώσεως
2796 1397 3070 1470 ἐρευνῆσαι
3136 1406 3224 1452 καὶ
3274 1399 3536 1463 εἰσελθεῖν,

2358 1480 2542 1552 βάθος,
2605 1490 2692 1536 καὶ
2761 1483 2910 1539 οὐδὲν
2980 1488 3354 1559 καταμλϐάνεις
3418 1487 3635 1547 -αὑτὰς
3697 1488 3803 1558 γὰρ
3870 1487 3972 1543 τὰς

2358 1569 2651 1642 επισκέψεις
2702 1577 2797 1636 τὰς
2860 1582 3162 1647 γιγνομένας
3223 1596 3325 1639 σοι,
3389 1581 3437 1629 τί
3495 1575 3774 1649 ἐργάζεται
3843 1576 3972 1626 καθ’

2359 1662 2553 1733 ἡμέραν
2611 1662 2658 1714 ἐν
2705 1669 2808 1727 σοὶ,
2855 1671 2942 1718 καὶ
2987 1675 3111 1728 πῶς,
3164 1666 3371 1740 οῖῤῥητά
3420 1664 3550 1728 ἐστι,
3618 1669 3707 1716 καὶ
3768 1663 3979 1715 ἀκατά-

3619 1404 3816 1470 χωρεῐς
3895 1396 3969 1455 εἰς

598 1773 832 1814 arcanee
864 1763 1000 1812 sunt
1029 1763 1082 1812 et
1103 1753 1754 1826 incomprehensibiles,
1790 1753 1902 1807 nisi
1934 1752 2096 1823 quod
2122 1755 2251 1804 tan-

2368 1750 2548 1814 >.ηπτᾶ,
2618 1753 2645 1811 ἢ
2731 1759 2880 1824 μόνον
2936 1753 3188 1817 δέξασθαι
3258 1758 3389 1825 μετα
3457 1755 3801 1827 εὐχαριστίας
3884 1758 3978 1804 καὶ

603 1853 725 1901 tum
751 1847 867 1900 sint
897 1863 1034 1900 cum
1067 1845 1390 1914 gratiarum
1431 1844 1660 1898 actione
1707 1840 2126 1910 suscipiendee,
2164 1844 2252 1893 at-

600 1952 716 2006 que
747 1935 1111 1989 credendum
1173 1935 1262 1988 sit.
1322 1933 1597 1987 Animam
1632 1931 1788 1986 enim
1821 1936 2004 1992 tuam,
2038 1944 2106 1982 ex
2129 1942 2250 1999 quo

601 2031 777 2079 natus
811 2040 873 2078 es
908 2024 983 2078 ad
1009 2024 1169 2078 hunc
1221 2038 1411 2093 usque
1443 2021 1624 2083 diem,
1660 2019 1982 2090 potuistine
2033 2033 2252 2086 cogno-

604 2129 766 2168 scere
793 2112 820 2168 ?
846 2129 1085 2167 recense
1116 2127 1257 2180 ergo
1291 2110 1433 2164 mihi
1464 2126 1498 2165 a
1523 2125 1696 2163 mane
1720 2108 1794 2162 ad
1829 2122 2136 2177 vesperam
2162 2123 2253 2159 us-

602 2220 719 2274 que
750 2203 1134 2257 scaturientes
1165 2202 1221 2254 in
1256 2206 1307 2254 te
1339 2197 1751 2266 cogitationes.
1789 2197 1885 2250 Dic
1918 2196 2056 2250 mihi
2091 2195 2252 2261 cogi-

603 2291 856 2346 tationes
902 2291 1077 2344 trium
1136 2290 1407 2351 dierum;
1443 2292 1501 2341 at
1551 2301 1670 2339 non
1720 2290 1907 2354 potes.
1967 2284 2021 2337 Si
2076 2284 2256 2351 igitur

603 2381 995 2449 cogitationes
1024 2378 1239 2433 animae
1262 2383 1376 2431 tuae
1399 2373 1905 2444 comprehendere
1924 2388 2043 2426 non
2069 2372 2257 2442 potui-

604 2470 697 2534 sti,
728 2469 1115 2537 cogitationes
1152 2465 1250 2521 Dei
1283 2471 1462 2536 atque
1490 2470 1751 2518 mentem
1799 2462 1896 2516 Dei
1951 2461 2258 2532 quomodo

604 2563 772 2628 potes
813 2555 1061 2610 scrutari
1085 2555 1111 2607 ?

683 2662 793 2734 47
823 2662 929 2716 ΧΠ.
959 2663 1175 2715 Verum
1198 2665 1259 2715 tu
1281 2664 1574 2731 quantum
1603 2657 1852 2721 invenis,
1883 2657 1990 2712 ede
2014 2673 2256 2729 panem,

608 2767 677 2806 ac
709 2751 1051 2805 universam
1077 2755 1292 2804 terram
1318 2749 1581 2812 dimitte;
1621 2747 1792 2802 etabi
1822 2749 1898 2801 ad
1926 2749 2118 2816 ripam
2153 2748 2258 2801 Ilu-

606 2840 802 2902 minis,
839 2854 908 2893 ac
962 2838 1100 2892 bibe
1157 2842 1451 2908 quantum
1484 2837 1750 2905 indiges;
1805 2853 1943 2890 mox
1976 2836 2118 2899 redi,
2154 2851 2260 2888 nec

607 2928 857 2998 inquire,
923 2926 1079 2980 unde
1134 2928 1465 2996 permanet,
1547 2933 1648 2980 aut
1725 2925 2034 2994 quomodo
2091 2923 2254 2978 ﬂuat.

607 3019 768 3072 Nava
792 3032 1060 3086 operam,
1081 3022 1136 3070 ut
1159 3021 1400 3068 sanetur
1431 3030 1536 3084 pes
1555 3013 2258 3080 tuus,autmorbusoculi

606 3105 708 3168 tui,
739 3109 801 3158 ut
831 3105 1092 3175 aspicias
1150 3104 1353 3158 lumen
1387 3102 1544 3166 solis,
1583 3118 1690 3156 nec
1729 3104 1959 3157 curiose
1989 3103 2256 3171 indages,

604 3199 897 3266 quantum
930 3192 1170 3247 luminis
1193 3193 1492 3247 contineat
1511 3191 1621 3253 sol,
1648 3197 1748 3245 aut
1772 3192 1828 3245 in
1854 3196 2037 3263 quoto
2061 3207 2261 3245 exsur-

603 3289 705 3356 gat
726 3285 915 3353 signo.
952 3283 1119 3346 Quod
1149 3283 1306 3336 cedit
1338 3282 1395 3334 in
1419 3280 1808 3336 commodum
1833 3287 1997 3335 tuum
2035 3281 2256 3350 accipe.

605 3375 671 3426 Et
719 3371 866 3442 quid
911 3371 1186 3425 ascendis
1221 3376 1440 3432 monte,
1499 3373 1551 3424 et
1591 3369 1940 3437 investiges,
1972 3376 2116 3439 quot
2148 3369 2261 3424 illic

603 3464 927 3530 pascantur
961 3459 1171 3527 onagri
1202 3464 1305 3512 aut
1359 3458 1563 3512 bestiae
1592 3458 1620 3512 ?
1650 3463 1704 3512 et
1736 3457 1968 3527 puellus
2014 3460 2261 3528 quando

609 3548 837 3604 accedit
865 3547 942 3601 ad
976 3547 1164 3601 ubera
1222 3546 1450 3610 matris,
1485 3545 1738 3601 Iactatur
1769 3550 1824 3600 et
1853 3545 2161 3601 enutritur.
2195 3550 2262 3601 At

607 3636 794 3691 nescit
821 3635 1074 3689 scrutari
1104 3635 1369 3689 radicem
1410 3639 1511 3688 aut
1551 3635 1999 3702 scaturiginem,
2028 3635 2148 3689 und
2181 3638 2262 3690 sic

607 3724 816 3780 afﬂuit.
839 3723 1281 3791 Sugitenimlac
1304 3728 1358 3777 et
1378 3724 1681 3791 regionem
1706 3739 1946 3777 omnem
1965 3724 2262 3779 mamilla-

604 3829 740 3869 rum
771 3814 1072 3869 exhaurit:
1108 3818 1163 3867 et
1213 3811 1412 3866 denuo
1462 3811 1578 3866 alia
1635 3811 1780 3866 hora
1829 3811 2087 3882 repletur
2144 3829 2264 3868 ma-

606 3903 792 3967 milla,
817 3903 929 3957 hoc
958 3917 1152 3974 neque
1185 3900 1416 3971 puellus
1443 3901 1628 3964 novit,
1665 3915 1861 3973 neque
1894 3909 2080 3956 mater
2110 3903 2260 3972 ejus,

603 3993 884 4064 quamvis
911 4006 1118 4045 revera
1148 3989 1226 4046 ab
1273 3989 1557 4044 omnibus
1611 3990 1898 4044 membris
1953 3990 2264 4061 proveniat

600 4080 712 4136 lac.
742 4081 796 4136 Si
824 4081 1047 4151 quaeris
1074 4095 1218 4148 ergo
1244 4078 1566 4133 Dominum
1601 4080 1658 4132 in
1679 4079 1996 4148 profundo,
2038 4080 2152 4134 illic
2181 4081 2263 4134 in-

605 4171 770 4224 venis
803 4185 940 4223 eum
973 4169 1145 4237 signa
1186 4167 1519 4223 facientem.
1553 4169 1607 4222 Si
1665 4169 1883 4239 quaeris
1914 4185 2050 4222 eum
2091 4169 2149 4223 in
2185 4169 2266 4223 fo-

609 4272 738 4324 vea,
765 4257 881 4311 illic
923 4257 1153 4311 invenis
1207 4272 1344 4311 eum
1396 4257 1453 4310 in
1485 4256 1680 4310 medio
1712 4257 1970 4310 duorum
2019 4256 2263 4311 leonum

605 4347 674 4409 ³ο,
703 4347 1408 4416 conservantemjustum
1435 4345 1756 4400 Danielem.
1790 4345 1846 4398 Si
1874 4346 2092 4415 quaeris
2125 4361 2261 4398 eum

608 4433 667 4487 in
701 4434 844 4501 igni,
877 4434 991 4488 illic
1022 4435 1247 4488 invenis
1283 4450 1421 4488 eum
1454 4434 1742 4487 auxilium
1774 4432 2055 4486 ferentem
2090 4434 2260 4486 mini-
2297 4473 2342 4526 Β

604 4523 736 4578 stris
754 4524 947 4578 suis”.
968 4524 1252 4594 Siquasris
1268 4539 1404 4577 eum
1431 4523 1489 4576 in
1522 4528 1741 4584 monte,
1760 4522 1874 4574 illic
1891 4523 2111 4590 reperis
2129 4538 2263 4576 eum

601 4628 739 4667 cum
765 4613 954 4667 Eliaet
980 4616 1150 4667 Mose.
1181 4614 1222 4647 ³1
1243 4611 1784 4682 Ubiqueigiturest,
1811 4616 1928 4664 tam
1959 4610 2071 4663 sub
2091 4617 2265 4685 terra,

599 4716 782 4771 quam
820 4718 1001 4772 super
1033 4701 1218 4765 ccelis,
1278 4700 1456 4753 etiam
1489 4698 1653 4768 apud
1693 4714 1823 4762 nos,
1882 4699 2105 4770 ubique
2159 4707 2264 4754 est.

603 4790 693 4845 Sic
749 4805 992 4861 quoque
1047 4790 1251 4844 anima
1307 4802 1494 4858 prope
1554 4792 1605 4840 te
1653 4791 1757 4853 est,
1801 4789 1954 4842 intra
1983 4795 2034 4842 te
2066 4794 2176 4853 est,
2213 4795 2268 4843 et

598 4882 762 4932 extra
797 4883 847 4931 te
878 4884 983 4932 est.
1013 4879 1116 4932 Ubi
1148 4877 1307 4930 enim
1337 4875 1611 4938 volueris,
1646 4877 1704 4929 in
1741 4878 1979 4931 remotis
2008 4878 2264 4947 regioni'

597 4965 730 5029 bus,
765 4966 880 5019 illic
909 4971 998 5020 est
1052 4981 1220 5019 mens
1283 4969 1403 5028 tua,
1463 4964 1586 5018 sive
1638 4963 1697 5018 in
1752 4965 2084 5031 occidente,
2139 4967 2263 5021 sive

601 5054 663 5109 in
699 5054 941 5118 oriente,
975 5053 1096 5107 sive
1119 5053 1177 5106 in
1210 5052 1378 5109 ccelis
1412 5051 1525 5106 illic
1555 5053 1886 5108 invenitur.

678 5249 811 5305 XIII.
847 5248 1204 5304 Studeamus
1234 5247 1411 5317 igitur
1459 5248 1517 5303 in
1576 5249 1783 5319 primis
1833 5251 2164 5305 cauterium
2204 5255 2269 5305 et

602 5339 861 5410 sigillum
885 5336 1114 5394 Domini
1140 5338 1200 5392 in
1233 5337 1408 5392 nobis
1439 5336 1680 5405 habere,
1708 5339 1851 5410 quia
1881 5339 1941 5393 in
1972 5339 2068 5394 die
2095 5338 2224 5409 judi
2249 5369 2264 5381 -

602 5429 694 5498 cii,
725 5429 883 5490 facta
914 5427 1324 5500 segregatione
1382 5425 1482 5484 illa
1539 5442 1576 5482 a
1617 5426 1756 5492 Deo,
1790 5431 1845 5482 et
1870 5427 2250 5497 congregatis

674 5653 721 5687 ”
753 5653 897 5710 Dan.
939 5667 1015 5720 γι,
1047 5653 1134 5709 17.
1212 5653 1254 5686 ³ο
1291 5651 1446 5708 Dan.
1478 5668 1556 5719 III,
1588 5648 1677 5706 28.

1757 5651 1801 5687 ³¹
1834 5649 2035 5709 Matth.
2070 5663 2202 5718 xvn,
2234 5654 2288 5708 3.

2365 1843 2646 1893 πιστεύειν.
2696 1848 2800 1900 Τὴν
2849 1847 2949 1917 γὰρ
3003 1849 3098 1901 σὴν
3134 1844 3314 1916 ψυχὴν
3351 1844 3404 1906 ἐξ
3443 1844 3502 1895 οὑ
3550 1842 3827 1913 ἐγεννήθης
3882 1847 3979 1893 καὶ

2365 1929 2452 1989 ἓως
2490 1932 2632 2003 οἱρτι,
2677 1929 2947 1994 ἠδυνήθης
2999 1938 3300 2006 γνωρίσαι;
3359 1935 3467 1984 ἐπεὶ
3509 1931 3815 2003 ἕπάγγειλόν
3876 1952 3974 2002 μοι

2366 2018 2465 2070 ἀπὸ
2527 2022 2663 2091 πρωί
2713 2025 2802 2072 καὶ
2848 2022 2936 2082 ἕως
2985 2021 3078 2092 ὀψε
3136 2025 3256 2084 τοὺς
3303 2020 3554 2092 βρύοντας
3598 2019 3644 2071 ἐν
3703 2024 3788 2071 σοὶ
3829 2019 3980 2090 λογι-

3866 2107 3979 2160 ἀλλ’

2365 2196 2422 2248 οὑ
2479 2194 2730 2254 δύνασαι.
2780 2199 2838 2252 Εἰ
2886 2198 2973 2251 οὑν
3017 2205 3130 2260 νοῦς
3177 2199 3459 2271 λογισμούς
3509 2206 3601 2260 τῆς
3636 2197 3828 2268 ψὺχῆς
3871 2216 3969 2249 σου

2365 2285 2672 2340 καταλαϐεῖν
2720 2288 2813 2339 οὑκ
2865 2286 3153 2356 ἠδυνήθης,
3198 2293 3319 2349 τοὺς
3369 2289 3656 2359 λογισμοὺς
3699 2294 3792 2339 τοῦ
3847 2291 3982 2340 Θεοῦ

2367 2383 2457 2429 καὶ
2487 2380 2572 2428 τὸν
2603 2384 2718 2429 νοῦν
2751 2385 2858 2438 πῶς
2886 2375 3116 2431 δύνασαι
3150 2380 3312 2450 εὑρεῖν
3345 2395 3358 2443 ;

2367 2112 2550 2178 σμοὺς.
2588 2110 2713 2162 Εἰπέ
2763 2129 2853 2180 μοι
2895 2114 2983 2171 τὰς
3030 2110 3336 2182 ἐνθυμήσεις
3380 2118 3531 2180 τριῶν
3566 2112 3772 2182 ἡμερῶν
3809 2130 3821 2141 ·

2443 2663 2540 2717 IB'.
2577 2662 2732 2716 Ἀλλὰ
2765 2667 2827 2714 σὺ
2882 2664 3001 2715 ὅσον
3045 2665 3296 2737 εὑρίσκεις
3327 2663 3483 2737 ἄρτον
3533 2669 3684 2734 φάγε,
3721 2667 3810 2713 καὶ
3853 2663 3977 2733 ἄφες

2370 2753 2490 2810 ὅλην
2533 2757 2626 2809 τὴν
2674 2760 2771 2821 γῆν
2811 2756 2899 2803 καὶ
2929 2754 3116 2804 οἶπελθε
3164 2753 3229 2812 εἰς
3272 2755 3330 2803 τὸ
3375 2750 3548 2823 χεῖλος
3586 2758 3676 2803 τοῦ
3711 2758 3972 2821 ποταμοῦ,

2371 2848 2457 2893 καὶ
2483 2846 2566 2892 πίε
2605 2842 2724 2892 ὅσον
2754 2845 2939 2913 χρείαν
2967 2844 3129 2912 ἔχεις,
3162 2847 3251 2892 καὶ
3299 2841 3539 2915 πάρελθε,
3575 2844 3662 2890 καὶ
3693 2843 3760 2910 μή
3803 2843 3968 2898 ζητή-

2372 2951 2470 3003 σης
2508 2931 2660 2982 πόθεν
2713 2932 2942 3000 ἔρχεται,
2972 2931 3001 2988 ἣ
3043 2939 3152 2990 πῶς
3180 2930 3282 3003 ῥέει
3359 2926 3662 2981 Σπούδασον
3717 2929 3966 2994 θεραπευ-

2374 3023 2524 3078 θῆναι
2553 3023 2638 3071 τὸν
2655 3015 2816 3084 πόδα,
2849 3022 2879 3077 ἥ
2908 3022 2991 3070 τὸν
3011 3024 3162 3070 πόνον
3191 3027 3280 3070 τοῦ
3309 3017 3573 3090 ὀφθαλμοῦ
3603 3035 3718 3085 σου,
3742 3019 3824 3067 ἶνα
3838 3012 3966 3087 ἴδῃς

2302 3112 2340 3165 C
2371 3114 2428 3162 τό
2461 3118 2563 3181 φῶς
2602 3116 2692 3160 τοῦ
2741 3108 2910 3166 ἡλίου.
2945 3112 3029 3166 Μὴ
3062 3108 3308 3180 ζητήσης
3348 3103 3406 3159 δὲ
3450 3110 3610 3158 πόσον
3656 3109 3766 3177 ἔχει
3807 3113 3910 3177 φῶς
3942 3106 3967 3155 ό

2373 3199 2516 3260 ἣλιος
2595 3204 2756 3250 πόσον
2843 3196 3100 3250 ἀνατέλλει
3155 3198 3312 3258 ζῶον,

2373 3289 2441 3350 εἰς
2468 3297 2689 3360 χρῆσιν,
2715 3286 2852 3341 λάϐε.
2880 3288 2983 3340 Καὶ
3006 3291 3056 3338 τί
3084 3285 3290 3359 ἀπέρχῃ
3323 3284 3394 3345 εἰς
3421 3287 3538 3355 ὅρη,
3571 3288 3660 3334 καὶ
3685 3284 3850 3343 ζητεῖς
3875 3287 3968 3333 πό-

2375 3398 2458 3430 σοι
2489 3377 2590 3429 ἐκεῖ
2614 3381 2852 3448 νέμονται
2882 3380 3094 3449 ὅναγροι
3127 3377 3155 3433 ἧ
3192 3377 3352 3446 θηρία
3385 3390 3398 3440 ;
3427 3379 3516 3424 καὶ
3555 3377 3612 3424 τὸ
3644 3370 3852 3424 παιδίον
3883 3374 3963 3423 ὅτε

3385 3195 3454 3248 ’⁷0
3518 3201 3819 3267 προσχωρεῐ
3881 3213 3966 3244 σοι

2372 3471 2720 3541 προσέρχετοι
2759 3475 2829 3537 τῷ
2870 3466 3020 3536 μαζῷ
3049 3472 3138 3524 τῆς
3185 3467 3406 3535 μητρός,
3450 3461 3699 3533 λαμϐάνει
3736 3464 3792 3512 τὸ
3835 3460 3963 3531 γάλα

2373 3561 2462 3607 καὶ
2500 3561 2752 3626 τρέφεται.
2807 3554 2916 3606 Οὐκ
2961 3549 3100 3605 οἶδεν
3142 3549 3201 3604 δὲ
3249 3556 3453 3623 ὲρευνᾲν
3499 3554 3592 3608 τὴν
3630 3550 3780 3624 ῥίζαν
3811 3550 3839 3607 ἡ
3870 3554 3961 3606 τὴν

2373 3649 2547 3714 πηγὴν
2605 3646 2755 3694 πόθεν
2803 3643 2961 3700 οὑτως
3014 3641 3233 3715 ἐπιρρέει
3265 3659 3276 3670 ·
3316 3639 3528 3700 θηλάζει
3563 3642 3663 3712 γὰρ
3708 3642 3764 3690 τό
3811 3638 3958 3708 γάλα,

2373 3739 2462 3785 καὶ
2509 3736 2591 3783 τόν
2641 3732 2756 3802 ὀρόν
2805 3731 2917 3782 ὅλον
2969 3729 3209 3782 ἀποκενοί
3239 3747 3250 3759 ·
3307 3733 3397 3783 καὶ
3442 3728 3595 3781 πάλιν
3635 3727 3788 3785 ἄλλην
3827 3728 3961 3798 ὤραν

2373 3829 2656 3893 μεστοῦται
2699 3821 2723 3871 ό
2755 3820 2919 3892 μαζός
2953 3839 2964 3851 ·
3008 3827 3160 3871 τοῦτο
3209 3823 3324 3872 οὔτε
3363 3822 3417 3870 τὸ
3448 3815 3662 3870 παιδίον
3693 3813 3845 3882 οἶδεν,
3879 3819 3961 3867 οῦ-

2374 3931 2426 3964 τε
2457 3913 2484 3969 ἠ
2529 3916 2700 3982 μήτηρ
2750 3911 2930 3973 αὑτοῦ,
2988 3909 3030 3961 εἰ
3059 3911 3240 3960 καὶτὰ
3285 3908 3514 3980 μάλιστα
3564 3906 3663 3958 ἀπὸ
3704 3906 3824 3958 ὅλων
3861 3913 3960 3957 τῶν

2374 4002 2534 4074 μελῶν
2568 4009 2662 4062 τῆς
2690 4003 2884 4072 μητρὸς
2934 3998 3205 4071 ἐξέρχεται
3255 4001 3312 4049 τὸ
3349 3997 3504 4067 γάλα.
3548 3996 3612 4050 Εἰ
3663 3999 3830 4058 ζητεῖς
3875 3990 3958 4045 οὖν

2375 4095 2459 4142 τὸν
2508 4093 2692 4162 Κύριον
2725 4089 2792 4150 εἰς
2835 4088 3016 4160 βάθος,
3076 4094 3180 4139 εκεῖ
3220 4088 3478 4158 εὑρίσκεῖς
3525 4088 3678 4136 αὑτὸν
3727 4090 3961 4135 ποιοῦντα

2379 4187 2587 4251 σημεῖα.
2640 4180 2698 4232 Εἰ
2752 4179 2925 4239 ζητεῖς
2980 4177 3134 4229 αὑτὸν
3187 4175 3235 4227 ἐν
3291 4174 3486 4246 λάκκῳ,
3556 4174 3660 4226 ἐκεῖ
3719 4174 3960 4244 εὑρίσκεις

2376 4269 2530 4319 eam
2571 4267 2619 4319 ἓν
2667 4271 2808 4338 μέσῳ
2837 4263 2933 4317 δύο
2998 4266 3207 4317 λεόντων
3254 4264 3588 4336 φυλάσσοντα
3639 4265 3724 4313 τὸν
3765 4258 3960 4312 δίκαιον

2379 4356 2586 4413 Δανιὴλ.
2638 4356 2696 4407 Εἰ
2750 4356 2922 4417 ζητεῖς
2973 4355 3126 4406 αὑτὸν
3169 4354 3238 4413 εἰς
3273 4361 3397 4425 πῦρ,
3445 4355 3550 4404 ἐκεῖ
3584 4354 3831 4422 εὑρίσκεις
3865 4349 3963 4400 αὑ-

2378 4449 2462 4496 τὸν
2503 4441 2796 4516 βοηθοῦντα
2828 4450 2934 4504 τοῖς
2978 4440 3194 4503 δαυλοις
3226 4443 3405 4495 αὑτοῦ.
3442 4442 3500 4494 Εἰ
3532 4442 3705 4501 ζητεῖς
3736 4438 3877 4489 αὑτὸν
3912 4441 3959 4488 ἐν

2379 4539 2504 4606 diost,
2544 4537 2646 4586 ἐκεῖ
2700 4534 2958 4604 εὑρίσκεις
3026 4531 3179 4582 αὑτὸν
3238 4533 3367 4601 μετὰ
3415 4537 3504 4581 τοῦ
3545 4528 3698 4581 Ἠλία
3730 4532 3959 4578 καὶΜω-

2381 4628 2521 4684 σέως.
2585 4628 2866 4692 Πανταχοῦ
2924 4618 3010 4672 οὖν
3072 4624 3205 4682 ἑστι,
3263 4624 3351 4670 καὶ
3408 4620 3650 4670 ὑποκάτω
3709 4626 3790 4676 τῆς
3838 4623 3957 4685 γῆς,

2378 4718 2467 4764 καὶ
2529 4713 2762 4784 ὑπεράνω
2801 4718 2898 4761 τῶν
2955 4710 3200 4781 οὐρανῶν,
3263 4711 3360 4760 εἶτε
3403 4706 3450 4758 ἐν
3503 4709 3648 4778 ἡμῖν,
3691 4712 3953 4774 πανταχοῦ

2378 4807 2538 4856 ἐστιν.
2575 4808 2753 4860 Οῦτως
2793 4804 2880 4851 καὶ
2929 4801 2955 4856 ἡ
3000 4799 3153 4869 ψυχὴ
3207 4797 3356 4868 ἐγγύς
3401 4801 3494 4849 σοὺ
3527 4800 3661 4860 ἐστι,
3713 4799 3791 4846 καὶ
3838 4797 3960 4845 ἔσω.

2380 4895 2458 4944 θέν
2506 4893 2598 4942 σού
2633 4889 2764 4953 ἐστι,
2810 4893 2898 4939 καὶ
2954 4887 3131 4948 ἔξωθέν
3183 4891 3276 4938 σοὺ
3318 4884 3473 4939 ἔστιν.
3520 4884 3688 4937 Ὅπου
3739 4885 3830 4956 γὰρ
3874 4885 3954 4933 θέ-

2375 4980 2494 5043 λεις,
2553 4979 2622 5040 εἰς
2669 4981 2872 5048 μακρὰς
2920 4973 3201 5050 πατρίδας,
3263 4974 3366 5027 ἐκεῖ
3431 4973 3571 5026 ἐστιν
3611 4975 3635 5025 ό
3686 4981 3792 5032 νοῦς
3842 4990 3953 5034 σου,

2378 5072 2475 5120 εἴτε
2523 5066 2605 5119 ἐπὶ
2660 5064 2887 5137 δυσμὰς,
2960 5069 3058 5117 εἴτε
3122 5065 3205 5116 ἐπὶ
3268 5064 3537 5128 ἀνατολὰς,
3597 5065 3696 5115 εἶτε
3743 5062 3808 5122 εἰς
3843 5065 3957 5121 τοὺς

2377 5158 2620 5230 οὐρανοὺς
2651 5157 2751 5207 ἐκεί
2784 5157 3100 5227 εὑρίσκεται.

2449 5245 2546 5298 II".
2600 5249 2918 5316 Ζητήσωμεν
2978 5240 3063 5295 οὖν
3124 5245 3522 5314 προηγουμένως
3580 5244 3666 5292 τὸν
3732 5239 3956 5307 καυτῆρα

2376 5344 2467 5387 τοῦ
2498 5337 2691 5406 Κὺρίου
2727 5339 2814 5385 καὶ
2845 5337 2935 5391 τὴν
2979 5329 3250 5406 σφραγίὸα
3279 5334 3325 5384 ἐν
3359 5331 3557 5392 ἑαυτοῖς
3587 5333 3726 5402 ἔχειν
3758 5345 3771 5358 ⁸
3809 5328 3882 5378 ὅτι
3911 5325 3955 5377 ἓν

2377 5434 2448 5497 τῷ
2472 5433 2638 5498 καιρῷ
2677 5432 2772 5487 τῆς
2800 5427 3034 5493 κρίσεως,
3089 5425 3362 5496 γινομένης
3412 5429 3508 5484 τῆς
3559 5422 3832 5490 ἁποτομίας
3871 5425 3956 5470 τοῦ
