4148 6262
26 1644 55 1670 κ)

24 1732 61 1761 ΓΞ

40 1824 63 1849 Β

38 1915 63 1937 11

259 296 379 351 565
1525 291 1869 349 HOMILLE.
1905 321 1978 333 —
2021 292 2195 351 HOM.
2236 295 2356 351 XII.
3524 304 3632 361 568

260 425 426 484 Θεοῦ,
483 423 571 471 καὶ
648 422 1005 491 συναγομένων
1053 417 1179 471 ὅλων
1241 425 1341 470 τῶν
1410 416 1576 490 φυλῶν
1625 425 1721 479 τῆς
1772 424 1836 488 γῆ

1982 418 2265 475 omnibus
2323 420 2595 478 tribubus
2648 427 2817 480 terrae
2870 426 3161 484 universas
3199 428 3361 494 Adae,
3382 428 3628 501 quando

254 508 386 561 ὅλου
436 515 527 561 τοῦ
606 505 799 581 Ἀδὰμ,
845 510 966 561 ὅταν
1020 508 1213 580 κάλέση
1274 509 1298 558 6
1346 512 1541 580 ποιμὴν
1576 511 1669 564 τὴν
1729 502 1843 557 ἰδία

1984 508 2211 563 vocabit
2259 515 2461 580 pastor
2508 529 2683 567 suum
2734 530 2998 585 gregem,
3039 518 3383 589 quicunque
3434 523 3629 574 caute-

250 602 507 669 ποίμνην,
577 599 689 649 ἔσοι
743 599 937 668 ὅχουσι
991 600 1077 649 τὸν
1146 605 1404 671 καυτῆρα,
1460 594 1843 665 ἕπιγινώσκουσ

1976 595 2128 649 rium
2180 597 2521 668 habuerint,
2569 609 2934 669 cognoscent
2968 612 3270 675 pastorem
3314 623 3510 669 suum,
3572 611 3627 662 et

1976 692 2179 754 pastor
2208 687 2724 757 sigilloinsignitos
2741 700 3044 763 agnoscet,
3072 694 3530 765 etcongregabit
3554 711 3625 750 ex

1974 775 2256 829 omnibus
2290 778 2585 845 gentibus.
2623 783 2837 837 Vocem
2872 784 3027 838 enim
3057 784 3185 854 ejus
3216 784 3488 848 audiunt,
3522 784 3625 855 qui

1973 868 2110 917 sunt
2136 865 2247 919 sui.
2290 871 2345 920 et
2385 873 2717 939 sequuntur
2756 886 2913 926 eum.
2952 873 3014 927 In
3056 873 3203 927 duas
3225 873 3381 928 enim
3426 877 3625 943 partes

1971 952 2233 1007 mundus
2275 954 2578 1010 dividitur.
2621 962 2673 1012 et
2713 965 2799 1013 est
2838 976 2987 1015 unus
3046 976 3187 1029 grex
3249 961 3621 1027 tenebrosus,

1970 1041 2347 1109 quidiscedet
2365 1044 2421 1099 in
2438 1045 2635 1114 ignem
2652 1047 3197 1119 inexstinguibilem
3225 1056 3619 1117 etaaternum;

1970 1129 2112 1183 alter
2171 1148 2307 1187 vero
2373 1133 2586 1205 plenus
2631 1136 2885 1202 lumine,
2933 1140 3035 1209 qui
3091 1140 3162 1194 ad
3209 1139 3621 1195 haereditatem

1971 1218 2269 1275 caalestem
2290 1220 2799 1280 deduceturJllud
2828 1228 3024 1295 igitur,
3056 1229 3219 1299 quod
3249 1245 3407 1283 nunc
3434 1229 3622 1298 possi-

1969 1307 2183 1363 demus
2222 1310 2280 1363 in
2323 1313 2561 1378 animis,
2606 1314 2748 1369 illud
2793 1316 2992 1384 ipsum
3034 1316 3363 1387 splendebit
3402 1323 3459 1372 et
3496 1332 3620 1373 ma-

1970 1396 2367 1465 nifestabitur,
2391 1405 2446 1455 et
2475 1418 2723 1473 corpora
2750 1403 2996 1458 induent
3014 1404 3293 1473 gloriam.

2040 1487 2171 1541 XIV.
2233 1488 2478 1545 Perinde
2527 1507 2597 1545 ac
2648 1497 2913 1563 tempore
2972 1494 3193 1549 mensis
3256 1494 3469 1566 Aprilis
3530 1510 3621 1550 ra-

233 1574 391 1648 ῥίζαι
443 1581 777 1648 κεχωσμέναι
834 1576 881 1627 ἓν
942 1584 1003 1647 τῇ
1050 1584 1142 1649 γῇ,
1209 1579 1335 1636 τοὺς
1393 1572 1563 1637 ἰδίους
1609 1578 1843 1649 καρποὺς,

1969 1573 2133 1628 dices
2167 1580 2318 1631 terra
2344 1583 2661 1649 cOOpertas,
2699 1596 2839 1634 suos
2870 1580 3115 1647 fructus,
3152 1597 3414 1654 suosque
3438 1581 3617 1637 ﬂores

232 1669 332 1715 xui
365 1666 429 1715 τὰ
465 1661 580 1716 ἴδια
629 1667 757 1723 ἄνθη
792 1670 880 1717 καὶ
910 1664 1068 1722 κάλλη
1104 1663 1543 1727 ἐκϐλαστάνουσι,
1604 1669 1691 1716 καὶ
1732 1683 1843 1737 καρι

1970 1679 2037 1717 ac
2066 1663 2321 1719 lautitias
2352 1668 2704 1737 producunt,
2737 1669 3116 1742 fructumque
3148 1670 3361 1741 ferunt,
3397 1687 3467 1726 ac
3496 1687 3620 1726 ma-

234 1762 557 1827 ποφοροῦσι,
604 1760 692 1805 καὶ
748 1761 1083 1829 φανεροῦνται
1144 1755 1197 1805 αἱ
1246 1752 1400 1804 καλαὶ
1437 1754 1605 1827 ῥίζαι,
1664 1760 1752 1805 καὶ
1802 1774 1843 1804 ut

1970 1752 2322 1809 nifestantur
2380 1755 2652 1812 fecundas
2711 1759 2964 1828 radices,
3002 1760 3081 1814 uti
3140 1765 3195 1815 et
3242 1776 3377 1830 quae
3410 1759 3619 1830 spinas

1966 1845 2181 1912 ferunt,
2213 1846 2535 1917 pateﬁunt:
2573 1847 2653 1901 sic
2679 1846 2736 1900 in
2779 1847 2877 1903 illa
2911 1848 3026 1911 die,
3067 1848 3317 1919 quilibet
3351 1864 3461 1903 suo
3492 1864 3616 1903 cor-

1964 1951 2127 2006 pore,
2160 1934 2305 2006 quid
2361 1935 2564 2004 egerit,
2604 1936 2938 2006 patefaciet,
2990 1941 3045 1991 et
3072 1936 3616 1992 manifestabuntur

1964 2024 2125 2079 mala
2151 2030 2206 2079 et
2232 2024 2411 2079 bona.
2445 2023 2564 2078 Illic
2596 2024 2751 2079 enim
2777 2026 2884 2079 erit
2921 2025 3254 2080 universale
3289 2025 3611 2095 judicium,

1958 2118 2014 2169 et
2062 2112 2389 2167 retributio.
2413 2116 2507 2167 Est
2554 2112 2713 2167 enim
2773 2113 2925 2167 alius
2979 2114 3146 2169 cibus
3194 2118 3409 2184 printer
3448 2121 3610 2169 eum‘

1957 2203 2059 2274 qui
2090 2202 2336 2257 videtur.
2368 2204 2551 2256 Moses
2585 2202 2741 2255 enim
2766 2218 2903 2257 cum
2932 2202 3283 2258 ascenderet
3322 2208 3613 2265 montem,

1957 2291 2359 2363 quadraginta
2399 2289 2523 2345 dies
2569 2290 2882 2360 jejunavit.
2931 2290 3214 2346 Ascendit
3258 2292 3464 2355 homo,
3505 2291 3611 2345 de-

1958 2380 2187 2435 scendit
2218 2379 2449 2434 habens
2474 2379 2680 2434 Deum.
2719 2382 2782 2433 Et
2812 2395 2969 2445 ecce,
3006 2380 3285 2435 videmus
3317 2380 3377 2434 in
3408 2379 3608 2445 nobis,

1956 2469 2121 2541 quod
2163 2484 2605 2541 perpaucorum
2643 2468 2875 2523 dierum
2928 2468 3147 2541 spatio,
3193 2469 3306 2523 nisi
3355 2484 3612 2540 corpora

1956 2558 2369 2614 suﬂ'ulciantur
2412 2558 2581 2625 cibis,
2624 2558 2756 2628 ipsa
2796 2564 3061 2628 pereant,
3103 2558 3232 2628 ipse
3269 2574 3409 2613 vero
3453 2574 3602 2629 qua-

1953 2646 2229 2716 draginta
2250 2647 2374 2701 dies
2401 2662 2538 2701 cum
2561 2646 2803 2717 jejunus
2834 2646 3056 2711 fuisset,
3082 2645 3285 2701 fortior
3316 2646 3604 2702 omnibus

1952 2735 2278 2790 descendit.
2332 2734 2615 2789 Alebalur
2657 2736 2814 2789 enim
2861 2751 2895 2789 a
2938 2738 3076 2799 Deo,
3121 2737 3179 2788 et
3222 2750 3442 2804 corpus
3480 2738 3610 2803 ejus

1952 2824 2397 2880 sustentabatur
2427 2824 2541 2878 alio
2581 2824 2714 2878 cibo
2760 2824 2999 2878 cmlesti.
3050 2825 3255 2879 Sermo
3299 2824 3457 2877 enim
3509 2823 3609 2877 Dei

1952 2914 2120 2969 cibus
2157 2914 2207 2968 ei
2244 2919 2389 2981 erat,
2421 2919 2474 2967 et
2515 2912 2777 2967 habebat
2817 2912 3067 2980 gloriam
3111 2914 3166 2965 in
3212 2912 3378 2967 facie.
3416 2911 3604 2967 Omne

234 3004 398 3069 τροφὴ
437 3001 577 3069 αὐτῷ
619 3003 867 3071 ἐγίγνετο,
924 3005 1012 3051 καὶ
1064 2996 1177 3071 εἶχε
1238 2997 1399 3063 δόξαν
1458 3006 1529 3061 είς
1575 3005 1631 3052 τὸ
1678 3007 1840 3074 πρόσο

1960 3003 2115 3076 ίιυοά
2146 3001 2346 3065 ﬁebat,
2378 3006 2557 3072 typus
2579 3006 2705 3054 erat
2735 3001 2974 3055 alterius
3002 3001 3101 3054 rei.
3122 3000 3400 3055 lllaenim
3416 3000 3607 3068 gloria

237 3105 376 3137 ωπον
408 3103 420 3115 ⁸
454 3090 511 3137 τὸ
540 3093 822 3160 γενόμενον,
856 3092 1015 3149 τύπος
1054 3086 1115 3147 ἧν
1146 3107 1158 3119 ⁸
1202 3088 1365 3148 ἐκείνη
1392 3094 1489 3163 ’γὰρ
1522 3092 1550 3148 ἡ
1588 3086 1719 3153 δόξα
1753 3100 1839 3146 νῦν

1960 3091 2315 3147 nonintusin
2347 3089 2629 3145 cordibus
2663 3089 3352 3159 Christianorumfulget.
3391 3091 3604 3143 Resur-

1948 3182 2148 3250 gentia
2186 3181 2343 3235 enim
2385 3194 2638 3250 corpora
2672 3179 2731 3232 in
2774 3178 3220 3242 resurrectione,
3273 3177 3389 3232 alio
3432 3178 3605 3233 vesti-

1948 3274 2149 3325 mento
2180 3268 2381 3323 divino
2402 3267 2767 3340 operientur,
2796 3282 2864 3321 ac
2892 3268 3027 3321 cibo
3070 3265 3293 3321 celmsti
3336 3266 3603 3321 nutrien-

233 3347 489 3423 ἐνδύματι
551 3354 701 3423 θεῐκῷ
754 3356 1120 3420 σκεπάζονται,
1174 3362 1264 3409 καὶ
1308 3355 1507 3430 βρώσει
1552 3356 1837 3429 ἐπουρανίῳ
1947 3364 2060 3415 tur.

232 3445 526 3513 τρέφονται.

250 690 348 737 τὸν
400 684 537 739 ἴδιον
589 690 827 757 ποιμένα,
878 690 966 737 καὶ
1010 687 1035 737 6
1079 690 1273 756 ποιμὴν
1338 688 1459 745 τοὺς
1514 687 1731 755 ἔχοντας
1772 688 1864 741 τὴν

252 771 406 826 ἰδίαν
458 772 728 848 σφραγῖδα
770 776 1035 849 γνωρίζει,
1076 782 1166 826 καὶ
1196 774 1497 845 ἐπισυνάγει
1529 772 1628 824 ἀπὸ
1660 774 1863 824 πάντων

246 872 358 915 τῶν
400 862 571 915 ἐθνῶν.
603 872 709 926 Τῆς
749 871 920 935 φωνῆς
944 866 1045 936 ’γὰρ
1101 864 1262 915 αὐτοῦ
1315 862 1596 914 ἀκούουσιν
1628 864 1676 913 οἱ
1705 858 1859 924 ἴδιοι,

245 957 346 1003 καὶ
374 954 667 1024 ὑπάγουσιν
699 952 868 1004 ὀπίσω
895 953 1075 1005 αὑτοῦ.
1120 952 1205 1013 Εἰς
1247 948 1343 1004 δύο
1386 954 1486 1023 γὰρ
1544 954 1671 1021 μέρη
1711 951 1863 1001 ἱστα-

246 1060 342 1091 ται
397 1043 421 1092 6
470 1047 681 1113 κόσμος,
738 1047 825 1093 καὶ
885 1046 1120 1113 γίγνεται
1156 1046 1254 1112 μία
1305 1046 1497 1112 ποίμνη
1534 1043 1793 1101 σκοτεινὴ,
1827 1040 1855 1095 ὴ

242 1138 514 1203 χωροῦσα
544 1131 614 1192 εἰς
660 1138 763 1202 πῦρ
810 1130 1038 1181 αἰώνιον.
1102 1135 1201 1182 Καὶ
1258 1134 1356 1201 μία
1414 1128 1613 1201 πλήρης
1669 1130 1854 1199 φωτὸς,

242 1219 278 1275 ἡ
317 1222 447 1292 πρὸς
485 1224 572 1276 τὴν
632 1219 869 1291 οὐράνιον
928 1219 1074 1281 λῆξιν
1134 1218 1460 1290 ἀναγομένη·
1538 1217 1663 1268 αῦτό
1716 1211 1858 1267 οὖνὸ

239 1314 337 1358 νῦν
384 1311 623 1380 κτώμεθα
692 1307 740 1359 ἓν
797 1316 911 1369 ταῖς
975 1307 1202 1379 ψυχαῖς,
1276 1308 1402 1359 αὐτὸ
1456 1306 1612 1358 έκεῖνο
1668 1305 1860 1377 λάμπει

240 1401 339 1448 καὶ
368 1405 693 1472 φανεροῦται,
726 1404 814 1450 καὶ
846 1400 911 1450 τὰ
942 1402 1159 1469 σώματα
1192 1393 1360 1449 ἑνδύει
1392 1392 1571 1458 δόξαν.

318 1485 415 1541 ΙΔ’.
459 1486 657 1558 Ὠσπερ
700 1486 746 1538 ἐν
804 1494 876 1558 τῷ
932 1495 1097 1561 καιρῷ
1155 1493 1247 1537 τοῦ
1300 1488 1553 1539 Ξανθικοῦ
1606 1488 1767 1558 μηνὸς
1806 1487 1860 1536 αἱ

234 1844 339 1901 τὰς
381 1841 604 1903 ἀκάνθας
631 1846 857 1915 ἔχουσαι
902 1847 1113 1918 φανεραὶ
1156 1847 1385 1913 γίνονται
1416 1842 1578 1903 οὕτως
1609 1841 1681 1894 ἐνὶ
1712 1847 1851 1915 κείνῃ

237 1939 307 2004 τῇ
360 1934 531 2006 ἡμέρᾳ
592 1932 807 1992 ἕκαστος
881 1928 974 1983 διὰ
1030 1938 1122 1982 τοῦ
1195 1928 1333 1983 ἰδίου
1378 1932 1664 2002 σώματος,
1723 1930 1850 2004 ἅπερ

232 2019 480 2091 ἔπραξεν,
538 2020 825 2091 ἐμφανίζει,
870 2026 958 2071 καὶ
1019 2026 1325 2093 φανεροῦται
1366 2022 1428 2071 τά
1473 2039 1525 2071 τε
1577 2019 1711 2070 καλά
1760 2024 1850 2071 καὶ

233 2110 305 2159 τά
330 2109 486 2159 κακά.
532 2110 667 2162 Ἐκεῖ
689 2112 788 2184 γάρ
819 2111 934 2161 ἐστι
966 2116 1113 2161 πᾶσα
1142 2110 1171 2167 ἡ
1206 2113 1381 2182 κρίσις
1408 2114 1499 2160 καὶ
1548 2111 1576 2166 ὴ
1621 2108 1850 2160 ἀνταπό-

236 2194 422 2258 δοσις.
472 2203 623 2250 Ἐστι
654 2201 753 2272 γάρ
782 2198 908 2255 οἷλλη
944 2203 1102 2271 τροφὴ
1140 2200 1283 2270 παρὰ
1309 2200 1503 2255 ταύτην
1552 2202 1645 2254 τὴν
1677 2217 1847 2269 φαινο-

228 2291 393 2358 μένην
422 2304 433 2315 ·
464 2289 673 2359 καὶγὰρ
702 2294 931 2346 Μωῦσῆς
961 2288 1043 2339 ὅτε
1071 2286 1284 2344 ἀνῆλθεν
1318 2286 1455 2347 εἰςτὸ
1482 2278 1616 2359 ὅρος,
1651 2289 1847 2359 ἡμέρας

229 2376 630 2449 τεσσαράκοντα
690 2375 1013 2434 ἐνήστευσεν.
1076 2376 1325 2434 Ἀνῆλθεν
1379 2375 1666 2450 ἄνθρωπος,
1724 2395 1845 2427 κατ-

233 2463 361 2521 ῆλθε
388 2468 516 2517 Θεὸν
552 2466 707 2535 ἔχων.
742 2470 841 2517 Καὶ
870 2462 954 2516 ἴδε
984 2462 1237 2537 βλέπομεν
1272 2464 1319 2515 ἐν
1355 2467 1499 2537 ὴμίν,
1549 2465 1628 2516 ὃτι
1659 2464 1705 2516 ἐν
1737 2464 1843 2516 ὀλί-

229 2572 354 2623 ⁸γαις
380 2554 620 2627 ἡμέραις,
644 2553 727 2605 ἐὰν
755 2558 826 2625 μὴ
867 2554 1241 2626 ὑποστηριχθῇ
1286 2558 1345 2605 τὸ
1378 2563 1527 2626 σῶμα
1569 2552 1840 2626 βρώμασι,

232 2643 515 2714 φθείρεται.
592 2648 691 2696 Καὶ
749 2642 901 2704 αὐτὸς
955 2642 1002 2694 ἐν
1044 2644 1437 2715 τεσσαράκοντα
1493 2646 1707 2715 ἡμέραις
1750 2663 1844 2701 νη-

234 2734 482 2798 στεύσας,
515 2731 685 2784 πλεῖον
741 2732 866 2783 ὃλων
922 2730 1333 2803 ἐνδυναμώτερος
1371 2732 1643 2791 κατῆλθεν.
1676 2733 1841 2805 Ἐτρέ-

236 2840 355 2893 φετο
411 2825 511 2895 γὰρ
566 2824 666 2874 ὑπὸ
715 2830 806 2874 τοῦ
850 2830 1004 2887 Θεοῦ,
1065 2827 1154 2873 xui
1207 2824 1516 2895 ᾠκονομεῖτο
1568 2823 1729 2874 αὐτοῦ
1782 2826 1839 2875 τὸ

234 2919 389 2981 σῶμα
432 2911 555 2984 ἆλλη
616 2919 773 2984 τροφῇ
813 2914 1121 2985 ἐπουρανίῳ.
1168 2910 1226 2963 '0
1278 2915 1375 2986 γὰρ
1406 2912 1553 2983 λόγος
1578 2920 1666 2964 τοῦ
1707 2920 1839 2965 Θεοῦ

231 3176 426 3227 ἐσωθεν
496 3176 562 3235 εἰς
616 3180 703 3237 τὰς
766 3175 987 3252 καρδίας
1058 3185 1158 3229 τῶν
1235 3187 1563 3251 Χριστιανῶν
1624 3179 1836 3250 λάμπει.

232 3262 585 3336 Ἀνιστάμενα
626 3268 724 3339 γὰρ
778 3270 844 3318 τὰ
902 3274 1121 3339 σώματα
1170 3267 1217 3319 ἐν
1274 3276 1335 3340 τῇ
1388 3266 1673 3319 ἀναστάσει
1702 3269 1837 3341 οἴλλῳ

2015 3536 2133 3610 48
2160 3539 2269 3592 XV.
2295 3536 2715 3605 Interrogatio.
2743 3534 2989 3601 Quidest
3011 3532 3450 3599 illud,Femina
3482 3547 3601 3587 non

1946 3628 2138 3683 velato
2170 3626 2364 3696 capite
2397 3640 2579 3680 orans
2598 3626 2645 3659 θ’
2676 3622 2704 3677 ‘t

2016 3716 2349 3783 Responsio.
2412 3714 2707 3779 Quoniam
2756 3710 3127 3782 temporibus
3185 3709 3598 3781 apostolorum

1945 3804 2206 3875 prolixos
2225 3803 2671 3858 alebantcrines
2694 3816 2799 3871 pro
2819 3800 3465 3869 velamine,pr0pterea
3493 3801 3597 3854 Do-

1945 3893 2142 3946 minus
2171 3898 2226 3946 et
2251 3890 2504 3962 apostoli
2520 3888 2901 3944 veneruntad
2915 3894 3270 3955 creaturam,
3290 3891 3350 3941 ut
3367 3901 3501 3940 eam
3520 3886 3597 3941 ad

1944 3979 2302 4035 modestiam
2351 3978 2737 4032 adducerent.
2779 3976 2991 4029 Verum
3046 3974 3256 4029 mulier
3286 3978 3469 4047 typus
3508 3979 3598 4029 est

1945 4068 2236 4123 Ecclesiae.
2264 4069 2327 4121 Et
2363 4064 2883 4138 quemadmodum
2924 4063 3000 4117 ad
3043 4063 3297 4117 aliorum
3337 4077 3597 4132 conspe-

1943 4164 2103 4213 ctum
2133 4164 2398 4227 tempore
2427 4154 2523 4209 illo
2554 4154 2827 4209 mulieres
2854 4152 3143 4222 gerebant
3164 4166 3375 4223 passos
3402 4150 3598 4205 crines

1944 4263 2051 4319 pro
2099 4246 2412 4309 velamine,
2472 4243 2556 4298 sic
2608 4241 2865 4296 Ecclesia
2914 4240 3062 4295 ﬁlios
3114 4256 3252 4295 suos
3293 4239 3485 4295 induit
3544 4243 3600 4294 et

228 4331 257 4386 ἡ
320 4328 608 4388 Ἐκκλησία
644 4335 707 4384 τά
756 4337 907 4385 τέκνα
968 4335 1131 4395 αὐτῆς
1189 4331 1357 4386 ενδῦει
1400 4339 1485 4386 καὶ
1541 4334 1834 4406 περιϐάλλει

1960 4334 2150 4390 imicit
2182 4333 2523 4388 vestiments
2561 4330 2801 4385 divintis
2818 4334 2874 4385 et
2914 4328 3209 4399 gloriosis.
3251 4326 3593 4399 Antiquitus

229 4413 489 4489 ἐνδύμασι
546 4422 738 4483 θεῐκοίς
775 4428 865 4474 καὶ
921 4419 1343 4495 δεδοξασμένοις.
1391 4424 1494 4477 Καὶ
1542 4423 1613 4486 εἰς
1650 4428 1707 4476 τὸ
1740 4444 1836 4475 πα-

1960 4429 2148 4479 iutem
2186 4421 2454 4477 Ecclesiae
2492 4419 2667 4474 Israel
2702 4433 2820 4473 una
2858 4423 2983 4472 erat
3022 4417 3430 4489 congregatio,
3455 4431 3592 4489 quas

1948 4512 2325 4584 Operiebatur
2369 4509 2584 4580 Spiritu
2627 4524 2639 4561 :
2678 4512 2734 4562 et
2776 4506 2965 4561 induti
3014 4511 3181 4561 erant
3223 4506 3439 4575 Spiritu
3487 4519 3596 4577 pro

1950 4601 2157 4671 gloria,
2209 4600 2488 4673 quamvis
2546 4598 2657 4668 ipsi
2722 4611 2843 4651 non
2908 4596 3331 4650 consentirent.
3376 4592 3598 4648 Dicitur

1949 4706 2090 4759 ergo
2122 4690 2378 4745 Ecclesia
2400 4694 2519 4743 tam
2548 4687 2621 4741 de
2643 4684 3106 4757 pluribusquam
3127 4684 3200 4737 de
3235 4682 3594 4737 unaanima.

1952 4782 2082 4834 Hinc
2131 4778 2289 4833 enim
2329 4777 2532 4833 anima
2575 4776 2902 4845 congregat
2936 4788 3145 4827 omnes
3185 4770 3598 4841 cogitationes,

1951 4876 2128 4940 atque
2170 4868 2288 4922 Deo
2320 4874 2405 4921 est
2430 4864 2706 4919 Ecclesia.
2739 4868 2889 4935 Apta
2932 4862 3092 4918 enim
3141 4868 3227 4917 est
3273 4860 3478 4916 anima
3519 4859 3597 4916 ad

1949 4959 2288 5013 societatem
2341 4953 2598 5010 caelestis
2646 4954 2883 5023 Sponsi,
2943 4956 3001 5007 et
3050 4954 3412 5021 temperatur
3458 4965 3595 5005 cum

1949 5045 2190 5101 caelesti.
2220 5047 2335 5099 Hoc
2394 5058 2535 5097 vero
2584 5056 2707 5095 non
2765 5041 2825 5095 in
2874 5040 3146 5112 pluribus
3192 5042 3447 5103 tantum,
3491 5038 3596 5093 sed

1948 5137 2127 5191 etiam
2157 5134 2216 5188 in
2250 5148 2369 5187 uno
2412 5135 2604 5203 potest
2641 5129 2903 5198 intelligi.
2938 5132 3013 5184 De
3056 5127 3383 5183 Jerusalem
3432 5126 3593 5182 enim

1948 5224 2240 5298 propheta
2263 5221 2451 5292 inquit
2480 5237 2492 5275 :
2530 5218 2737 5274 Inveni
2758 5225 2812 5274 te
2840 5218 3131 5274 desertam
3162 5222 3215 5273 et
3256 5217 3507 5281 nudam,
3540 5221 3597 5272 et

1944 5313 2117 5370 indui
2159 5319 2213 5367 te
2254 5312 2322 5375 ³⁸,
2355 5314 2411 5367 et
2447 5312 2674 5372 cratera,
2716 5311 3006 5379 tanquam
3046 5306 3120 5362 de
3167 5320 3285 5361 una
3334 5318 3595 5377 persona

1940 5403 2304 5475 loqueretur.

306 3528 383 3582 ιε’
412 3529 782 3603 Ἐρώτησις.
824 3535 895 3585 Τί
932 3535 1089 3599 ἐστι,
1123 3540 1277 3605 γυνὴ
1321 3533 1835 3587 ἀκατακαλύπτώ

231 3619 473 3691 κεφαλῇ
516 3627 1016 3693 προσευχομένη
1049 3642 1061 3688 ;

305 3710 708 3783 Ἀπόκρισις.
754 3708 966 3770 Ἐπειδὴ
1016 3711 1063 3763 ἐν
1112 3720 1184 3782 τῷ
1240 3722 1404 3786 καιρῷ
1466 3721 1564 3765 τῶν
1610 3711 1833 3765 ἀποστό·

227 3797 327 3848 λων
383 3797 649 3870 ἀφιεμένας
698 3796 844 3871 εἶχον
904 3804 996 3861 τὰς
1077 3806 1268 3873 τρίχας
1347 3801 1459 3855 ἀντὶ
1529 3804 1836 3875 σκεπάσμα-

226 3906 314 3948 τος
350 3903 362 3916 ’
400 3884 492 3939 διὰ
522 3896 673 3940 τοῦτο
707 3890 732 3941 6
764 3892 958 3964 Κύριος
1014 3895 1102 3942 καὶ
1164 3893 1211 3941 oi
1250 3890 1532 3944 ἀπόστολοι
1580 3888 1734 3949 ἦλθον
1764 3892 1834 3953 εἰς

227 3979 323 4031 τὴν
378 3981 550 4029 κτίσιν
601 3982 691 4029 καὶ
746 3980 1114 4052 ἐσωφρόνησαν
1200 3979 1384 4038 αὐτήν.
1447 3980 1585 4038 Πλὴν
1638 3984 1667 4039 ἡ
1700 3986 1829 4052 γυνὴ

228 4071 396 4116 κεῖται
445 4065 516 4126 εἰς
554 4068 715 4119 τύπον
753 4075 846 4128 τῆς
912 4068 1257 4129 Ἐκκλησίας-
1313 4074 1402 4120 καὶ
1450 4070 1622 4143 ὥσπερ
1675 4070 1739 4129 εἰς
1770 4074 1827 4122 τὸ

229 4158 530 4225 φαινόμενον
582 4153 629 4206 ἐν
701 4160 872 4208 ἐκείνω
930 4165 1002 4226 τῷ
1060 4156 1226 4230 καιρῷ
1298 4159 1486 4209 ἐκεῖναι
1554 4155 1697 4228 εἶχον
1751 4159 1828 4220 ἐξα

229 4240 529 4312 ηπλωμένας
580 4246 675 4304 τὰς
710 4248 901 4315 τρίχας
950 4244 1065 4297 ἀντὶ
1119 4247 1489 4317 σκεπάσματος
1523 4267 1534 4279 ·
1590 4246 1834 4298 οὕτωκαὶ

226 4505 370 4557 λαιόν
436 4504 493 4559 δὲ
548 4518 641 4571 τῆς
685 4510 1003 4573 Ἐκκλησίας
1067 4512 1299 4585 Ἰσραὴλ,
1364 4517 1463 4583 μία
1516 4509 1575 4570 ἦν
1624 4514 1652 4570 ἡ
1719 4532 1837 4563 συν-

229 4601 430 4666 αγωγὴ,
490 4602 578 4650 καὶ
635 4600 878 4653 ἑσκέπετο
932 4603 1031 4654 ὑπὸ
1087 4611 1177 4654 τοῦ
1232 4605 1548 4673 Πνεῦματος,
1581 4607 1669 4653 καὶ
1702 4599 1837 4659 ἦσαν

231 4685 337 4733 ἀντὶ
379 4682 536 4749 δόξης
575 4689 1000 4762 περιϐεϐλημένοι
1059 4695 1116 4743 τό
1180 4698 1414 4763 Πνεῦμα,
1467 4691 1509 4742 εἰ
1558 4695 1648 4741 καὶ
1690 4691 1837 4751 αὐτοὶ

229 4770 321 4823 οῦκ
353 4771 699 4846 ὶστοιχησαν.
742 4778 1029 4836 Ἐκκλησία
1070 4777 1155 4832 οὖν
1194 4780 1408 4852 λέγεται
1465 4785 1553 4832 καὶ
1600 4782 1682 4831 ἐπὶ
1713 4779 1840 4831 πολ-

224 4861 342 4927 λῶν,
388 4868 477 4915 καὶ
510 4865 597 4916 ἐπὶ
630 4872 755 4936 μιᾶς
785 4867 969 4937 ψυχῆς
1002 4884 1015 4897 '
1053 4873 1186 4927 αὐτὴ
1230 4872 1331 4943 γάρ
1366 4871 1393 4927 ὴ
1440 4869 1593 4940 ψυχὴ
1627 4870 1839 4939 συνάγει

222 4951 369 5012 ὅλους
421 4955 537 5011 τοὺς
574 4953 876 5023 λογισμοὺς,
929 4963 1017 5009 καὶ
1070 4962 1214 5010 ἔστιν
1274 4959 1558 5016 Ἐκκλησία
1586 4966 1657 5028 τῷ
1700 4966 1844 5028 Θεῷ.

218 5038 492 5113 Ἠρμόσθη
555 5041 650 5111 γὰρ
710 5041 776 5100 εἰς
829 5050 1097 5097 κοινωνίαν
1142 5050 1171 5104 ὴ
1230 5049 1387 5119 ψυχὴ
1422 5057 1492 5119 τῷ
1547 5048 1837 5122 ἐπουρανίῳ

220 5132 444 5201 νυμφίῳ,
505 5132 592 5180 καὶ
640 5136 880 5201 κιρνᾶται
924 5141 996 5201 τῷ
1058 5133 1363 5208 ἐπουρανίῳ,
1432 5146 1582 5189 τοῦτο
1642 5133 1699 5189 δε
1749 5152 1837 5200 καὶ

222 5221 303 5270 ἐπὶ
334 5217 533 5269 πολλῶν
568 5226 781 5284 νοεῖται,
829 5225 918 5272 καὶ
968 5220 1051 5274 ἐπὶ
1109 5225 1239 5285 ἑνός.
1296 5227 1400 5279 Καὶ
1420 5229 1520 5297 γὰρ
1572 5228 1597 5278 ό
1643 5232 1837 5299 προφή-

219 5325 312 5367 της
340 5306 473 5377 λέγει
499 5312 616 5381 περὶ
667 5317 762 5370 τῆς
790 5308 1153 5383 Ἰερουσαλὴμ,
1205 5311 1401 5385 Εὖρόν
1452 5332 1518 5366 σε
1572 5317 1773 5386 ἔρημο
1809 5337 1834 5368 ν

216 5399 319 5448 καὶ
360 5400 620 5467 γυμνὴν,
690 5402 802 5450 καὶ
851 5396 1131 5455 ἐνέδυσά
1189 5419 1302 5474 σεη
1359 5404 1544 5455 καὶτὰ
1591 5402 1830 5471 ἑξῆς.ὡς

216 5483 299 5539 ἐπὶ
322 5490 414 5539 τοῦ
444 5484 553 5551 ἰνὸς
574 5491 860 5561 προσώπου
884 5486 1041 5548 εἶπεν.

282 5680 326 5716 ³³
359 5678 384 5736 Ι
414 5682 545 5739 Cor.
573 5697 669 5748 xv,
713 5683 767 5741 5.
874 5684 921 5719 ³⁸
954 5686 1157 5745 Ezech.
1189 5702 1311 5755 xvr,
1345 5691 1398 5746 6.
