4148 6262
480 301 592 361 56⁸1

476 528 569 576 rat
602 519 852 575 Domino
878 518 951 571 de
977 516 1155 571 Maria
1187 533 1198 570 :
1237 516 1360 586 Ego
1391 516 1463 571 de
1483 516 1688 571 multis
1707 514 1963 571 sollicita
1978 529 2128 576 sum,

481 614 536 666 et
564 609 690 665 haec
717 607 935 663 assidet
970 606 1075 660 tibi
1106 605 1134 659 ‘t

555 713 891 782 Responsio.
936 711 1105 777 Quod
1137 710 1395 767 debebat
1429 711 1625 766 dicere
1666 711 1842 767 Maria
1875 709 2133 774 Marthae,

481 803 541 859 id
576 803 863 857 Dominus
891 816 1343 873 praeoccupans,
1377 801 1569 855 eidem
1612 800 1781 867 dixit,
1821 799 1984 871 quod
2017 797 2134 861 illa,

482 892 764 948 omnibus
792 890 1025 955 relictis,
1063 889 1293 945 sederet
1323 890 1400 944 ad
1422 890 1606 960 pedes
1634 888 1889 953 Domini,
1923 903 1991 943 ac
2022 890 2139 942 Deo

483 979 856 1037 benedicere!
897 982 1019 1033 tota
1068 978 1182 1033 die.
1209 977 1381 1032 Vides
1417 978 1718 1033 assidendi
1754 977 2136 1040 beneﬁcium,

483 1086 593 1143 pro
626 1067 939 1123 dilectione
976 1066 1206 1122 datum.
1243 1069 1310 1122 Ut
1350 1073 1548 1122 autem
1590 1067 1807 1122 clarius
1854 1069 2143 1137 appareat

480 1158 735 1215 verbum
783 1156 901 1221 Dei,
949 1155 1109 1210 audi.
1157 1155 1212 1211 Si
1254 1157 1388 1226 quis
1442 1156 1631 1225 diligit
1678 1158 1897 1218 Iesum,
1969 1154 2141 1225 eique

484 1246 733 1303 attendit
758 1244 996 1300 assidue
1028 1259 1185 1307 vero,
1225 1248 1415 1298 etnon
1447 1244 1700 1299 remisse
1732 1243 1998 1307 attendit,
2039 1242 2143 1297 sed

485 1338 825 1408 perseverat
852 1347 1095 1403 quoque
1128 1332 1186 1385 in
1227 1331 1539 1387 dilectione
1567 1333 1695 1403 jam
1740 1335 1892 1387 Deus
1925 1331 2146 1401 cogitat

485 1439 595 1495 pro
626 1421 941 1476 dilectione
982 1420 1079 1474 illa
1096 1420 1242 1475 dare
1269 1419 1590 1490 aliquidilli
1610 1421 2146 1491 animae,quamvis

488 1511 673 1567 homo
692 1509 937 1571 nesciat,
964 1508 1109 1578 quid
1129 1513 1483 1579 accepturus
1508 1509 1605 1571 sit,
1626 1515 1728 1564 aut
1751 1508 1991 1579 qualem
2014 1524 2147 1578 por-

484 1601 701 1655 tionem
738 1597 892 1651 Deus
918 1596 1239 1665 largiturus
1276 1598 1349 1651 sit
1374 1597 1613 1652 animte.
1654 1600 1716 1651 Et
1757 1612 1904 1651 sane
1934 1597 2145 1661 Marias,

484 1704 619 1761 qua:
652 1685 936 1755 diligebat
958 1701 1119 1749 eum,
1155 1692 1208 1739 et
1230 1684 1536 1741 assidebat
1566 1686 1824 1756 pedibus
1852 1685 2002 1755 ejus,
2028 1700 2149 1739 non

1812 300 1874 356 S.
1919 294 2222 356 MACARII
2260 290 2570 351 )EGYPTII

550 431 691 486 XVI.
728 427 1135 495 Interrogatio.
1178 426 1327 491 Quid
1369 430 1475 491 est,
1513 425 1678 498 quod
1714 426 1934 481 Martha
1972 424 2131 479 dixe-
2162 417 2208 473 A

3740 287 3856 344 568

2313 418 2411 483 ἶς’.
2444 418 2815 490 Ἐρώτησις.
2865 416 2931 472 Τί
2978 416 3114 472 ἐστιν
3146 421 3177 470 ὅ
3201 418 3230 476 ἠ
3257 417 3449 491 Μάρθα
3482 411 3590 468 εἷπε
3620 421 3694 484 τῷ
3746 418 3857 466 Κυ-

2241 514 2336 582 ρίῳ
2365 513 2603 579 περὶτῆς
2632 512 2865 582 Μαρίας,
2906 509 2983 560 ὅτι
3015 509 3168 577 Ἐγὼ
3215 508 3433 578 κάμνω
3482 504 3568 565 εἰς
3623 501 3856 566 πολλὰ,

2243 602 2350 650 καὶ
2390 599 2546 655 αὕτη
2588 598 3118 669 παρακαθέζεταί
3160 612 3309 661 σοι;

2316 705 2719 776 Ἀπόκρισις.
2748 702 2814 755 Ὀ
2850 702 3055 775 ὤφειλεν
3085 702 3241 755 εἰπεῖν
3272 704 3302 759 ἡ
3334 705 3513 774 Μαρία
3543 707 3604 771 τῇ
3635 700 3856 769 Μάρθᾳ,

2248 795 2273 845 6
2328 796 2517 867 Κύριος
2572 792 2841 866 προλαϐὼν
2896 791 3030 845 εἶπεν
3079 791 3233 863 αὐτῇ,
3300 792 3380 843 ὅτι
3431 791 3601 841 πάντα
3659 786 3859 859 ἀφῆκεν

2249 884 2435 947 ἐκείνη,
2477 887 2566 934 καὶ
2613 884 2756 955 παρὰ
2802 885 2923 943 τοὺς
2969 878 3135 941 πόδας
3184 882 3407 937 ἐκάθητο
3464 885 3554 930 τοῦ
3632 882 3857 950 Κυρίου,

2249 976 2337 1023 καὶ
2380 974 2466 1022 τὸν
2495 974 2623 1024 Θεὸν
2654 970 2849 1041 εὐλόγει
2902 970 3022 1027 ὅλην
3061 975 3153 1027 τὴν
3202 970 3420 1041 ἡμέραν.
3478 965 3631 1039 Ὁρᾷς
3662 958 3859 1038 προσε-

2253 1058 2427 1134 δρείαν
2463 1063 2588 1135 ὑπὲρ
2645 1060 2873 1131 ἀγάπης.
2922 1059 3034 1114 ’Ῑνα
3074 1056 3132 1112 δι
3168 1064 3484 1133 σαφέστερον
3524 1059 3549 1109 6
3579 1057 3735 1127 λόγος
3760 1062 3859 1108 τοῦ

2253 1156 2387 1202 Θεοῦ
2418 1152 2678 1220 φωτισθῇ,
2712 1150 2960 1201 ἄκουσον.
2998 1151 3060 1200 Εἴ
3087 1168 3165 1209 τις
3189 1146 3372 1218 ἀγαπᾷ
3391 1150 3476 1197 τὸν
3509 1144 3739 1210 Ἰησοῦν,
3767 1148 3865 1195 καὶ

2253 1242 2506 1312 προσέχει
2532 1238 2671 1308 αὐτῷ
2699 1237 2863 1309 ὀρθῶς
2918 1241 3007 1289 καὶ
3039 1236 3143 1307 οῦχ
3196 1236 3371 1297 ἁπλῶς
3410 1237 3686 1306 προσέχει,
3732 1232 3869 1285 ἀλλά

2254 1333 2343 1380 καὶ
2369 1331 2651 1401 παραμένει
2702 1326 2751 1379 ἐν
2801 1334 2862 1398 τῇ
2918 1325 3120 1400 ἀγάπῇ,
3171 1323 3277 1385 ἤδη
3325 1329 3414 1376 καὶ
3454 1326 3479 1376 ὁ
3512 1328 3630 1384 Θεὸς
3661 1324 3867 1395 λογίζε-

2256 1437 2342 1468 ται
2397 1415 2503 1467 ἀντὶ
2562 1424 2656 1477 τῇς
2716 1414 2920 1486 ἀγάπης
2981 1414 3178 1477 ἐκείνης
3236 1412 3421 1467 δοῦναί
3478 1432 3529 1465 τι
3582 1411 3741 1485 ἐκείνη
3797 1419 3863 1483 τῇ

2257 1506 2435 1577 ψυχῇ,
2478 1505 2520 1557 εἰ
2548 1510 2637 1557 καὶ
2690 1506 2715 1556 6
2764 1506 3030 1577 ἄνθρωπος
3076 1505 3170 1556 ούκ
3204 1500 3316 1556 οἶδε
3354 1507 3407 1554 τί
3449 1502 3619 1574 μέλλει
3656 1500 3869 1573 λαμϐά-

2257 1615 2378 1659 νειν,
2436 1594 2466 1652 ἢ
2512 1601 2657 1646 ποῖον
2706 1598 2853 1667 μέρος
2883 1593 3051 1665 μέλλει
3082 1596 3106 1645 ὁ
3142 1596 3272 1653 Θεὸς
3326 1588 3539 1644 διδόναι
3572 1599 3633 1663 τῇ
3684 1590 3868 1661 ψυχῇ.

2262 1689 2362 1737 Καὶ
2401 1692 2462 1756 τῇ
2513 1687 2691 1757 Μαρίᾳ
2748 1686 2849 1756 γὰρ
2902 1682 3156 1755 ἀγαπώσῇ
3221 1683 3396 1745 αὐτὸν,
3437 1686 3525 1733 καὶ
3573 1682 3871 1754 παρακαθε-

485 1774 831 1846 simpliciter
863 1790 925 1828 se
959 1774 1265 1843 adjunxit;
1288 1774 1392 1828 sed
1408 1773 1684 1829 virtutem
1712 1774 1790 1829 illi
1817 1773 2150 1845 quamdam

2272 1774 2448 1845 ζομένῇ
2482 1776 2629 1847 παρὰ
2682 1775 2804 1833 τοῦς
2865 1768 3028 1832 πόδας
3090 1772 3272 1837 αὐτοῦ,
3320 1770 3427 1841 οὐχ
3482 1768 3658 1830 ἁπλῶς
3703 1787 3873 1843 προσ-

488 1864 782 1919 occultam
796 1878 865 1916 ex
891 1877 999 1916 sua
1014 1862 1351 1917 substantia
1366 1862 1634 1917 contulit.
1655 1864 1939 1919 Sermone
1956 1861 2150 1917 senim

487 1952 709 2024 quibus
748 1949 1166 2021 alloquebatur
1202 1951 1355 2005 Deus
1396 1950 1458 2005 in
1501 1952 1699 2022 quiete
1730 1951 1994 2018 Mariam,
2027 1950 2153 2021 spi-

486 2043 634 2096 ritus
662 2045 829 2095 erant
852 2044 907 2094 et
924 2039 1429 2110 virtusquzedam.
1451 2040 1635 2111 Hique
1651 2056 1960 2094 sermones
1976 2054 2155 2110 pene-

490 2130 874 2190 trabautcor,
907 2133 963 2182 et
1011 2128 1213 2182 anima
1255 2128 1545 2191 animam,
1578 2127 1815 2199 spiritus
1856 2127 2151 2198 spiritum,

493 2223 549 2275 et
590 2218 777 2272 virtus
825 2215 1029 2271 divina
1091 2216 1603 2286 multiplicabatur
1647 2217 1707 2270 in
1756 2216 1935 2271 corde
1988 2216 2144 2286 ejus.

491 2306 839 2363 Necessario
872 2305 1032 2359 enim
1066 2306 1249 2359 virtus
1280 2304 1397 2367 illa,
1428 2320 1793 2375 quocunque
1832 2304 2151 2369 diverterit,

493 2393 609 2448 illic
650 2397 1016 2463 perseverat,
1060 2391 1217 2446 velut
1258 2392 1581 2463 possessio,
1626 2408 1761 2463 qua:
1804 2392 2019 2447 auferri
2059 2409 2156 2447 ne-

502 2483 650 2554 quit.
700 2483 890 2546 Quare
940 2480 1231 2535 Dominus
1272 2480 1380 2535 sibi
1429 2482 1729 2547 conscius,
1768 2481 1915 2553 quid
1965 2482 2156 2537 Mariae

498 2569 869 2633 contulisset,
900 2569 980 2623 ait
1009 2590 1020 2620 :
1049 2568 1243 2623 Maria
1276 2571 1560 2637 optimam
1586 2577 1819 2639 partem
1861 2571 2034 2640 elegit
2075 2571 2148 2626 ³⁸.

500 2662 627 2715 Non
654 2658 731 2710 ita
763 2656 1187 2728 longe'postea,
1217 2672 1353 2728 quae
1368 2656 1656 2713 benevole
1698 2664 1899 2727 egerat
1936 2658 2160 2713 Martha

501 2748 658 2801 circa
700 2745 1115 2808 ministerium,
1171 2752 1600 2816 promoverunt
1639 2762 1769 2801 eam
1813 2747 1890 2801 ad
1929 2746 2156 2801 donum

507 2835 651 2891 illud
683 2834 904 2903 gratim.
938 2834 1037 2889 Illa
1064 2835 1222 2889 enim
1250 2841 1565 2890 consecuta
1595 2842 1681 2891 est
1716 2836 1985 2890 virtutem
2013 2836 2162 2890 divi-

504 2939 647 2979 nam
667 2939 723 2977 ID
752 2937 976 2977 anima.

581 3028 739 3084 XVII.
773 3032 835 3083 Et
877 3045 1020 3084 sane
1064 3029 1208 3101 quid
1250 3031 1487 3095 mirum,
1518 3031 1564 3084 si
1605 3031 1706 3102 qui
1750 3030 2046 3086 accedunt
2086 3029 2163 3085 ad

2264 1864 2431 1925 ετίθη,
2494 1860 2619 1913 ἀλλά
2670 1858 2891 1933 δύναμίν
2938 1881 3054 1912 τινα
3081 1864 3403 1932 κρυφιμαίαν
3454 1857 3510 1910 ἐκ
3562 1867 3652 1918 τῆς
3708 1859 3873 1909 αὑτοῦ

2263 1951 2447 2013 ούσίας
2481 1947 2670 2002 ἔδωκεν
2702 1950 2864 2021 αὐτῇ.
2923 1949 3081 2003 Αύτοὶ
3118 1952 3220 2021 γὰρ
3254 1950 3302 2000 οἱ
3355 1948 3522 2019 λόγοι,
3580 1945 3669 2007 οὓς
3707 1946 3877 1999 ἐλάλει

2264 2042 2289 2092 6
2322 2043 2452 2101 Θεὸς
2481 2042 2614 2111 μετά
2668 2038 2876 2112 εἰρήνης
2933 2047 2994 2111 τῇ
3062 2042 3257 2111 Μαρίᾳ,
3318 2039 3591 2107 πνεύματα
3624 2032 3761 2093 ἦσαν
3786 2039 3877 2086 καὶ

2266 2126 2490 2199 δύναμίς
2515 2148 2589 2188 τις
2624 2148 2635 2159 ·
2688 2132 2777 2179 καὶ
2808 2127 2952 2179 οὗτοι
2991 2129 3039 2180 οἱ
3066 2127 3215 2198 λόγοι
3264 2125 3625 2197 εἰσερχόμενοι
3665 2123 3739 2186 εἰς
3782 2128 3876 2181 την

2265 2214 2511 2291 καρδίαν,
2553 2216 2708 2288 ψυχὴ
2752 2216 2823 2277 εἰς
2865 2216 3073 2287 ψυχὴν,
3136 2220 3227 2267 καὶ
3276 2222 3480 2285 πνεῦμα
3528 2214 3600 2274 εἰς
3647 2219 3875 2283 πνεῦμα,

2264 2312 2353 2360 καὶ
2415 2302 2640 2377 δύναμις
2693 2307 2835 2363 θεῑκὴ
2897 2304 3186 2379 ἐπληροῦτο
3247 2304 3313 2365 εἰς
3368 2307 3457 2361 τὴν
3506 2298 3731 2376 καρδίαν
3787 2301 3882 2353 αύ-

2265 2404 2375 2456 τῆς.
2426 2394 2516 2457 Ἐξ
2570 2394 2799 2466 ἀνάγκης
2849 2396 2950 2468 γὰρ
2984 2396 3150 2452 ἐκείνη
3185 2395 3213 2452 ἡ
3251 2389 3497 2464 δύναμις,
3534 2393 3663 2443 ὅπου
3719 2409 3881 2442 κατα-

2266 2486 2414 2537 λύσει
2468 2486 2761 2556 παράμονος
2821 2488 3072 2554 γίγνεται,
3135 2486 3202 2544 ὡς
3274 2489 3454 2553 κτῆμα
3516 2478 3881 2554 ἀναφαίρετον.

2269 2576 2363 2627 Διά
2409 2580 2561 2625 τοῦτο
2592 2574 2616 2623 ό
2648 2574 2831 2645 Κύριος
2862 2568 3012 2632 εἰδὼς
3058 2577 3110 2623 τί
3164 2568 3353 2625 ἔδωκεν
3383 2570 3541 2642 αὐτῇ,
3576 2566 3707 2633 εἶπε,
3758 2575 3883 2621 Μα-

2268 2667 2375 2735 ρία
2404 2666 2515 2718 τήν
2571 2662 2772 2717 καλὴν
2808 2657 3047 2732 μερίδα
3102 2660 3462 2722 ἐξελέξατο.
3494 2659 3641 2711 Μετά
3671 2653 3729 2709 δε
3767 2676 3884 2708 και-

2270 2754 2357 2823 ρὸν
2386 2753 2553 2802 ἐκεῖνα
2582 2749 2616 2801 ά
2654 2748 2815 2801 ἐποίει
2868 2752 3149 2823 προθύμως
3202 2753 3317 2821 περὶ
3378 2752 3471 2806 τὴν
3536 2744 3807 2799 διακονίαν
3849 2747 3880 2803 ἠ

2272 2841 2482 2913 Μάρθα,
2529 2839 2738 2907 ἣνεγκεν
2796 2837 2959 2896 αὐτὴν
3014 2838 3085 2898 εἰς
3143 2840 3201 2889 τὸ
3255 2838 3507 2909 χάρισμα
3564 2833 3740 2888 ἐκεῖνο.
3776 2837 3878 2885 Καὶ

2273 2928 2400 2984 αὐτὴ
2430 2932 2531 2999 γὰρ
2561 2922 2773 2988 ἐδέξατο
2800 2922 3023 2997 δύναμιν
3060 2928 3234 2983 θεῐκην
3263 2932 3322 2996 τῇ
3357 2923 3513 2996 ψυχῇ
3548 2922 3726 2982 αὐτῆς.

2344 3033 2443 3087 IZ'.
2501 3037 2602 3086 Καὶ
2648 3036 2700 3085 τί
2750 3034 3074 3105 θαυμαστὸν,
3138 3032 3181 3084 εἰ
3218 3033 3267 3083 οἱ
3333 3035 3751 3104 προσερχόμενοι
3808 3034 3882 3096 τῷ

504 3118 847 3183 Dominum,
882 3120 1055 3190 eique
1082 3118 1469 3189 corporaliter
1496 3120 1971 3189 conjunguntur,
2004 3135 2161 3174 rece-

2276 3128 2471 3198 Κυρίῳ,
2540 3126 2628 3174 καὶ
2684 3121 3135 3195 προσκολλώμενοι
3210 3127 3522 3192 σωματικῶς
3600 3113 3885 3188 ἐλάμϐανον

505 3213 720 3280 perunt
750 3208 1046 3274 virtutem,
1089 3224 1247 3273 cum,
1291 3209 1578 3278 apostolis
1619 3209 2002 3280 loquentibus
2035 3224 2162 3263 ver-

505 3297 653 3352 bum
688 3296 808 3359 Dei,
836 3296 1110 3350 ceciderit
1150 3312 1326 3367 super
1352 3297 1659 3351 credentes
1694 3297 1942 3367 Spiritus
1972 3297 2000 3351 ?
2026 3300 2166 3351 Cor-

509 3386 701 3440 nelius
734 3400 805 3437 ex
844 3384 1026 3438 verbo
1073 3386 1190 3448 Dei,
1223 3386 1386 3456 quod
1428 3386 1672 3449 audivit,
1707 3386 1935 3457 accepit
1982 3386 2165 3440 virtu-

509 3478 628 3529 tem
655 3489 668 3525 :
697 3477 925 3543 quanto
942 3472 1315 3540 magis,cum
1350 3473 1635 3529 Dominus
1659 3474 2006 3546 loqueretur
2027 3490 2167 3528 cum

511 3560 712 3624 Maria,
733 3565 836 3615 aut
856 3559 1161 3623 Zacchaao,
1185 3566 1286 3614 aut
1313 3562 1658 3631 peccatrice,
1676 3579 1811 3634 quae
1842 3562 1961 3634 49
1976 3562 2167 3633 passis

512 3647 742 3720 capillis
784 3646 1169 3717 abstergebat
1225 3648 1406 3718 pedes
1456 3651 1709 3714 Domini,
1742 3656 1843 3705 aut
1879 3668 2015 3705 cum
2070 3653 2169 3706 Sa-

513 3738 831 3801 maritana,
875 3741 975 3790 aut
1018 3735 1268 3800 latrone,
1299 3752 1539 3805 egressa
1578 3743 1671 3793 est
1702 3740 1903 3801 virtus,
1954 3745 2009 3794 et
2043 3756 2169 3810 per-

514 3825 727 3882 mistus
756 3831 845 3880 est
884 3840 1023 3879 cum
1052 3826 1433 3880 eorumanim
1458 3843 1492 3881 a
1513 3827 1763 3897 Spiritus
1794 3834 2040 3883 sanctus
2073 3829 2118 3863 ³⁵
2153 3827 2164 3881 l

518 3917 685 3971 Nunc
716 3929 957 3985 quoque
992 3914 1094 3984 qui
1137 3915 1320 3967 Deum
1361 3930 1565 3971 amore
1595 3922 2057 3987 prosequuntur,
2092 3922 2168 3982 et,

516 4003 730 4060 relictis
770 4003 1076 4067 omnibus,
1093 4002 1153 4057 in
1185 4004 1453 4058 oratione
1468 4012 1863 4075 perseverant,
1880 4006 2173 4062 docentur

518 4098 763 4159 secreto,
823 4108 957 4164 quas
1004 4107 1124 4147 non
1180 4098 1489 4149 noverant.
1548 4098 1684 4165 Ipsa
1732 4095 1893 4151 enim
1959 4097 2172 4151 veritas

518 4182 852 4238 secundum
885 4181 1121 4236 illorum
1150 4182 1531 4252 propositum
1556 4190 1805 4255 apparet
1827 4185 1958 4249 illis,
1993 4191 2048 4240 et
2070 4186 2173 4240 do-

518 4275 611 4327 cet
655 4286 776 4326 eos.
808 4270 936 4339 Ego
968 4286 1099 4325 sum
1135 4271 1358 4327 veritas
1398 4273 1466 4326 ³⁸.
1495 4273 1561 4327 Ει
1607 4273 1721 4344 ipsi
1760 4290 2002 4346 quoque
2034 4289 2175 4345 apo-

520 4358 648 4415 stoli
667 4362 802 4413 ante
816 4359 1162 4429 passionem
1177 4359 1341 4431 apud
1366 4362 1684 4416 Dominum
1702 4368 2173 4433 perseverantes,

2276 3212 2519 3285 δύναμιν,
2554 3214 2708 3264 ὁπότε
2766 3214 2813 3263 οἱ
2844 3210 3127 3263 ἀποστόλοι
3177 3208 3383 3261 ἐλάλουν
3421 3208 3595 3279 λόγον,
3630 3210 3720 3257 καὶ
3768 3207 3887 3257 ἔπι-

2274 3321 2394 3355 πτεν
2444 3300 2526 3353 ἐπὶ
2574 3304 2694 3363 τοὺς
2759 3303 3099 3361 πιστεύοντας
3147 3302 3204 3350 τὸ
3254 3304 3464 3369 Πνεῦμα
3509 3298 3566 3348 τὸ
3619 3294 3769 3365 ἅγιον
3813 3294 3888 3360 ;ὀ

2277 3390 2556 3461 Κορνήλιος
2620 3388 2675 3441 ἐκ
2714 3396 2806 3441 τοῦ
2837 3388 2994 3460 λόγου
3045 3387 3105 3439 οὗ
3136 3388 3358 3446 ηκουσεν
3413 3383 3587 3437 ἔλαϐεν
3620 3380 3845 3453 δύναμιν
3875 3397 3887 3409 ⁸

2275 3483 2423 3550 πόσῳ
2451 3479 2639 3550 μᾶλλον
2680 3480 2705 3529 ό
2756 3480 2945 3552 Κύριος
2986 3478 3069 3529 ὅτε
3108 3475 3270 3528 ἐλάλει
3321 3474 3473 3546 λόγον
3503 3481 3565 3546 τῇ
3611 3476 3812 3545 Μαρίᾳ,
3855 3471 3887 3528 ἡ

2277 3576 2348 3637 τῷ
2374 3572 2650 3637 Ζακχαίῳ,
2685 3568 2714 3624 ἦ
2749 3574 2811 3639 τῇ
2841 3564 3150 3639 ἁμαρτωλῷ,
3196 3566 3314 3626 ἣτις
3343 3564 3611 3615 λιπάνασα
3649 3562 3741 3622 τὰς
3782 3564 3893 3631 τρί-

2277 3676 2398 3729 χας,
2461 3654 2737 3726 ἀπίμασσε
2775 3658 2892 3715 τοὺς
2926 3651 3097 3716 ποδας
3144 3660 3233 3705 τοῦ
3286 3658 3480 3727 Κυρίου
3515 3667 3529 3682 ⁸
3556 3656 3587 3709 ἦ
3622 3658 3683 3723 τῇ
3713 3656 3891 3719 Σαμα-

2277 3741 2466 3821 ρίτιδι,
2500 3748 2529 3802 ἤ
2585 3752 2657 3813 τῷ
2712 3743 2906 3817 λῃστῇ,
2960 3742 3189 3815 ἐγίγνετο
3257 3738 3504 3814 δύναμις,
3554 3745 3642 3792 καὶ
3690 3756 3896 3791 συνεκε-

2278 3836 2451 3906 ράσθη
2492 3840 2607 3894 ταῖς
2646 3832 2853 3903 ψυχαῖς
2893 3832 3060 3885 αὐτῶν
3110 3834 3168 3884 τὸ
3206 3838 3414 3903 Πνεῦμα
3453 3832 3510 3882 τὸ
3561 3828 3732 3899 ἅγιον.
3790 3831 3897 3879 Καὶ

2278 3931 2365 3975 νῦν
2419 3924 2467 3975 οἱ
2532 3922 2830 3994 ἀγαπῶντες
2881 3924 2967 3973 τὸν
3028 3924 3177 3987 Θεὸν,
3261 3924 3350 3972 καὶ
3414 3918 3897 3989 καταλιμπάνοντες

2280 4015 2468 4077 πάντα,
2531 4016 2621 4063 καὶ
2666 4019 2725 4083 τῇ
2770 4011 2903 4082 εῦχῇ
2966 4016 3492 4083 προσκαρτεροῦντες,
3536 4002 3899 4059 διδάσκονται

2282 4102 2329 4153 ἐν
2358 4108 2590 4173 κρυπτῷ,
2632 4099 2667 4151 ἃ
2695 4100 2789 4151 οῦκ
2819 4095 3031 4150 οἴδασιν
3071 4113 3083 4126 ·
3146 4097 3277 4155 αὐτὴ
3311 4100 3412 4169 γὰρ
3453 4097 3483 4154 ἠ
3516 4094 3734 4154 ἀλήθεια
3758 4096 3900 4145 κατά

2282 4194 2375 4248 τὴν
2423 4194 2726 4262 προαίρεσιν
2775 4188 2939 4239 αὐτῶν
2997 4193 3306 4261 φανεροῦται
3348 4184 3543 4250 αὐτοῖς,
3599 4188 3689 4235 καὶ
3735 4179 3898 4235 διδά-

2285 4298 2397 4331 σκει
2423 4277 2630 4342 αύτούς,
2665 4277 2930 4348 ὅτιἘγώ
2989 4275 3127 4348 εἰμι
3176 4277 3205 4334 ἠ
3261 4273 3561 4332 ἀλήθεια.
3612 4276 3712 4326 Καὶ
3743 4271 3899 4323 αὐτοὶ

2283 4374 2385 4440 γάρ
2439 4369 2487 4419 οἱ
2530 4365 2809 4419 ἀπόστολοι
2852 4368 2951 4438 πρὸ
2995 4371 3087 4417 τοῦ
3121 4371 3351 4437 σταυροῦ
3418 4365 3794 4435 παραμένοντες
3822 4367 3902 4430 τῷ

518 4446 811 4513 ⁴νίψει-ωλι
832 4446 1109 4517 prodigia
1141 4463 1383 4518 magna,
1404 4448 1753 4521 scilicetquo
1766 4456 1940 4521 pacto
1960 4450 2161 4522 lepros

2288 4460 2483 4528 Κυρίῳ,
2508 4454 2711 4508 ἔϐλεπον
2740 4462 2934 4526 σημεῖα
2970 4454 3186 4526 μεγάλα,
3228 4455 3365 4514 ὅπως
3392 4471 3447 4505 τε
3486 4453 3662 4525 λεπροὶ
3708 4449 3905 4502 ἐκαθα-

521 4535 957 4592 mandarentur
1001 4541 1055 4591 et
1118 4537 1333 4592 mortui
1395 4538 1894 4593 resuscitarentur
1945 4540 2012 4592 ³⁷.
2064 4543 2178 4595 Nec

520 4632 721 4683 tamen
744 4633 1155 4695 cognoverunt
1172 4642 1293 4698 quo
1305 4626 1485 4681 modo
1504 4634 1969 4682 conversaretur
1994 4628 2179 4683 virtus

520 4715 747 4781 divina,
799 4719 903 4770 aut
944 4714 1309 4769 ministraret
1350 4714 1408 4767 in
1451 4714 1631 4769 corde
1664 4730 1676 4779 ;
1717 4718 1771 4769 et
1809 4716 1969 4785 quod
2014 4717 2180 4787 spiri-

521 4804 754 4858 tualiter
792 4801 1431 4871 renasciettemperari
1454 4818 1590 4857 cum
1616 4803 1819 4858 anima
1840 4804 2180 4859 ctelestteos

524 4895 815 4961 oporteat,

526 4980 697 5048 signa
742 4994 904 5045 vero,
956 4994 1091 5050 quae
1130 4977 1407 5040 faciebat,
1452 4979 1784 5049 diligebant
1832 4982 2175 5039 Dominum.

525 5066 789 5123 Tandem
810 5067 1096 5121 Dominus
1112 5064 1231 5120 dixi
1244 5072 1259 5120 t
1272 5068 1383 5121 eis:
1412 5068 1559 5135 Quia
1574 5069 1963 5126 admiramim‘
1990 5071 2186 5143 signa,

528 5154 930 5213 haereditatem
966 5170 1245 5225 magnam
1261 5156 1335 5211 do
1353 5157 1534 5221 vobis,
1550 5173 1728 5228 quam
1744 5174 1861 5214 non
1878 5160 2052 5215 habet
2065 5162 2192 5216 uni-

528 5259 730 5301 versus
758 5243 1045 5298 mundus.

595 5350 788 5405 XVIII.
840 5349 1073 5407 Tandiu
1126 5367 1264 5407 vero
1314 5351 1441 5408 haec
1480 5354 1663 5410 verba
1716 5353 1833 5409 illis
1879 5357 2195 5426 peregrina

528 5440 787 5505 fuerunt,
821 5439 1012 5496 donec
1053 5441 1305 5497 surrexit
1334 5457 1370 5498 a
1409 5444 1683 5511 mortuis,
1724 5448 1780 5499 et
1813 5444 2021 5500 extulit
2054 5462 2193 5502 cor-

596 5581 645 5615 “
674 5581 809 5636 Luc.
845 5597 900 5646 x,
933 5581 1023 5636 42.

549 5652 595 5686 ³⁸
634 5651 807 5706 Joun.
840 5668 950 5723 xiv,
973 5651 1025 5707 6.
1128 5655 1171 5687 ⁸⁷
1203 5654 1403 5711 Matth.
1431 5669 1508 5719 XI,
1542 5658 1593 5707 5.

892 4906 960 4945 ac
1027 4890 1153 4945 ﬁeri
1226 4906 1446 4945 novam
1526 4897 1883 4948 creaturam.
1948 4896 2186 4964 Propter

2286 4549 2514 4621 ρίζοντο,
2563 4549 2654 4596 καὶ
2701 4548 2869 4616 νεκροὶ
2920 4545 3209 4617 ἠγείροντο.
3256 4546 3356 4595 Καὶ
3415 4540 3509 4593 οῦκ
3537 4536 3759 4613 ῇδεισαν
3792 4546 3905 4599 πῶς

2289 4634 2666 4717 ἀναστρέφεται
2728 4635 2838 4685 θεία
2878 4629 3105 4705 δύναμις
3149 4636 3239 4684 καὶ
3294 4628 3525 4684 διακονεῖ
3574 4632 3621 4681 ἐν
3680 4624 3903 4699 καρδίᾳ,

2290 4727 2379 4775 καὶ
2432 4714 2511 4774 ότι
2598 4720 2817 4793 ἤμελλον
2914 4728 3269 4793 πνευματικῶς
3339 4718 3742 4790 ἀναγεννᾶσθαι,
3812 4720 3908 4767 καὶ

2294 4812 2680 4883 συγκιρνᾶσθαι
2746 4818 2808 4882 τῇ
2867 4808 3155 4882 ἐπουρανίῳ
3228 4808 3409 4881 ψυχῇ,
3472 4811 3561 4858 καὶ
3625 4806 3908 4876 γίγνεσθαι

2293 4904 2444 4957 καινὴ
2504 4904 2699 4965 κτίσις,
2753 4894 2846 4951 διὰ
2888 4901 2951 4951 τὰ
2999 4906 3196 4970 σημεῖα
3246 4897 3280 4949 ἃ
3332 4896 3512 4960 ἐποίει,
3571 4896 3786 4966 ἠγάπων
3815 4897 3909 4945 τὸν

2299 4980 2505 5061 Κύριον.
2541 4991 2736 5041 Λοιπὸν
2776 4989 2802 5039 ό
2836 4989 3023 5062 Κύριος
3049 4988 3210 5059 ἔλεγεν
3266 4987 3462 5055 αὐτοῖς,
3518 4988 3592 5037 Τί
3662 4983 3907 5054 θαυμά-

2300 5078 2441 5139 ζετε
2493 5079 2568 5129 τὰ
2623 5083 2888 5149 σημεῖα,
2957 5076 3401 5149 κληρονομίαν
3455 5072 3745 5146 μεγάλην
3810 5069 3909 5123 δί-

2303 5163 2473 5237 δωμι
2512 5167 2683 5238 ὑμῖν,
2728 5167 2801 5223 ἦν
2840 5165 2951 5216 ούκ
2990 5167 3131 5237 ἔχει
3170 5166 3471 5236 ὸκόσμος
3510 5161 3665 5221 ὅλος.

2320 5414 2327 5417 ,
2378 5356 2477 5413 ῙΗ’.
2532 5361 2727 5413 Λοιπὸν
2766 5359 2914 5412 αὐτοὶ
2976 5358 3256 5422 ἐξενίζοντο
3310 5358 3382 5420 εἰς
3418 5360 3534 5418 τοὺς
3572 5355 3762 5427 λογους
3814 5354 3912 5406 αῦ-

2311 5443 2423 5513 τοῦ,
2482 5449 2574 5510 ἕως
2636 5450 2756 5501 ὅτου
2802 5448 2989 5507 ἀνέστη
3036 5447 3089 5501 ἐκ
3140 5455 3350 5523 νεκρῶν,
3400 5451 3491 5499 καὶ
3550 5444 3792 5516 ἀνήνεγκε
3853 5447 3913 5496 τὸ

1205 5586 1357 5661 Act:
1383 5598 1437 5647 x,
1470 5584 1585 5661 44H;
1625 5582 1759 5639 Luc.
1786 5600 1841 5652 x,
1872 5587 1939 5639 42
1969 5601 1984 5651 ;
2019 5584 2161 5641 Luc.

2272 5602 2319 5654 ε,
2351 5590 2383 5645 9
2418 5602 2432 5653 ;
2468 5589 2603 5644 Luc.
2649 5603 2743 5655 v11,
2779 5587 2845 5643 48
2876 5607 2893 5661 ;
2922 5589 3098 5645 Joan.
3140 5603 3213 5653 IV,
3258 5586 3323 5642 14
3370 5601 3385 5653 ;
3431 5585 3571 5641 Luc.
3613 5597 3774 5648 xxm,
3818 5580 3911 5636 43.
