4148 6262
292 282 405 340 569

291 417 448 482 σῶμα
491 410 620 481 υπὲρ
670 407 836 479 ἡμῶν,
888 405 1123 480 ὑπεράνω
1170 410 1268 455 τῶν
1321 402 1548 477 οὐρανῶν
1582 419 1595 432 ⁸
1644 407 1734 455 καὶ
1784 408 1899 456 τότε
1937 417 1985 471 Α

290 498 502 557 εἰσῆλθε
530 501 621 548 xui
673 495 1025 567 συνεκεράσθη
1086 491 1134 544 ἐν
1190 500 1305 554 ταῖς
1361 490 1566 562 ψυχαῖς
1619 492 1786 544 αὐτῶν
1847 497 1905 544 τὸ

288 594 505 659 Πνεῦμα
556 588 614 637 τὸ
643 583 1000 658 παράκλητον.
1062 586 1160 634 Καὶ
1190 581 1320 639 αύτὴ
1375 583 1403 638 ἡ
1440 580 1658 638 ἀλήθεια
1699 588 1908 657 φανεροῖ

292 676 487 734 ἑαυτὸν
536 674 609 736 εἰς
654 675 744 733 τὰς
795 671 978 743 ψυχὰς
1027 673 1117 731 τὰς
1170 672 1362 731 πιστάς
1392 687 1403 698 ·
1466 690 1556 722 και
1614 672 1829 744 ἔρχεται
1882 673 1907 723 ὁ

294 765 606 840 ἕπουράνιος
653 763 923 835 ἅνθρωπος
975 763 1105 832 μετά
1160 765 1252 811 τοῦ
1307 757 1578 832 ἀνθρώπου
1642 778 1758 824 σου,
1818 770 1907 817 καὶ

295 859 535 927 γίγνεται
610 852 677 911 εἰς
729 855 854 922 μίαν
912 853 1200 902 κοινωνίαν.
1270 846 1427 899 Ὀσοι
1502 843 1588 898 οὖν
1647 847 1779 899 εἰσιν
1837 848 1910 904 εἰς

300 941 599 1008 διακονίαν,
629 945 721 993 καὶ
764 941 1043 1013 προθύμως
1095 939 1266 989 πάντα
1319 944 1530 988 ποιοῦσι
1588 933 1680 988 διὰ
1729 937 1905 1003 ζῆλον,

302 1038 394 1085 καὶ
444 1037 641 1097 πίστιν,
673 1034 763 1081 καὶ
802 1026 1010 1099 ἀγάπην
1061 1033 1216 1091 Θεοῦ,
1262 1025 1388 1077 αύτὸ
1437 1024 1595 1076 ἐκεῖνο
1626 1029 1756 1096 μετά
1794 1046 1909 1077 και-

298 1127 391 1195 ρόν
444 1139 546 1172 τινε
600 1122 742 1191 φέρει
792 1117 985 1176 αὐτούς
1038 1114 1111 1176 εἰς
1166 1122 1357 1185 γνῶσιν
1418 1113 1577 1173 αὐτῆς
1632 1122 1727 1173 τῆς
1787 1113 1910 1172 ἀλη-

305 1212 466 1271 θείας.
518 1207 577 1260 Ὀ
628 1209 729 1282 γὰρ
790 1208 978 1277 Κύριος
1025 1210 1334 1275 φανεροῦται
1389 1209 1505 1263 ταῖς
1560 1201 1764 1273 ψυχαῖς
1819 1204 1912 1255 αύ-

301 1308 426 1364 τῶν,
459 1303 549 1349 καὶ
582 1293 834 1349 διδάσκει
888 1294 1082 1354 αύτούς
1111 1297 1203 1350 τὴν
1246 1291 1574 1365 ἀναστροφὴν
1605 1300 1697 1343 τοῦ
1755 1292 1910 1363 ἁγίου

305 1390 624 1460 Πνεύματος.
673 1384 805 1447 Δόξα
834 1388 922 1435 καὶ
970 1384 1332 1457 προσκύνησις
1380 1388 1451 1451 τῷ
1482 1386 1671 1454 Πατρὶ,
1721 1387 1810 1433 καὶ
1840 1389 1911 1453 τῷ

300 1479 430 1548 Υἱῷ,
508 1480 597 1527 καὶ
670 1481 743 1546 τῷ
809 1472 939 1544 ἁγίῳ
1014 1473 1297 1543 Πνεύματι,
1377 1470 1450 1529 είς
1508 1473 1628 1531 τούς
1703 1470 1909 1531 αἰῶνας.

303 1566 500 1638 Ἀμήν.

508 1480 597 1527 καὶ
670 1481 743 1546 τῷ
809 1472 939 1544 ἁγίῳ
1014 1473 1297 1543 Πνεύματι,

904 1654 1151 1703 ΟΜΙΛΙΑ
1194 1646 1297 1703 ΙΓ’.

559 1739 662 1794 ⁸ον
688 1742 933 1813 καρπὸν
966 1737 1228 1790 ἀπαιτεῖ
1254 1738 1279 1787 6
1310 1739 1462 1797 Θεὸς
1500 1738 1673 1811 παρά
1951 1771 1990 1824 Β

808 1820 922 1863 τῶν
956 1816 1355 1883 Χριστιανῶν
1386 1824 1400 1874 ;

387 1904 567 1955 Πάντα
618 1904 683 1953 τὰ
738 1918 1017 1973 φαινομενα
1071 1900 1269 1949 ἔκτισεν
1327 1899 1352 1949 6
1407 1900 1553 1965 Θεὸς,
1609 1901 1697 1949 καὶ
1756 1893 1917 1949 ἔδωκε

316 2000 434 2052 τοῖς
482 1990 774 2064 ἀνθρώποις
813 1989 884 2050 εἰς
915 1987 1210 2039 ἀνάπαυσιν
1252 1991 1341 2038 xui
1374 1990 1591 2058 τρυφὴν,
1625 1991 1714 2038 καὶ
1765 1990 1917 2057 νόμον

310 2078 661 2140 δικαιοσύνης
711 2075 900 2131 ἔδωκεν
933 2076 1125 2136 αὐτοῖς.
1157 2079 1284 2128 Ἀπὸ
1329 2071 1388 2127 δὲ
1418 2083 1509 2134 τῆς
1561 2082 1652 2126 τοῦ
1684 2082 1918 2148 Χριστοῦ

310 2175 639 2246 παρουσίας,
692 2167 843 2220 ἄλλον
894 2170 1093 2240 καρπόν
1138 2165 1289 2225 ζητεῖ
1337 2166 1363 2215 ό
1412 2167 1550 2231 Θεὸς,
1613 2169 1702 2215 καὶ
1762 2163 1919 2223 οἰλλην

313 2257 685 2327 δικαιοσύνην,
718 2263 811 2315 τήν
842 2258 1180 2328 καθαρότητα
1208 2261 1304 2315 τῆς
1333 2249 1580 2325 καρδίας,
1616 2249 1921 2310 συνείδησιν

312 2348 535 2421 ἀγαθὴν,
611 2347 799 2418 λόγους
850 2347 1141 2419 χρηστοὺς,
1219 2343 1533 2413 ἐνθυμήσεις
1592 2345 1783 2413 σεμνὰς
1834 2346 1923 2393 xui

311 2438 538 2510 ἀγαθὰς,
566 2441 652 2489 xui
681 2439 853 2488 πάντα
900 2438 966 2487 τά
990 2443 1090 2485 τῶν
1144 2432 1305 2505 ἁγίων
1337 2434 1735 2505 κατορθώματα.
1772 2436 1926 2507 Λέγει

312 2531 418 2602 γάρ
468 2530 494 2579 ό
550 2528 757 2598 Κύριος,
807 2523 942 2577 Ἐἀν
981 2527 1061 2594 μὴ
1104 2524 1508 2594 περισσεύσῃ
1553 2522 1720 2593 ύμῶν
1759 2522 1788 2578 ἡ
1835 2517 1928 2573 δι..

315 2619 637 2672 καιοσύνη
680 2613 897 2666 πλεῖον
955 2620 1072 2663 τῶν
1111 2612 1539 2684 γραμματέων
1601 2615 1708 2661 xui
1745 2616 1924 2683 Φαρι-

321 2711 540 2771 σαίων,
582 2703 650 2756 ού
717 2700 1001 2754 δύνασθε
1064 2698 1379 2751 εἰσελθεῖν
1442 2697 1533 2760 εἰς
1570 2703 1681 2757 τὴν
1742 2697 1925 2770 βασι-

316 2795 489 2847 λείαν
528 2802 645 2846 τῶν
685 2791 985 2866 οὐρανῶν.
1049 2788 1136 2841 Ἐν
1194 2797 1272 2859 τῷ
1310 2793 1474 2860 νόμῳ
1538 2792 1920 2863 γέγραπται,

319 2889 414 2943 Μὴ
456 2885 845 2954 πορνεύσῃς·
910 2878 1029 2950 ἐγὼ
1071 2876 1139 2930 δε
1199 2876 1357 2949 λέγω
1393 2878 1561 2948 ύμῖν,
1598 2882 1756 2949 μήτε
1796 2878 1924 2930 ἐπι-

324 2977 490 3045 θυμή
509 2992 581 3045 σῃ
605 2992 645 3036 ς,
686 2975 848 3043 μήτε
886 2968 1222 3042 ὀργισθῇς.
1244 2971 1357 3038 Χρὴ
1382 2970 1483 3040 γὰρ
1505 2970 1592 3018 τὸν
1613 2966 1923 3040 βουλόμενον

326 3062 467 3133 φίλον
498 3057 626 3112 εἶναι
656 3067 811 3124 Θεοῦ,
844 3058 1114 3131 φυλάττειν
1165 3056 1345 3108 ἑαυτὸν
1378 3055 1477 3108 ἀπὸ
1520 3064 1612 3107 τοῦ
1640 3057 1807 3130 ῥύπου
1835 3066 1925 3117 τῆς

1462 274 1797 333 HOMILLE.
1839 311 1907 321 —
1946 281 2122 341 HOM.
2164 285 2317 355 XIII,
2357 287 2507 345 XIV.

3567 297 3672 351 570

2016 424 2129 479 pus
2181 426 2289 481 pro
2341 412 2514 467 nobis
2550 427 2731 484 super
2790 412 2996 469 caelos.
3028 415 3093 469 Et
3153 420 3293 470 tunc
3341 416 3565 474 introiit
3597 434 3674 475 ac

2016 500 2369 555 commistus
2396 505 2484 556 est
2514 517 2722 556 eorum
2756 502 2978 557 animis
3017 502 3273 573 Spiritus
3305 507 3671 575 paracletus.

2021 589 2152 657 Ipsa
2190 604 2433 660 quoque
2475 591 2689 646 veritas
2738 591 3082 647 manifestat
3110 608 3172 647 se
3227 594 3423 664 ipsam
3462 596 3680 651 animis

2020 675 2336 732 ﬁdelibus:
2372 694 2441 733 ac
2485 680 2865 749 congreditur
2895 680 3150 736 caelestis
3182 682 3365 738 homo
3408 699 3547 739 cum
3577 685 3682 739 ho-

2020 765 2180 821 mine
2238 772 2357 833 tuo,
2407 773 2463 823 et
2502 768 2565 823 ﬁt
2609 785 2727 824 una
2776 769 3047 825 societas.
3098 772 3450 843 Quicunque
3508 774 3683 842 igitur

2022 855 2347 910 ministerio
2399 858 2563 912 vario
2609 864 2843 922 vacant,
2874 863 2930 913 et
2976 859 3250 915 alacriter
3301 862 3508 917 omnia
3548 878 3684 934 per-

2020 950 2226 1011 agunt,
2265 944 2413 1007 zelo,
2448 946 2584 1010 ﬁde,
2627 945 2940 1001 dilectione
2972 947 3072 1001 Dei
3114 948 3377 1019 impulsi,
3414 950 3558 1005 illud
3590 952 3681 1022 ip-

2022 1048 2158 1086 sum
2190 1033 2499 1105 aliquanto
2532 1040 2666 1105 post
2692 1035 2855 1090 ducit
2878 1038 3057 1091 eosin
3075 1039 3681 1111 cognitionemipsius

2023 1121 2303 1175 veritatis.
2342 1125 2631 1177 Dominus
2663 1123 2825 1178 enim
2867 1130 3119 1195 apparet
3158 1127 3378 1181 animis
3416 1126 3675 1193 illorum,

2021 1214 2075 1263 et
2113 1209 2287 1266 docet
2316 1227 2420 1266 eos
2454 1214 2973 1268 conversationem
3007 1214 3257 1284 Spiritus
3298 1217 3505 1271 sancti.
3540 1216 3679 1272 Glo-

2022 1298 2109 1352 ria
2131 1303 2186 1351 et
2216 1299 2489 1355 adoratio
2519 1301 2692 1366 Patri,
2723 1306 2779 1355 et
2811 1300 2975 1366 Filio,
2999 1307 3055 1356 et
3088 1302 3326 1373 Spiritui
3360 1310 3592 1368 sancto,
3618 1306 3679 1360 in

2024 1385 2263 1442 saecula.
2291 1392 2503 1443 Amen.

2626 1653 2921 1710 HOMILIA
2959 1654 3099 1709 XIII.

2098 1741 2272 1805 Quem
2307 1741 2579 1812 fructum
2612 1758 2647 1797 a
2681 1742 3037 1799 Christianis
3067 1744 3219 1799 Deus
3251 1746 3522 1815 requirat
3553 1748 3577 1798 .'

2097 1901 2330 1969 Omnia,
2388 1917 2523 1972 quae.
2570 1902 2871 1967 videntur,
2916 1904 3133 1957 creavit
3195 1906 3366 1968 Deus,
3410 1910 3465 1959 et
3519 1905 3685 1962 dedit

2030 1990 2375 2045 hominibus
2412 1992 2472 2045 in
2513 1992 2938 2046 recreationem
2985 1998 3038 2046 et
3068 1993 3332 2058 delicias,
3378 2009 3447 2049 ac
3490 1993 3683 2063 legem

2029 2078 2141 2132 illis
2166 2079 2329 2134 dedit
2357 2079 2621 2149 justitias.
2659 2082 2737 2134 Ex
2777 2095 2898 2151 quo
2949 2096 3086 2136 vero
3119 2082 3382 2137 Christus
3423 2082 3683 2150 advenit,

2030 2166 2216 2223 alium
2249 2167 2504 2221 fructum
2526 2169 2769 2238 requirit
2797 2172 2971 2233 Deus,
2989 2174 3166 2240 atque
3180 2170 3359 2225 aliam
3372 2171 3686 2240 justitiam,

2030 2256 2350 2327 puritatem
2376 2272 2594 2327 nempe
2610 2257 3275 2322 cordis,conscientiam
3305 2260 3690 2325 bonam,ser-

2035 2361 2245 2400 mones
2277 2346 2464 2408 utiles,
2514 2345 2908 2415 cogitationes
2935 2355 3135 2402 castas
3175 2354 3229 2402 et
3266 2348 3484 2416 bonas,
3507 2356 3687 2421 atque

2033 2434 2239 2489 omnia
2290 2440 2630 2489 sanctorum
2677 2433 2896 2489 ofﬁcia.
2932 2435 3078 2489 Dicit
3135 2436 3290 2490 enim
3336 2438 3625 2492 Dominus
3670 2456 3686 2498 :

2032 2522 2164 2579 Nisi
2186 2523 2581 2579 abundaverit
2600 2530 2796 2578 vestra
2815 2523 3073 2593 justitia,
3084 2525 3227 2594 plus
3248 2541 3428 2595 quam
3454 2526 3690 2582 Scriba-

2034 2628 2167 2667 rum
2180 2616 2232 2667 et
2244 2613 2708 2683 Pharisaeorum,
2723 2629 2839 2667 non
2851 2613 3092 2682 potestis
3107 2615 3341 2683 ingredi
3354 2616 3417 2669 in
3440 2632 3689 2685 regnum

2034 2703 2331 2757 calorum.
2346 2702 2417 2757 In
2435 2703 2560 2771 tege
2581 2702 2871 2770 scriptum
2891 2710 2972 2758 est
2991 2702 3159 2757 :Non
3174 2705 3498 2759 committes
3510 2705 3691 2760 adul-

2035 2793 2245 2846 terium
2259 2808 2278 2845 :
2292 2798 2472 2862 atego
2484 2792 2610 2846 dico
2624 2793 2934 2857 vobis,Non
2950 2792 3337 2861 concupiscas
3350 2794 3691 2850 autirasca-

2033 2881 2118 2934 ris
2171 2879 2239 2933 ³⁸.
2273 2881 2508 2950 Oportet
2557 2881 2720 2935 enim
2772 2896 2910 2936 eum
2963 2882 3069 2952 qui
3124 2888 3366 2951 exoptat
3422 2885 3688 2937 amicum

2033 2968 2131 3023 Dei
2158 2984 2307 3035 esse,
2336 2984 2690 3024 conservare
2722 2986 2784 3024 se
2823 2987 2857 3025 a
2916 2986 3087 3024 cceno
3152 2971 3399 3041 peccati,
3428 2978 3483 3025 et
3533 2972 3689 3040 ignis

2034 3059 2255 3123 aeterni,
2288 3058 2477 3129 quiin
2511 3057 2684 3113 nobis
2720 3060 2890 3130 viget.
2926 3062 3045 3114 Hoc
3085 3059 3302 3129 dignos
3331 3074 3516 3128 regno
3543 3076 3689 3116 con-

330 3149 607 3221 ἀμαρτίας,
637 3153 726 3200 xui
754 3155 846 3199 τοῦ
871 3151 1034 3221 πυρός
1060 3153 1151 3197 τοῦ
1178 3145 1388 3197 αἰωνίου
1414 3152 1505 3197 τού
1530 3149 1673 3207 ὄντος
1702 3146 1750 3196 ἐν
1777 3147 1921 3217 ἡμῖν.

2049 3146 2238 3202 stituit.
2256 3128 2457 3201 Gloria
2471 3128 2893 3203 misericordia)
2908 3149 3061 3217 ejus,
3078 3153 3135 3203 et
3150 3128 3468 3220 propensae
3484 3148 3691 3203 volun-

325 3245 494 3292 Τοῦτο
525 3235 701 3299 ἀξίους
728 3244 819 3297 τῆς
853 3234 1123 3310 βασιλείας
1146 3236 1467 3291 καθίστησιν
1503 3236 1661 3305 ἡμᾶς,
1702 3234 1837 3297 Δόξα
1859 3242 1922 3307 τῇ

327 3327 694 3397 εύσπλαγχνίᾳ
722 3325 905 3390 αὐτοῦ,
930 3330 1021 3377 καὶ
1046 3328 1289 3396 γενομένῃ
1336 3320 1551 3396 εύδοκίᾳ
1580 3331 1671 3376 τοῦ
1702 3327 1923 3398 Πατρός,

325 3421 419 3470 καὶ
444 3416 592 3481 Υἱοῦ,
619 3418 709 3466 xui
736 3413 887 3486 ἁγίου
920 3416 1231 3485 Πνεύματος.
1260 3411 1444 3485 Ἀμήν.

936 3506 1179 3557 ΟΜΙΛΙΑ
1218 3501 1318 3555 ΙΔ¹.

324 3595 595 3663 Οί-τούς
633 3591 985 3663 λογισμούς
1023 3595 1271 3663 καὶτὸν
1310 3599 1455 3643 νοῦν
1491 3597 1571 3661 τῷ
1618 3598 1750 3661 Θεῳ
1792 3590 1930 3643 ἐπι-

242 3668 247 3673 ’
399 3660 724 3729 διδόντες,
754 3660 919 3715 τοῦτ’
955 3662 1037 3715 ἐπ’
1080 3660 1317 3734 ἐλπίδι-
1356 3670 1463 3714 τοῦ
1516 3660 1929 3734 φωτισθῆναι

403 3740 549 3797 τοὺς
580 3733 947 3809 ὀφθαλμούς
994 3742 1106 3809 τῆς
1158 3731 1437 3809 καρδίας
1493 3731 1781 3802 ποιοῦσι,
1822 3739 1928 3787 καὶ

401 3809 426 3859 ὁ
458 3806 996 3868 Θεὸξτοιούτους
1045 3806 1100 3857 ἐν
1148 3806 1453 3878 ἁγιότητι
1501 3809 1925 3878 καὶικαθαρ-ό-

399 3897 846 3951 τητιμεγιίστῃ
874 3875 1253 3951 μυστηρίων
1287 3877 1479 3942 ἀξιοῖ,
1533 3882 1640 3951 καὶ
1670 3875 1931 3949 μεταδί-

406 3947 604 4003 δωσιν
658 3947 885 4021 αὐτοῖς
933 3948 996 3999 ἐκ
1049 3947 1162 4010 τῆς
1217 3951 1494 4021 χάριτος
1550 3947 1763 4021 αὐτοῦ.
1816 3954 1930 4002 Καὶ

404 4027 465 4074 τί
513 4022 760 4092 ἀγαθῶν
793 4019 1485 4093 ,ἐπουρανίωνητυχεῖν
1545 4020 1931 4093 βουλόμενοι

405 4101 613 4147 ποιεῖν
645 4092 1010 4164 ὀφείλωμεν.
1054 4096 1294 4146 Λοιπὸν
1334 4095 1391 4143 οἱ
1440 4092 1792 4144 ἀπόστολοι
1823 4097 1932 4144 καὶ

406 4167 463 4218 οἱ
520 4162 836 4239 προφῆται
885 4162 1390 4237 “ἀφομοιοῦνται
1474 4170 1609 4224 τοῖς
1670 4164 1931 4239 ἀκτῖσιν

410 4232 593 4295 ἡλίου
626 4232 736 4288 δίἀ
762 4232 1580 4307 θυρίδὸςέὶσερχομένοις.
1618 4232 1932 4288 Διδάσκει

411 4312 518 4360 καὶ
650 4307 893 4380 ὁμιλία,
923 4311 1019 4369 τίς
1050 4310 1079 4366 ἠ
1115 4315 1192 4379 γῆ
1228 4314 1337 4380 τοῦ
1390 4311 1934 4380 Σατανᾶλκαὶλτίς

410 4387 528 4433 τῶν
576 4376 874 4452 ἀγγέλων,
932 4383 1040 4431 xui
1092 4376 1190 4431 ὅτι
1233 4376 1561 4451 ἀμφότερα
1603 4377 1936 4452 ἀφηλάφη-

412 4470 517 4511 τος
569 4449 675 4503 καί
730 4449 1026 4525 ἀόρατος.

416 4540 494 4593 Δ’.
529 4541 704 4591 Πάντα
746 4541 812 4591 τὰ
840 4537 888 4590 iv
932 4547 1004 4610 τῷ
1033 4543 1214 4611 κόσμῳ
1268 4543 1546 4610 φαινόμενα
1584 4540 1710 4610 ἔργα
1754 4537 1829 4591 ἐπ’
1858 4538 1938 4590 ίλ-

338 4625 464 4683 πίδι
505 4634 721 4701 γίνεται,
755 4628 859 4689 αεὶς
911 4631 968 4681 τὸ
1021 4627 1324 4701 μεταλαϐεῖν
1371 4637 1467 4680 τῶν
1524 4630 1768 4699 καμάτων
1803 4646 1815 4657 ⁸
1847 4634 1936 4682 καὶ

343 4718 487 4788 εἰμή
520 4736 599 4779 τις
647 4717 694 4769 ἐν
742 4720 886 4791 πάσῃ
938 4718 1264 4791 πληροφορίᾳ
1318 4716 1590 4788 ἀπολαύσῃ
1621 4726 1720 4769 τῶν
1746 4722 1932 4785 πόνων,

338 4802 502 4860 οὐδὲν
533 4806 819 4877 ὠφελεῖται.
870 4810 969 4858 Καὶ
1012 4810 1109 4879 γὰρ
1156 4810 1181 4857 ό
1225 4809 1450 4879 γεωργός
1500 4810 1699 4880 σπείρει
1749 4805 1823 4857 ἐπ’
1863 4806 1933 4859 ἐλ-

335 4891 459 4949 πίδι
514 4902 747 4967 καρπῶν,
797 4898 887 4945 xui
933 4896 1197 4965 καμάτους
1235 4897 1476 4969 ύποφέρει
1532 4890 1624 4946 διὰ
1655 4899 1741 4952 τὴν
1773 4914 1934 4968 προσ-

338 4980 524 5038 δοκίαν
556 4999 567 5010 ·
600 4980 715 5033 Ἐπ’
752 4979 993 5049 ἑλπίδι,
1026 4988 1183 5053 φησὶν
1215 4984 1241 5034 6
1273 4983 1585 5056 ἀροτριῶν
1624 4985 1932 5057 ἁροτριᾷ’

334 5076 429 5125 καὶ
460 5070 485 5121 6
514 5066 849 5139 λαμϐάνων
887 5078 1186 5140 γυναῖκα,
1231 5071 1315 5123 ἐπ’
1352 5068 1572 5124 ἐλπίδι
1609 5080 1716 5124 τοῦ
1756 5075 1934 5143 ἔχειν

336 5160 743 5231 κληρονόμου
763 5179 803 5219 ς.
854 5164 951 5210 Καὶ
985 5159 1010 5208 6
1041 5161 1263 5232 ἔμπορος
1290 5157 1515 5212 δίδωσιν
1546 5162 1722 5213 ἑαυτὸν
1753 5161 1819 5221 εἰς
1848 5163 1937 5213 θά-

335 5249 527 5302 λατταν
551 5252 638 5299 xui
672 5248 887 5300 θάνατον
918 5248 1120 5318 ἕτοιμον
1143 5245 1236 5300 διὰ
1266 5252 1323 5301 τὸ
1353 5246 1558 5320 κέρδος.
1589 5250 1740 5302 Ούτω
1766 5255 1853 5302 καὶ
1885 5255 1933 5302 iv

335 5345 399 5411 τῇ
434 5333 679 5412 βασιλείᾳ
722 5345 822 5389 τῶν
870 5337 1120 5411 οὐρανῶν,
1152 5336 1227 5389 ἐπ’
1265 5333 1438 5389 ἐλπίδι
1489 5345 1580 5390 τοῦ
1607 5341 1935 5411 φωτισθῆναι

337 5431 455 5487 τούς
487 5425 778 5499 ὀφθαλμούς
810 5436 905 5491 τῆς
932 5424 1174 5500 καρδίας,
1218 5423 1418 5480 δίδωσί
1462 5446 1540 5490 τις
1571 5428 1772 5495 ἑαυτὸν,
1813 5429 1933 5481 ἀνα-

335 5524 528 5591 χωρῶν
556 5524 655 5569 τῶν
709 5515 972 5591 βιωτικῶν
1029 5519 1373 5592 πραγμάτων,
1424 5522 1513 5571 xui
1570 5517 1852 5590 σχολάζων
1883 5520 1932 5570 ἓν

414 5680 460 5714 ⁸³
500 5678 699 5737 Matth.
732 5695 784 5751 ν,
814 5681 883 5736 20
916 5693 1042 5754 seq.

1966 4489 2011 4543 D

2036 3235 2139 3291 tati
2190 3250 2332 3305 erga
2383 3252 2515 3301 nos,
2551 3237 2757 3301 Patris,
2788 3244 2843 3292 et
2885 3237 3031 3303 Filii,
3064 3244 3120 3292 et
3167 3237 3418 3308 Spiritus
3476 3238 3692 3294 sancti.

2035 3328 2245 3381 Amen.

2620 3505 2904 3561 HOMlLIA
2948 3504 3082 3560 XIV.

2040 3593 2152 3661 Qui
2177 3592 2555 3665 cogitationes
2568 3609 2638 3649 ac
2650 3597 2890 3650 mentem
2910 3595 3027 3649 Deo
3061 3594 3333 3663 tradunt,
3352 3594 3460 3649 hoc
3472 3594 3578 3648 sub
3589 3608 3691 3662 spe

2108 3666 2626 3721 ittuminandorum
2641 3668 2949 3721 oculorum
2963 3665 3151 3721 cordis
3159 3667 3406 3735 faciunt
3417 3681 3438 3720 .·
3450 3681 3521 3721 ac
3536 3667 3689 3721 Deus

2109 3738 2447 3806 hujusmodi
2460 3738 2522 3791 in
2537 3753 2768 3792 summa
2781 3736 3166 3792 sanctimonia
3184 3753 3249 3791 ac
3262 3738 3529 3806 puritate
3559 3750 3693 3806 my-

2107 3809 2293 3863 steriis
2323 3808 2529 3876 dignos
2556 3815 2818 3878 reputat,
2834 3824 2905 3863 ac
2913 3808 3225 3877 participes
3238 3808 3392 3876 facit
3407 3808 3537 3862 ittos
3550 3823 3695 3877 gra-

2110 3880 2207 3933 tim
2230 3881 2651 3950 suae.Quidque
2683 3881 2837 3934 bona
2863 3880 3111 3934 caelestia
3126 3879 3503 3934 consecuturi
3516 3894 3693 3948 agere

2110 3950 2346 4006 debeam
2355 3966 2441 4005 us.
2457 3950 2713 4005 Tandem
2728 3950 2980 4019 apostoli
2988 3959 3040 4004 et
3053 3950 3356 4017 proli/icta:
3369 3952 3695 4004 assimitan-

2114 4030 2214 4075 tur
2243 4022 2432 4075 radiis
2456 4022 2776 4085 sotaribus,
2790 4025 3233 4089 perfenestram
3246 4020 3547 4089 ingressis.
3587 4022 3695 4074 Do-

2112 4097 2199 4147 cet
2228 4108 2458 4162 quoque
2483 4092 2749 4155 homitia,
2781 4107 2912 4161 quae
2942 4092 3015 4145 sit
3031 4099 3194 4146 terra
3221 4091 3696 4162 Satanw,etquas

2112 4161 2484 4232 angelorum,
2512 4172 2565 4219 et
2596 4164 2755 4234 quod
2780 4168 3037 4233 utraque
3069 4177 3177 4218 nec
3198 4161 3562 4218 contrectari
3591 4176 3697 4218 nec

2114 4234 2302 4291 videri
2325 4234 2533 4305 possit.

2121 4538 2235 4610 50
2266 4537 2308 4592 Ι.
2342 4538 2555 4594 Omnia
2579 4552 2782 4608 opera,
2818 4552 2952 4608 quae
2984 4536 3046 4591 in
3083 4536 3199 4592 hoc
3231 4536 3458 4591 mundo
3496 4537 3698 4591 viden-

2047 4633 2158 4692 tur,
2188 4627 2300 4681 sub
2330 4644 2434 4698 spe
2482 4627 2679 4697 aliqua
2725 4626 2874 4680 ﬁunt
2904 4624 3139 4680 fruendi
3179 4625 3490 4681 laboribus
3549 4626 3696 4682 suis.

2046 4716 2113 4770 Et
2143 4716 2253 4770 nisi
2282 4717 2418 4787 quis
2468 4715 2640 4787 plene
2688 4714 2799 4770 sibi
2855 4718 3211 4786 persuadeat
3258 4731 3320 4769 se
3379 4713 3697 4771 fruiturum

2044 4804 2376 4874 laboribus,
2420 4805 2500 4860 nil
2549 4804 2853 4860 commodi
2909 4804 3174 4875 percipit.
3217 4803 3489 4873 Agricola
3537 4805 3697 4859 enim

2048 4893 2279 4949 semina
2305 4892 2417 4948 sub
2448 4909 2555 4963 spe
2583 4892 2906 4957 fructuum,
2939 4909 3007 4949 ac
3023 4893 3261 4948 labores
3295 4894 3701 4964 sustinetpro-

2046 4989 2174 5055 pter
2193 4982 2719 5053 exspectationem.
2743 4983 2812 5037 In
2843 4998 2965 5051 spe,
2990 4984 3198 5053 inquit,
3228 4983 3331 5053 qui
3356 4983 3694 5047 arat,debet

2046 5087 2225 5127 arare
2246 5089 2266 5124 .·
2288 5076 2342 5127 et
2372 5072 2475 5141 qui
2503 5071 2677 5127 duxit
2712 5086 2979 5138 uxorem,
3010 5072 3117 5127 sub
3143 5087 3243 5140 spe
3275 5072 3690 5128 habendorum

2047 5160 2350 5216 hieredum
2381 5161 2449 5212 ³³.
2475 5163 2754 5215 Mercator
2775 5176 3018 5231 quoque
3049 5160 3363 5216 committit
3390 5178 3449 5216 se
3475 5160 3623 5216 mari
3646 5164 3701 5216 et

2044 5251 2220 5305 morti
2249 5248 2741 5319 promptissimus,
2766 5248 2909 5303 lucri
2929 5252 3140 5319 gratia.
3169 5251 3253 5305 Ita
3271 5265 3513 5323 quoque
3536 5254 3595 5304 in
3617 5265 3703 5305 re-

2045 5355 2165 5410 gno
2203 5338 2507 5404 caelorum,
2549 5337 2663 5392 sub
2692 5352 2795 5408 spe
2820 5338 3356 5394 illuminandorum
3382 5340 3697 5395 oculorum

2045 5426 2260 5494 cordis,
2325 5425 2498 5482 tradit
2556 5425 2773 5498 aliquis
2833 5443 2897 5482 se
2941 5428 3161 5497 ipsum,
3214 5428 3423 5498 procul
3487 5427 3695 5481 absce-

2044 5516 2193 5573 dens
2242 5531 2280 5572 a
2333 5514 2513 5571 rebus
2581 5514 2988 5585 sascuIaribus,
3068 5515 3328 5572 intentus
3403 5512 3698 5589 precatio-
