  <div class='ocr_page' id='page_1' title='image "/cluster/home/n/w/nwhite01/storage/ocr_20150623/34/mdp.39015041165401/333.png"; bbox 0 0 4148 6262; ppageno 0'>
   <div class='ocr_carea' id='block_1_1' title="bbox 513 224 3872 290">
    <p class='ocr_par' dir='ltr' id='par_1_1' title="bbox 513 224 3872 290">
     <span class='ocr_line' id='line_1_1' title="bbox 513 224 3872 290; baseline -0.002 0"><span class='ocrx_word' id='word_1_1' title='bbox 513 236 615 290; x_wconf 82' lang='grc'>571</span> <span class='ocrx_word' id='word_1_2' title='bbox 1689 260 1697 269; x_wconf 87' lang='lat'><strong>-</strong></span> <span class='ocrx_word' id='word_1_3' title='bbox 1816 227 1876 282; x_wconf 89' lang='lat' dir='ltr'><strong>S.</strong></span> <span class='ocrx_word' id='word_1_4' title='bbox 1917 224 2216 282; x_wconf 80' lang='lat' dir='ltr'><strong>MACARII</strong></span> <span class='ocrx_word' id='word_1_5' title='bbox 2254 224 2564 282; x_wconf 66' lang='lat' dir='ltr'><strong>EGYPTII</strong></span> <span class='ocrx_word' id='word_1_6' title='bbox 3768 227 3872 285; x_wconf 72' lang='lat'><strong>572</strong></span> 
     </span>
    </p>
   </div>
   <div class='ocr_carea' id='block_1_2' title="bbox 514 349 2152 429">
    <p class='ocr_par' dir='ltr' id='par_1_2' title="bbox 514 352 2152 425">
     <span class='ocr_line' id='line_1_2' title="bbox 514 352 2152 425; baseline -0.005 -10"><span class='ocrx_word' id='word_1_7' title='bbox 514 360 694 416; x_wconf 89' lang='lat' dir='ltr'><strong>nibus</strong></span> <span class='ocrx_word' id='word_1_8' title='bbox 750 366 806 415; x_wconf 92' lang='lat' dir='ltr'><strong>et</strong></span> <span class='ocrx_word' id='word_1_9' title='bbox 857 355 1399 419; x_wconf 81' lang='lat' dir='ltr'><strong>obsecrationibus,</strong></span> <span class='ocrx_word' id='word_1_10' title='bbox 1445 357 1798 425; x_wconf 89' lang='lat' dir='ltr'><strong>exspectans</strong></span> <span class='ocrx_word' id='word_1_11' title='bbox 1846 352 2152 407; x_wconf 83' lang='lat' dir='ltr'><strong>Dominum</strong></span> 
     </span>
    </p>
   </div>
   <div class='ocr_carea' id='block_1_3' title="bbox 2238 349 3876 429">
    <p class='ocr_par' dir='ltr' id='par_1_3' title="bbox 2238 349 3876 429">
     <span class='ocr_line' id='line_1_3' title="bbox 2238 349 3876 429; baseline 0.004 -27"><span class='ocrx_word' id='word_1_12' title='bbox 2238 401 2240 407; x_wconf 87' lang='lat'><em>_</em></span> <span class='ocrx_word' id='word_1_13' title='bbox 2277 352 2462 423; x_wconf 78' lang='grc' dir='ltr'><strong>εὐχαῖς</strong></span> <span class='ocrx_word' id='word_1_14' title='bbox 2492 356 2580 404; x_wconf 85' lang='grc' dir='ltr'>καὶ</span> <span class='ocrx_word' id='word_1_15' title='bbox 2625 349 2863 417; x_wconf 75' lang='grc' dir='ltr'>δεήσεσι,</span> <span class='ocrx_word' id='word_1_16' title='bbox 2910 350 3335 426; x_wconf 85' lang='grc' dir='ltr'>προσδεχόμενος</span> <span class='ocrx_word' id='word_1_17' title='bbox 3378 359 3465 407; x_wconf 87' lang='grc' dir='ltr'>τὸν</span> <span class='ocrx_word' id='word_1_18' title='bbox 3497 358 3707 429; x_wconf 82' lang='grc' dir='ltr'>Κύριον,</span> <span class='ocrx_word' id='word_1_19' title='bbox 3752 360 3876 408; x_wconf 87' lang='grc' dir='ltr'>πότε</span> 
     </span>
    </p>
   </div>
   <div class='ocr_carea' id='block_1_4' title="bbox 512 440 2150 521">
    <p class='ocr_par' dir='ltr' id='par_1_4' title="bbox 512 444 2150 521">
     <span class='ocr_line' id='line_1_4' title="bbox 512 444 2150 521; baseline -0.005 -17"><span class='ocrx_word' id='word_1_20' title='bbox 512 449 761 521; x_wconf 83' lang='lat' dir='ltr'><strong>quando</strong></span> <span class='ocrx_word' id='word_1_21' title='bbox 794 448 1041 503; x_wconf 87' lang='lat' dir='ltr'><strong>veniens</strong></span> <span class='ocrx_word' id='word_1_22' title='bbox 1077 445 1414 500; x_wconf 77' lang='lat' dir='ltr'><strong>manifestat</strong></span> <span class='ocrx_word' id='word_1_23' title='bbox 1443 444 1495 497; x_wconf 89' lang='lat' dir='ltr'><strong>ei</strong></span> <span class='ocrx_word' id='word_1_24' title='bbox 1525 459 1586 497; x_wconf 90' lang='lat' dir='ltr'><strong>se</strong></span> <span class='ocrx_word' id='word_1_25' title='bbox 1623 444 1837 514; x_wconf 90' lang='lat' dir='ltr'><strong>ipsum,</strong></span> <span class='ocrx_word' id='word_1_26' title='bbox 1869 448 1924 496; x_wconf 88' lang='lat' dir='ltr'><strong>et</strong></span> <span class='ocrx_word' id='word_1_27' title='bbox 1952 457 2150 496; x_wconf 90' lang='lat' dir='ltr'><strong>emun-</strong></span> 
     </span>
    </p>
   </div>
   <div class='ocr_carea' id='block_1_5' title="bbox 2238 440 3876 521">
    <p class='ocr_par' dir='ltr' id='par_1_5' title="bbox 2275 440 3876 519">
     <span class='ocr_line' id='line_1_5' title="bbox 2275 440 3876 519; baseline 0.003 -27"><span class='ocrx_word' id='word_1_28' title='bbox 2275 441 2432 492; x_wconf 71' lang='grc' dir='ltr'>ἐλθὼν</span> <span class='ocrx_word' id='word_1_29' title='bbox 2488 440 2756 512; x_wconf 80' lang='grc' dir='ltr'>ἐμφανίσει</span> <span class='ocrx_word' id='word_1_30' title='bbox 2802 442 2939 513; x_wconf 79' lang='grc' dir='ltr'>αύτῷ</span> <span class='ocrx_word' id='word_1_31' title='bbox 2996 443 3195 508; x_wconf 85' lang='grc' dir='ltr'>ἑαυτὸν,</span> <span class='ocrx_word' id='word_1_32' title='bbox 3243 448 3333 495; x_wconf 83' lang='grc' dir='ltr'>καὶ</span> <span class='ocrx_word' id='word_1_33' title='bbox 3384 446 3663 519; x_wconf 90' lang='grc' dir='ltr'>καθαρίσει</span> <span class='ocrx_word' id='word_1_34' title='bbox 3717 444 3876 497; x_wconf 75' lang='grc' dir='ltr'>αὐτὸν</span> 
     </span>
    </p>
   </div>
   <div class='ocr_carea' id='block_1_6' title="bbox 514 528 2152 607">
    <p class='ocr_par' dir='ltr' id='par_1_6' title="bbox 514 533 1507 607">
     <span class='ocr_line' id='line_1_6' title="bbox 514 533 1507 607; baseline -0.007 -15"><span class='ocrx_word' id='word_1_35' title='bbox 514 538 615 593; x_wconf 90' lang='lat' dir='ltr'><strong>det</strong></span> <span class='ocrx_word' id='word_1_36' title='bbox 641 554 779 592; x_wconf 88' lang='lat' dir='ltr'><strong>eum</strong></span> <span class='ocrx_word' id='word_1_37' title='bbox 811 541 1058 607; x_wconf 90' lang='lat' dir='ltr'><strong>peccato</strong></span> <span class='ocrx_word' id='word_1_38' title='bbox 1085 535 1137 589; x_wconf 90' lang='lat' dir='ltr'><strong>ei</strong></span> <span class='ocrx_word' id='word_1_39' title='bbox 1162 533 1507 588; x_wconf 56' lang='lat' dir='ltr'><strong>inhaerente.</strong></span> 
     </span>
    </p>
   </div>
   <div class='ocr_carea' id='block_1_7' title="bbox 1615 528 3253 607">
    <p class='ocr_par' dir='ltr' id='par_1_7' title="bbox 2276 528 3253 606">
     <span class='ocr_line' id='line_1_7' title="bbox 2276 528 3253 606; baseline 0.005 -25"><span class='ocrx_word' id='word_1_40' title='bbox 2276 532 2330 582; x_wconf 74' lang='grc' dir='ltr'>ἑκ</span> <span class='ocrx_word' id='word_1_41' title='bbox 2360 538 2451 590; x_wconf 86' lang='grc' dir='ltr'>τῆς</span> <span class='ocrx_word' id='word_1_42' title='bbox 2477 529 2779 592; x_wconf 80' lang='grc' dir='ltr'>ἐνοικούσης</span> <span class='ocrx_word' id='word_1_43' title='bbox 2812 528 2952 602; x_wconf 82' lang='grc' dir='ltr'>αύτῷ</span> <span class='ocrx_word' id='word_1_44' title='bbox 2979 532 3253 606; x_wconf 83' lang='grc' dir='ltr'>ἁμαρτίας.</span> 
     </span>
    </p>
   </div>
   <div class='ocr_carea' id='block_1_8' title="bbox 589 647 2227 729">
    <p class='ocr_par' dir='ltr' id='par_1_8' title="bbox 589 651 2165 729">
     <span class='ocr_line' id='line_1_8' title="bbox 589 651 2165 729; baseline -0.004 -17"><span class='ocrx_word' id='word_1_45' title='bbox 589 660 659 715; x_wconf 85' lang='grc' dir='ltr'><strong>ΙΙ.</strong></span> <span class='ocrx_word' id='word_1_46' title='bbox 692 663 807 714; x_wconf 89' lang='lat' dir='ltr'><strong>Nec</strong></span> <span class='ocrx_word' id='word_1_47' title='bbox 856 674 1023 729; x_wconf 88' lang='lat' dir='ltr'><strong>spem</strong></span> <span class='ocrx_word' id='word_1_48' title='bbox 1058 656 1237 711; x_wconf 84' lang='lat' dir='ltr'><strong>habet</strong></span> <span class='ocrx_word' id='word_1_49' title='bbox 1287 655 1345 709; x_wconf 93' lang='lat' dir='ltr'><strong>in</strong></span> <span class='ocrx_word' id='word_1_50' title='bbox 1396 654 1705 710; x_wconf 84' lang='lat' dir='ltr'><strong>laboribus</strong></span> <span class='ocrx_word' id='word_1_51' title='bbox 1754 654 1897 722; x_wconf 84' lang='lat' dir='ltr'><strong>suis,</strong></span> <span class='ocrx_word' id='word_1_52' title='bbox 1922 658 1978 707; x_wconf 91' lang='lat' dir='ltr'><strong>et</strong></span> <span class='ocrx_word' id='word_1_53' title='bbox 2029 651 2165 706; x_wconf 64' lang='lat' dir='ltr'><strong>vita:</strong></span> 
     </span>
    </p>
   </div>
   <div class='ocr_carea' id='block_1_9' title="bbox 2239 647 3877 729">
    <p class='ocr_par' dir='ltr' id='par_1_9' title="bbox 2348 647 3877 725">
     <span class='ocr_line' id='line_1_9' title="bbox 2348 647 3877 725; baseline 0.002 -21"><span class='ocrx_word' id='word_1_54' title='bbox 2348 650 2424 704; x_wconf 63' lang='lat' dir='ltr'><strong>B&#39;.</strong></span> <span class='ocrx_word' id='word_1_55' title='bbox 2472 651 2581 701; x_wconf 81' lang='grc' dir='ltr'><strong>Οὐκ</strong></span> <span class='ocrx_word' id='word_1_56' title='bbox 2612 651 2871 711; x_wconf 77' lang='grc' dir='ltr'>ἑπελπίξει</span> <span class='ocrx_word' id='word_1_57' title='bbox 2921 647 2979 703; x_wconf 79' lang='grc' dir='ltr'>δὲ</span> <span class='ocrx_word' id='word_1_58' title='bbox 3008 652 3091 704; x_wconf 82' lang='grc' dir='ltr'><strong>ἐπὶ</strong></span> <span class='ocrx_word' id='word_1_59' title='bbox 3121 662 3227 715; x_wconf 84' lang='grc' dir='ltr'>τοῖς</span> <span class='ocrx_word' id='word_1_60' title='bbox 3279 656 3531 725; x_wconf 80' lang='grc' dir='ltr'><strong>καμάτοις</strong></span> <span class='ocrx_word' id='word_1_61' title='bbox 3574 654 3756 723; x_wconf 74' lang='grc' dir='ltr'>αὑτοῦ,</span> <span class='ocrx_word' id='word_1_62' title='bbox 3786 661 3877 707; x_wconf 83' lang='grc' dir='ltr'>καὶ</span> 
     </span>
    </p>
   </div>
   <div class='ocr_carea' id='block_1_10' title="bbox 516 738 2154 815">
    <p class='ocr_par' dir='ltr' id='par_1_10' title="bbox 516 741 2154 815">
     <span class='ocr_line' id='line_1_10' title="bbox 516 741 2154 815; baseline -0.005 -12"><span class='ocrx_word' id='word_1_63' title='bbox 516 748 768 814; x_wconf 82' lang='lat' dir='ltr'><strong>ratione,</strong></span> <span class='ocrx_word' id='word_1_64' title='bbox 791 748 978 802; x_wconf 92' lang='lat' dir='ltr'><strong>donec</strong></span> <span class='ocrx_word' id='word_1_65' title='bbox 1009 750 1414 814; x_wconf 86' lang='lat' dir='ltr'><strong>consequatur</strong></span> <span class='ocrx_word' id='word_1_66' title='bbox 1431 760 1565 815; x_wconf 60' lang='lat' dir='ltr'><strong>quas</strong></span> <span class='ocrx_word' id='word_1_67' title='bbox 1598 747 1813 813; x_wconf 81' lang='lat' dir='ltr'><strong>sperat,</strong></span> <span class='ocrx_word' id='word_1_68' title='bbox 1848 741 2051 813; x_wconf 87' lang='lat' dir='ltr'><strong>quoad</strong></span> <span class='ocrx_word' id='word_1_69' title='bbox 2076 757 2154 795; x_wconf 74' lang='lat' dir='ltr'><strong>ve«</strong></span> 
     </span>
    </p>
   </div>
   <div class='ocr_carea' id='block_1_11' title="bbox 2240 738 3878 815">
    <p class='ocr_par' dir='ltr' id='par_1_11' title="bbox 2274 738 3878 813">
     <span class='ocr_line' id='line_1_11' title="bbox 2274 738 3878 813; baseline 0.002 -23"><span class='ocrx_word' id='word_1_70' title='bbox 2274 747 2335 811; x_wconf 77' lang='grc' dir='ltr'>τῇ</span> <span class='ocrx_word' id='word_1_71' title='bbox 2386 738 2638 810; x_wconf 82' lang='grc' dir='ltr'><strong>πολιτείᾳ,</strong></span> <span class='ocrx_word' id='word_1_72' title='bbox 2685 739 2779 799; x_wconf 83' lang='grc' dir='ltr'>ἕως</span> <span class='ocrx_word' id='word_1_73' title='bbox 2825 740 2885 789; x_wconf 81' lang='grc' dir='ltr'>οὗ</span> <span class='ocrx_word' id='word_1_74' title='bbox 2936 743 3076 813; x_wconf 74' lang='grc' dir='ltr'>τύχη</span> <span class='ocrx_word' id='word_1_75' title='bbox 3133 750 3231 792; x_wconf 92' lang='grc' dir='ltr'><strong>τῶν</strong></span> <span class='ocrx_word' id='word_1_76' title='bbox 3287 741 3653 813; x_wconf 79' lang='grc' dir='ltr'><strong>ἐλπιζομένων,</strong></span> <span class='ocrx_word' id='word_1_77' title='bbox 3685 744 3776 803; x_wconf 85' lang='grc' dir='ltr'>ἕως</span> <span class='ocrx_word' id='word_1_78' title='bbox 3815 743 3878 795; x_wconf 78' lang='grc' dir='ltr'>οὗ</span> 
     </span>
    </p>
   </div>
   <div class='ocr_carea' id='block_1_12' title="bbox 516 826 2154 902">
    <p class='ocr_par' dir='ltr' id='par_1_12' title="bbox 516 830 2154 900">
     <span class='ocr_line' id='line_1_12' title="bbox 516 830 2154 900; baseline -0.005 -8"><span class='ocrx_word' id='word_1_79' title='bbox 516 838 687 892; x_wconf 90' lang='lat' dir='ltr'><strong>niens</strong></span> <span class='ocrx_word' id='word_1_80' title='bbox 717 838 1005 891; x_wconf 85' lang='lat' dir='ltr'><strong>Dominus</strong></span> <span class='ocrx_word' id='word_1_81' title='bbox 1028 835 1250 889; x_wconf 90' lang='lat' dir='ltr'><strong>habitet</strong></span> <span class='ocrx_word' id='word_1_82' title='bbox 1276 834 1334 886; x_wconf 92' lang='lat' dir='ltr'><strong>in</strong></span> <span class='ocrx_word' id='word_1_83' title='bbox 1350 834 1492 887; x_wconf 91' lang='lat' dir='ltr'><strong>eoin</strong></span> <span class='ocrx_word' id='word_1_84' title='bbox 1516 830 1677 885; x_wconf 90' lang='lat' dir='ltr'><strong>omni</strong></span> <span class='ocrx_word' id='word_1_85' title='bbox 1698 847 1876 885; x_wconf 90' lang='lat' dir='ltr'><strong>sensu</strong></span> <span class='ocrx_word' id='word_1_86' title='bbox 1892 836 2154 900; x_wconf 75' lang='lat' dir='ltr'><strong>etopera«</strong></span> 
     </span>
    </p>
   </div>
   <div class='ocr_carea' id='block_1_13' title="bbox 2240 826 3878 902">
    <p class='ocr_par' dir='ltr' id='par_1_13' title="bbox 2275 826 3878 902">
     <span class='ocr_line' id='line_1_13' title="bbox 2275 826 3878 902; baseline 0.004 -25"><span class='ocrx_word' id='word_1_87' title='bbox 2275 826 2429 878; x_wconf 81' lang='grc' dir='ltr'>ἐλθὼν</span> <span class='ocrx_word' id='word_1_88' title='bbox 2460 827 2485 876; x_wconf 90' lang='lat'><strong>6</strong></span> <span class='ocrx_word' id='word_1_89' title='bbox 2534 830 2719 897; x_wconf 82' lang='grc' dir='ltr'>Κύριος</span> <span class='ocrx_word' id='word_1_90' title='bbox 2769 827 2960 899; x_wconf 77' lang='grc' dir='ltr'>οἰκὴση</span> <span class='ocrx_word' id='word_1_91' title='bbox 3012 827 3059 879; x_wconf 81' lang='grc' dir='ltr'>ἐν</span> <span class='ocrx_word' id='word_1_92' title='bbox 3114 829 3274 900; x_wconf 79' lang='grc' dir='ltr'>αύτῷ,</span> <span class='ocrx_word' id='word_1_93' title='bbox 3321 832 3369 881; x_wconf 84' lang='grc' dir='ltr'>ἐν</span> <span class='ocrx_word' id='word_1_94' title='bbox 3428 834 3572 902; x_wconf 70' lang='grc' dir='ltr'>πάσῃ</span> <span class='ocrx_word' id='word_1_95' title='bbox 3624 831 3878 889; x_wconf 83' lang='grc' dir='ltr'><strong>αἰσθήσει</strong></span> 
     </span>
    </p>
   </div>
   <div class='ocr_carea' id='block_1_14' title="bbox 516 915 2154 995">
    <p class='ocr_par' dir='ltr' id='par_1_14' title="bbox 516 920 2154 995">
     <span class='ocr_line' id='line_1_14' title="bbox 516 920 2154 995; baseline -0.005 -15"><span class='ocrx_word' id='word_1_96' title='bbox 516 925 674 980; x_wconf 88' lang='lat' dir='ltr'><strong>tione</strong></span> <span class='ocrx_word' id='word_1_97' title='bbox 717 924 988 995; x_wconf 84' lang='lat' dir='ltr'><strong>Spiritus.</strong></span> <span class='ocrx_word' id='word_1_98' title='bbox 1031 926 1300 991; x_wconf 84' lang='lat' dir='ltr'><strong>Cumque</strong></span> <span class='ocrx_word' id='word_1_99' title='bbox 1336 920 1665 990; x_wconf 80' lang='lat' dir='ltr'><strong>gustaverit</strong></span> <span class='ocrx_word' id='word_1_100' title='bbox 1703 920 2031 973; x_wconf 84' lang='lat' dir='ltr'><strong>bonitatem</strong></span> <span class='ocrx_word' id='word_1_101' title='bbox 2056 920 2154 972; x_wconf 92' lang='lat' dir='ltr'><strong>Do-</strong></span> 
     </span>
    </p>
   </div>
   <div class='ocr_carea' id='block_1_15' title="bbox 2239 915 3877 995">
    <p class='ocr_par' dir='ltr' id='par_1_15' title="bbox 2273 915 3877 990">
     <span class='ocr_line' id='line_1_15' title="bbox 2273 915 3877 990; baseline 0.004 -25"><span class='ocrx_word' id='word_1_102' title='bbox 2273 920 2362 965; x_wconf 84' lang='grc' dir='ltr'>καὶ</span> <span class='ocrx_word' id='word_1_103' title='bbox 2414 915 2641 986; x_wconf 74' lang='grc' dir='ltr'><strong>ἐνεργείᾳ</strong></span> <span class='ocrx_word' id='word_1_104' title='bbox 2715 920 3033 987; x_wconf 86' lang='grc' dir='ltr'>Πνεύματος.</span> <span class='ocrx_word' id='word_1_105' title='bbox 3116 923 3213 969; x_wconf 82' lang='grc' dir='ltr'><strong>Καὶ</strong></span> <span class='ocrx_word' id='word_1_106' title='bbox 3284 920 3404 969; x_wconf 86' lang='grc' dir='ltr'>ὅταν</span> <span class='ocrx_word' id='word_1_107' title='bbox 3449 921 3706 990; x_wconf 75' lang='grc' dir='ltr'><strong>γεύσηται</strong></span> <span class='ocrx_word' id='word_1_108' title='bbox 3782 930 3877 981; x_wconf 81' lang='grc' dir='ltr'>τῆς</span> 
     </span>
    </p>
   </div>
   <div class='ocr_carea' id='block_1_16' title="bbox 516 1006 2154 1081">
    <p class='ocr_par' dir='ltr' id='par_1_16' title="bbox 516 1006 2154 1081">
     <span class='ocr_line' id='line_1_16' title="bbox 516 1006 2154 1081; baseline -0.004 -14"><span class='ocrx_word' id='word_1_109' title='bbox 516 1014 681 1079; x_wconf 88' lang='lat' dir='ltr'><strong>mini,</strong></span> <span class='ocrx_word' id='word_1_110' title='bbox 724 1020 778 1066; x_wconf 87' lang='lat' dir='ltr'><strong>et</strong></span> <span class='ocrx_word' id='word_1_111' title='bbox 832 1012 1121 1066; x_wconf 86' lang='lat' dir='ltr'><strong>fructibus</strong></span> <span class='ocrx_word' id='word_1_112' title='bbox 1176 1010 1419 1081; x_wconf 84' lang='lat' dir='ltr'><strong>spiritus</strong></span> <span class='ocrx_word' id='word_1_113' title='bbox 1478 1007 1801 1061; x_wconf 88' lang='lat' dir='ltr'><strong>delectatus</strong></span> <span class='ocrx_word' id='word_1_114' title='bbox 1852 1006 2044 1071; x_wconf 84' lang='lat' dir='ltr'><strong>fuerit,</strong></span> <span class='ocrx_word' id='word_1_115' title='bbox 2095 1022 2154 1061; x_wconf 85' lang='lat' dir='ltr'><strong>ac</strong></span> 
     </span>
    </p>
   </div>
   <div class='ocr_carea' id='block_1_17' title="bbox 2239 1006 3877 1081">
    <p class='ocr_par' dir='ltr' id='par_1_17' title="bbox 2273 1010 3877 1080">
     <span class='ocr_line' id='line_1_17' title="bbox 2273 1010 3877 1080; baseline 0.004 -26"><span class='ocrx_word' id='word_1_116' title='bbox 2273 1010 2639 1078; x_wconf 77' lang='grc' dir='ltr'><strong>χρηστότητος</strong></span> <span class='ocrx_word' id='word_1_117' title='bbox 2668 1013 2759 1056; x_wconf 87' lang='grc' dir='ltr'><strong>τοῦ</strong></span> <span class='ocrx_word' id='word_1_118' title='bbox 2811 1011 3025 1079; x_wconf 82' lang='grc' dir='ltr'><strong>Κυρίου,</strong></span> <span class='ocrx_word' id='word_1_119' title='bbox 3059 1012 3146 1058; x_wconf 83' lang='grc' dir='ltr'>καὶ</span> <span class='ocrx_word' id='word_1_120' title='bbox 3196 1015 3301 1067; x_wconf 90' lang='grc' dir='ltr'>τοῖς</span> <span class='ocrx_word' id='word_1_121' title='bbox 3331 1016 3553 1080; x_wconf 80' lang='grc' dir='ltr'><strong>καρποῖς</strong></span> <span class='ocrx_word' id='word_1_122' title='bbox 3597 1017 3688 1060; x_wconf 88' lang='grc' dir='ltr'><strong>τοῦ</strong></span> <span class='ocrx_word' id='word_1_123' title='bbox 3720 1013 3877 1061; x_wconf 86' lang='grc' dir='ltr'>πνεύ-</span> 
     </span>
    </p>
   </div>
   <div class='ocr_carea' id='block_1_18' title="bbox 512 1094 2150 1170">
    <p class='ocr_par' dir='ltr' id='par_1_18' title="bbox 512 1094 2150 1165">
     <span class='ocr_line' id='line_1_18' title="bbox 512 1094 2150 1165; baseline -0.005 -10"><span class='ocrx_word' id='word_1_124' title='bbox 512 1102 819 1157; x_wconf 91' lang='lat' dir='ltr'><strong>sublatum</strong></span> <span class='ocrx_word' id='word_1_125' title='bbox 883 1101 955 1154; x_wconf 88' lang='lat' dir='ltr'><strong>sit</strong></span> <span class='ocrx_word' id='word_1_126' title='bbox 1018 1099 1287 1153; x_wconf 88' lang='lat' dir='ltr'><strong>velamen</strong></span> <span class='ocrx_word' id='word_1_127' title='bbox 1359 1097 1761 1160; x_wconf 84' lang='lat' dir='ltr'><strong>tenebrarum,</strong></span> <span class='ocrx_word' id='word_1_128' title='bbox 1838 1094 2150 1165; x_wconf 70' lang='lat' dir='ltr'><strong>lumenque</strong></span> 
     </span>
    </p>
   </div>
   <div class='ocr_carea' id='block_1_19' title="bbox 2238 1094 3876 1170">
    <p class='ocr_par' dir='ltr' id='par_1_19' title="bbox 2272 1096 3876 1170">
     <span class='ocr_line' id='line_1_19' title="bbox 2272 1096 3876 1170; baseline 0.004 -27"><span class='ocrx_word' id='word_1_129' title='bbox 2272 1112 2432 1164; x_wconf 84' lang='grc' dir='ltr'>ματος</span> <span class='ocrx_word' id='word_1_130' title='bbox 2484 1096 2800 1166; x_wconf 69' lang='grc' dir='ltr'>ἑντρυφήση,</span> <span class='ocrx_word' id='word_1_131' title='bbox 2860 1099 2949 1146; x_wconf 84' lang='grc' dir='ltr'>καὶ</span> <span class='ocrx_word' id='word_1_132' title='bbox 3006 1098 3306 1169; x_wconf 77' lang='grc' dir='ltr'><strong>περιαιρεθῇ</strong></span> <span class='ocrx_word' id='word_1_133' title='bbox 3365 1101 3423 1148; x_wconf 88' lang='grc' dir='ltr'><strong>τό</strong></span> <span class='ocrx_word' id='word_1_134' title='bbox 3482 1097 3731 1170; x_wconf 75' lang='grc' dir='ltr'><strong>κάλυμμα</strong></span> <span class='ocrx_word' id='word_1_135' title='bbox 3781 1107 3876 1151; x_wconf 86' lang='grc' dir='ltr'><strong>τοῦ</strong></span> 
     </span>
    </p>
   </div>
   <div class='ocr_carea' id='block_1_20' title="bbox 510 1182 2148 1261">
    <p class='ocr_par' dir='ltr' id='par_1_20' title="bbox 510 1182 2148 1260">
     <span class='ocr_line' id='line_1_20' title="bbox 510 1182 2148 1260; baseline -0.007 -14"><span class='ocrx_word' id='word_1_136' title='bbox 510 1190 720 1246; x_wconf 89' lang='lat' dir='ltr'><strong>Christi</strong></span> <span class='ocrx_word' id='word_1_137' title='bbox 744 1190 1143 1260; x_wconf 87' lang='lat' dir='ltr'><strong>splendescat,</strong></span> <span class='ocrx_word' id='word_1_138' title='bbox 1168 1194 1223 1240; x_wconf 92' lang='lat' dir='ltr'><strong>et</strong></span> <span class='ocrx_word' id='word_1_139' title='bbox 1243 1193 1524 1255; x_wconf 85' lang='lat' dir='ltr'><strong>operetur</strong></span> <span class='ocrx_word' id='word_1_140' title='bbox 1542 1184 1818 1239; x_wconf 68' lang='lat' dir='ltr'><strong>iniustitia</strong></span> <span class='ocrx_word' id='word_1_141' title='bbox 1840 1182 2148 1237; x_wconf 77' lang='lat' dir='ltr'><strong>ineffabili:</strong></span> 
     </span>
    </p>
   </div>
   <div class='ocr_carea' id='block_1_21' title="bbox 2237 1182 3875 1261">
    <p class='ocr_par' dir='ltr' id='par_1_21' title="bbox 2276 1183 3875 1261">
     <span class='ocr_line' id='line_1_21' title="bbox 2276 1183 3875 1261; baseline 0.005 -29"><span class='ocrx_word' id='word_1_142' title='bbox 2276 1187 2513 1244; x_wconf 82' lang='grc' dir='ltr'><strong>σκότους,</strong></span> <span class='ocrx_word' id='word_1_143' title='bbox 2557 1187 2644 1232; x_wconf 82' lang='grc' dir='ltr'>καὶ</span> <span class='ocrx_word' id='word_1_144' title='bbox 2678 1186 2734 1231; x_wconf 88' lang='grc' dir='ltr'><strong>τό</strong></span> <span class='ocrx_word' id='word_1_145' title='bbox 2766 1191 2871 1253; x_wconf 75' lang='grc' dir='ltr'>φῶς</span> <span class='ocrx_word' id='word_1_146' title='bbox 2902 1192 2993 1234; x_wconf 78' lang='grc' dir='ltr'><strong>τοῦ</strong></span> <span class='ocrx_word' id='word_1_147' title='bbox 3028 1191 3257 1255; x_wconf 80' lang='grc' dir='ltr'>Χριστοῦ</span> <span class='ocrx_word' id='word_1_148' title='bbox 3306 1183 3542 1258; x_wconf 70' lang='grc' dir='ltr'>ἐλλάμψη</span> <span class='ocrx_word' id='word_1_149' title='bbox 3596 1192 3685 1238; x_wconf 81' lang='grc' dir='ltr'>καὶ</span> <span class='ocrx_word' id='word_1_150' title='bbox 3732 1190 3875 1261; x_wconf 82' lang='grc' dir='ltr'>ἐνερ-</span> 
     </span>
    </p>
   </div>
   <div class='ocr_carea' id='block_1_22' title="bbox 509 1269 2147 1350">
    <p class='ocr_par' dir='ltr' id='par_1_22' title="bbox 509 1274 2147 1350">
     <span class='ocr_line' id='line_1_22' title="bbox 509 1274 2147 1350; baseline -0.005 -16"><span class='ocrx_word' id='word_1_151' title='bbox 509 1284 650 1334; x_wconf 88' lang='lat' dir='ltr'><strong>tunc</strong></span> <span class='ocrx_word' id='word_1_152' title='bbox 664 1280 836 1350; x_wconf 90' lang='lat' dir='ltr'><strong>plene</strong></span> <span class='ocrx_word' id='word_1_153' title='bbox 850 1276 1332 1339; x_wconf 86' lang='lat' dir='ltr'><strong>conﬁrmabitur,</strong></span> <span class='ocrx_word' id='word_1_154' title='bbox 1349 1276 1582 1330; x_wconf 90' lang='lat' dir='ltr'><strong>habens</strong></span> <span class='ocrx_word' id='word_1_155' title='bbox 1610 1290 1811 1327; x_wconf 91' lang='lat' dir='ltr'><strong>secum</strong></span> <span class='ocrx_word' id='word_1_156' title='bbox 1841 1274 2147 1326; x_wconf 68' lang='lat' dir='ltr'><strong>Dominum</strong></span> 
     </span>
    </p>
   </div>
   <div class='ocr_carea' id='block_1_23' title="bbox 2236 1269 3874 1350">
    <p class='ocr_par' dir='ltr' id='par_1_23' title="bbox 2271 1269 3874 1348">
     <span class='ocr_line' id='line_1_23' title="bbox 2271 1269 3874 1348; baseline 0.004 -28"><span class='ocrx_word' id='word_1_157' title='bbox 2271 1275 2409 1342; x_wconf 77' lang='grc' dir='ltr'>γήσῃ</span> <span class='ocrx_word' id='word_1_158' title='bbox 2444 1272 2490 1321; x_wconf 79' lang='grc' dir='ltr'>ἐν</span> <span class='ocrx_word' id='word_1_159' title='bbox 2524 1276 2673 1342; x_wconf 83' lang='grc' dir='ltr'><strong>χαρᾴ</strong></span> <span class='ocrx_word' id='word_1_160' title='bbox 2712 1269 3055 1343; x_wconf 77' lang='grc' dir='ltr'><strong>ἀνεκλαλήτῳ,</strong></span> <span class='ocrx_word' id='word_1_161' title='bbox 3108 1292 3221 1324; x_wconf 89' lang='grc' dir='ltr'>τοτε</span> <span class='ocrx_word' id='word_1_162' title='bbox 3276 1272 3682 1348; x_wconf 75' lang='grc' dir='ltr'>πληροφορεῖται</span> <span class='ocrx_word' id='word_1_163' title='bbox 3734 1280 3874 1348; x_wconf 82' lang='grc' dir='ltr'>ἔχων</span> 
     </span>
    </p>
   </div>
   <div class='ocr_carea' id='block_1_24' title="bbox 510 1358 2148 1438">
    <p class='ocr_par' dir='ltr' id='par_1_24' title="bbox 510 1360 2148 1433">
     <span class='ocr_line' id='line_1_24' title="bbox 510 1360 2148 1433; baseline -0.004 -12"><span class='ocrx_word' id='word_1_164' title='bbox 510 1366 571 1421; x_wconf 92' lang='lat' dir='ltr'><strong>in</strong></span> <span class='ocrx_word' id='word_1_165' title='bbox 612 1366 797 1421; x_wconf 90' lang='lat' dir='ltr'><strong>multa</strong></span> <span class='ocrx_word' id='word_1_166' title='bbox 830 1367 1159 1428; x_wconf 86' lang='lat' dir='ltr'><strong>dilectione,</strong></span> <span class='ocrx_word' id='word_1_167' title='bbox 1186 1363 1428 1433; x_wconf 89' lang='lat' dir='ltr'><strong>perinde</strong></span> <span class='ocrx_word' id='word_1_168' title='bbox 1467 1378 1537 1417; x_wconf 92' lang='lat' dir='ltr'><strong>ac</strong></span> <span class='ocrx_word' id='word_1_169' title='bbox 1572 1362 1651 1416; x_wconf 89' lang='lat' dir='ltr'><strong>ibi</strong></span> <span class='ocrx_word' id='word_1_170' title='bbox 1681 1368 1989 1425; x_wconf 87' lang='lat' dir='ltr'><strong>mercator,</strong></span> <span class='ocrx_word' id='word_1_171' title='bbox 2015 1360 2148 1415; x_wconf 79' lang='lat' dir='ltr'><strong>duir</strong></span> 
     </span>
    </p>
   </div>
   <div class='ocr_carea' id='block_1_25' title="bbox 2234 1358 3872 1438">
    <p class='ocr_par' dir='ltr' id='par_1_25' title="bbox 2272 1358 3872 1438">
     <span class='ocr_line' id='line_1_25' title="bbox 2272 1358 3872 1438; baseline 0.004 -28"><span class='ocrx_word' id='word_1_172' title='bbox 2272 1358 2381 1430; x_wconf 74' lang='grc' dir='ltr'>μεθ’</span> <span class='ocrx_word' id='word_1_173' title='bbox 2443 1358 2626 1410; x_wconf 78' lang='grc' dir='ltr'>ἑαυτοῦ</span> <span class='ocrx_word' id='word_1_174' title='bbox 2676 1364 2761 1411; x_wconf 89' lang='grc' dir='ltr'><strong>τόν</strong></span> <span class='ocrx_word' id='word_1_175' title='bbox 2823 1364 3011 1431; x_wconf 78' lang='grc' dir='ltr'><strong>Κύριον</strong></span> <span class='ocrx_word' id='word_1_176' title='bbox 3068 1360 3116 1411; x_wconf 76' lang='grc' dir='ltr'>ἕν</span> <span class='ocrx_word' id='word_1_177' title='bbox 3161 1362 3319 1433; x_wconf 76' lang='grc' dir='ltr'>πολλῇ</span> <span class='ocrx_word' id='word_1_178' title='bbox 3378 1371 3575 1438; x_wconf 75' lang='grc' dir='ltr'>στοργῇ</span> <span class='ocrx_word' id='word_1_179' title='bbox 3634 1383 3645 1395; x_wconf 92' lang='grc'><strong>·</strong></span> <span class='ocrx_word' id='word_1_180' title='bbox 3695 1368 3872 1437; x_wconf 82' lang='grc' dir='ltr'>ὥσπερ</span> 
     </span>
    </p>
   </div>
   <div class='ocr_carea' id='block_1_26' title="bbox 508 1448 2146 1525">
    <p class='ocr_par' dir='ltr' id='par_1_26' title="bbox 508 1450 2146 1510">
     <span class='ocr_line' id='line_1_26' title="bbox 508 1450 2146 1510; baseline -0.005 0"><span class='ocrx_word' id='word_1_181' title='bbox 508 1454 742 1510; x_wconf 91' lang='lat' dir='ltr'><strong>lucrum</strong></span> <span class='ocrx_word' id='word_1_182' title='bbox 802 1454 941 1509; x_wconf 87' lang='lat' dir='ltr'><strong>facit</strong></span> <span class='ocrx_word' id='word_1_183' title='bbox 1000 1453 1231 1507; x_wconf 62' lang='lat' dir='ltr'><strong>laetatur</strong></span> <span class='ocrx_word' id='word_1_184' title='bbox 1276 1468 1289 1505; x_wconf 90' lang='lat'>:</span> <span class='ocrx_word' id='word_1_185' title='bbox 1338 1451 1557 1505; x_wconf 92' lang='lat' dir='ltr'><strong>multas</strong></span> <span class='ocrx_word' id='word_1_186' title='bbox 1612 1457 1812 1505; x_wconf 90' lang='lat' dir='ltr'><strong>tamen</strong></span> <span class='ocrx_word' id='word_1_187' title='bbox 1864 1450 2146 1504; x_wconf 74' lang='lat' dir='ltr'><strong>molestias</strong></span> 
     </span>
    </p>
   </div>
   <div class='ocr_carea' id='block_1_27' title="bbox 2240 1448 3878 1525">
    <p class='ocr_par' dir='ltr' id='par_1_27' title="bbox 2272 1448 3878 1525">
     <span class='ocr_line' id='line_1_27' title="bbox 2272 1448 3878 1525; baseline 0.004 -25"><span class='ocrx_word' id='word_1_188' title='bbox 2272 1449 2375 1500; x_wconf 85' lang='grc' dir='ltr'>ἐκεῖ</span> <span class='ocrx_word' id='word_1_189' title='bbox 2403 1450 2427 1498; x_wconf 95' lang='lat'><strong>6</strong></span> <span class='ocrx_word' id='word_1_190' title='bbox 2461 1451 2677 1523; x_wconf 86' lang='grc' dir='ltr'>ἔμπορος</span> <span class='ocrx_word' id='word_1_191' title='bbox 2729 1448 2989 1524; x_wconf 82' lang='grc' dir='ltr'>κερδήσας</span> <span class='ocrx_word' id='word_1_192' title='bbox 3032 1456 3239 1524; x_wconf 87' lang='grc' dir='ltr'>χαίρει.</span> <span class='ocrx_word' id='word_1_193' title='bbox 3288 1452 3495 1522; x_wconf 78' lang='grc' dir='ltr'>Ἀγῶνα</span> <span class='ocrx_word' id='word_1_194' title='bbox 3544 1450 3602 1505; x_wconf 73' lang='grc' dir='ltr'>δὲ</span> <span class='ocrx_word' id='word_1_195' title='bbox 3632 1456 3746 1525; x_wconf 82' lang='grc' dir='ltr'>ἔχει</span> <span class='ocrx_word' id='word_1_196' title='bbox 3783 1460 3878 1507; x_wconf 83' lang='grc' dir='ltr'>καὶ</span> 
     </span>
    </p>
   </div>
   <div class='ocr_carea' id='block_1_28' title="bbox 510 1536 2148 1613">
    <p class='ocr_par' dir='ltr' id='par_1_28' title="bbox 510 1538 2148 1609">
     <span class='ocr_line' id='line_1_28' title="bbox 510 1538 2148 1609; baseline -0.004 -11"><span class='ocrx_word' id='word_1_197' title='bbox 510 1543 779 1608; x_wconf 89' lang='lat' dir='ltr'><strong>sustinet,</strong></span> <span class='ocrx_word' id='word_1_198' title='bbox 814 1548 870 1597; x_wconf 90' lang='lat' dir='ltr'><strong>et</strong></span> <span class='ocrx_word' id='word_1_199' title='bbox 924 1540 1538 1597; x_wconf 88' lang='lat' dir='ltr'><strong>metuitalatronibus</strong></span> <span class='ocrx_word' id='word_1_200' title='bbox 1589 1545 1645 1593; x_wconf 94' lang='lat' dir='ltr'><strong>et</strong></span> <span class='ocrx_word' id='word_1_201' title='bbox 1704 1538 2009 1609; x_wconf 86' lang='lat' dir='ltr'><strong>spiritibus</strong></span> <span class='ocrx_word' id='word_1_202' title='bbox 2058 1552 2148 1591; x_wconf 91' lang='lat' dir='ltr'><strong>ne-</strong></span> 
     </span>
    </p>
   </div>
   <div class='ocr_carea' id='block_1_29' title="bbox 2239 1536 3877 1613">
    <p class='ocr_par' dir='ltr' id='par_1_29' title="bbox 2272 1536 3877 1613">
     <span class='ocr_line' id='line_1_29' title="bbox 2272 1536 3877 1613; baseline 0.003 -25"><span class='ocrx_word' id='word_1_203' title='bbox 2272 1536 2425 1608; x_wconf 75' lang='grc' dir='ltr'>φόϐον</span> <span class='ocrx_word' id='word_1_204' title='bbox 2472 1546 2571 1587; x_wconf 88' lang='grc' dir='ltr'><strong>τῶν</strong></span> <span class='ocrx_word' id='word_1_205' title='bbox 2603 1536 2702 1588; x_wconf 88' lang='grc' dir='ltr'>ἀπὸ</span> <span class='ocrx_word' id='word_1_206' title='bbox 2751 1546 2847 1589; x_wconf 89' lang='grc' dir='ltr'><strong>τῶν</strong></span> <span class='ocrx_word' id='word_1_207' title='bbox 2896 1538 3099 1611; x_wconf 76' lang='grc' dir='ltr'>λῃστῶν</span> <span class='ocrx_word' id='word_1_208' title='bbox 3148 1544 3237 1590; x_wconf 86' lang='grc' dir='ltr'>καὶ</span> <span class='ocrx_word' id='word_1_209' title='bbox 3280 1548 3379 1591; x_wconf 91' lang='grc' dir='ltr'><strong>τῶν</strong></span> <span class='ocrx_word' id='word_1_210' title='bbox 3428 1545 3731 1613; x_wconf 74' lang='grc' dir='ltr'>πνευμάτων</span> <span class='ocrx_word' id='word_1_211' title='bbox 3784 1550 3877 1603; x_wconf 79' lang='grc' dir='ltr'>τῆς</span> 
     </span>
    </p>
   </div>
   <div class='ocr_carea' id='block_1_30' title="bbox 509 1624 2147 1703">
    <p class='ocr_par' dir='ltr' id='par_1_30' title="bbox 509 1624 2147 1703">
     <span class='ocr_line' id='line_1_30' title="bbox 509 1624 2147 1703; baseline -0.005 -18"><span class='ocrx_word' id='word_1_212' title='bbox 509 1632 732 1703; x_wconf 71' lang='lat' dir='ltr'><strong>quitiaa,</strong></span> <span class='ocrx_word' id='word_1_213' title='bbox 761 1646 835 1685; x_wconf 92' lang='lat' dir='ltr'><strong>ne</strong></span> <span class='ocrx_word' id='word_1_214' title='bbox 858 1624 1165 1685; x_wconf 74' lang='lat' dir='ltr'><strong>remissior</strong></span> <span class='ocrx_word' id='word_1_215' title='bbox 1191 1628 1377 1683; x_wconf 86' lang='lat' dir='ltr'><strong>factas</strong></span> <span class='ocrx_word' id='word_1_216' title='bbox 1409 1626 1619 1697; x_wconf 86' lang='lat' dir='ltr'><strong>perdat</strong></span> <span class='ocrx_word' id='word_1_217' title='bbox 1656 1641 1927 1696; x_wconf 89' lang='lat' dir='ltr'><strong>operam,</strong></span> <span class='ocrx_word' id='word_1_218' title='bbox 1968 1624 2147 1678; x_wconf 69' lang='lat' dir='ltr'><strong>donet</strong></span> 
     </span>
    </p>
   </div>
   <div class='ocr_carea' id='block_1_31' title="bbox 2235 1624 3873 1703">
    <p class='ocr_par' dir='ltr' id='par_1_31' title="bbox 2271 1627 3873 1702">
     <span class='ocr_line' id='line_1_31' title="bbox 2271 1627 3873 1702; baseline 0.004 -26"><span class='ocrx_word' id='word_1_219' title='bbox 2271 1631 2538 1698; x_wconf 85' lang='grc' dir='ltr'>πονηρίας,</span> <span class='ocrx_word' id='word_1_220' title='bbox 2590 1631 2659 1695; x_wconf 82' lang='grc' dir='ltr'>μή</span> <span class='ocrx_word' id='word_1_221' title='bbox 2716 1646 2797 1677; x_wconf 92' lang='grc' dir='ltr'><strong>πω</strong></span> <span class='ocrx_word' id='word_1_222' title='bbox 2849 1630 3141 1698; x_wconf 81' lang='grc' dir='ltr'>χαυνωθεὶς</span> <span class='ocrx_word' id='word_1_223' title='bbox 3195 1627 3419 1702; x_wconf 61' lang='grc' dir='ltr'>ἀπολέσῃ</span> <span class='ocrx_word' id='word_1_224' title='bbox 3472 1633 3558 1681; x_wconf 91' lang='grc' dir='ltr'>τὸν</span> <span class='ocrx_word' id='word_1_225' title='bbox 3613 1637 3873 1702; x_wconf 80' lang='grc' dir='ltr'>κάματον,</span> 
     </span>
    </p>
   </div>
   <div class='ocr_carea' id='block_1_32' title="bbox 508 1710 2146 1791">
    <p class='ocr_par' dir='ltr' id='par_1_32' title="bbox 508 1712 2146 1790">
     <span class='ocr_line' id='line_1_32' title="bbox 508 1712 2146 1790; baseline -0.007 -15"><span class='ocrx_word' id='word_1_226' title='bbox 508 1724 910 1790; x_wconf 87' lang='lat' dir='ltr'><strong>consequatur</strong></span> <span class='ocrx_word' id='word_1_227' title='bbox 934 1732 1188 1788; x_wconf 81' lang='lat' dir='ltr'><strong>regnum</strong></span> <span class='ocrx_word' id='word_1_228' title='bbox 1222 1715 1529 1780; x_wconf 62' lang='lat' dir='ltr'><strong>calorum,</strong></span> <span class='ocrx_word' id='word_1_229' title='bbox 1570 1729 1893 1785; x_wconf 88' lang='lat' dir='ltr'><strong>supernam</strong></span> <span class='ocrx_word' id='word_1_230' title='bbox 1932 1712 2146 1767; x_wconf 87' lang='lat' dir='ltr'><strong>Jerusa-</strong></span> 
     </span>
    </p>
   </div>
   <div class='ocr_carea' id='block_1_33' title="bbox 2234 1710 3872 1791">
    <p class='ocr_par' dir='ltr' id='par_1_33' title="bbox 2234 1714 3872 1791">
     <span class='ocr_line' id='line_1_33' title="bbox 2234 1714 3872 1791; baseline 0.004 -27"><span class='ocrx_word' id='word_1_231' title='bbox 2234 1742 2237 1757; x_wconf 76' lang='grc' dir='ltr'>ι</span> <span class='ocrx_word' id='word_1_232' title='bbox 2272 1714 2364 1775; x_wconf 80' lang='grc' dir='ltr'>ἕως</span> <span class='ocrx_word' id='word_1_233' title='bbox 2394 1714 2452 1765; x_wconf 84' lang='grc' dir='ltr'>οὗ</span> <span class='ocrx_word' id='word_1_234' title='bbox 2478 1715 2774 1787; x_wconf 83' lang='grc' dir='ltr'>καταξιωθῇ</span> <span class='ocrx_word' id='word_1_235' title='bbox 2809 1715 2856 1767; x_wconf 88' lang='grc' dir='ltr'>ἐν</span> <span class='ocrx_word' id='word_1_236' title='bbox 2901 1724 2963 1788; x_wconf 77' lang='grc' dir='ltr'>τῇ</span> <span class='ocrx_word' id='word_1_237' title='bbox 3015 1714 3258 1789; x_wconf 79' lang='grc' dir='ltr'>βασιλείᾳ</span> <span class='ocrx_word' id='word_1_238' title='bbox 3306 1726 3405 1769; x_wconf 87' lang='grc' dir='ltr'><strong>τῶν</strong></span> <span class='ocrx_word' id='word_1_239' title='bbox 3445 1718 3696 1789; x_wconf 74' lang='grc' dir='ltr'>οὐρανῶν,</span> <span class='ocrx_word' id='word_1_240' title='bbox 3731 1718 3779 1771; x_wconf 73' lang='grc' dir='ltr'>ἐν</span> <span class='ocrx_word' id='word_1_241' title='bbox 3812 1728 3872 1791; x_wconf 83' lang='grc' dir='ltr'>τῇ</span> 
     </span>
    </p>
   </div>
   <div class='ocr_carea' id='block_1_34' title="bbox 506 1802 2144 1876">
    <p class='ocr_par' dir='ltr' id='par_1_34' title="bbox 506 1807 646 1864">
     <span class='ocr_line' id='line_1_34' title="bbox 506 1807 646 1864; baseline -0.007 0"><span class='ocrx_word' id='word_1_242' title='bbox 506 1807 646 1864; x_wconf 90' lang='lat' dir='ltr'><strong>lem.</strong></span> 
     </span>
    </p>
   </div>
   <div class='ocr_carea' id='block_1_35' title="bbox 1128 1802 2766 1876">
    <p class='ocr_par' dir='ltr' id='par_1_35' title="bbox 2271 1802 2766 1876">
     <span class='ocr_line' id='line_1_35' title="bbox 2271 1802 2766 1876; baseline -0.002 -21"><span class='ocrx_word' id='word_1_243' title='bbox 2271 1804 2376 1855; x_wconf 76' lang='grc' dir='ltr'>ἄνω</span> <span class='ocrx_word' id='word_1_244' title='bbox 2403 1802 2559 1875; x_wconf 89' lang='grc' dir='ltr'>Ἰερου</span> <span class='ocrx_word' id='word_1_245' title='bbox 2570 1804 2700 1861; x_wconf 86' lang='grc' dir='ltr'>σαλὴ</span> <span class='ocrx_word' id='word_1_246' title='bbox 2708 1824 2766 1876; x_wconf 87' lang='grc' dir='ltr'>μ.</span> 
     </span>
    </p>
   </div>
   <div class='ocr_carea' id='block_1_36' title="bbox 580 1925 2218 2003">
    <p class='ocr_par' dir='ltr' id='par_1_36' title="bbox 580 1929 2163 1999">
     <span class='ocr_line' id='line_1_36' title="bbox 580 1929 2163 1999; baseline -0.004 -12"><span class='ocrx_word' id='word_1_247' title='bbox 580 1931 672 1990; x_wconf 84' lang='grc' dir='ltr'><strong>ΠΙ.</strong></span> <span class='ocrx_word' id='word_1_248' title='bbox 705 1932 1099 1989; x_wconf 87' lang='lat' dir='ltr'><strong>Obsecremus</strong></span> <span class='ocrx_word' id='word_1_249' title='bbox 1158 1931 1340 1999; x_wconf 81' lang='lat' dir='ltr'><strong>igitur</strong></span> <span class='ocrx_word' id='word_1_250' title='bbox 1390 1944 1500 1985; x_wconf 89' lang='lat' dir='ltr'><strong>nos</strong></span> <span class='ocrx_word' id='word_1_251' title='bbox 1548 1942 1790 1999; x_wconf 88' lang='lat' dir='ltr'><strong>quoque</strong></span> <span class='ocrx_word' id='word_1_252' title='bbox 1848 1929 2055 1991; x_wconf 89' lang='lat' dir='ltr'><strong>Deum,</strong></span> <span class='ocrx_word' id='word_1_253' title='bbox 2100 1930 2163 1980; x_wconf 88' lang='lat' dir='ltr'><strong>ut</strong></span> 
     </span>
    </p>
   </div>
   <div class='ocr_carea' id='block_1_37' title="bbox 2242 1925 3880 2003">
    <p class='ocr_par' dir='ltr' id='par_1_37' title="bbox 2342 1925 3880 2003">
     <span class='ocr_line' id='line_1_37' title="bbox 2342 1925 3880 2003; baseline 0.003 -24"><span class='ocrx_word' id='word_1_254' title='bbox 2342 1927 2413 1981; x_wconf 75' lang='lat' dir='ltr'><strong>I&quot;.</strong></span> <span class='ocrx_word' id='word_1_255' title='bbox 2466 1931 2915 2003; x_wconf 65' lang='grc' dir='ltr'>Παρακαλὼωμεν</span> <span class='ocrx_word' id='word_1_256' title='bbox 2962 1925 3050 1980; x_wconf 84' lang='grc' dir='ltr'>οὖν</span> <span class='ocrx_word' id='word_1_257' title='bbox 3106 1935 3199 1981; x_wconf 83' lang='grc' dir='ltr'>καὶ</span> <span class='ocrx_word' id='word_1_258' title='bbox 3256 1932 3407 2002; x_wconf 78' lang='grc' dir='ltr'>ἡμεῖς</span> <span class='ocrx_word' id='word_1_259' title='bbox 3450 1934 3535 1983; x_wconf 85' lang='grc' dir='ltr'>τὸν</span> <span class='ocrx_word' id='word_1_260' title='bbox 3590 1935 3740 1997; x_wconf 85' lang='grc' dir='ltr'>Θεὸν,</span> <span class='ocrx_word' id='word_1_261' title='bbox 3795 1934 3880 1984; x_wconf 87' lang='grc' dir='ltr'>ῑνα</span> 
     </span>
    </p>
   </div>
   <div class='ocr_carea' id='block_1_38' title="bbox 506 2013 2144 2094">
    <p class='ocr_par' dir='ltr' id='par_1_38' title="bbox 506 2014 2144 2082">
     <span class='ocr_line' id='line_1_38' title="bbox 506 2014 2144 2082; baseline -0.005 -5"><span class='ocrx_word' id='word_1_262' title='bbox 506 2028 716 2077; x_wconf 88' lang='lat' dir='ltr'><strong>exutos</strong></span> <span class='ocrx_word' id='word_1_263' title='bbox 744 2038 855 2076; x_wconf 91' lang='lat' dir='ltr'><strong>nos</strong></span> <span class='ocrx_word' id='word_1_264' title='bbox 907 2021 1084 2076; x_wconf 86' lang='lat' dir='ltr'><strong>veteri</strong></span> <span class='ocrx_word' id='word_1_265' title='bbox 1138 2018 1401 2082; x_wconf 90' lang='lat' dir='ltr'><strong>homine,</strong></span> <span class='ocrx_word' id='word_1_266' title='bbox 1449 2018 1661 2072; x_wconf 90' lang='lat' dir='ltr'><strong>induat</strong></span> <span class='ocrx_word' id='word_1_267' title='bbox 1689 2015 1905 2070; x_wconf 66' lang='lat' dir='ltr'><strong>caelesti</strong></span> <span class='ocrx_word' id='word_1_268' title='bbox 1939 2014 2144 2069; x_wconf 71' lang='lat' dir='ltr'><strong>Chi-istc</strong></span> 
     </span>
    </p>
   </div>
   <div class='ocr_carea' id='block_1_39' title="bbox 2239 2013 3877 2094">
    <p class='ocr_par' dir='ltr' id='par_1_39' title="bbox 2272 2013 3877 2094">
     <span class='ocr_line' id='line_1_39' title="bbox 2272 2013 3877 2094; baseline 0.004 -27"><span class='ocrx_word' id='word_1_269' title='bbox 2272 2013 2515 2088; x_wconf 77' lang='grc' dir='ltr'>ἀποδύσῃ</span> <span class='ocrx_word' id='word_1_270' title='bbox 2563 2020 2698 2089; x_wconf 75' lang='grc' dir='ltr'>ἡμᾶς</span> <span class='ocrx_word' id='word_1_271' title='bbox 2728 2021 2816 2069; x_wconf 88' lang='grc' dir='ltr'>τὸν</span> <span class='ocrx_word' id='word_1_272' title='bbox 2845 2017 3064 2070; x_wconf 83' lang='grc' dir='ltr'>παλαιόν</span> <span class='ocrx_word' id='word_1_273' title='bbox 3104 2020 3392 2094; x_wconf 78' lang='grc' dir='ltr'>ἄνθρωπον,</span> <span class='ocrx_word' id='word_1_274' title='bbox 3444 2026 3533 2073; x_wconf 83' lang='grc' dir='ltr'>καὶ</span> <span class='ocrx_word' id='word_1_275' title='bbox 3563 2017 3757 2094; x_wconf 71' lang='grc' dir='ltr'>ἐνδύσῃ</span> <span class='ocrx_word' id='word_1_276' title='bbox 3788 2026 3877 2073; x_wconf 87' lang='grc' dir='ltr'>τὸν</span> 
     </span>
    </p>
   </div>
   <div class='ocr_carea' id='block_1_40' title="bbox 506 2103 2144 2181">
    <p class='ocr_par' dir='ltr' id='par_1_40' title="bbox 506 2104 2144 2180">
     <span class='ocr_line' id='line_1_40' title="bbox 506 2104 2144 2180; baseline -0.006 -14"><span class='ocrx_word' id='word_1_277' title='bbox 506 2126 579 2166; x_wconf 90' lang='lat' dir='ltr'><strong>ex</strong></span> <span class='ocrx_word' id='word_1_278' title='bbox 631 2110 744 2165; x_wconf 92' lang='lat' dir='ltr'><strong>hoc</strong></span> <span class='ocrx_word' id='word_1_279' title='bbox 799 2117 1087 2180; x_wconf 91' lang='lat' dir='ltr'><strong>tempore,</strong></span> <span class='ocrx_word' id='word_1_280' title='bbox 1141 2114 1203 2162; x_wconf 92' lang='lat' dir='ltr'><strong>ut</strong></span> <span class='ocrx_word' id='word_1_281' title='bbox 1260 2108 1318 2161; x_wconf 91' lang='lat' dir='ltr'><strong>in</strong></span> <span class='ocrx_word' id='word_1_282' title='bbox 1376 2105 1775 2161; x_wconf 82' lang='lat' dir='ltr'><strong>exsultatione</strong></span> <span class='ocrx_word' id='word_1_283' title='bbox 1835 2104 2144 2166; x_wconf 53' lang='lat' dir='ltr'><strong>constituti1</strong></span> 
     </span>
    </p>
   </div>
   <div class='ocr_carea' id='block_1_41' title="bbox 2239 2103 3877 2181">
    <p class='ocr_par' dir='ltr' id='par_1_41' title="bbox 2271 2103 3877 2181">
     <span class='ocr_line' id='line_1_41' title="bbox 2271 2103 3877 2181; baseline 0.004 -26"><span class='ocrx_word' id='word_1_284' title='bbox 2271 2103 2573 2177; x_wconf 79' lang='grc' dir='ltr'>ἐπουράνιον</span> <span class='ocrx_word' id='word_1_285' title='bbox 2622 2110 2851 2179; x_wconf 81' lang='grc' dir='ltr'>Χριστὸν</span> <span class='ocrx_word' id='word_1_286' title='bbox 2884 2107 2985 2158; x_wconf 85' lang='grc' dir='ltr'>ἀπὸ</span> <span class='ocrx_word' id='word_1_287' title='bbox 3016 2116 3107 2159; x_wconf 84' lang='grc' dir='ltr'><strong>τοῦ</strong></span> <span class='ocrx_word' id='word_1_288' title='bbox 3160 2116 3269 2173; x_wconf 86' lang='grc' dir='ltr'>νῦν,</span> <span class='ocrx_word' id='word_1_289' title='bbox 3301 2111 3438 2170; x_wconf 86' lang='grc' dir='ltr'>ὃπως</span> <span class='ocrx_word' id='word_1_290' title='bbox 3485 2111 3531 2160; x_wconf 77' lang='grc' dir='ltr'>ἓν</span> <span class='ocrx_word' id='word_1_291' title='bbox 3562 2110 3877 2181; x_wconf 80' lang='grc' dir='ltr'>ἀγαλλιάσει</span> 
     </span>
    </p>
   </div>
   <div class='ocr_carea' id='block_1_42' title="bbox 506 2192 2144 2273">
    <p class='ocr_par' dir='ltr' id='par_1_42' title="bbox 506 2192 2137 2269">
     <span class='ocr_line' id='line_1_42' title="bbox 506 2192 2137 2269; baseline -0.005 -16"><span class='ocrx_word' id='word_1_292' title='bbox 506 2200 712 2269; x_wconf 89' lang='lat' dir='ltr'><strong>sicque</strong></span> <span class='ocrx_word' id='word_1_293' title='bbox 752 2198 830 2254; x_wconf 91' lang='lat' dir='ltr'><strong>ab</strong></span> <span class='ocrx_word' id='word_1_294' title='bbox 861 2214 931 2253; x_wconf 92' lang='lat' dir='ltr'><strong>eo</strong></span> <span class='ocrx_word' id='word_1_295' title='bbox 961 2198 1121 2252; x_wconf 88' lang='lat' dir='ltr'><strong>ducti</strong></span> <span class='ocrx_word' id='word_1_296' title='bbox 1149 2198 1207 2250; x_wconf 92' lang='lat' dir='ltr'><strong>in</strong></span> <span class='ocrx_word' id='word_1_297' title='bbox 1240 2210 1479 2251; x_wconf 90' lang='lat' dir='ltr'><strong>summa</strong></span> <span class='ocrx_word' id='word_1_298' title='bbox 1508 2193 1927 2264; x_wconf 86' lang='lat' dir='ltr'><strong>tranquillitate</strong></span> <span class='ocrx_word' id='word_1_299' title='bbox 1950 2192 2137 2246; x_wconf 87' lang='lat' dir='ltr'><strong>simus</strong></span> 
     </span>
    </p>
   </div>
   <div class='ocr_carea' id='block_1_43' title="bbox 2234 2192 3872 2273">
    <p class='ocr_par' dir='ltr' id='par_1_43' title="bbox 2269 2194 3872 2273">
     <span class='ocr_line' id='line_1_43' title="bbox 2269 2194 3872 2273; baseline 0.004 -29"><span class='ocrx_word' id='word_1_300' title='bbox 2269 2200 2545 2266; x_wconf 86' lang='grc' dir='ltr'>γενόμενοι,</span> <span class='ocrx_word' id='word_1_301' title='bbox 2579 2201 2667 2246; x_wconf 85' lang='grc' dir='ltr'>καὶ</span> <span class='ocrx_word' id='word_1_302' title='bbox 2707 2196 2866 2256; x_wconf 73' lang='grc' dir='ltr'>οὕτως</span> <span class='ocrx_word' id='word_1_303' title='bbox 2910 2198 2997 2247; x_wconf 83' lang='grc' dir='ltr'><strong>ὑπ’</strong></span> <span class='ocrx_word' id='word_1_304' title='bbox 3041 2197 3205 2249; x_wconf 77' lang='grc' dir='ltr'>αὐτοῦ</span> <span class='ocrx_word' id='word_1_305' title='bbox 3252 2194 3598 2270; x_wconf 80' lang='grc' dir='ltr'>ὁδηγούμενοι</span> <span class='ocrx_word' id='word_1_306' title='bbox 3629 2198 3677 2250; x_wconf 72' lang='grc' dir='ltr'>ἐν</span> <span class='ocrx_word' id='word_1_307' title='bbox 3707 2200 3872 2273; x_wconf 76' lang='grc' dir='ltr'>πολλῇ</span> 
     </span>
    </p>
   </div>
   <div class='ocr_carea' id='block_1_44' title="bbox 507 2279 2145 2361">
    <p class='ocr_par' dir='ltr' id='par_1_44' title="bbox 507 2279 2145 2358">
     <span class='ocr_line' id='line_1_44' title="bbox 507 2279 2145 2358; baseline -0.006 -16"><span class='ocrx_word' id='word_1_308' title='bbox 507 2288 699 2358; x_wconf 89' lang='lat' dir='ltr'><strong>lnquit</strong></span> <span class='ocrx_word' id='word_1_309' title='bbox 745 2288 905 2341; x_wconf 90' lang='lat' dir='ltr'><strong>enim</strong></span> <span class='ocrx_word' id='word_1_310' title='bbox 979 2286 1284 2347; x_wconf 89' lang='lat' dir='ltr'><strong>Dominus,</strong></span> <span class='ocrx_word' id='word_1_311' title='bbox 1346 2283 1571 2354; x_wconf 89' lang='lat' dir='ltr'><strong>replere</strong></span> <span class='ocrx_word' id='word_1_312' title='bbox 1629 2298 1737 2336; x_wconf 90' lang='lat' dir='ltr'><strong>nos</strong></span> <span class='ocrx_word' id='word_1_313' title='bbox 1792 2296 1929 2335; x_wconf 92' lang='lat' dir='ltr'><strong>cum</strong></span> <span class='ocrx_word' id='word_1_314' title='bbox 1987 2279 2145 2334; x_wconf 65' lang='lat' dir='ltr'><strong>vellei</strong></span> 
     </span>
    </p>
   </div>
   <div class='ocr_carea' id='block_1_45' title="bbox 2239 2279 3877 2361">
    <p class='ocr_par' dir='ltr' id='par_1_45' title="bbox 2269 2283 3877 2361">
     <span class='ocr_line' id='line_1_45' title="bbox 2269 2283 3877 2361; baseline 0.004 -26"><span class='ocrx_word' id='word_1_315' title='bbox 2269 2283 2466 2357; x_wconf 75' lang='grc' dir='ltr'>γαλήνῃ</span> <span class='ocrx_word' id='word_1_316' title='bbox 2500 2283 2742 2355; x_wconf 79' lang='grc' dir='ltr'>ἐσόμεθα.</span> <span class='ocrx_word' id='word_1_317' title='bbox 2794 2292 2930 2343; x_wconf 81' lang='grc' dir='ltr'>Φησι</span> <span class='ocrx_word' id='word_1_318' title='bbox 2960 2288 3062 2359; x_wconf 82' lang='grc' dir='ltr'><strong>γὰρ</strong></span> <span class='ocrx_word' id='word_1_319' title='bbox 3105 2287 3130 2336; x_wconf 89' lang='lat'><strong>6</strong></span> <span class='ocrx_word' id='word_1_320' title='bbox 3165 2290 3375 2358; x_wconf 82' lang='grc' dir='ltr'>Κύριος,</span> <span class='ocrx_word' id='word_1_321' title='bbox 3426 2287 3705 2360; x_wconf 84' lang='grc' dir='ltr'>πληρῶσαι</span> <span class='ocrx_word' id='word_1_322' title='bbox 3739 2290 3877 2361; x_wconf 76' lang='grc' dir='ltr'>ἡμᾶς</span> 
     </span>
    </p>
   </div>
   <div class='ocr_carea' id='block_1_46' title="bbox 506 2370 2144 2450">
    <p class='ocr_par' dir='ltr' id='par_1_46' title="bbox 506 2370 2144 2446">
     <span class='ocr_line' id='line_1_46' title="bbox 506 2370 2144 2446; baseline -0.004 -16"><span class='ocrx_word' id='word_1_323' title='bbox 506 2381 682 2446; x_wconf 89' lang='lat' dir='ltr'><strong>gustu</strong></span> <span class='ocrx_word' id='word_1_324' title='bbox 727 2374 893 2446; x_wconf 88' lang='lat' dir='ltr'><strong>regni</strong></span> <span class='ocrx_word' id='word_1_325' title='bbox 924 2392 935 2428; x_wconf 95' lang='lat'><strong>:</strong></span> <span class='ocrx_word' id='word_1_326' title='bbox 964 2375 1099 2429; x_wconf 83' lang='lat' dir='ltr'><strong>Sine</strong></span> <span class='ocrx_word' id='word_1_327' title='bbox 1128 2388 1218 2429; x_wconf 87' lang='lat' dir='ltr'><strong>me</strong></span> <span class='ocrx_word' id='word_1_328' title='bbox 1275 2373 1431 2427; x_wconf 77' lang='lat' dir='ltr'><strong>nihil</strong></span> <span class='ocrx_word' id='word_1_329' title='bbox 1469 2372 1705 2439; x_wconf 79' lang='lat' dir='ltr'><strong>potestis</strong></span> <span class='ocrx_word' id='word_1_330' title='bbox 1732 2370 1935 2438; x_wconf 85' lang='lat' dir='ltr'><strong>facere</strong></span> <span class='ocrx_word' id='word_1_331' title='bbox 1982 2370 2051 2420; x_wconf 73' lang='lat'><strong>39.</strong></span> <span class='ocrx_word' id='word_1_332' title='bbox 2097 2370 2144 2423; x_wconf 62' lang='lat' dir='ltr'><strong>E7</strong></span> 
     </span>
    </p>
   </div>
   <div class='ocr_carea' id='block_1_47' title="bbox 2238 2370 3876 2450">
    <p class='ocr_par' dir='ltr' id='par_1_47' title="bbox 2269 2372 3876 2450">
     <span class='ocr_line' id='line_1_47' title="bbox 2269 2372 3876 2450; baseline 0.004 -28"><span class='ocrx_word' id='word_1_333' title='bbox 2269 2379 2359 2432; x_wconf 84' lang='grc' dir='ltr'>τῆς</span> <span class='ocrx_word' id='word_1_334' title='bbox 2387 2376 2613 2443; x_wconf 89' lang='grc' dir='ltr'>γεύσεως</span> <span class='ocrx_word' id='word_1_335' title='bbox 2642 2381 2737 2435; x_wconf 84' lang='grc' dir='ltr'>τῆς</span> <span class='ocrx_word' id='word_1_336' title='bbox 2784 2372 3056 2446; x_wconf 80' lang='grc' dir='ltr'>βασιλείας</span> <span class='ocrx_word' id='word_1_337' title='bbox 3086 2372 3415 2447; x_wconf 83' lang='grc' dir='ltr'>βουλόμενος,</span> <span class='ocrx_word' id='word_1_338' title='bbox 3475 2382 3681 2450; x_wconf 80' lang='grc' dir='ltr'>Χωρὶς</span> <span class='ocrx_word' id='word_1_339' title='bbox 3718 2380 3876 2449; x_wconf 82' lang='grc' dir='ltr'>ἐμοῦ</span> 
     </span>
    </p>
   </div>
   <div class='ocr_carea' id='block_1_48' title="bbox 506 2458 2144 2536">
    <p class='ocr_par' dir='ltr' id='par_1_48' title="bbox 506 2458 2144 2535">
     <span class='ocr_line' id='line_1_48' title="bbox 506 2458 2144 2535; baseline -0.005 -17"><span class='ocrx_word' id='word_1_340' title='bbox 506 2464 752 2535; x_wconf 90' lang='lat' dir='ltr'><strong>quidem</strong></span> <span class='ocrx_word' id='word_1_341' title='bbox 785 2464 1196 2534; x_wconf 87' lang='lat' dir='ltr'><strong>apostolorum</strong></span> <span class='ocrx_word' id='word_1_342' title='bbox 1224 2477 1337 2532; x_wconf 90' lang='lat' dir='ltr'><strong>ope</strong></span> <span class='ocrx_word' id='word_1_343' title='bbox 1371 2461 1589 2515; x_wconf 91' lang='lat' dir='ltr'><strong>multos</strong></span> <span class='ocrx_word' id='word_1_344' title='bbox 1604 2460 1766 2514; x_wconf 91' lang='lat' dir='ltr'><strong>novit</strong></span> <span class='ocrx_word' id='word_1_345' title='bbox 1789 2458 2144 2513; x_wconf 69' lang='lat' dir='ltr'><strong>illuminare;</strong></span> 
     </span>
    </p>
   </div>
   <div class='ocr_carea' id='block_1_49' title="bbox 2237 2458 3875 2536">
    <p class='ocr_par' dir='ltr' id='par_1_49' title="bbox 2266 2458 3875 2536">
     <span class='ocr_line' id='line_1_49' title="bbox 2266 2458 3875 2536; baseline 0.004 -24"><span class='ocrx_word' id='word_1_346' title='bbox 2266 2462 2336 2512; x_wconf 87' lang='grc' dir='ltr'><strong>ού</strong></span> <span class='ocrx_word' id='word_1_347' title='bbox 2377 2458 2660 2514; x_wconf 82' lang='grc' dir='ltr'>δύνασθε</span> <span class='ocrx_word' id='word_1_348' title='bbox 2696 2470 2906 2515; x_wconf 88' lang='grc' dir='ltr'>ποιεῖν</span> <span class='ocrx_word' id='word_1_349' title='bbox 2946 2460 3153 2515; x_wconf 79' lang='grc' dir='ltr'>οὐδέν.</span> <span class='ocrx_word' id='word_1_350' title='bbox 3208 2470 3388 2517; x_wconf 80' lang='grc' dir='ltr'>Καίτοι</span> <span class='ocrx_word' id='word_1_351' title='bbox 3416 2484 3474 2536; x_wconf 85' lang='grc' dir='ltr'><strong>γε</strong></span> <span class='ocrx_word' id='word_1_352' title='bbox 3501 2461 3594 2516; x_wconf 79' lang='grc' dir='ltr'>διὰ</span> <span class='ocrx_word' id='word_1_353' title='bbox 3620 2474 3723 2517; x_wconf 87' lang='grc' dir='ltr'><strong>τῶν</strong></span> <span class='ocrx_word' id='word_1_354' title='bbox 3746 2465 3875 2519; x_wconf 81' lang='grc' dir='ltr'>ἀπο-</span> 
     </span>
    </p>
   </div>
   <div class='ocr_carea' id='block_1_50' title="bbox 506 2546 2144 2626">
    <p class='ocr_par' dir='ltr' id='par_1_50' title="bbox 506 2546 2144 2615">
     <span class='ocr_line' id='line_1_50' title="bbox 506 2546 2144 2615; baseline -0.004 -8"><span class='ocrx_word' id='word_1_355' title='bbox 506 2561 792 2607; x_wconf 61' lang='lat' dir='ltr'><strong>creaturae</strong></span> <span class='ocrx_word' id='word_1_356' title='bbox 823 2556 979 2606; x_wconf 92' lang='lat' dir='ltr'><strong>enim</strong></span> <span class='ocrx_word' id='word_1_357' title='bbox 1023 2568 1159 2606; x_wconf 92' lang='lat' dir='ltr'><strong>cum</strong></span> <span class='ocrx_word' id='word_1_358' title='bbox 1206 2557 1408 2605; x_wconf 91' lang='lat' dir='ltr'><strong>essent</strong></span> <span class='ocrx_word' id='word_1_359' title='bbox 1439 2549 1541 2615; x_wconf 91' lang='lat' dir='ltr'><strong>illi,</strong></span> <span class='ocrx_word' id='word_1_360' title='bbox 1564 2564 1887 2603; x_wconf 89' lang='lat' dir='ltr'><strong>conservos</strong></span> <span class='ocrx_word' id='word_1_361' title='bbox 1943 2546 2144 2601; x_wconf 89' lang='lat' dir='ltr'><strong>educa-</strong></span> 
     </span>
    </p>
   </div>
   <div class='ocr_carea' id='block_1_51' title="bbox 2235 2546 3873 2626">
    <p class='ocr_par' dir='ltr' id='par_1_51' title="bbox 2271 2549 3873 2626">
     <span class='ocr_line' id='line_1_51' title="bbox 2271 2549 3873 2626; baseline 0.004 -25"><span class='ocrx_word' id='word_1_362' title='bbox 2271 2551 2463 2602; x_wconf 88' lang='grc' dir='ltr'>στόλων</span> <span class='ocrx_word' id='word_1_363' title='bbox 2485 2551 2699 2612; x_wconf 79' lang='grc' dir='ltr'>πολλοὺς</span> <span class='ocrx_word' id='word_1_364' title='bbox 2720 2549 2832 2604; x_wconf 82' lang='grc' dir='ltr'>οἶδε</span> <span class='ocrx_word' id='word_1_365' title='bbox 2855 2553 3094 2624; x_wconf 73' lang='grc' dir='ltr'>φωτίζειν</span> <span class='ocrx_word' id='word_1_366' title='bbox 3121 2574 3132 2587; x_wconf 91' lang='grc'>·</span> <span class='ocrx_word' id='word_1_367' title='bbox 3158 2558 3429 2626; x_wconf 85' lang='grc' dir='ltr'>κτίσματα</span> <span class='ocrx_word' id='word_1_368' title='bbox 3442 2557 3542 2626; x_wconf 86' lang='grc' dir='ltr'>γὰρ</span> <span class='ocrx_word' id='word_1_369' title='bbox 3568 2558 3723 2620; x_wconf 81' lang='grc' dir='ltr'>ὄντες,</span> <span class='ocrx_word' id='word_1_370' title='bbox 3748 2560 3873 2616; x_wconf 83' lang='grc' dir='ltr'>τοὺς</span> 
     </span>
    </p>
   </div>
   <div class='ocr_carea' id='block_1_52' title="bbox 505 2636 2143 2717">
    <p class='ocr_par' dir='ltr' id='par_1_52' title="bbox 505 2637 2143 2707">
     <span class='ocr_line' id='line_1_52' title="bbox 505 2637 2143 2707; baseline -0.004 -11"><span class='ocrx_word' id='word_1_371' title='bbox 505 2642 655 2696; x_wconf 88' lang='lat' dir='ltr'><strong>bant</strong></span> <span class='ocrx_word' id='word_1_372' title='bbox 689 2658 701 2695; x_wconf 90' lang='lat'><strong>:</strong></span> <span class='ocrx_word' id='word_1_373' title='bbox 735 2650 792 2696; x_wconf 90' lang='lat' dir='ltr'><strong>et</strong></span> <span class='ocrx_word' id='word_1_374' title='bbox 816 2640 1059 2695; x_wconf 83' lang='lat' dir='ltr'><strong>fratrem</strong></span> <span class='ocrx_word' id='word_1_375' title='bbox 1102 2656 1169 2695; x_wconf 92' lang='lat' dir='ltr'><strong>ac</strong></span> <span class='ocrx_word' id='word_1_376' title='bbox 1201 2639 1389 2693; x_wconf 89' lang='lat' dir='ltr'><strong>tilium</strong></span> <span class='ocrx_word' id='word_1_377' title='bbox 1430 2638 1642 2692; x_wconf 80' lang='lat' dir='ltr'><strong>Christi</strong></span> <span class='ocrx_word' id='word_1_378' title='bbox 1686 2637 1831 2701; x_wconf 83' lang='lat' dir='ltr'><strong>ﬁeri,</strong></span> <span class='ocrx_word' id='word_1_379' title='bbox 1866 2642 2143 2707; x_wconf 67' lang='lat' dir='ltr'><strong>praestan-</strong></span> 
     </span>
    </p>
   </div>
   <div class='ocr_carea' id='block_1_53' title="bbox 2232 2636 3870 2717">
    <p class='ocr_par' dir='ltr' id='par_1_53' title="bbox 2268 2636 3870 2717">
     <span class='ocr_line' id='line_1_53' title="bbox 2268 2636 3870 2717; baseline 0.004 -27"><span class='ocrx_word' id='word_1_380' title='bbox 2268 2636 2585 2711; x_wconf 86' lang='grc' dir='ltr'>ὁμοδούλους</span> <span class='ocrx_word' id='word_1_381' title='bbox 2631 2641 2888 2714; x_wconf 80' lang='grc' dir='ltr'>ἐξέτρεφον</span> <span class='ocrx_word' id='word_1_382' title='bbox 2921 2663 2933 2675; x_wconf 89' lang='grc'><strong>·</strong></span> <span class='ocrx_word' id='word_1_383' title='bbox 2973 2647 3061 2694; x_wconf 83' lang='grc' dir='ltr'><strong>καὶ</strong></span> <span class='ocrx_word' id='word_1_384' title='bbox 3108 2639 3325 2714; x_wconf 78' lang='grc' dir='ltr'>ἀδελφόν</span> <span class='ocrx_word' id='word_1_385' title='bbox 3352 2648 3441 2695; x_wconf 82' lang='grc' dir='ltr'>καὶ</span> <span class='ocrx_word' id='word_1_386' title='bbox 3489 2646 3601 2695; x_wconf 84' lang='grc' dir='ltr'>υἱόν</span> <span class='ocrx_word' id='word_1_387' title='bbox 3632 2651 3870 2717; x_wconf 77' lang='grc' dir='ltr'>Χριστοῦ</span> 
     </span>
    </p>
   </div>
   <div class='ocr_carea' id='block_1_54' title="bbox 508 2726 2146 2805">
    <p class='ocr_par' dir='ltr' id='par_1_54' title="bbox 508 2726 2146 2801">
     <span class='ocr_line' id='line_1_54' title="bbox 508 2726 2146 2801; baseline -0.003 -16"><span class='ocrx_word' id='word_1_388' title='bbox 508 2731 623 2785; x_wconf 90' lang='lat' dir='ltr'><strong>tius</strong></span> <span class='ocrx_word' id='word_1_389' title='bbox 646 2729 793 2801; x_wconf 88' lang='lat' dir='ltr'><strong>quid</strong></span> <span class='ocrx_word' id='word_1_390' title='bbox 822 2745 1008 2801; x_wconf 89' lang='lat' dir='ltr'><strong>quam</strong></span> <span class='ocrx_word' id='word_1_391' title='bbox 1039 2729 1233 2784; x_wconf 62' lang='lat' dir='ltr'><strong>caeteri</strong></span> <span class='ocrx_word' id='word_1_392' title='bbox 1263 2728 1562 2792; x_wconf 91' lang='lat' dir='ltr'><strong>homines,</strong></span> <span class='ocrx_word' id='word_1_393' title='bbox 1595 2726 1827 2781; x_wconf 84' lang='lat' dir='ltr'><strong>efﬁcere</strong></span> <span class='ocrx_word' id='word_1_394' title='bbox 1863 2742 1876 2792; x_wconf 90' lang='lat'><strong>;</strong></span> <span class='ocrx_word' id='word_1_395' title='bbox 1911 2726 2023 2780; x_wconf 89' lang='lat' dir='ltr'><strong>hoc</strong></span> <span class='ocrx_word' id='word_1_396' title='bbox 2050 2732 2146 2791; x_wconf 69' lang='lat' dir='ltr'><strong>est,</strong></span> 
     </span>
    </p>
   </div>
   <div class='ocr_carea' id='block_1_55' title="bbox 2232 2726 3870 2805">
    <p class='ocr_par' dir='ltr' id='par_1_55' title="bbox 2267 2730 3870 2805">
     <span class='ocr_line' id='line_1_55' title="bbox 2267 2730 3870 2805; baseline 0.002 -25"><span class='ocrx_word' id='word_1_397' title='bbox 2267 2730 2525 2799; x_wconf 76' lang='grc' dir='ltr'>γενέσθαι,</span> <span class='ocrx_word' id='word_1_398' title='bbox 2560 2748 2806 2802; x_wconf 84' lang='grc' dir='ltr'>περισσόν</span> <span class='ocrx_word' id='word_1_399' title='bbox 2854 2749 2906 2780; x_wconf 88' lang='grc' dir='ltr'><strong>τι</strong></span> <span class='ocrx_word' id='word_1_400' title='bbox 2944 2734 3087 2804; x_wconf 83' lang='grc' dir='ltr'>παρὰ</span> <span class='ocrx_word' id='word_1_401' title='bbox 3133 2736 3254 2793; x_wconf 81' lang='grc' dir='ltr'>τοὺς</span> <span class='ocrx_word' id='word_1_402' title='bbox 3300 2732 3514 2790; x_wconf 86' lang='grc' dir='ltr'>λοιποὺς</span> <span class='ocrx_word' id='word_1_403' title='bbox 3566 2730 3870 2805; x_wconf 77' lang='grc' dir='ltr'>ἀνθρώπους</span> 
     </span>
    </p>
   </div>
   <div class='ocr_carea' id='block_1_56' title="bbox 504 2814 2142 2896">
    <p class='ocr_par' dir='ltr' id='par_1_56' title="bbox 504 2814 2142 2889">
     <span class='ocr_line' id='line_1_56' title="bbox 504 2814 2142 2889; baseline -0.002 -17"><span class='ocrx_word' id='word_1_404' title='bbox 504 2819 707 2889; x_wconf 90' lang='lat' dir='ltr'><strong>ipsum</strong></span> <span class='ocrx_word' id='word_1_405' title='bbox 764 2834 865 2872; x_wconf 92' lang='lat' dir='ltr'><strong>cor</strong></span> <span class='ocrx_word' id='word_1_406' title='bbox 910 2826 965 2873; x_wconf 91' lang='lat' dir='ltr'><strong>et</strong></span> <span class='ocrx_word' id='word_1_407' title='bbox 1000 2827 1258 2873; x_wconf 90' lang='lat' dir='ltr'><strong>mentem</strong></span> <span class='ocrx_word' id='word_1_408' title='bbox 1320 2815 1800 2878; x_wconf 85' lang='lat' dir='ltr'><strong>sanctificabant,</strong></span> <span class='ocrx_word' id='word_1_409' title='bbox 1841 2814 2045 2870; x_wconf 87' lang='lat' dir='ltr'><strong>itidem</strong></span> <span class='ocrx_word' id='word_1_410' title='bbox 2103 2830 2142 2869; x_wconf 63' lang='lat' dir='ltr'><strong>e‘</strong></span> 
     </span>
    </p>
   </div>
   <div class='ocr_carea' id='block_1_57' title="bbox 2224 2814 3862 2896">
    <p class='ocr_par' dir='ltr' id='par_1_57' title="bbox 2266 2819 3862 2896">
     <span class='ocr_line' id='line_1_57' title="bbox 2266 2819 3862 2896; baseline 0.003 -27"><span class='ocrx_word' id='word_1_411' title='bbox 2266 2824 2451 2881; x_wconf 84' lang='grc' dir='ltr'>ποιεῖν,</span> <span class='ocrx_word' id='word_1_412' title='bbox 2495 2823 2763 2871; x_wconf 80' lang='grc' dir='ltr'>τουτέστιν</span> <span class='ocrx_word' id='word_1_413' title='bbox 2812 2820 2974 2878; x_wconf 79' lang='grc' dir='ltr'>αὐτὴν</span> <span class='ocrx_word' id='word_1_414' title='bbox 3014 2826 3107 2879; x_wconf 83' lang='grc' dir='ltr'>τὴν</span> <span class='ocrx_word' id='word_1_415' title='bbox 3147 2819 3394 2896; x_wconf 84' lang='grc' dir='ltr'>καρδίαν,</span> <span class='ocrx_word' id='word_1_416' title='bbox 3446 2822 3603 2873; x_wconf 77' lang='grc' dir='ltr'>αὐτόν</span> <span class='ocrx_word' id='word_1_417' title='bbox 3633 2826 3715 2873; x_wconf 88' lang='grc' dir='ltr'>τὸν</span> <span class='ocrx_word' id='word_1_418' title='bbox 3743 2830 3862 2873; x_wconf 84' lang='grc' dir='ltr'>νοῦν</span> 
     </span>
    </p>
   </div>
   <div class='ocr_carea' id='block_1_58' title="bbox 503 2904 2141 2984">
    <p class='ocr_par' dir='ltr' id='par_1_58' title="bbox 503 2904 2141 2976">
     <span class='ocr_line' id='line_1_58' title="bbox 503 2904 2141 2976; baseline -0.004 -14"><span class='ocrx_word' id='word_1_419' title='bbox 503 2908 911 2976; x_wconf 87' lang='lat' dir='ltr'><strong>cogitationes,</strong></span> <span class='ocrx_word' id='word_1_420' title='bbox 938 2914 995 2961; x_wconf 91' lang='lat' dir='ltr'><strong>ut</strong></span> <span class='ocrx_word' id='word_1_421' title='bbox 1054 2907 1133 2962; x_wconf 91' lang='lat' dir='ltr'><strong>ad</strong></span> <span class='ocrx_word' id='word_1_422' title='bbox 1191 2910 1373 2961; x_wconf 87' lang='lat' dir='ltr'><strong>Deum</strong></span> <span class='ocrx_word' id='word_1_423' title='bbox 1408 2921 1512 2960; x_wconf 88' lang='lat' dir='ltr'><strong>eas</strong></span> <span class='ocrx_word' id='word_1_424' title='bbox 1562 2905 1927 2973; x_wconf 80' lang='lat' dir='ltr'><strong>dirigerent;</strong></span> <span class='ocrx_word' id='word_1_425' title='bbox 1959 2909 2014 2958; x_wconf 89' lang='lat' dir='ltr'><strong>et</strong></span> <span class='ocrx_word' id='word_1_426' title='bbox 2073 2904 2141 2957; x_wconf 70' lang='grc' dir='ltr'><strong>εἰ(</strong></span> 
     </span>
    </p>
   </div>
   <div class='ocr_carea' id='block_1_59' title="bbox 2224 2904 3862 2984">
    <p class='ocr_par' dir='ltr' id='par_1_59' title="bbox 2268 2906 3862 2984">
     <span class='ocr_line' id='line_1_59' title="bbox 2268 2906 3862 2984; baseline 0.004 -27"><span class='ocrx_word' id='word_1_427' title='bbox 2268 2906 2527 2981; x_wconf 78' lang='grc' dir='ltr'>ἀφιεροῦν,</span> <span class='ocrx_word' id='word_1_428' title='bbox 2604 2914 2691 2960; x_wconf 84' lang='grc' dir='ltr'>καὶ</span> <span class='ocrx_word' id='word_1_429' title='bbox 2748 2912 2864 2969; x_wconf 80' lang='grc' dir='ltr'>τοὺς</span> <span class='ocrx_word' id='word_1_430' title='bbox 2938 2910 3229 2982; x_wconf 85' lang='grc' dir='ltr'>λογισμοὺς</span> <span class='ocrx_word' id='word_1_431' title='bbox 3285 2910 3539 2963; x_wconf 87' lang='grc' dir='ltr'>ἀνασείειν</span> <span class='ocrx_word' id='word_1_432' title='bbox 3599 2915 3723 2984; x_wconf 90' lang='grc' dir='ltr'>πρὸς</span> <span class='ocrx_word' id='word_1_433' title='bbox 3772 2916 3862 2963; x_wconf 84' lang='grc' dir='ltr'>τὸν</span> 
     </span>
    </p>
   </div>
   <div class='ocr_carea' id='block_1_60' title="bbox 503 2993 2141 3072">
    <p class='ocr_par' dir='ltr' id='par_1_60' title="bbox 503 2993 2141 3066">
     <span class='ocr_line' id='line_1_60' title="bbox 503 2993 2141 3066; baseline -0.004 -15"><span class='ocrx_word' id='word_1_434' title='bbox 503 2996 658 3051; x_wconf 90' lang='lat' dir='ltr'><strong>Deus</strong></span> <span class='ocrx_word' id='word_1_435' title='bbox 703 2996 951 3066; x_wconf 89' lang='lat' dir='ltr'><strong>largitur</strong></span> <span class='ocrx_word' id='word_1_436' title='bbox 980 2996 1208 3051; x_wconf 89' lang='lat' dir='ltr'><strong>occulte</strong></span> <span class='ocrx_word' id='word_1_437' title='bbox 1260 2997 1440 3050; x_wconf 90' lang='lat' dir='ltr'><strong>vitam</strong></span> <span class='ocrx_word' id='word_1_438' title='bbox 1470 3001 1525 3049; x_wconf 93' lang='lat' dir='ltr'><strong>et</strong></span> <span class='ocrx_word' id='word_1_439' title='bbox 1550 3009 1730 3064; x_wconf 92' lang='lat' dir='ltr'><strong>opem</strong></span> <span class='ocrx_word' id='word_1_440' title='bbox 1757 2993 1949 3063; x_wconf 88' lang='lat' dir='ltr'><strong>cordi,</strong></span> <span class='ocrx_word' id='word_1_441' title='bbox 1977 3009 2046 3047; x_wconf 91' lang='lat' dir='ltr'><strong>ac</strong></span> <span class='ocrx_word' id='word_1_442' title='bbox 2092 3008 2141 3046; x_wconf 63' lang='lat' dir='ltr'><strong>se</strong></span> 
     </span>
    </p>
   </div>
   <div class='ocr_carea' id='block_1_61' title="bbox 2234 2993 3872 3072">
    <p class='ocr_par' dir='ltr' id='par_1_61' title="bbox 2267 2996 3872 3072">
     <span class='ocr_line' id='line_1_61' title="bbox 2267 2996 3872 3072; baseline 0.002 -23"><span class='ocrx_word' id='word_1_443' title='bbox 2267 3002 2416 3049; x_wconf 83' lang='grc' dir='ltr'>Θεὸν.</span> <span class='ocrx_word' id='word_1_444' title='bbox 2468 3002 2566 3048; x_wconf 78' lang='grc' dir='ltr'><strong>Καὶ</strong></span> <span class='ocrx_word' id='word_1_445' title='bbox 2616 2998 2778 3059; x_wconf 79' lang='grc' dir='ltr'>οὕτως</span> <span class='ocrx_word' id='word_1_446' title='bbox 2824 3000 2848 3049; x_wconf 98' lang='lat'><strong>6</strong></span> <span class='ocrx_word' id='word_1_447' title='bbox 2882 3003 3014 3059; x_wconf 81' lang='grc' dir='ltr'>Θεὸς</span> <span class='ocrx_word' id='word_1_448' title='bbox 3064 2996 3263 3051; x_wconf 85' lang='grc' dir='ltr'>δίδωσι</span> <span class='ocrx_word' id='word_1_449' title='bbox 3305 3008 3544 3072; x_wconf 82' lang='grc' dir='ltr'>κρυπτῶς</span> <span class='ocrx_word' id='word_1_450' title='bbox 3594 3001 3733 3060; x_wconf 71' lang='grc' dir='ltr'>ζωὴν</span> <span class='ocrx_word' id='word_1_451' title='bbox 3778 3006 3872 3053; x_wconf 88' lang='grc' dir='ltr'>καὶ</span> 
     </span>
    </p>
   </div>
   <div class='ocr_carea' id='block_1_62' title="bbox 502 3068 2140 3161">
    <p class='ocr_par' dir='ltr' id='par_1_62' title="bbox 502 3082 2140 3157">
     <span class='ocr_line' id='line_1_62' title="bbox 502 3082 2140 3157; baseline -0.004 -17"><span class='ocrx_word' id='word_1_452' title='bbox 502 3085 703 3157; x_wconf 90' lang='lat' dir='ltr'><strong>ipsum</strong></span> <span class='ocrx_word' id='word_1_453' title='bbox 744 3086 795 3139; x_wconf 92' lang='lat' dir='ltr'><strong>ei</strong></span> <span class='ocrx_word' id='word_1_454' title='bbox 834 3086 1169 3140; x_wconf 86' lang='lat' dir='ltr'><strong>committit.</strong></span> <span class='ocrx_word' id='word_1_455' title='bbox 1196 3088 1343 3139; x_wconf 85' lang='lat' dir='ltr'><strong>Cum</strong></span> <span class='ocrx_word' id='word_1_456' title='bbox 1402 3085 1561 3138; x_wconf 89' lang='lat' dir='ltr'><strong>enim</strong></span> <span class='ocrx_word' id='word_1_457' title='bbox 1588 3089 1833 3147; x_wconf 90' lang='lat' dir='ltr'><strong>secreta,</strong></span> <span class='ocrx_word' id='word_1_458' title='bbox 1863 3082 1977 3136; x_wconf 91' lang='lat' dir='ltr'><strong>hoc</strong></span> <span class='ocrx_word' id='word_1_459' title='bbox 2042 3089 2140 3145; x_wconf 58' lang='lat' dir='ltr'><strong>est,</strong></span> 
     </span>
    </p>
   </div>
   <div class='ocr_carea' id='block_1_63' title="bbox 2235 3068 3873 3161">
    <p class='ocr_par' dir='ltr' id='par_1_63' title="bbox 2266 3083 3873 3161">
     <span class='ocr_line' id='line_1_63' title="bbox 2266 3083 3873 3161; baseline 0.003 -25"><span class='ocrx_word' id='word_1_460' title='bbox 2266 3083 2514 3157; x_wconf 78' lang='grc' dir='ltr'>βοήθειαν</span> <span class='ocrx_word' id='word_1_461' title='bbox 2572 3086 2643 3147; x_wconf 88' lang='grc' dir='ltr'><strong>εἰς</strong></span> <span class='ocrx_word' id='word_1_462' title='bbox 2716 3092 2811 3144; x_wconf 80' lang='grc' dir='ltr'>τὴν</span> <span class='ocrx_word' id='word_1_463' title='bbox 2884 3084 3132 3161; x_wconf 81' lang='grc' dir='ltr'>καρδίαν,</span> <span class='ocrx_word' id='word_1_464' title='bbox 3190 3094 3281 3140; x_wconf 81' lang='grc' dir='ltr'>καὶ</span> <span class='ocrx_word' id='word_1_465' title='bbox 3332 3089 3509 3140; x_wconf 82' lang='grc' dir='ltr'>ἑαυτὸν</span> <span class='ocrx_word' id='word_1_466' title='bbox 3567 3088 3873 3160; x_wconf 78' lang='grc' dir='ltr'>ἑμπιστεύει</span> 
     </span>
    </p>
   </div>
   <div class='ocr_carea' id='block_1_64' title="bbox 501 3170 2139 3250">
    <p class='ocr_par' dir='ltr' id='par_1_64' title="bbox 501 3170 2139 3244">
     <span class='ocr_line' id='line_1_64' title="bbox 501 3170 2139 3244; baseline -0.003 -15"><span class='ocrx_word' id='word_1_467' title='bbox 501 3179 763 3229; x_wconf 87' lang='lat' dir='ltr'><strong>mentem</strong></span> <span class='ocrx_word' id='word_1_468' title='bbox 810 3181 865 3230; x_wconf 90' lang='lat' dir='ltr'><strong>et</strong></span> <span class='ocrx_word' id='word_1_469' title='bbox 895 3175 1285 3243; x_wconf 89' lang='lat' dir='ltr'><strong>cogitationes</strong></span> <span class='ocrx_word' id='word_1_470' title='bbox 1324 3175 1457 3244; x_wconf 88' lang='lat' dir='ltr'><strong>quis</strong></span> <span class='ocrx_word' id='word_1_471' title='bbox 1505 3172 1624 3225; x_wconf 89' lang='lat' dir='ltr'><strong>Deo</strong></span> <span class='ocrx_word' id='word_1_472' title='bbox 1673 3171 1929 3235; x_wconf 88' lang='lat' dir='ltr'><strong>dedicat,</strong></span> <span class='ocrx_word' id='word_1_473' title='bbox 1990 3170 2139 3224; x_wconf 80' lang='lat' dir='ltr'><strong>nulla</strong></span> 
     </span>
    </p>
   </div>
   <div class='ocr_carea' id='block_1_65' title="bbox 2230 3170 3868 3250">
    <p class='ocr_par' dir='ltr' id='par_1_65' title="bbox 2264 3174 3868 3250">
     <span class='ocr_line' id='line_1_65' title="bbox 2264 3174 3868 3250; baseline 0.002 -23"><span class='ocrx_word' id='word_1_474' title='bbox 2264 3176 2418 3247; x_wconf 75' lang='grc' dir='ltr'>αὐτῇ.</span> <span class='ocrx_word' id='word_1_475' title='bbox 2462 3174 2585 3227; x_wconf 85' lang='grc' dir='ltr'>Ὀτε</span> <span class='ocrx_word' id='word_1_476' title='bbox 2626 3180 2725 3250; x_wconf 83' lang='grc' dir='ltr'><strong>γὰρ</strong></span> <span class='ocrx_word' id='word_1_477' title='bbox 2777 3179 2843 3228; x_wconf 82' lang='grc' dir='ltr'>τὰ</span> <span class='ocrx_word' id='word_1_478' title='bbox 2889 3180 3115 3249; x_wconf 81' lang='grc' dir='ltr'>κρυπτὰ,</span> <span class='ocrx_word' id='word_1_479' title='bbox 3159 3183 3399 3230; x_wconf 80' lang='grc' dir='ltr'>τουτέστι</span> <span class='ocrx_word' id='word_1_480' title='bbox 3456 3182 3542 3231; x_wconf 89' lang='grc' dir='ltr'>τὸν</span> <span class='ocrx_word' id='word_1_481' title='bbox 3598 3185 3718 3229; x_wconf 87' lang='grc' dir='ltr'>νοῦν</span> <span class='ocrx_word' id='word_1_482' title='bbox 3778 3184 3868 3231; x_wconf 77' lang='grc' dir='ltr'>καὶ</span> 
     </span>
    </p>
   </div>
   <div class='ocr_carea' id='block_1_66' title="bbox 501 3259 2139 3340">
    <p class='ocr_par' dir='ltr' id='par_1_66' title="bbox 501 3259 2139 3332">
     <span class='ocr_line' id='line_1_66' title="bbox 501 3259 2139 3332; baseline -0.003 -14"><span class='ocrx_word' id='word_1_483' title='bbox 501 3264 617 3318; x_wconf 84' lang='lat' dir='ltr'><strong>alia</strong></span> <span class='ocrx_word' id='word_1_484' title='bbox 641 3279 703 3317; x_wconf 91' lang='lat' dir='ltr'><strong>re</strong></span> <span class='ocrx_word' id='word_1_485' title='bbox 734 3270 837 3318; x_wconf 93' lang='lat' dir='ltr'><strong>aut</strong></span> <span class='ocrx_word' id='word_1_486' title='bbox 873 3264 1230 3332; x_wconf 86' lang='lat' dir='ltr'><strong>cogitatione</strong></span> <span class='ocrx_word' id='word_1_487' title='bbox 1262 3267 1593 3331; x_wconf 89' lang='lat' dir='ltr'><strong>occupatus</strong></span> <span class='ocrx_word' id='word_1_488' title='bbox 1624 3276 1692 3315; x_wconf 92' lang='lat' dir='ltr'><strong>ac</strong></span> <span class='ocrx_word' id='word_1_489' title='bbox 1711 3259 2139 3323; x_wconf 85' lang='lat' dir='ltr'><strong>districtus,sed</strong></span> 
     </span>
    </p>
   </div>
   <div class='ocr_carea' id='block_1_67' title="bbox 2230 3259 3868 3340">
    <p class='ocr_par' dir='ltr' id='par_1_67' title="bbox 2261 3262 3868 3340">
     <span class='ocr_line' id='line_1_67' title="bbox 2261 3262 3868 3340; baseline 0.002 -24"><span class='ocrx_word' id='word_1_490' title='bbox 2261 3268 2379 3325; x_wconf 85' lang='grc' dir='ltr'>τοὺς</span> <span class='ocrx_word' id='word_1_491' title='bbox 2432 3265 2736 3336; x_wconf 83' lang='grc' dir='ltr'>λογισμοὺς,</span> <span class='ocrx_word' id='word_1_492' title='bbox 2794 3262 3093 3336; x_wconf 86' lang='grc' dir='ltr'>δίδωσιτῴ</span> <span class='ocrx_word' id='word_1_493' title='bbox 3142 3275 3274 3337; x_wconf 82' lang='grc' dir='ltr'>Θεῷ,</span> <span class='ocrx_word' id='word_1_494' title='bbox 3326 3272 3397 3339; x_wconf 76' lang='grc' dir='ltr'>μὴ</span> <span class='ocrx_word' id='word_1_495' title='bbox 3453 3266 3868 3340; x_wconf 81' lang='grc' dir='ltr'>ἀσχολούμενος,</span> 
     </span>
    </p>
   </div>
   <div class='ocr_carea' id='block_1_68' title="bbox 501 3350 2139 3429">
    <p class='ocr_par' dir='ltr' id='par_1_68' title="bbox 501 3350 2139 3424">
     <span class='ocr_line' id='line_1_68' title="bbox 501 3350 2139 3424; baseline -0.003 -17"><span class='ocrx_word' id='word_1_496' title='bbox 501 3370 563 3407; x_wconf 91' lang='lat' dir='ltr'><strong>se</strong></span> <span class='ocrx_word' id='word_1_497' title='bbox 593 3354 795 3422; x_wconf 90' lang='lat' dir='ltr'><strong>ipsum</strong></span> <span class='ocrx_word' id='word_1_498' title='bbox 823 3354 877 3406; x_wconf 89' lang='lat' dir='ltr'><strong>vi</strong></span> <span class='ocrx_word' id='word_1_499' title='bbox 903 3352 1171 3424; x_wconf 87' lang='lat' dir='ltr'><strong>quadam</strong></span> <span class='ocrx_word' id='word_1_500' title='bbox 1196 3352 1508 3416; x_wconf 89' lang='lat' dir='ltr'><strong>cohibens,</strong></span> <span class='ocrx_word' id='word_1_501' title='bbox 1536 3354 1673 3408; x_wconf 90' lang='lat' dir='ltr'><strong>tunc</strong></span> <span class='ocrx_word' id='word_1_502' title='bbox 1714 3350 2001 3404; x_wconf 89' lang='lat' dir='ltr'><strong>Dominus</strong></span> <span class='ocrx_word' id='word_1_503' title='bbox 2028 3365 2139 3419; x_wconf 86' lang='lat' dir='ltr'><strong>my-</strong></span> 
     </span>
    </p>
   </div>
   <div class='ocr_carea' id='block_1_69' title="bbox 2230 3350 3868 3429">
    <p class='ocr_par' dir='ltr' id='par_1_69' title="bbox 2261 3353 3868 3429">
     <span class='ocr_line' id='line_1_69' title="bbox 2261 3353 3868 3429; baseline 0.004 -26"><span class='ocrx_word' id='word_1_504' title='bbox 2261 3358 2393 3423; x_wconf 74' lang='grc' dir='ltr'>μήτε</span> <span class='ocrx_word' id='word_1_505' title='bbox 2446 3353 2751 3427; x_wconf 83' lang='grc' dir='ltr'>ῥεμϐόμενος</span> <span class='ocrx_word' id='word_1_506' title='bbox 2810 3354 3064 3425; x_wconf 83' lang='grc' dir='ltr'>ἀλλαχοῦ,</span> <span class='ocrx_word' id='word_1_507' title='bbox 3121 3355 3228 3407; x_wconf 85' lang='grc' dir='ltr'>αλλ’</span> <span class='ocrx_word' id='word_1_508' title='bbox 3284 3355 3466 3407; x_wconf 86' lang='grc' dir='ltr'>ἑαυτὸν</span> <span class='ocrx_word' id='word_1_509' title='bbox 3525 3353 3868 3429; x_wconf 80' lang='grc' dir='ltr'>βιαζόμενος,</span> 
     </span>
    </p>
   </div>
   <div class='ocr_carea' id='block_1_70' title="bbox 500 3438 2138 3516">
    <p class='ocr_par' dir='ltr' id='par_1_70' title="bbox 500 3438 2138 3511">
     <span class='ocr_line' id='line_1_70' title="bbox 500 3438 2138 3511; baseline -0.002 -16"><span class='ocrx_word' id='word_1_510' title='bbox 500 3441 815 3495; x_wconf 87' lang='lat' dir='ltr'><strong>steriorum</strong></span> <span class='ocrx_word' id='word_1_511' title='bbox 846 3440 1195 3511; x_wconf 87' lang='lat' dir='ltr'><strong>participem</strong></span> <span class='ocrx_word' id='word_1_512' title='bbox 1224 3440 1363 3494; x_wconf 88' lang='lat' dir='ltr'><strong>facit</strong></span> <span class='ocrx_word' id='word_1_513' title='bbox 1397 3454 1556 3503; x_wconf 90' lang='lat' dir='ltr'><strong>eum,</strong></span> <span class='ocrx_word' id='word_1_514' title='bbox 1582 3440 1639 3492; x_wconf 90' lang='lat' dir='ltr'><strong>in</strong></span> <span class='ocrx_word' id='word_1_515' title='bbox 1670 3438 2065 3493; x_wconf 87' lang='lat' dir='ltr'><strong>sanctimonia</strong></span> <span class='ocrx_word' id='word_1_516' title='bbox 2081 3454 2138 3492; x_wconf 77' lang='lat' dir='ltr'><strong>ac</strong></span> 
     </span>
    </p>
   </div>
   <div class='ocr_carea' id='block_1_71' title="bbox 2234 3438 3872 3516">
    <p class='ocr_par' dir='ltr' id='par_1_71' title="bbox 2262 3443 3872 3516">
     <span class='ocr_line' id='line_1_71' title="bbox 2262 3443 3872 3516; baseline 0.003 -23"><span class='ocrx_word' id='word_1_517' title='bbox 2262 3447 2373 3493; x_wconf 88' lang='grc' dir='ltr'>τότε</span> <span class='ocrx_word' id='word_1_518' title='bbox 2411 3444 2436 3493; x_wconf 94' lang='lat'><strong>6</strong></span> <span class='ocrx_word' id='word_1_519' title='bbox 2488 3445 2675 3514; x_wconf 74' lang='grc' dir='ltr'>Κύριος</span> <span class='ocrx_word' id='word_1_520' title='bbox 2728 3450 3035 3516; x_wconf 88' lang='grc' dir='ltr'>μυστηρίων</span> <span class='ocrx_word' id='word_1_521' title='bbox 3083 3443 3226 3506; x_wconf 79' lang='grc' dir='ltr'>ἀξιοῖ</span> <span class='ocrx_word' id='word_1_522' title='bbox 3280 3453 3460 3497; x_wconf 82' lang='grc' dir='ltr'>τοῦτον</span> <span class='ocrx_word' id='word_1_523' title='bbox 3516 3444 3564 3495; x_wconf 86' lang='grc' dir='ltr'>ἐν</span> <span class='ocrx_word' id='word_1_524' title='bbox 3623 3445 3872 3516; x_wconf 83' lang='grc' dir='ltr'>ἁγιότητι</span> 
     </span>
    </p>
   </div>
   <div class='ocr_carea' id='block_1_72' title="bbox 498 3528 2136 3608">
    <p class='ocr_par' dir='ltr' id='par_1_72' title="bbox 498 3528 2136 3603">
     <span class='ocr_line' id='line_1_72' title="bbox 498 3528 2136 3603; baseline -0.001 -20"><span class='ocrx_word' id='word_1_525' title='bbox 498 3529 757 3603; x_wconf 85' lang='lat' dir='ltr'><strong>puritate</strong></span> <span class='ocrx_word' id='word_1_526' title='bbox 808 3528 1014 3593; x_wconf 88' lang='lat' dir='ltr'><strong>multa,</strong></span> <span class='ocrx_word' id='word_1_527' title='bbox 1076 3534 1136 3583; x_wconf 90' lang='lat' dir='ltr'><strong>et</strong></span> <span class='ocrx_word' id='word_1_528' title='bbox 1181 3528 1382 3582; x_wconf 91' lang='lat' dir='ltr'><strong>cibum</strong></span> <span class='ocrx_word' id='word_1_529' title='bbox 1442 3528 1742 3582; x_wconf 66' lang='lat' dir='ltr'><strong>caelestem</strong></span> <span class='ocrx_word' id='word_1_530' title='bbox 1790 3528 2027 3582; x_wconf 82' lang='lat' dir='ltr'><strong>exhibet</strong></span> <span class='ocrx_word' id='word_1_531' title='bbox 2087 3542 2136 3582; x_wconf 68' lang='lat' dir='ltr'><strong>se</strong></span> 
     </span>
    </p>
   </div>
   <div class='ocr_carea' id='block_1_73' title="bbox 2237 3528 3875 3608">
    <p class='ocr_par' dir='ltr' id='par_1_73' title="bbox 2260 3531 3875 3608">
     <span class='ocr_line' id='line_1_73' title="bbox 2260 3531 3875 3608; baseline 0.004 -27"><span class='ocrx_word' id='word_1_532' title='bbox 2260 3536 2349 3582; x_wconf 79' lang='grc' dir='ltr'>καὶ</span> <span class='ocrx_word' id='word_1_533' title='bbox 2391 3533 2713 3603; x_wconf 85' lang='grc' dir='ltr'>καθαρότητι</span> <span class='ocrx_word' id='word_1_534' title='bbox 2770 3531 2984 3598; x_wconf 88' lang='grc' dir='ltr'>πλείονι,</span> <span class='ocrx_word' id='word_1_535' title='bbox 3041 3538 3129 3585; x_wconf 78' lang='grc' dir='ltr'>καὶ</span> <span class='ocrx_word' id='word_1_536' title='bbox 3183 3538 3373 3607; x_wconf 75' lang='grc' dir='ltr'>τροφὴν</span> <span class='ocrx_word' id='word_1_537' title='bbox 3427 3533 3729 3608; x_wconf 72' lang='grc' dir='ltr'>ἐπουράνιον</span> <span class='ocrx_word' id='word_1_538' title='bbox 3783 3532 3875 3587; x_wconf 88' lang='grc' dir='ltr'>δί-</span> 
     </span>
    </p>
   </div>
   <div class='ocr_carea' id='block_1_74' title="bbox 499 3614 2137 3693">
    <p class='ocr_par' dir='ltr' id='par_1_74' title="bbox 499 3616 1487 3690">
     <span class='ocr_line' id='line_1_74' title="bbox 499 3616 1487 3690; baseline 0.001 -19"><span class='ocrx_word' id='word_1_539' title='bbox 499 3616 723 3690; x_wconf 89' lang='lat' dir='ltr'><strong>ipsum,</strong></span> <span class='ocrx_word' id='word_1_540' title='bbox 755 3632 824 3672; x_wconf 91' lang='lat' dir='ltr'><strong>ac</strong></span> <span class='ocrx_word' id='word_1_541' title='bbox 856 3625 1064 3688; x_wconf 89' lang='lat' dir='ltr'><strong>potum</strong></span> <span class='ocrx_word' id='word_1_542' title='bbox 1091 3617 1487 3688; x_wconf 87' lang='lat' dir='ltr'><strong>spiritualem.</strong></span> 
     </span>
    </p>
   </div>
   <div class='ocr_carea' id='block_1_75' title="bbox 1694 3614 3332 3693">
    <p class='ocr_par' dir='ltr' id='par_1_75' title="bbox 2261 3614 3332 3693">
     <span class='ocr_line' id='line_1_75' title="bbox 2261 3614 3332 3693; baseline 0.007 -25"><span class='ocrx_word' id='word_1_543' title='bbox 2261 3614 2426 3669; x_wconf 86' lang='grc' dir='ltr'>δωσιν</span> <span class='ocrx_word' id='word_1_544' title='bbox 2458 3620 2632 3687; x_wconf 78' lang='grc' dir='ltr'>αὐτόν,</span> <span class='ocrx_word' id='word_1_545' title='bbox 2664 3624 2755 3670; x_wconf 85' lang='grc' dir='ltr'>καὶ</span> <span class='ocrx_word' id='word_1_546' title='bbox 2788 3625 2935 3692; x_wconf 90' lang='grc' dir='ltr'>πόμα</span> <span class='ocrx_word' id='word_1_547' title='bbox 2965 3628 3332 3693; x_wconf 87' lang='grc' dir='ltr'>πνευματικόν.</span> 
     </span>
    </p>
   </div>
   <div class='ocr_carea' id='block_1_76' title="bbox 570 3722 2208 3805">
    <p class='ocr_par' dir='ltr' id='par_1_76' title="bbox 570 3722 2149 3796">
     <span class='ocr_line' id='line_1_76' title="bbox 570 3722 2149 3796; baseline 0 -19"><span class='ocrx_word' id='word_1_548' title='bbox 570 3723 661 3779; x_wconf 85' lang='lat' dir='ltr'><strong>IV.</strong></span> <span class='ocrx_word' id='word_1_549' title='bbox 686 3724 933 3781; x_wconf 90' lang='lat' dir='ltr'><strong>Perinde</strong></span> <span class='ocrx_word' id='word_1_550' title='bbox 971 3740 1042 3780; x_wconf 91' lang='lat' dir='ltr'><strong>ac</strong></span> <span class='ocrx_word' id='word_1_551' title='bbox 1069 3725 1227 3796; x_wconf 91' lang='lat' dir='ltr'><strong>quis,</strong></span> <span class='ocrx_word' id='word_1_552' title='bbox 1259 3724 1360 3795; x_wconf 93' lang='lat' dir='ltr'><strong>qui</strong></span> <span class='ocrx_word' id='word_1_553' title='bbox 1404 3722 1591 3779; x_wconf 86' lang='lat' dir='ltr'><strong>multa</strong></span> <span class='ocrx_word' id='word_1_554' title='bbox 1624 3722 1808 3787; x_wconf 90' lang='lat' dir='ltr'><strong>bona,</strong></span> <span class='ocrx_word' id='word_1_555' title='bbox 1840 3737 2046 3777; x_wconf 87' lang='lat' dir='ltr'><strong>servos</strong></span> <span class='ocrx_word' id='word_1_556' title='bbox 2079 3738 2149 3778; x_wconf 91' lang='lat' dir='ltr'><strong>ac</strong></span> 
     </span>
    </p>
   </div>
   <div class='ocr_carea' id='block_1_77' title="bbox 2234 3722 3872 3805">
    <p class='ocr_par' dir='ltr' id='par_1_77' title="bbox 2331 3723 3872 3805">
     <span class='ocr_line' id='line_1_77' title="bbox 2331 3723 3872 3805; baseline 0.005 -30"><span class='ocrx_word' id='word_1_557' title='bbox 2331 3724 2402 3776; x_wconf 86' lang='lat' dir='ltr'><strong>A’.</strong></span> <span class='ocrx_word' id='word_1_558' title='bbox 2459 3723 2658 3797; x_wconf 86' lang='grc' dir='ltr'>Ὠσπερ</span> <span class='ocrx_word' id='word_1_559' title='bbox 2706 3725 2789 3777; x_wconf 82' lang='grc' dir='ltr'><strong>ἐὰν</strong></span> <span class='ocrx_word' id='word_1_560' title='bbox 2840 3724 2868 3785; x_wconf 78' lang='grc' dir='ltr'><em>ἧ</em></span> <span class='ocrx_word' id='word_1_561' title='bbox 2920 3747 2999 3791; x_wconf 86' lang='grc' dir='ltr'><strong>τις</strong></span> <span class='ocrx_word' id='word_1_562' title='bbox 3055 3734 3359 3801; x_wconf 82' lang='grc' dir='ltr'>κεκτημένος</span> <span class='ocrx_word' id='word_1_563' title='bbox 3410 3730 3601 3788; x_wconf 83' lang='grc' dir='ltr'>πολλὴν</span> <span class='ocrx_word' id='word_1_564' title='bbox 3664 3750 3872 3805; x_wconf 82' lang='grc' dir='ltr'>περιου-</span> 
     </span>
    </p>
   </div>
   <div class='ocr_carea' id='block_1_78' title="bbox 498 3811 2136 3891">
    <p class='ocr_par' dir='ltr' id='par_1_78' title="bbox 498 3812 2136 3885">
     <span class='ocr_line' id='line_1_78' title="bbox 498 3812 2136 3885; baseline -0.001 -17"><span class='ocrx_word' id='word_1_565' title='bbox 498 3812 651 3868; x_wconf 88' lang='lat' dir='ltr'><strong>ﬁlios</strong></span> <span class='ocrx_word' id='word_1_566' title='bbox 675 3813 962 3885; x_wconf 91' lang='lat' dir='ltr'><strong>possidet,</strong></span> <span class='ocrx_word' id='word_1_567' title='bbox 1003 3814 1186 3869; x_wconf 90' lang='lat' dir='ltr'><strong>alium</strong></span> <span class='ocrx_word' id='word_1_568' title='bbox 1227 3813 1430 3868; x_wconf 91' lang='lat' dir='ltr'><strong>cibum</strong></span> <span class='ocrx_word' id='word_1_569' title='bbox 1464 3813 1689 3883; x_wconf 64' lang='lat' dir='ltr'><strong>praebet</strong></span> <span class='ocrx_word' id='word_1_570' title='bbox 1727 3812 1928 3875; x_wconf 88' lang='lat' dir='ltr'><strong>servis,</strong></span> <span class='ocrx_word' id='word_1_571' title='bbox 1963 3812 2136 3867; x_wconf 87' lang='lat' dir='ltr'><strong>alium</strong></span> 
     </span>
    </p>
   </div>
   <div class='ocr_carea' id='block_1_79' title="bbox 2234 3811 3872 3891">
    <p class='ocr_par' dir='ltr' id='par_1_79' title="bbox 2262 3811 3872 3891">
     <span class='ocr_line' id='line_1_79' title="bbox 2262 3811 3872 3891; baseline 0.006 -27"><span class='ocrx_word' id='word_1_572' title='bbox 2262 3817 2399 3877; x_wconf 89' lang='grc' dir='ltr'>σίαν,</span> <span class='ocrx_word' id='word_1_573' title='bbox 2441 3818 2526 3865; x_wconf 74' lang='grc' dir='ltr'>καὶ</span> <span class='ocrx_word' id='word_1_574' title='bbox 2587 3811 2827 3881; x_wconf 86' lang='grc' dir='ltr'>δούλους,</span> <span class='ocrx_word' id='word_1_575' title='bbox 2874 3823 2963 3869; x_wconf 88' lang='grc' dir='ltr'>καὶ</span> <span class='ocrx_word' id='word_1_576' title='bbox 3017 3822 3186 3883; x_wconf 88' lang='grc' dir='ltr'>τέκνα,</span> <span class='ocrx_word' id='word_1_577' title='bbox 3238 3819 3397 3877; x_wconf 76' lang='grc' dir='ltr'>ἄλλην</span> <span class='ocrx_word' id='word_1_578' title='bbox 3438 3824 3631 3891; x_wconf 75' lang='grc' dir='ltr'>τροφὴν</span> <span class='ocrx_word' id='word_1_579' title='bbox 3664 3817 3872 3873; x_wconf 85' lang='grc' dir='ltr'>δίδωσι</span> 
     </span>
    </p>
   </div>
   <div class='ocr_carea' id='block_1_80' title="bbox 497 3900 2135 3975">
    <p class='ocr_par' dir='ltr' id='par_1_80' title="bbox 497 3900 2135 3975">
     <span class='ocr_line' id='line_1_80' title="bbox 497 3900 2135 3975; baseline -0.001 -18"><span class='ocrx_word' id='word_1_580' title='bbox 497 3902 627 3958; x_wconf 82' lang='lat' dir='ltr'><strong>ﬁliis</strong></span> <span class='ocrx_word' id='word_1_581' title='bbox 652 3918 723 3958; x_wconf 85' lang='lat' dir='ltr'><strong>ex</strong></span> <span class='ocrx_word' id='word_1_582' title='bbox 753 3906 981 3958; x_wconf 88' lang='lat' dir='ltr'><strong>semine</strong></span> <span class='ocrx_word' id='word_1_583' title='bbox 1012 3918 1121 3958; x_wconf 93' lang='lat' dir='ltr'><strong>suo</strong></span> <span class='ocrx_word' id='word_1_584' title='bbox 1145 3902 1468 3975; x_wconf 87' lang='lat' dir='ltr'><strong>procreatis</strong></span> <span class='ocrx_word' id='word_1_585' title='bbox 1514 3918 1527 3956; x_wconf 89' lang='lat'><strong>:</strong></span> <span class='ocrx_word' id='word_1_586' title='bbox 1570 3900 1711 3972; x_wconf 89' lang='lat' dir='ltr'><strong>quia</strong></span> <span class='ocrx_word' id='word_1_587' title='bbox 1739 3901 1838 3955; x_wconf 82' lang='lat' dir='ltr'><strong>filii</strong></span> <span class='ocrx_word' id='word_1_588' title='bbox 1865 3907 2002 3956; x_wconf 90' lang='lat' dir='ltr'><strong>sunt</strong></span> <span class='ocrx_word' id='word_1_589' title='bbox 2031 3902 2135 3956; x_wconf 24' lang='lat' dir='ltr'><strong>basi</strong></span> 
     </span>
    </p>
   </div>
   <div class='ocr_carea' id='block_1_81' title="bbox 2230 3900 3868 3975">
    <p class='ocr_par' dir='ltr' id='par_1_81' title="bbox 2260 3900 3868 3970">
     <span class='ocr_line' id='line_1_81' title="bbox 2260 3900 3868 3970; baseline 0.006 -18"><span class='ocrx_word' id='word_1_590' title='bbox 2260 3910 2368 3962; x_wconf 88' lang='grc' dir='ltr'>τοῖς</span> <span class='ocrx_word' id='word_1_591' title='bbox 2416 3900 2644 3969; x_wconf 81' lang='grc' dir='ltr'>δούλοις,</span> <span class='ocrx_word' id='word_1_592' title='bbox 2673 3910 2761 3956; x_wconf 80' lang='grc' dir='ltr'><strong>καὶ</strong></span> <span class='ocrx_word' id='word_1_593' title='bbox 2792 3906 2949 3963; x_wconf 69' lang='grc' dir='ltr'>ἄλλην</span> <span class='ocrx_word' id='word_1_594' title='bbox 2980 3915 3089 3969; x_wconf 88' lang='grc' dir='ltr'>τοῖς</span> <span class='ocrx_word' id='word_1_595' title='bbox 3122 3905 3277 3968; x_wconf 81' lang='grc' dir='ltr'>ἰδίοις</span> <span class='ocrx_word' id='word_1_596' title='bbox 3324 3912 3520 3970; x_wconf 80' lang='grc' dir='ltr'>τέκνοις</span> <span class='ocrx_word' id='word_1_597' title='bbox 3549 3916 3660 3970; x_wconf 89' lang='grc' dir='ltr'>τοῖς</span> <span class='ocrx_word' id='word_1_598' title='bbox 3688 3912 3744 3960; x_wconf 72' lang='grc' dir='ltr'>ἐκ</span> <span class='ocrx_word' id='word_1_599' title='bbox 3773 3917 3868 3961; x_wconf 88' lang='grc' dir='ltr'><strong>τοῦ</strong></span> 
     </span>
    </p>
   </div>
   <div class='ocr_carea' id='block_1_82' title="bbox 493 3990 2131 4072">
    <p class='ocr_par' dir='ltr' id='par_1_82' title="bbox 493 3990 2123 4064">
     <span class='ocr_line' id='line_1_82' title="bbox 493 3990 2123 4064; baseline -0.002 -15"><span class='ocrx_word' id='word_1_600' title='bbox 493 3996 667 4049; x_wconf 89' lang='lat' dir='ltr'><strong>redes</strong></span> <span class='ocrx_word' id='word_1_601' title='bbox 706 3994 910 4064; x_wconf 88' lang='lat' dir='ltr'><strong>patris,</strong></span> <span class='ocrx_word' id='word_1_602' title='bbox 946 3999 1004 4048; x_wconf 92' lang='lat' dir='ltr'><strong>et</strong></span> <span class='ocrx_word' id='word_1_603' title='bbox 1040 4009 1179 4048; x_wconf 90' lang='lat' dir='ltr'><strong>cum</strong></span> <span class='ocrx_word' id='word_1_604' title='bbox 1205 4008 1276 4047; x_wconf 92' lang='lat' dir='ltr'><strong>eo</strong></span> <span class='ocrx_word' id='word_1_605' title='bbox 1302 3992 1645 4057; x_wconf 90' lang='lat' dir='ltr'><strong>comedunt,</strong></span> <span class='ocrx_word' id='word_1_606' title='bbox 1676 3990 1899 4045; x_wconf 90' lang='lat' dir='ltr'><strong>similes</strong></span> <span class='ocrx_word' id='word_1_607' title='bbox 1929 3990 2123 4045; x_wconf 85' lang='lat' dir='ltr'><strong>scilice</strong></span> 
     </span>
    </p>
   </div>
   <div class='ocr_carea' id='block_1_83' title="bbox 2235 3990 3873 4072">
    <p class='ocr_par' dir='ltr' id='par_1_83' title="bbox 2261 3993 3873 4072">
     <span class='ocr_line' id='line_1_83' title="bbox 2261 3993 3873 4072; baseline 0.005 -29"><span class='ocrx_word' id='word_1_608' title='bbox 2261 3996 2552 4065; x_wconf 80' lang='grc' dir='ltr'>σπέρματος</span> <span class='ocrx_word' id='word_1_609' title='bbox 2607 4000 3013 4066; x_wconf 75' lang='grc' dir='ltr'>γεγενημένοις·</span> <span class='ocrx_word' id='word_1_610' title='bbox 3066 3993 3248 4056; x_wconf 79' lang='grc' dir='ltr'>ἐπειδὴ</span> <span class='ocrx_word' id='word_1_611' title='bbox 3305 4000 3368 4049; x_wconf 87' lang='grc' dir='ltr'><strong>τὰ</strong></span> <span class='ocrx_word' id='word_1_612' title='bbox 3413 4002 3565 4050; x_wconf 84' lang='grc' dir='ltr'>τέκνα</span> <span class='ocrx_word' id='word_1_613' title='bbox 3612 3998 3873 4072; x_wconf 84' lang='grc' dir='ltr'>κληρονο-</span> 
     </span>
    </p>
   </div>
   <div class='ocr_carea' id='block_1_84' title="bbox 496 4080 2134 4161">
    <p class='ocr_par' dir='ltr' id='par_1_84' title="bbox 496 4080 2134 4154">
     <span class='ocr_line' id='line_1_84' title="bbox 496 4080 2134 4154; baseline -0.002 -17"><span class='ocrx_word' id='word_1_614' title='bbox 496 4083 648 4154; x_wconf 87' lang='lat' dir='ltr'><strong>patri</strong></span> <span class='ocrx_word' id='word_1_615' title='bbox 671 4097 780 4137; x_wconf 90' lang='lat' dir='ltr'><strong>suo</strong></span> <span class='ocrx_word' id='word_1_616' title='bbox 814 4099 825 4137; x_wconf 92' lang='lat'>:</span> <span class='ocrx_word' id='word_1_617' title='bbox 855 4084 936 4136; x_wconf 89' lang='lat' dir='ltr'><strong>sic</strong></span> <span class='ocrx_word' id='word_1_618' title='bbox 964 4081 1238 4137; x_wconf 86' lang='lat' dir='ltr'><strong>Christus</strong></span> <span class='ocrx_word' id='word_1_619' title='bbox 1271 4096 1442 4135; x_wconf 89' lang='lat' dir='ltr'><strong>verus</strong></span> <span class='ocrx_word' id='word_1_620' title='bbox 1473 4080 1567 4135; x_wconf 91' lang='lat' dir='ltr'><strong>ille</strong></span> <span class='ocrx_word' id='word_1_621' title='bbox 1600 4080 1889 4135; x_wconf 85' lang='lat' dir='ltr'><strong>Dominus</strong></span> <span class='ocrx_word' id='word_1_622' title='bbox 1940 4080 2134 4135; x_wconf 75' lang='lat' dir='ltr'><strong>omnia</strong></span> 
     </span>
    </p>
   </div>
   <div class='ocr_carea' id='block_1_85' title="bbox 2238 4080 3876 4161">
    <p class='ocr_par' dir='ltr' id='par_1_85' title="bbox 2259 4086 3876 4161">
     <span class='ocr_line' id='line_1_85' title="bbox 2259 4086 3876 4161; baseline 0.005 -29"><span class='ocrx_word' id='word_1_623' title='bbox 2259 4089 2420 4151; x_wconf 84' lang='grc' dir='ltr'>μοῦσι</span> <span class='ocrx_word' id='word_1_624' title='bbox 2463 4086 2548 4133; x_wconf 88' lang='grc' dir='ltr'>τὸν</span> <span class='ocrx_word' id='word_1_625' title='bbox 2594 4088 2809 4157; x_wconf 83' lang='grc' dir='ltr'>πατέρα,</span> <span class='ocrx_word' id='word_1_626' title='bbox 2856 4090 2945 4136; x_wconf 84' lang='grc' dir='ltr'>καὶ</span> <span class='ocrx_word' id='word_1_627' title='bbox 2998 4086 3106 4155; x_wconf 88' lang='grc' dir='ltr'>μετ’</span> <span class='ocrx_word' id='word_1_628' title='bbox 3162 4087 3323 4141; x_wconf 77' lang='grc' dir='ltr'>αὐτοῦ</span> <span class='ocrx_word' id='word_1_629' title='bbox 3377 4088 3668 4153; x_wconf 72' lang='grc' dir='ltr'>ἐσθίουσιν,</span> <span class='ocrx_word' id='word_1_630' title='bbox 3732 4089 3876 4161; x_wconf 72' lang='grc' dir='ltr'>ἀφω-</span> 
     </span>
    </p>
   </div>
   <div class='ocr_carea' id='block_1_86' title="bbox 495 4169 2133 4249">
    <p class='ocr_par' dir='ltr' id='par_1_86' title="bbox 495 4169 2133 4241">
     <span class='ocr_line' id='line_1_86' title="bbox 495 4169 2133 4241; baseline -0.002 -15"><span class='ocrx_word' id='word_1_631' title='bbox 495 4172 735 4237; x_wconf 90' lang='lat' dir='ltr'><strong>creavit,</strong></span> <span class='ocrx_word' id='word_1_632' title='bbox 787 4178 843 4225; x_wconf 91' lang='lat' dir='ltr'><strong>et</strong></span> <span class='ocrx_word' id='word_1_633' title='bbox 892 4172 1072 4225; x_wconf 88' lang='lat' dir='ltr'><strong>nutrit</strong></span> <span class='ocrx_word' id='word_1_634' title='bbox 1128 4170 1437 4241; x_wconf 90' lang='lat' dir='ltr'><strong>improbos</strong></span> <span class='ocrx_word' id='word_1_635' title='bbox 1500 4185 1570 4225; x_wconf 90' lang='lat' dir='ltr'><strong>ac</strong></span> <span class='ocrx_word' id='word_1_636' title='bbox 1624 4170 1893 4237; x_wconf 86' lang='lat' dir='ltr'><strong>ingratos</strong></span> <span class='ocrx_word' id='word_1_637' title='bbox 1940 4187 1951 4223; x_wconf 93' lang='lat'>:</span> <span class='ocrx_word' id='word_1_638' title='bbox 1995 4169 2133 4223; x_wconf 74' lang='lat' dir='ltr'><strong>filios</strong></span> 
     </span>
    </p>
   </div>
   <div class='ocr_carea' id='block_1_87' title="bbox 2234 4169 3872 4249">
    <p class='ocr_par' dir='ltr' id='par_1_87' title="bbox 2257 4174 3872 4249">
     <span class='ocr_line' id='line_1_87' title="bbox 2257 4174 3872 4249; baseline 0.005 -27"><span class='ocrx_word' id='word_1_639' title='bbox 2257 4176 2520 4243; x_wconf 87' lang='grc' dir='ltr'>μοιωμένα</span> <span class='ocrx_word' id='word_1_640' title='bbox 2561 4180 2633 4242; x_wconf 83' lang='grc' dir='ltr'>τῷ</span> <span class='ocrx_word' id='word_1_641' title='bbox 2680 4179 2842 4247; x_wconf 80' lang='grc' dir='ltr'>πατρὶ</span> <span class='ocrx_word' id='word_1_642' title='bbox 2892 4174 3059 4226; x_wconf 77' lang='grc' dir='ltr'>αὐτῶν</span> <span class='ocrx_word' id='word_1_643' title='bbox 3095 4194 3107 4205; x_wconf 91' lang='grc'><strong>·</strong></span> <span class='ocrx_word' id='word_1_644' title='bbox 3152 4176 3285 4227; x_wconf 77' lang='grc' dir='ltr'>οὕτω</span> <span class='ocrx_word' id='word_1_645' title='bbox 3338 4182 3426 4228; x_wconf 80' lang='grc' dir='ltr'>καὶ</span> <span class='ocrx_word' id='word_1_646' title='bbox 3478 4178 3503 4227; x_wconf 87' lang='grc' dir='ltr'><strong><em>ὁ</em></strong></span> <span class='ocrx_word' id='word_1_647' title='bbox 3556 4183 3793 4249; x_wconf 82' lang='grc' dir='ltr'>Χριστὸς</span> <span class='ocrx_word' id='word_1_648' title='bbox 3845 4182 3872 4230; x_wconf 93' lang='lat'><strong>6</strong></span> 
     </span>
    </p>
   </div>
   <div class='ocr_carea' id='block_1_88' title="bbox 496 4258 2134 4339">
    <p class='ocr_par' dir='ltr' id='par_1_88' title="bbox 496 4260 2134 4330">
     <span class='ocr_line' id='line_1_88' title="bbox 496 4260 2134 4330; baseline -0.001 -15"><span class='ocrx_word' id='word_1_649' title='bbox 496 4276 637 4315; x_wconf 91' lang='lat' dir='ltr'><strong>vero</strong></span> <span class='ocrx_word' id='word_1_650' title='bbox 658 4275 811 4330; x_wconf 90' lang='lat' dir='ltr'><strong>quos</strong></span> <span class='ocrx_word' id='word_1_651' title='bbox 837 4260 1041 4329; x_wconf 84' lang='lat' dir='ltr'><strong>genuit</strong></span> <span class='ocrx_word' id='word_1_652' title='bbox 1079 4276 1151 4313; x_wconf 90' lang='lat' dir='ltr'><strong>ex</strong></span> <span class='ocrx_word' id='word_1_653' title='bbox 1203 4260 1429 4314; x_wconf 87' lang='lat' dir='ltr'><strong>semine</strong></span> <span class='ocrx_word' id='word_1_654' title='bbox 1488 4273 1621 4321; x_wconf 90' lang='lat' dir='ltr'><strong>suo,</strong></span> <span class='ocrx_word' id='word_1_655' title='bbox 1656 4274 1930 4328; x_wconf 90' lang='lat' dir='ltr'><strong>quosque</strong></span> <span class='ocrx_word' id='word_1_656' title='bbox 1970 4260 2134 4328; x_wconf 88' lang='lat' dir='ltr'><strong>parti-</strong></span> 
     </span>
    </p>
   </div>
   <div class='ocr_carea' id='block_1_89' title="bbox 2234 4258 3872 4339">
    <p class='ocr_par' dir='ltr' id='par_1_89' title="bbox 2259 4258 3872 4339">
     <span class='ocr_line' id='line_1_89' title="bbox 2259 4258 3872 4339; baseline 0.006 -29"><span class='ocrx_word' id='word_1_657' title='bbox 2259 4258 2501 4321; x_wconf 85' lang='grc' dir='ltr'>ἀληθινὸς</span> <span class='ocrx_word' id='word_1_658' title='bbox 2544 4267 2830 4327; x_wconf 86' lang='grc' dir='ltr'>Δεσπότης,</span> <span class='ocrx_word' id='word_1_659' title='bbox 2886 4264 3057 4314; x_wconf 81' lang='grc' dir='ltr'>πάντα</span> <span class='ocrx_word' id='word_1_660' title='bbox 3103 4265 3255 4324; x_wconf 76' lang='grc' dir='ltr'>αὐτὸς</span> <span class='ocrx_word' id='word_1_661' title='bbox 3310 4267 3500 4332; x_wconf 80' lang='grc' dir='ltr'>ἔκτισε,</span> <span class='ocrx_word' id='word_1_662' title='bbox 3557 4271 3646 4318; x_wconf 80' lang='grc' dir='ltr'>καὶ</span> <span class='ocrx_word' id='word_1_663' title='bbox 3696 4272 3872 4339; x_wconf 69' lang='grc' dir='ltr'>τρέφει</span> 
     </span>
    </p>
   </div>
   <div class='ocr_carea' id='block_1_90' title="bbox 496 4346 2134 4427">
    <p class='ocr_par' dir='ltr' id='par_1_90' title="bbox 496 4346 2134 4420">
     <span class='ocr_line' id='line_1_90' title="bbox 496 4346 2134 4420; baseline -0.003 -17"><span class='ocrx_word' id='word_1_664' title='bbox 496 4351 661 4420; x_wconf 91' lang='lat' dir='ltr'><strong>cipes</strong></span> <span class='ocrx_word' id='word_1_665' title='bbox 727 4347 862 4403; x_wconf 89' lang='lat' dir='ltr'><strong>fecit</strong></span> <span class='ocrx_word' id='word_1_666' title='bbox 909 4350 1112 4418; x_wconf 63' lang='lat' dir='ltr'><strong>gratias</strong></span> <span class='ocrx_word' id='word_1_667' title='bbox 1169 4364 1315 4413; x_wconf 65' lang='lat' dir='ltr'><strong>suas,</strong></span> <span class='ocrx_word' id='word_1_668' title='bbox 1356 4349 1416 4402; x_wconf 90' lang='lat' dir='ltr'><strong>in</strong></span> <span class='ocrx_word' id='word_1_669' title='bbox 1465 4346 1689 4418; x_wconf 87' lang='lat' dir='ltr'><strong>quibus</strong></span> <span class='ocrx_word' id='word_1_670' title='bbox 1742 4346 2035 4401; x_wconf 89' lang='lat' dir='ltr'><strong>formatus</strong></span> <span class='ocrx_word' id='word_1_671' title='bbox 2062 4357 2134 4402; x_wconf 64' lang='lat' dir='ltr'><strong>esi</strong></span> 
     </span>
    </p>
   </div>
   <div class='ocr_carea' id='block_1_91' title="bbox 2236 4346 3874 4427">
    <p class='ocr_par' dir='ltr' id='par_1_91' title="bbox 2256 4350 3874 4427">
     <span class='ocr_line' id='line_1_91' title="bbox 2256 4350 3874 4427; baseline 0.004 -28"><span class='ocrx_word' id='word_1_672' title='bbox 2256 4353 2375 4409; x_wconf 80' lang='grc' dir='ltr'>τοὺς</span> <span class='ocrx_word' id='word_1_673' title='bbox 2425 4354 2682 4423; x_wconf 80' lang='grc' dir='ltr'>πονηροὺς</span> <span class='ocrx_word' id='word_1_674' title='bbox 2712 4358 2794 4402; x_wconf 76' lang='grc' dir='ltr'>καὶ</span> <span class='ocrx_word' id='word_1_675' title='bbox 2857 4351 3190 4425; x_wconf 86' lang='grc' dir='ltr'>ἀχαρίστους</span> <span class='ocrx_word' id='word_1_676' title='bbox 3222 4371 3233 4382; x_wconf 91' lang='grc'><strong>·</strong></span> <span class='ocrx_word' id='word_1_677' title='bbox 3266 4356 3331 4405; x_wconf 89' lang='grc' dir='ltr'><strong>τά</strong></span> <span class='ocrx_word' id='word_1_678' title='bbox 3377 4350 3436 4406; x_wconf 77' lang='grc' dir='ltr'>δὲ</span> <span class='ocrx_word' id='word_1_679' title='bbox 3467 4358 3639 4419; x_wconf 75' lang='grc' dir='ltr'>τέκνα,</span> <span class='ocrx_word' id='word_1_680' title='bbox 3669 4354 3702 4406; x_wconf 82' lang='grc' dir='ltr'><em>ἃ</em></span> <span class='ocrx_word' id='word_1_681' title='bbox 3733 4355 3874 4427; x_wconf 74' lang='grc' dir='ltr'>ἐγέν-</span> 
     </span>
    </p>
   </div>
   <div class='ocr_carea' id='block_1_92' title="bbox 497 4421 2135 4515">
    <p class='ocr_par' dir='ltr' id='par_1_92' title="bbox 497 4435 2135 4509">
     <span class='ocr_line' id='line_1_92' title="bbox 497 4435 2135 4509; baseline -0.002 -17"><span class='ocrx_word' id='word_1_682' title='bbox 497 4436 809 4503; x_wconf 90' lang='lat' dir='ltr'><strong>Dominus,</strong></span> <span class='ocrx_word' id='word_1_683' title='bbox 853 4437 1139 4509; x_wconf 89' lang='lat' dir='ltr'><strong>peculiari</strong></span> <span class='ocrx_word' id='word_1_684' title='bbox 1189 4437 1528 4500; x_wconf 88' lang='lat' dir='ltr'><strong>refectione,</strong></span> <span class='ocrx_word' id='word_1_685' title='bbox 1562 4435 1867 4500; x_wconf 91' lang='lat' dir='ltr'><strong>alimento,</strong></span> <span class='ocrx_word' id='word_1_686' title='bbox 1914 4435 2049 4490; x_wconf 92' lang='lat' dir='ltr'><strong>cibo</strong></span> <span class='ocrx_word' id='word_1_687' title='bbox 2092 4443 2135 4490; x_wconf 71' lang='grc' dir='ltr'><strong>ει</strong></span> 
     </span>
    </p>
   </div>
   <div class='ocr_carea' id='block_1_93' title="bbox 2230 4421 3868 4515">
    <p class='ocr_par' dir='ltr' id='par_1_93' title="bbox 2255 4438 3868 4515">
     <span class='ocr_line' id='line_1_93' title="bbox 2255 4438 3868 4515; baseline 0.006 -27"><span class='ocrx_word' id='word_1_688' title='bbox 2255 4456 2408 4496; x_wconf 91' lang='grc' dir='ltr'>νησεν</span> <span class='ocrx_word' id='word_1_689' title='bbox 2440 4438 2494 4489; x_wconf 88' lang='grc' dir='ltr'>ἐκ</span> <span class='ocrx_word' id='word_1_690' title='bbox 2543 4448 2635 4491; x_wconf 90' lang='grc' dir='ltr'><strong>τοῦ</strong></span> <span class='ocrx_word' id='word_1_691' title='bbox 2682 4445 2988 4514; x_wconf 87' lang='grc' dir='ltr'>σπέρματος</span> <span class='ocrx_word' id='word_1_692' title='bbox 3038 4442 3222 4513; x_wconf 79' lang='grc' dir='ltr'>αύτού,</span> <span class='ocrx_word' id='word_1_693' title='bbox 3250 4450 3339 4494; x_wconf 80' lang='grc' dir='ltr'>καὶ</span> <span class='ocrx_word' id='word_1_694' title='bbox 3371 4445 3442 4503; x_wconf 87' lang='grc' dir='ltr'>οἷς</span> <span class='ocrx_word' id='word_1_695' title='bbox 3490 4442 3778 4515; x_wconf 78' lang='grc' dir='ltr'>μετέδωκεν</span> <span class='ocrx_word' id='word_1_696' title='bbox 3809 4446 3868 4497; x_wconf 76' lang='grc' dir='ltr'>ἐκ</span> 
     </span>
    </p>
   </div>
   <div class='ocr_carea' id='block_1_94' title="bbox 494 4525 2132 4605">
    <p class='ocr_par' dir='ltr' id='par_1_94' title="bbox 494 4525 2132 4600">
     <span class='ocr_line' id='line_1_94' title="bbox 494 4525 2132 4600; baseline -0.002 -17"><span class='ocrx_word' id='word_1_697' title='bbox 494 4533 661 4600; x_wconf 88' lang='lat' dir='ltr'><strong>potu,</strong></span> <span class='ocrx_word' id='word_1_698' title='bbox 704 4540 915 4598; x_wconf 64' lang='lat' dir='ltr'><strong>praeter</strong></span> <span class='ocrx_word' id='word_1_699' title='bbox 928 4534 1171 4582; x_wconf 67' lang='lat' dir='ltr'><strong>cmteros</strong></span> <span class='ocrx_word' id='word_1_700' title='bbox 1194 4526 1472 4582; x_wconf 88' lang='lat' dir='ltr'><strong>homines</strong></span> <span class='ocrx_word' id='word_1_701' title='bbox 1502 4526 1737 4591; x_wconf 87' lang='lat' dir='ltr'><strong>enutrit,</strong></span> <span class='ocrx_word' id='word_1_702' title='bbox 1758 4540 1825 4578; x_wconf 91' lang='lat' dir='ltr'><strong>ac</strong></span> <span class='ocrx_word' id='word_1_703' title='bbox 1850 4525 2132 4595; x_wconf 61' lang='lat' dir='ltr'><strong>prabetse</strong></span> 
     </span>
    </p>
   </div>
   <div class='ocr_carea' id='block_1_95' title="bbox 2227 4525 3865 4605">
    <p class='ocr_par' dir='ltr' id='par_1_95' title="bbox 2257 4530 3865 4605">
     <span class='ocr_line' id='line_1_95' title="bbox 2257 4530 3865 4605; baseline 0.005 -27"><span class='ocrx_word' id='word_1_704' title='bbox 2257 4535 2347 4588; x_wconf 84' lang='grc' dir='ltr'>τῆς</span> <span class='ocrx_word' id='word_1_705' title='bbox 2390 4534 2611 4601; x_wconf 89' lang='grc' dir='ltr'>χαρίτος</span> <span class='ocrx_word' id='word_1_706' title='bbox 2656 4530 2837 4597; x_wconf 76' lang='grc' dir='ltr'>αὐτοῦ,</span> <span class='ocrx_word' id='word_1_707' title='bbox 2872 4530 2919 4581; x_wconf 87' lang='grc' dir='ltr'>ἐν</span> <span class='ocrx_word' id='word_1_708' title='bbox 2953 4532 3029 4594; x_wconf 84' lang='grc' dir='ltr'>οἷς</span> <span class='ocrx_word' id='word_1_709' title='bbox 3076 4531 3348 4604; x_wconf 69' lang='grc' dir='ltr'>ἐμορφῶθη</span> <span class='ocrx_word' id='word_1_710' title='bbox 3394 4534 3418 4583; x_wconf 87' lang='grc' dir='ltr'><strong>ό</strong></span> <span class='ocrx_word' id='word_1_711' title='bbox 3455 4536 3666 4605; x_wconf 80' lang='grc' dir='ltr'>Κύριος,</span> <span class='ocrx_word' id='word_1_712' title='bbox 3719 4531 3865 4586; x_wconf 79' lang='grc' dir='ltr'>ἰδίαν</span> 
     </span>
    </p>
   </div>
   <div class='ocr_carea' id='block_1_96' title="bbox 492 4616 2130 4696">
    <p class='ocr_par' dir='ltr' id='par_1_96' title="bbox 492 4617 2130 4689">
     <span class='ocr_line' id='line_1_96' title="bbox 492 4617 2130 4689; baseline -0.001 -18"><span class='ocrx_word' id='word_1_713' title='bbox 492 4617 693 4689; x_wconf 89' lang='lat' dir='ltr'><strong>ipsum</strong></span> <span class='ocrx_word' id='word_1_714' title='bbox 736 4617 848 4672; x_wconf 88' lang='lat' dir='ltr'><strong>illis</strong></span> <span class='ocrx_word' id='word_1_715' title='bbox 887 4617 1385 4672; x_wconf 85' lang='lat' dir='ltr'><strong>conversantibus</strong></span> <span class='ocrx_word' id='word_1_716' title='bbox 1428 4631 1568 4670; x_wconf 90' lang='lat' dir='ltr'><strong>eum</strong></span> <span class='ocrx_word' id='word_1_717' title='bbox 1618 4620 1782 4684; x_wconf 87' lang='lat' dir='ltr'><strong>patre</strong></span> <span class='ocrx_word' id='word_1_718' title='bbox 1827 4630 1962 4684; x_wconf 89' lang='lat' dir='ltr'><strong>suo,</strong></span> <span class='ocrx_word' id='word_1_719' title='bbox 1998 4617 2130 4669; x_wconf 88' lang='lat' dir='ltr'><strong>sicu</strong></span> 
     </span>
    </p>
   </div>
   <div class='ocr_carea' id='block_1_97' title="bbox 2229 4616 3867 4696">
    <p class='ocr_par' dir='ltr' id='par_1_97' title="bbox 2257 4616 3867 4696">
     <span class='ocr_line' id='line_1_97' title="bbox 2257 4616 3867 4696; baseline 0.006 -29"><span class='ocrx_word' id='word_1_720' title='bbox 2257 4616 2549 4668; x_wconf 88' lang='grc' dir='ltr'>ἀνάπαυσιν</span> <span class='ocrx_word' id='word_1_721' title='bbox 2603 4624 2691 4670; x_wconf 69' lang='lat' dir='ltr'><strong>xvi</strong></span> <span class='ocrx_word' id='word_1_722' title='bbox 2728 4624 2941 4691; x_wconf 78' lang='grc' dir='ltr'>τροφὴν,</span> <span class='ocrx_word' id='word_1_723' title='bbox 2989 4625 3077 4672; x_wconf 85' lang='grc' dir='ltr'>καὶ</span> <span class='ocrx_word' id='word_1_724' title='bbox 3121 4620 3344 4695; x_wconf 83' lang='grc' dir='ltr'>βρῶσιν,</span> <span class='ocrx_word' id='word_1_725' title='bbox 3378 4626 3466 4673; x_wconf 85' lang='grc' dir='ltr'>καὶ</span> <span class='ocrx_word' id='word_1_726' title='bbox 3514 4628 3689 4687; x_wconf 89' lang='grc' dir='ltr'>πόσιν,</span> <span class='ocrx_word' id='word_1_727' title='bbox 3723 4628 3867 4696; x_wconf 91' lang='grc' dir='ltr'><strong>παρά</strong></span> 
     </span>
    </p>
   </div>
   <div class='ocr_carea' id='block_1_98' title="bbox 494 4704 2132 4782">
    <p class='ocr_par' dir='ltr' id='par_1_98' title="bbox 494 4704 2132 4771">
     <span class='ocr_line' id='line_1_98' title="bbox 494 4704 2132 4771; baseline -0.002 -9"><span class='ocrx_word' id='word_1_728' title='bbox 494 4708 576 4762; x_wconf 86' lang='lat' dir='ltr'><strong>ait</strong></span> <span class='ocrx_word' id='word_1_729' title='bbox 638 4706 973 4761; x_wconf 89' lang='lat' dir='ltr'><strong>Dominus:</strong></span> <span class='ocrx_word' id='word_1_730' title='bbox 1016 4706 1127 4771; x_wconf 78' lang='lat' dir='ltr'><strong>Qui</strong></span> <span class='ocrx_word' id='word_1_731' title='bbox 1176 4705 1296 4760; x_wconf 80' lang='lat' dir='ltr'><strong>edit</strong></span> <span class='ocrx_word' id='word_1_732' title='bbox 1346 4720 1533 4759; x_wconf 84' lang='lat' dir='ltr'><strong>meam</strong></span> <span class='ocrx_word' id='word_1_733' title='bbox 1592 4718 1851 4767; x_wconf 78' lang='lat' dir='ltr'><strong>carnem,</strong></span> <span class='ocrx_word' id='word_1_734' title='bbox 1913 4712 1966 4758; x_wconf 79' lang='grc' dir='ltr'><strong>ει</strong></span> <span class='ocrx_word' id='word_1_735' title='bbox 2001 4704 2132 4759; x_wconf 66' lang='lat' dir='ltr'><strong>bibit</strong></span> 
     </span>
    </p>
   </div>
   <div class='ocr_carea' id='block_1_99' title="bbox 2227 4704 3865 4782">
    <p class='ocr_par' dir='ltr' id='par_1_99' title="bbox 2255 4706 3865 4782">
     <span class='ocr_line' id='line_1_99' title="bbox 2255 4706 3865 4782; baseline 0.004 -25"><span class='ocrx_word' id='word_1_736' title='bbox 2255 4709 2374 4765; x_wconf 82' lang='grc' dir='ltr'>τοὺς</span> <span class='ocrx_word' id='word_1_737' title='bbox 2421 4706 2630 4777; x_wconf 65' lang='grc' dir='ltr'>λοιποὺς</span> <span class='ocrx_word' id='word_1_738' title='bbox 2678 4706 2977 4781; x_wconf 86' lang='grc' dir='ltr'>ἀνθρώπους</span> <span class='ocrx_word' id='word_1_739' title='bbox 3028 4708 3272 4782; x_wconf 76' lang='grc' dir='ltr'>ἐκτρέφει,</span> <span class='ocrx_word' id='word_1_740' title='bbox 3323 4715 3411 4761; x_wconf 84' lang='grc' dir='ltr'>καὶ</span> <span class='ocrx_word' id='word_1_741' title='bbox 3466 4706 3693 4763; x_wconf 84' lang='grc' dir='ltr'>δίδωσιν</span> <span class='ocrx_word' id='word_1_742' title='bbox 3749 4712 3865 4764; x_wconf 75' lang='grc' dir='ltr'>ἐαυ-</span> 
     </span>
    </p>
   </div>
   <div class='ocr_carea' id='block_1_100' title="bbox 492 4792 2130 4871">
    <p class='ocr_par' dir='ltr' id='par_1_100' title="bbox 492 4792 2130 4864">
     <span class='ocr_line' id='line_1_100' title="bbox 492 4792 2130 4864; baseline -0.002 -14"><span class='ocrx_word' id='word_1_743' title='bbox 492 4809 685 4850; x_wconf 85' lang='lat' dir='ltr'><strong>meum</strong></span> <span class='ocrx_word' id='word_1_744' title='bbox 715 4795 1085 4864; x_wconf 86' lang='lat' dir='ltr'><strong>sanguinem,</strong></span> <span class='ocrx_word' id='word_1_745' title='bbox 1117 4794 1178 4847; x_wconf 84' lang='lat' dir='ltr'><strong>in</strong></span> <span class='ocrx_word' id='word_1_746' title='bbox 1226 4810 1317 4848; x_wconf 84' lang='lat' dir='ltr'><strong>me</strong></span> <span class='ocrx_word' id='word_1_747' title='bbox 1369 4798 1587 4857; x_wconf 83' lang='lat' dir='ltr'><strong>manet,</strong></span> <span class='ocrx_word' id='word_1_748' title='bbox 1611 4800 1663 4847; x_wconf 81' lang='lat' dir='ltr'><strong>et</strong></span> <span class='ocrx_word' id='word_1_749' title='bbox 1695 4808 1799 4862; x_wconf 86' lang='lat' dir='ltr'><strong>ego</strong></span> <span class='ocrx_word' id='word_1_750' title='bbox 1850 4792 1911 4846; x_wconf 84' lang='lat' dir='ltr'><strong>in</strong></span> <span class='ocrx_word' id='word_1_751' title='bbox 1942 4793 2069 4862; x_wconf 81' lang='lat' dir='ltr'><strong>illo,</strong></span> <span class='ocrx_word' id='word_1_752' title='bbox 2093 4809 2130 4848; x_wconf 70' lang='lat' dir='ltr'><strong>ei</strong></span> 
     </span>
    </p>
   </div>
   <div class='ocr_carea' id='block_1_101' title="bbox 2223 4792 3861 4871">
    <p class='ocr_par' dir='ltr' id='par_1_101' title="bbox 2255 4794 3861 4871">
     <span class='ocr_line' id='line_1_101' title="bbox 2255 4794 3861 4871; baseline 0.004 -26"><span class='ocrx_word' id='word_1_753' title='bbox 2255 4798 2341 4846; x_wconf 85' lang='grc' dir='ltr'><strong>τόν</strong></span> <span class='ocrx_word' id='word_1_754' title='bbox 2391 4794 2560 4855; x_wconf 75' lang='grc' dir='ltr'>αὐτοῖς</span> <span class='ocrx_word' id='word_1_755' title='bbox 2609 4795 3066 4871; x_wconf 79' lang='grc' dir='ltr'>ἀναστρεφομένοις</span> <span class='ocrx_word' id='word_1_756' title='bbox 3115 4802 3245 4871; x_wconf 86' lang='grc' dir='ltr'><strong>μετά</strong></span> <span class='ocrx_word' id='word_1_757' title='bbox 3284 4807 3375 4851; x_wconf 84' lang='grc' dir='ltr'><strong>τοῦ</strong></span> <span class='ocrx_word' id='word_1_758' title='bbox 3432 4805 3631 4871; x_wconf 89' lang='grc' dir='ltr'>πατρός</span> <span class='ocrx_word' id='word_1_759' title='bbox 3671 4801 3861 4869; x_wconf 73' lang='grc' dir='ltr'>αὐτῶν,</span> 
     </span>
    </p>
   </div>
   <div class='ocr_carea' id='block_1_102' title="bbox 493 4880 2131 4962">
    <p class='ocr_par' dir='ltr' id='par_1_102' title="bbox 493 4880 2131 4952">
     <span class='ocr_line' id='line_1_102' title="bbox 493 4880 2131 4952; baseline -0.002 -13"><span class='ocrx_word' id='word_1_760' title='bbox 493 4890 735 4939; x_wconf 83' lang='lat' dir='ltr'><strong>mortem</strong></span> <span class='ocrx_word' id='word_1_761' title='bbox 761 4900 874 4939; x_wconf 85' lang='lat' dir='ltr'><strong>non</strong></span> <span class='ocrx_word' id='word_1_762' title='bbox 903 4882 1112 4938; x_wconf 78' lang='lat' dir='ltr'><strong>videbit</strong></span> <span class='ocrx_word' id='word_1_763' title='bbox 1140 4883 1207 4936; x_wconf 76' lang='lat'><strong>“.</strong></span> <span class='ocrx_word' id='word_1_764' title='bbox 1242 4880 1351 4948; x_wconf 85' lang='lat' dir='ltr'><strong>Qui</strong></span> <span class='ocrx_word' id='word_1_765' title='bbox 1393 4882 1552 4935; x_wconf 91' lang='lat' dir='ltr'><strong>enim</strong></span> <span class='ocrx_word' id='word_1_766' title='bbox 1587 4881 1898 4952; x_wconf 85' lang='lat' dir='ltr'><strong>possident</strong></span> <span class='ocrx_word' id='word_1_767' title='bbox 1937 4897 2131 4937; x_wconf 88' lang='lat' dir='ltr'><strong>veram</strong></span> 
     </span>
    </p>
   </div>
   <div class='ocr_carea' id='block_1_103' title="bbox 2223 4880 3861 4962">
    <p class='ocr_par' dir='ltr' id='par_1_103' title="bbox 2255 4885 3861 4962">
     <span class='ocr_line' id='line_1_103' title="bbox 2255 4885 3861 4962; baseline 0.006 -28"><span class='ocrx_word' id='word_1_768' title='bbox 2255 4885 2317 4943; x_wconf 84' lang='grc' dir='ltr'>ὥς</span> <span class='ocrx_word' id='word_1_769' title='bbox 2340 4904 2494 4955; x_wconf 74' lang='grc' dir='ltr'>φησιν</span> <span class='ocrx_word' id='word_1_770' title='bbox 2522 4886 2546 4936; x_wconf 92' lang='lat'><strong>6</strong></span> <span class='ocrx_word' id='word_1_771' title='bbox 2578 4888 2785 4958; x_wconf 78' lang='grc' dir='ltr'>Κύριος,</span> <span class='ocrx_word' id='word_1_772' title='bbox 2813 4893 2870 4938; x_wconf 89' lang='grc' dir='ltr'>Ὁ</span> <span class='ocrx_word' id='word_1_773' title='bbox 2898 4894 3150 4961; x_wconf 82' lang='grc' dir='ltr'>τρώγων</span> <span class='ocrx_word' id='word_1_774' title='bbox 3183 4908 3299 4959; x_wconf 92' lang='grc' dir='ltr'><strong>μου</strong></span> <span class='ocrx_word' id='word_1_775' title='bbox 3332 4894 3443 4947; x_wconf 84' lang='grc' dir='ltr'>τὴν</span> <span class='ocrx_word' id='word_1_776' title='bbox 3487 4891 3717 4962; x_wconf 89' lang='grc' dir='ltr'>σάρκα,</span> <span class='ocrx_word' id='word_1_777' title='bbox 3753 4896 3861 4943; x_wconf 84' lang='grc' dir='ltr'>καὶ</span> 
     </span>
    </p>
   </div>
   <div class='ocr_carea' id='block_1_104' title="bbox 490 4969 2128 5049">
    <p class='ocr_par' dir='ltr' id='par_1_104' title="bbox 490 4969 2128 5043">
     <span class='ocr_line' id='line_1_104' title="bbox 490 4969 2128 5043; baseline -0.004 -14"><span class='ocrx_word' id='word_1_778' title='bbox 490 4972 1238 5043; x_wconf 67' lang='grc' dir='ltr'>Πωτθόὶίᾶιθω,ῑδοᾳυδω</span> <span class='ocrx_word' id='word_1_779' title='bbox 1284 4969 1384 5023; x_wconf 84' lang='lat' dir='ltr'><strong>filii</strong></span> <span class='ocrx_word' id='word_1_780' title='bbox 1419 4976 1558 5022; x_wconf 92' lang='lat' dir='ltr'><strong>sunt</strong></span> <span class='ocrx_word' id='word_1_781' title='bbox 1606 4985 1675 5023; x_wconf 88' lang='lat' dir='ltr'><strong>ex</strong></span> <span class='ocrx_word' id='word_1_782' title='bbox 1722 4972 1887 5025; x_wconf 83' lang='lat' dir='ltr'><strong>Patre</strong></span> <span class='ocrx_word' id='word_1_783' title='bbox 1919 4970 2128 5025; x_wconf 79' lang='lat' dir='ltr'><strong>coelest</strong></span> 
     </span>
    </p>
   </div>
   <div class='ocr_carea' id='block_1_105' title="bbox 2224 4969 3862 5049">
    <p class='ocr_par' dir='ltr' id='par_1_105' title="bbox 2254 4976 3862 5049">
     <span class='ocr_line' id='line_1_105' title="bbox 2254 4976 3862 5049; baseline 0.005 -25"><span class='ocrx_word' id='word_1_784' title='bbox 2254 4979 2447 5025; x_wconf 89' lang='grc' dir='ltr'>πίνων</span> <span class='ocrx_word' id='word_1_785' title='bbox 2485 4994 2603 5047; x_wconf 89' lang='grc' dir='ltr'><strong>μου</strong></span> <span class='ocrx_word' id='word_1_786' title='bbox 2644 4979 2709 5025; x_wconf 88' lang='grc' dir='ltr'>τὸ</span> <span class='ocrx_word' id='word_1_787' title='bbox 2751 4976 2928 5047; x_wconf 85' lang='grc' dir='ltr'>αἷμα,</span> <span class='ocrx_word' id='word_1_788' title='bbox 2971 4980 3026 5027; x_wconf 85' lang='grc' dir='ltr'>ἐν</span> <span class='ocrx_word' id='word_1_789' title='bbox 3066 4976 3202 5049; x_wconf 84' lang='grc' dir='ltr'>ἐμοὶ</span> <span class='ocrx_word' id='word_1_790' title='bbox 3241 4982 3431 5049; x_wconf 80' lang='grc' dir='ltr'>μένει,</span> <span class='ocrx_word' id='word_1_791' title='bbox 3467 4977 3638 5049; x_wconf 82' lang='grc' dir='ltr'>κάγὼ</span> <span class='ocrx_word' id='word_1_792' title='bbox 3671 4982 3729 5030; x_wconf 80' lang='grc' dir='ltr'>ἐν</span> <span class='ocrx_word' id='word_1_793' title='bbox 3760 4981 3862 5032; x_wconf 72' lang='grc' dir='ltr'><strong>αὗ-</strong></span> 
     </span>
    </p>
   </div>
   <div class='ocr_carea' id='block_1_106' title="bbox 492 5058 2130 5140">
    <p class='ocr_par' dir='ltr' id='par_1_106' title="bbox 492 5058 2130 5136">
     <span class='ocr_line' id='line_1_106' title="bbox 492 5058 2130 5136; baseline -0.002 -19"><span class='ocrx_word' id='word_1_794' title='bbox 492 5062 810 5136; x_wconf 88' lang='lat' dir='ltr'><strong>progeniti,</strong></span> <span class='ocrx_word' id='word_1_795' title='bbox 843 5067 899 5116; x_wconf 89' lang='lat' dir='ltr'><strong>et</strong></span> <span class='ocrx_word' id='word_1_796' title='bbox 953 5061 1014 5113; x_wconf 90' lang='lat' dir='ltr'><strong>in</strong></span> <span class='ocrx_word' id='word_1_797' title='bbox 1071 5060 1254 5114; x_wconf 91' lang='lat' dir='ltr'><strong>domo</strong></span> <span class='ocrx_word' id='word_1_798' title='bbox 1300 5060 1483 5130; x_wconf 85' lang='lat' dir='ltr'><strong>patris</strong></span> <span class='ocrx_word' id='word_1_799' title='bbox 1533 5058 1621 5112; x_wconf 91' lang='lat' dir='ltr'><strong>sui</strong></span> <span class='ocrx_word' id='word_1_800' title='bbox 1675 5058 1921 5129; x_wconf 86' lang='lat' dir='ltr'><strong>degunt,</strong></span> <span class='ocrx_word' id='word_1_801' title='bbox 1954 5064 2016 5112; x_wconf 91' lang='lat' dir='ltr'><strong>ut</strong></span> <span class='ocrx_word' id='word_1_802' title='bbox 2062 5060 2130 5114; x_wconf 76' lang='lat' dir='ltr'><strong>ait</strong></span> 
     </span>
    </p>
   </div>
   <div class='ocr_carea' id='block_1_107' title="bbox 2217 5058 3855 5140">
    <p class='ocr_par' dir='ltr' id='par_1_107' title="bbox 2252 5064 3855 5140">
     <span class='ocr_line' id='line_1_107' title="bbox 2252 5064 3855 5140; baseline 0.005 -27"><span class='ocrx_word' id='word_1_803' title='bbox 2252 5070 2353 5133; x_wconf 85' lang='grc' dir='ltr'>τῷ,</span> <span class='ocrx_word' id='word_1_804' title='bbox 2393 5068 2496 5114; x_wconf 83' lang='grc' dir='ltr'>καὶ</span> <span class='ocrx_word' id='word_1_805' title='bbox 2538 5064 2807 5116; x_wconf 89' lang='grc' dir='ltr'>θάνατον</span> <span class='ocrx_word' id='word_1_806' title='bbox 2847 5064 2912 5116; x_wconf 85' lang='grc' dir='ltr'><strong>ού</strong></span> <span class='ocrx_word' id='word_1_807' title='bbox 2952 5070 3031 5136; x_wconf 82' lang='grc' dir='ltr'>μὴ</span> <span class='ocrx_word' id='word_1_808' title='bbox 3078 5066 3617 5139; x_wconf 83' lang='grc' dir='ltr'>θεωρήσει.οἱγάρ</span> <span class='ocrx_word' id='word_1_809' title='bbox 3647 5070 3855 5140; x_wconf 80' lang='grc' dir='ltr'>ἔχοντες</span> 
     </span>
    </p>
   </div>
   <div class='ocr_carea' id='block_1_108' title="bbox 494 5146 2132 5231">
    <p class='ocr_par' dir='ltr' id='par_1_108' title="bbox 494 5146 2132 5215">
     <span class='ocr_line' id='line_1_108' title="bbox 494 5146 2132 5215; baseline -0.002 -7"><span class='ocrx_word' id='word_1_810' title='bbox 494 5151 782 5208; x_wconf 86' lang='lat' dir='ltr'><strong>Dominus</strong></span> <span class='ocrx_word' id='word_1_811' title='bbox 812 5166 824 5201; x_wconf 92' lang='lat'><strong>:</strong></span> <span class='ocrx_word' id='word_1_812' title='bbox 852 5151 1070 5206; x_wconf 81' lang='lat' dir='ltr'><strong>Servus</strong></span> <span class='ocrx_word' id='word_1_813' title='bbox 1100 5165 1217 5205; x_wconf 87' lang='lat' dir='ltr'><strong>non</strong></span> <span class='ocrx_word' id='word_1_814' title='bbox 1248 5151 1446 5205; x_wconf 82' lang='lat' dir='ltr'><strong>manet</strong></span> <span class='ocrx_word' id='word_1_815' title='bbox 1481 5150 1542 5202; x_wconf 85' lang='lat' dir='ltr'><strong>in</strong></span> <span class='ocrx_word' id='word_1_816' title='bbox 1590 5146 1781 5212; x_wconf 84' lang='lat' dir='ltr'><strong>domo,</strong></span> <span class='ocrx_word' id='word_1_817' title='bbox 1812 5147 1975 5215; x_wconf 82' lang='lat' dir='ltr'><strong>ﬁlius</strong></span> <span class='ocrx_word' id='word_1_818' title='bbox 2006 5163 2132 5204; x_wconf 70' lang='lat' dir='ltr'><strong>vero</strong></span> 
     </span>
    </p>
   </div>
   <div class='ocr_carea' id='block_1_109' title="bbox 2214 5146 3852 5231">
    <p class='ocr_par' dir='ltr' id='par_1_109' title="bbox 2251 5150 3852 5231">
     <span class='ocr_line' id='line_1_109' title="bbox 2251 5150 3852 5231; baseline 0.005 -30"><span class='ocrx_word' id='word_1_819' title='bbox 2251 5155 2343 5209; x_wconf 79' lang='grc' dir='ltr'><strong>την</strong></span> <span class='ocrx_word' id='word_1_820' title='bbox 2368 5150 2614 5209; x_wconf 73' lang='grc' dir='ltr'>ἀληθινὴν</span> <span class='ocrx_word' id='word_1_821' title='bbox 2634 5152 3000 5227; x_wconf 89' lang='grc' dir='ltr'>κληρονομίαν,</span> <span class='ocrx_word' id='word_1_822' title='bbox 3031 5156 3099 5216; x_wconf 85' lang='grc' dir='ltr'>ὡς</span> <span class='ocrx_word' id='word_1_823' title='bbox 3116 5157 3215 5207; x_wconf 78' lang='grc' dir='ltr'>υἱοὶ</span> <span class='ocrx_word' id='word_1_824' title='bbox 3246 5154 3298 5206; x_wconf 82' lang='grc' dir='ltr'>ἐκ</span> <span class='ocrx_word' id='word_1_825' title='bbox 3318 5160 3521 5227; x_wconf 87' lang='grc' dir='ltr'>Πατρός</span> <span class='ocrx_word' id='word_1_826' title='bbox 3543 5156 3852 5231; x_wconf 83' lang='grc' dir='ltr'>ἐπουρανίου</span> 
     </span>
    </p>
   </div>
   <div class='ocr_carea' id='block_1_110' title="bbox 494 5238 2132 5319">
    <p class='ocr_par' dir='ltr' id='par_1_110' title="bbox 494 5238 1185 5299">
     <span class='ocr_line' id='line_1_110' title="bbox 494 5238 1185 5299; baseline -0.009 0"><span class='ocrx_word' id='word_1_827' title='bbox 494 5246 691 5299; x_wconf 75' lang='lat' dir='ltr'><strong>manet</strong></span> <span class='ocrx_word' id='word_1_828' title='bbox 717 5242 779 5297; x_wconf 83' lang='lat' dir='ltr'><strong>in</strong></span> <span class='ocrx_word' id='word_1_829' title='bbox 805 5247 1089 5297; x_wconf 70' lang='lat' dir='ltr'><strong>aeternum</strong></span> <span class='ocrx_word' id='word_1_830' title='bbox 1116 5238 1185 5294; x_wconf 68' lang='grc' dir='ltr'><strong>ιι.</strong></span> 
     </span>
    </p>
   </div>
   <div class='ocr_carea' id='block_1_111' title="bbox 2208 5238 3846 5319">
    <p class='ocr_par' dir='ltr' id='par_1_111' title="bbox 2250 5241 3846 5319">
     <span class='ocr_line' id='line_1_111' title="bbox 2250 5241 3846 5319; baseline 0.004 -27"><span class='ocrx_word' id='word_1_831' title='bbox 2250 5245 2578 5313; x_wconf 81' lang='grc' dir='ltr'>γεγενημένοι</span> <span class='ocrx_word' id='word_1_832' title='bbox 2631 5241 2748 5305; x_wconf 87' lang='grc' dir='ltr'>εἰσὶ,</span> <span class='ocrx_word' id='word_1_833' title='bbox 2785 5247 2874 5295; x_wconf 81' lang='grc' dir='ltr'>καὶ</span> <span class='ocrx_word' id='word_1_834' title='bbox 2905 5242 2971 5303; x_wconf 85' lang='grc' dir='ltr'><strong>εἰς</strong></span> <span class='ocrx_word' id='word_1_835' title='bbox 3016 5248 3101 5295; x_wconf 90' lang='grc' dir='ltr'>τὸν</span> <span class='ocrx_word' id='word_1_836' title='bbox 3134 5242 3271 5296; x_wconf 84' lang='grc' dir='ltr'>οἶκον</span> <span class='ocrx_word' id='word_1_837' title='bbox 3302 5252 3389 5297; x_wconf 81' lang='grc' dir='ltr'><strong>τοῦ</strong></span> <span class='ocrx_word' id='word_1_838' title='bbox 3428 5249 3621 5319; x_wconf 87' lang='grc' dir='ltr'>πατρὸς</span> <span class='ocrx_word' id='word_1_839' title='bbox 3678 5247 3846 5298; x_wconf 72' lang='grc' dir='ltr'>αὐτῶν</span> 
     </span>
    </p>
   </div>
   <div class='ocr_carea' id='block_1_112' title="bbox 2252 5325 3849 5407">
    <p class='ocr_par' dir='ltr' id='par_1_112' title="bbox 2252 5325 3849 5407">
     <span class='ocr_line' id='line_1_112' title="bbox 2252 5325 3849 5407; baseline 0.004 -26"><span class='ocrx_word' id='word_1_840' title='bbox 2252 5325 2554 5403; x_wconf 87' lang='grc' dir='ltr'>διάγουσιν,</span> <span class='ocrx_word' id='word_1_841' title='bbox 2587 5332 2650 5390; x_wconf 86' lang='grc' dir='ltr'>ὦς</span> <span class='ocrx_word' id='word_1_842' title='bbox 2680 5350 2837 5404; x_wconf 77' lang='grc' dir='ltr'>φησιν</span> <span class='ocrx_word' id='word_1_843' title='bbox 2866 5333 2892 5383; x_wconf 93' lang='lat'><strong>6</strong></span> <span class='ocrx_word' id='word_1_844' title='bbox 2926 5335 3133 5406; x_wconf 82' lang='grc' dir='ltr'>Κύριος,</span> <span class='ocrx_word' id='word_1_845' title='bbox 3184 5332 3242 5386; x_wconf 75' lang='grc' dir='ltr'>Ὀ</span> <span class='ocrx_word' id='word_1_846' title='bbox 3284 5329 3521 5398; x_wconf 84' lang='grc' dir='ltr'>δοῦλος</span> <span class='ocrx_word' id='word_1_847' title='bbox 3565 5334 3632 5387; x_wconf 87' lang='grc' dir='ltr'><strong>ού</strong></span> <span class='ocrx_word' id='word_1_848' title='bbox 3663 5340 3849 5407; x_wconf 74' lang='grc' dir='ltr'>μένει</span> 
     </span>
    </p>
   </div>
   <div class='ocr_carea' id='block_1_113' title="bbox 2251 5416 3847 5495">
    <p class='ocr_par' dir='ltr' id='par_1_113' title="bbox 2251 5416 3847 5495">
     <span class='ocr_line' id='line_1_113' title="bbox 2251 5416 3847 5495; baseline 0.004 -24"><span class='ocrx_word' id='word_1_849' title='bbox 2251 5418 2308 5472; x_wconf 71' lang='grc' dir='ltr'>ἄν</span> <span class='ocrx_word' id='word_1_850' title='bbox 2364 5426 2433 5492; x_wconf 76' lang='grc' dir='ltr'><strong>τῇ</strong></span> <span class='ocrx_word' id='word_1_851' title='bbox 2486 5419 2682 5492; x_wconf 81' lang='grc' dir='ltr'>οἰκίᾳ,</span> <span class='ocrx_word' id='word_1_852' title='bbox 2724 5422 2749 5472; x_wconf 90' lang='lat'><strong>6</strong></span> <span class='ocrx_word' id='word_1_853' title='bbox 2791 5416 2863 5473; x_wconf 74' lang='grc' dir='ltr'><strong>δε</strong></span> <span class='ocrx_word' id='word_1_854' title='bbox 2916 5424 3049 5484; x_wconf 82' lang='grc' dir='ltr'>υἱὸς</span> <span class='ocrx_word' id='word_1_855' title='bbox 3106 5427 3279 5495; x_wconf 81' lang='grc' dir='ltr'>μένει</span> <span class='ocrx_word' id='word_1_856' title='bbox 3336 5424 3426 5487; x_wconf 85' lang='grc' dir='ltr'><strong>εἰς</strong></span> <span class='ocrx_word' id='word_1_857' title='bbox 3481 5428 3584 5477; x_wconf 88' lang='grc' dir='ltr'>τὸν</span> <span class='ocrx_word' id='word_1_858' title='bbox 3624 5424 3847 5478; x_wconf 87' lang='grc' dir='ltr'>αἰῶνα.</span> 
     </span>
    </p>
   </div>
   <div class='ocr_carea' id='block_1_114' title="bbox 560 5591 2198 5669">
    <p class='ocr_par' dir='ltr' id='par_1_114' title="bbox 560 5591 2191 5669">
     <span class='ocr_line' id='line_1_114' title="bbox 560 5591 2191 5669; baseline -0.002 -16"><span class='ocrx_word' id='word_1_859' title='bbox 560 5593 606 5634; x_wconf 73' lang='grc'><em>⁸³</em></span> <span class='ocrx_word' id='word_1_860' title='bbox 637 5596 685 5653; x_wconf 87' lang='lat' dir='ltr'>ll</span> <span class='ocrx_word' id='word_1_861' title='bbox 724 5595 852 5653; x_wconf 88' lang='lat' dir='ltr'><strong>Cor.</strong></span> <span class='ocrx_word' id='word_1_862' title='bbox 892 5609 971 5669; x_wconf 83' lang='lat' dir='ltr'><strong>1x,</strong></span> <span class='ocrx_word' id='word_1_863' title='bbox 1009 5595 1092 5651; x_wconf 81' lang='lat' dir='ltr'><strong>tO.</strong></span> <span class='ocrx_word' id='word_1_864' title='bbox 1188 5591 1229 5629; x_wconf 68' lang='grc' dir='ltr'>ιο</span> <span class='ocrx_word' id='word_1_865' title='bbox 1254 5592 1425 5651; x_wconf 84' lang='lat' dir='ltr'><strong>Joan.</strong></span> <span class='ocrx_word' id='word_1_866' title='bbox 1452 5606 1550 5664; x_wconf 89' lang='lat' dir='ltr'><strong>xv,</strong></span> <span class='ocrx_word' id='word_1_867' title='bbox 1572 5597 1629 5649; x_wconf 97' lang='lat'><strong>5.</strong></span> <span class='ocrx_word' id='word_1_868' title='bbox 1730 5592 1775 5629; x_wconf 77' lang='lat'><strong>“</strong></span> <span class='ocrx_word' id='word_1_869' title='bbox 1796 5591 1971 5651; x_wconf 84' lang='lat' dir='ltr'><strong>Joan.</strong></span> <span class='ocrx_word' id='word_1_870' title='bbox 2002 5609 2076 5663; x_wconf 79' lang='lat' dir='ltr'><strong>v1,</strong></span> <span class='ocrx_word' id='word_1_871' title='bbox 2103 5596 2191 5651; x_wconf 75' lang='grc'><strong>54.</strong></span> 
     </span>
    </p>
   </div>
   <div class='ocr_carea' id='block_1_115' title="bbox 1207 5591 2845 5669">
    <p class='ocr_par' dir='ltr' id='par_1_115' title="bbox 1207 5591 2845 5667">
     <span class='ocr_line' id='line_1_115' title="bbox 1207 5591 2845 5667; baseline 0.004 -20"><span class='ocrx_word' id='word_1_872' title='bbox 1207 5591 1229 5622; x_wconf 77' lang='grc'><em>⁰</em></span> <span class='ocrx_word' id='word_1_873' title='bbox 1254 5592 1425 5651; x_wconf 85' lang='lat' dir='ltr'><strong>Joan.</strong></span> <span class='ocrx_word' id='word_1_874' title='bbox 1452 5606 1550 5664; x_wconf 87' lang='lat' dir='ltr'><strong>xv,</strong></span> <span class='ocrx_word' id='word_1_875' title='bbox 1572 5597 1629 5649; x_wconf 96' lang='lat'><strong>5.</strong></span> <span class='ocrx_word' id='word_1_876' title='bbox 1730 5592 1775 5629; x_wconf 77' lang='lat'><strong>“</strong></span> <span class='ocrx_word' id='word_1_877' title='bbox 1796 5591 1971 5651; x_wconf 83' lang='lat' dir='ltr'><strong>Joan.</strong></span> <span class='ocrx_word' id='word_1_878' title='bbox 2002 5609 2076 5663; x_wconf 79' lang='lat' dir='ltr'><strong>VI,</strong></span> <span class='ocrx_word' id='word_1_879' title='bbox 2103 5596 2191 5651; x_wconf 76' lang='grc'><strong>54.</strong></span> <span class='ocrx_word' id='word_1_880' title='bbox 2305 5597 2350 5632; x_wconf 69' lang='grc' dir='ltr'>ιι</span> <span class='ocrx_word' id='word_1_881' title='bbox 2381 5596 2553 5654; x_wconf 86' lang='lat' dir='ltr'><strong>Joan.</strong></span> <span class='ocrx_word' id='word_1_882' title='bbox 2601 5612 2717 5667; x_wconf 80' lang='grc' dir='ltr'>νιιι,</span> <span class='ocrx_word' id='word_1_883' title='bbox 2750 5600 2845 5655; x_wconf 78' lang='lat'><strong>35.</strong></span> 
     </span>
    </p>
   </div>
  </div>
