4148 6262
1480 324 1825 384 HOMILIAE.
1861 357 1932 373 --
1973 328 2153 389 HOM.
2190 328 2337 386 XIV.

3477 337 3585 395 574

291 456 369 515 Ε’.
413 459 571 532 Εἴπερ
610 452 699 510 οὖν
735 459 826 508 καὶ
856 456 1007 527 ἠμείς
1046 450 1339 527 βουλόμεθα
1392 452 1448 504 ἐκ
1485 458 1576 504 τοῦ
1616 455 1822 527 Πατρός

2004 454 2112 526 51
2158 456 2219 509 V.
2271 455 2324 509 Si
2381 456 2557 526 igitur
2614 471 2724 513 nos
2770 473 3012 530 quoque
3041 459 3289 516 velimus
3322 478 3388 517 ex
3419 464 3584 521 Patre

218 554 306 600 τοῦ
355 546 668 620 ἐπουρανίου
718 546 1051 617 γεννηθῆναι,
1108 545 1358 616 περισσόν
1408 561 1458 594 τι
1506 544 1648 613 παρά
1705 546 1822 602 τούς

219 635 433 696 λοιπούς
522 634 828 707 ἀνθρώπους
910 631 1177 705 όφείλαμεν
1276 637 1456 696 ποιεῖν,
1558 626 1816 696 σπουδὴν,

216 733 418 797 αγώνα,
462 723 640 789 ζῆλον,
700 723 936 793 ἀγάπην,
982 719 1247 772 πολιτείαν
1292 718 1515 790 ἀγαθὴν,
1561 721 1609 770 ίν
1649 723 1824 772 πίστει

218 819 307 866 καὶ
358 811 499 885 φόϐῳ
551 808 702 876 εἶναι,
759 814 829 871 ὡς
883 808 1186 883 βουλόμενοι
1244 809 1561 866 τηλικούτων
1613 806 1822 878 ἀγαθῶν

217 910 423 975 τυχεῖν,
448 905 538 953 καὶ
576 905 698 955 Θεὸν
723 900 1015 974 κληρονομῆ
1027 915 1141 953 σαι.
1186 903 1227 949 Κ
1241 900 1311 970 ύρ
1327 917 1345 948 ι
1359 917 1384 948 ο
1404 917 1424 957 ς
1472 917 1504 967 γ
1520 900 1552 948 ἀ
1566 916 1595 969 ρ
1637 918 1675 968 μ
1689 914 1749 969 ερ
1766 901 1784 948 ὶ
1800 918 1821 959 ς

223 1000 332 1052 τῆς
370 991 814 1062 κληρονομίας
845 1007 988 1060 μου,
1028 990 1145 1040 καὶ
1176 994 1285 1038 τοῦ
1315 990 1647 1058 ποτηρίου
1678 1006 1818 1058 μου.

223 1086 324 1134 Καὶ
356 1081 521 1140 οὕτως
548 1075 748 1151 βλέπων
779 1080 806 1128 6
836 1080 1020 1151 Κύριος
1053 1081 1147 1135 τὴν
1180 1074 1384 1146 ἀγαθὴν
1406 1079 1713 1147 προαίρεσιν
1732 1081 1822 1127 καὶ

224 1174 319 1227 τὸν
361 1171 647 1241 ὑπομονὴν,
700 1173 841 1219 ποιεῖ
884 1170 943 1219 τὸ
992 1166 1125 1227 ἕλεος
1180 1168 1360 1230 αὑτοῦ,
1411 1168 1500 1215 καὶ
1537 1167 1823 1239 καθαρίσας

224 1260 368 1331 ἡμᾶς
422 1265 495 1327 τῷ
547 1256 686 1327 λόγῳ
729 1262 803 1325 τῷ
858 1254 1100 1327 οὐρανίῳ,
1146 1259 1235 1305 καὶ
1290 1258 1527 1324 νοήματα
1580 1271 1823 1326 νενεκρω-

223 1347 363 1412 λένα,
422 1350 511 1398 καὶ
566 1342 939 1418 διεφθαρμένα,
986 1340 1081 1396 διὰ
1134 1350 1226 1403 τῆς
1275 1341 1435 1401 καλῆς
1478 1340 1646 1393 αὐτῶν
1697 1341 1825 1393 ἀνα-

228 1444 456 1509 στροφῆς
500 1439 589 1486 καὶ
636 1430 1017 1499 διδασκαλίας,
1062 1433 1452 1497 ἁναζωοποιῶν,
1503 1436 1589 1482 καὶ
1628 1430 1821 1502 ἀνεγεί-

223 1545 329 1600 ρων
361 1540 374 1554 ⁶
410 1530 613 1595 κτίσμα
666 1526 765 1597 γὰρ
816 1523 982 1595 ἕτερον
1031 1528 1231 1593 κτίσμα
1271 1520 1499 1593 ἐκτρέφει
1554 1524 1643 1571 καὶ
1696 1524 1825 1579 ςωο-

226 1620 388 1670 ποιεῖ.
413 1611 613 1688 Ὠσπερ
656 1615 722 1663 τὰ
767 1613 1045 1683 σπέρματα
1082 1618 1171 1662 τοῦ
1205 1614 1372 1675 σίτοῦ,
1418 1609 1448 1667 ῆ
1491 1617 1590 1660 τῶν
1633 1611 1824 1681 κριθῶν

224 1706 295 1756 τὰ
339 1706 483 1774 νέφη,
517 1705 787 1771 κτίσματα
825 1703 948 1751 ὄντα
981 1716 994 1729 ⁸
1029 1701 1055 1751 6
1083 1701 1225 1761 ύετός
1254 1717 1307 1750 τε
1344 1703 1433 1750 καὶ
1466 1699 1491 1750 ό
1522 1697 1661 1758 ῆλιος
1700 1698 1827 1758 ζωο-

1932 543 2156 597 coelesti
2181 545 2479 613 pronasci,
2508 548 2891 616 praestantius
2915 547 3258 619 quidquam
3273 554 3464 607 caeteri
3480 554 3586 608 ho-

1932 631 2125 687 mines
2154 648 2329 703 agere
2346 633 2660 700 debemus,
2681 635 2921 690 studere
2935 652 3174 707 nempe,
3201 642 3582 707 contendere,

1930 721 2220 782 aemulari,
2281 720 2543 789 diligere,
2596 724 2749 777 bene
2817 726 3179 790 conversari,
3240 727 3301 782 in
3350 726 3470 783 ﬁde
3514 746 3588 786 ac

1931 814 2091 863 metu
2106 810 2321 873 vivere,
2342 810 2493 865 velut
2517 812 2895 868 consecuturi
2912 818 3074 868 tanta
3098 813 3280 880 bona,
3316 821 3372 872 et
3399 820 3583 874 Deum

1929 897 2307 953 haereditario
2332 902 2467 967 jure
2508 903 2884 969 possessuri:
2931 903 3222 957 Dominus
3251 908 3408 961 enim
3439 922 3584 975 pars

1930 986 2295 1041 hereditatis
2316 998 2452 1043 mea
2479 995 2531 1042 et
2561 988 2762 1044 calicis
2785 992 2900 1045 mei
2926 990 2994 1045 ⁴³.
3024 994 3086 1045 Et
3109 994 3188 1046 ita
3213 993 3452 1049 intuens
3479 998 3585 1050 Do-

1933 1074 2128 1128 minus
2144 1076 2517 1145 propositum
2532 1076 2675 1130 illud
2692 1078 2942 1143 bonum,
2960 1095 3029 1133 ac
3058 1080 3453 1148 tolerantiam,
3481 1086 3584 1139 mi-

1932 1163 2319 1217 sericordiam
2348 1179 2520 1219 suam
2552 1168 2799 1221 eXserit:
2831 1182 2899 1221 ac
2918 1168 3241 1237 puriﬁcans
3262 1186 3372 1225 nos
3400 1173 3582 1228 verbo

1931 1250 2172 1316 coalesti,
2195 1259 2422 1306 mentes
2452 1262 2717 1308 mortuas
2741 1269 2812 1308 ac
2840 1254 3202 1325 deperditas,
3231 1273 3336 1327 per
3356 1259 3583 1315 bonam

1932 1341 2200 1410 ipsorum
2214 1342 2622 1410 apostolorum
2640 1346 3146 1398 conversationem
3163 1351 3219 1399 et
3231 1346 3581 1415 doctrinam,

1934 1428 2454 1484 vivniicatalteram
2470 1436 2827 1485 creaturam.
2844 1432 3088 1486 Perinde
3120 1449 3190 1488 ac
3214 1436 3445 1491 semina
3468 1436 3586 1491 fru-

1932 1518 2115 1571 menti
2143 1516 2467 1572 authordei
2495 1518 2696 1573 fovent
2716 1521 2929 1590 nubes,
2955 1536 3089 1591 quas
3116 1531 3400 1578 creaturae
3422 1531 3583 1581 sunt.

1934 1604 2137 1659 Pluvia
2165 1620 2409 1677 quoque
2439 1612 2495 1660 et
2529 1606 2617 1661 sol
2656 1608 2959 1662 viviﬁcant
2988 1624 3080 1673 ea,
3114 1625 3253 1665 cum
3275 1611 3584 1681 jubentur.

1935 1693 2456 1756 Quemadmodum
2489 1702 2688 1750 autem
2722 1712 2783 1749 se
2808 1698 2989 1752 habet
3034 1698 3259 1765 lumen,
3291 1701 3455 1770 quod
3481 1717 3587 1773 per

224 1800 448 1845 πονοῦσι
489 1791 815 1862 κελευομενα.
862 1788 1063 1861 Ὠσπερ
1094 1785 1153 1840 δέ
1196 1787 1311 1840 έστι
1343 1797 1447 1859 φῶς
1478 1783 1573 1839 διὰ
1612 1784 1827 1859 θυρίδος

1942 1781 2257 1838 fenestram
2304 1784 2659 1852 ingreditur,
2710 1800 2779 1838 ac
2822 1786 2929 1851 sol,
2962 1787 3067 1857 qui
3106 1803 3211 1857 per
3242 1789 3586 1845 universam

229 1881 620 1955 εἰσερχόμενον,
650 1880 675 1930 6
709 1875 767 1930 δε
808 1878 951 1939 ἣλιος
991 1878 1080 1951 ὅλη
1111 1885 1174 1949 τῇ
1221 1876 1496 1947 οἰκουμένη
1542 1877 1634 1936 τάς
1683 1874 1831 1928 ἀκτῖ-

228 1990 318 2031 νας
343 1972 657 2041 ύπαφίησιν,
701 1970 862 2029 οὕτως
895 1964 1029 2025 ἦσαν
1064 1968 1113 2018 oi
1148 1974 1407 2039 προφῆται
1446 1972 1537 2016 τοῦ
1571 1961 1710 2015 ἰδίου
1752 1968 1832 2017 οἶ-

228 2079 327 2111 κου
393 2062 547 2131 μόνον
592 2065 858 2130 φωστῆρες
903 2064 995 2107 τοῦ
1049 2054 1264 2130 Ἰσραήλ
1298 2072 1309 2083 ·
1352 2056 1401 2105 οἱ
1442 2050 1498 2105 δε
1548 2052 1830 2106 ἀπόστολοι

230 2149 372 2207 ἣλιοι
434 2144 570 2206 ἦσαν
623 2145 966 2218 ἐκλάμποντες
1006 2146 1097 2206 τὰς
1126 2143 1335 2204 ἀκτῖνας
1364 2142 1438 2205 εἰς
1478 2142 1572 2194 ὅλα
1595 2146 1662 2195 τὰ
1696 2144 1826 2216 μέρη

228 2245 323 2292 τοῦ
351 2241 576 2309 κόσμου.

322 2360 419 2445 ς’.
466 2366 625 2413 Εστιν
659 2355 747 2411 οὖν
794 2366 861 2430 γῆ
896 2360 943 2410 ἓν
974 2354 1004 2428 ᾖ
1037 2364 1341 2409 κατοικοῦσι
1384 2358 1451 2408 τὰ
1486 2351 1781 2430 τετράποδα
1813 2370 1828 2386 ⁸

228 2457 321 2504 καὶ
375 2452 487 2502 ἔστι
544 2456 609 2520 γῆ
642 2448 694 2500 ἐν
739 2456 810 2518 τῷ
850 2445 982 2519 ἀέρι,
1032 2447 1082 2498 έν
1185 2455 1530 2518 περιπατοῦσι
1574 2450 1663 2497 καὶ
1697 2448 1831 2507 ζῶσι

229 2544 296 2594 τὰ
336 2544 510 2615 ὅρντα.
556 2542 655 2591 Καὶ
694 2544 862 2589 ταῦτα
891 2535 974 2588 ἐὰν
1018 2535 1302 2593 θελήσωσιν
1334 2535 1381 2586 έν
1413 2542 1474 2607 τῇ
1516 2541 1583 2606 γῇ
1644 2541 1830 2591 στῆναι

232 2634 263 2688 ἤ
321 2637 703 2703 περιπατῆσαι,
767 2628 957 2699 ἔχουσι
1024 2627 1280 2698 θηρευτὰς
1341 2628 1461 2686 τοὺς
1516 2630 1830 2697 κρατοῦντας

234 2718 389 2772 αὐτὰ.
423 2718 524 2772 Καὶ
561 2720 672 2771 ἑστι
717 2724 781 2787 γῆ
840 2723 939 2767 τῶν
987 2714 1207 2786 ἰχθύων,
1248 2718 1306 2765 1'6
1334 2709 1478 2788 ὕδωρ
1515 2720 1608 2773 τῆς
1641 2712 1831 2765 θαλάσ-

236 2828 357 2873 σης,
398 2812 487 2859 καὶ
540 2809 757 2860 ἑκαστον
790 2804 837 2857 ἐν
965 2809 1107 2875 τόπῳ
1158 2802 1425 2874 ἐγεννήθη,
1478 2808 1567 2855 καὶ
1623 2809 1689 2874 γῇ
1742 2810 1831 2856 καὶ

236 2898 370 2972 ἀέρι,
428 2899 542 2969 ἔχει
600 2902 705 2948 εκεῖ
731 2899 827 2953 τὴν
881 2890 1149 2965 διαγωγὴν
1197 2897 1285 2943 καὶ
1333 2896 1527 2965 τροφὴν
1574 2897 1663 2944 καὶ
1708 2893 1831 2945 ἀνά-

234 3005 449 3040 παυσιν.
485 2985 665 3046 Οὕτως
714 2986 830 3036 ἔστι
858 2990 922 3055 γῆ
970 2986 1059 3034 καὶ
1089 2985 1269 3054 κατρὶς
1303 2984 1580 3047 σατανικὴ,
1621 2981 1681 3032 οὗ
1712 2979 1745 3033 δ
1751 2985 1834 3034 ιά-

235 3094 398 3146 γουσι
460 3077 550 3125 καὶ
625 3073 1059 3147 ὶμπεριπατοῦσι,
1136 3074 1227 3121 καὶ
1299 3069 1713 3121 ἐπαναπαύονται
1779 3073 1833 3121 αὶ

1938 1874 2155 1926 terram
2181 1873 2382 1926 radios
2434 1887 2577 1926 suos
2624 1875 2907 1938 extendit,
2947 1876 3032 1929 sic
3082 1879 3586 1949 erantprophetaa

1937 1958 2257 2015 luminaria
2286 1961 2599 2031 peculiaris
2630 1963 2850 2017 domus
2908 1964 3108 2018 Israel.
3155 1967 3420 2036 Apostoli
3450 1983 3587 2023 vero

1938 2055 2109 2104 erant
2138 2048 2310 2114 soles,
2334 2050 2666 2105 amittentes
2688 2052 2889 2107 radios
2912 2053 2971 2107 in
3006 2054 3349 2110 universam
3377 2056 3587 2112 mundi

1938 2144 2192 2210 partem.

2012 2356 2091 2410 Vl.
2131 2356 2231 2409 Est
2270 2354 2449 2425 igitur
2479 2360 2651 2419 terra,
2708 2354 2770 2409 in
2826 2370 2947 2425 qua
2973 2356 3391 2429 quadrupedia
3420 2359 3590 2416 habi-

1939 2450 2096 2501 tant:
2126 2450 2214 2500 est
2243 2459 2485 2516 quoque
2544 2449 2697 2499 terra
2748 2444 2809 2498 in
2841 2459 2998 2508 aere,
3037 2445 3097 2499 in
3124 2461 3245 2516 qua
3276 2448 3590 2505 ambulant

1938 2549 2008 2589 ac
2041 2535 2246 2587 vivunt
2276 2532 2565 2588 volucres.
2600 2536 2738 2596 Quae
2776 2533 2823 2586 si
2856 2533 3035 2587 velint
3059 2534 3380 2591 consistere
3411 2554 3592 2609 super

1940 2629 2160 2678 terram
2199 2628 2254 2677 et
2274 2621 2687 2686 deambulare,
2716 2620 2942 2676 habent
2983 2627 3317 2689 venatores,
3351 2627 3454 2696 qui
3492 2642 3593 2682 eas

1938 2712 2197 2783 capiant.
2231 2711 2327 2765 Est
2366 2726 2611 2782 quoque
2667 2717 2820 2766 terra
2856 2712 3134 2782 piscium,
3168 2728 3328 2784 aqua
3371 2715 3594 2771 scilicet

1942 2800 2122 2856 maris
2146 2817 2160 2867 ;
2185 2806 2244 2854 at
2264 2800 2762 2871 unumquodque,
2786 2799 2845 2854 in
2863 2816 2985 2871 quo
3006 2800 3138 2855 loco
3160 2800 3337 2856 fuerit
3355 2810 3591 2872 natum,

1941 2892 2063 2944 sive
2096 2890 2155 2943 in
2185 2894 2336 2943 terra
2383 2889 2505 2943 sive
2558 2889 2617 2942 in
2653 2904 2810 2953 aere,
2855 2888 2971 2943 illic
3009 2889 3191 2959 degit,
3224 2894 3477 2948 nutritur
3523 2910 3592 2949 ac

1939 2978 2207 3051 quiescit.
2234 2978 2325 3032 Sic
2346 2992 2588 3048 quoque
2612 2982 2767 3032 terra
2786 2984 2873 3031 est
2894 2979 3087 3048 patria
3113 2980 3368 3046 Satanae,
3387 2983 3448 3036 in
3469 2999 3593 3053 qua

1940 3067 2185 3136 degunt,
2216 3075 2271 3121 et
2291 3065 2860 3131 circumambulant,
2889 3083 2959 3121 ac
2984 3070 3043 3121 in
3070 3083 3192 3138 qua
3212 3071 3594 3140 requiescunt

240 3160 492 3233 δυνάμεις
544 3170 633 3214 τοῦ
666 3168 909 3225 σκότους,
961 3166 1052 3212 καὶ
1103 3162 1169 3211 τὰ
1215 3162 1484 3230 πνεύματα
1535 3166 1629 3220 τῆς
1676 3179 1830 3217 πονη-

1942 3160 2267 3227 potestates
2316 3156 2695 3210 tenebrarum
2744 3162 2802 3209 et
2852 3156 3094 3227 spiritus
3140 3160 3443 3228 nequitiae.
3495 3162 3591 3214 Est

236 3258 358 3327 ρίας
390 3264 405 3279 ⁶
439 3257 526 3302 καὶ
576 3254 688 3302 ἔστι
724 3258 791 3322 γῆ
850 3253 1064 3322 φωτεινὴ
1120 3256 1214 3309 τῆς
1262 3250 1519 3313 θεότητος,
1569 3250 1698 3301 ὅπου
1747 3250 1836 3322 έμ-

237 3346 589 3413 περιπατοῦσι
640 3344 729 3391 καὶ
782 3341 1196 3391 ἑπαναπαύονται
1250 3339 1310 3389 πί
1358 3337 1681 3411 παρεμϐολαὶ
1732 3348 1832 3390 τῶν

240 3427 475 3501 ἂγγελων
533 3432 623 3479 καὶ
689 3435 787 3478 τῶν
868 3426 1027 3498 ἁγίων
1082 3429 1403 3497 πνευμάτων.
1478 3432 1578 3480 Καὶ
1628 3429 1744 3480 οὔτε
1799 3430 1829 3486 ἡ

242 3521 482 3575 σκοτεινὴ
535 3523 601 3587 γῆ
658 3523 763 3576 τοῖς
817 3516 1091 3587 ὀφθαλμοῖς
1127 3518 1320 3568 τσύτου
1363 3521 1605 3589 σώματος
1646 3518 1835 3592 ὁραθῆ-

235 3628 344 3676 ναι,
379 3606 409 3665 ἣ
440 3606 818 3678 ψηλαφηθῆναι
857 3601 1077 3656 δύναται
1115 3621 1128 3633 ⁸
1160 3607 1276 3657 οὔτε
1305 3607 1333 3663 ἡ
1362 3614 1428 3677 γῆ
1462 3614 1558 3668 τῆς
1594 3609 1836 3667 θεότητος

237 3699 269 3755 ἡ
357 3700 572 3770 φωτεινή
628 3694 955 3768 ψηλαφᾶται,
1037 3694 1067 3753 ἦ
1132 3695 1320 3769 ὁρᾶται
1388 3702 1492 3756 τοῖς
1564 3703 1835 3770 σαρκικοῖς

237 3785 521 3859 ὀφθαλμοῖς
547 3803 559 3814 ⁸
594 3791 698 3845 τοῖς
726 3781 784 3837 δε
807 3790 1179 3856 πνευματικοῖς
1211 3788 1443 3855 φαίνεται
1485 3793 1557 3856 τῷ
1589 3785 1835 3858 ὀφθαλμῷ

234 3882 333 3937 τῆς
384 3871 631 3949 καρδίας,
689 3878 778 3926 καὶ
825 3875 855 3931 ἡ
912 3877 1168 3931 Σατανικῆ
1228 3891 1320 3925 του
1376 3878 1616 3945 σκότους,
1674 3880 1764 3927 καὶ
1803 3876 1833 3932 ἡ

238 3969 457 4038 φωετινὴ
489 3971 585 4026 τῆς
619 3965 887 4024 θεότητος.

311 4089 388 4143 Ζ’.
428 4088 512 4150 Ὡς
568 4084 628 4141 δε
679 4090 705 4140 6
752 4087 905 4158 λόγος
962 4094 1062 4139 τῶν
1111 4085 1294 4147 ἔξωθεν
1350 4085 1505 4158 λέγει,
1549 4089 1689 4141 ἔστιν
1742 4092 1835 4157 ὅρη

237 4182 454 4253 πύρινα,
501 4179 583 4230 ὄτι
613 4176 718 4230 ἐκεῖ
757 4183 863 4249 πῦρ
893 4177 1026 4241 ἐστι,
1078 4178 1168 4225 καὶ
1220 4176 1362 4225 ἔστιν
1403 4178 1507 4227 ῖκεῖ
1535 4176 1647 4236 ζῶα
1682 4179 1840 4249 ὃμοια

242 4276 351 4328 τοῖς
401 4266 701 4340 προϐάτοις.
758 4267 955 4318 Λοιπὸν
1003 4265 1053 4315 οἱ
1100 4265 1400 4335 θηρεύοντες
1450 4267 1586 4316 αὐτὰ
1627 4274 1840 4318 ποιοῦσι

243 4355 501 4429 σιδηροῦς
528 4359 775 4431 τροχοὺς,
803 4359 894 4406 καὶ
940 4350 1221 4427 βᾶλλουσιν
1256 4354 1545 4427 ἄγκιστρα,
1577 4360 1668 4408 καὶ
1708 4360 1840 4427 πέμ-

238 4466 432 4499 πουσιν
488 4446 558 4506 εἰς
610 4450 668 4498 τὸ
717 4453 821 4520 πῦρ
849 4439 1033 4501 ἐπειδὴ
1064 4444 1232 4495 ἐκεῖνα
1260 4444 1327 4495 τὰ
1363 4443 1473 4503 ζῶα
1502 4448 1559 4496 τὸ
1589 4452 1692 4520 πῦρ
1725 4447 1840 4515 ἔχει

1940 3260 2183 3317 quoque
2214 3251 2366 3299 terra
2394 3243 2595 3299 lucida
2623 3243 2973 3310 divinitatis,
3006 3244 3067 3298 in
3097 3262 3218 3317 qua
3244 3249 3595 3302 circumam-

1941 3334 2151 3390 bulant
2181 3349 2251 3389 ac
2285 3335 2686 3405 requiescunt,
2727 3341 2926 3389 castra
2955 3340 3011 3388 et
3042 3335 3198 3389 acies
3239 3338 3592 3405 angelorum

1942 3431 1998 3479 et
2028 3428 2375 3478 sanctorum
2402 3423 2734 3493 spirituum.
2764 3429 2951 3494 Atque
2969 3439 3077 3477 nec
3101 3432 3253 3479 terra
3284 3426 3596 3484 tenebrosa

1942 3513 2131 3570 oculis
2162 3512 2343 3582 hujus
2378 3514 2645 3582 corporis
2675 3512 2940 3583 conspici
2980 3519 3084 3567 aut
3112 3517 3462 3571 contrectari
3494 3533 3596 3588 po-

1944 3608 2056 3658 test
2087 3618 2101 3669 ;
2129 3616 2237 3655 nec
2270 3607 2422 3655 terra
2452 3598 2778 3655 divinitatis
2810 3600 3013 3656 lucida
3041 3610 3442 3659 contrectatur
3487 3612 3593 3662 aut

1945 3691 2178 3746 videtur
2220 3688 2406 3744 oculis
2441 3690 2672 3743 carneis
2718 3705 2729 3742 :
2774 3689 3184 3760 spiritualibus
3226 3708 3365 3747 vero
3406 3701 3590 3765 patet,

1944 3779 2118 3836 oculo
2142 3793 2361 3850 nempe
2382 3778 2599 3844 cordis,
2626 3783 2749 3833 tum
2780 3794 2917 3849 quae
2947 3786 3039 3834 est
3067 3779 3303 3836 Satanae
3334 3797 3404 3837 ac
3434 3789 3593 3839 tene-

1944 3869 2212 3935 brarum,
2242 3872 2369 3923 tum
2389 3868 2569 3923 etiam
2608 3883 2743 3938 quas
2775 3873 2865 3922 est
2893 3868 3093 3923 lucida
3125 3884 3195 3923 ac
3227 3869 3458 3927 divina.

2020 4090 2130 4146 V11.
2170 4089 2408 4154 Verum,
2461 4094 2522 4144 ut
2552 4089 2840 4160 profanus
2890 4106 3087 4146 sermo
3131 4092 3422 4161 perhibet,
3457 4103 3597 4149 sunt

1945 4181 2198 4253 quidam
2248 4185 2481 4234 montes
2510 4180 2688 4249 ignei,
2720 4181 2865 4249 quia
2910 4178 3027 4236 illic
3073 4182 3227 4250 ignis
3256 4190 3592 4253 permanet,

1947 4276 2205 4341 suntque
2221 4267 2337 4323 illic
2369 4267 2654 4324 animalia
2682 4270 2900 4324 similia
2920 4269 3153 4325 ovibus.
3189 4272 3474 4328 Caeterum
3505 4288 3598 4329 ve-

1946 4364 2183 4415 natores
2213 4357 2293 4412 ad
2329 4372 2400 4411 ea
2444 4356 2739 4427 capienda
2776 4358 3102 4413 conﬁciunt
3147 4360 3369 4416 ferreas
3410 4370 3596 4430 rotas,

1946 4454 2003 4503 et
2034 4446 2328 4518 projectos
2354 4445 2566 4501 hamos
2590 4447 2832 4501 mittunt
2866 4448 2926 4501 in
2955 4449 3176 4518 ignem,
3213 4451 3598 4524 quandoqui-

240 4536 468 4611 βρῶσιν,
534 4539 594 4587 τὸ
650 4543 754 4608 πῦρ
807 4536 922 4606 ἔχει
975 4539 1151 4599 πόσιν,
1223 4531 1537 4601 ἀνάπαυσιν,
1593 4534 1830 4604 αὔξησιν,

1946 4536 2086 4592 dem
2110 4537 2208 4591 illa
2232 4535 2513 4591 animalia
2542 4536 2741 4605 ignem
2767 4536 2993 4591 habent
3015 4537 3147 4594 loco
3177 4539 3315 4603 cibi,
3346 4543 3597 4613 requiei,

240 4625 406 4690 ζωὴν,
466 4623 580 4676 ἀντὶ
635 4626 839 4677 πάντων
907 4626 965 4675 τό
1016 4629 1118 4696 πῦρ
1169 4625 1343 4683 αὐτοῖς
1400 4622 1533 4675 ἐστι.
1593 4629 1692 4675 Καί
1753 4625 1836 4678 ἐὰν

237 4712 509 4785 έξενέγκῃς
555 4714 691 4767 αὐτὰ
733 4715 800 4774 εἰς
842 4712 993 4765 ἄλλον
1044 4713 1190 4787 ἀέρα,
1232 4711 1565 4781 ἀπόλλυνται,
1627 4717 1717 4764 καὶ
1772 4717 1839 4767 τὰ

236 4796 509 4872 ἐνδύματα
550 4803 718 4856 αὐτῶν
766 4804 887 4854 ὅταν
932 4803 1173 4877 ῥυπωθῂ,
1205 4804 1272 4863 εις
1315 4806 1371 4853 τό
1416 4797 1560 4874 ὕδωρ
1603 4800 1661 4854 ού
1699 4801 1835 4854 πλύ-

232 4909 433 4956 νονται,
489 4890 615 4944 ἀλλὰ
666 4892 733 4951 εἰς
778 4894 837 4943 τὸ
889 4900 1014 4966 πῦρ,
1072 4897 1161 4943 καὶ
1212 4897 1445 4961 γίνονται
1496 4893 1837 4965 καθαρώτερα

232 4986 326 5033 καὶ
378 4981 672 5053 λευκότερα.
718 4981 897 5040 Οὕτως
934 4985 1023 5032 καὶ
1064 4983 1109 5033 oi
1156 4986 1465 5054 Χριστιανοὶ
1512 4985 1571 5033 τὸ
1616 4983 1835 5054 ἐπουρά-

228 5090 339 5126 νιον
378 5077 485 5142 πῦρ
531 5070 687 5119 έκεῖνο
732 5070 922 5139 έχουσι
962 5067 1182 5140 βρῶσιν.
1238 5070 1433 5125 Ἐκεῖνο
1476 5070 1649 5131 αὐτοῖς
1689 5071 1833 5123 ἐστιν

230 5158 533 5219 ἀνάπαυσις
562 5175 575 5188 ο
624 5155 783 5209 έκεῖνο
826 5159 1118 5231 καθαρίζει,
1176 5164 1266 5211 καὶ
1306 5160 1500 5227 πλύνει,
1546 5164 1635 5212 καὶ
1680 5159 1833 5231 ἁγιά-

228 5249 310 5311 ζει
348 5247 517 5300 αὐτῶν
571 5250 663 5305 τὴν
722 5242 950 5320 καρδίαν
982 5262 994 5275 ⁸
1038 5248 1200 5298 ἐκεῖνο
1230 5252 1368 5321 φέρει
1398 5251 1587 5311 αὐτοῦς
1636 5248 1705 5309 εἰς
1740 5252 1832 5301 αῦ-

225 5337 382 5402 ξησιν
426 5354 439 5368 ο
489 5335 647 5389 ἐκεῖνο
699 5336 876 5398 αὐτοῖς
925 5337 1064 5389 ἑστιν
1122 5334 1244 5409 ἀὴρ,
1302 5341 1391 5390 καὶ
1425 5338 1556 5398 ζωή.
1622 5335 1718 5392 "Av
1770 5335 1829 5392 δε

223 5426 412 5480 ἐκεῖθεν
463 5425 755 5493 ίξέλθωσιν,
833 5424 1147 5479 ἀπόλλυνται
1222 5425 1325 5477 ὑπὸ
1402 5434 1502 5478 τῶν
1579 5436 1828 5504 πονηρῶν

220 5518 550 5590 πνεῦμάτων,
607 5516 781 5593 ὥσπερ
830 5515 936 5570 ίκεῖ
976 5518 1042 5569 τὰ
1092 5515 1204 5578 ζῶα
1231 5513 1545 5589 ίξερχὸμενα
1581 5515 1683 5571 ἀπὸ
1732 5524 1827 5571 τοῦ

293 5704 345 5742 ⁸⁸
372 5703 535 5762 Psal.
564 5718 687 5776 κει,
727 5707 787 5767 3.

1947 4625 2317 4691 incrementi,
2349 4627 2501 4691 vitae,
2529 4624 2800 4678 omnium
2833 4626 3092 4697 denique
3128 4626 3262 4683 loco
3294 4629 3451 4699 ignis
3480 4632 3596 4686 illis

1948 4721 2054 4770 est.
2072 4716 2153 4769 Ac
2177 4715 2225 4769 si
2255 4712 2572 4769 transferas
2598 4712 2861 4769 eaalium
2883 4715 2941 4769 in
2975 4731 3194 4786 aerem,
3227 4727 3477 4788 pereunt
3502 4742 3513 4773 :
3539 4724 3598 4776 et

1944 4803 2294 4859 indumenta
2324 4802 2580 4867 illorum,
2615 4804 2663 4855 si
2706 4802 2921 4857 fuerint
2946 4804 3223 4860 sordibus
3257 4807 3597 4880 inquinata,

1944 4908 2104 4963 aqua
2130 4907 2251 4947 non
2282 4891 2579 4954 eluuntur,
2614 4890 2720 4945 sed
2763 4891 2905 4961 igni,
2938 4892 3207 4963 ﬁuntque
3251 4912 3492 4965 puriora
3523 4914 3595 4955 ac

1944 4981 2324 5037 candidiora:
2358 4982 2438 5034 sic
2468 4995 2712 5051 quoque
2741 4982 3050 5036 Christiani
3089 4989 3393 5039 caelestem
3425 4987 3591 5045 illum

1942 5071 2141 5141 ignem
2168 5069 2393 5125 habent
2433 5069 2555 5124 vice
2587 5069 2872 5135 alimenti,
2902 5069 2996 5124 ille
3026 5071 3174 5141 ipsis
3217 5079 3304 5128 est
3333 5078 3594 5146 requies,

1941 5159 2035 5214 ille
2067 5162 2378 5229 expurgat,
2401 5157 2580 5223 lavat,
2600 5165 2656 5213 et
2685 5160 3017 5215 sanctiﬁcat
3054 5174 3156 5216 cor
3184 5160 3423 5218 illorum
3452 5181 3466 5219 :
3496 5167 3589 5223 ille

1941 5248 2166 5321 praebet
2187 5246 2271 5302 eis
2292 5253 2714 5325 argumentum
2745 5267 2758 5307 ;
2784 5248 2880 5302 ille
2907 5250 2988 5303 eis
3020 5256 3107 5305 est
3135 5265 3236 5306 aer
3264 5258 3320 5307 et
3354 5253 3499 5312 vita.
3535 5256 3593 5311 Si

1939 5352 2079 5393 vero
2109 5336 2247 5392 inde
2267 5336 2667 5405 egrediantur,
2690 5334 3120 5393 interﬁciuntur
3139 5355 3174 5394 a
3195 5342 3397 5411 pravis
3427 5343 3593 5416 spiri-

1938 5425 2118 5491 tibus,
2134 5423 2291 5481 velut
2304 5423 2386 5480 ibi
2401 5423 2686 5481 animalia
2700 5425 2825 5497 igni
2845 5428 3207 5497 egredientia
3228 5431 3583 5499 moriuntur,

1939 5514 2097 5572 velut
2128 5515 2321 5585 pisces
2355 5528 2518 5587 aqua
2555 5514 2944 5587 egredientes,
2978 5516 3138 5575 velut
3166 5519 3582 5594 quadrupedia
