4148 6262
515 294 622 350 555
1811 290 1872 347 S.
1917 290 2215 348 MACARII
2252 288 2555 345 IEGYPTII
3766 286 3885 343 556

536 437 681 477 erm
700 423 898 492 partes
934 434 1125 490 usque
1149 419 1443 491 pertingit,
1465 420 1567 476 ubi
1584 420 1925 477 exsiccatae
1942 419 2173 475 radices

2240 439 2254 471 ι
2282 435 2430 488 μενος
2474 418 2559 467 τὸν
2614 412 2797 487 Ἀδὰμ
2852 413 2946 467 οὐκ
3001 411 3264 467 ἀδικεῖται
3303 415 3402 466 ύπὸ
3460 420 3551 466 τοῦ
3605 414 3878 480 θανάτους

524 509 581 583 ἀ.
598 511 649 581 3
667 526 871 565 rursus
891 509 1530 575 humectatetrenovat,
1551 526 1620 566 ac
1643 509 1915 582 producit
1925 524 2162 581 germen

2284 508 2385 556 Καὶ
2427 506 2452 555 6
2510 506 2653 565 ὑετὸς
2692 503 2743 567 ἐξ
2780 504 2999 576 ούρανοῦ
3038 509 3437 577 κατερχόμενος,
3479 504 3655 575 φθάνει
3695 506 3878 575 κατέρ-

2278 594 2475 661 χεσθαι
2533 593 2603 654 εἰς
2641 595 2707 645 τὰ
2744 598 3010 666 κατώτερα
3046 596 3173 665 μέρη
3214 600 3307 654 τῆς
3345 600 3465 656 γῆς,
3507 590 3743 644 κάκεῖθεν
3784 593 3878 651 τὰς

523 615 776 657 novum.

2279 680 2617 755 ξηρανθείσας
2684 683 2838 755 ῥίζας
2906 680 3156 755 ἀνύγρανε
3230 687 3319 734 καὶ
3386 681 3696 747 ἀνεκαίνισε,
3785 686 3876 734 καὶ

2278 769 2516 829 ἓποίησεν
2548 771 2648 824 ἐκεῖ
2676 776 2903 843 γέννημα
2928 774 3124 827 καινόν.

584 900 722 955 XIV.
756 899 916 954 Alius
948 903 1052 962 est,
1074 899 1174 971 qui
1199 900 1523 955 certamine
1547 901 1769 957 etbello
1784 918 1919 957 cum
1943 904 2163 960 Satana

2345 894 2443 947 IA’.
2484 894 2668 957 "A110;
2698 895 2837 948 ἐστὶν
2899 898 2924 947 6
2976 898 3111 967 ἔχων
3153 894 3347 966 ἀγῶνα,
3400 898 3488 947 καὶ
3531 893 3727 965 θλῖψιν,
3782 897 3869 946 καὶ

510 987 678 1053 inito,
729 987 1110 1043 aﬂlictionem
1164 989 1390 1059 patitur
1425 1006 1435 1043 :
1470 990 1566 1045 hic
1620 992 1936 1047 contritam
1979 993 2148 1048 habet

2270 984 2488 1056 πόλεμον
2554 989 2683 1057 πρὸς
2732 988 2818 1036 τὸν
2884 991 3153 1037 Σατανᾶν·
3208 984 3354 1046 οὗτος
3424 988 3866 1055 συντετριμμένην

512 1076 778 1132 animam
816 1092 829 1130 :
864 1076 923 1130 in
958 1076 1354 1132 sollicitudine
1374 1079 1553 1144 enim,
1582 1079 1739 1133 luctu
1773 1096 1841 1134 ac
1872 1080 2150 1151 lacrymis

2268 1075 2380 1144 ἔχει
2426 1078 2519 1131 τὴν
2570 1074 2756 1145 ψυχὴν
2800 1074 2997 1126 αὐτοῦ’
3056 1072 3104 1124 ἐν
3154 1078 3375 1146 μιρίμνῃ
3423 1076 3523 1146 γάρ
3592 1075 3705 1125 ἐστι
3772 1078 3863 1124 καὶ

508 1166 859 1221 constitutus
875 1170 960 1220 est
977 1181 989 1218 :
1006 1165 1305 1235 duplicem
1321 1168 1616 1237 ejusmodi
1636 1168 1818 1224 homo
1837 1185 2146 1239 personam

2267 1164 2435 1213 πένθει
2480 1167 2569 1214 καὶ
2636 1159 2915 1237 δάκρυσιν.
2973 1163 3059 1223 Εἰς
3113 1159 3210 1214 δύο
3259 1166 3516 1234 πρόσωπα
3564 1163 3796 1220 εἱστήκει
3838 1164 3863 1213 6

510 1256 772 1311 sustinet.
811 1256 903 1310 Sic
930 1257 1106 1323 igitur
1135 1256 1193 1310 in
1214 1257 1304 1310 his
1331 1258 1582 1327 negotiis
1599 1258 1799 1314 ﬁrmus
1822 1268 2148 1331 permanet,

2262 1258 2515 1312 τοιοῦτος.
2558 1251 2616 1304 Εἰ
2655 1271 2822 1303 τοινυν
2880 1250 2928 1303 ἄν
2975 1254 3232 1311 τοιούτοις
3283 1253 3591 1325 πράγμασιν
3633 1252 3862 1309 εἱστήκει

510 1343 568 1397 in
598 1343 750 1399 bello
784 1345 1071 1399 Dominus
1099 1344 1149 1398 ei
1182 1345 1350 1400 adest
1388 1352 1443 1400 et
1483 1354 1798 1403 conservat
1819 1365 1977 1412 eum,
2010 1350 2148 1420 quia

2263 1338 2434 1403 οὗτος,
2479 1344 2545 1401 εὶς
2587 1344 2674 1392 τὸν
2718 1344 2934 1412 πόλεμον
3016 1344 3123 1411 μετ’
3171 1341 3332 1392 αὐτοῦ
3404 1340 3542 1392 ἐστιν
3600 1341 3624 1391 6
3668 1343 3860 1411 Κύριός

507 1433 718 1503 quaerit
748 1432 985 1487 assidue
1008 1433 1803 1507 etpulsatjanuam.quando
1830 1439 1879 1492 ei
1906 1440 2145 1509 aperiat.

2261 1435 2351 1482 καὶ
2398 1430 2649 1501 φυλάσσει
2685 1430 2838 1482 αὐτόν
2891 1450 2903 1461 ο
2965 1428 3197 1492 ἐπιξητεί
3246 1432 3347 1503 γὰρ
3406 1426 3725 1491 σπουδαίως,
3767 1434 3857 1481 καὶ

509 1520 727 1575 Iterum
767 1535 928 1585 vero,
955 1521 1002 1573 si
1035 1526 1324 1593 appareat
1351 1522 1450 1578 tibi
1483 1522 1659 1579 frater
1689 1530 1964 1581 strenuus
1992 1542 2060 1581 eo
2090 1527 2147 1581 in

2262 1520 2435 1591 κρούει
2472 1522 2566 1576 τὴν
2626 1521 2803 1591 θύραν,
2852 1524 2976 1572 πότε
3035 1518 3171 1586 αύτῷ
3230 1519 3445 1589 ἀνοίγει.
3512 1518 3671 1571 Πάλιν
3714 1514 3773 1571 δε
3814 1519 3855 1570 εί

510 1608 684 1674 bello,
724 1625 759 1665 a
793 1610 984 1678 gratia
1025 1614 1111 1665 est
1152 1610 1543 1667 conﬁrmatus
1580 1616 1722 1685 :qui
1765 1631 1903 1670 vero
1942 1617 2148 1671 funda-

2263 1613 2494 1680 φαίνεταί
2541 1628 2623 1661 σοι
2663 1605 2881 1680 ἀδελφὸς
2922 1608 3113 1679 ἁγαθός
3172 1604 3294 1671 ὧδε,
3350 1610 3450 1660 ύπό
3491 1616 3587 1669 τῆς
3638 1610 3859 1681 χάριτός

507 1703 777 1752 mentum
822 1713 943 1753 non
988 1698 1186 1768 habet,
1232 1715 1351 1754 non
1395 1705 1701 1772 tantopere
1742 1705 1922 1759 Deum
1967 1706 2145 1774 timet,

2219 1697 2403 1774 _éa"rw
2450 1696 2839 1771 ἐστηριγμένος.
2897 1696 2955 1749 Ὀ
3012 1693 3070 1748 δὲ
3138 1702 3209 1768 μὴ
3267 1700 3402 1768 ἔχων
3464 1696 3712 1768 θεμέλιον,
3764 1696 3857 1748 οὐκ

506 1801 614 1841 nec
656 1786 971 1840 contritum
1015 1790 1105 1841 est
1153 1803 1254 1842 cor
1292 1789 1440 1857 ejus,
1475 1805 1582 1845 nec
1616 1790 1674 1845 in
1712 1797 1874 1847 metu
1910 1800 2013 1857 est,
2043 1810 2144 1850 nec

2220 1765 2373 1858 ‘Exu
2426 1794 2671 1839 τοσοῦτον
2731 1785 2882 1858 φόϐον
2942 1793 3095 1851 Θεοῦ,
3165 1786 3222 1837 ού
3275 1790 3644 1859 συντέτριπται
3700 1785 3858 1838 αὐτοῦ

504 1873 782 1930 observat
805 1890 908 1929 cor
937 1890 1133 1945 suum,
1156 1881 1209 1930 et
1238 1876 1531 1943 membra,
1563 1895 1637 1933 ne
1669 1880 2002 1937 inordinate
2030 1899 2142 1938 am-

2262 1878 2289 1933 ἡ
2346 1872 2565 1949 καρδία,
2630 1878 2745 1926 οὔτε
2793 1877 2934 1926 ἐστὶν
3008 1873 3054 1925 ἐν
3124 1873 3284 1946 φόϐῳ,
3337 1877 3454 1926 οὔτε
3517 1873 3861 1945 ἀσφαλίζεται

507 1963 709 2018 bulent
729 1978 740 2016 :
762 1962 1057 2033 ejusmodi
1076 1964 1275 2019 adhuc
1292 1965 1643 2021 dissolutam
1677 1968 1859 2024 habet
1884 1972 2145 2027 animam

2261 1964 2421 2016 αὑτοῦ
2472 1968 2565 2022 τὴν
2621 1960 2845 2037 καρδίαν
2896 1964 3090 2014 καὶτὰ
3140 1962 3291 2034 μέλη,
3355 1970 3444 2014 τοῦ
3498 1967 3568 2033 μὴ
3625 1961 3861 2024 ἀτάκτως

506 2067 679 2106 suam
712 2069 725 2118 ;
763 2051 1033 2106 nondum
1060 2053 1218 2106 enim
1241 2053 1515 2124 praelium
1536 2056 1842 2127 ingressus
1872 2062 2144 2116 est.Alius

2260 2060 2576 2127 περιπατεῖν.
2656 2052 2819 2110 Οὗτος
2897 2050 3068 2123 ἀκμὴν
3156 2051 3534 2123 ἀπολελυμένην
3592 2054 3707 2122 ἔχει
3767 2058 3860 2110 τήν

503 2140 681 2210 igitur
719 2146 826 2207 est,
867 2140 973 2211 qui
1013 2141 1069 2194 in
1112 2140 1268 2196 bello
1308 2148 1363 2197 et
1401 2141 1723 2200 afﬂictione
1762 2151 1869 2213 est,
1910 2154 1964 2202 et
2004 2149 2141 2205 alius

2258 2142 2443 2213 ψυχὴν
2493 2140 2652 2193 αὐτοῦ
2696 2158 2707 2169 ·
2737 2139 2879 2191 οὖπω
2923 2144 3021 2213 γαρ
3064 2140 3297 2199 εἰσῆλθεν
3325 2140 3397 2201 εἰς
3438 2139 3631 2211 ἀγῶνα.
3679 2139 3863 2201 ’Ἀλλος

502 2230 603 2301 qui
636 2229 718 2283 rei
759 2228 1028 2283 militaris
1059 2229 1304 2297 ignarus
1332 2221 1530 2287 adhuc
1553 2236 1890 2290 est.Etenim
1923 2240 2140 2294 semina

2259 2230 2346 2281 οὖν
2395 2233 2534 2281 ἐστιν
2588 2232 2613 2280 6
2654 2232 2701 2282 ᾗ
2751 2228 2913 2301 ἀγῶνι
2961 2234 3051 2281 καὶ
3103 2230 3293 2300 θλίψει,
3350 2234 3438 2282 καὶ
3505 2229 3655 2291 ἄλλος
3704 2231 3727 2280 6
3788 2235 3857 2302 μὴ

502 2333 745 2389 quoque
776 2317 836 2371 in
868 2321 1080 2372 terram
1113 2318 1301 2374 missa
1326 2318 1708 2375 aﬂlictionem
1751 2325 2066 2390 sustinent,
2092 2328 2140 2382 in

2260 2316 2413 2380 εἰδὼς
2467 2324 2518 2371 τί
2568 2322 2683 2370 ἔστι
2720 2318 2961 2391 πόλεμος.
3022 2322 3123 2371 Καὶ
3164 2320 3265 2390 γὰρ
3306 2321 3371 2370 τὰ
3430 2323 3703 2393 σπέρματα
3740 2319 3861 2372 ὃταν

504 2406 659 2475 gelu,
702 2405 917 2469 hieme,
950 2410 1005 2461 et
1036 2405 1251 2476 frigore
1291 2409 1443 2462 aeris
1477 2425 1489 2460 :
1526 2424 1595 2465 ac
1636 2410 1917 2483 deinceps
1952 2414 2142 2473 debito

2260 2405 2427 2481 βληθῇ
2483 2407 2554 2468 εἰς
2580 2413 2672 2464 τὴν
2724 2415 2843 2479 γῆν,
2900 2407 3074 2477 θλῖψιν
3105 2408 3344 2478 ὑπομένει
3385 2407 3452 2467 εἰς
3482 2410 3604 2469 τοὺς
3632 2409 3856 2480 πάγους,

504 2501 771 2566 ῐεωροτθ
802 2494 1095 2550 reviviscit
1125 2510 1395 2566 germen.

2259 2496 2328 2557 εἰς
2358 2500 2443 2547 τὸν
2483 2504 2738 2567 χειμῶνα,
2786 2495 2857 2558 εἰς
2909 2499 3003 2553 τὴν
3052 2494 3370 2567 ψυχρότητα
3410 2503 3507 2546 τῶν
3539 2494 3700 2569 ἀέρων
3726 2513 3737 2526 ⁸
3772 2501 3860 2549 καὶ

1308 2634 1313 2639 .
2258 2585 2305 2637 ἐν
2335 2592 2404 2655 τῷ
2437 2581 2606 2637 δέοντι
2631 2592 2797 2657 καιρῷ
2828 2584 3263 2647 ἀναζωοποιεῐται
3305 2587 3362 2635 τό
3393 2587 3639 2655 γέννημα.

578 2692 683 2745 XV.
744 2690 1042 2760 Contingit
1090 2694 1289 2747 autem
1331 2691 1652 2761 interdum,
1696 2700 1762 2751 ut
1801 2698 2052 2754 Satanas
2089 2700 2147 2755 in

2328 2692 2432 2747 IE’.
2472 2691 2746 2764 Συμϐαίνει
2795 2688 2854 2744 δὲ
2890 2693 2969 2743 ὅτι
3014 2692 3038 2742 6
3078 2697 3306 2752 Σατανᾶς
3368 2688 3665 2762 διαλέγεταί
3693 2711 3780 2743 σοι
3810 2692 3857 2744 ἐν

500 2779 680 2835 corde
706 2783 902 2835 tecum
937 2780 1223 2852 disputet,
1266 2781 1520 2838 scilicet:
1549 2785 1702 2841 Ecce
1728 2792 1953 2857 quanta
1984 2792 2138 2845 mala

2256 2790 2316 2855 τῇ
2342 2778 2540 2856 καρδίᾳ
2572 2803 2583 2813 υ
2612 2777 2737 2832 Ίδε
2774 2785 2943 2832 πόσα
2980 2783 3147 2832 κακὰ
3187 2779 3522 2844 ἐποίησας,
3568 2777 3710 2833 ἰδού
3749 2784 3855 2833 πό-

501 2869 855 2933 commisisti.
887 2885 1015 2926 ecce
1034 2876 1264 2941 quanta
1292 2873 1532 2929 insania
1554 2874 1755 2929 anima
1784 2881 1885 2932 tua
1918 2881 2139 2947 repleta

2259 2892 2377 2926 σων
2452 2877 2693 2942 μανιῶν
2760 2868 3177 2943 πεπλήρωταί
3244 2888 3356 2920 σου
3397 2870 3426 2926 ἡ
3486 2868 3685 2940 ψυχὴ,
3745 2877 3850 2925 καὶ

500 2961 599 3023 est,
621 2964 673 3013 et
692 2973 869 3028 quam
897 2962 1136 3014 onustus
1158 2975 1215 3015 es
1244 2961 1520 3029 peccatis,
1548 2970 1613 3018 ut
1644 2966 1903 3034 amplius
1920 2969 2138 3024 salvari

2258 2959 2698 3035 βεϐαρημένος
2752 2955 2808 3009 εἶ
2865 2956 2985 3009 ἀπὸ
3051 2957 3417 3030 ἁμαρτιῶν,
3489 2960 3586 3009 ὄτι
3636 2960 3852 3010 οὐκέτι

498 3062 612 3102 non
638 3046 841 3115 possis.
887 3049 1020 3103 Haec
1050 3052 1251 3105 autem
1277 3049 1412 3105 ideo
1438 3050 1596 3116 facit,
1634 3059 1695 3107 ut
1737 3059 1789 3108 te
1830 3055 1888 3109 in
1929 3057 2136 3128 despe-

2216 3069 2226 3120 ;
2258 3048 2541 3103 δύνασαι
2590 3049 2899 3106 σωθῆναί.
2950 3054 3131 3099 Ταῦτα
3170 3044 3229 3099 δε
3281 3054 3437 3112 ποιεῖ,
3469 3048 3553 3098 ἵνα
3585 3049 3763 3118 ἑνέγκη
3798 3066 3854 3099 σε

496 3136 787 3191 rationem
815 3135 1095 3202 deducat,
1129 3142 1183 3193 et
1207 3138 1349 3210 quia
1369 3156 1490 3195 non
1533 3146 1619 3196 est
1659 3150 1903 3215 accepta
1925 3150 1979 3201 et
2018 3162 2134 3215 gra-

2259 3139 2325 3199 εἰς
2354 3137 2698 3208 ἁπελπισμόν,
2732 3141 2821 3187 καὶ
2843 3137 2922 3188 ὃτι
2947 3135 3040 3187 οὐκ
3062 3138 3202 3187 ἔστιν
3239 3131 3658 3207 εὐπρόσδεκτοςὸ
3689 3137 3854 3206 μετά-

498 3227 555 3279 ta
584 3228 685 3279 tua
717 3225 1081 3295 pcenitentia.
1117 3228 1436 3298 Postquam
1477 3229 1633 3284 enim
1679 3247 1781 3300 per
1823 3237 2136 3303 transgres-

2256 3230 2371 3281 νοιά
2402 3247 2517 3280 σου.
2548 3222 2760 3284 Ἐπειδὴ
2788 3228 2889 3299 γὰρ
2912 3224 3229 3299 παρεισῆλθε
3264 3221 3357 3276 δια
3385 3232 3480 3286 τῆς
3510 3223 3852 3295 παραϐάσεως

495 3312 725 3367 sionem
758 3312 984 3367 malitia
1013 3314 1507 3387 introivit,postea
1538 3317 1786 3386 singulis
1820 3320 1980 3376 horis
2020 3322 2133 3376 dis-

2257 3319 2286 3376 ἠ
2328 3321 2507 3384 κακία,
2563 3315 2741 3368 λοιπὸν
2790 3315 2903 3367 καθ’
2951 3314 3177 3371 ἑκάστην
3235 3316 3370 3387 ὥραν
3438 3310 3735 3385 διαλέγεται
3788 3322 3847 3386 τῇ

494 3403 666 3471 putat
690 3416 825 3455 cum
851 3401 1073 3464 anima,
1104 3403 1364 3458 uthomo
1381 3420 1519 3459 cum
1540 3405 1802 3462 homine.
1828 3410 2132 3480 Responde

2254 3406 2409 3479 ψυχῇ
2483 3408 2551 3465 ὡς
2607 3406 2876 3477 ἄνθρωπος
2948 3406 3078 3476 μετὰ
3160 3401 3453 3474 ἀνθρώπου.
3511 3401 3851 3475 Ἀποκρίθητι

494 3492 558 3544 tu
601 3503 845 3559 quoque
876 3489 960 3543 sic
994 3506 1005 3543 :
1040 3489 1238 3546 Habeo
1270 3493 1601 3549 testimonia
1635 3496 1887 3561 Domini,
1920 3499 2132 3569 scriptc

2256 3494 2395 3566 αὐτῷ
2422 3497 2625 3557 καὶσὺ,
2660 3495 2739 3546 ὅτι
2792 3495 2917 3564 ἔχω
2946 3495 3056 3553 τας
3108 3497 3474 3565 μαρτυρίας
3530 3500 3621 3545 τοῦ
3656 3497 3848 3566 Κυρίου

494 3578 874 3645 consignata:
891 3577 1042 3631 Νοιο
1060 3584 1303 3635 mortem
1320 3585 1715 3648 peccatorum,
1739 3586 1840 3640 sed
1859 3590 2132 3653 paeniten-

2255 3584 2605 3656 ἐγγράφως,
2647 3588 2753 3633 καὶ
2794 3583 2987 3633 ὄτιού
3046 3578 3364 3653 βούλομαι
3415 3585 3518 3633 τὸν
3577 3584 3846 3634 θάνατον

493 3664 657 3730 tiam,
687 3669 751 3719 ut
778 3670 1162 3722 convertatur
1192 3668 1315 3736 ipse
1340 3684 1377 3726 a
1405 3671 1504 3726 via
1537 3686 1842 3741 perversa,
1876 3682 1928 3731 et
1959 3677 2131 3733 vivat.

2250 3680 2358 3727 τοῦ
2415 3670 2817 3744 ἀμαρτωλοῦ,
2872 3672 2948 3731 ὡς
3004 3674 3115 3727 τὴν
3174 3672 3542 3741 μετάνοιαν,
3617 3675 3724 3723 καὶ
3777 3674 3844 3723 τὸ

492 3755 807 3823 Propterea
835 3754 994 3809 enim
1033 3754 1338 3812 descendit
1362 3759 1670 3826 Dominus,
1708 3767 1769 3817 ut
1793 3770 2130 3834 peccatores

2254 3761 2746 3835 ἀποστραφῆναι
2785 3759 2975 3811 αὐτὸν
3017 3757 3135 3811 ἀπὸ
3175 3766 3281 3818 τῆς
3320 3756 3473 3811 ὀδοῦ
3514 3768 3626 3822 τῆς
3663 3779 3846 3818 πονη-

491 3841 765 3907 salvaret,
794 3848 1063 3899 mortuos
1085 3846 1413 3911 suscitaret,
1437 3852 1493 3904 et
1522 3866 1558 3905 a
1578 3858 1769 3906 morte
1796 3853 2129 3910 vulneratos

2248 3857 2358 3926 ρᾶς,
2392 3855 2499 3902 καὶ
2548 3850 2662 3920 ζῇν
2691 3849 2900 3902 αὐτόν.
2960 3851 3056 3900 Διὰ
3080 3855 3233 3900 τοῦτο
3263 3851 3364 3920 γὰρ
3396 3848 3646 3907 κατῆλθεν
3673 3848 3844 3915 αὐτὸς,

491 3930 836 3997 viviﬁcaret,
864 3936 921 3987 et
939 3948 1041 3989 eos
1060 3933 1163 4005 qui
1192 3935 1250 3989 in
1274 3936 1531 3992 tenebris
1548 3941 2125 4007 erant,illuminaret.

2250 3941 2333 3992 ἵνα
2361 3943 2481 4001 τοὺς
2505 3937 2841 4010 ἁμαρτωλούς
2873 3942 3042 4009 σώσῃ,
3076 3941 3192 3997 τοὺς
3215 3941 3425 4009 νεκρούς
3452 3937 3846 4010 ἀνεγείρη,τούς

493 4022 631 4075 Vere
682 4021 842 4075 enim
894 4023 1179 4078 Dominus
1238 4024 1587 4094 adveniens,
1638 4031 1868 4085 vocavit
1919 4048 2031 4086 nos
2076 4033 2131 4087 in

2246 4031 2693 4099 τεθανατωμένους
2744 4030 3071 4098 ζωοποιὴση,
3129 4028 3249 4087 τούς
3302 4029 3349 4078 ἑν
3390 4035 3460 4096 τῷ
3517 4030 3690 4079 σκότει
3745 4048 3844 4097 φω-

487 4109 871 4181 adoptionem
899 4111 1181 4178 ﬁliorum,
1214 4114 1291 4170 ad
1325 4122 1594 4171 sanctam
1623 4122 1679 4172 et
1719 4120 1881 4188 pacis
1912 4121 2125 4177 studio-

2244 4123 2387 4190 τίσῃ.
2432 4116 2664 4176 ’Λληθώς
2711 4119 2810 4187 γὰρ
2871 4116 3025 4167 ἐλθὼν
3078 4115 3145 4175 εἰς
3205 4117 3469 4168 υἱοθεσίαν
3526 4117 3665 4187 ἡμᾶς
3723 4114 3845 4167 ἐκά-

487 4214 620 4253 sam
652 4199 973 4267 civitatem,
1014 4201 1090 4257 ad
1120 4202 1302 4258 vitam
1329 4219 1640 4275 nunquam
1671 4209 2010 4279 prrituram,
2055 4212 2125 4265 ad

2244 4207 2405 4271 λεσεν,
2457 4206 2528 4266 εἰς
2558 4206 2702 4257 πόλιν
2761 4204 2934 4277 ἁγίαν,
2994 4204 3401 4278 εἰρηνευομένην,
3462 4204 3529 4264 εἰς
3578 4205 3716 4265 ζωὴν
3747 4208 3840 4262 τὴν

484 4287 735 4357 gloriam
770 4288 1277 4360 incorruptibilem
1309 4336 1323 4357 ,
1352 4294 1533 4349 modo
1556 4310 1664 4349 nos
1694 4298 1989 4368 principio
2026 4298 2122 4353 bo-

2243 4293 2505 4367 μηδέποτε
2537 4294 2995 4358 ἀποθνήσκουσαν,
3038 4293 3104 4353 εἰς
3137 4289 3292 4355 δόξαν
3341 4295 3625 4364 ἄφθαρτον.
3673 4297 3840 4346 Μόνον

484 4390 631 4430 num
671 4375 852 4432 ﬁnem
875 4384 1384 4449 superstruamus,
1420 4391 1865 4452 perseverantes
1895 4387 1951 4441 in
1985 4403 2122 4458 pau-

2200 4387 2391 4471 ,ἡμεῖς
2443 4392 2505 4457 τῇ
2548 4382 2691 4455 ἀρχῇ
2750 4384 2895 4453 ἡμῶν
2951 4377 3120 4474 διῇμεν
3175 4381 3315 4474 τέλος
3366 4382 3562 4451 άγαθόν
3595 4400 3607 4412 ·
3662 4380 3838 4453 ἓμμεί.

482 4468 729 4535 pertate,
762 4467 1261 4537 peregrinatione,
1295 4469 1613 4527 afﬂictione
1644 4478 1699 4527 et
1729 4475 2120 4543 postulatione

2196 4467 2401 4545 ’νωμεν
2448 4480 2507 4544 τῇ
2572 4475 2831 4541 πτωχείᾳ,
2887 4476 2947 4540 τῇ
3011 4469 3258 4533 ξενητεία,
3314 4477 3375 4540 τῇ
3430 4475 3718 4541 κακουχίᾳ,
3772 4478 3834 4543 τῇ

481 4567 623 4623 erga
650 4556 857 4627 Deum,
892 4555 1120 4629 absque
1144 4557 1261 4613 ullo
1283 4562 1512 4630 pudore
1538 4562 1844 4633 pulsantes
1857 4564 2119 4635 januam.

2242 4562 2450 4619 αἰτήσει
2480 4569 2541 4633 τῇ
2595 4564 2718 4633 πρὸς
2771 4562 2856 4609 τὸν
2910 4561 3058 4621 Θεὸν,
3115 4559 3243 4623 μετὰ
3275 4553 3538 4618 ἀναιδείας
3568 4560 3838 4623 κρούοντες

482 4643 1005 4708 Quemadmodum
1076 4647 1235 4702 enim
1294 4665 1513 4721 corpus
1573 4652 1978 4724 propinquum
2046 4660 2120 4709 est

2240 4656 2332 4709 τὴν
2390 4652 2565 4723 θύραν.
2625 4649 2823 4719 Ὠσπερ
2876 4649 2977 4719 γὰρ
3048 4646 3201 4718 ἐγγύς
3260 4644 3371 4697 ἐστι
3430 4649 3487 4697 τὸ
3540 4654 3689 4717 σῶμα
3738 4656 3838 4710 τῆς

478 4732 717 4797 animae,
761 4735 842 4789 ita
871 4735 1116 4807 propior
1145 4741 1231 4791 est
1262 4740 1546 4794 Dominus
1576 4741 1652 4795 ad
1685 4743 2043 4798 veniendum
2077 4761 2116 4799 e‘

2238 4740 2444 4811 ψυχῆς,
2510 4739 2671 4797 οὕτως
2719 4736 2991 4807 ἐγγύτερος
3050 4737 3074 4786 6
3138 4738 3323 4807 Κύριος
3378 4743 3469 4787 τοῦ
3515 4734 3672 4788 ἐλθεῖν
3745 4744 3834 4789 καὶ

477 4822 872 4891 aperiendum
891 4823 1167 4879 occlusas
1182 4824 1336 4880 fores
1350 4828 1728 4891 cordis.etad
1750 4829 2115 4898 largiendum

2240 4829 2439 4890 ἀνοῖξαι
2495 4830 2585 4886 τὰς
2641 4826 3004 4897 κεκλεισμένας
3049 4828 3207 4898 θύρας
3274 4833 3363 4884 τῆς
3435 4822 3679 4897 καρδίας,
3745 4833 3833 4879 καὶ

476 4909 652 4965 nobis
681 4910 917 4965 divitias
946 4913 1235 4967 caelestes.
1266 4914 1461 4969 Bonus
1494 4916 1792 4988 siquidem
1824 4925 1910 4975 est
1940 4926 1995 4975 et
2026 4921 2114 4976 ho-

2238 4914 2587 4989 δωρήσασθαι
2626 4916 2748 4985 ἡμῖν
2804 4918 2888 4965 τὸν
2929 4914 3146 4966 πλοῦτον
3212 4918 3298 4965 τὸν
3357 4913 3613 4985 οὐράνιον.
3676 4915 3835 4985 Ἀγα-

476 4999 709 5054 minum
740 5014 954 5055 amans
983 5017 996 5067 ;
1028 5006 1084 5057 et
1114 5000 1368 5059 falsitate
1398 5005 1525 5075 ejus
1554 5008 1988 5076 promissiones
2022 5027 2114 5065 ca-

2238 5009 2323 5069 θός
2377 5008 2477 5076 γὰρ
2545 5003 2655 5055 ἐστι
2717 5008 2805 5054 καὶ⁹
2862 5003 3234 5076 φιλάνθρωπος,
3284 5008 3371 5055 καὶ
3414 5001 3662 5074 ἀψευδεῖς
3701 5002 3829 5055 εἰσιν

473 5093 626 5152 rent,
660 5089 841 5143 modo
873 5104 983 5145 nos
1021 5106 1467 5162 perseveremus
1500 5096 1575 5150 ad
1607 5096 1788 5151 ﬁnem
1825 5114 2016 5169 usque
2060 5100 2111 5152 in

2233 5098 2393 5147 αὐτοῦ
2455 5097 2509 5145 αἱ
2564 5092 2883 5163 ἐπαγγελίαι,
2957 5098 3108 5164 μόνον
3188 5096 3272 5144 ἐὰν
3332 5094 3683 5165 ὑπομείνωμεν
3740 5094 3829 5153 ἕως

477 5177 673 5233 studio
686 5194 824 5233 eum
844 5179 1174 5252 quaerendi.
1192 5180 1383 5237 Gloria
1397 5184 1885 5241 miserationibus
1914 5187 2115 5251 Patris,

2232 5184 2405 5245 τέλους
2436 5182 2797 5242 ἐπιζητοῦντες
2846 5183 3019 5236 αὐτόν.
3073 5183 3205 5244 Δόξα
3242 5190 3354 5243 τοῖς
3383 5182 3673 5255 οἰκτιρμοῖς
3726 5188 3829 5233 Πα-

470 5272 525 5325 et
554 5267 691 5335 Filii,
734 5272 789 5324 et
815 5268 1064 5342 Spiritus
1093 5271 1282 5326 sancti
1312 5272 1371 5327 in
1403 5273 1640 5330 saecula.
1676 5280 1884 5332 Amen.

2232 5278 2372 5347 τρός,
2414 5278 2503 5325 καὶ
2544 5275 2689 5337 Υὶοῦ,
2748 5277 2837 5325 καὶ
2878 5271 3027 5345 ἁγίου
3071 5275 3384 5342 Πνεύματος,
3431 5270 3501 5332 εἰς
3542 5274 3659 5332 τοὺς
3701 5270 3830 5323 αἰῶ-

2233 5382 2340 5425 νας.
2383 5364 2575 5436 Ἀμήν.
