4148 6262
364 327 475 384 557

964 453 1215 510 OMIAIA
1254 452 1365 511 IB'.
1989 453 2030 505 A

366 561 522 632 Περὶ
562 566 675 620 τῆς
715 561 1013 632 στάσεως
1044 566 1155 632 τοῦ
1195 557 1405 632 έΑδὰμ
1443 563 1564 632 πρὸ
1602 565 1718 611 τοῦ
1758 558 1958 632 παρα-

482 649 628 687 ηναι
668 629 856 683 αὐτόν
896 635 1006 687 τήν
1046 630 1304 690 ἐντολὴν
1342 629 1453 685 τοῦ
1494 629 1687 701 Θεοῦ·
1721 635 1828 683 καὶ
1862 629 1961 701 με·-

437 703 509 753 τά
548 704 615 753 τὸ
646 701 841 754 αὐτὸν
881 701 1195 755 ἀπολέσαι
1235 708 1337 755 καὶ
1380 706 1489 760 τὴν
1532 699 1708 755 ἰδίαν
1748 699 1963 754 εἰκόνα

436 777 545 846 καὶ
584 778 694 831 τὴν
756 773 1161 846 ἐπουράνιον.
1219 778 1489 846 Συνέχει
1527 779 1638 826 καὶ
1670 776 1699 832 ἡ
1738 773 1963 846 ὁμιλία

437 845 755 907 ζητήσεις
792 845 975 909 τινὰς
1012 849 1173 899 πάνυ
1225 845 1603 918 ὠφελίμους.

434 948 515 1005 Α’.
572 949 631 1002 ¢0
686 947 865 1023 Ἀδὰμ
915 956 1008 1010 τὴν
1086 951 1290 1010 ἐντολὴν
1345 951 1600 1023 παραϐὰς,
1672 952 1808 1003 κατὰ
1865 946 1962 1002 δύο

359 1043 582 1109 τρόπους
642 1038 868 1092 ἀπώλετο
903 1058 912 1069 ·
947 1041 1034 1093 ἕνα
1081 1044 1193 1113 μὲν,
1253 1043 1334 1093 ὅτι
1392 1040 1624 1093 ἀπώλεσε
1670 1043 1728 1092 τὸ
1785 1046 1965 1110 κτῆμα

360 1132 418 1180 τό
449 1130 677 1202 καθαρόν
724 1138 815 1189 τῆς
859 1131 1057 1201 φύσεως
1111 1130 1294 1196 αὐτοῦ,
1346 1132 1404 1182 τό
1462 1133 1671 1202 ὡραῖον,
1730 1132 1789 1181 τὸ
1846 1128 1961 1180 κατ’

360 1216 534 1269 εἰκόνα
576 1221 665 1269 καὶ
720 1219 968 1289 ὁμοίωσιν
1018 1226 1151 1271 Θεοῦ
1185 1236 1196 1248 ·
1245 1219 1411 1291 ἕτερον
1471 1214 1547 1287 δὲ,
1582 1219 1662 1269 ὅτι
1706 1216 1961 1269 ἀπώλεσεν

360 1305 525 1365 αὐτὴν
573 1310 666 1364 τὴν
718 1306 907 1373 εἰκόνα,
959 1306 1006 1359 ἒν
1143 1306 1381 1360 ἀπέκειτο
1436 1307 1578 1377 αὐτῷ
1636 1305 1748 1358 κατ’
1806 1304 1964 1375 ἔπαγ-

358 1396 535 1466 γελὶαν
593 1397 623 1453 ἡ
682 1394 989 1467 ἐπουράνιος
1040 1402 1188 1449 πᾶσα
1240 1396 1577 1468 κληρονομία,
1624 1401 1823 1466 Ὠσπερ
1877 1396 1961 1445 εὰν

363 1481 392 1541 ἧ
425 1489 678 1556 νόμισμα,
718 1488 811 1543 τὴν
857 1484 1029 1537 εἰκόνα
1066 1492 1157 1537 τοῦ
1188 1483 1443 1558 βασιλέως
1481 1488 1625 1557 ἔχον,
1671 1488 1760 1536 καὶ
1811 1490 1961 1535 τοῦτο

359 1582 746 1648 παραχαραγῇ,
781 1576 807 1626 6
861 1578 1069 1647 χρυσός
1112 1594 1165 1627 τε
1196 1574 1443 1643 ἀπώλετο,
1502 1580 1591 1627 καὶ
1635 1575 1665 1631 ἠ
1712 1573 1857 1625 εἰκὼν
1903 1573 1961 1624 οὐ

359 1665 696 1735 χρησιμεύει,
753 1670 988 1716 τοιοῦτον
1032 1665 1191 1716 ἔπαθε
1234 1668 1323 1715 καὶ
1354 1666 1379 1716 6
1404 1660 1579 1735 Ἀδάμ
1609 1680 1621 1693 ·
1668 1668 1831 1735 μέγας
1859 1664 1959 1735 γὰρ

1613 325 1961 385 HOMILLE.
1997 351 2071 370 —
2112 326 2290 387 HOM.
2327 332 2426 388 XI.

3620 325 3728 390 558

2680 458 2977 515 HOMILIA
3012 458 3120 515 XII.

2074 562 2327 636 Destatu
2340 565 2385 619 A
2397 565 2487 620 dae
2499 570 2816 636 antequam
2830 564 3353 634 transgrederetur
3367 565 3722 621 mandatum

2143 635 2287 690 Dei:
2311 644 2363 691 et
2414 635 2725 706 postquam
2755 636 2954 691 amisit
2996 636 3306 704 propriam
3346 652 3418 692 ac
3444 639 3723 693 cwlestem

2138 705 2994 779 imaginemcontinetquoque
3007 708 3253 764 homilia
3265 708 3555 779 quasdam
3570 723 3727 779 quae-

2141 778 2354 833 stiones
2388 779 2562 835 valde
2599 779 2792 834 utiles.

2142 956 2183 1009 Ι.
2206 954 2395 1009 Adam
2418 960 2834 1023 transgressus
2860 955 3238 1021 mandatum,
3263 954 3502 1010 duobus
3528 954 3724 1010 modis

2073 1044 2280 1113 periit:
2318 1060 2435 1099 uno
2475 1044 2744 1114 quidem,
2789 1044 2955 1116 quod
2988 1043 3249 1115 perdidit
3279 1044 3725 1116 possessionem

2071 1148 2283 1203 puram
2313 1138 2537 1188 naturae
2567 1150 2712 1200 suae,
2746 1133 3099 1204 speciosam,
3126 1139 3181 1186 et
3207 1132 3542 1187 secundum
3575 1132 3727 1188 ima-

2072 1220 2269 1289 ginem
2295 1237 2365 1275 ac
2392 1221 2839 1276 similitudinem
2866 1221 2963 1276 Dei
2983 1220 3288 1276 conditam
3313 1237 3326 1275 :
3352 1220 3537 1276 altero
3558 1235 3722 1285 vero,

2070 1311 2231 1381 quod
2260 1310 2516 1381 perdidit
2542 1311 3103 1380 ipsamimaginem.
3138 1309 3197 1364 in
3221 1324 3344 1380 qua
3375 1309 3640 1379 reposita
3672 1307 3722 1363 ei

2070 1405 2195 1454 erat
2219 1399 2390 1470 juxta
2417 1399 2900 1469 promissionem,
2930 1402 3052 1453 tota
3076 1396 3397 1454 haereditas
3433 1397 3716 1453 caelestis.

2072 1488 2318 1542 Perinde
2349 1504 2419 1543 ac
2458 1487 2505 1541 si
2540 1489 2615 1543 sit
2645 1493 2905 1553 moneta,
2938 1486 3198 1556 imagine
3230 1486 3385 1554 regis
3416 1485 3722 1553 insignita,

2069 1592 2204 1648 quae
2233 1578 2278 1632 si
2317 1576 2700 1641 adulteretur,
2732 1582 2787 1630 et
2816 1592 3029 1631 aurum
3068 1575 3236 1646 perit,
3272 1580 3328 1629 et
3375 1575 3577 1642 imago
3605 1572 3723 1647 44

2070 1665 2292 1720 nullius
2324 1671 2414 1720 est
2453 1665 2625 1737 pretii
2657 1682 2667 1718 :
2701 1665 2815 1720 tale
2846 1664 3160 1736 quippiam
3203 1662 3398 1719 evenit
3425 1662 3565 1717 Adre
3591 1680 3604 1729 ;
3634 1661 3728 1717 in-

356 1752 579 1814 πλοῦτος
627 1758 715 1805 καὶ
765 1752 959 1824 μεγάλη
994 1755 1023 1811 ἡ
1075 1753 1394 1828 κληρονομία
1446 1753 1751 1827 εὐτρέπιστο
1798 1752 1955 1823 αὐτῷ,

2072 1760 2275 1822 gentes
2319 1754 2613 1824 siquidem
2666 1753 2904 1819 divitiae,
2938 1757 2995 1808 et
3036 1768 3260 1822 magna
3298 1750 3618 1807 hasreditas
3673 1750 3725 1806 ei

354 1840 558 1912 Ὠσπερ
585 1839 669 1893 ἰὰν
764 1846 962 1913 χωρίον
993 1845 1148 1913 μέγα,
1200 1847 1290 1894 καὶ
1316 1848 1469 1894 τοῦτο
1499 1843 1599 1913 ἔχῃ
1655 1837 1959 1913 προσόδους

352 1929 566 1997 πολλὰς,
624 1930 728 1982 ἐκεῖ
774 1930 1000 2002 ἄμπελος
1060 1930 1371 1995 εῦθύνουσα,
1431 1928 1536 1982 insi
1582 1938 1761 2003 χῶραι
1814 1930 1958 2002 εὐφορ-

353 2026 565 2090 ροῦσαι,
594 2020 697 2071 ἓκεί
727 2017 924 2090 ἀγέλαι,
970 2019 1075 2072 ἐκεῖ
1128 2022 1332 2092 χρυσὸς
1376 2024 1465 2071 καὶ
1496 2019 1720 2093 ἄργυρος
1748 2038 1760 2050 ·
1796 2019 1955 2080 οὕτως

355 2104 417 2165 ἦν
472 2111 643 2179 τίμιον
692 2111 749 2160 τό
806 2112 1004 2181 χωρίον
1074 2112 1174 2183 πρὸ
1221 2115 1316 2170 τῆς
1369 2117 1656 2182 παρακοῆς,
1710 2107 1837 2159 αὐτὸ
1892 2111 1952 2161 τὸ

350 2204 535 2258 σκεῦος
576 2203 670 2249 τοῦ
716 2193 913 2268 Ἀδάμ.
966 2198 1107 2252 Ἀλλ’
1157 2194 1339 2255 ἐπειδὴ
1392 2200 1530 2249 κακὰ
1560 2199 1688 2268 ἔσχε
1739 2193 1952 2255 διανοή-

346 2305 489 2358 ματα
520 2290 606 2339 καὶ
638 2286 945 2358 λογισμοὺς,
974 2284 1203 2339 ἀπώλετο
1234 2285 1335 2339 ἀπὸ
1365 2293 1459 2338 τοῦ
1489 2292 1644 2339 Θεοῦ.

418 2496 491 2551 Β¹.
540 2496 615 2549 Οὔ
646 2496 858 2567 λέγομεν
908 2492 967 2549 δὲ
1018 2498 1099 2549 ὅτι
1137 2495 1367 2550 ἀπώλετο
1415 2499 1474 2548 τό
1500 2497 1612 2549 ὅλον
1642 2500 1730 2549 καὶ
1770 2497 1949 2570 ἠφανί-

349 2588 473 2651 σθη,
505 2590 596 2638 καὶ
627 2585 875 2637 ἀπέθανεν
910 2603 922 2615 '
958 2584 1058 2638 ἀπὸ
1104 2592 1195 2637 τοῦ
1224 2593 1357 2639 Θεοῦ
1388 2584 1624 2651 ἀπέθανε,
1653 2593 1713 2658 τῇ
1750 2582 1808 2638 δι
1836 2583 1951 2659 ἰδίᾳ

347 2676 499 2747 φύσει
553 2675 639 2747 ζῇ.
696 2669 839 2726 Ἰδοὺ
882 2676 983 2749 γὰρ
1034 2673 1148 2735 ὅλος
1179 2675 1204 2726 ὁ
1256 2678 1452 2747 κόσμος
1508 2683 1782 2749 περιπατεί
1812 2677 1944 2748 ἑντῇ

343 2770 436 2835 γῇ,
490 2768 578 2816 καὶ
640 2766 1065 2836 πραγματεύεται
1125 2782 1136 2792 ·
1197 2762 1304 2815 ἀλλ’
1362 2764 1624 2836 ὀφθαλμός
1680 2772 1770 2816 τοῦ
1815 2771 1948 2817 Θεοῦ

347 2848 519 2923 βλέπει
569 2851 725 2904 αὐτόν
771 2855 857 2904 τὸν
906 2861 1044 2917 νοῦν,
1100 2857 1190 2905 καὶ
1234 2855 1330 2915 τὰς
1373 2853 1697 2926 ἐνθυμήσεις,
1743 2858 1833 2905 καὶ
1880 2856 1948 2914 ὡς

345 2939 663 3010 περιϐλέπει,
716 2945 800 2991 καὶ
845 2940 1185 3014 παραϐλέπει,
1244 2947 1333 2993 καὶ
1362 2942 1421 2994 οὐ
1480 2949 1616 2995 ποιεῖ
1670 2940 1718 2993 έν
1771 2943 1949 3003 αὐτοῖς

346 3032 634 3093 κοινωνίαν,
690 3024 870 3085 ἐπειδὴ
924 3026 1074 3081 οὐδὲν
1124 3030 1398 3102 εὐάρεστον
1443 3037 1515 3098 τῷ
1556 3038 1669 3099 Θεῷ
1716 3029 1947 3101 λογίζον-

348 3130 455 3163 ται.
512 3112 715 3187 ’Ὡσπερ
775 3111 859 3165 ἑὰν
917 3113 1018 3167 ὦσι
1070 3113 1388 3187 πανδοχεία,
1439 3121 1529 3167 καὶ
1581 3124 1807 3190 πορνεῖα,
1861 3122 1949 3169 καὶ
1985 3139 2024 3193 C

347 3204 501 3252 τόποι
530 3201 658 3252 ὅπου
706 3201 917 3263 ἀταξὶαι
969 3208 1199 3273 γίνονται
1243 3208 1333 3255 καὶ
1364 3202 1587 3255 ἀσωτίαι
1619 3221 1631 3234 ’
1677 3205 1853 3257 λοιπόν
1902 3208 1950 3257 οἰ

350 3286 605 3348 θεοσεϐεῖς
662 3294 1045 3363 παρερχόμενοι
1098 3291 1156 3343 οὐ
1233 3287 1640 3362 βδελύσσονται,
1690 3297 1781 3344 καὶ
1839 3290 1950 3364 βλέ-

349 3396 528 3439 ποντες
583 3377 643 3429 οὗ
699 3376 977 3450 βλέπουσιν
1010 3396 1023 3444 ;
1054 3382 1121 3441 ὡς
1171 3381 1326 3451 νεκρὰ
1376 3382 1475 3453 γὰρ
1531 3380 1707 3442 αὐτοῖς
1763 3379 1902 3431 ἐστιν
1935 3401 1947 3413 ·

350 3465 486 3517 οὕτω
542 3468 685 3519 καὶὸ
727 3471 852 3528 Θεὸς
895 3470 978 3521 ἐπὶ
1016 3472 1137 3530 τούς
1183 3470 1658 3530 ἀποστατήσαντας
1714 3464 1808 3522 διὰ
1860 3476 1952 3520 τοῦ

348 3553 500 3625 λόγου
560 3556 741 3624 αὐτοῦ,
798 3561 887 3609 καὶ
944 3559 1044 3609 ἀπὸ
1089 3565 1184 3618 τῆς
1236 3556 1462 3624 ἐντολῆς,
1519 3557 1780 3611 ἐπιϐλέπει
1837 3562 1947 3631 μὲν,

340 3641 479 3694 ἀλλά
536 3644 855 3719 παραϐλέπει
904 3645 1113 3715 αὐτοὺς,
1172 3651 1260 3698 καὶ
1320 3646 1379 3699 οῦ
1436 3653 1575 3699 ποιεῖ
1625 3645 1727 3699 ἐκεῖ
1772 3667 1952 3699 κοινω-

349 3736 481 3797 νίαν,
514 3737 630 3786 οῦτε
656 3734 1044 3788 ὲπαναπαύεται
1091 3736 1163 3798 εἰς
1215 3738 1337 3799 τοὺς
1388 3736 1674 3809 λογισμοὺς
1724 3737 1893 3790 αὐτῶν
1924 3738 1950 3789 ό

350 3823 559 3892 Κύριος.

422 3927 492 3982 Γ’.
528 3929 913 4000 Ἐρώτησις.
958 3939 1092 3994 Πῶς
1127 3953 1231 3994 τις
1270 3928 1550 3985 δύναται
1586 3930 1751 3985 εἶναι
1788 3954 1948 3986 πτω-

348 4018 462 4084 χὸς
492 4025 573 4085 τῷ
597 4021 930 4088 πνεύματι,
956 4021 1250 4091 μάλιστα
1279 4023 1380 4073 ὅτε
1410 4021 1694 4092 αἰσθηθῇ
1729 4020 1786 4073 ἐν
1818 4021 1952 4074 ἑαυ-

350 4104 450 4172 τῷ,
481 4106 571 4155 ὅτι
596 4111 905 4176 μετετέθη
947 4114 1055 4161 καὶ
1084 4109 1423 4181 προέκοψε,
1456 4114 1565 4161 καὶ
1593 4109 1686 4170 εἰς
1715 4119 1951 4181 γνῶσιν

350 4197 459 4244 καὶ
491 4196 751 4246 σύνεσιν
784 4192 897 4253 ἧλθ
919 4216 997 4262 εν,
1042 4197 1111 4255 ἣν
1142 4200 1209 4249 τὸ
1240 4202 1559 4270 πρότερον
1590 4198 1701 4250 οῦκ
1729 4196 1949 4269 εἰχενς

422 4299 821 4373 Ἀπόκρισις.
873 4300 1006 4365 Ἐως
1034 4302 1094 4355 οὗ
1141 4306 1310 4355 ταῦτά
1344 4322 1425 4364 τις
1454 4310 1660 4369 κτᾶται,
1712 4308 1802 4356 καὶ
1829 4322 1951 4377 προ-

352 4392 552 4454 κόπτει,
599 4390 693 4441 οῦκ
744 4392 858 4443 ἔστι
908 4396 1120 4463 πτωχός
1168 4400 1239 4462 τῷ
1297 4395 1567 4464 πνεύματι,
1624 4391 1730 4443 ἀλλ’
1788 4394 1952 4444 οἴεται

352 4483 469 4551 περὶ
520 4477 741 4531 ἐαυτοῦ³
803 4484 921 4533 ὅταν
970 4478 1028 4533 δὲ
1075 4481 1195 4554 ἔλθῃ
1230 4482 1295 4542 εἰς
1344 4484 1538 4539 ταύτην
1591 4486 1683 4540 τὴν
1743 4484 1949 4533 σύνεσιν
1982 4504 2028 4558 D

352 4571 440 4617 καὶ
487 4572 580 4625 τὴν
638 4574 926 4641 προκοπὴν,
986 4571 1118 4628 αὕτη
1180 4573 1209 4629 ἠ
1269 4572 1434 4643 χάρις
1493 4568 1742 4623 διδάσκει
1794 4570 1949 4622 αὐτὸν

355 4651 481 4707 εἰναι
505 4662 719 4729 πτωχόν
745 4666 816 4726 τῷ
865 4663 1138 4729 πνεύματι,
1171 4665 1256 4713 τὸν
1289 4664 1410 4713 ὄντα
1464 4663 1581 4712 τινὰ
1626 4657 1831 4712 δίκαιον
1860 4664 1949 4711 καὶ

356 4743 583 4798 ἑκλεκτὸν
641 4751 788 4814 Θεοῦ,
855 4754 927 4821 μὴ
986 4752 1232 4821 ἡγεῖσθαί
1299 4769 1351 4801 τι
1408 4768 1588 4802 εαυτον
1642 4745 1789 4814 εἶναι,
1845 4748 1938 4800 ἀλλ

354 4832 493 4903 ἔχειν
544 4839 637 4892 τὴν
686 4834 872 4907 ψυχὴν
926 4838 1085 4890 αὐτοῦ
1134 4840 1319 4911 ἄτιμον
1349 4842 1437 4891 καὶ
1496 4834 1947 4909 έξουδενουμένην,

354 4920 423 4982 ὠς
446 4919 613 4993 μηδὲν
660 4921 841 4977 εἰδότα
864 4927 893 4984 ἦ
924 4929 1133 4997 ἔχοντα,
1185 4933 1355 4979 καίτοι
1403 4924 1579 4981 εἰδότα
1607 4932 1695 4979 καὶ
1734 4929 1946 4998 ἔχοντα.

350 5015 516 5062 Τοῦτο
548 5008 607 5062 δὲ
654 5014 721 5073 ὡς
750 5019 966 5084 φυσικόν
1018 5021 1107 5068 καὶ
1164 5020 1362 5074 πηκτόν
1408 5020 1605 5088 γίνεται
1656 5015 1739 5068 ἐπὶ
1770 5024 1840 5086 τῷ
1871 5020 1951 5067 νοῖ

348 5106 448 5149 τῶν
480 5096 779 5174 ἀνθρώπων.
829 5106 949 5172 Οῦχ
979 5105 1103 5175 ὁρᾷς
1129 5105 1153 5155 6
1182 5107 1465 5179 προπάτωρ
1519 5108 1663 5176 ἡμῶν
1696 5104 1940 5177 Ἀϐραὰμ

352 5188 418 5237 ὢν
449 5186 697 5255 ἐκλεκτὸς,
749 5197 847 5259 γῆν
896 5189 1072 5243 ἑαυτὸν
1104 5197 1193 5244 καὶ
1238 5191 1435 5246 σποδὸν
1485 5194 1719 5266 ὠνόμαζε
1750 5213 1766 5264 ;
1801 5199 1890 5246 καὶ
1921 5196 1946 5247 ό

353 5274 535 5340 Δαϐἱδ,
576 5281 823 5349 χρισθεὶς
852 5278 924 5341 εἰς
973 5277 1211 5352 βασιλέα,
1247 5285 1375 5334 Θεὸν
1406 5279 1519 5353 εἶχε
1569 5281 1681 5354 μεθ’
1720 5282 1902 5335 ἑαυτοῦ
1925 5314 1940 5327 ο

350 5371 439 5418 καὶ
465 5370 516 5417 τί
540 5366 713 5439 λέγει;
762 5368 1015 5431 Σκώληξ
1080 5368 1211 5441 εἰμί
1249 5375 1357 5422 καὶ
1398 5371 1515 5423 οὐκ
1581 5372 1944 5443 ἄνθρωπος,

354 5452 598 5517 ὄνειδος
635 5458 1002 5532 ἀνθρώπων,
1044 5463 1151 5510 καὶ
1209 5455 1624 5532 ἐξουδένωμα
1686 5460 1873 5516 λαῶν.

421 5561 494 5615 Δ’.
553 5566 618 5617 Οἱ
666 5561 754 5618 οὖν
808 5564 1031 5628 θέλοντες
1082 5568 1276 5620 τούτων
1321 5563 1450 5620 εἶναι
1505 5566 1940 5642 συγκληρονόμοι,

431 5707 479 5744 ¹⁸
507 5708 648 5766 Gen.
683 5725 843 5779 xvm,
876 5710 964 5767 27.

2068 1848 2406 1914 praeparata
2427 1848 2568 1897 erat.
2602 1842 2849 1897 Perinde
2863 1857 2932 1896 ac
2954 1841 3001 1895 si
3016 1842 3087 1895 sit
3112 1840 3409 1912 praedium
3425 1838 3723 1911 amplum,

2066 1931 2333 2002 illudque
2371 1930 2592 1986 multos
2640 1929 2859 1985 habeat
2888 1929 3134 1992 reditus,
3191 1929 3249 1983 in
3276 1944 3399 1999 quo
3433 1929 3505 1982 sit
3548 1928 3725 1983 vinea

2066 2020 2407 2083 fructuosa;
2450 2019 2688 2091 illicque
2727 2018 2846 2073 sint
2900 2017 3117 2073 fertiles
3147 2016 3296 2086 agri,
3330 2015 3446 2071 illic
3486 2031 3722 2085 greges,

2063 2108 2301 2181 illicque
2328 2124 2541 2163 aurum
2567 2118 2624 2164 et
2653 2110 2972 2176 argentum
3002 2122 3015 2161 :
3054 2106 3135 2161 ita
3163 2121 3273 2160 vas
3306 2104 3448 2159 Adae
3474 2109 3611 2160 ante
3636 2103 3724 2159 in-

2062 2198 2466 2254 obedientiam
2490 2200 2615 2253 erat
2637 2200 2925 2266 tanquam
2942 2194 3235 2267 praedium
3258 2193 3570 2265 quoddam
3592 2208 3723 2264 pre-

2061 2288 2302 2343 tiosum.
2336 2289 2551 2341 Verum
2580 2285 2685 2340 ubi
2712 2283 2917 2355 pravis
2947 2284 3304 2339 commentis
3333 2285 3388 2338 et
3414 2282 3720 2352 cogitatio-

2061 2375 2239 2432 nibus
2268 2391 2331 2431 se
2361 2374 2631 2443 involvit,
2662 2374 2836 2446 periit
2868 2389 2903 2428 a
2933 2373 3074 2427 Deo.

2131 2502 2197 2554 lI.
2247 2504 2373 2557 Non
2406 2504 2607 2555 tamen
2657 2498 2936 2567 dicimus,
2967 2495 3135 2569 quod
3168 2498 3329 2551 totus
3376 2493 3635 2566 perierit,
3664 2498 3722 2551 et

2058 2591 2383 2646 exstinctus
2405 2605 2475 2644 ac
2503 2592 2772 2644 mortuus
2797 2586 2872 2641 sit
2894 2604 2907 2642 :
2942 2602 2978 2641 a
3006 2590 3326 2656 conspectu
3348 2583 3451 2638 Dei
3471 2583 3720 2655 quidem

2058 2685 2330 2736 mortuus
2375 2682 2481 2743 est,
2530 2693 2640 2733 sua
2674 2680 2877 2733 autem
2904 2679 3121 2730 natura
3164 2673 3323 2729 vivit.
3359 2675 3505 2728 Ecce
3558 2672 3719 2727 enim

2059 2769 2373 2824 universus
2422 2766 2684 2822 mundus
2734 2763 3007 2820 ambulat
3059 2763 3120 2817 in
3166 2766 3344 2831 terra,
3396 2766 3450 2816 et
3478 2761 3720 2830 negotia

2056 2857 2286 2929 peragit
2315 2876 2328 2910 :
2362 2860 2421 2911 at
2452 2856 2663 2911 oculus
2683 2854 2783 2910 Dei
2814 2852 2978 2908 videt
3006 2852 3203 2922 ipsam
3234 2853 3494 2905 mentem
3526 2865 3596 2905 ac
3621 2864 3722 2903 co-

2057 2946 2396 3015 gitationes,
2447 2949 2503 2999 et
2532 2944 2705 3016 quasi
2752 2940 2994 3012 respicit
3021 2945 3078 2995 et
3118 2939 3388 3009 despicit,
3422 2953 3532 2993 nec
3580 2953 3719 2992 cum

2056 3035 2139 3090 eis
2171 3035 2353 3090 ullam
2386 3035 2725 3089 societatem
2760 3031 2868 3086 init
2894 3047 2908 3096 ;
2941 3028 3086 3101 quia
3113 3027 3259 3083 nihil
3285 3026 3452 3098 quod
3482 3030 3718 3095 gratum

2058 3124 2131 3178 sit
2180 3125 2297 3177 Deo
2341 3120 2802 3191 cogitationibus
2852 3118 3198 3175 moliuntur.
3249 3114 3495 3169 Perinde
3544 3129 3614 3169 ac
3671 3116 3718 3168 si

2059 3211 2176 3265 sint
2222 3210 2552 3265 diversoria
2597 3226 2667 3265 ac
2697 3208 3034 3280 lupanaria,
3068 3210 3126 3262 et
3172 3205 3326 3265 loca,
3377 3202 3475 3257 ubi
3513 3203 3718 3261 omnia

2058 3297 2470 3369 incompositis
2494 3297 2762 3353 moribus
2783 3312 2851 3351 ac
2883 3296 3350 3366 intemperanter
3377 3294 3667 3361 geruntur
3699 3307 3711 3346 :

2060 3390 2268 3458 postea
2297 3384 2344 3439 si
2374 3385 2633 3453 religiosi
2652 3384 2927 3440 homines
2958 3386 3284 3446 transeant,
3318 3394 3519 3435 nonne
3550 3394 3718 3435 exse-

2061 3474 2350 3530 crantur?
2390 3477 2448 3527 et
2477 3471 2744 3527 videntes
2779 3486 2900 3526 non
2926 3472 3167 3527 vident:
3201 3470 3365 3542 (sunt
3401 3467 3562 3524 enim
3598 3467 3713 3523 illis

2060 3562 2232 3636 quasi
2257 3566 2527 3618 mortua:
2556 3563 2575 3631 )
2608 3560 2691 3614 sic
2722 3561 2873 3614 Deus
2906 3559 3400 3615 aversosaverbo
3430 3573 3502 3614 ac
3536 3571 3715 3614 man-

2060 3652 2201 3708 dato
2232 3667 2341 3707 suo
2389 3650 2631 3722 respicit
2653 3646 2935 3722 quidem;
2990 3650 3250 3703 attamen
3281 3647 3535 3719 despicit
3587 3661 3713 3712 eos,

2061 3758 2169 3798 nec
2200 3758 2338 3797 cum
2377 3741 2462 3799 eis
2492 3739 2680 3795 ullum
2720 3734 3151 3794 commercium
3182 3734 3339 3801 colit,
3380 3750 3491 3792 nec
3519 3736 3719 3808 requi-

2058 3832 2203 3889 escit
2224 3832 2284 3887 in
2315 3828 2777 3901 cogitationibus
2807 3825 3044 3883 illorum
3084 3823 3394 3881 Dominus.

2129 3940 2218 3993 Ill.
2247 3937 2671 4007 Interrogatio.
2709 3933 3005 4000 Quomodo
3034 3932 3165 4002 quis
3185 3931 3379 4000 potest
3407 3944 3529 3986 esse
3565 3945 3713 3999 pau-

2059 4042 2167 4095 per
2190 4026 2429 4105 spiritu,
2453 4026 2711 4081 maxime
2732 4038 2865 4079 cum
2886 4020 3134 4077 senserit
3144 4018 3311 4089 apud
3325 4032 3406 4086 se,
3430 4033 3490 4074 se
3515 4023 3709 4075 trans-

2063 4118 2251 4172 latum
2271 4129 2391 4170 esse
2410 4129 2481 4169 ac
2488 4111 2830 4184 profecisse,
2855 4115 2909 4167 et
2930 4108 3319 4180 cognitionem
3342 4106 3712 4177 atqueintel—

2063 4202 2368 4272 ligentiam
2394 4206 2769 4258 consecutum
2796 4214 2935 4263 esse,
2967 4214 3086 4270 qua
3111 4202 3287 4253 antea
3312 4195 3553 4252 carebat
3578 4193 3606 4249 τ

2130 4309 2466 4378 Responsio.
2492 4306 2769 4373 Quandiu
2786 4306 2914 4361 haec
2930 4305 3066 4377 quis
3083 4302 3351 4375 possidet
3370 4306 3427 4359 et
3451 4300 3707 4373 proﬁcit,

2062 4402 2286 4452 nonest
2315 4411 2545 4468 pauper
2569 4395 2799 4465 spiritu,
2826 4393 2934 4449 sed
2956 4393 3029 4448 de
3047 4408 3110 4447 se
3130 4392 3264 4463 ipso
3280 4392 3364 4446 sic
3387 4390 3703 4462 opinatur:

2059 4486 2305 4559 quando
2330 4500 2470 4541 vero
2500 4483 2834 4555 pervenerit
2857 4482 2932 4539 ad
2962 4480 3142 4537 talem
3174 4480 3628 4550 intelligentiam
3654 4481 3710 4534 et

2061 4575 2412 4647 profectum,
2441 4574 2576 4645 ipsa
2599 4572 2790 4642 gratia
2815 4571 2988 4626 docet
3008 4586 3167 4637 eum,
3196 4569 3302 4641 qui
3330 4584 3393 4624 re
3417 4584 3552 4624 vera
3584 4567 3711 4639 qui-

2058 4665 2197 4720 dem
2221 4668 2417 4734 justus
2456 4666 2512 4718 et
2539 4660 2761 4717 electus
2794 4660 2891 4715 Dei
2922 4663 3029 4725 est,
3067 4674 3140 4713 ne
3187 4662 3354 4729 putet
3392 4672 3457 4712 se
3482 4652 3711 4728 aliquid

2059 4769 2210 4816 esse,
2252 4751 2356 4807 sed
2387 4752 2591 4807 animo
2631 4748 2726 4805 vili
2757 4752 2814 4805 et
2841 4748 3076 4821 abjecto
3104 4762 3166 4803 se
3205 4751 3391 4818 gerat,
3421 4748 3711 4817 tanquam

2060 4842 2202 4898 nihil
2231 4842 2425 4897 sciens
2458 4846 2559 4896 aut
2595 4840 2847 4903 habens,
2879 4837 3156 4910 quamvis
3188 4836 3335 4893 sciat
3366 4838 3423 4891 et
3460 4835 3706 4891 habeat.

2061 4934 2177 4987 Hoc
2205 4946 2348 4985 vero
2388 4934 2677 5000 tanquam
2716 4926 2989 4983 naturale
3040 4931 3097 4982 et
3126 4926 3375 4981 inﬁxum
3412 4924 3473 4979 in
3511 4927 3709 4980 mente

2058 5019 2377 5075 hominum
2420 5022 2523 5072 est.
2577 5017 2784 5072 Nonne
2810 5016 2999 5082 vides,
3035 5015 3300 5086 primum
3332 5018 3567 5085 patrem
3606 5028 3708 5069 no-

2059 5114 2245 5163 strum
2292 5106 2595 5161 Abraham
2642 5105 2710 5169 η,
2738 5121 2875 5159 cum
2906 5108 3060 5160 esset
3114 5102 3357 5166 electus,
3394 5106 3613 5158 terram
3653 5104 3710 5159 et

2059 5198 2317 5253 cinerem
2348 5211 2409 5249 se
2435 5194 2634 5265 ipsum
2665 5193 3015 5248 nominasse
3036 5193 3065 5248 ‘I
3096 5194 3161 5247 Et
3187 5190 3372 5247 David
3406 5195 3621 5246 unctus
3647 5190 3710 5247 in

2057 5300 2281 5354 regem,
2313 5286 2496 5339 Deum
2526 5281 2791 5338 habebat
2820 5296 3025 5336 secum
3044 5281 3114 5346 1°,
3148 5284 3203 5336 et
3230 5295 3373 5335 sane
3398 5279 3545 5351 quid
3574 5279 3654 5334 ait
3681 5274 3714 5333 τ

2069 5374 2290 5431 Vermis
2302 5388 2451 5441 sum,
2476 5376 2531 5428 et
2551 5387 2670 5426 non
2692 5370 2883 5435 homo,
2903 5367 3284 5441 opprobrium
3302 5367 3628 5432 hominum,
3648 5371 3706 5423 et

2057 5463 2310 5534 abjectio
2332 5461 2523 5533 plebis
2543 5460 2603 5515 ³ο.

2126 5571 2215 5626 IV.
2249 5569 2358 5636 Qui
2382 5567 2589 5626 volunt
2616 5566 2794 5640 igitur
2831 5580 2960 5623 esse
2991 5564 3211 5624 horum
3248 5559 3616 5627 cohmredes,
3646 5561 3704 5618 et

1038 5712 1133 5767 "I
1169 5712 1328 5769 Sam.
1361 5722 1479 5779 XVI,
1508 5712 1574 5769 13
1648 5712 1694 5753 ²ο
1720 5712 1873 5770 Psal.
1908 5726 2051 5779 nn,
2082 5714 2134 5771 7,
