4148 6262
395 286 502 342 559

1702 282 1763 336 S.
1804 282 1904 338 MA
1914 280 2107 338 GABII
2144 282 2455 339 IEGYPTII

3660 275 3767 343 560

397 416 556 469 cives
600 413 858 469 civitatis
885 413 1157 478 caalestis,
1190 416 1243 467 et
1296 425 1432 466 cum
1474 409 1556 465 eis
1590 408 1925 478 gloriﬁcari,
1967 408 2066 463 de-

2188 432 2266 477 ιιαὶ
2315 427 2633 499 συμπολῐται
2663 435 2754 487 τῆς
2793 427 2984 488 πόλεως
3027 436 3121 489 τῆς
3170 427 3496 501 ἐπουρανίου,
3533 434 3621 482 καὶ
3656 450 3773 482 συν-

393 503 538 558 bent
568 518 637 557 ac
679 502 1019 558 humilitate
1052 501 1239 557 animi
1272 515 1403 553 esse
1435 498 1649 563 ornati,
1697 504 1751 551 et
1791 512 1911 550 non
1945 496 2064 551 exi-

396 592 638 647 stimare
666 591 890 662 aliquid
920 591 979 646 in
1006 607 1069 645 se
1097 607 1248 654 esse,
1279 588 1385 643 sed
1411 604 1512 642 cor
1534 586 1855 642 contritum
1882 584 2064 639 habe-

395 696 479 735 re.
514 680 797 747 Quamvis
824 682 982 735 enim
1006 680 1202 750 gratia
1232 679 1290 733 in
1328 677 1580 745 singulis
1609 674 1954 730 Christianis
1983 674 2066 727 di-

398 769 736 824 versimode
780 775 1076 840 operetur,
1124 774 1177 823 et
1229 767 1468 822 diversa
1507 764 1780 819 membra
1820 762 2063 825 habeat,

398 874 609 913 omnes
659 862 857 912 tamen
913 863 1051 912 sunt
1103 856 1381 927 ejusdem
1434 854 1716 917 civitatis,
1780 852 1965 906 animi
2016 849 2071 905 et

398 946 637 1015 linguae,
682 963 741 1001 se
778 951 985 1001 mutuo
1027 950 1489 1015 cognoscentes.
1517 944 1676 997 Sicut
1724 944 1781 996 in
1823 956 2071 1012 corpore

401 1036 675 1091 membra
695 1041 833 1090 sunt
860 1036 1066 1099 multa,
1100 1051 1219 1089 una
1245 1038 1448 1121 autem
1477 1034 1533 1087 in
1562 1032 1847 1087 omnibus
1870 1031 2073 1084 anima

397 1125 513 1179 ista
546 1140 792 1179 movens
824 1141 832 1176 :
867 1124 949 1179 ita
981 1125 1233 1195 Spiritus
1268 1118 1423 1177 unus
1468 1126 1748 1192 operatur
1780 1120 1837 1173 in
1873 1118 2069 1173 omni-

400 1213 514 1268 bus
553 1213 981 1278 diversimode,
1031 1214 1303 1283 ejusdem
1363 1216 1563 1266 tamen
1615 1213 1750 1263 sunt
1799 1208 2073 1278 civitatis,

398 1302 667 1372 ejusdem
694 1302 985 1357 viaeJusti
1004 1304 1166 1356 enim
1186 1316 1396 1355 omnes
1428 1303 1750 1368 angustam
1776 1302 1832 1351 et
1850 1302 2074 1351 arctam

402 1392 562 1446 viam
640 1391 1050 1455 ambularunt,
1132 1391 1491 1443 sustinentes
1570 1386 2071 1457 persecutionem:

403 1480 809 1547 afﬂictionem,
837 1485 893 1534 et
921 1480 1334 1545 contumelias,
1354 1493 1425 1532 ac
1450 1478 1711 1531 viventes
1732 1477 1796 1529 in
1818 1475 2076 1543 pellibus

408 1569 695 1637 caprinis,
730 1572 785 1622 in
814 1570 1115 1638 speluncis
1135 1574 1185 1623 et
1212 1566 1485 1623 cavernis
1518 1570 1692 1620 terra
1713 1566 1773 1617 ³1.
1804 1563 2077 1618 Similiter

415 1663 469 1713 et
490 1658 741 1727 apostoli
777 1658 852 1711 ad
878 1658 1240 1727 hancusque
1271 1655 1483 1709 horam
1515 1653 1721 1707 dicunt
1748 1672 1759 1710 ε
1796 1653 1871 1707 Et
1896 1652 2075 1707 esuri-

2180 512 2505 577 δοξασθῆναι
2563 516 2759 580 αὐτοῖς,
2818 519 3009 573 ταύτην
3070 516 3333 587 ὀφείλουσι
3388 523 3481 576 τὴν
3541 538 3773 571 ταπεινο-

2179 608 2438 679 φροσύνην
2487 608 2647 676 ἔχειν,
2698 610 2786 656 καὶ
2830 610 2900 676 μὴ
2952 608 3152 657 οἴεσθαι
3197 608 3243 657 ἓν
3297 606 3499 668 ἑαυτοῖς
3545 606 3670 660 εἶναί
3700 628 3772 675 τι,

2182 694 2287 744 ἀλλ’
2337 697 2477 764 ἔχειν
2524 698 2958 765 συντετριμμένην
3005 702 3096 752 την
3149 691 3392 768 καρδίαν.
3447 698 3505 749 Εἰ
3552 700 3653 771 γὰρ
3686 701 3774 748 xui

2182 779 2443 855 διαφόρως
2523 783 2587 843 εἰς
2658 785 2875 835 ἕκαστον
2933 792 3032 835 τῶν
3111 791 3437 854 Χριστιανῶν
3495 785 3689 858 ἐνεργεῖ
3741 788 3772 843 ἡ

2180 874 2339 944 χάρις
2390 876 2479 923 καὶ
2530 869 2755 945 διάφορα
2806 875 2919 942 ἔχει
2970 872 3095 943 μέλη
3135 890 3145 901 ·
3199 875 3331 943 ὅμως
3384 871 3443 925 δε
3495 880 3620 945 μιᾶς
3672 874 3778 926 εἰσι

2182 960 2368 1022 πόλεως
2424 963 2472 1012 οἱ
2523 963 2728 1026 πάντες,
2784 961 3074 1033 όμόψυχοι,
3152 962 3490 1034 όμόγλωττοι,
3541 962 3779 1035 ἐπιγινώ-

2186 1069 2385 1109 σκοντες
2436 1048 2708 1111 ἀλλήλους.
2764 1057 2961 1125 Ὥσπερ
3020 1051 3144 1121 μελη
3196 1051 3358 1103 πολλά
3413 1051 3553 1104 ἐστιν
3597 1052 3644 1104 ἐν
3677 1058 3779 1105 σώ-

2184 1158 2329 1208 ματι,
2362 1143 2458 1209 μία
2486 1135 2542 1190 δὲ
2572 1138 2723 1209 ψυχὴ
2770 1138 2819 1189 ἐν
2845 1146 3007 1190 πᾶσιν
3049 1143 3078 1197 ἡ
3113 1148 3331 1192 κινοῦσα
3374 1148 3541 1193 ταῦτα
3569 1158 3581 1170 ’
3616 1142 3782 1201 οὕτως

2186 1228 2232 1279 ἓν
2277 1235 2478 1294 πνεῦμα
2531 1226 2721 1299 ἐνεργεῖ
2772 1226 2819 1278 ἐν
2870 1234 3001 1280 πᾶσι
3056 1225 3339 1303 διαφόρως,
3400 1236 3518 1301 μιᾶς
3576 1228 3637 1282 δέ
3680 1230 3783 1283 εἰσι

2185 1315 2394 1381 πόλεως,
2446 1323 2565 1387 μιᾶς
2593 1314 2720 1368 ὁδοῦ
2755 1338 2766 1348 ·
2814 1320 3000 1377 πάντες
3041 1321 3139 1389 γὰρ
3191 1320 3238 1369 οἱ
3293 1315 3492 1371 δίκαιοι
3522 1324 3614 1377 τὴν
3666 1338 3786 1372 στε-

2186 1408 2276 1460 νὴν
2332 1408 2420 1455 καὶ
2468 1404 2805 1476 τεθλιμμένην
2879 1402 3003 1457 ὁδὸν
3070 1403 3393 1471 διώδευσαν,
3452 1405 3782 1479 διωκόμενοι,

2187 1495 2741 1564 κακουχούμενοι,
2812 1491 3313 1566 ὀνειδιζόμενοι,
3382 1495 3438 1547 ἐν
3506 1497 3788 1567 αἰγείοις

2190 1578 2469 1655 δέρμασι
2513 1583 2769 1653 ζῶντες,
2814 1584 2870 1635 ἐν
2904 1585 3274 1650 σπηλαίοις,
3319 1584 3375 1636 ἐν
3415 1593 3557 1646 ταῖς
3597 1586 3789 1646 ὀπαῖς

2189 1677 2257 1727 τῆ
2280 1691 2301 1731 ς
2338 1678 2413 1740 γῆ
2436 1692 2474 1731 ς.
2514 1670 2735 1743 Ὁμοίως
2763 1676 2850 1723 καὶ
2873 1675 2921 1723 οἱ
2944 1672 3245 1737 ἀπόστολοι,
3273 1675 3362 1735 ἕως
3392 1683 3482 1735 τῆς
3505 1675 3626 1748 ἄρτι
3653 1676 3789 1749 ὧρας

406 1762 529 1800 mus
542 1747 915 1806 etsitimus,et
932 1746 1363 1807 nudisumus,et
1380 1743 1742 1798 contumeliis
1757 1742 2074 1809 afﬁcimur,

2190 1764 2339 1829 φασὶ,
2376 1765 2492 1811 Καὶ
2533 1769 2865 1831 πεινῶμεν,
2905 1766 3009 1812 καὶ
3061 1758 3375 1833 διψῶμεν,
3417 1767 3522 1814 xui
3558 1783 3791 1834 γυμνη-

409 1838 462 1890 et
474 1835 778 1889 instabiles
797 1834 920 1888 sine
934 1836 1070 1888 sede
1088 1833 1635 1895 vivimus.0uorum
1654 1830 1923 1884 nonnulli
1942 1832 2079 1883 sunt

412 1924 624 1993 capitis
655 1921 950 1993 supplicio
993 1920 1211 1984 affecti,
1245 1920 1497 1991 quidam
1530 1934 1671 1973 vero
1703 1919 1861 1972 cruci
1894 1917 2077 1987 afﬁxi,

414 2013 531 2085 45
583 2011 679 2066 alii
722 2026 863 2066 vero
914 2010 1093 2065 variis
1131 2010 1323 2064 modis
1375 2008 1597 2062 afﬂicti.
1649 2009 1899 2077 Insuper
1954 2008 2080 2077 ipse

429 2101 715 2157 Dominus
772 2098 1204 2171 prophetarum
1257 2103 1310 2152 et
1373 2096 1807 2167 apostolorum,
1861 2096 2080 2149 oblitus

412 2188 595 2261 quasi
622 2189 835 2242 divinae
861 2187 1085 2256 gloriae,
1111 2185 1421 2257 quomodo
1444 2185 1969 2240 conversatusest?
1988 2184 2081 2238 ille

421 2277 597 2332 nobis
642 2277 699 2330 in
727 2275 1069 2344 exemplum
1115 2274 1307 2329 factus
1328 2283 1384 2337 ²²,
1418 2289 1659 2327 summa
1699 2288 1835 2326 cum
1877 2277 2078 2327 contu-

421 2366 599 2421 melia
625 2380 912 2420 coronam
944 2366 1214 2435 spineam
1250 2364 1309 2417 in
1350 2362 1545 2434 capite
1577 2362 1850 2430 gestavit,
1882 2368 2079 2432 sputa:

410 2454 698 2526 colaphos
728 2458 784 2509 et
815 2469 1054 2508 crucem
1086 2452 1396 2508 sustinuit.

486 2562 551 2615 V.
595 2560 651 2614 Si
688 2562 839 2615 Deus
882 2560 941 2614 in
975 2558 1141 2615 terris
1184 2558 1267 2613 sic
1296 2561 1568 2614 versatus
1599 2561 1705 2622 est,
1741 2560 1907 2611 tuum
1946 2556 2076 2621 erit,

418 2652 482 2705 ut
530 2664 666 2703 eum
712 2648 996 2703 imiteris:
1049 2651 1106 2702 et
1147 2647 1194 2701 si
1235 2646 1485 2717 apostoli
1537 2661 1606 2701 ac
1650 2646 1956 2717 prophetae
1997 2646 2079 2701 sic

415 2737 745 2793 conversati
794 2742 950 2800 sunt,
1010 2752 1119 2791 nos
1182 2751 1445 2806 quoque,
1499 2736 1542 2789 si
1602 2735 1785 2790 modo
1826 2734 2078 2789 velimus

415 2825 811 2881 fundamento
838 2826 1068 2881 Domini
1084 2830 1140 2881 et
1160 2825 1570 2896 apostolorum
1587 2823 2075 2894 superaediﬁcari,

422 2931 524 2970 eos
558 2915 771 2969 imitari
804 2913 1120 2969 debemus.
1160 2914 1353 2984 lnquit
1402 2914 1560 2967 enim
1620 2913 1942 2982 Apostolus
1973 2929 2078 2983 per

420 3004 705 3075 Spiritum
737 3007 1050 3057 sanctum:
1085 3004 1422 3059 Imitatores
1456 3009 1636 3057 estote
1662 3003 1797 3067 mei,
1839 3004 1988 3057 sicut
2021 3008 2072 3056 et

2191 1851 2475 1919 τεύομεν,
2516 1854 2622 1900 καὶ
2686 1847 3166 1920 ὀνειδιζόμεθα,
3211 1857 3318 1903 xui
3360 1851 3789 1924 ἀστατοῦμεν.

2190 1936 2284 1987 Ὧν
2316 1938 2490 2007 οἱμὲν
2546 1936 3056 2003 ἀπεκεφαλίσθησαν,
3110 1942 3157 1991 οἱ
3208 1937 3266 1992 δὲ
3321 1940 3789 2015 ἐστραυρώθησαν,

2192 2025 2337 2076 ἄλλοι
2368 2022 2426 2077 δὲ
2476 2023 2741 2099 διαφόρως
2789 2027 3070 2084 ἐθλίϐησαν
3102 2050 3113 2061 ·
3157 2028 3315 2090 αὐτὸς
3364 2026 3472 2081 δεό
3526 2036 3794 2092 Δεσπότης

2193 2122 2465 2186 προφητῶν
2518 2135 2570 2166 τε
2646 2121 2733 2167 xui
2806 2115 3131 2182 ἀποστόλων,
3184 2120 3355 2190 ὥσπερ
3428 2118 3794 2191 ἐπιλαθόμενος

2193 2211 2285 2262 τῆς
2329 2204 2503 2264 θεῑκῆς
2544 2204 2717 2267 κόξης,
2761 2213 2869 2266 πῶς
2910 2202 3170 2258 διώδευσε
3203 2223 3216 2273 ;
3258 2210 3416 2267 τύπος
3452 2209 3575 2278 ἡμῖν
3615 2212 3790 2279 γιγνό-

2194 2310 2360 2361 μενος,
2405 2288 2497 2343 διὰ
2540 2292 2731 2365 ὕϐρεων
2774 2300 3018 2365 στέφανον
3071 2294 3341 2346 ἀκάνθινον
3383 2295 3467 2347 ἐπὶ
3514 2303 3609 2357 τῆς
3642 2315 3794 2368 κεφα-

2193 2378 2251 2436 λῆ
2264 2398 2285 2438 ς
2381 2379 2636 2452 ἐφόρεσεν,

2194 2472 2435 2541 σταυρόν,

2737 2381 3084 2454 ἐμπτύσματα
3158 2384 3380 2448 ὑπέστη,
3454 2384 3792 2457 ῥαπίσματα,

2266 2574 2337 2626 Ε’.
2373 2576 2429 2627 Εἰ
2460 2577 2484 2626 ό
2526 2579 2651 2637 Θεὸς
2702 2577 2861 2637 ούτως
2915 2574 3201 2630 διώδευσεν
3234 2578 3319 2630 ἐπὶ
3358 2600 3452 2642 της
3505 2590 3622 2651 γῆς,
3656 2580 3797 2653 ὀφεί-

2189 2663 2292 2725 λεις
2337 2669 2425 2715 καὶ
2477 2669 2541 2715 σὺ
2591 2670 2827 2737 μιμητὴς
2878 2667 3037 2718 αὑτοῦ
3088 2670 3329 2737 γενέσθαι
3363 2686 3374 2697 ⁸
3434 2674 3521 2721 καὶ
3570 2673 3619 2722 οἱ
3669 2669 3792 2723 ἀπό-

2192 2752 2363 2805 στολοι
2389 2758 2478 2804 καὶ
2534 2756 2582 2805 οἱ
2612 2763 2874 2827 προφῆται
2917 2756 3081 2817 οὕτως
3116 2753 3410 2808 διώδευσαν
3447 2776 3457 2786 ·
3495 2764 3581 2810 xui
3618 2762 3793 2831 ἡμεῖς,

2189 2842 2230 2893 εἰ
2264 2842 2464 2913 θέλομεν
2514 2851 2585 2912 τῷ
2638 2844 2848 2915 θεμελίῳ
2882 2853 2972 2896 τοῦ
3030 2850 3222 2918 Κυρίου
3280 2852 3369 2899 xui
3417 2857 3515 2898 τῶν
3568 2847 3789 2901 ἀποστό·

2186 2930 2283 2982 λων
2360 2929 2679 3004 ἔποικοδομη
2691 2936 2861 2999 θῆναι,

2960 2934 3221 3005 ὀφείλομεν

3319 2942 3547 3007 μιμηταὶ
3622 2937 3788 2989 αὐτῶν

2186 3022 2446 3090 γενέσθαι.
2482 3026 2633 3091 Λέγει
2684 3025 2780 3095 γὰρ
2816 3024 2839 3073 ό
2881 3023 3204 3085 Ἀπόστολος
3238 3026 3286 3075 ἓν
3320 3028 3581 3096 Πνεύματι
3635 3026 3791 3097 ἀγίῳ,

417 3107 522 3162 ego
556 3091 782 3147 Christi
812 3094 879 3145 ’³.
918 3091 1085 3157 Quod
1122 3091 1169 3145 si
1199 3090 1452 3161 gloriam
1486 3091 1800 3145 hominum
1830 3091 2069 3161 expetis,

2188 3117 2489 3182 Μιμηταί
2533 3132 2649 3183 μου
2691 3116 2981 3183 γίνεσθε,
3024 3116 3229 3174 καθὼς
3266 3114 3439 3186 κάγὼ
3480 3124 3790 3187 Χριστοῦ.

421 3185 473 3236 et
506 3180 742 3235 adorari
773 3180 959 3235 colive
1010 3181 1341 3245 desideras,
1371 3187 1549 3250 atque
1597 3180 1773 3235 vitam
1808 3179 2076 3250 volupta-

419 3271 569 3326 riam
620 3270 864 3340 quaeris,
902 3268 975 3323 de
1028 3269 1126 3325 via
1155 3270 1488 3324 declinasti.
1546 3271 1784 3340 Oportet
1833 3271 1991 3323 enim
2024 3275 2075 3323 te

422 3358 599 3414 simul
634 3358 897 3425 cruciﬁgi
932 3373 1070 3411 cum
1089 3358 1373 3412 cruciﬁxo
1405 3359 1471 3418 ³⁸,
1500 3358 1675 3411 simul
1701 3358 1815 3427 pati
1846 3374 1983 3412 cum
2006 3373 2076 3412 eo

419 3448 522 3518 qui
549 3462 765 3517 passus
800 3452 905 3511 est,
942 3449 1006 3499 ut
1036 3446 1114 3500 ita
1174 3445 1354 3499 simul
1405 3446 1749 3513 gloriﬁceris
1784 3462 1920 3500 cum
1955 3447 2075 3513 glo-

420 3536 669 3590 riﬁcato.
731 3538 976 3589 Necesse
1030 3535 1186 3589 enim
1259 3541 1366 3597 est,
1424 3551 1709 3605 sponsam
1767 3536 1889 3603 pati
1938 3551 2072 3589 cum

424 3638 669 3693 sponso,
704 3639 773 3676 ac
804 3623 885 3675 sic
913 3622 1142 3677 sociam
1188 3637 1256 3677 ac
1288 3622 1660 3677 cohaeredem
1692 3623 1899 3677 Christi
1926 3624 2069 3677 ﬁeri.

422 3715 549 3768 Non
604 3711 762 3765 enim
805 3711 1168 3775 conceditur,
1225 3711 1335 3765 nisi
1392 3727 1495 3783 per
1549 3710 1920 3776 aﬂlictiones,
1972 3727 2076 3782 per

422 3814 722 3871 asperam,
755 3804 1098 3869 angustam,
1123 3806 1468 3873 arctamque
1499 3801 1655 3856 viam
1677 3800 1905 3869 ingredi
1933 3802 2074 3856 civi-

425 3893 603 3945 tatem
628 3894 994 3952 sanctorum,
1025 3893 1080 3943 et
1133 3890 1503 3961 requiescere
1553 3905 1621 3945 ac
1653 3904 1904 3959 regnare
1937 3906 2074 3944 cum

422 3992 562 4048 rege
590 3978 651 4033 in
676 3978 909 4033 inﬁnita
942 3977 1185 4034 saecula.

498 4194 585 4247 Vl.
611 4192 1030 4262 Interrogatio.
1054 4191 1341 4258 Quoniam
1366 4193 1673 4262 propriam
1694 4166 1767 4249 ac
1799 4195 2078 4251 ca’testem

428 4281 747 4350 imaginem
774 4280 1036 4349 perdidit
1067 4282 1283 4345 Adam.
1314 4282 1523 4351 igitur,
1558 4285 1610 4337 si
1626 4284 1927 4350 particeps
1961 4283 2082 4350 fuit

429 4370 670 4425 caelestis
691 4369 989 4440 imaginis,
1017 4370 1229 4426 habuit
1252 4370 1540 4438 Spiritum
1564 4376 1833 4425 sanctum
1852 4369 1879 4423 ‘I

503 4584 844 4653 Responsio.
876 4581 1154 4647 Quandiu
1186 4579 1447 4634 Verbum
1494 4579 1589 4633 Dei
1622 4584 1747 4635 erat
1791 4597 1929 4636 cum
1962 4582 2081 4647 illo,

431 4672 695 4729 habebat
717 4672 942 4727 omnia.
971 4671 1175 4740 Ipsum
1198 4669 1355 4724 enim
1382 4668 1642 4723 Verbum
1678 4675 1799 4724 erat
1824 4671 1873 4724 ei
1905 4673 2083 4725 haere-

432 4762 608 4825 ditas,
643 4765 771 4815 erat
797 4759 1240 4824 indumentum,
1288 4762 1345 4810 et
1397 4756 1584 4826 gloria
1614 4774 1751 4812 eum
1783 4762 2079 4828 operiens,

430 4849 632 4918 ipsum
691 4854 817 4903 erat
847 4847 1138 4901 doctrina.
1194 4846 1339 4900 Data
1388 4847 1545 4901 enim
1580 4847 1631 4900 ei
1665 4854 1788 4903 erat
1820 4855 2081 4917 potestas

428 4936 783 4992 nominandi
799 4936 1003 4991 omnia
1028 4951 1039 4989 :
1060 4935 1173 4989 hoc
1188 4936 1543 4991 nominabat
1562 4937 1804 5003 emtum,
1833 4938 1973 4991 illud
1993 4954 2084 4993 so-

428 5024 545 5080 lem
573 5040 586 5089 ;
619 5022 1139 5087 hoclunam,illud
1164 5027 1380 5079 terram
1410 5043 1424 5092 ;
1452 5024 1565 5079 hoc
1590 5024 1908 5090 volucrem,
1936 5026 2079 5081 illud

424 5113 710 5178 belluam,
739 5112 883 5167 illud
898 5111 1175 5168 arborem
1212 5130 1224 5179 ;
1257 5113 1811 5177 utedocebatur,ita
1836 5132 2079 5188 quoque

426 5203 676 5259 nomina
705 5201 1021 5258 indiderat.

496 5310 609 5365 VII.
637 5309 1055 5379 Interrogatio.
1088 5310 1437 5367 Habebatne
1462 5325 1716 5377 sensum,
1750 5318 1801 5367 et
1830 5313 2074 5380 partici-

416 5400 720 5471 pationem
748 5399 1011 5469 Spiritus
1038 5399 1232 5456 sancti
1254 5400 1282 5454 τ

488 5509 830 5583 Responsio.
859 5508 1119 5566 Verbum
1144 5508 1345 5580 ipsum
1395 5507 1447 5563 ei
1479 5506 1817 5574 adhaerens,
1862 5514 1990 5568 erat
2018 5513 2068 5568 ei

486 5646 527 5680 ¹¹
567 5646 736 5701 Hebr.
770 5660 849 5710 ιι,
888 5648 972 5713 37,
1007 5644 1097 5701 38.
1176 5646 1222 5680 ³⁸
1249 5642 1448 5700 Matth.
1480 5657 1657 5708 xxvu,
1682 5644 1749 5698 28
1778 5646 1865 5700 29.

1944 5646 1990 5679 ³³
2024 5645 2205 5705 ICor.
2234 5663 2309 5715 1v,
2340 5648 2446 5715 tt;
2484 5662 2564 5715 XI,
2610 5652 2657 5705 l.

2190 3200 2247 3253 Εἰ
2296 3198 2354 3252 δὲ
2406 3200 2611 3272 ἀγαπᾷς
2668 3198 2827 3264 δόξας
2886 3202 3189 3275 ἀνθρώπων,
3241 3209 3329 3255 καὶ
3384 3209 3795 3277 προσκυνεῖσθαι

2191 3290 2366 3355 θέλεις,
2427 3296 2515 3341 καὶ
2565 3289 2859 3342 ἀνάπαυσιν
2915 3292 3110 3357 ζητεῖς,
3169 3291 3448 3367 ἐξετράπης
3499 3302 3595 3354 τῆς
3643 3292 3792 3351 ὁδοῦ.

2189 3382 2301 3451 Χρὴ
2343 3381 2443 3452 γάρ
2501 3398 2556 3430 σε
2608 3383 3051 3453 συσταυρωθῆναι
3106 3390 3176 3451 τῷ
3234 3385 3607 3455 σταυρωθέντι,
3666 3404 3797 3453 συμ-

2187 3469 2367 3518 παθεῖν
2398 3477 2467 3538 τῷ
2498 3470 2736 3534 παθόντι,
2788 3471 2869 3520 ἱνα
2902 3471 3065 3532 ούτως
3117 3467 3483 3543 συνδοξασθῇς
3524 3480 3595 3541 τῷ
3643 3470 3795 3536 δοξα-

2189 3558 2380 3607 σθέντι.
2462 3556 2689 3627 Ἀνάγκη
2746 3561 2845 3631 γὰρ
2922 3563 3019 3617 τὴν
3095 3562 3298 3632 νύμφην
3378 3564 3669 3633 συμπαθεῖν
3723 3570 3795 3633 τῷ

2186 3648 2410 3714 νυμφίῳ,
2444 3648 2534 3695 καὶ
2588 3645 2723 3696 οὕτω
2777 3650 3018 3717 γενέσθαι
3070 3652 3310 3700 κοινωνόν
3365 3655 3453 3702 xui
3511 3651 3791 3724 συγκληροι

2185 3736 2336 3803 νόμον
2388 3741 2641 3804 Χριστοῦ.
2686 3734 2796 3786 Ούκ
2848 3738 3075 3810 ἐγχωρεῖ
3115 3740 3216 3811 γὰρ
3272 3740 3391 3790 ἄνευ
3447 3742 3793 3812 παθημάτων,

2186 3826 2271 3871 xui
2333 3830 2428 3881 τῆς
2473 3828 2726 3893 τραχείας
2772 3829 2861 3876 καὶ
2914 3834 3093 3887 στενῆς
3140 3832 3229 3879 καὶ
3273 3827 3613 3901 τεθλιμμένης
3664 3827 3795 3882 ὁδοῦ

2187 3909 2431 3962 εἰσελθεῖν
2488 3931 2600 3963 τινα
2658 3912 2729 3974 εἰς
2784 3918 2876 3972 τὴν
2925 3916 3074 3966 πόλιν
3132 3924 3231 3967 τῶν
3286 3917 3470 3988 ἁγίων,
3530 3922 3618 3970 καὶ
3671 3917 3795 3971 ἀνα-

2188 4007 2405 4063 παῆναι,
2437 4005 2526 4052 καὶ
2558 4000 2979 4072 συμϐασιλεῦσαι
3030 4012 3101 4075 τῷ
3135 4003 3346 4077 βασιλεῖ
3397 4007 3467 4069 εἰς
3497 4011 3621 4068 τοὺς
3668 4011 3795 4061 ἀπε-

2190 4090 2408 4161 ράντους
2438 4089 2643 4151 αἰῶνας.

2265 4194 2332 4259 ς’.
2392 4196 2769 4270 Ἐρώτησις.
2842 4197 3098 4258 Ἐπειδὴ
3166 4202 3264 4253 ὅτι
3304 4206 3411 4253 καὶ
3464 4207 3575 4260 τὸν
3619 4199 3793 4256 ἰδίαν

2194 4284 2410 4337 εἰκόνα
2447 4291 2553 4338 καὶ
2592 4292 2702 4345 τὴν
2743 4288 3125 4360 ἐπουράνιον
3159 4288 3479 4342 ἀπώλεσεν
3511 4293 3535 4343 6
3566 4290 3791 4364 Ἀδὰμ,

2195 4373 2423 4425 οῦκοῦν
2455 4375 2505 4426 εὶ
2536 4374 2921 4433 ἐκοινώνησε
2955 4386 3024 4448 τῇ
3069 4378 3270 4429 εἰκόνι
3305 4386 3375 4449 τῇ
3407 4377 3790 4454 ἐπουρανίῳ,

2118 4466 2161 4519 D
2196 4458 2334 4532 εἶχε
2374 4468 2619 4533 Πνεῦμα
2656 4463 2840 4534 ἅγιον
2888 4483 2900 4530 ;

2266 4583 2663 4658 Ἀπόκρισις.
2728 4585 2853 4646 Ἕως
2906 4588 3041 4638 ὄτεό
3096 4591 3263 4657 Λόγος
3302 4594 3393 4639 τοῦ
3443 4596 3575 4641 Θεοῦ
3631 4599 3790 4648 συνῆν

2194 4673 2353 4743 αὐτῷ,
2401 4678 2489 4725 καὶ
2521 4676 2549 4731 ἡ
2586 4674 2780 4737 ἐντολὴ,
2813 4674 2925 4745 εἶχε
2970 4677 3140 4727 πάντα
3176 4695 3185 4707 ·
3232 4676 3382 4736 αὐτὸς
3436 4680 3535 4751 γὰρ
3570 4680 3594 4729 ό
3624 4684 3792 4751 Λόγος

2196 4759 2255 4819 ἦν
2308 4762 2447 4831 αύτῷ
2499 4762 2836 4834 κληρονομία,
2888 4764 3038 4823 αὐτὸς
3097 4761 3294 4837 ἔνδυμα
3347 4772 3435 4818 καὶ
3491 4764 3623 4830 δόξα
3680 4775 3794 4822 σκέ-

2195 4869 2369 4901 πουσα
2397 4850 2570 4911 αὐτόν,
2606 4852 2760 4911 αὐτὸς
2811 4850 3160 4909 διδασκαλία.
3200 4854 3490 4907 ’Υπετίθετο
3521 4860 3621 4929 γὰρ
3655 4858 3790 4929 αύτῷ

2194 4939 2408 4990 καλέσαι
2485 4942 2671 5004 πάντα,
2750 4950 2902 4994 τοῦτο
2954 4939 3060 4995 εἷπε
3114 4944 3350 5017 οὐρανόν,
3411 4954 3563 4997 τοῦτο
3625 4947 3787 5013 ἣλιον,

2195 5035 2347 5079 τοῦτο
2404 5028 2639 5095 σελήνην,
2684 5039 2832 5083 τοῦτο
2864 5041 2983 5102 γῆν,
3032 5040 3183 5084 τοῦτο
3232 5038 3447 5098 πτηνὸν,
3501 5043 3653 5087 τοῦτο
3702 5038 3789 5093 θη-

2193 5122 2322 5191 ρίον,
2380 5126 2530 5169 τοῦτο
2584 5115 2819 5193 δένδρον,
2869 5122 3037 5181 καθώς
3087 5117 3424 5186 ἐδιδάσκετο,
3485 5124 3649 5185 οὕτως
3703 5127 3790 5175 καὶ

2196 5206 2356 5277 ἔλεγεν
2367 5250 2377 5261 ,

2263 5315 2332 5367 Ζ’.
2373 5315 2737 5385 Ἐρώτησις.
2784 5319 3105 5374 Αἶσθησιν
3148 5313 3285 5388 εἶχε
3314 5321 3422 5368 καὶ
3452 5323 3790 5370 κοινωνίαν

2191 5414 2298 5455 τοῦ
2344 5410 2759 5475 Πνε·)ματος;

2259 5512 2659 5584 Ἀπόκρισις.
2739 5513 2904 5574 Αὐτός
2957 5515 2981 5566 6
3038 5516 3203 5584 Λόγος
3257 5517 3446 5579 συνὼν,
3505 5515 3675 5567 πάντα
3731 5510 3790 5573 ἦν

2736 5649 2784 5685 ²⁴
2808 5651 2975 5708 Rom.
3008 5664 3129 5715 vui,
3166 5652 3253 5705 t7.
