4148 6262
284 270 386 327 561

1550 265 1895 323 HOMILLE.
1932 295 2000 307 —
2041 266 2220 322 HOM.
2261 266 2381 322 XII.

3564 267 3672 325 562

284 395 450 466 αὐτῷ,
494 397 594 448 εἴτε
630 404 839 466 γνῶσις,
883 398 980 449 εἴτε
1024 394 1359 467 κληρονομία,
1401 394 1498 445 εἴτε
1541 388 1866 444 διδασκαλία

2007 391 2232 459 omnia,
2254 396 2309 447 et
2343 391 2623 461 cognitio,
2648 394 2705 447 et
2721 405 2958 455 sensus,
2979 395 3034 446 et
3061 389 3401 456 haereditas,
3425 396 3481 447 et
3493 392 3666 448 disci-

287 490 386 538 Kui
444 485 678 546 Ἰωάννης
724 491 775 537 τί
827 486 963 557 λέγει
1012 489 1130 557 περὶ
1173 492 1264 536 τοῦ
1305 487 1518 554 Λόγου;
1570 482 1658 533 Ἐν
1716 483 1884 552 ἀρχῇ

288 571 355 646 ᾖν
395 576 420 626 6
464 579 655 644 Λόγος
682 596 694 608 ·
728 578 852 649 ὁρᾷς
882 577 962 627 ὅτι
1013 575 1037 625 ὁ
1072 579 1241 645 Λόγος
1287 574 1456 624 πάντα
1484 572 1566 629 ἧν.
1602 570 1659 623 Εἰ
1696 567 1753 622 δὲ
1802 580 1890 628 καὶ

282 663 463 726 ἔξωθεν
529 673 687 723 συνῆν
744 665 883 733 αὐτῷ
935 660 1084 728 δόξα,
1156 663 1213 715 ού
1273 658 1742 731 σκανδαλιζώμεθα
1807 662 1889 716 ἐπὶ

284 756 471 823 τούτῳ,
532 756 761 826 καὶγὰρ
820 754 954 824 λέγει
1006 755 1084 805 ὅτι
1127 757 1360 824 γυμνοὶ
1421 748 1605 813 ἦσαν,
1662 754 1750 800 καὶ
1797 748 1891 800 ούκ

286 841 491 894 ἔϐλεπον
544 840 814 908 ἀλλήλους,
874 848 963 894 καὶ
1018 845 1147 914 μετὰ
1198 847 1256 894 τὸ
1309 839 1619 915 παραϐῆσαι
1668 842 1761 896 τὴν
1819 840 1890 889 ἓν·

284 931 456 998 τολην,
504 935 619 983 τότε
668 928 805 984 εἶδον
853 933 1039 993 αύτούς
1085 934 1335 1003 γυμνοὺς,
1381 934 1469 981 καὶ
1517 930 1887 1002 ᾐσχύνθησαν-

350 1126 430 1181 Η¹.
494 1127 872 1201 Ἐρώτησις.
934 1128 1189 1180 Οὐκοῦν
1255 1130 1375 1199 πρὸ
1441 1128 1669 1177 τούτου
1738 1120 1889 1181 ἦσαν

275 1215 423 1268 ἀντὶ
480 1216 919 1289 περιϐολαίου
960 1214 1392 1288 ἐνδεδυμένοι
1441 1212 1635 1276 δόξαν
1686 1223 1884 1282 Θεοῦ;

354 1304 767 1377 Ἀπόκρισις,
824 1306 912 1368 Ὡς
969 1309 1051 1358 ἐπὶ
1103 1314 1199 1357 τῶν
1248 1312 1523 1376 προφητῶν
1584 1306 1787 1377 ἐνήργει
1836 1313 1880 1355 τ’

278 1400 483 1466 Πνεῦμα
525 1398 614 1445 καὶ
657 1391 938 1447 ἐδίδασκεν
985 1395 1186 1456 αὐτοὺς,
1236 1398 1322 1445 καὶ
1364 1394 1551 1445 ἔσωθεν
1584 1392 1750 1444 αὐτῶν
1796 1389 1886 1451 ἧνὸ

282 1487 369 1535 καὶ
420 1483 597 1545 ἔξωθεν
658 1484 835 1545 αὐτοῖς
893 1488 1272 1556 παρεφαίνετο’
1330 1482 1464 1533 οὕτω
1527 1486 1616 1533 καὶ
1670 1482 1741 1543 εἰς
1802 1486 1882 1549 τὸ,

270 1568 454 1642 Ἀδὰμ
502 1574 582 1623 ὅτε
620 1572 767 1629 ἤθελε
813 1575 870 1623 τὸ
920 1579 1127 1643 Πνεῦμα
1176 1574 1268 1623 σὺν
1318 1570 1456 1639 αύτῷ
1502 1567 1581 1634 ἧν,
1638 1575 1724 1622 xui
1776 1568 1885 1622 ἑδίν

273 1657 440 1712 δασκε
480 1665 568 1711 καὶ
608 1662 896 1726 ὑπετίθετο,
942 1661 1157 1720 Οὕτως
1197 1660 1333 1711 εἰπὲ
1369 1664 1479 1710 καὶ
1518 1659 1676 1729 λέγε.
1711 1662 1885 1711 Πάντα

269 1752 369 1821 γὰρ
442 1745 498 1807 ἦν
556 1750 580 1799 6
652 1754 818 1820 Λόγος
876 1750 1039 1819 αὐτῷ,
1111 1753 1200 1800 καὶ
1267 1750 1355 1808 ἕως
1432 1748 1513 1799 ὅτε
1567 1748 1758 1818 ἐνέμενε
1816 1746 1878 1820 τῇ

272 1837 470 1908 ἐντολῇ,
528 1837 665 1908 φίλος
734 1834 794 1895 ἧν
855 1845 1010 1891 Θεοῦ.
1075 1843 1176 1890 Καὶ
1234 1841 1285 1888 τί
1344 1839 1669 1907 θαυμαστὸν,
1739 1836 1781 1888 εἰ
1834 1835 1881 1887 ἐν

272 1929 479 1987 τούτοις
524 1930 611 1987 ὧν,
657 1925 855 2001 παρέϐη
913 1931 1001 1984 τὴν
1051 1926 1303 1991 ἑντολήν;
1353 1926 1502 1976 ὁπότε
1549 1929 1636 1976 xui
1688 1927 1736 1977 οἱ
1792 1945 1882 1977 πε-

268 2014 593 2087 πληρωμένοι
645 2019 940 2087 Πνεύματος
994 2016 1169 2085 ἁγίου,
1203 2017 1395 2085 ἔχουσι
1446 2017 1568 2075 τοὺς
1626 2018 1881 2083 φυσικούς

271 2103 576 2176 λογισμούς,
651 2109 741 2156 καὶ
810 2108 997 2175 ἔχουσι
1067 2104 1263 2175 θέλημα
1328 2110 1420 2155 τοῦ
1492 2111 1876 2175 συμφωνῆσαι;

262 2195 440 2253 Οὕτως
491 2198 579 2245 καὶ
626 2194 777 2253 αὐτὸς
828 2198 990 2245 συνὼν
1035 2202 1105 2263 τῷ
1149 2200 1261 2262 Θεῷ
1312 2196 1359 2244 ἓν
1411 2189 1738 2265 παραδείσῳ,
1787 2191 1879 2264 ἀφ-

260 2277 444 2333 έαυτοῦ
502 2279 621 2353 ἰδίῳ
680 2282 928 2354 θελήματι
980 2282 1203 2356 παρέϐη,
1264 2286 1351 2334 καὶ
1413 2283 1683 2339 ὑπήκουσε
1734 2286 1878 2355 μέρει

256 2380 465 2443 πονηρῷ
490 2392 501 2404 ·
560 2371 692 2430 πλὴν
742 2376 987 2443 καὶμετά
1030 2376 1119 2429 τὴν
1162 2370 1456 2445 παράϐασιν
1484 2373 1610 2442 ἔσχε
1656 2379 1872 2441 γνῶσιν.

334 2566 414 2619 Θ’·
454 2568 550 2641 Ἐρ
574 2572 841 2629 ὠτησις.
882 2566 1177 2631 Ὁποίανς

330 2673 734 2747 Ἀπόκρισις.
783 2673 983 2748 Ὠσπερ
1037 2676 1157 2726 ὅταν
1214 2672 1485 2744 συλληφθῇ
1540 2671 1736 2743 λῃστὴς
1804 2669 1877 2731 εἰς

257 2758 624 2836 δικαστήριον,
688 2770 776 2817 καὶ
828 2766 1053 2836 οἰρχεται
1113 2764 1399 2836 κρίνεσθαι,
1459 2762 1593 2831 λέγει
1645 2760 1789 2829 αύτῷ
1849 2760 1874 2809 6

255 2852 626 2924 ἄρχων,“οτε
688 2851 930 2914 ἐποίεις
988 2855 1062 2903 τὰ
1101 2854 1284 2917 κακὰ,
1345 2851 1461 2902 οὐκ
1501 2845 1708 2922 ᾔδεις,
1770 2849 1875 2898 ὅτι

258 2939 718 3009 συλληφθῆναι
758 2943 939 3011 ἔχεις
978 2946 1085 2992 καὶ
1126 2940 1472 2992 ἀποθανεῖν
1506 2956 1518 3004 ;
1555 2939 1778 2997 Ἐκεῖνος
1814 2935 1872 2987 ού

254 3026 421 3096 τολμᾲ
444 3028 599 3078 εἰπεῖν
622 3029 703 3079 ὅτι
730 3029 838 3080 Ούκ
860 3027 1008 3101 ᾔδειν
1038 3047 1049 3058 ·
1076 3026 1187 3081 οἶδε
1210 3030 1330 3100 γὰρ,
1355 3032 1443 3079 καὶ
1468 3029 1870 3100 τιμωρούμενος,

2004 479 2187 550 plina.
2241 481 2541 545 Quidnam
2597 480 2756 536 enim
2809 482 3071 535 Joannes
3103 481 3295 551 inquit
3325 481 3398 535 de
3434 482 3658 537 Verbo:

2001 569 2073 623 In
2100 571 2396 639 principio
2427 578 2555 627 erat
2594 571 2845 626 Verbum
2872 572 2942 625 ’⁵.
2973 570 3166 635 Vides,
3200 570 3364 642 quod
3401 572 3657 625 Verbum

2000 660 2206 715 omnia
2244 668 2385 714 erat.
2417 660 2586 725 Quod
2615 660 2661 713 si
2694 661 3059 715 extrinsecus
3090 660 3140 713 ei
3169 659 3657 727 adhmrebatglo-

2000 747 2107 811 ria,
2144 764 2216 825 ne
2273 748 2653 804 offendamur
2699 754 3034 821 propterea,
3088 748 3232 819 quia
3262 748 3403 803 dicit
3436 767 3447 778 ο
3487 750 3655 816 Quod

2000 837 2401 906 nudifuerint
2433 840 2502 902 ³⁸,
2540 853 2646 892 nec
2695 854 2755 892 se
2804 844 3011 892 mutuo
3064 836 3373 899 videbant,
3431 842 3492 892 at
3526 842 3664 908 post

2003 927 2540 995 transgressionem
2573 925 2866 991 mandati,
2899 930 3040 980 tunc
3091 942 3151 981 se
3181 926 3378 980 nudos
3408 942 3660 998 perspe-

2000 1018 2233 1077 xerunt,
2268 1031 2336 1071 ac
2373 1016 2601 1085 pudore
2635 1014 2841 1069 suffusi
2878 1020 3037 1069 sunt.

2074 1121 2206 1175 VIII.
2238 1122 2657 1191 Interrogatio.
2694 1122 2857 1190 Ergo
2889 1126 3067 1177 antea
3114 1127 3286 1177 erant
3335 1122 3459 1177 loco
3489 1120 3664 1175 indu-

2002 1210 2188 1263 menti
2214 1210 2415 1265 induti
2443 1212 2642 1280 gloria
2692 1211 2841 1266 Dei?

2074 1317 2410 1385 Responsio.
2466 1316 2992 1381 Quemadmodum
3018 1315 3079 1370 in
3108 1316 3415 1387 prophetis
3449 1332 3665 1387 opera-

1998 1402 2178 1458 batur
2211 1407 2477 1473 Spiritus,
2508 1412 2561 1460 et
2591 1404 2847 1460 docebat
2876 1421 2997 1470 eos,
3029 1410 3082 1459 et
3114 1406 3268 1460 intra
3295 1421 3396 1459 eos
3429 1409 3574 1469 erat,
3605 1408 3661 1460 et

1997 1497 2163 1547 extra
2185 1509 2285 1548 eos
2317 1494 2669 1565 apparebat,
2701 1495 2781 1548 sic
2801 1510 3044 1565 quoque
3078 1494 3137 1548 in
3170 1493 3387 1558 Adam,
3411 1493 3659 1565 quando

1997 1580 2235 1636 volebat
2258 1582 2528 1651 Spiritus,
2563 1598 2701 1637 cum
2734 1598 2806 1637 eo
2849 1588 2994 1646 erat,
3028 1588 3084 1636 et
3123 1581 3377 1636 docebat
3403 1597 3471 1636 ac
3507 1596 3661 1652 prae-

1998 1670 2286 1739 cipiebat:
2328 1672 2422 1726 Sic
2451 1672 2714 1733 nomina,
2748 1670 2832 1726 sic
2862 1671 3124 1739 appella.
3172 1670 3423 1725 Verbum
3460 1670 3510 1725 ei
3530 1675 3657 1725 erat

1923 1746 1966 1800 Β
1996 1760 2222 1823 omnia,
2248 1766 2304 1813 et
2330 1760 2486 1814 intra
2504 1760 2859 1815 mandatum
2885 1759 3270 1823 subsistebat,
3298 1764 3500 1827 gratus
3532 1765 3659 1815 erat

1995 1846 2130 1901 Deo.
2169 1851 2232 1901 Et
2274 1865 2418 1903 sane
2451 1849 2595 1919 quid
2631 1850 2868 1914 mirum,
2914 1850 3076 1920 quod
3134 1849 3247 1903 hoc
3274 1849 3334 1902 in
3369 1853 3529 1903 statu
3551 1848 3657 1902 de-

1994 1950 2162 2003 gens,
2193 1942 2608 2005 transgressus
2671 1936 2787 2008 46
2821 1937 2893 1991 sit
2926 1937 3302 2004 mandatum,
3337 1953 3476 1991 cum
3510 1943 3563 1991 et
3590 1937 3651 2002 ii,

1991 2026 2093 2095 qui
2128 2026 2332 2095 repleti
2361 2030 2496 2081 sunt
2549 2026 2769 2096 Spiritu
2820 2032 3051 2089 sancto,
3085 2025 3461 2081 naturalibus
3492 2025 3651 2094 cogi-

1992 2111 2321 2167 tationibus
2354 2114 2629 2184 occupati
2665 2115 2801 2178 sint,
2849 2114 3230 2184 habeantque
3263 2113 3648 2178 voluntatem,

1988 2216 2123 2271 quae
2156 2201 2269 2255 illis
2298 2202 2632 2257 consentiat
2661 2204 2788 2257 :.ita
2820 2218 3062 2273 quoque
3104 2201 3230 2271 ipse
3268 2202 3480 2265 Adam,
3512 2218 3649 2256 cum

1988 2296 2142 2344 esset
2173 2306 2309 2345 cum
2340 2293 2457 2346 Deo
2488 2291 2544 2344 in
2576 2289 2878 2360 paradiso,
2908 2290 3035 2360 ipse
3067 2306 3177 2345 sua
3209 2294 3419 2360 sponte
3453 2296 3648 2344 trans-

1988 2392 2225 2447 gressus
2282 2384 2389 2444 est,
2441 2382 2495 2433 et
2547 2378 2983 2449 obtemperavit
3028 2377 3179 2449 parti
3222 2378 3536 2433 deteriori:
3589 2381 3648 2433 at

1985 2472 2120 2537 post
2150 2467 2657 2534 trangressionem
2690 2467 2899 2523 habuit
2929 2467 3353 2537 cognitionem.

2059 2575 2140 2629 1x.
2176 2575 2597 2643 Interrogatio.
2636 2574 2881 2641 Qualem
2905 2572 2933 2627 ‘t

2061 2682 2392 2748 Responsio.
2430 2680 2673 2735 Perinde
2728 2697 2797 2735 ac
2830 2680 2876 2733 si
2922 2680 3170 2752 quando
3230 2680 3383 2734 latro
3438 2679 3646 2751 depre-

1985 2768 2204 2822 hensus
2232 2769 2306 2823 ad
2331 2769 2692 2839 supplicium
2742 2769 2988 2838 rapitur,
3022 2774 3075 2823 et
3109 2768 3374 2823 accusari
3414 2767 3643 2838 incipit,

1979 2857 2162 2927 judex
2185 2860 2235 2911 ei
2257 2858 2432 2912 dicit:
2465 2858 2613 2913 Cum
2672 2858 3061 2913 committeres
3108 2858 3293 2922 mala,
3351 2856 3645 2926 numquid

1984 2945 2381 3016 sciebas,quod
2393 2945 2833 3013 comprehensus
2850 2945 3057 3014 capitis
3068 2961 3237 3015 paena
3251 2945 3420 3013 afﬁci
3426 2944 3646 3015 possis?

1987 3033 2084 3087 Ille
2116 3049 2232 3087 non
2270 3033 2692 3087 audetdicere:
2734 3036 2857 3087 Non
2888 3033 3169 3087 sciebam.
3203 3033 3639 3097 Sciebatenim,

253 3116 423 3166 πάντα
498 3120 827 3188 μνημονεύων
890 3118 1290 3190 ἐξομολογεῖται.
1360 3120 1460 3168 Καὶ
1528 3117 1551 3165 ὁ
1614 3117 1866 3188 πορνεύων

1985 3126 2042 3175 et
2072 3121 2365 3192 supplicio
2383 3121 2529 3175 dum
2549 3120 2821 3185 afﬁcitur,
2852 3120 3059 3176 omnia
3080 3121 3139 3174 in
3174 3120 3528 3174 memoriam
3557 3135 3643 3175 re-

250 3204 346 3255 ούκ
372 3201 510 3256 οἶδεν
558 3208 638 3256 ὅτι
682 3215 860 3268 κακῶς
888 3214 1061 3272 ποιεῖ;
1105 3211 1192 3257 καὶ
1223 3207 1247 3256 6
1287 3205 1536 3269 κλέπτων,
1589 3204 1681 3256 ούκ
1726 3202 1871 3258 οἶδεν

250 3294 331 3344 ὅτι
391 3294 710 3366 ἁμαρτάνει;
775 3295 937 3357 οὕτως
992 3300 1078 3346 καὶ
1128 3296 1246 3346 ἄνευ
1296 3300 1530 3365 Γραφῶν,
1582 3296 1630 3345 οἱ
1676 3295 1871 3365 ἅνθρω-

252 3400 344 3433 ποι
377 3381 476 3434 ἀπὸ
526 3391 617 3435 τοῦ
652 3392 878 3455 φυσικοῦ
924 3384 1204 3454 λογισμοῦ,
1262 3383 1355 3435 ούκ
1388 3380 1598 3434 οἴδασιν
1630 3383 1709 3434 ὅτι
1753 3387 1871 3446 Θεὸς

251 3468 424 3536 ἆστινς
460 3471 517 3523 ού
570 3468 819 3525 δύνανται
867 3476 915 3525 ἓν
964 3481 1025 3545 τῇ
1083 3475 1253 3546 ἡμέρα
1292 3472 1453 3543 ἐκείνῃ
1505 3472 1683 3536 εἰπεῖν,
1736 3472 1868 3523 Οὐκ

248 3556 522 3631 ᾔδειμεν
563 3562 658 3612 ὅτι
701 3565 865 3622 Θεὸς
904 3558 974 3613 εἷ.
1014 3566 1166 3632 Λέγει
1207 3564 1304 3633 γὰρ
1347 3561 1521 3621 αὐτοῖς
1560 3563 1651 3622 τας
1690 3581 1865 3632 γιγνο-

248 3652 402 3718 μένας
463 3648 516 3699 Ex
566 3658 657 3702 τοῦ
707 3654 927 3724 ούρανοῦ
979 3649 1220 3723 βροντὰς,
1278 3656 1367 3702 καὶ
1424 3649 1715 3724 ἀστραπὰς,
1770 3651 1864 3702 ούκ

254 3733 434 3789 οἴδατε
493 3739 572 3789 ὅτι
635 3738 744 3790 ἐστὶ
793 3743 917 3799 Θεὸς
958 3736 1171 3790 διοικῶν
1230 3744 1323 3797 τὴν
1377 3744 1597 3805 κτίσιν;
1658 3743 1719 3791 Τί
1774 3739 1861 3791 οὖν

245 3825 468 3895 ἔκραζον
511 3828 558 3877 οἱ
605 3824 888 3898 δαίμονες·
926 3831 997 3878 Σὺ
1054 3825 1110 3879 εἰ
1161 3829 1308 3887 Υἱὸς
1370 3833 1554 3892 Θεοῦ,
1621 3831 1681 3878 τί
1743 3831 1860 3901 πρὸ

248 3920 482 3985 καιροῦ
524 3911 710 3976 ἦλθες
743 3914 1124 3986 βασανίσαι
1156 3918 1368 3985 ἡμᾶς;
1404 3920 1503 3968 Καὶ
1546 3918 1616 3967 ἔτι
1661 3915 1708 3966 ἐν
1751 3925 1860 3978 τοῖς

250 4006 553 4073 μαρτυρίοις
610 4002 844 4072 λέγουσι,
894 4008 1125 4063 Καίεις
1180 4022 1271 4072 με,
1326 4008 1536 4061 καίεις
1594 4023 1685 4073 με.
1747 4004 1857 4055 Ούκ

249 4085 473 4159 ᾔδεισαν
527 4087 616 4141 οὖν
667 4094 723 4142 τὸ
774 4090 921 4151 ξύλον
972 4100 1068 4152 τῆς
1114 4096 1361 4161 γνίοσεως
1417 4098 1506 4142 τοῦ
1559 4092 1718 4142 καλοῦ
1766 4096 1856 4143 καὶ

247 4185 435 4243 κακοῦ,
481 4179 509 4235 ἡ
553 4178 857 4251 παράϐασις
910 4187 1001 4231 τοῦ
1047 4176 1226 4251 Ἀδὰμ
1272 4184 1366 4237 την
1406 4188 1599 4250 γνῶσιν
1644 4177 1852 4234 ἔδωκεν.

318 4370 352 4426 Ι’
378 4371 638 4434 Ἕκαστος
662 4376 762 4446 γὰρ
791 4374 1020 4446 ἄρχεται
1052 4372 1330 4448 ἐπερωτᾷν,
1373 4376 1441 4435 ὡς
1490 4372 1548 4425 ἐν
1601 4379 1731 4426 τίνι
1782 4370 1852 4433 ἧν

1984 3226 2208 3265 vocans
2242 3209 2571 3265 conﬁtetur.
2624 3213 2766 3264 Item
2824 3210 2926 3280 qui
2980 3214 3249 3280 stuprum
3302 3208 3637 3274 committit,

1984 3314 2183 3353 nonne
2216 3298 2328 3352 scit
2382 3314 2444 3352 se
2471 3298 2623 3352 male
2678 3313 2854 3364 agere
2886 3298 2914 3353 ‘I
2942 3302 2998 3351 et
3028 3297 3129 3369 qui
3161 3297 3405 3361 furtum,
3440 3311 3641 3351 nonne

1982 3388 2086 3442 scit
2118 3403 2177 3441 se
2212 3402 2459 3459 peccare
2481 3386 2510 3440 ‘I
2564 3387 2654 3442 Sic
2710 3387 2886 3441 etiam
2920 3386 3151 3456 absque
3196 3385 3511 3456 Scripturis
3532 3385 3642 3440 ho-

1980 3477 2160 3530 mines
2178 3475 2436 3531 naturali
2451 3475 2672 3530 ratione
2689 3475 2836 3540 sola,
2854 3490 3054 3529 nonne
3068 3480 3434 3546 cognOscunt
3456 3476 3637 3529 Deum

1977 3581 2104 3619 esse
2127 3565 2154 3619 ?
2183 3568 2305 3619 Non
2347 3573 2595 3634 possunt
2641 3565 2839 3635 itaque
2871 3564 2929 3618 in
2983 3563 3082 3619 illa
3106 3564 3203 3618 die
3233 3563 3468 3619 dicere:
3500 3564 3637 3619 Non

1974 3655 2250 3709 scivimus
2279 3654 2461 3709 Deum
2481 3653 2687 3722 fuisse.
2718 3654 2967 3706 Enarrat
2996 3653 3154 3707 enim
3178 3651 3288 3706 illis
3321 3668 3540 3707 emissa
3562 3652 3637 3707 de

1972 3743 2123 3799 caelo
2152 3744 2433 3805 tonitrua,
2467 3748 2520 3797 et
2552 3742 2806 3797 fulmina
2859 3741 3100 3796 nescitis
3126 3757 3257 3796 esse
3296 3743 3504 3806 Deum,
3534 3741 3635 3812 qui

1972 3831 2120 3901 regit
2147 3837 2482 3886 creaturam
2502 3832 2529 3886 ?
2554 3830 2707 3895 Quid
2726 3831 2901 3899 igitur
2922 3829 3591 3884 clamabantdasmones
3618 3847 3629 3885 :

1979 3921 2064 3973 Tu
2090 3935 2147 3974 es
2168 3920 2361 3974 Filius
2384 3921 2494 3974 Dei
2516 3937 2535 3973 :
2567 3934 2754 3989 quare
2782 3918 2995 3972 venisti
3010 3918 3091 3973 ad
3112 3917 3503 3972 cruciandum
3527 3934 3633 3973 nos

1970 4012 2109 4062 ante
2122 4012 2350 4073 tempus
2365 4009 2411 4042 ²⁷
2427 4007 2454 4060 ‘t
2474 4011 2719 4077 Insuper
2734 4007 2791 4059 in
2812 4007 3118 4060 tormentis
3132 4020 3373 4075 quoque
3386 4004 3622 4061 dicunt:

1976 4096 2109 4150 Uris
2141 4110 2252 4158 me,
2288 4095 2412 4149 uris
2444 4110 2533 4149 me
2580 4095 2648 4146 ’⁸.
2698 4097 2821 4149 Non
2869 4099 3162 4148 noverant
3194 4093 3370 4161 igitur
3399 4092 3628 4163 lignum

1966 4183 2188 4237 notitiae
2205 4183 2351 4237 boni
2382 4189 2436 4238 et
2464 4182 2630 4247 mali,
2651 4181 3198 4254 transgressioAdas
3227 4180 3627 4252 cognitionem

1966 4271 2150 4326 dedit.

2038 4380 2097 4434 Χ.
2134 4377 2389 4443 Quilibet
2410 4377 2791 4447 enimincipit
2822 4377 3188 4445 interrogare
3215 4394 3227 4427 :
3260 4376 3333 4430 In
3364 4391 3478 4447 quo
3498 4382 3619 4433 sta-

247 4461 271 4511 6
300 4458 531 4535 Ἀδὰμ,
563 4467 671 4515 καὶ
698 4468 765 4515 τί
797 4464 1068 4536 ἔπραξεν
1103 4480 1116 4529 ;
1151 4463 1317 4525 Αύτὸς
1351 4466 1452 4536 ’γὰρ
1486 4465 1510 4515 6
1542 4462 1718 4535 Ἀδὰμ
1757 4468 1851 4522 τὴν

1990 4484 2027 4522 ιι
2058 4476 2185 4523 erat
2215 4468 2428 4531 Adam,
2462 4466 2722 4538 quidque
2780 4466 2992 4535 agebat
3017 4466 3045 4519 ?
3068 4467 3198 4536 Ipse
3236 4465 3398 4519 enim
3427 4465 3621 4521 Adam

248 4559 439 4620 γνῶσιν
485 4549 696 4615 ἐδέξατο
731 4553 889 4605 καλοῦ
920 4573 973 4605 τε
1009 4559 1097 4605 xui
1137 4561 1321 4605 κακοῦ.
1371 4557 1566 4606 Λοιπὸν
1599 4553 1849 4625 ἀκούομεν

248 4637 302 4689 ἐκ
332 4647 431 4691 τῶν
491 4647 723 4714 Γραφῶν,
778 4644 859 4695 ὅτι
908 4642 954 4694 ἓν
986 4643 1111 4716 τιμῇ
1161 4648 1249 4695 καὶ
1280 4642 1327 4694 ἐν
1362 4645 1687 4715 καθαρότητι
1723 4640 1783 4701 ἧν
1827 4659 1838 4670 ·

244 4732 332 4779 xui
398 4730 638 4802 παραϐὰς
699 4736 791 4789 τὴν
846 4732 1049 4790 ἐντολὴν
1078 4732 1323 4794 ἐξεϐλήθη
1358 4740 1449 4784 τοῦ
1494 4729 1843 4805 παραδείσου,

244 4821 328 4869 καὶ
379 4820 611 4890 ὠργίσθη
645 4820 784 4889 αύτῷ
828 4822 852 4870 ὁ
893 4825 1047 4881 Θεὸς,
1110 4825 1308 4873 Λοιπὸν
1366 4823 1546 4873 καὶτὰ
1595 4820 1729 4873 καλὰ
1757 4821 1846 4873 αύ-

242 4912 333 4956 τοῦ
414 4908 683 4976 μανθάνει,
744 4913 833 4959 καὶ
913 4912 977 4960 τὰ
1054 4913 1192 4961 κακὰ
1260 4913 1436 4981 μαθὼν
1498 4909 1844 4981 ἀσφαλίζεται

242 4994 444 5059 ἑαυτὸν,
516 4994 595 5046 ἶνα
661 5000 845 5065 μηκέτι
907 4996 1215 5069 ἁμαρτήσας
1283 4998 1479 5072 ἐμπέσῃ
1538 4999 1607 5061 εἰς
1678 5007 1844 5074 κρῖμα

1960 4557 2237 4611 notitiam
2261 4560 2573 4627 acceperat
2596 4554 2738 4610 boni
2773 4560 2827 4609 et
2855 4552 3016 4608 mali.
3045 4552 3309 4608 Alterum
3339 4553 3623 4609 audimus

1959 4661 2029 4700 ex
2063 4644 2398 4716 Scripturis,
2427 4644 2591 4717 quod
2615 4645 2674 4699 in
2702 4645 2928 4699 honore
2956 4648 3011 4698 et
3052 4643 3111 4697 in
3164 4642 3420 4713 puritate
3449 4646 3575 4697 erat
3601 4658 3615 4707 ;

1958 4740 2017 4790 at
2048 4751 2184 4789 cum
2210 4738 2617 4805 transgressus
2666 4738 2820 4788 esset
2864 4731 3241 4794 mandatum,
3271 4730 3498 4800 ejectus
3531 4736 3621 4786 est

1957 4823 2263 4893 paradiso,
2295 4827 2352 4877 et
2393 4822 2734 4877 succensuit
2778 4822 2830 4876 ei
2880 4820 3053 4875 Deus.
3084 4819 3349 4875 Tandem
3382 4818 3529 4890 quid
3557 4820 3616 4875 in

1955 4928 2015 4966 se
2044 4912 2270 4966 bonum
2303 4927 2370 4966 ac
2399 4911 2750 4981 praeclarum
2779 4916 2959 4977 esset,
3006 4908 3204 4974 discit,
3238 4924 3307 4963 ac
3363 4908 3614 4964 calami-

1954 5005 2133 5056 tatem
2188 5015 2363 5055 suam
2411 4999 2656 5054 edoctus
2705 5006 2873 5054 cavet
2919 4997 3052 5063 sibi,
3088 5013 3162 5053 ne
3218 4996 3462 5052 ulterius
3484 5012 3615 5069 pec-

1951 5090 2146 5144 cando
2194 5088 2415 5145 incidat
2443 5089 2504 5143 in
2555 5088 2852 5158 judicium
2889 5086 3112 5151 mortis,
3177 5086 3610 5157 Cognoscimus

1948 5178 2124 5247 igitur
2169 5193 2411 5232 omnem
2465 5182 2803 5232 creaturam
2841 5175 2937 5230 Dei
2967 5189 3072 5246 per
3101 5190 3238 5230 eum
3292 5175 3435 5245 regi.
3483 5179 3613 5246 Ipse

1948 5269 2106 5323 enim
2161 5267 2298 5321 fecit
2354 5266 2574 5321 caelum
2614 5270 2670 5321 et
2707 5272 2947 5330 terram,
3004 5263 3314 5328 animalia,
3357 5264 3608 5335 reptilia,

1945 5356 2191 5421 belluas,
2214 5371 2366 5427 quas
2390 5354 2683 5422 videmus,
2711 5368 3035 5409 numerum
3064 5368 3201 5408 vero
3231 5352 3605 5421 ignoramus.

1942 5445 2083 5510 Quis
2107 5445 2267 5500 enim
2292 5444 2610 5501 hominum
2644 5443 2830 5511 novit,
2861 5445 3110 5513 excepto
3170 5440 3296 5497 solo
3328 5442 3472 5509 Deo,
3500 5440 3610 5510 qui

244 5084 487 5138 θανάτου,
536 5089 860 5156 Γινώσκομεν
913 5082 989 5151 δέ,
1024 5089 1104 5137 ὅτι
1142 5092 1290 5139 πᾶσα
1318 5090 1347 5145 ἡ
1383 5094 1558 5149 κτίσις
1585 5096 1674 5141 τοῦ
1706 5097 1839 5141 Θεοῦ

244 5169 312 5224 δι’
361 5172 521 5224 αὐτοῦ
552 5173 913 5244 οἰκονομεῖται.
970 5174 1135 5235 Αύτὸς
1175 5178 1276 5247 γὰρ
1326 5175 1565 5234 ἐποίησεν
1597 5179 1835 5250 οὐρανὸν,

240 5270 358 5331 γῆν,
419 5266 546 5327 ζῶα,
603 5262 807 5335 ἑρπετὰ,
854 5265 1029 5337 θηρία,
1081 5264 1116 5315 ἃ
1156 5264 1431 5337 βλέπομεν,
1476 5269 1562 5318 τὸν
1610 5263 1668 5319 δὲ
1726 5266 1837 5339 ἀριε

244 5351 369 5421 θμὸν
426 5350 728 5423 ἀγνοοῦμεν.
781 5358 871 5414 Τίς
922 5356 1022 5425 γὰρ
1092 5352 1371 5426 ἀνθρώπων
1427 5352 1585 5426 οἶδεν,
1651 5356 1693 5407 εἰ
1758 5361 1829 5427 μὴ

238 5443 389 5509 μόνον
418 5441 442 5492 6
495 5443 672 5503 Θεὸςὸ
704 5442 770 5494 ὡν
816 5441 863 5494 ἐν
894 5450 1045 5511 πᾶσι,
1088 5448 1177 5496 καὶ
1221 5452 1326 5504 τοῖς
1372 5442 1616 5519 ἐμϐρύοις
1642 5443 1700 5497 δὲ
1731 5455 1830 5497 τῶν

1333 5623 1379 5658 ³⁷
1412 5620 1611 5679 Matth.
1646 5639 1704 5688 II,
1739 5626 1825 5677 11.

311 5616 355 5652 ³⁸
384 5617 552 5671 Joan.
586 5636 620 5685 ι,
663 5624 705 5673 l.
786 5622 831 5656 ιδ
867 5620 1013 5678 Gen.
1054 5637 1129 5687 ni,
1164 5626 1251 5677 25.
1333 5623 1379 5658 ³⁷
1412 5620 1611 5679 Matth.
1646 5639 1704 5688 n,
1739 5626 1825 5677 tt.

1985 5622 2171 5681 Matth.
2205 5637 2326 5688 Vill,
2359 5625 2451 5677 29.

786 5622 831 5656 ³⁸
867 5620 1013 5678 Gen.
1054 5637 1129 5687 In,
1164 5626 1251 5677 25.
