  <div class='ocr_page' id='page_1' title='image "/cluster/home/n/w/nwhite01/storage/ocr_20150623/34/mdp.39015041165401/339.png"; bbox 0 0 4148 6262; ppageno 0'>
   <div class='ocr_carea' id='block_1_1' title="bbox 576 268 684 325">
    <p class='ocr_par' dir='ltr' id='par_1_1' title="bbox 576 268 684 325">
     <span class='ocr_line' id='line_1_1' title="bbox 576 268 684 325; baseline -0.019 0"><span class='ocrx_word' id='word_1_1' title='bbox 576 268 684 325; x_wconf 78' lang='lat'>563</span> 
     </span>
    </p>
   </div>
   <div class='ocr_carea' id='block_1_2' title="bbox 1868 259 2616 321">
    <p class='ocr_par' dir='ltr' id='par_1_2' title="bbox 1868 259 2616 321">
     <span class='ocr_line' id='line_1_2' title="bbox 1868 259 2616 321; baseline -0.001 -2"><span class='ocrx_word' id='word_1_2' title='bbox 1868 262 1930 319; x_wconf 90' lang='lat' dir='ltr'>S.</span> <span class='ocrx_word' id='word_1_3' title='bbox 1972 262 2273 321; x_wconf 79' lang='lat' dir='ltr'>MACAPJI</span> <span class='ocrx_word' id='word_1_4' title='bbox 2309 259 2616 318; x_wconf 68' lang='lat' dir='ltr'>EGYPTII</span> 
     </span>
    </p>
   </div>
   <div class='ocr_carea' id='block_1_3' title="bbox 3829 269 3943 326">
    <p class='ocr_par' dir='ltr' id='par_1_3' title="bbox 3829 269 3943 326">
     <span class='ocr_line' id='line_1_3' title="bbox 3829 269 3943 326; baseline -0.009 0"><span class='ocrx_word' id='word_1_5' title='bbox 3829 269 3943 326; x_wconf 75' lang='grc'>564</span> 
     </span>
    </p>
   </div>
   <div class='ocr_carea' id='block_1_4' title="bbox 578 388 2233 464">
    <p class='ocr_par' dir='ltr' id='par_1_4' title="bbox 578 391 2228 464">
     <span class='ocr_line' id='line_1_4' title="bbox 578 391 2228 464; baseline -0.004 -12"><span class='ocrx_word' id='word_1_6' title='bbox 578 399 669 452; x_wconf 82' lang='lat' dir='ltr'>est</span> <span class='ocrx_word' id='word_1_7' title='bbox 690 397 750 452; x_wconf 91' lang='lat' dir='ltr'>in</span> <span class='ocrx_word' id='word_1_8' title='bbox 778 397 1081 464; x_wconf 88' lang='lat' dir='ltr'>omnibus,</span> <span class='ocrx_word' id='word_1_9' title='bbox 1109 397 1291 455; x_wconf 89' lang='lat' dir='ltr'>etiam</span> <span class='ocrx_word' id='word_1_10' title='bbox 1324 394 1381 450; x_wconf 92' lang='lat' dir='ltr'>in</span> <span class='ocrx_word' id='word_1_11' title='bbox 1400 393 1619 452; x_wconf 76' lang='lat' dir='ltr'>fetibus</span> <span class='ocrx_word' id='word_1_12' title='bbox 1642 391 1993 449; x_wconf 84' lang='lat' dir='ltr'>animalium</span> <span class='ocrx_word' id='word_1_13' title='bbox 2012 391 2228 463; x_wconf 90' lang='lat' dir='ltr'>imper-</span> 
     </span>
    </p>
   </div>
   <div class='ocr_carea' id='block_1_5' title="bbox 2343 388 3941 464">
    <p class='ocr_par' dir='ltr' id='par_1_5' title="bbox 2343 388 3941 462">
     <span class='ocr_line' id='line_1_5' title="bbox 2343 388 3941 462; baseline 0.011 -24"><span class='ocrx_word' id='word_1_14' title='bbox 2343 388 2493 447; x_wconf 86' lang='grc' dir='ltr'>ζώων</span> <span class='ocrx_word' id='word_1_15' title='bbox 2523 407 2536 455; x_wconf 94' lang='grc'><strong>;</strong></span> <span class='ocrx_word' id='word_1_16' title='bbox 2597 388 2741 462; x_wconf 78' lang='grc' dir='ltr'>Οὐχὶ</span> <span class='ocrx_word' id='word_1_17' title='bbox 2772 390 2923 453; x_wconf 84' lang='grc' dir='ltr'>αὑτὸς</span> <span class='ocrx_word' id='word_1_18' title='bbox 2966 394 3244 450; x_wconf 80' lang='grc' dir='ltr'>ῖπίσταται</span> <span class='ocrx_word' id='word_1_19' title='bbox 3281 398 3348 449; x_wconf 87' lang='grc' dir='ltr'>τὰ</span> <span class='ocrx_word' id='word_1_20' title='bbox 3393 398 3517 450; x_wconf 82' lang='grc' dir='ltr'>ὄντα</span> <span class='ocrx_word' id='word_1_21' title='bbox 3555 397 3801 450; x_wconf 80' lang='grc' dir='ltr'>ὑποκάτω</span> <span class='ocrx_word' id='word_1_22' title='bbox 3841 403 3941 455; x_wconf 75' lang='grc' dir='ltr'>τῆς</span> 
     </span>
    </p>
   </div>
   <div class='ocr_carea' id='block_1_6' title="bbox 580 483 2226 558">
    <p class='ocr_par' dir='ltr' id='par_1_6' title="bbox 580 483 2226 558">
     <span class='ocr_line' id='line_1_6' title="bbox 580 483 2226 558; baseline -0.004 -18"><span class='ocrx_word' id='word_1_23' title='bbox 580 484 745 541; x_wconf 85' lang='lat' dir='ltr'>fectis</span> <span class='ocrx_word' id='word_1_24' title='bbox 773 487 801 541; x_wconf 76' lang='lat' dir='ltr'>‘I</span> <span class='ocrx_word' id='word_1_25' title='bbox 820 489 1025 542; x_wconf 86' lang='lat' dir='ltr'>Nonne</span> <span class='ocrx_word' id='word_1_26' title='bbox 1052 487 1177 558; x_wconf 90' lang='lat' dir='ltr'>ipse</span> <span class='ocrx_word' id='word_1_27' title='bbox 1233 486 1363 550; x_wconf 85' lang='lat' dir='ltr'>scit,</span> <span class='ocrx_word' id='word_1_28' title='bbox 1391 499 1526 555; x_wconf 75' lang='lat' dir='ltr'>quae</span> <span class='ocrx_word' id='word_1_29' title='bbox 1556 487 1695 538; x_wconf 87' lang='lat' dir='ltr'>sunt</span> <span class='ocrx_word' id='word_1_30' title='bbox 1720 484 1832 537; x_wconf 86' lang='lat' dir='ltr'>sub</span> <span class='ocrx_word' id='word_1_31' title='bbox 1863 486 2019 537; x_wconf 88' lang='lat' dir='ltr'>terra</span> <span class='ocrx_word' id='word_1_32' title='bbox 2048 483 2103 535; x_wconf 86' lang='lat' dir='ltr'>et</span> <span class='ocrx_word' id='word_1_33' title='bbox 2133 494 2226 533; x_wconf 90' lang='lat' dir='ltr'>su-</span> 
     </span>
    </p>
   </div>
   <div class='ocr_carea' id='block_1_7' title="bbox 580 575 946 646">
    <p class='ocr_par' dir='ltr' id='par_1_7' title="bbox 580 575 946 646">
     <span class='ocr_line' id='line_1_7' title="bbox 580 575 946 646; baseline 0 -17"><span class='ocrx_word' id='word_1_34' title='bbox 580 589 685 646; x_wconf 91' lang='lat' dir='ltr'>per</span> <span class='ocrx_word' id='word_1_35' title='bbox 714 575 897 630; x_wconf 69' lang='lat' dir='ltr'>caelos</span> <span class='ocrx_word' id='word_1_36' title='bbox 918 575 946 629; x_wconf 81' lang='lat'>?</span> 
     </span>
    </p>
   </div>
   <div class='ocr_carea' id='block_1_8' title="bbox 655 673 2228 751">
    <p class='ocr_par' dir='ltr' id='par_1_8' title="bbox 655 673 2228 751">
     <span class='ocr_line' id='line_1_8' title="bbox 655 673 2228 751; baseline -0.004 -16"><span class='ocrx_word' id='word_1_37' title='bbox 655 683 740 738; x_wconf 88' lang='lat' dir='ltr'>XI.</span> <span class='ocrx_word' id='word_1_38' title='bbox 768 682 999 737; x_wconf 82' lang='lat' dir='ltr'>Relictis</span> <span class='ocrx_word' id='word_1_39' title='bbox 1046 681 1225 751; x_wconf 80' lang='lat' dir='ltr'>igitur</span> <span class='ocrx_word' id='word_1_40' title='bbox 1251 680 1363 745; x_wconf 90' lang='lat' dir='ltr'>his,</span> <span class='ocrx_word' id='word_1_41' title='bbox 1417 679 1617 750; x_wconf 86' lang='lat' dir='ltr'>potius</span> <span class='ocrx_word' id='word_1_42' title='bbox 1672 692 2035 749; x_wconf 65' lang='lat' dir='ltr'>quaeramus,</span> <span class='ocrx_word' id='word_1_43' title='bbox 2069 673 2228 729; x_wconf 86' lang='lat' dir='ltr'>velut</span> 
     </span>
    </p>
   </div>
   <div class='ocr_carea' id='block_1_9' title="bbox 563 763 2229 839">
    <p class='ocr_par' dir='ltr' id='par_1_9' title="bbox 563 763 2229 839">
     <span class='ocr_line' id='line_1_9' title="bbox 563 763 2229 839; baseline -0.005 -14"><span class='ocrx_word' id='word_1_44' title='bbox 563 764 723 825; x_wconf 88' lang='lat' dir='ltr'>boni</span> <span class='ocrx_word' id='word_1_45' title='bbox 773 772 1192 839; x_wconf 83' lang='lat' dir='ltr'>negotiatores,</span> <span class='ocrx_word' id='word_1_46' title='bbox 1250 768 1659 824; x_wconf 66' lang='lat' dir='ltr'>haereditatem</span> <span class='ocrx_word' id='word_1_47' title='bbox 1704 766 2007 822; x_wconf 80' lang='lat' dir='ltr'>ccelestem</span> <span class='ocrx_word' id='word_1_48' title='bbox 2038 763 2229 837; x_wconf 87' lang='lat' dir='ltr'>possi-</span> 
     </span>
    </p>
   </div>
   <div class='ocr_carea' id='block_1_10' title="bbox 578 854 2226 930">
    <p class='ocr_par' dir='ltr' id='par_1_10' title="bbox 578 854 2226 930">
     <span class='ocr_line' id='line_1_10' title="bbox 578 854 2226 930; baseline -0.003 -17"><span class='ocrx_word' id='word_1_49' title='bbox 578 858 738 924; x_wconf 90' lang='lat' dir='ltr'>dere,</span> <span class='ocrx_word' id='word_1_50' title='bbox 767 864 821 914; x_wconf 90' lang='lat' dir='ltr'>et</span> <span class='ocrx_word' id='word_1_51' title='bbox 850 876 939 921; x_wconf 80' lang='lat' dir='ltr'>ea.</span> <span class='ocrx_word' id='word_1_52' title='bbox 969 876 1103 930; x_wconf 70' lang='lat' dir='ltr'>quae</span> <span class='ocrx_word' id='word_1_53' title='bbox 1130 859 1474 914; x_wconf 87' lang='lat' dir='ltr'>conducunt</span> <span class='ocrx_word' id='word_1_54' title='bbox 1498 856 1717 912; x_wconf 74' lang='lat' dir='ltr'>animae</span> <span class='ocrx_word' id='word_1_55' title='bbox 1747 862 1987 910; x_wconf 77' lang='lat' dir='ltr'>nostrae.</span> <span class='ocrx_word' id='word_1_56' title='bbox 2029 854 2226 909; x_wconf 87' lang='lat' dir='ltr'>Disca-</span> 
     </span>
    </p>
   </div>
   <div class='ocr_carea' id='block_1_11' title="bbox 582 945 2226 1018">
    <p class='ocr_par' dir='ltr' id='par_1_11' title="bbox 582 945 2226 1018">
     <span class='ocr_line' id='line_1_11' title="bbox 582 945 2226 1018; baseline -0.004 -16"><span class='ocrx_word' id='word_1_57' title='bbox 582 964 715 1002; x_wconf 91' lang='lat' dir='ltr'>mus</span> <span class='ocrx_word' id='word_1_58' title='bbox 740 948 1044 1017; x_wconf 90' lang='lat' dir='ltr'>possidere</span> <span class='ocrx_word' id='word_1_59' title='bbox 1070 948 1253 1015; x_wconf 90' lang='lat' dir='ltr'>bona,</span> <span class='ocrx_word' id='word_1_60' title='bbox 1281 963 1416 1018; x_wconf 64' lang='lat' dir='ltr'>quae</span> <span class='ocrx_word' id='word_1_61' title='bbox 1442 953 1576 1000; x_wconf 89' lang='lat' dir='ltr'>sunt</span> <span class='ocrx_word' id='word_1_62' title='bbox 1607 945 1921 1000; x_wconf 89' lang='lat' dir='ltr'>nobiscum</span> <span class='ocrx_word' id='word_1_63' title='bbox 1951 956 2226 1013; x_wconf 86' lang='lat' dir='ltr'>perman-</span> 
     </span>
    </p>
   </div>
   <div class='ocr_carea' id='block_1_12' title="bbox 582 1034 2225 1105">
    <p class='ocr_par' dir='ltr' id='par_1_12' title="bbox 582 1034 2225 1105">
     <span class='ocr_line' id='line_1_12' title="bbox 582 1034 2225 1105; baseline -0.003 -16"><span class='ocrx_word' id='word_1_64' title='bbox 582 1052 741 1091; x_wconf 85' lang='lat' dir='ltr'>sura.</span> <span class='ocrx_word' id='word_1_65' title='bbox 760 1036 931 1101; x_wconf 88' lang='lat' dir='ltr'>Quod</span> <span class='ocrx_word' id='word_1_66' title='bbox 954 1037 997 1090; x_wconf 91' lang='lat' dir='ltr'>si</span> <span class='ocrx_word' id='word_1_67' title='bbox 1017 1036 1175 1091; x_wconf 90' lang='lat' dir='ltr'>enim</span> <span class='ocrx_word' id='word_1_68' title='bbox 1202 1037 1385 1091; x_wconf 90' lang='lat' dir='ltr'>homo</span> <span class='ocrx_word' id='word_1_69' title='bbox 1408 1034 1953 1105; x_wconf 78' lang='lat' dir='ltr'>cceperitindagare</span> <span class='ocrx_word' id='word_1_70' title='bbox 1978 1046 2225 1085; x_wconf 86' lang='lat' dir='ltr'>sensum</span> 
     </span>
    </p>
   </div>
   <div class='ocr_carea' id='block_1_13' title="bbox 565 1110 2225 1195">
    <p class='ocr_par' dir='ltr' id='par_1_13' title="bbox 565 1110 2225 1195">
     <span class='ocr_line' id='line_1_13' title="bbox 565 1110 2225 1195; baseline -0.003 -17"><span class='ocrx_word' id='word_1_71' title='bbox 565 1110 699 1187; x_wconf 35' lang='lat' dir='ltr'>&#39;Dei,</span> <span class='ocrx_word' id='word_1_72' title='bbox 716 1141 786 1179; x_wconf 86' lang='lat' dir='ltr'>ac</span> <span class='ocrx_word' id='word_1_73' title='bbox 808 1125 1001 1179; x_wconf 88' lang='lat' dir='ltr'>dicere</span> <span class='ocrx_word' id='word_1_74' title='bbox 1027 1142 1039 1179; x_wconf 89' lang='lat'><strong><em>:</em></strong></span> <span class='ocrx_word' id='word_1_75' title='bbox 1064 1126 1272 1181; x_wconf 80' lang='lat' dir='ltr'>Inveni</span> <span class='ocrx_word' id='word_1_76' title='bbox 1283 1123 1567 1195; x_wconf 83' lang='lat' dir='ltr'>quiddam</span> <span class='ocrx_word' id='word_1_77' title='bbox 1581 1138 1653 1178; x_wconf 84' lang='lat' dir='ltr'>ac</span> <span class='ocrx_word' id='word_1_78' title='bbox 1666 1120 2104 1190; x_wconf 82' lang='lat' dir='ltr'>comprehendi,</span> <span class='ocrx_word' id='word_1_79' title='bbox 2122 1119 2225 1173; x_wconf 92' lang='lat' dir='ltr'>de-</span> 
     </span>
    </p>
   </div>
   <div class='ocr_carea' id='block_1_14' title="bbox 579 1210 2221 1283">
    <p class='ocr_par' dir='ltr' id='par_1_14' title="bbox 579 1210 2221 1283">
     <span class='ocr_line' id='line_1_14' title="bbox 579 1210 2221 1283; baseline -0.004 -16"><span class='ocrx_word' id='word_1_80' title='bbox 579 1213 981 1283; x_wconf 90' lang='lat' dir='ltr'>prehendetur</span> <span class='ocrx_word' id='word_1_81' title='bbox 1032 1229 1199 1268; x_wconf 91' lang='lat' dir='ltr'>mens</span> <span class='ocrx_word' id='word_1_82' title='bbox 1230 1213 1499 1268; x_wconf 90' lang='lat' dir='ltr'>humana</span> <span class='ocrx_word' id='word_1_83' title='bbox 1532 1210 1947 1267; x_wconf 84' lang='lat' dir='ltr'>transcendere</span> <span class='ocrx_word' id='word_1_84' title='bbox 1980 1223 2221 1263; x_wconf 89' lang='lat' dir='ltr'>sensum</span> 
     </span>
    </p>
   </div>
   <div class='ocr_carea' id='block_1_15' title="bbox 581 1296 2227 1370">
    <p class='ocr_par' dir='ltr' id='par_1_15' title="bbox 581 1296 2227 1370">
     <span class='ocr_line' id='line_1_15' title="bbox 581 1296 2227 1370; baseline -0.004 -14"><span class='ocrx_word' id='word_1_85' title='bbox 581 1302 703 1356; x_wconf 90' lang='lat' dir='ltr'>Dei.</span> <span class='ocrx_word' id='word_1_86' title='bbox 730 1302 947 1356; x_wconf 88' lang='lat' dir='ltr'>Verum</span> <span class='ocrx_word' id='word_1_87' title='bbox 974 1302 1032 1356; x_wconf 92' lang='lat' dir='ltr'>in</span> <span class='ocrx_word' id='word_1_88' title='bbox 1062 1302 1176 1356; x_wconf 92' lang='lat' dir='ltr'>hoc</span> <span class='ocrx_word' id='word_1_89' title='bbox 1220 1301 1396 1370; x_wconf 88' lang='lat' dir='ltr'>longe</span> <span class='ocrx_word' id='word_1_90' title='bbox 1428 1301 1681 1369; x_wconf 88' lang='lat' dir='ltr'>aberrat,</span> <span class='ocrx_word' id='word_1_91' title='bbox 1738 1305 1791 1355; x_wconf 89' lang='lat' dir='ltr'>et</span> <span class='ocrx_word' id='word_1_92' title='bbox 1830 1305 2057 1370; x_wconf 88' lang='lat' dir='ltr'>quanto</span> <span class='ocrx_word' id='word_1_93' title='bbox 2092 1296 2227 1367; x_wconf 88' lang='lat' dir='ltr'>plus</span> 
     </span>
    </p>
   </div>
   <div class='ocr_carea' id='block_1_16' title="bbox 580 1387 2223 1461">
    <p class='ocr_par' dir='ltr' id='par_1_16' title="bbox 580 1387 2223 1461">
     <span class='ocr_line' id='line_1_16' title="bbox 580 1387 2223 1461; baseline -0.002 -18"><span class='ocrx_word' id='word_1_94' title='bbox 580 1389 835 1444; x_wconf 91' lang='lat' dir='ltr'>volueris</span> <span class='ocrx_word' id='word_1_95' title='bbox 863 1406 968 1461; x_wconf 91' lang='lat' dir='ltr'>per</span> <span class='ocrx_word' id='word_1_96' title='bbox 1024 1389 1425 1459; x_wconf 83' lang='lat' dir='ltr'>cognitionem</span> <span class='ocrx_word' id='word_1_97' title='bbox 1473 1387 1719 1444; x_wconf 88' lang='lat' dir='ltr'>scrutari</span> <span class='ocrx_word' id='word_1_98' title='bbox 1776 1403 1847 1442; x_wconf 90' lang='lat' dir='ltr'>ac</span> <span class='ocrx_word' id='word_1_99' title='bbox 1896 1391 2223 1457; x_wconf 87' lang='lat' dir='ltr'>penetrare,</span> 
     </span>
    </p>
   </div>
   <div class='ocr_carea' id='block_1_17' title="bbox 580 1473 2225 1548">
    <p class='ocr_par' dir='ltr' id='par_1_17' title="bbox 580 1473 2225 1548">
     <span class='ocr_line' id='line_1_17' title="bbox 580 1473 2225 1548; baseline -0.003 -16"><span class='ocrx_word' id='word_1_100' title='bbox 580 1481 743 1532; x_wconf 88' lang='lat' dir='ltr'>tanto</span> <span class='ocrx_word' id='word_1_101' title='bbox 757 1477 1111 1547; x_wconf 84' lang='lat' dir='ltr'>profundius</span> <span class='ocrx_word' id='word_1_102' title='bbox 1123 1477 1458 1543; x_wconf 86' lang='lat' dir='ltr'>descendis,</span> <span class='ocrx_word' id='word_1_103' title='bbox 1474 1493 1581 1531; x_wconf 84' lang='lat' dir='ltr'>nec</span> <span class='ocrx_word' id='word_1_104' title='bbox 1594 1476 1929 1548; x_wconf 87' lang='lat' dir='ltr'>quidquam</span> <span class='ocrx_word' id='word_1_105' title='bbox 1944 1473 2225 1545; x_wconf 84' lang='lat' dir='ltr'>percipis.</span> 
     </span>
    </p>
   </div>
   <div class='ocr_carea' id='block_1_18' title="bbox 584 1564 2226 1638">
    <p class='ocr_par' dir='ltr' id='par_1_18' title="bbox 584 1564 2226 1638">
     <span class='ocr_line' id='line_1_18' title="bbox 584 1564 2226 1638; baseline -0.003 -17"><span class='ocrx_word' id='word_1_106' title='bbox 584 1570 731 1638; x_wconf 81' lang='lat' dir='ltr'>Ipsae</span> <span class='ocrx_word' id='word_1_107' title='bbox 788 1567 948 1621; x_wconf 92' lang='lat' dir='ltr'>enim</span> <span class='ocrx_word' id='word_1_108' title='bbox 988 1566 1514 1631; x_wconf 89' lang='lat' dir='ltr'>considerationes,</span> <span class='ocrx_word' id='word_1_109' title='bbox 1549 1582 1683 1637; x_wconf 69' lang='lat' dir='ltr'>quae</span> <span class='ocrx_word' id='word_1_110' title='bbox 1732 1564 1839 1619; x_wconf 89' lang='lat' dir='ltr'>tibi</span> <span class='ocrx_word' id='word_1_111' title='bbox 1888 1567 2226 1627; x_wconf 89' lang='lat' dir='ltr'>occurrunt,</span> 
     </span>
    </p>
   </div>
   <div class='ocr_carea' id='block_1_19' title="bbox 581 1651 2227 1727">
    <p class='ocr_par' dir='ltr' id='par_1_19' title="bbox 581 1651 2227 1727">
     <span class='ocr_line' id='line_1_19' title="bbox 581 1651 2227 1727; baseline -0.002 -18"><span class='ocrx_word' id='word_1_112' title='bbox 581 1655 729 1725; x_wconf 91' lang='lat' dir='ltr'>quid</span> <span class='ocrx_word' id='word_1_113' title='bbox 748 1655 1001 1727; x_wconf 85' lang='lat' dir='ltr'>singulis</span> <span class='ocrx_word' id='word_1_114' title='bbox 1034 1655 1243 1709; x_wconf 91' lang='lat' dir='ltr'>diebus</span> <span class='ocrx_word' id='word_1_115' title='bbox 1275 1654 1335 1709; x_wconf 92' lang='lat' dir='ltr'>in</span> <span class='ocrx_word' id='word_1_116' title='bbox 1369 1659 1421 1709; x_wconf 90' lang='lat' dir='ltr'>te</span> <span class='ocrx_word' id='word_1_117' title='bbox 1447 1658 1785 1725; x_wconf 85' lang='lat' dir='ltr'>peragatur,</span> <span class='ocrx_word' id='word_1_118' title='bbox 1813 1657 1869 1707; x_wconf 90' lang='lat' dir='ltr'>et</span> <span class='ocrx_word' id='word_1_119' title='bbox 1897 1651 2227 1723; x_wconf 93' lang='lat' dir='ltr'>quomodo,</span> 
     </span>
    </p>
   </div>
   <div class='ocr_carea' id='block_1_20' title="bbox 2334 477 3182 555">
    <p class='ocr_par' dir='ltr' id='par_1_20' title="bbox 2334 477 3182 555">
     <span class='ocr_line' id='line_1_20' title="bbox 2334 477 3182 555; baseline 0.007 -25"><span class='ocrx_word' id='word_1_120' title='bbox 2334 486 2456 548; x_wconf 80' lang='grc' dir='ltr'>γῆς,</span> <span class='ocrx_word' id='word_1_121' title='bbox 2489 483 2578 531; x_wconf 83' lang='grc' dir='ltr'>καὶ</span> <span class='ocrx_word' id='word_1_122' title='bbox 2608 477 2776 533; x_wconf 70' lang='grc' dir='ltr'>ἐπάνω</span> <span class='ocrx_word' id='word_1_123' title='bbox 2806 489 2906 533; x_wconf 83' lang='grc' dir='ltr'>τῶν</span> <span class='ocrx_word' id='word_1_124' title='bbox 2933 486 3182 555; x_wconf 84' lang='grc' dir='ltr'>ούρανών.</span> 
     </span>
    </p>
   </div>
   <div class='ocr_carea' id='block_1_21' title="bbox 2406 672 3938 751">
    <p class='ocr_par' dir='ltr' id='par_1_21' title="bbox 2406 672 3938 751">
     <span class='ocr_line' id='line_1_21' title="bbox 2406 672 3938 751; baseline 0.006 -27"><span class='ocrx_word' id='word_1_125' title='bbox 2406 672 2512 727; x_wconf 85' lang='grc' dir='ltr'>ΙΑ’.</span> <span class='ocrx_word' id='word_1_126' title='bbox 2554 673 2932 749; x_wconf 87' lang='grc' dir='ltr'>Παραλιποντες</span> <span class='ocrx_word' id='word_1_127' title='bbox 2982 678 3071 730; x_wconf 86' lang='grc' dir='ltr'>οὑν</span> <span class='ocrx_word' id='word_1_128' title='bbox 3122 687 3309 747; x_wconf 88' lang='grc' dir='ltr'>ταῦτα,</span> <span class='ocrx_word' id='word_1_129' title='bbox 3351 680 3541 751; x_wconf 85' lang='grc' dir='ltr'>μᾶλλον</span> <span class='ocrx_word' id='word_1_130' title='bbox 3594 680 3938 751; x_wconf 73' lang='grc' dir='ltr'>ζητήσωμεν,</span> 
     </span>
    </p>
   </div>
   <div class='ocr_carea' id='block_1_22' title="bbox 2336 762 3941 843">
    <p class='ocr_par' dir='ltr' id='par_1_22' title="bbox 2336 762 3941 843">
     <span class='ocr_line' id='line_1_22' title="bbox 2336 762 3941 843; baseline 0.004 -30"><span class='ocrx_word' id='word_1_131' title='bbox 2336 763 2404 822; x_wconf 84' lang='grc' dir='ltr'>ὡς</span> <span class='ocrx_word' id='word_1_132' title='bbox 2458 762 2608 815; x_wconf 86' lang='grc' dir='ltr'>καλοὶ</span> <span class='ocrx_word' id='word_1_133' title='bbox 2663 767 2897 837; x_wconf 76' lang='grc' dir='ltr'>ἔμποροι,</span> <span class='ocrx_word' id='word_1_134' title='bbox 2967 766 3309 840; x_wconf 82' lang='grc' dir='ltr'>κληρονομίαν</span> <span class='ocrx_word' id='word_1_135' title='bbox 3362 771 3667 827; x_wconf 81' lang='grc' dir='ltr'>κτήσασθαι</span> <span class='ocrx_word' id='word_1_136' title='bbox 3716 770 3941 843; x_wconf 73' lang='grc' dir='ltr'>ἓπουρά-</span> 
     </span>
    </p>
   </div>
   <div class='ocr_carea' id='block_1_23' title="bbox 2335 855 3939 930">
    <p class='ocr_par' dir='ltr' id='par_1_23' title="bbox 2335 855 3939 930">
     <span class='ocr_line' id='line_1_23' title="bbox 2335 855 3939 930; baseline 0.006 -29"><span class='ocrx_word' id='word_1_137' title='bbox 2335 870 2440 902; x_wconf 88' lang='grc' dir='ltr'>νιον</span> <span class='ocrx_word' id='word_1_138' title='bbox 2488 857 2578 904; x_wconf 85' lang='grc' dir='ltr'>καὶ</span> <span class='ocrx_word' id='word_1_139' title='bbox 2606 855 2671 905; x_wconf 83' lang='grc' dir='ltr'>τὰ</span> <span class='ocrx_word' id='word_1_140' title='bbox 2703 859 3030 927; x_wconf 79' lang='grc' dir='ltr'>συμφέροντα</span> <span class='ocrx_word' id='word_1_141' title='bbox 3066 864 3179 919; x_wconf 85' lang='grc' dir='ltr'>ταῖς</span> <span class='ocrx_word' id='word_1_142' title='bbox 3211 858 3415 929; x_wconf 76' lang='grc' dir='ltr'>ψυχαῖς</span> <span class='ocrx_word' id='word_1_143' title='bbox 3460 860 3606 930; x_wconf 80' lang='grc' dir='ltr'>ἡμῶν</span> <span class='ocrx_word' id='word_1_144' title='bbox 3640 875 3653 888; x_wconf 88' lang='grc'>⁶</span> <span class='ocrx_word' id='word_1_145' title='bbox 3689 858 3939 930; x_wconf 82' lang='grc' dir='ltr'>μάθωμεν</span> 
     </span>
    </p>
   </div>
   <div class='ocr_carea' id='block_1_24' title="bbox 2335 943 3937 1021">
    <p class='ocr_par' dir='ltr' id='par_1_24' title="bbox 2335 943 3937 1021">
     <span class='ocr_line' id='line_1_24' title="bbox 2335 943 3937 1021; baseline 0.006 -30"><span class='ocrx_word' id='word_1_146' title='bbox 2335 943 2638 998; x_wconf 85' lang='grc' dir='ltr'>κτήσασθαι</span> <span class='ocrx_word' id='word_1_147' title='bbox 2680 949 2925 1013; x_wconf 82' lang='grc' dir='ltr'>κτήματα</span> <span class='ocrx_word' id='word_1_148' title='bbox 2969 946 3098 1019; x_wconf 80' lang='grc' dir='ltr'>άπερ</span> <span class='ocrx_word' id='word_1_149' title='bbox 3153 951 3546 1021; x_wconf 83' lang='grc' dir='ltr'>συμπαραμένει</span> <span class='ocrx_word' id='word_1_150' title='bbox 3608 949 3754 1018; x_wconf 83' lang='grc' dir='ltr'>ἡμῖν.</span> <span class='ocrx_word' id='word_1_151' title='bbox 3811 948 3937 1000; x_wconf 80' lang='grc' dir='ltr'>Ἐὰν</span> 
     </span>
    </p>
   </div>
   <div class='ocr_carea' id='block_1_25' title="bbox 2334 1031 3935 1110">
    <p class='ocr_par' dir='ltr' id='par_1_25' title="bbox 2334 1031 3935 1110">
     <span class='ocr_line' id='line_1_25' title="bbox 2334 1031 3935 1110; baseline 0.004 -30"><span class='ocrx_word' id='word_1_152' title='bbox 2334 1032 2435 1103; x_wconf 82' lang='grc' dir='ltr'>γὰρ</span> <span class='ocrx_word' id='word_1_153' title='bbox 2481 1031 2611 1104; x_wconf 72' lang='grc' dir='ltr'>ἄρξῃ</span> <span class='ocrx_word' id='word_1_154' title='bbox 2666 1034 2935 1101; x_wconf 82' lang='grc' dir='ltr'>ἄνθρωπος</span> <span class='ocrx_word' id='word_1_155' title='bbox 2986 1036 3054 1086; x_wconf 84' lang='grc' dir='ltr'>ὢν</span> <span class='ocrx_word' id='word_1_156' title='bbox 3124 1035 3329 1110; x_wconf 77' lang='grc' dir='ltr'>ἔρευνᾷν</span> <span class='ocrx_word' id='word_1_157' title='bbox 3390 1040 3477 1088; x_wconf 88' lang='grc' dir='ltr'>τόν</span> <span class='ocrx_word' id='word_1_158' title='bbox 3525 1037 3779 1109; x_wconf 86' lang='grc' dir='ltr'>λογισμόν</span> <span class='ocrx_word' id='word_1_159' title='bbox 3836 1042 3935 1088; x_wconf 87' lang='grc' dir='ltr'>τοῦ</span> 
     </span>
    </p>
   </div>
   <div class='ocr_carea' id='block_1_26' title="bbox 2338 1120 3935 1198">
    <p class='ocr_par' dir='ltr' id='par_1_26' title="bbox 2338 1120 3935 1198">
     <span class='ocr_line' id='line_1_26' title="bbox 2338 1120 3935 1198; baseline 0.004 -29"><span class='ocrx_word' id='word_1_160' title='bbox 2338 1124 2491 1181; x_wconf 87' lang='grc' dir='ltr'>Θεοῦ,</span> <span class='ocrx_word' id='word_1_161' title='bbox 2541 1124 2631 1172; x_wconf 81' lang='grc' dir='ltr'>καὶ</span> <span class='ocrx_word' id='word_1_162' title='bbox 2657 1120 2839 1192; x_wconf 79' lang='grc' dir='ltr'>λέγειν,</span> <span class='ocrx_word' id='word_1_163' title='bbox 2873 1122 3052 1198; x_wconf 80' lang='grc' dir='ltr'>εὗρόν</span> <span class='ocrx_word' id='word_1_164' title='bbox 3107 1144 3168 1176; x_wconf 82' lang='grc' dir='ltr'>τι</span> <span class='ocrx_word' id='word_1_165' title='bbox 3214 1130 3321 1177; x_wconf 82' lang='grc' dir='ltr'>καὶ</span> <span class='ocrx_word' id='word_1_166' title='bbox 3355 1123 3741 1188; x_wconf 81' lang='grc' dir='ltr'>κατέλαϐον,</span> <span class='ocrx_word' id='word_1_167' title='bbox 3792 1125 3935 1196; x_wconf 85' lang='grc' dir='ltr'>εὑρε-</span> 
     </span>
    </p>
   </div>
   <div class='ocr_carea' id='block_1_27' title="bbox 2339 1207 3930 1287">
    <p class='ocr_par' dir='ltr' id='par_1_27' title="bbox 2339 1207 3930 1287">
     <span class='ocr_line' id='line_1_27' title="bbox 2339 1207 3930 1287; baseline 0.004 -30"><span class='ocrx_word' id='word_1_168' title='bbox 2339 1207 2557 1262; x_wconf 75' lang='grc' dir='ltr'>θήσεται</span> <span class='ocrx_word' id='word_1_169' title='bbox 2596 1210 2622 1260; x_wconf 87' lang='grc' dir='ltr'>ό</span> <span class='ocrx_word' id='word_1_170' title='bbox 2661 1208 2974 1283; x_wconf 76' lang='grc' dir='ltr'>ἀνθρώπινος</span> <span class='ocrx_word' id='word_1_171' title='bbox 3002 1220 3114 1273; x_wconf 90' lang='grc' dir='ltr'>νοῦς</span> <span class='ocrx_word' id='word_1_172' title='bbox 3157 1213 3475 1287; x_wconf 88' lang='grc' dir='ltr'>ὑπερϐαίνων</span> <span class='ocrx_word' id='word_1_173' title='bbox 3525 1216 3611 1266; x_wconf 91' lang='grc' dir='ltr'>τὸν</span> <span class='ocrx_word' id='word_1_174' title='bbox 3670 1212 3930 1284; x_wconf 87' lang='grc' dir='ltr'>λογισμὸν</span> 
     </span>
    </p>
   </div>
   <div class='ocr_carea' id='block_1_28' title="bbox 2335 1298 3932 1373">
    <p class='ocr_par' dir='ltr' id='par_1_28' title="bbox 2335 1298 3932 1373">
     <span class='ocr_line' id='line_1_28' title="bbox 2335 1298 3932 1373; baseline 0.006 -28"><span class='ocrx_word' id='word_1_175' title='bbox 2335 1301 2426 1345; x_wconf 92' lang='grc' dir='ltr'>τοῦ</span> <span class='ocrx_word' id='word_1_176' title='bbox 2452 1303 2605 1351; x_wconf 82' lang='grc' dir='ltr'>Θεοῦ.</span> <span class='ocrx_word' id='word_1_177' title='bbox 2658 1298 2737 1351; x_wconf 85' lang='grc' dir='ltr'>Ἐν</span> <span class='ocrx_word' id='word_1_178' title='bbox 2774 1303 2941 1353; x_wconf 89' lang='grc' dir='ltr'>τούτω</span> <span class='ocrx_word' id='word_1_179' title='bbox 2974 1298 3031 1355; x_wconf 76' lang='grc' dir='ltr'>δὲ</span> <span class='ocrx_word' id='word_1_180' title='bbox 3060 1302 3188 1355; x_wconf 88' lang='grc' dir='ltr'>πολὺ</span> <span class='ocrx_word' id='word_1_181' title='bbox 3217 1302 3384 1373; x_wconf 82' lang='grc' dir='ltr'>πλανᾷ</span> <span class='ocrx_word' id='word_1_182' title='bbox 3416 1321 3427 1333; x_wconf 93' lang='grc'><strong>·</strong></span> <span class='ocrx_word' id='word_1_183' title='bbox 3464 1307 3550 1355; x_wconf 84' lang='grc' dir='ltr'>καὶ</span> <span class='ocrx_word' id='word_1_184' title='bbox 3602 1303 3720 1355; x_wconf 88' lang='grc' dir='ltr'>ὅσον</span> <span class='ocrx_word' id='word_1_185' title='bbox 3771 1301 3932 1364; x_wconf 72' lang='grc' dir='ltr'>θέλεις</span> 
     </span>
    </p>
   </div>
   <div class='ocr_carea' id='block_1_29' title="bbox 2338 1378 3934 1464">
    <p class='ocr_par' dir='ltr' id='par_1_29' title="bbox 2338 1378 3934 1464">
     <span class='ocr_line' id='line_1_29' title="bbox 2338 1378 3934 1464; baseline 0.01 -29"><span class='ocrx_word' id='word_1_186' title='bbox 2338 1378 2433 1435; x_wconf 83' lang='grc' dir='ltr'>διὰ</span> <span class='ocrx_word' id='word_1_187' title='bbox 2480 1392 2714 1456; x_wconf 80' lang='grc' dir='ltr'>γνώσεως</span> <span class='ocrx_word' id='word_1_188' title='bbox 2779 1389 3054 1463; x_wconf 81' lang='grc' dir='ltr'>ἐρευνῆσαι</span> <span class='ocrx_word' id='word_1_189' title='bbox 3119 1397 3208 1445; x_wconf 88' lang='grc' dir='ltr'>καὶ</span> <span class='ocrx_word' id='word_1_190' title='bbox 3257 1392 3519 1458; x_wconf 82' lang='grc' dir='ltr'>εἰσελθεῖν,</span> <span class='ocrx_word' id='word_1_191' title='bbox 3602 1398 3792 1464; x_wconf 81' lang='grc' dir='ltr'>χωρεῖς</span> <span class='ocrx_word' id='word_1_192' title='bbox 3862 1391 3934 1451; x_wconf 86' lang='grc' dir='ltr'>εἰς</span> 
     </span>
    </p>
   </div>
   <div class='ocr_carea' id='block_1_30' title="bbox 2340 1470 3937 1554">
    <p class='ocr_par' dir='ltr' id='par_1_30' title="bbox 2340 1470 3937 1554">
     <span class='ocr_line' id='line_1_30' title="bbox 2340 1470 3937 1554; baseline 0.01 -31"><span class='ocrx_word' id='word_1_193' title='bbox 2340 1470 2525 1544; x_wconf 82' lang='grc' dir='ltr'>βάθος,</span> <span class='ocrx_word' id='word_1_194' title='bbox 2588 1481 2675 1529; x_wconf 84' lang='grc' dir='ltr'>καὶ</span> <span class='ocrx_word' id='word_1_195' title='bbox 2743 1474 2892 1531; x_wconf 65' lang='grc' dir='ltr'>οὐδὲν</span> <span class='ocrx_word' id='word_1_196' title='bbox 2963 1480 3338 1552; x_wconf 89' lang='grc' dir='ltr'>καταμλϐάνεις</span> <span class='ocrx_word' id='word_1_197' title='bbox 3400 1503 3411 1515; x_wconf 91' lang='grc'>·</span> <span class='ocrx_word' id='word_1_198' title='bbox 3455 1481 3618 1542; x_wconf 83' lang='grc' dir='ltr'>αὑτὰς</span> <span class='ocrx_word' id='word_1_199' title='bbox 3679 1482 3781 1554; x_wconf 77' lang='grc' dir='ltr'>γὰρ</span> <span class='ocrx_word' id='word_1_200' title='bbox 3840 1482 3937 1540; x_wconf 81' lang='grc' dir='ltr'>τὰς</span> 
     </span>
    </p>
   </div>
   <div class='ocr_carea' id='block_1_31' title="bbox 2340 1560 3939 1643">
    <p class='ocr_par' dir='ltr' id='par_1_31' title="bbox 2340 1560 3939 1643">
     <span class='ocr_line' id='line_1_31' title="bbox 2340 1560 3939 1643; baseline 0.006 -31"><span class='ocrx_word' id='word_1_201' title='bbox 2340 1560 2634 1634; x_wconf 76' lang='grc' dir='ltr'>ἐπισκέψεις</span> <span class='ocrx_word' id='word_1_202' title='bbox 2684 1568 2780 1628; x_wconf 85' lang='grc' dir='ltr'>τὰς</span> <span class='ocrx_word' id='word_1_203' title='bbox 2841 1573 3144 1640; x_wconf 71' lang='grc' dir='ltr'>γιγνομένας</span> <span class='ocrx_word' id='word_1_204' title='bbox 3205 1589 3308 1634; x_wconf 91' lang='grc' dir='ltr'>σοι,</span> <span class='ocrx_word' id='word_1_205' title='bbox 3370 1575 3420 1622; x_wconf 91' lang='grc' dir='ltr'>τί</span> <span class='ocrx_word' id='word_1_206' title='bbox 3477 1569 3755 1643; x_wconf 78' lang='grc' dir='ltr'>ὶργάζεται</span> <span class='ocrx_word' id='word_1_207' title='bbox 3818 1571 3939 1621; x_wconf 88' lang='grc' dir='ltr'>καθ’</span> 
     </span>
    </p>
   </div>
   <div class='ocr_carea' id='block_1_32' title="bbox 2342 1653 3947 1734">
    <p class='ocr_par' dir='ltr' id='par_1_32' title="bbox 2342 1653 3947 1734">
     <span class='ocr_line' id='line_1_32' title="bbox 2342 1653 3947 1734; baseline 0.004 -31"><span class='ocrx_word' id='word_1_208' title='bbox 2342 1653 2537 1725; x_wconf 81' lang='grc' dir='ltr'>ἡμέραν</span> <span class='ocrx_word' id='word_1_209' title='bbox 2593 1654 2641 1705; x_wconf 70' lang='grc' dir='ltr'>ἐν</span> <span class='ocrx_word' id='word_1_210' title='bbox 2686 1661 2791 1720; x_wconf 83' lang='grc' dir='ltr'>σοὶ,</span> <span class='ocrx_word' id='word_1_211' title='bbox 2836 1662 2924 1711; x_wconf 78' lang='grc' dir='ltr'>καὶ</span> <span class='ocrx_word' id='word_1_212' title='bbox 2969 1667 3094 1722; x_wconf 88' lang='grc' dir='ltr'>πῶς,</span> <span class='ocrx_word' id='word_1_213' title='bbox 3146 1658 3353 1734; x_wconf 76' lang='grc' dir='ltr'>άῤῥητά</span> <span class='ocrx_word' id='word_1_214' title='bbox 3401 1658 3532 1723; x_wconf 79' lang='grc' dir='ltr'>ἐστι,</span> <span class='ocrx_word' id='word_1_215' title='bbox 3599 1663 3689 1711; x_wconf 80' lang='grc' dir='ltr'>καὶ</span> <span class='ocrx_word' id='word_1_216' title='bbox 3749 1657 3947 1710; x_wconf 81' lang='grc' dir='ltr'>ἀκατά-</span> 
     </span>
    </p>
   </div>
   <div class='ocr_carea' id='block_1_33' title="bbox 580 1740 2233 1821">
    <p class='ocr_par' dir='ltr' id='par_1_33' title="bbox 580 1741 2233 1813">
     <span class='ocr_line' id='line_1_33' title="bbox 580 1741 2233 1813; baseline -0.003 -14"><span class='ocrx_word' id='word_1_217' title='bbox 580 1759 815 1800; x_wconf 74' lang='lat' dir='ltr'>arcanae</span> <span class='ocrx_word' id='word_1_218' title='bbox 845 1749 983 1799; x_wconf 91' lang='lat' dir='ltr'>sunt</span> <span class='ocrx_word' id='word_1_219' title='bbox 1010 1750 1064 1799; x_wconf 90' lang='lat' dir='ltr'>et</span> <span class='ocrx_word' id='word_1_220' title='bbox 1084 1741 1736 1813; x_wconf 88' lang='lat' dir='ltr'>incomprehensibiles,</span> <span class='ocrx_word' id='word_1_221' title='bbox 1772 1742 1883 1796; x_wconf 91' lang='lat' dir='ltr'>nisi</span> <span class='ocrx_word' id='word_1_222' title='bbox 1915 1741 2079 1812; x_wconf 87' lang='lat' dir='ltr'>quod</span> <span class='ocrx_word' id='word_1_223' title='bbox 2104 1746 2233 1794; x_wconf 88' lang='lat' dir='ltr'>tan-</span> 
     </span>
    </p>
   </div>
   <div class='ocr_carea' id='block_1_34' title="bbox 2343 1740 3947 1821">
    <p class='ocr_par' dir='ltr' id='par_1_34' title="bbox 2343 1740 3947 1821">
     <span class='ocr_line' id='line_1_34' title="bbox 2343 1740 3947 1821; baseline 0.012 -30"><span class='ocrx_word' id='word_1_224' title='bbox 2343 1740 2531 1806; x_wconf 82' lang='grc' dir='ltr'>).ηπτᾶ,</span> <span class='ocrx_word' id='word_1_225' title='bbox 2599 1745 2628 1802; x_wconf 79' lang='grc' dir='ltr'><strong>ἣ</strong></span> <span class='ocrx_word' id='word_1_226' title='bbox 2712 1750 2863 1816; x_wconf 84' lang='grc' dir='ltr'>μόνον</span> <span class='ocrx_word' id='word_1_227' title='bbox 2917 1744 3170 1810; x_wconf 81' lang='grc' dir='ltr'>δέξασθαι</span> <span class='ocrx_word' id='word_1_228' title='bbox 3241 1752 3372 1818; x_wconf 82' lang='grc' dir='ltr'>μετὰ</span> <span class='ocrx_word' id='word_1_229' title='bbox 3438 1749 3780 1821; x_wconf 70' lang='grc' dir='ltr'>εὐχαριστίας</span> <span class='ocrx_word' id='word_1_230' title='bbox 3855 1752 3947 1800; x_wconf 77' lang='grc' dir='ltr'>καὶ</span> 
     </span>
    </p>
   </div>
   <div class='ocr_carea' id='block_1_35' title="bbox 584 1829 2233 1901">
    <p class='ocr_par' dir='ltr' id='par_1_35' title="bbox 584 1829 2233 1901">
     <span class='ocr_line' id='line_1_35' title="bbox 584 1829 2233 1901; baseline -0.002 -15"><span class='ocrx_word' id='word_1_231' title='bbox 584 1837 707 1886; x_wconf 86' lang='lat' dir='ltr'>tum</span> <span class='ocrx_word' id='word_1_232' title='bbox 733 1832 848 1886; x_wconf 88' lang='lat' dir='ltr'>sint</span> <span class='ocrx_word' id='word_1_233' title='bbox 878 1849 1016 1886; x_wconf 90' lang='lat' dir='ltr'>cum</span> <span class='ocrx_word' id='word_1_234' title='bbox 1048 1831 1373 1901; x_wconf 86' lang='lat' dir='ltr'>gratiarum</span> <span class='ocrx_word' id='word_1_235' title='bbox 1413 1831 1642 1885; x_wconf 90' lang='lat' dir='ltr'>actione</span> <span class='ocrx_word' id='word_1_236' title='bbox 1688 1829 2109 1899; x_wconf 63' lang='lat' dir='ltr'>suscipiendae,</span> <span class='ocrx_word' id='word_1_237' title='bbox 2145 1833 2233 1883; x_wconf 91' lang='lat' dir='ltr'>at-</span> 
     </span>
    </p>
   </div>
   <div class='ocr_carea' id='block_1_36' title="bbox 581 1918 2232 1991">
    <p class='ocr_par' dir='ltr' id='par_1_36' title="bbox 581 1918 2232 1991">
     <span class='ocr_line' id='line_1_36' title="bbox 581 1918 2232 1991; baseline -0.003 -16"><span class='ocrx_word' id='word_1_238' title='bbox 581 1936 698 1991; x_wconf 86' lang='lat' dir='ltr'>que</span> <span class='ocrx_word' id='word_1_239' title='bbox 729 1920 1093 1975; x_wconf 90' lang='lat' dir='ltr'>credendum</span> <span class='ocrx_word' id='word_1_240' title='bbox 1154 1920 1244 1974; x_wconf 89' lang='lat' dir='ltr'>sit.</span> <span class='ocrx_word' id='word_1_241' title='bbox 1303 1919 1579 1974; x_wconf 83' lang='lat' dir='ltr'>Animam</span> <span class='ocrx_word' id='word_1_242' title='bbox 1613 1918 1771 1974; x_wconf 92' lang='lat' dir='ltr'>enim</span> <span class='ocrx_word' id='word_1_243' title='bbox 1802 1923 1986 1983; x_wconf 88' lang='lat' dir='ltr'>tuam,</span> <span class='ocrx_word' id='word_1_244' title='bbox 2019 1933 2088 1972; x_wconf 83' lang='lat' dir='ltr'>ex</span> <span class='ocrx_word' id='word_1_245' title='bbox 2110 1932 2232 1989; x_wconf 90' lang='lat' dir='ltr'>quo</span> 
     </span>
    </p>
   </div>
   <div class='ocr_carea' id='block_1_37' title="bbox 583 2007 2233 2080">
    <p class='ocr_par' dir='ltr' id='par_1_37' title="bbox 583 2007 2233 2080">
     <span class='ocr_line' id='line_1_37' title="bbox 583 2007 2233 2080; baseline -0.002 -16"><span class='ocrx_word' id='word_1_246' title='bbox 583 2015 759 2064; x_wconf 91' lang='lat' dir='ltr'>natus</span> <span class='ocrx_word' id='word_1_247' title='bbox 791 2024 854 2064; x_wconf 92' lang='lat' dir='ltr'>es</span> <span class='ocrx_word' id='word_1_248' title='bbox 889 2009 966 2064; x_wconf 88' lang='lat' dir='ltr'>ad</span> <span class='ocrx_word' id='word_1_249' title='bbox 990 2009 1151 2064; x_wconf 90' lang='lat' dir='ltr'>hunc</span> <span class='ocrx_word' id='word_1_250' title='bbox 1202 2024 1393 2080; x_wconf 89' lang='lat' dir='ltr'>usque</span> <span class='ocrx_word' id='word_1_251' title='bbox 1424 2008 1605 2072; x_wconf 90' lang='lat' dir='ltr'>diem,</span> <span class='ocrx_word' id='word_1_252' title='bbox 1640 2007 1964 2079; x_wconf 86' lang='lat' dir='ltr'>potuistine</span> <span class='ocrx_word' id='word_1_253' title='bbox 2014 2022 2233 2076; x_wconf 87' lang='lat' dir='ltr'>cogno-</span> 
     </span>
    </p>
   </div>
   <div class='ocr_carea' id='block_1_38' title="bbox 585 2096 2235 2167">
    <p class='ocr_par' dir='ltr' id='par_1_38' title="bbox 585 2096 2235 2167">
     <span class='ocr_line' id='line_1_38' title="bbox 585 2096 2235 2167; baseline -0.002 -14"><span class='ocrx_word' id='word_1_254' title='bbox 585 2114 748 2153; x_wconf 91' lang='lat' dir='ltr'>scere</span> <span class='ocrx_word' id='word_1_255' title='bbox 774 2097 802 2153; x_wconf 73' lang='lat' dir='ltr'>‘I</span> <span class='ocrx_word' id='word_1_256' title='bbox 825 2113 1066 2153; x_wconf 87' lang='lat' dir='ltr'>recense</span> <span class='ocrx_word' id='word_1_257' title='bbox 1097 2114 1238 2166; x_wconf 93' lang='lat' dir='ltr'>ergo</span> <span class='ocrx_word' id='word_1_258' title='bbox 1272 2098 1415 2152; x_wconf 88' lang='lat' dir='ltr'>mihi</span> <span class='ocrx_word' id='word_1_259' title='bbox 1444 2114 1480 2153; x_wconf 87' lang='lat' dir='ltr'>a</span> <span class='ocrx_word' id='word_1_260' title='bbox 1504 2112 1678 2152; x_wconf 89' lang='lat' dir='ltr'>mane</span> <span class='ocrx_word' id='word_1_261' title='bbox 1700 2096 1776 2151; x_wconf 90' lang='lat' dir='ltr'>ad</span> <span class='ocrx_word' id='word_1_262' title='bbox 1809 2111 2117 2167; x_wconf 86' lang='lat' dir='ltr'>vesperam</span> <span class='ocrx_word' id='word_1_263' title='bbox 2143 2112 2235 2149; x_wconf 91' lang='lat' dir='ltr'>us-</span> 
     </span>
    </p>
   </div>
   <div class='ocr_carea' id='block_1_39' title="bbox 583 2184 2233 2259">
    <p class='ocr_par' dir='ltr' id='par_1_39' title="bbox 583 2184 2233 2259">
     <span class='ocr_line' id='line_1_39' title="bbox 583 2184 2233 2259; baseline -0.002 -17"><span class='ocrx_word' id='word_1_264' title='bbox 583 2204 701 2259; x_wconf 86' lang='lat' dir='ltr'>que</span> <span class='ocrx_word' id='word_1_265' title='bbox 730 2188 1114 2243; x_wconf 86' lang='lat' dir='ltr'>scaturientes</span> <span class='ocrx_word' id='word_1_266' title='bbox 1144 2187 1203 2241; x_wconf 91' lang='lat' dir='ltr'>in</span> <span class='ocrx_word' id='word_1_267' title='bbox 1237 2192 1288 2241; x_wconf 90' lang='lat' dir='ltr'>te</span> <span class='ocrx_word' id='word_1_268' title='bbox 1320 2185 1732 2255; x_wconf 89' lang='lat' dir='ltr'>cogitationes.</span> <span class='ocrx_word' id='word_1_269' title='bbox 1769 2186 1866 2239; x_wconf 91' lang='lat' dir='ltr'>Dic</span> <span class='ocrx_word' id='word_1_270' title='bbox 1897 2185 2037 2239; x_wconf 91' lang='lat' dir='ltr'>mihi</span> <span class='ocrx_word' id='word_1_271' title='bbox 2071 2184 2233 2252; x_wconf 85' lang='lat' dir='ltr'>cogi-</span> 
     </span>
    </p>
   </div>
   <div class='ocr_carea' id='block_1_40' title="bbox 584 2273 2237 2344">
    <p class='ocr_par' dir='ltr' id='par_1_40' title="bbox 584 2273 2237 2344">
     <span class='ocr_line' id='line_1_40' title="bbox 584 2273 2237 2344; baseline -0.002 -13"><span class='ocrx_word' id='word_1_272' title='bbox 584 2275 837 2331; x_wconf 89' lang='lat' dir='ltr'>tationes</span> <span class='ocrx_word' id='word_1_273' title='bbox 882 2276 1057 2330; x_wconf 92' lang='lat' dir='ltr'>trium</span> <span class='ocrx_word' id='word_1_274' title='bbox 1116 2276 1387 2341; x_wconf 91' lang='lat' dir='ltr'>dierum;</span> <span class='ocrx_word' id='word_1_275' title='bbox 1424 2279 1481 2329; x_wconf 91' lang='lat' dir='ltr'>at</span> <span class='ocrx_word' id='word_1_276' title='bbox 1530 2289 1650 2328; x_wconf 92' lang='lat' dir='ltr'>non</span> <span class='ocrx_word' id='word_1_277' title='bbox 1700 2279 1887 2344; x_wconf 91' lang='lat' dir='ltr'>poles.</span> <span class='ocrx_word' id='word_1_278' title='bbox 1948 2273 2002 2328; x_wconf 92' lang='lat' dir='ltr'>Si</span> <span class='ocrx_word' id='word_1_279' title='bbox 2056 2273 2237 2342; x_wconf 88' lang='lat' dir='ltr'>igitur</span> 
     </span>
    </p>
   </div>
   <div class='ocr_carea' id='block_1_41' title="bbox 583 2362 2237 2434">
    <p class='ocr_par' dir='ltr' id='par_1_41' title="bbox 583 2362 2237 2434">
     <span class='ocr_line' id='line_1_41' title="bbox 583 2362 2237 2434; baseline -0.002 -14"><span class='ocrx_word' id='word_1_280' title='bbox 583 2365 975 2434; x_wconf 78' lang='lat' dir='ltr'>cogitationes</span> <span class='ocrx_word' id='word_1_281' title='bbox 1004 2365 1220 2419; x_wconf 72' lang='lat' dir='ltr'>animae</span> <span class='ocrx_word' id='word_1_282' title='bbox 1243 2370 1357 2418; x_wconf 74' lang='lat' dir='ltr'>tuae</span> <span class='ocrx_word' id='word_1_283' title='bbox 1379 2363 1885 2433; x_wconf 87' lang='lat' dir='ltr'>comprehendere</span> <span class='ocrx_word' id='word_1_284' title='bbox 1902 2378 2023 2417; x_wconf 90' lang='lat' dir='ltr'>non</span> <span class='ocrx_word' id='word_1_285' title='bbox 2049 2362 2237 2432; x_wconf 90' lang='lat' dir='ltr'>potui-</span> 
     </span>
    </p>
   </div>
   <div class='ocr_carea' id='block_1_42' title="bbox 584 2450 2239 2524">
    <p class='ocr_par' dir='ltr' id='par_1_42' title="bbox 584 2450 2239 2524">
     <span class='ocr_line' id='line_1_42' title="bbox 584 2450 2239 2524; baseline -0.002 -15"><span class='ocrx_word' id='word_1_286' title='bbox 584 2455 677 2519; x_wconf 91' lang='lat' dir='ltr'>sti,</span> <span class='ocrx_word' id='word_1_287' title='bbox 708 2454 1095 2523; x_wconf 85' lang='lat' dir='ltr'>cogitationes</span> <span class='ocrx_word' id='word_1_288' title='bbox 1130 2453 1231 2508; x_wconf 91' lang='lat' dir='ltr'>Dei</span> <span class='ocrx_word' id='word_1_289' title='bbox 1262 2458 1442 2524; x_wconf 84' lang='lat' dir='ltr'>atque</span> <span class='ocrx_word' id='word_1_290' title='bbox 1469 2458 1731 2507; x_wconf 88' lang='lat' dir='ltr'>mentem</span> <span class='ocrx_word' id='word_1_291' title='bbox 1778 2451 1876 2506; x_wconf 91' lang='lat' dir='ltr'>Dei</span> <span class='ocrx_word' id='word_1_292' title='bbox 1929 2450 2239 2522; x_wconf 87' lang='lat' dir='ltr'>quomodo</span> 
     </span>
    </p>
   </div>
   <div class='ocr_carea' id='block_1_43' title="bbox 584 2542 1091 2613">
    <p class='ocr_par' dir='ltr' id='par_1_43' title="bbox 584 2542 1091 2613">
     <span class='ocr_line' id='line_1_43' title="bbox 584 2542 1091 2613; baseline -0.004 -16"><span class='ocrx_word' id='word_1_293' title='bbox 584 2546 752 2613; x_wconf 89' lang='lat' dir='ltr'>potes</span> <span class='ocrx_word' id='word_1_294' title='bbox 792 2542 1041 2597; x_wconf 90' lang='lat' dir='ltr'>scrutari</span> <span class='ocrx_word' id='word_1_295' title='bbox 1064 2542 1091 2595; x_wconf 85' lang='lat'><strong>?</strong></span> 
     </span>
    </p>
   </div>
   <div class='ocr_carea' id='block_1_44' title="bbox 662 2641 2236 2719">
    <p class='ocr_par' dir='ltr' id='par_1_44' title="bbox 662 2641 2236 2719">
     <span class='ocr_line' id='line_1_44' title="bbox 662 2641 2236 2719; baseline -0.001 -16"><span class='ocrx_word' id='word_1_296' title='bbox 662 2647 773 2719; x_wconf 73' lang='grc'><strong>47</strong></span> <span class='ocrx_word' id='word_1_297' title='bbox 802 2648 908 2703; x_wconf 81' lang='lat' dir='ltr'><strong>XII.</strong></span> <span class='ocrx_word' id='word_1_298' title='bbox 938 2641 1154 2703; x_wconf 86' lang='lat' dir='ltr'>Verum</span> <span class='ocrx_word' id='word_1_299' title='bbox 1177 2652 1238 2703; x_wconf 92' lang='lat' dir='ltr'>tu</span> <span class='ocrx_word' id='word_1_300' title='bbox 1260 2651 1553 2719; x_wconf 90' lang='lat' dir='ltr'>quantum</span> <span class='ocrx_word' id='word_1_301' title='bbox 1581 2646 1831 2711; x_wconf 90' lang='lat' dir='ltr'>invenis,</span> <span class='ocrx_word' id='word_1_302' title='bbox 1862 2646 1970 2701; x_wconf 91' lang='lat' dir='ltr'>ede</span> <span class='ocrx_word' id='word_1_303' title='bbox 1992 2662 2236 2718; x_wconf 92' lang='lat' dir='ltr'>panem,</span> 
     </span>
    </p>
   </div>
   <div class='ocr_carea' id='block_1_45' title="bbox 586 2736 2237 2806">
    <p class='ocr_par' dir='ltr' id='par_1_45' title="bbox 586 2736 2237 2806">
     <span class='ocr_line' id='line_1_45' title="bbox 586 2736 2237 2806; baseline -0.002 -14"><span class='ocrx_word' id='word_1_304' title='bbox 586 2752 657 2792; x_wconf 87' lang='lat' dir='ltr'>ac</span> <span class='ocrx_word' id='word_1_305' title='bbox 688 2737 1029 2791; x_wconf 83' lang='lat' dir='ltr'>universam</span> <span class='ocrx_word' id='word_1_306' title='bbox 1056 2741 1272 2791; x_wconf 86' lang='lat' dir='ltr'>terram</span> <span class='ocrx_word' id='word_1_307' title='bbox 1296 2736 1523 2791; x_wconf 88' lang='lat' dir='ltr'>dimitte</span> <span class='ocrx_word' id='word_1_308' title='bbox 1546 2753 1560 2801; x_wconf 88' lang='lat'><strong>;</strong></span> <span class='ocrx_word' id='word_1_309' title='bbox 1600 2740 1657 2790; x_wconf 87' lang='lat' dir='ltr'>et</span> <span class='ocrx_word' id='word_1_310' title='bbox 1674 2736 1772 2790; x_wconf 88' lang='lat' dir='ltr'>abi</span> <span class='ocrx_word' id='word_1_311' title='bbox 1800 2736 1878 2790; x_wconf 87' lang='lat' dir='ltr'>ad</span> <span class='ocrx_word' id='word_1_312' title='bbox 1904 2736 2097 2806; x_wconf 88' lang='lat' dir='ltr'>ripam</span> <span class='ocrx_word' id='word_1_313' title='bbox 2130 2736 2237 2791; x_wconf 91' lang='lat' dir='ltr'>ﬂu-</span> 
     </span>
    </p>
   </div>
   <div class='ocr_carea' id='block_1_46' title="bbox 584 2824 2239 2895">
    <p class='ocr_par' dir='ltr' id='par_1_46' title="bbox 584 2824 2239 2895">
     <span class='ocr_line' id='line_1_46' title="bbox 584 2824 2239 2895; baseline -0.001 -16"><span class='ocrx_word' id='word_1_314' title='bbox 584 2825 781 2888; x_wconf 88' lang='lat' dir='ltr'>minis,</span> <span class='ocrx_word' id='word_1_315' title='bbox 817 2840 887 2880; x_wconf 91' lang='lat' dir='ltr'>ac</span> <span class='ocrx_word' id='word_1_316' title='bbox 940 2824 1079 2879; x_wconf 91' lang='lat' dir='ltr'>bibe</span> <span class='ocrx_word' id='word_1_317' title='bbox 1136 2829 1429 2895; x_wconf 89' lang='lat' dir='ltr'>quantum</span> <span class='ocrx_word' id='word_1_318' title='bbox 1462 2824 1728 2893; x_wconf 89' lang='lat' dir='ltr'>indiges;</span> <span class='ocrx_word' id='word_1_319' title='bbox 1783 2841 1922 2879; x_wconf 87' lang='lat' dir='ltr'>mox</span> <span class='ocrx_word' id='word_1_320' title='bbox 1954 2824 2097 2890; x_wconf 90' lang='lat' dir='ltr'>redi,</span> <span class='ocrx_word' id='word_1_321' title='bbox 2132 2840 2239 2878; x_wconf 91' lang='lat' dir='ltr'>nec</span> 
     </span>
    </p>
   </div>
   <div class='ocr_carea' id='block_1_47' title="bbox 585 2912 2232 2984">
    <p class='ocr_par' dir='ltr' id='par_1_47' title="bbox 585 2912 2232 2984">
     <span class='ocr_line' id='line_1_47' title="bbox 585 2912 2232 2984; baseline 0 -17"><span class='ocrx_word' id='word_1_322' title='bbox 585 2913 836 2984; x_wconf 88' lang='lat' dir='ltr'>inquire,</span> <span class='ocrx_word' id='word_1_323' title='bbox 900 2913 1058 2967; x_wconf 90' lang='lat' dir='ltr'>unde</span> <span class='ocrx_word' id='word_1_324' title='bbox 1112 2917 1444 2983; x_wconf 88' lang='lat' dir='ltr'>permanet,</span> <span class='ocrx_word' id='word_1_325' title='bbox 1526 2920 1627 2968; x_wconf 89' lang='lat' dir='ltr'>aut</span> <span class='ocrx_word' id='word_1_326' title='bbox 1703 2913 2013 2983; x_wconf 89' lang='lat' dir='ltr'>quomodo</span> <span class='ocrx_word' id='word_1_327' title='bbox 2068 2912 2232 2967; x_wconf 88' lang='lat' dir='ltr'>ﬂuat.</span> 
     </span>
    </p>
   </div>
   <div class='ocr_carea' id='block_1_48' title="bbox 585 3002 2237 3073">
    <p class='ocr_par' dir='ltr' id='par_1_48' title="bbox 585 3002 2237 3073">
     <span class='ocr_line' id='line_1_48' title="bbox 585 3002 2237 3073; baseline 0 -16"><span class='ocrx_word' id='word_1_328' title='bbox 585 3004 747 3057; x_wconf 87' lang='lat' dir='ltr'>Nava</span> <span class='ocrx_word' id='word_1_329' title='bbox 770 3018 1038 3073; x_wconf 89' lang='lat' dir='ltr'>operam,</span> <span class='ocrx_word' id='word_1_330' title='bbox 1059 3007 1115 3057; x_wconf 92' lang='lat' dir='ltr'>ut</span> <span class='ocrx_word' id='word_1_331' title='bbox 1136 3008 1379 3056; x_wconf 88' lang='lat' dir='ltr'>sanetur</span> <span class='ocrx_word' id='word_1_332' title='bbox 1408 3017 1516 3072; x_wconf 91' lang='lat' dir='ltr'>pes</span> <span class='ocrx_word' id='word_1_333' title='bbox 1533 3006 1689 3067; x_wconf 89' lang='lat' dir='ltr'>tuus,</span> <span class='ocrx_word' id='word_1_334' title='bbox 1706 3002 2069 3056; x_wconf 89' lang='lat' dir='ltr'>autmorbus</span> <span class='ocrx_word' id='word_1_335' title='bbox 2083 3002 2237 3057; x_wconf 91' lang='lat' dir='ltr'>oculi</span> 
     </span>
    </p>
   </div>
   <div class='ocr_carea' id='block_1_49' title="bbox 582 3090 2234 3162">
    <p class='ocr_par' dir='ltr' id='par_1_49' title="bbox 582 3090 2234 3162">
     <span class='ocr_line' id='line_1_49' title="bbox 582 3090 2234 3162; baseline 0 -16"><span class='ocrx_word' id='word_1_336' title='bbox 582 3090 687 3154; x_wconf 91' lang='lat' dir='ltr'>tui,</span> <span class='ocrx_word' id='word_1_337' title='bbox 717 3095 781 3144; x_wconf 89' lang='lat' dir='ltr'>ut</span> <span class='ocrx_word' id='word_1_338' title='bbox 810 3091 1070 3162; x_wconf 87' lang='lat' dir='ltr'>aspicias</span> <span class='ocrx_word' id='word_1_339' title='bbox 1127 3090 1331 3145; x_wconf 89' lang='lat' dir='ltr'>lumen</span> <span class='ocrx_word' id='word_1_340' title='bbox 1365 3090 1523 3155; x_wconf 85' lang='lat' dir='ltr'>solis,</span> <span class='ocrx_word' id='word_1_341' title='bbox 1560 3105 1669 3145; x_wconf 90' lang='lat' dir='ltr'>nec</span> <span class='ocrx_word' id='word_1_342' title='bbox 1706 3091 1937 3145; x_wconf 88' lang='lat' dir='ltr'>curiose</span> <span class='ocrx_word' id='word_1_343' title='bbox 1965 3090 2234 3160; x_wconf 89' lang='lat' dir='ltr'>indages,</span> 
     </span>
    </p>
   </div>
   <div class='ocr_carea' id='block_1_50' title="bbox 582 3177 2239 3252">
    <p class='ocr_par' dir='ltr' id='par_1_50' title="bbox 582 3177 2239 3252">
     <span class='ocr_line' id='line_1_50' title="bbox 582 3177 2239 3252; baseline -0.001 -17"><span class='ocrx_word' id='word_1_344' title='bbox 582 3184 876 3251; x_wconf 88' lang='lat' dir='ltr'>quantum</span> <span class='ocrx_word' id='word_1_345' title='bbox 908 3177 1148 3234; x_wconf 89' lang='lat' dir='ltr'>luminis</span> <span class='ocrx_word' id='word_1_346' title='bbox 1170 3178 1599 3242; x_wconf 88' lang='lat' dir='ltr'>contineatso],</span> <span class='ocrx_word' id='word_1_347' title='bbox 1625 3180 1806 3234; x_wconf 88' lang='lat' dir='ltr'>autin</span> <span class='ocrx_word' id='word_1_348' title='bbox 1832 3184 2015 3252; x_wconf 89' lang='lat' dir='ltr'>quoto</span> <span class='ocrx_word' id='word_1_349' title='bbox 2038 3195 2239 3235; x_wconf 84' lang='lat' dir='ltr'>exsur-</span> 
     </span>
    </p>
   </div>
   <div class='ocr_carea' id='block_1_51' title="bbox 582 3268 2234 3341">
    <p class='ocr_par' dir='ltr' id='par_1_51' title="bbox 582 3268 2234 3341">
     <span class='ocr_line' id='line_1_51' title="bbox 582 3268 2234 3341; baseline 0 -18"><span class='ocrx_word' id='word_1_350' title='bbox 582 3273 683 3341; x_wconf 87' lang='lat' dir='ltr'>gat</span> <span class='ocrx_word' id='word_1_351' title='bbox 704 3270 893 3339; x_wconf 90' lang='lat' dir='ltr'>signo.</span> <span class='ocrx_word' id='word_1_352' title='bbox 930 3268 1097 3332; x_wconf 87' lang='lat' dir='ltr'>Quod</span> <span class='ocrx_word' id='word_1_353' title='bbox 1126 3269 1285 3322; x_wconf 91' lang='lat' dir='ltr'>cedit</span> <span class='ocrx_word' id='word_1_354' title='bbox 1314 3268 1374 3322; x_wconf 90' lang='lat' dir='ltr'>in</span> <span class='ocrx_word' id='word_1_355' title='bbox 1397 3268 1787 3323; x_wconf 90' lang='lat' dir='ltr'>commodum</span> <span class='ocrx_word' id='word_1_356' title='bbox 1810 3273 1975 3323; x_wconf 91' lang='lat' dir='ltr'>tuum</span> <span class='ocrx_word' id='word_1_357' title='bbox 2012 3270 2234 3340; x_wconf 90' lang='lat' dir='ltr'>accipe.</span> 
     </span>
    </p>
   </div>
   <div class='ocr_carea' id='block_1_52' title="bbox 585 3356 2238 3428">
    <p class='ocr_par' dir='ltr' id='par_1_52' title="bbox 585 3356 2238 3428">
     <span class='ocr_line' id='line_1_52' title="bbox 585 3356 2238 3428; baseline 0.001 -17"><span class='ocrx_word' id='word_1_358' title='bbox 585 3359 649 3411; x_wconf 91' lang='lat' dir='ltr'>Et</span> <span class='ocrx_word' id='word_1_359' title='bbox 697 3356 843 3428; x_wconf 92' lang='lat' dir='ltr'>quid</span> <span class='ocrx_word' id='word_1_360' title='bbox 888 3356 1164 3411; x_wconf 89' lang='lat' dir='ltr'>ascendis</span> <span class='ocrx_word' id='word_1_361' title='bbox 1199 3360 1418 3419; x_wconf 89' lang='lat' dir='ltr'>monte,</span> <span class='ocrx_word' id='word_1_362' title='bbox 1476 3361 1529 3411; x_wconf 91' lang='lat' dir='ltr'>et</span> <span class='ocrx_word' id='word_1_363' title='bbox 1568 3356 1917 3426; x_wconf 84' lang='lat' dir='ltr'>investigas,</span> <span class='ocrx_word' id='word_1_364' title='bbox 1948 3364 2094 3428; x_wconf 90' lang='lat' dir='ltr'>quot</span> <span class='ocrx_word' id='word_1_365' title='bbox 2124 3358 2238 3412; x_wconf 89' lang='lat' dir='ltr'>illic</span> 
     </span>
    </p>
   </div>
   <div class='ocr_carea' id='block_1_53' title="bbox 582 3444 2238 3518">
    <p class='ocr_par' dir='ltr' id='par_1_53' title="bbox 582 3444 2238 3518">
     <span class='ocr_line' id='line_1_53' title="bbox 582 3444 2238 3518; baseline 0.001 -19"><span class='ocrx_word' id='word_1_366' title='bbox 582 3449 905 3515; x_wconf 88' lang='lat' dir='ltr'>pascantur</span> <span class='ocrx_word' id='word_1_367' title='bbox 937 3445 1147 3512; x_wconf 89' lang='lat' dir='ltr'>onagri</span> <span class='ocrx_word' id='word_1_368' title='bbox 1178 3449 1282 3499; x_wconf 92' lang='lat' dir='ltr'>aut</span> <span class='ocrx_word' id='word_1_369' title='bbox 1334 3444 1540 3499; x_wconf 65' lang='lat' dir='ltr'>bestiae</span> <span class='ocrx_word' id='word_1_370' title='bbox 1569 3445 1596 3500; x_wconf 88' lang='lat'><strong>?</strong></span> <span class='ocrx_word' id='word_1_371' title='bbox 1625 3450 1681 3499; x_wconf 91' lang='lat' dir='ltr'>et</span> <span class='ocrx_word' id='word_1_372' title='bbox 1711 3445 1945 3515; x_wconf 89' lang='lat' dir='ltr'>puellus</span> <span class='ocrx_word' id='word_1_373' title='bbox 1990 3448 2238 3518; x_wconf 90' lang='lat' dir='ltr'>quando</span> 
     </span>
    </p>
   </div>
   <div class='ocr_carea' id='block_1_54' title="bbox 586 3531 2238 3597">
    <p class='ocr_par' dir='ltr' id='par_1_54' title="bbox 586 3531 2238 3597">
     <span class='ocr_line' id='line_1_54' title="bbox 586 3531 2238 3597; baseline 0.001 -9"><span class='ocrx_word' id='word_1_374' title='bbox 586 3533 814 3588; x_wconf 85' lang='lat' dir='ltr'>accedit</span> <span class='ocrx_word' id='word_1_375' title='bbox 842 3531 918 3586; x_wconf 92' lang='lat' dir='ltr'>ad</span> <span class='ocrx_word' id='word_1_376' title='bbox 952 3532 1141 3587; x_wconf 88' lang='lat' dir='ltr'>ubera</span> <span class='ocrx_word' id='word_1_377' title='bbox 1197 3532 1427 3597; x_wconf 88' lang='lat' dir='ltr'>matris,</span> <span class='ocrx_word' id='word_1_378' title='bbox 1461 3531 1714 3588; x_wconf 87' lang='lat' dir='ltr'>Iactatur</span> <span class='ocrx_word' id='word_1_379' title='bbox 1744 3539 1801 3588; x_wconf 93' lang='lat' dir='ltr'>et</span> <span class='ocrx_word' id='word_1_380' title='bbox 1828 3533 2137 3590; x_wconf 89' lang='lat' dir='ltr'>enutritur.</span> <span class='ocrx_word' id='word_1_381' title='bbox 2170 3538 2238 3589; x_wconf 85' lang='lat' dir='ltr'>At</span> 
     </span>
    </p>
   </div>
   <div class='ocr_carea' id='block_1_55' title="bbox 584 3620 2238 3691">
    <p class='ocr_par' dir='ltr' id='par_1_55' title="bbox 584 3620 2238 3691">
     <span class='ocr_line' id='line_1_55' title="bbox 584 3620 2238 3691; baseline 0.003 -17"><span class='ocrx_word' id='word_1_382' title='bbox 584 3620 770 3675; x_wconf 91' lang='lat' dir='ltr'>nescit</span> <span class='ocrx_word' id='word_1_383' title='bbox 797 3621 1049 3674; x_wconf 90' lang='lat' dir='ltr'>scrutari</span> <span class='ocrx_word' id='word_1_384' title='bbox 1080 3621 1346 3675; x_wconf 88' lang='lat' dir='ltr'>radicem</span> <span class='ocrx_word' id='word_1_385' title='bbox 1386 3626 1489 3675; x_wconf 90' lang='lat' dir='ltr'>aut</span> <span class='ocrx_word' id='word_1_386' title='bbox 1527 3621 1975 3691; x_wconf 89' lang='lat' dir='ltr'>scaturiginem,</span> <span class='ocrx_word' id='word_1_387' title='bbox 2004 3623 2125 3678; x_wconf 88' lang='lat' dir='ltr'>und</span> <span class='ocrx_word' id='word_1_388' title='bbox 2156 3626 2238 3679; x_wconf 87' lang='lat' dir='ltr'>sic</span> 
     </span>
    </p>
   </div>
   <div class='ocr_carea' id='block_1_56' title="bbox 584 3707 2237 3778">
    <p class='ocr_par' dir='ltr' id='par_1_56' title="bbox 584 3707 2237 3778">
     <span class='ocr_line' id='line_1_56' title="bbox 584 3707 2237 3778; baseline 0.002 -14"><span class='ocrx_word' id='word_1_389' title='bbox 584 3707 793 3764; x_wconf 80' lang='lat' dir='ltr'>afﬂuit.</span> <span class='ocrx_word' id='word_1_390' title='bbox 816 3708 1256 3777; x_wconf 88' lang='lat' dir='ltr'>Sugitenimlac</span> <span class='ocrx_word' id='word_1_391' title='bbox 1279 3714 1335 3764; x_wconf 93' lang='lat' dir='ltr'>et</span> <span class='ocrx_word' id='word_1_392' title='bbox 1353 3710 1658 3778; x_wconf 86' lang='lat' dir='ltr'>regionem</span> <span class='ocrx_word' id='word_1_393' title='bbox 1682 3725 1922 3765; x_wconf 92' lang='lat' dir='ltr'>omnem</span> <span class='ocrx_word' id='word_1_394' title='bbox 1940 3712 2237 3768; x_wconf 88' lang='lat' dir='ltr'>mamilla-</span> 
     </span>
    </p>
   </div>
   <div class='ocr_carea' id='block_1_57' title="bbox 581 3796 2239 3870">
    <p class='ocr_par' dir='ltr' id='par_1_57' title="bbox 581 3796 2239 3870">
     <span class='ocr_line' id='line_1_57' title="bbox 581 3796 2239 3870; baseline 0.002 -17"><span class='ocrx_word' id='word_1_395' title='bbox 581 3813 717 3853; x_wconf 89' lang='lat' dir='ltr'>rum</span> <span class='ocrx_word' id='word_1_396' title='bbox 746 3798 1049 3854; x_wconf 85' lang='lat' dir='ltr'>exhaurit:</span> <span class='ocrx_word' id='word_1_397' title='bbox 1084 3802 1139 3853; x_wconf 91' lang='lat' dir='ltr'>et</span> <span class='ocrx_word' id='word_1_398' title='bbox 1189 3796 1389 3853; x_wconf 90' lang='lat' dir='ltr'>denuo</span> <span class='ocrx_word' id='word_1_399' title='bbox 1437 3798 1553 3853; x_wconf 89' lang='lat' dir='ltr'>alia</span> <span class='ocrx_word' id='word_1_400' title='bbox 1610 3798 1757 3853; x_wconf 88' lang='lat' dir='ltr'>hora</span> <span class='ocrx_word' id='word_1_401' title='bbox 1804 3799 2063 3870; x_wconf 87' lang='lat' dir='ltr'>repletur</span> <span class='ocrx_word' id='word_1_402' title='bbox 2118 3817 2239 3856; x_wconf 89' lang='lat' dir='ltr'>ma-</span> 
     </span>
    </p>
   </div>
   <div class='ocr_carea' id='block_1_58' title="bbox 581 3886 2235 3960">
    <p class='ocr_par' dir='ltr' id='par_1_58' title="bbox 581 3886 2235 3960">
     <span class='ocr_line' id='line_1_58' title="bbox 581 3886 2235 3960; baseline 0.001 -19"><span class='ocrx_word' id='word_1_403' title='bbox 581 3886 768 3951; x_wconf 87' lang='lat' dir='ltr'>milla,</span> <span class='ocrx_word' id='word_1_404' title='bbox 792 3887 905 3943; x_wconf 91' lang='lat' dir='ltr'>hoc</span> <span class='ocrx_word' id='word_1_405' title='bbox 934 3902 1128 3959; x_wconf 89' lang='lat' dir='ltr'>neque</span> <span class='ocrx_word' id='word_1_406' title='bbox 1160 3886 1391 3957; x_wconf 91' lang='lat' dir='ltr'>puellus</span> <span class='ocrx_word' id='word_1_407' title='bbox 1418 3887 1604 3951; x_wconf 90' lang='lat' dir='ltr'>novit,</span> <span class='ocrx_word' id='word_1_408' title='bbox 1640 3902 1837 3959; x_wconf 89' lang='lat' dir='ltr'>neque</span> <span class='ocrx_word' id='word_1_409' title='bbox 1869 3896 2056 3943; x_wconf 89' lang='lat' dir='ltr'>mater</span> <span class='ocrx_word' id='word_1_410' title='bbox 2085 3891 2235 3960; x_wconf 88' lang='lat' dir='ltr'>ejus,</span> 
     </span>
    </p>
   </div>
   <div class='ocr_carea' id='block_1_59' title="bbox 562 3975 2239 4048">
    <p class='ocr_par' dir='ltr' id='par_1_59' title="bbox 562 3975 2239 4048">
     <span class='ocr_line' id='line_1_59' title="bbox 562 3975 2239 4048; baseline 0.002 -19"><span class='ocrx_word' id='word_1_411' title='bbox 562 3976 860 4048; x_wconf 42' lang='lat' dir='ltr'>xquamvis</span> <span class='ocrx_word' id='word_1_412' title='bbox 888 3991 1093 4031; x_wconf 89' lang='lat' dir='ltr'>revera</span> <span class='ocrx_word' id='word_1_413' title='bbox 1123 3975 1201 4031; x_wconf 87' lang='lat' dir='ltr'>ab</span> <span class='ocrx_word' id='word_1_414' title='bbox 1248 3975 1533 4030; x_wconf 91' lang='lat' dir='ltr'>omnibus</span> <span class='ocrx_word' id='word_1_415' title='bbox 1586 3976 1875 4031; x_wconf 85' lang='lat' dir='ltr'>membris</span> <span class='ocrx_word' id='word_1_416' title='bbox 1930 3977 2239 4048; x_wconf 88' lang='lat' dir='ltr'>proveniat</span> 
     </span>
    </p>
   </div>
   <div class='ocr_carea' id='block_1_60' title="bbox 575 4063 2239 4136">
    <p class='ocr_par' dir='ltr' id='par_1_60' title="bbox 575 4063 2239 4136">
     <span class='ocr_line' id='line_1_60' title="bbox 575 4063 2239 4136; baseline 0.001 -16"><span class='ocrx_word' id='word_1_417' title='bbox 575 4064 689 4120; x_wconf 89' lang='lat' dir='ltr'>lac.</span> <span class='ocrx_word' id='word_1_418' title='bbox 717 4064 773 4121; x_wconf 90' lang='lat' dir='ltr'>Si</span> <span class='ocrx_word' id='word_1_419' title='bbox 799 4065 1022 4136; x_wconf 61' lang='lat' dir='ltr'>qureris</span> <span class='ocrx_word' id='word_1_420' title='bbox 1049 4080 1193 4133; x_wconf 89' lang='lat' dir='ltr'>ergo</span> <span class='ocrx_word' id='word_1_421' title='bbox 1218 4063 1543 4120; x_wconf 91' lang='lat' dir='ltr'>Dominum</span> <span class='ocrx_word' id='word_1_422' title='bbox 1576 4065 1634 4119; x_wconf 91' lang='lat' dir='ltr'>in</span> <span class='ocrx_word' id='word_1_423' title='bbox 1654 4065 1972 4135; x_wconf 88' lang='lat' dir='ltr'>profundo,</span> <span class='ocrx_word' id='word_1_424' title='bbox 2012 4066 2127 4122; x_wconf 85' lang='lat' dir='ltr'>illic</span> <span class='ocrx_word' id='word_1_425' title='bbox 2154 4068 2239 4122; x_wconf 87' lang='lat' dir='ltr'>in-</span> 
     </span>
    </p>
   </div>
   <div class='ocr_carea' id='block_1_61' title="bbox 579 4152 2240 4225">
    <p class='ocr_par' dir='ltr' id='par_1_61' title="bbox 579 4152 2240 4225">
     <span class='ocr_line' id='line_1_61' title="bbox 579 4152 2240 4225; baseline 0.002 -16"><span class='ocrx_word' id='word_1_426' title='bbox 579 4154 747 4209; x_wconf 89' lang='lat' dir='ltr'>venis</span> <span class='ocrx_word' id='word_1_427' title='bbox 778 4169 916 4208; x_wconf 91' lang='lat' dir='ltr'>eum</span> <span class='ocrx_word' id='word_1_428' title='bbox 948 4155 1121 4223; x_wconf 83' lang='lat' dir='ltr'>signa</span> <span class='ocrx_word' id='word_1_429' title='bbox 1160 4152 1495 4209; x_wconf 90' lang='lat' dir='ltr'>facientem.</span> <span class='ocrx_word' id='word_1_430' title='bbox 1528 4156 1583 4209; x_wconf 90' lang='lat' dir='ltr'>Si</span> <span class='ocrx_word' id='word_1_431' title='bbox 1640 4155 1858 4225; x_wconf 73' lang='lat' dir='ltr'>quaeris</span> <span class='ocrx_word' id='word_1_432' title='bbox 1889 4171 2027 4210; x_wconf 90' lang='lat' dir='ltr'>eum</span> <span class='ocrx_word' id='word_1_433' title='bbox 2065 4156 2125 4211; x_wconf 90' lang='lat' dir='ltr'>in</span> <span class='ocrx_word' id='word_1_434' title='bbox 2159 4157 2240 4212; x_wconf 89' lang='lat' dir='ltr'>fo-</span> 
     </span>
    </p>
   </div>
   <div class='ocr_carea' id='block_1_62' title="bbox 586 4240 2237 4309">
    <p class='ocr_par' dir='ltr' id='par_1_62' title="bbox 586 4240 2237 4309">
     <span class='ocr_line' id='line_1_62' title="bbox 586 4240 2237 4309; baseline 0.005 -17"><span class='ocrx_word' id='word_1_435' title='bbox 586 4255 714 4309; x_wconf 88' lang='lat' dir='ltr'>vea,</span> <span class='ocrx_word' id='word_1_436' title='bbox 740 4240 856 4295; x_wconf 91' lang='lat' dir='ltr'>illic</span> <span class='ocrx_word' id='word_1_437' title='bbox 897 4242 1129 4296; x_wconf 89' lang='lat' dir='ltr'>invenis</span> <span class='ocrx_word' id='word_1_438' title='bbox 1182 4256 1320 4297; x_wconf 92' lang='lat' dir='ltr'>eum</span> <span class='ocrx_word' id='word_1_439' title='bbox 1370 4243 1429 4296; x_wconf 87' lang='lat' dir='ltr'>in</span> <span class='ocrx_word' id='word_1_440' title='bbox 1458 4242 1657 4297; x_wconf 92' lang='lat' dir='ltr'>medio</span> <span class='ocrx_word' id='word_1_441' title='bbox 1686 4242 1946 4297; x_wconf 93' lang='lat' dir='ltr'>duorum</span> <span class='ocrx_word' id='word_1_442' title='bbox 1993 4243 2237 4300; x_wconf 92' lang='lat' dir='ltr'>leonum</span> 
     </span>
    </p>
   </div>
   <div class='ocr_carea' id='block_1_63' title="bbox 580 4330 2234 4404">
    <p class='ocr_par' dir='ltr' id='par_1_63' title="bbox 580 4330 2234 4404">
     <span class='ocr_line' id='line_1_63' title="bbox 580 4330 2234 4404; baseline 0.002 -20"><span class='ocrx_word' id='word_1_443' title='bbox 580 4330 649 4392; x_wconf 69' lang='grc'>³⁸,</span> <span class='ocrx_word' id='word_1_444' title='bbox 677 4330 1384 4401; x_wconf 80' lang='lat' dir='ltr'>conservantemjustum</span> <span class='ocrx_word' id='word_1_445' title='bbox 1408 4331 1731 4386; x_wconf 90' lang='lat' dir='ltr'>Danielem.</span> <span class='ocrx_word' id='word_1_446' title='bbox 1765 4332 1821 4386; x_wconf 89' lang='lat' dir='ltr'>Si</span> <span class='ocrx_word' id='word_1_447' title='bbox 1849 4334 2067 4404; x_wconf 65' lang='lat' dir='ltr'>quaeris</span> <span class='ocrx_word' id='word_1_448' title='bbox 2099 4350 2234 4388; x_wconf 89' lang='lat' dir='ltr'>eum</span> 
     </span>
    </p>
   </div>
   <div class='ocr_carea' id='block_1_64' title="bbox 583 4416 2233 4486">
    <p class='ocr_par' dir='ltr' id='par_1_64' title="bbox 583 4416 2233 4486">
     <span class='ocr_line' id='line_1_64' title="bbox 583 4416 2233 4486; baseline 0.004 -16"><span class='ocrx_word' id='word_1_449' title='bbox 583 4416 643 4471; x_wconf 90' lang='lat' dir='ltr'>in</span> <span class='ocrx_word' id='word_1_450' title='bbox 675 4417 819 4486; x_wconf 90' lang='lat' dir='ltr'>igni,</span> <span class='ocrx_word' id='word_1_451' title='bbox 851 4418 967 4473; x_wconf 92' lang='lat' dir='ltr'>illic</span> <span class='ocrx_word' id='word_1_452' title='bbox 996 4419 1222 4474; x_wconf 91' lang='lat' dir='ltr'>invenis</span> <span class='ocrx_word' id='word_1_453' title='bbox 1258 4435 1396 4474; x_wconf 92' lang='lat' dir='ltr'>eum</span> <span class='ocrx_word' id='word_1_454' title='bbox 1428 4420 1717 4474; x_wconf 81' lang='lat' dir='ltr'>auxilium</span> <span class='ocrx_word' id='word_1_455' title='bbox 1748 4419 2028 4475; x_wconf 89' lang='lat' dir='ltr'>ferentem</span> <span class='ocrx_word' id='word_1_456' title='bbox 2062 4423 2233 4477; x_wconf 91' lang='lat' dir='ltr'>mini-</span> 
     </span>
    </p>
   </div>
   <div class='ocr_carea' id='block_1_65' title="bbox 579 4506 2237 4580">
    <p class='ocr_par' dir='ltr' id='par_1_65' title="bbox 579 4506 2237 4580">
     <span class='ocr_line' id='line_1_65' title="bbox 579 4506 2237 4580; baseline 0.004 -21"><span class='ocrx_word' id='word_1_457' title='bbox 579 4506 712 4561; x_wconf 88' lang='lat' dir='ltr'>stris</span> <span class='ocrx_word' id='word_1_458' title='bbox 728 4508 850 4561; x_wconf 91' lang='lat' dir='ltr'>suis</span> <span class='ocrx_word' id='word_1_459' title='bbox 863 4509 922 4563; x_wconf 84' lang='grc'>³⁰.</span> <span class='ocrx_word' id='word_1_460' title='bbox 942 4509 997 4563; x_wconf 91' lang='lat' dir='ltr'>Si</span> <span class='ocrx_word' id='word_1_461' title='bbox 1010 4508 1227 4580; x_wconf 61' lang='lat' dir='ltr'>quaeris</span> <span class='ocrx_word' id='word_1_462' title='bbox 1242 4524 1379 4563; x_wconf 90' lang='lat' dir='ltr'>eum</span> <span class='ocrx_word' id='word_1_463' title='bbox 1403 4509 1464 4563; x_wconf 91' lang='lat' dir='ltr'>in</span> <span class='ocrx_word' id='word_1_464' title='bbox 1496 4515 1715 4573; x_wconf 88' lang='lat' dir='ltr'>monte,</span> <span class='ocrx_word' id='word_1_465' title='bbox 1734 4509 1847 4564; x_wconf 90' lang='lat' dir='ltr'>illic</span> <span class='ocrx_word' id='word_1_466' title='bbox 1864 4512 2084 4580; x_wconf 88' lang='lat' dir='ltr'>reperis</span> <span class='ocrx_word' id='word_1_467' title='bbox 2101 4528 2237 4566; x_wconf 88' lang='lat' dir='ltr'>eum</span> 
     </span>
    </p>
   </div>
   <div class='ocr_carea' id='block_1_66' title="bbox 576 4596 2239 4676">
    <p class='ocr_par' dir='ltr' id='par_1_66' title="bbox 576 4596 2239 4676">
     <span class='ocr_line' id='line_1_66' title="bbox 576 4596 2239 4676; baseline 0.003 -26"><span class='ocrx_word' id='word_1_468' title='bbox 576 4610 714 4650; x_wconf 91' lang='lat' dir='ltr'>cum</span> <span class='ocrx_word' id='word_1_469' title='bbox 738 4596 929 4652; x_wconf 89' lang='lat' dir='ltr'>Eliaet</span> <span class='ocrx_word' id='word_1_470' title='bbox 954 4600 1125 4653; x_wconf 82' lang='lat' dir='ltr'>Mose.</span> <span class='ocrx_word' id='word_1_471' title='bbox 1154 4600 1195 4633; x_wconf 72' lang='grc'>³³</span> <span class='ocrx_word' id='word_1_472' title='bbox 1216 4597 1758 4668; x_wconf 89' lang='lat' dir='ltr'>Ubiqueigiturest,</span> <span class='ocrx_word' id='word_1_473' title='bbox 1784 4605 1900 4653; x_wconf 90' lang='lat' dir='ltr'>tam</span> <span class='ocrx_word' id='word_1_474' title='bbox 1931 4599 2044 4653; x_wconf 89' lang='lat' dir='ltr'>sub</span> <span class='ocrx_word' id='word_1_475' title='bbox 2064 4605 2239 4676; x_wconf 64' lang='lat' dir='ltr'>terra,</span> 
     </span>
    </p>
   </div>
   <div class='ocr_carea' id='block_1_67' title="bbox 573 4686 2238 4760">
    <p class='ocr_par' dir='ltr' id='par_1_67' title="bbox 573 4686 2238 4760">
     <span class='ocr_line' id='line_1_67' title="bbox 573 4686 2238 4760; baseline 0.001 -22"><span class='ocrx_word' id='word_1_476' title='bbox 573 4699 757 4755; x_wconf 89' lang='lat' dir='ltr'>quam</span> <span class='ocrx_word' id='word_1_477' title='bbox 794 4702 975 4757; x_wconf 90' lang='lat' dir='ltr'>super</span> <span class='ocrx_word' id='word_1_478' title='bbox 1007 4687 1192 4750; x_wconf 78' lang='lat' dir='ltr'>caelis,</span> <span class='ocrx_word' id='word_1_479' title='bbox 1251 4686 1430 4741; x_wconf 88' lang='lat' dir='ltr'>etiam</span> <span class='ocrx_word' id='word_1_480' title='bbox 1462 4686 1626 4757; x_wconf 88' lang='lat' dir='ltr'>apud</span> <span class='ocrx_word' id='word_1_481' title='bbox 1666 4702 1797 4752; x_wconf 90' lang='lat' dir='ltr'>nos,</span> <span class='ocrx_word' id='word_1_482' title='bbox 1855 4688 2079 4760; x_wconf 90' lang='lat' dir='ltr'>ubique</span> <span class='ocrx_word' id='word_1_483' title='bbox 2132 4696 2238 4744; x_wconf 85' lang='lat' dir='ltr'>est.</span> 
     </span>
    </p>
   </div>
   <div class='ocr_carea' id='block_1_68' title="bbox 576 4773 2241 4846">
    <p class='ocr_par' dir='ltr' id='par_1_68' title="bbox 576 4773 2241 4846">
     <span class='ocr_line' id='line_1_68' title="bbox 576 4773 2241 4846; baseline 0.003 -17"><span class='ocrx_word' id='word_1_484' title='bbox 576 4773 668 4829; x_wconf 90' lang='lat' dir='ltr'>Sic</span> <span class='ocrx_word' id='word_1_485' title='bbox 724 4790 965 4846; x_wconf 89' lang='lat' dir='ltr'>quoque</span> <span class='ocrx_word' id='word_1_486' title='bbox 1019 4775 1225 4830; x_wconf 90' lang='lat' dir='ltr'>anima</span> <span class='ocrx_word' id='word_1_487' title='bbox 1280 4790 1468 4846; x_wconf 89' lang='lat' dir='ltr'>prope</span> <span class='ocrx_word' id='word_1_488' title='bbox 1526 4780 1578 4830; x_wconf 89' lang='lat' dir='ltr'>te</span> <span class='ocrx_word' id='word_1_489' title='bbox 1625 4780 1730 4841; x_wconf 89' lang='lat' dir='ltr'>est,</span> <span class='ocrx_word' id='word_1_490' title='bbox 1773 4777 2007 4831; x_wconf 88' lang='lat' dir='ltr'>intrate</span> <span class='ocrx_word' id='word_1_491' title='bbox 2039 4784 2149 4842; x_wconf 92' lang='lat' dir='ltr'>est,</span> <span class='ocrx_word' id='word_1_492' title='bbox 2186 4785 2241 4834; x_wconf 88' lang='lat' dir='ltr'>et</span> 
     </span>
    </p>
   </div>
   <div class='ocr_carea' id='block_1_69' title="bbox 572 4863 2238 4936">
    <p class='ocr_par' dir='ltr' id='par_1_69' title="bbox 572 4863 2238 4936">
     <span class='ocr_line' id='line_1_69' title="bbox 572 4863 2238 4936; baseline 0.004 -22"><span class='ocrx_word' id='word_1_493' title='bbox 572 4865 737 4917; x_wconf 80' lang='lat' dir='ltr'>extra</span> <span class='ocrx_word' id='word_1_494' title='bbox 771 4866 821 4915; x_wconf 92' lang='lat' dir='ltr'>te</span> <span class='ocrx_word' id='word_1_495' title='bbox 852 4868 957 4916; x_wconf 90' lang='lat' dir='ltr'>est.</span> <span class='ocrx_word' id='word_1_496' title='bbox 986 4864 1090 4917; x_wconf 88' lang='lat' dir='ltr'>Ubi</span> <span class='ocrx_word' id='word_1_497' title='bbox 1121 4863 1281 4917; x_wconf 92' lang='lat' dir='ltr'>enim</span> <span class='ocrx_word' id='word_1_498' title='bbox 1310 4863 1583 4927; x_wconf 87' lang='lat' dir='ltr'>volueris,</span> <span class='ocrx_word' id='word_1_499' title='bbox 1618 4865 1677 4919; x_wconf 93' lang='lat' dir='ltr'>in</span> <span class='ocrx_word' id='word_1_500' title='bbox 1711 4866 1953 4920; x_wconf 89' lang='lat' dir='ltr'>remotis</span> <span class='ocrx_word' id='word_1_501' title='bbox 1981 4866 2238 4936; x_wconf 88' lang='lat' dir='ltr'>regioni-</span> 
     </span>
    </p>
   </div>
   <div class='ocr_carea' id='block_1_70' title="bbox 569 4949 2237 5020">
    <p class='ocr_par' dir='ltr' id='par_1_70' title="bbox 569 4949 2237 5020">
     <span class='ocr_line' id='line_1_70' title="bbox 569 4949 2237 5020; baseline 0.002 -15"><span class='ocrx_word' id='word_1_502' title='bbox 569 4949 704 5015; x_wconf 89' lang='lat' dir='ltr'>bus,</span> <span class='ocrx_word' id='word_1_503' title='bbox 738 4949 855 5004; x_wconf 88' lang='lat' dir='ltr'>illic</span> <span class='ocrx_word' id='word_1_504' title='bbox 883 4955 972 5005; x_wconf 88' lang='lat' dir='ltr'>est</span> <span class='ocrx_word' id='word_1_505' title='bbox 1025 4965 1194 5004; x_wconf 88' lang='lat' dir='ltr'>mens</span> <span class='ocrx_word' id='word_1_506' title='bbox 1256 4956 1376 5015; x_wconf 89' lang='lat' dir='ltr'>tua,</span> <span class='ocrx_word' id='word_1_507' title='bbox 1436 4952 1558 5007; x_wconf 87' lang='lat' dir='ltr'>sive</span> <span class='ocrx_word' id='word_1_508' title='bbox 1608 4951 1668 5007; x_wconf 89' lang='lat' dir='ltr'>in</span> <span class='ocrx_word' id='word_1_509' title='bbox 1723 4953 2057 5020; x_wconf 90' lang='lat' dir='ltr'>occidente,</span> <span class='ocrx_word' id='word_1_510' title='bbox 2112 4955 2237 5009; x_wconf 89' lang='lat' dir='ltr'>sive</span> 
     </span>
    </p>
   </div>
   <div class='ocr_carea' id='block_1_71' title="bbox 574 5037 1859 5103">
    <p class='ocr_par' dir='ltr' id='par_1_71' title="bbox 574 5037 1859 5103">
     <span class='ocr_line' id='line_1_71' title="bbox 574 5037 1859 5103; baseline 0.003 -10"><span class='ocrx_word' id='word_1_511' title='bbox 574 5038 636 5093; x_wconf 90' lang='lat' dir='ltr'>in</span> <span class='ocrx_word' id='word_1_512' title='bbox 671 5037 915 5103; x_wconf 90' lang='lat' dir='ltr'>oriente,</span> <span class='ocrx_word' id='word_1_513' title='bbox 948 5038 1069 5093; x_wconf 90' lang='lat' dir='ltr'>sive</span> <span class='ocrx_word' id='word_1_514' title='bbox 1092 5038 1151 5093; x_wconf 93' lang='lat' dir='ltr'>in</span> <span class='ocrx_word' id='word_1_515' title='bbox 1183 5038 1352 5095; x_wconf 78' lang='lat' dir='ltr'>C(Blis</span> <span class='ocrx_word' id='word_1_516' title='bbox 1386 5037 1498 5093; x_wconf 91' lang='lat' dir='ltr'>illic</span> <span class='ocrx_word' id='word_1_517' title='bbox 1527 5040 1859 5097; x_wconf 88' lang='lat' dir='ltr'>invenitur.</span> 
     </span>
    </p>
   </div>
   <div class='ocr_carea' id='block_1_72' title="bbox 650 5232 2243 5307">
    <p class='ocr_par' dir='ltr' id='par_1_72' title="bbox 650 5232 2243 5307">
     <span class='ocr_line' id='line_1_72' title="bbox 650 5232 2243 5307; baseline 0.003 -18"><span class='ocrx_word' id='word_1_518' title='bbox 650 5233 784 5289; x_wconf 87' lang='lat' dir='ltr'><strong>XIII.</strong></span> <span class='ocrx_word' id='word_1_519' title='bbox 820 5232 1177 5289; x_wconf 91' lang='lat' dir='ltr'>Studeamus</span> <span class='ocrx_word' id='word_1_520' title='bbox 1206 5233 1384 5304; x_wconf 90' lang='lat' dir='ltr'>igitur</span> <span class='ocrx_word' id='word_1_521' title='bbox 1429 5234 1490 5290; x_wconf 92' lang='lat' dir='ltr'>in</span> <span class='ocrx_word' id='word_1_522' title='bbox 1547 5236 1756 5307; x_wconf 89' lang='lat' dir='ltr'>primis</span> <span class='ocrx_word' id='word_1_523' title='bbox 1805 5239 2138 5294; x_wconf 90' lang='lat' dir='ltr'>cauterium</span> <span class='ocrx_word' id='word_1_524' title='bbox 2177 5242 2243 5294; x_wconf 86' lang='lat' dir='ltr'>et</span> 
     </span>
    </p>
   </div>
   <div class='ocr_carea' id='block_1_73' title="bbox 574 5321 2238 5398">
    <p class='ocr_par' dir='ltr' id='par_1_73' title="bbox 574 5321 2238 5398">
     <span class='ocr_line' id='line_1_73' title="bbox 574 5321 2238 5398; baseline 0.001 -19"><span class='ocrx_word' id='word_1_525' title='bbox 574 5323 834 5395; x_wconf 87' lang='lat' dir='ltr'>sigillum</span> <span class='ocrx_word' id='word_1_526' title='bbox 856 5321 1087 5379; x_wconf 87' lang='lat' dir='ltr'>Domini</span> <span class='ocrx_word' id='word_1_527' title='bbox 1112 5323 1174 5378; x_wconf 90' lang='lat' dir='ltr'>in</span> <span class='ocrx_word' id='word_1_528' title='bbox 1205 5323 1380 5379; x_wconf 89' lang='lat' dir='ltr'>nobis</span> <span class='ocrx_word' id='word_1_529' title='bbox 1410 5323 1653 5391; x_wconf 88' lang='lat' dir='ltr'>habere,</span> <span class='ocrx_word' id='word_1_530' title='bbox 1680 5326 1824 5398; x_wconf 89' lang='lat' dir='ltr'>quia</span> <span class='ocrx_word' id='word_1_531' title='bbox 1854 5327 1914 5382; x_wconf 93' lang='lat' dir='ltr'>in</span> <span class='ocrx_word' id='word_1_532' title='bbox 1945 5327 2041 5382; x_wconf 93' lang='lat' dir='ltr'>die</span> <span class='ocrx_word' id='word_1_533' title='bbox 2067 5326 2197 5397; x_wconf 91' lang='lat' dir='ltr'>judi</span> <span class='ocrx_word' id='word_1_534' title='bbox 2222 5357 2238 5371; x_wconf 86' lang='lat'><strong>-</strong></span> 
     </span>
    </p>
   </div>
   <div class='ocr_carea' id='block_1_74' title="bbox 573 5412 2223 5487">
    <p class='ocr_par' dir='ltr' id='par_1_74' title="bbox 573 5412 2223 5487">
     <span class='ocr_line' id='line_1_74' title="bbox 573 5412 2223 5487; baseline 0.001 -16"><span class='ocrx_word' id='word_1_535' title='bbox 573 5413 667 5483; x_wconf 89' lang='lat' dir='ltr'>cii,</span> <span class='ocrx_word' id='word_1_536' title='bbox 696 5412 856 5474; x_wconf 85' lang='lat' dir='ltr'>facta</span> <span class='ocrx_word' id='word_1_537' title='bbox 886 5412 1296 5485; x_wconf 82' lang='lat' dir='ltr'>segregatione</span> <span class='ocrx_word' id='word_1_538' title='bbox 1353 5412 1454 5473; x_wconf 84' lang='lat' dir='ltr'>illa</span> <span class='ocrx_word' id='word_1_539' title='bbox 1510 5428 1548 5470; x_wconf 88' lang='lat' dir='ltr'>a</span> <span class='ocrx_word' id='word_1_540' title='bbox 1588 5414 1729 5481; x_wconf 88' lang='lat' dir='ltr'>Deo,</span> <span class='ocrx_word' id='word_1_541' title='bbox 1762 5419 1818 5471; x_wconf 87' lang='lat' dir='ltr'>et</span> <span class='ocrx_word' id='word_1_542' title='bbox 1842 5415 2223 5487; x_wconf 82' lang='lat' dir='ltr'>congregatis</span> 
     </span>
    </p>
   </div>
   <div class='ocr_carea' id='block_1_75' title="bbox 644 5635 1649 5706">
    <p class='ocr_par' dir='ltr' id='par_1_75' title="bbox 644 5635 1649 5706">
     <span class='ocr_line' id='line_1_75' title="bbox 644 5635 1649 5706; baseline 0.001 -14"><span class='ocrx_word' id='word_1_543' title='bbox 644 5637 693 5671; x_wconf 78' lang='lat'><strong><em>”</em></strong></span> <span class='ocrx_word' id='word_1_544' title='bbox 725 5636 869 5695; x_wconf 80' lang='lat' dir='ltr'>Dan.</span> <span class='ocrx_word' id='word_1_545' title='bbox 909 5652 988 5705; x_wconf 76' lang='grc' dir='ltr'>γι,</span> <span class='ocrx_word' id='word_1_546' title='bbox 1018 5638 1106 5694; x_wconf 85' lang='grc'>17.</span> <span class='ocrx_word' id='word_1_547' title='bbox 1184 5638 1227 5672; x_wconf 78' lang='grc' dir='ltr'>³ο</span> <span class='ocrx_word' id='word_1_548' title='bbox 1263 5638 1417 5695; x_wconf 85' lang='lat' dir='ltr'>Dan.</span> <span class='ocrx_word' id='word_1_549' title='bbox 1448 5654 1527 5706; x_wconf 84' lang='lat' dir='ltr'><strong>IIl,</strong></span> <span class='ocrx_word' id='word_1_550' title='bbox 1558 5635 1649 5693; x_wconf 88' lang='lat'>28.</span> 
     </span>
    </p>
   </div>
   <div class='ocr_carea' id='block_1_76' title="bbox 1729 5637 2261 5708">
    <p class='ocr_par' dir='ltr' id='par_1_76' title="bbox 1729 5637 2261 5708">
     <span class='ocr_line' id='line_1_76' title="bbox 1729 5637 2261 5708; baseline 0.002 -13"><span class='ocrx_word' id='word_1_551' title='bbox 1729 5638 1774 5676; x_wconf 84' lang='grc'>³¹</span> <span class='ocrx_word' id='word_1_552' title='bbox 1806 5637 2007 5697; x_wconf 80' lang='lat' dir='ltr'>Matth.</span> <span class='ocrx_word' id='word_1_553' title='bbox 2042 5654 2175 5708; x_wconf 82' lang='lat' dir='ltr'>xvu,</span> <span class='ocrx_word' id='word_1_554' title='bbox 2206 5643 2261 5698; x_wconf 71' lang='lat'>3’.</span> 
     </span>
    </p>
   </div>
   <div class='ocr_carea' id='block_1_77' title="bbox 2346 1834 3948 1909">
    <p class='ocr_par' dir='ltr' id='par_1_77' title="bbox 2346 1834 3948 1909">
     <span class='ocr_line' id='line_1_77' title="bbox 2346 1834 3948 1909; baseline 0.004 -26"><span class='ocrx_word' id='word_1_555' title='bbox 2346 1834 2627 1885; x_wconf 77' lang='grc' dir='ltr'>πιστεύειν.</span> <span class='ocrx_word' id='word_1_556' title='bbox 2678 1839 2783 1892; x_wconf 83' lang='grc' dir='ltr'>Τὴν</span> <span class='ocrx_word' id='word_1_557' title='bbox 2830 1838 2931 1909; x_wconf 84' lang='grc' dir='ltr'>γὰρ</span> <span class='ocrx_word' id='word_1_558' title='bbox 2984 1842 3080 1894; x_wconf 77' lang='grc' dir='ltr'>σὴν</span> <span class='ocrx_word' id='word_1_559' title='bbox 3115 1837 3297 1908; x_wconf 74' lang='grc' dir='ltr'>ψυχὴν</span> <span class='ocrx_word' id='word_1_560' title='bbox 3332 1837 3387 1900; x_wconf 79' lang='grc' dir='ltr'>ἐξ</span> <span class='ocrx_word' id='word_1_561' title='bbox 3424 1837 3485 1889; x_wconf 80' lang='grc' dir='ltr'>οὗ</span> <span class='ocrx_word' id='word_1_562' title='bbox 3530 1835 3804 1907; x_wconf 73' lang='grc' dir='ltr'>ἐγεννήθης</span> <span class='ocrx_word' id='word_1_563' title='bbox 3854 1841 3948 1889; x_wconf 84' lang='grc' dir='ltr'>καὶ</span> 
     </span>
    </p>
   </div>
   <div class='ocr_carea' id='block_1_78' title="bbox 2346 1919 3946 1999">
    <p class='ocr_par' dir='ltr' id='par_1_78' title="bbox 2346 1919 3946 1999">
     <span class='ocr_line' id='line_1_78' title="bbox 2346 1919 3946 1999; baseline 0.004 -28"><span class='ocrx_word' id='word_1_564' title='bbox 2346 1920 2433 1980; x_wconf 83' lang='grc' dir='ltr'>ἓως</span> <span class='ocrx_word' id='word_1_565' title='bbox 2471 1921 2613 1994; x_wconf 74' lang='grc' dir='ltr'>ἄρτι,</span> <span class='ocrx_word' id='word_1_566' title='bbox 2658 1919 2929 1987; x_wconf 78' lang='grc' dir='ltr'>ἠδυνήθης</span> <span class='ocrx_word' id='word_1_567' title='bbox 2979 1930 3282 1999; x_wconf 85' lang='grc' dir='ltr'>γνωρίσαι;</span> <span class='ocrx_word' id='word_1_568' title='bbox 3339 1929 3449 1978; x_wconf 73' lang='grc' dir='ltr'>ἐπεὶ</span> <span class='ocrx_word' id='word_1_569' title='bbox 3489 1925 3792 1998; x_wconf 74' lang='grc' dir='ltr'>ἕπάγγειλόν</span> <span class='ocrx_word' id='word_1_570' title='bbox 3850 1946 3946 1998; x_wconf 90' lang='grc' dir='ltr'>μοι</span> 
     </span>
    </p>
   </div>
   <div class='ocr_carea' id='block_1_79' title="bbox 2347 2008 3951 2086">
    <p class='ocr_par' dir='ltr' id='par_1_79' title="bbox 2347 2008 3951 2086">
     <span class='ocr_line' id='line_1_79' title="bbox 2347 2008 3951 2086; baseline 0.002 -25"><span class='ocrx_word' id='word_1_571' title='bbox 2347 2008 2446 2062; x_wconf 82' lang='grc' dir='ltr'>ἀπὸ</span> <span class='ocrx_word' id='word_1_572' title='bbox 2507 2014 2644 2083; x_wconf 79' lang='grc' dir='ltr'>πρωί</span> <span class='ocrx_word' id='word_1_573' title='bbox 2693 2017 2782 2064; x_wconf 88' lang='grc' dir='ltr'>καὶ</span> <span class='ocrx_word' id='word_1_574' title='bbox 2828 2014 2916 2074; x_wconf 79' lang='grc' dir='ltr'>ἕως</span> <span class='ocrx_word' id='word_1_575' title='bbox 2965 2013 3059 2084; x_wconf 72' lang='grc' dir='ltr'>ὀψε</span> <span class='ocrx_word' id='word_1_576' title='bbox 3115 2018 3237 2077; x_wconf 84' lang='grc' dir='ltr'>τοὺς</span> <span class='ocrx_word' id='word_1_577' title='bbox 3283 2013 3535 2086; x_wconf 88' lang='grc' dir='ltr'>βρύοντας</span> <span class='ocrx_word' id='word_1_578' title='bbox 3578 2012 3625 2066; x_wconf 80' lang='grc' dir='ltr'>ἐν</span> <span class='ocrx_word' id='word_1_579' title='bbox 3683 2018 3768 2067; x_wconf 84' lang='grc' dir='ltr'>σοὶ</span> <span class='ocrx_word' id='word_1_580' title='bbox 3807 2013 3951 2085; x_wconf 89' lang='grc' dir='ltr'>λογι-</span> 
     </span>
    </p>
   </div>
   <div class='ocr_carea' id='block_1_80' title="bbox 2348 2100 3951 2177">
    <p class='ocr_par' dir='ltr' id='par_1_80' title="bbox 2348 2100 3951 2177">
     <span class='ocr_line' id='line_1_80' title="bbox 2348 2100 3951 2177; baseline 0.002 -26"><span class='ocrx_word' id='word_1_581' title='bbox 2348 2102 2531 2169; x_wconf 86' lang='grc' dir='ltr'>σμοὺς.</span> <span class='ocrx_word' id='word_1_582' title='bbox 2568 2100 2694 2154; x_wconf 77' lang='grc' dir='ltr'>Εἰπέ</span> <span class='ocrx_word' id='word_1_583' title='bbox 2743 2120 2833 2172; x_wconf 91' lang='grc' dir='ltr'>μοι</span> <span class='ocrx_word' id='word_1_584' title='bbox 2874 2105 2963 2163; x_wconf 81' lang='grc' dir='ltr'>τὰς</span> <span class='ocrx_word' id='word_1_585' title='bbox 3010 2102 3317 2174; x_wconf 81' lang='grc' dir='ltr'>ἐνθυμήσεις</span> <span class='ocrx_word' id='word_1_586' title='bbox 3361 2112 3514 2174; x_wconf 79' lang='grc' dir='ltr'>τριῶν</span> <span class='ocrx_word' id='word_1_587' title='bbox 3548 2105 3753 2177; x_wconf 82' lang='grc' dir='ltr'>ἡμερῶν</span> <span class='ocrx_word' id='word_1_588' title='bbox 3786 2124 3799 2136; x_wconf 89' lang='grc'><strong>·</strong></span> <span class='ocrx_word' id='word_1_589' title='bbox 3842 2101 3951 2155; x_wconf 80' lang='grc' dir='ltr'>ἀλλ’</span> 
     </span>
    </p>
   </div>
   <div class='ocr_carea' id='block_1_81' title="bbox 2345 2184 3943 2263">
    <p class='ocr_par' dir='ltr' id='par_1_81' title="bbox 2345 2184 3943 2263">
     <span class='ocr_line' id='line_1_81' title="bbox 2345 2184 3943 2263; baseline 0.003 -25"><span class='ocrx_word' id='word_1_590' title='bbox 2345 2187 2403 2239; x_wconf 88' lang='grc' dir='ltr'>ού</span> <span class='ocrx_word' id='word_1_591' title='bbox 2458 2184 2709 2246; x_wconf 81' lang='grc' dir='ltr'>δύνασαι.</span> <span class='ocrx_word' id='word_1_592' title='bbox 2759 2189 2817 2243; x_wconf 83' lang='grc' dir='ltr'>Εἰ</span> <span class='ocrx_word' id='word_1_593' title='bbox 2865 2189 2953 2243; x_wconf 85' lang='grc' dir='ltr'>οὑν</span> <span class='ocrx_word' id='word_1_594' title='bbox 2996 2196 3109 2253; x_wconf 88' lang='grc' dir='ltr'>νοὺς</span> <span class='ocrx_word' id='word_1_595' title='bbox 3156 2191 3442 2263; x_wconf 82' lang='grc' dir='ltr'>λογισμούς</span> <span class='ocrx_word' id='word_1_596' title='bbox 3491 2200 3585 2254; x_wconf 83' lang='grc' dir='ltr'>τῆς</span> <span class='ocrx_word' id='word_1_597' title='bbox 3618 2191 3806 2263; x_wconf 76' lang='grc' dir='ltr'>ψὺχῆς</span> <span class='ocrx_word' id='word_1_598' title='bbox 3846 2211 3943 2244; x_wconf 87' lang='grc' dir='ltr'>σου</span> 
     </span>
    </p>
   </div>
   <div class='ocr_carea' id='block_1_82' title="bbox 2345 2275 3955 2354">
    <p class='ocr_par' dir='ltr' id='par_1_82' title="bbox 2345 2275 3955 2354">
     <span class='ocr_line' id='line_1_82' title="bbox 2345 2275 3955 2354; baseline 0.002 -25"><span class='ocrx_word' id='word_1_599' title='bbox 2345 2275 2652 2331; x_wconf 88' lang='grc' dir='ltr'>καταλαϐεῖν</span> <span class='ocrx_word' id='word_1_600' title='bbox 2699 2278 2793 2331; x_wconf 83' lang='grc' dir='ltr'>οὑκ</span> <span class='ocrx_word' id='word_1_601' title='bbox 2845 2277 3132 2348; x_wconf 79' lang='grc' dir='ltr'>ἠδυνήθης,</span> <span class='ocrx_word' id='word_1_602' title='bbox 3177 2285 3299 2342; x_wconf 78' lang='grc' dir='ltr'>τοὺς</span> <span class='ocrx_word' id='word_1_603' title='bbox 3348 2282 3640 2354; x_wconf 80' lang='grc' dir='ltr'>λογισμοὺς</span> <span class='ocrx_word' id='word_1_604' title='bbox 3681 2289 3771 2334; x_wconf 85' lang='grc' dir='ltr'>τοῦ</span> <span class='ocrx_word' id='word_1_605' title='bbox 3824 2286 3955 2335; x_wconf 87' lang='grc' dir='ltr'>Θεοῦ</span> 
     </span>
    </p>
   </div>
   <div class='ocr_carea' id='block_1_83' title="bbox 2346 2366 3338 2443">
    <p class='ocr_par' dir='ltr' id='par_1_83' title="bbox 2346 2366 3338 2443">
     <span class='ocr_line' id='line_1_83' title="bbox 2346 2366 3338 2443; baseline 0.003 -24"><span class='ocrx_word' id='word_1_606' title='bbox 2346 2373 2437 2420; x_wconf 86' lang='grc' dir='ltr'>καὶ</span> <span class='ocrx_word' id='word_1_607' title='bbox 2466 2370 2552 2419; x_wconf 89' lang='grc' dir='ltr'>τόν</span> <span class='ocrx_word' id='word_1_608' title='bbox 2582 2374 2699 2420; x_wconf 88' lang='grc' dir='ltr'>νοῦν</span> <span class='ocrx_word' id='word_1_609' title='bbox 2730 2376 2839 2429; x_wconf 88' lang='grc' dir='ltr'>πῶς</span> <span class='ocrx_word' id='word_1_610' title='bbox 2866 2366 3096 2423; x_wconf 83' lang='grc' dir='ltr'>δύνασαι</span> <span class='ocrx_word' id='word_1_611' title='bbox 3129 2372 3292 2443; x_wconf 88' lang='grc' dir='ltr'>εὑρεῖν</span> <span class='ocrx_word' id='word_1_612' title='bbox 3324 2387 3338 2436; x_wconf 87' lang='grc'>;</span> 
     </span>
    </p>
   </div>
   <div class='ocr_carea' id='block_1_84' title="bbox 2421 2652 3956 2729">
    <p class='ocr_par' dir='ltr' id='par_1_84' title="bbox 2421 2652 3956 2729">
     <span class='ocr_line' id='line_1_84' title="bbox 2421 2652 3956 2729; baseline 0.001 -22"><span class='ocrx_word' id='word_1_613' title='bbox 2421 2652 2519 2708; x_wconf 87' lang='grc' dir='ltr'>ΙΒ’.</span> <span class='ocrx_word' id='word_1_614' title='bbox 2556 2652 2712 2707; x_wconf 82' lang='grc' dir='ltr'>Ἀλλὰ</span> <span class='ocrx_word' id='word_1_615' title='bbox 2743 2657 2807 2705; x_wconf 86' lang='grc' dir='ltr'>σὺ</span> <span class='ocrx_word' id='word_1_616' title='bbox 2860 2654 2980 2707; x_wconf 84' lang='grc' dir='ltr'>ὅσον</span> <span class='ocrx_word' id='word_1_617' title='bbox 3023 2656 3275 2729; x_wconf 81' lang='grc' dir='ltr'>εὑρίσκεις</span> <span class='ocrx_word' id='word_1_618' title='bbox 3306 2655 3462 2729; x_wconf 79' lang='grc' dir='ltr'>ἄρτον</span> <span class='ocrx_word' id='word_1_619' title='bbox 3511 2663 3663 2728; x_wconf 85' lang='grc' dir='ltr'>φάγε,</span> <span class='ocrx_word' id='word_1_620' title='bbox 3699 2660 3788 2709; x_wconf 87' lang='grc' dir='ltr'>καὶ</span> <span class='ocrx_word' id='word_1_621' title='bbox 3832 2658 3956 2728; x_wconf 80' lang='grc' dir='ltr'>ἄφες</span> 
     </span>
    </p>
   </div>
   <div class='ocr_carea' id='block_1_85' title="bbox 2349 2743 3953 2816">
    <p class='ocr_par' dir='ltr' id='par_1_85' title="bbox 2349 2743 3953 2816">
     <span class='ocr_line' id='line_1_85' title="bbox 2349 2743 3953 2816; baseline 0.001 -21"><span class='ocrx_word' id='word_1_622' title='bbox 2349 2743 2469 2800; x_wconf 79' lang='grc' dir='ltr'>ὅλην</span> <span class='ocrx_word' id='word_1_623' title='bbox 2511 2746 2604 2800; x_wconf 84' lang='grc' dir='ltr'>τὴν</span> <span class='ocrx_word' id='word_1_624' title='bbox 2653 2750 2751 2812; x_wconf 86' lang='grc' dir='ltr'>γῆν</span> <span class='ocrx_word' id='word_1_625' title='bbox 2790 2748 2879 2795; x_wconf 79' lang='grc' dir='ltr'>καὶ</span> <span class='ocrx_word' id='word_1_626' title='bbox 2908 2745 3095 2796; x_wconf 76' lang='grc' dir='ltr'>ἄπελθε</span> <span class='ocrx_word' id='word_1_627' title='bbox 3142 2744 3208 2804; x_wconf 76' lang='grc' dir='ltr'>εἰς</span> <span class='ocrx_word' id='word_1_628' title='bbox 3251 2747 3309 2795; x_wconf 86' lang='grc' dir='ltr'>τὸ</span> <span class='ocrx_word' id='word_1_629' title='bbox 3353 2743 3525 2816; x_wconf 84' lang='grc' dir='ltr'>χεῖλος</span> <span class='ocrx_word' id='word_1_630' title='bbox 3563 2752 3653 2796; x_wconf 91' lang='grc' dir='ltr'>τοῦ</span> <span class='ocrx_word' id='word_1_631' title='bbox 3688 2752 3953 2816; x_wconf 89' lang='grc' dir='ltr'>ποταμοῦ,</span> 
     </span>
    </p>
   </div>
   <div class='ocr_carea' id='block_1_86' title="bbox 2349 2832 3950 2907">
    <p class='ocr_par' dir='ltr' id='par_1_86' title="bbox 2349 2832 3950 2907">
     <span class='ocr_line' id='line_1_86' title="bbox 2349 2832 3950 2907; baseline 0 -24"><span class='ocrx_word' id='word_1_632' title='bbox 2349 2837 2436 2883; x_wconf 85' lang='grc' dir='ltr'>καὶ</span> <span class='ocrx_word' id='word_1_633' title='bbox 2461 2835 2545 2883; x_wconf 85' lang='grc' dir='ltr'>πίε</span> <span class='ocrx_word' id='word_1_634' title='bbox 2583 2832 2702 2883; x_wconf 86' lang='grc' dir='ltr'>ὅσον</span> <span class='ocrx_word' id='word_1_635' title='bbox 2733 2837 2918 2905; x_wconf 84' lang='grc' dir='ltr'>χρείαν</span> <span class='ocrx_word' id='word_1_636' title='bbox 2946 2834 3107 2903; x_wconf 82' lang='grc' dir='ltr'>ἔχεις,</span> <span class='ocrx_word' id='word_1_637' title='bbox 3140 2838 3230 2885; x_wconf 82' lang='grc' dir='ltr'>καὶ</span> <span class='ocrx_word' id='word_1_638' title='bbox 3278 2833 3516 2907; x_wconf 82' lang='grc' dir='ltr'>πάρελθε,</span> <span class='ocrx_word' id='word_1_639' title='bbox 3551 2837 3639 2883; x_wconf 81' lang='grc' dir='ltr'>καὶ</span> <span class='ocrx_word' id='word_1_640' title='bbox 3672 2836 3743 2904; x_wconf 77' lang='grc' dir='ltr'>μὴ</span> <span class='ocrx_word' id='word_1_641' title='bbox 3787 2837 3950 2893; x_wconf 81' lang='grc' dir='ltr'>ζητή-</span> 
     </span>
    </p>
   </div>
   <div class='ocr_carea' id='block_1_87' title="bbox 2350 2917 3950 2996">
    <p class='ocr_par' dir='ltr' id='par_1_87' title="bbox 2350 2917 3950 2996">
     <span class='ocr_line' id='line_1_87' title="bbox 2350 2917 3950 2996; baseline 0 -24"><span class='ocrx_word' id='word_1_642' title='bbox 2350 2941 2449 2993; x_wconf 77' lang='grc' dir='ltr'>σῃς</span> <span class='ocrx_word' id='word_1_643' title='bbox 2486 2922 2639 2972; x_wconf 90' lang='grc' dir='ltr'>πόθεν</span> <span class='ocrx_word' id='word_1_644' title='bbox 2692 2922 2921 2992; x_wconf 84' lang='grc' dir='ltr'>ἔρχεται,</span> <span class='ocrx_word' id='word_1_645' title='bbox 2950 2921 2979 2979; x_wconf 74' lang='grc' dir='ltr'><strong><em>ἦ</em></strong></span> <span class='ocrx_word' id='word_1_646' title='bbox 3022 2930 3132 2983; x_wconf 86' lang='grc' dir='ltr'>πῶς</span> <span class='ocrx_word' id='word_1_647' title='bbox 3158 2921 3261 2996; x_wconf 83' lang='grc' dir='ltr'>ῥέει</span> <span class='ocrx_word' id='word_1_648' title='bbox 3337 2917 3639 2974; x_wconf 83' lang='grc' dir='ltr'>Σπούδασον</span> <span class='ocrx_word' id='word_1_649' title='bbox 3698 2922 3950 2988; x_wconf 84' lang='grc' dir='ltr'>θεραπευ-</span> 
     </span>
    </p>
   </div>
   <div class='ocr_carea' id='block_1_88' title="bbox 2352 3005 3950 3082">
    <p class='ocr_par' dir='ltr' id='par_1_88' title="bbox 2352 3005 3950 3082">
     <span class='ocr_line' id='line_1_88' title="bbox 2352 3005 3950 3082; baseline -0.001 -19"><span class='ocrx_word' id='word_1_650' title='bbox 2352 3013 2503 3069; x_wconf 82' lang='grc' dir='ltr'>θῆναι</span> <span class='ocrx_word' id='word_1_651' title='bbox 2531 3013 2616 3061; x_wconf 87' lang='grc' dir='ltr'>τὸν</span> <span class='ocrx_word' id='word_1_652' title='bbox 2633 3006 2794 3075; x_wconf 88' lang='grc' dir='ltr'>πόδα,</span> <span class='ocrx_word' id='word_1_653' title='bbox 2827 3013 2858 3068; x_wconf 81' lang='grc' dir='ltr'><strong>ἦ</strong></span> <span class='ocrx_word' id='word_1_654' title='bbox 2885 3012 2970 3062; x_wconf 89' lang='grc' dir='ltr'>τὸν</span> <span class='ocrx_word' id='word_1_655' title='bbox 2988 3016 3141 3063; x_wconf 84' lang='grc' dir='ltr'>πόνον</span> <span class='ocrx_word' id='word_1_656' title='bbox 3169 3018 3258 3062; x_wconf 87' lang='grc' dir='ltr'>τοῦ</span> <span class='ocrx_word' id='word_1_657' title='bbox 3287 3009 3551 3082; x_wconf 82' lang='grc' dir='ltr'>ὀφθαλμοῦ</span> <span class='ocrx_word' id='word_1_658' title='bbox 3581 3028 3697 3078; x_wconf 83' lang='grc' dir='ltr'>σου,</span> <span class='ocrx_word' id='word_1_659' title='bbox 3722 3011 3808 3062; x_wconf 84' lang='grc' dir='ltr'>ἶνα</span> <span class='ocrx_word' id='word_1_660' title='bbox 3822 3005 3950 3081; x_wconf 77' lang='grc' dir='ltr'>ῖδης</span> 
     </span>
    </p>
   </div>
   <div class='ocr_carea' id='block_1_89' title="bbox 2280 3095 3951 3172">
    <p class='ocr_par' dir='ltr' id='par_1_89' title="bbox 2280 3095 3951 3172">
     <span class='ocr_line' id='line_1_89' title="bbox 2280 3095 3951 3172; baseline -0.001 -20"><span class='ocrx_word' id='word_1_661' title='bbox 2280 3101 2318 3155; x_wconf 91' lang='lat' dir='ltr'>C</span> <span class='ocrx_word' id='word_1_662' title='bbox 2348 3103 2406 3152; x_wconf 88' lang='grc' dir='ltr'>τὸ</span> <span class='ocrx_word' id='word_1_663' title='bbox 2438 3108 2542 3170; x_wconf 80' lang='grc' dir='ltr'>φῶς</span> <span class='ocrx_word' id='word_1_664' title='bbox 2580 3104 2671 3151; x_wconf 87' lang='grc' dir='ltr'>τοῦ</span> <span class='ocrx_word' id='word_1_665' title='bbox 2718 3099 2888 3157; x_wconf 82' lang='grc' dir='ltr'>ἡλίου.</span> <span class='ocrx_word' id='word_1_666' title='bbox 2923 3104 3007 3158; x_wconf 76' lang='grc' dir='ltr'>Μὴ</span> <span class='ocrx_word' id='word_1_667' title='bbox 3039 3100 3285 3172; x_wconf 73' lang='grc' dir='ltr'>ζητήσης</span> <span class='ocrx_word' id='word_1_668' title='bbox 3325 3095 3383 3151; x_wconf 72' lang='grc' dir='ltr'>δε</span> <span class='ocrx_word' id='word_1_669' title='bbox 3427 3103 3588 3151; x_wconf 88' lang='grc' dir='ltr'>πόσον</span> <span class='ocrx_word' id='word_1_670' title='bbox 3633 3100 3747 3170; x_wconf 79' lang='grc' dir='ltr'>ἔχει</span> <span class='ocrx_word' id='word_1_671' title='bbox 3788 3107 3894 3171; x_wconf 88' lang='grc' dir='ltr'>φῶς</span> <span class='ocrx_word' id='word_1_672' title='bbox 3925 3100 3951 3150; x_wconf 97' lang='lat'>6</span> 
     </span>
    </p>
   </div>
   <div class='ocr_carea' id='block_1_90' title="bbox 2350 3186 3951 3262">
    <p class='ocr_par' dir='ltr' id='par_1_90' title="bbox 2350 3186 3951 3262">
     <span class='ocr_line' id='line_1_90' title="bbox 2350 3186 3951 3262; baseline -0.001 -21"><span class='ocrx_word' id='word_1_673' title='bbox 2350 3189 2494 3251; x_wconf 79' lang='grc' dir='ltr'>ἣλιος</span> <span class='ocrx_word' id='word_1_674' title='bbox 2572 3194 2735 3241; x_wconf 89' lang='grc' dir='ltr'>πόσον</span> <span class='ocrx_word' id='word_1_675' title='bbox 2820 3188 3078 3243; x_wconf 78' lang='grc' dir='ltr'>ἀνατέλλει</span> <span class='ocrx_word' id='word_1_676' title='bbox 3133 3189 3289 3250; x_wconf 85' lang='grc' dir='ltr'>ζῶον.</span> <span class='ocrx_word' id='word_1_677' title='bbox 3362 3186 3431 3240; x_wconf 81' lang='grc' dir='ltr'>Ὀ</span> <span class='ocrx_word' id='word_1_678' title='bbox 3494 3195 3801 3262; x_wconf 89' lang='grc' dir='ltr'>προσχωρεί</span> <span class='ocrx_word' id='word_1_679' title='bbox 3865 3206 3951 3239; x_wconf 90' lang='grc' dir='ltr'>σοι</span> 
     </span>
    </p>
   </div>
   <div class='ocr_carea' id='block_1_91' title="bbox 2350 3276 3952 3352">
    <p class='ocr_par' dir='ltr' id='par_1_91' title="bbox 2350 3276 3952 3352">
     <span class='ocr_line' id='line_1_91' title="bbox 2350 3276 3952 3352; baseline -0.001 -22"><span class='ocrx_word' id='word_1_680' title='bbox 2350 3279 2419 3341; x_wconf 85' lang='grc' dir='ltr'>εἰς</span> <span class='ocrx_word' id='word_1_681' title='bbox 2444 3286 2667 3350; x_wconf 85' lang='grc' dir='ltr'>χρῆσιν,</span> <span class='ocrx_word' id='word_1_682' title='bbox 2692 3276 2830 3332; x_wconf 85' lang='grc' dir='ltr'>λάϐε.</span> <span class='ocrx_word' id='word_1_683' title='bbox 2857 3279 2960 3332; x_wconf 83' lang='grc' dir='ltr'>Καὶ</span> <span class='ocrx_word' id='word_1_684' title='bbox 2983 3283 3034 3331; x_wconf 91' lang='grc' dir='ltr'>τί</span> <span class='ocrx_word' id='word_1_685' title='bbox 3061 3277 3268 3352; x_wconf 73' lang='grc' dir='ltr'>ἀπέρχῃ</span> <span class='ocrx_word' id='word_1_686' title='bbox 3299 3277 3371 3338; x_wconf 85' lang='grc' dir='ltr'>εἰς</span> <span class='ocrx_word' id='word_1_687' title='bbox 3397 3278 3515 3349; x_wconf 85' lang='grc' dir='ltr'>ὅρη,</span> <span class='ocrx_word' id='word_1_688' title='bbox 3547 3281 3638 3328; x_wconf 83' lang='grc' dir='ltr'>καὶ</span> <span class='ocrx_word' id='word_1_689' title='bbox 3662 3276 3834 3337; x_wconf 81' lang='grc' dir='ltr'>ζητεῖς</span> <span class='ocrx_word' id='word_1_690' title='bbox 3858 3282 3952 3329; x_wconf 87' lang='grc' dir='ltr'>πό-</span> 
     </span>
    </p>
   </div>
   <div class='ocr_carea' id='block_1_92' title="bbox 2351 3363 3946 3441">
    <p class='ocr_par' dir='ltr' id='par_1_92' title="bbox 2351 3363 3946 3441">
     <span class='ocr_line' id='line_1_92' title="bbox 2351 3363 3946 3441; baseline -0.001 -22"><span class='ocrx_word' id='word_1_691' title='bbox 2351 3386 2436 3419; x_wconf 89' lang='grc' dir='ltr'>σοι</span> <span class='ocrx_word' id='word_1_692' title='bbox 2465 3366 2567 3419; x_wconf 82' lang='grc' dir='ltr'>ἐκεῖ</span> <span class='ocrx_word' id='word_1_693' title='bbox 2590 3370 2830 3439; x_wconf 83' lang='grc' dir='ltr'>νέμονται</span> <span class='ocrx_word' id='word_1_694' title='bbox 2859 3370 3072 3441; x_wconf 85' lang='grc' dir='ltr'>ὅναγροι</span> <span class='ocrx_word' id='word_1_695' title='bbox 3104 3370 3133 3426; x_wconf 81' lang='grc' dir='ltr'><strong>ἦ</strong></span> <span class='ocrx_word' id='word_1_696' title='bbox 3170 3369 3330 3439; x_wconf 83' lang='grc' dir='ltr'>θηρία</span> <span class='ocrx_word' id='word_1_697' title='bbox 3362 3382 3375 3433; x_wconf 92' lang='grc'>;</span> <span class='ocrx_word' id='word_1_698' title='bbox 3404 3371 3494 3418; x_wconf 83' lang='grc' dir='ltr'>καὶ</span> <span class='ocrx_word' id='word_1_699' title='bbox 3532 3368 3590 3418; x_wconf 86' lang='grc' dir='ltr'>τὸ</span> <span class='ocrx_word' id='word_1_700' title='bbox 3621 3363 3832 3418; x_wconf 84' lang='grc' dir='ltr'>παιδίον</span> <span class='ocrx_word' id='word_1_701' title='bbox 3863 3366 3946 3417; x_wconf 84' lang='grc' dir='ltr'>ὅτε</span> 
     </span>
    </p>
   </div>
   <div class='ocr_carea' id='block_1_93' title="bbox 2348 3453 3949 3531">
    <p class='ocr_par' dir='ltr' id='par_1_93' title="bbox 2348 3453 3949 3531">
     <span class='ocr_line' id='line_1_93' title="bbox 2348 3453 3949 3531; baseline -0.002 -23"><span class='ocrx_word' id='word_1_702' title='bbox 2348 3460 2697 3531; x_wconf 85' lang='grc' dir='ltr'>προσέρχετοι</span> <span class='ocrx_word' id='word_1_703' title='bbox 2736 3465 2807 3527; x_wconf 86' lang='grc' dir='ltr'>τῷ</span> <span class='ocrx_word' id='word_1_704' title='bbox 2846 3456 2996 3527; x_wconf 83' lang='grc' dir='ltr'>μαζῷ</span> <span class='ocrx_word' id='word_1_705' title='bbox 3025 3463 3116 3516; x_wconf 87' lang='grc' dir='ltr'>τῆς</span> <span class='ocrx_word' id='word_1_706' title='bbox 3161 3459 3383 3527; x_wconf 87' lang='grc' dir='ltr'>μητρὸς,</span> <span class='ocrx_word' id='word_1_707' title='bbox 3426 3454 3676 3527; x_wconf 83' lang='grc' dir='ltr'>λαμϐάνει</span> <span class='ocrx_word' id='word_1_708' title='bbox 3712 3457 3771 3505; x_wconf 88' lang='grc' dir='ltr'>τό</span> <span class='ocrx_word' id='word_1_709' title='bbox 3814 3453 3949 3524; x_wconf 77' lang='grc' dir='ltr'>γάλα</span> 
     </span>
    </p>
   </div>
   <div class='ocr_carea' id='block_1_94' title="bbox 2348 3539 3947 3617">
    <p class='ocr_par' dir='ltr' id='par_1_94' title="bbox 2348 3539 3947 3617">
     <span class='ocr_line' id='line_1_94' title="bbox 2348 3539 3947 3617; baseline -0.003 -20"><span class='ocrx_word' id='word_1_710' title='bbox 2348 3549 2439 3597; x_wconf 84' lang='grc' dir='ltr'>καὶ</span> <span class='ocrx_word' id='word_1_711' title='bbox 2475 3549 2729 3617; x_wconf 83' lang='grc' dir='ltr'>τρέφεται.</span> <span class='ocrx_word' id='word_1_712' title='bbox 2783 3545 2892 3596; x_wconf 85' lang='grc' dir='ltr'>Ούκ</span> <span class='ocrx_word' id='word_1_713' title='bbox 2936 3540 3076 3595; x_wconf 84' lang='grc' dir='ltr'>οἶδεν</span> <span class='ocrx_word' id='word_1_714' title='bbox 3118 3539 3177 3595; x_wconf 73' lang='grc' dir='ltr'>δε</span> <span class='ocrx_word' id='word_1_715' title='bbox 3225 3547 3431 3615; x_wconf 75' lang='grc' dir='ltr'>ἒρευνᾲν</span> <span class='ocrx_word' id='word_1_716' title='bbox 3476 3548 3568 3601; x_wconf 79' lang='grc' dir='ltr'>τὴν</span> <span class='ocrx_word' id='word_1_717' title='bbox 3605 3542 3759 3617; x_wconf 80' lang='grc' dir='ltr'>ῥίζαν</span> <span class='ocrx_word' id='word_1_718' title='bbox 3792 3544 3821 3602; x_wconf 81' lang='grc' dir='ltr'><strong>ἣ</strong></span> <span class='ocrx_word' id='word_1_719' title='bbox 3854 3547 3947 3599; x_wconf 81' lang='grc' dir='ltr'>τὴν</span> 
     </span>
    </p>
   </div>
   <div class='ocr_carea' id='block_1_95' title="bbox 2348 3631 3944 3706">
    <p class='ocr_par' dir='ltr' id='par_1_95' title="bbox 2348 3631 3944 3706">
     <span class='ocr_line' id='line_1_95' title="bbox 2348 3631 3944 3706; baseline -0.003 -21"><span class='ocrx_word' id='word_1_720' title='bbox 2348 3638 2523 3704; x_wconf 85' lang='grc' dir='ltr'>πηγὴν</span> <span class='ocrx_word' id='word_1_721' title='bbox 2580 3635 2732 3685; x_wconf 78' lang='grc' dir='ltr'>πόθεν</span> <span class='ocrx_word' id='word_1_722' title='bbox 2779 3633 2938 3692; x_wconf 85' lang='grc' dir='ltr'>οὑτως</span> <span class='ocrx_word' id='word_1_723' title='bbox 2989 3631 3209 3706; x_wconf 75' lang='grc' dir='ltr'>ἔπιρῥέει</span> <span class='ocrx_word' id='word_1_724' title='bbox 3241 3651 3253 3662; x_wconf 95' lang='grc'><strong>·</strong></span> <span class='ocrx_word' id='word_1_725' title='bbox 3292 3632 3505 3693; x_wconf 83' lang='grc' dir='ltr'>θηλάζει</span> <span class='ocrx_word' id='word_1_726' title='bbox 3539 3634 3639 3705; x_wconf 81' lang='grc' dir='ltr'>γὰρ</span> <span class='ocrx_word' id='word_1_727' title='bbox 3684 3635 3743 3683; x_wconf 88' lang='grc' dir='ltr'>τό</span> <span class='ocrx_word' id='word_1_728' title='bbox 3791 3631 3944 3702; x_wconf 90' lang='grc' dir='ltr'>γάλα,</span> 
     </span>
    </p>
   </div>
   <div class='ocr_carea' id='block_1_96' title="bbox 2348 3720 3948 3794">
    <p class='ocr_par' dir='ltr' id='par_1_96' title="bbox 2348 3720 3948 3794">
     <span class='ocr_line' id='line_1_96' title="bbox 2348 3720 3948 3794; baseline -0.002 -20"><span class='ocrx_word' id='word_1_729' title='bbox 2348 3728 2437 3774; x_wconf 80' lang='grc' dir='ltr'>καὶ</span> <span class='ocrx_word' id='word_1_730' title='bbox 2484 3725 2567 3774; x_wconf 89' lang='grc' dir='ltr'>τόν</span> <span class='ocrx_word' id='word_1_731' title='bbox 2617 3722 2733 3794; x_wconf 84' lang='grc' dir='ltr'>ὀρὸν</span> <span class='ocrx_word' id='word_1_732' title='bbox 2780 3722 2893 3774; x_wconf 86' lang='grc' dir='ltr'>ὅλον</span> <span class='ocrx_word' id='word_1_733' title='bbox 2945 3720 3185 3774; x_wconf 84' lang='grc' dir='ltr'>ἁποκενοῖ</span> <span class='ocrx_word' id='word_1_734' title='bbox 3214 3739 3226 3751; x_wconf 94' lang='grc'><strong>·</strong></span> <span class='ocrx_word' id='word_1_735' title='bbox 3283 3726 3374 3775; x_wconf 84' lang='grc' dir='ltr'>καὶ</span> <span class='ocrx_word' id='word_1_736' title='bbox 3418 3720 3570 3774; x_wconf 89' lang='grc' dir='ltr'>πάλιν</span> <span class='ocrx_word' id='word_1_737' title='bbox 3610 3720 3769 3779; x_wconf 79' lang='grc' dir='ltr'>ἄλλην</span> <span class='ocrx_word' id='word_1_738' title='bbox 3810 3721 3948 3792; x_wconf 81' lang='grc' dir='ltr'>ὤραν</span> 
     </span>
    </p>
   </div>
   <div class='ocr_carea' id='block_1_97' title="bbox 2348 3805 3948 3883">
    <p class='ocr_par' dir='ltr' id='par_1_97' title="bbox 2348 3805 3948 3883">
     <span class='ocr_line' id='line_1_97' title="bbox 2348 3805 3948 3883; baseline -0.003 -19"><span class='ocrx_word' id='word_1_739' title='bbox 2348 3819 2631 3882; x_wconf 85' lang='grc' dir='ltr'>μεστοῦται</span> <span class='ocrx_word' id='word_1_740' title='bbox 2674 3812 2699 3863; x_wconf 89' lang='lat'>6</span> <span class='ocrx_word' id='word_1_741' title='bbox 2730 3811 2896 3883; x_wconf 89' lang='grc' dir='ltr'>μαζός</span> <span class='ocrx_word' id='word_1_742' title='bbox 2928 3831 2941 3844; x_wconf 77' lang='grc' dir='ltr'>ο</span> <span class='ocrx_word' id='word_1_743' title='bbox 2984 3818 3136 3864; x_wconf 89' lang='grc' dir='ltr'>τοῦτο</span> <span class='ocrx_word' id='word_1_744' title='bbox 3185 3814 3301 3864; x_wconf 77' lang='grc' dir='ltr'>οὔτε</span> <span class='ocrx_word' id='word_1_745' title='bbox 3338 3815 3394 3864; x_wconf 90' lang='grc' dir='ltr'>τό</span> <span class='ocrx_word' id='word_1_746' title='bbox 3424 3807 3637 3863; x_wconf 82' lang='grc' dir='ltr'>παιδίον</span> <span class='ocrx_word' id='word_1_747' title='bbox 3668 3805 3827 3875; x_wconf 78' lang='grc' dir='ltr'>οἶδεν,</span> <span class='ocrx_word' id='word_1_748' title='bbox 3863 3812 3948 3861; x_wconf 87' lang='grc' dir='ltr'>οῦ-</span> 
     </span>
    </p>
   </div>
   <div class='ocr_carea' id='block_1_98' title="bbox 2348 3898 3948 3973">
    <p class='ocr_par' dir='ltr' id='par_1_98' title="bbox 2348 3898 3948 3973">
     <span class='ocr_line' id='line_1_98' title="bbox 2348 3898 3948 3973; baseline -0.003 -20"><span class='ocrx_word' id='word_1_749' title='bbox 2348 3920 2402 3953; x_wconf 88' lang='grc' dir='ltr'>τε</span> <span class='ocrx_word' id='word_1_750' title='bbox 2431 3903 2460 3959; x_wconf 82' lang='grc' dir='ltr'>ἡ</span> <span class='ocrx_word' id='word_1_751' title='bbox 2504 3905 2675 3973; x_wconf 84' lang='grc' dir='ltr'>μήτηρ</span> <span class='ocrx_word' id='word_1_752' title='bbox 2725 3902 2906 3966; x_wconf 83' lang='grc' dir='ltr'>αὑτοῦ,</span> <span class='ocrx_word' id='word_1_753' title='bbox 2963 3900 3007 3954; x_wconf 82' lang='grc' dir='ltr'>εἰ</span> <span class='ocrx_word' id='word_1_754' title='bbox 3034 3903 3216 3953; x_wconf 81' lang='grc' dir='ltr'>καὶτὰ</span> <span class='ocrx_word' id='word_1_755' title='bbox 3260 3901 3490 3973; x_wconf 86' lang='grc' dir='ltr'>μάλιστα</span> <span class='ocrx_word' id='word_1_756' title='bbox 3538 3898 3638 3951; x_wconf 78' lang='grc' dir='ltr'>ἀπὸ</span> <span class='ocrx_word' id='word_1_757' title='bbox 3679 3898 3805 3950; x_wconf 86' lang='grc' dir='ltr'>ὅλων</span> <span class='ocrx_word' id='word_1_758' title='bbox 3845 3905 3948 3950; x_wconf 89' lang='grc' dir='ltr'>τῶν</span> 
     </span>
    </p>
   </div>
   <div class='ocr_carea' id='block_1_99' title="bbox 2348 3982 3947 4063">
    <p class='ocr_par' dir='ltr' id='par_1_99' title="bbox 2348 3982 3947 4063">
     <span class='ocr_line' id='line_1_99' title="bbox 2348 3982 3947 4063; baseline -0.003 -20"><span class='ocrx_word' id='word_1_759' title='bbox 2348 3991 2509 4063; x_wconf 87' lang='grc' dir='ltr'>μελῶν</span> <span class='ocrx_word' id='word_1_760' title='bbox 2543 3998 2637 4053; x_wconf 82' lang='grc' dir='ltr'>τῆς</span> <span class='ocrx_word' id='word_1_761' title='bbox 2665 3994 2860 4063; x_wconf 86' lang='grc' dir='ltr'>μητρὸς</span> <span class='ocrx_word' id='word_1_762' title='bbox 2910 3990 3181 4063; x_wconf 76' lang='grc' dir='ltr'>ἐξέρχεται</span> <span class='ocrx_word' id='word_1_763' title='bbox 3231 3994 3287 4043; x_wconf 86' lang='grc' dir='ltr'>τό</span> <span class='ocrx_word' id='word_1_764' title='bbox 3324 3991 3479 4061; x_wconf 86' lang='grc' dir='ltr'>γάλα.</span> <span class='ocrx_word' id='word_1_765' title='bbox 3522 3989 3587 4044; x_wconf 86' lang='grc' dir='ltr'>Εἰ</span> <span class='ocrx_word' id='word_1_766' title='bbox 3637 3992 3813 4052; x_wconf 82' lang='grc' dir='ltr'>ζητεῖς</span> <span class='ocrx_word' id='word_1_767' title='bbox 3860 3982 3947 4039; x_wconf 82' lang='grc' dir='ltr'>οὖν</span> 
     </span>
    </p>
   </div>
   <div class='ocr_carea' id='block_1_100' title="bbox 2349 4079 3951 4153">
    <p class='ocr_par' dir='ltr' id='par_1_100' title="bbox 2349 4079 3951 4153">
     <span class='ocr_line' id='line_1_100' title="bbox 2349 4079 3951 4153; baseline -0.002 -21"><span class='ocrx_word' id='word_1_768' title='bbox 2349 4083 2435 4132; x_wconf 87' lang='grc' dir='ltr'>τὸν</span> <span class='ocrx_word' id='word_1_769' title='bbox 2482 4083 2668 4153; x_wconf 83' lang='grc' dir='ltr'>Κύριον</span> <span class='ocrx_word' id='word_1_770' title='bbox 2699 4080 2768 4142; x_wconf 87' lang='grc' dir='ltr'>εἰς</span> <span class='ocrx_word' id='word_1_771' title='bbox 2810 4079 2991 4152; x_wconf 82' lang='grc' dir='ltr'>βάθος,</span> <span class='ocrx_word' id='word_1_772' title='bbox 3050 4086 3155 4133; x_wconf 85' lang='grc' dir='ltr'>εκεῖ</span> <span class='ocrx_word' id='word_1_773' title='bbox 3194 4080 3453 4152; x_wconf 87' lang='grc' dir='ltr'>εὑρίσκεῖς</span> <span class='ocrx_word' id='word_1_774' title='bbox 3500 4082 3653 4131; x_wconf 84' lang='grc' dir='ltr'>αὑτὸν</span> <span class='ocrx_word' id='word_1_775' title='bbox 3702 4083 3951 4129; x_wconf 88' lang='grc' dir='ltr'>ποιοῦντα</span> 
     </span>
    </p>
   </div>
   <div class='ocr_carea' id='block_1_101' title="bbox 2352 4166 3949 4241">
    <p class='ocr_par' dir='ltr' id='par_1_101' title="bbox 2352 4166 3949 4241">
     <span class='ocr_line' id='line_1_101' title="bbox 2352 4166 3949 4241; baseline -0.004 -18"><span class='ocrx_word' id='word_1_776' title='bbox 2352 4176 2562 4241; x_wconf 82' lang='grc' dir='ltr'>σημεῖα.</span> <span class='ocrx_word' id='word_1_777' title='bbox 2614 4169 2674 4222; x_wconf 84' lang='grc' dir='ltr'><strong>Εἰ</strong></span> <span class='ocrx_word' id='word_1_778' title='bbox 2727 4169 2901 4232; x_wconf 81' lang='grc' dir='ltr'>ζητεῖς</span> <span class='ocrx_word' id='word_1_779' title='bbox 2955 4169 3109 4222; x_wconf 83' lang='grc' dir='ltr'>αὑτὸν</span> <span class='ocrx_word' id='word_1_780' title='bbox 3162 4168 3210 4220; x_wconf 79' lang='grc' dir='ltr'>ἐν</span> <span class='ocrx_word' id='word_1_781' title='bbox 3265 4168 3461 4241; x_wconf 83' lang='grc' dir='ltr'>λάκκῳ,</span> <span class='ocrx_word' id='word_1_782' title='bbox 3530 4166 3635 4220; x_wconf 77' lang='grc' dir='ltr'>ἐκεῖ</span> <span class='ocrx_word' id='word_1_783' title='bbox 3693 4168 3949 4239; x_wconf 87' lang='grc' dir='ltr'>εὑρίσκεις</span> 
     </span>
    </p>
   </div>
   <div class='ocr_carea' id='block_1_102' title="bbox 2350 4251 3948 4329">
    <p class='ocr_par' dir='ltr' id='par_1_102' title="bbox 2350 4251 3948 4329">
     <span class='ocr_line' id='line_1_102' title="bbox 2350 4251 3948 4329; baseline -0.003 -20"><span class='ocrx_word' id='word_1_784' title='bbox 2350 4258 2505 4309; x_wconf 85' lang='grc' dir='ltr'>ᾶύτὸν</span> <span class='ocrx_word' id='word_1_785' title='bbox 2545 4257 2595 4309; x_wconf 76' lang='grc' dir='ltr'>ἓν</span> <span class='ocrx_word' id='word_1_786' title='bbox 2642 4261 2783 4329; x_wconf 88' lang='grc' dir='ltr'>μέσῳ</span> <span class='ocrx_word' id='word_1_787' title='bbox 2811 4254 2908 4309; x_wconf 79' lang='grc' dir='ltr'>δύο</span> <span class='ocrx_word' id='word_1_788' title='bbox 2972 4258 3181 4309; x_wconf 88' lang='grc' dir='ltr'>λεόντων</span> <span class='ocrx_word' id='word_1_789' title='bbox 3227 4256 3561 4328; x_wconf 84' lang='grc' dir='ltr'>φυλάσσοντα</span> <span class='ocrx_word' id='word_1_790' title='bbox 3612 4256 3699 4305; x_wconf 88' lang='grc' dir='ltr'>τὸν</span> <span class='ocrx_word' id='word_1_791' title='bbox 3742 4251 3948 4305; x_wconf 78' lang='grc' dir='ltr'>δίκαιον</span> 
     </span>
    </p>
   </div>
   <div class='ocr_carea' id='block_1_103' title="bbox 2352 4342 3947 4417">
    <p class='ocr_par' dir='ltr' id='par_1_103' title="bbox 2352 4342 3947 4417">
     <span class='ocr_line' id='line_1_103' title="bbox 2352 4342 3947 4417; baseline -0.003 -20"><span class='ocrx_word' id='word_1_792' title='bbox 2352 4346 2561 4404; x_wconf 75' lang='grc' dir='ltr'>Δανιὴλ.</span> <span class='ocrx_word' id='word_1_793' title='bbox 2612 4346 2672 4399; x_wconf 87' lang='grc' dir='ltr'>Εἰ</span> <span class='ocrx_word' id='word_1_794' title='bbox 2724 4347 2896 4408; x_wconf 81' lang='grc' dir='ltr'>ζητεῖς</span> <span class='ocrx_word' id='word_1_795' title='bbox 2946 4346 3100 4398; x_wconf 81' lang='grc' dir='ltr'>αὑτὸν</span> <span class='ocrx_word' id='word_1_796' title='bbox 3141 4345 3212 4405; x_wconf 87' lang='grc' dir='ltr'>εἰς</span> <span class='ocrx_word' id='word_1_797' title='bbox 3245 4353 3370 4417; x_wconf 88' lang='grc' dir='ltr'>πῦρ,</span> <span class='ocrx_word' id='word_1_798' title='bbox 3418 4347 3523 4396; x_wconf 75' lang='grc' dir='ltr'>ἐκεῖ</span> <span class='ocrx_word' id='word_1_799' title='bbox 3555 4345 3813 4413; x_wconf 81' lang='grc' dir='ltr'>εὑρίσκεις</span> <span class='ocrx_word' id='word_1_800' title='bbox 3851 4342 3947 4393; x_wconf 87' lang='grc' dir='ltr'>αύ-</span> 
     </span>
    </p>
   </div>
   <div class='ocr_carea' id='block_1_104' title="bbox 2271 4430 3943 4517">
    <p class='ocr_par' dir='ltr' id='par_1_104' title="bbox 2271 4430 3943 4517">
     <span class='ocr_line' id='line_1_104' title="bbox 2271 4430 3943 4517; baseline -0.005 -30"><span class='ocrx_word' id='word_1_801' title='bbox 2271 4463 2316 4517; x_wconf 82' lang='lat' dir='ltr'><strong>D</strong></span> <span class='ocrx_word' id='word_1_802' title='bbox 2351 4439 2435 4487; x_wconf 87' lang='grc' dir='ltr'>τὸν</span> <span class='ocrx_word' id='word_1_803' title='bbox 2476 4432 2771 4507; x_wconf 83' lang='grc' dir='ltr'>βοηθοῦντα</span> <span class='ocrx_word' id='word_1_804' title='bbox 2802 4442 2908 4497; x_wconf 90' lang='grc' dir='ltr'>τοῖς</span> <span class='ocrx_word' id='word_1_805' title='bbox 2951 4431 3167 4493; x_wconf 82' lang='grc' dir='ltr'>δσυλοις</span> <span class='ocrx_word' id='word_1_806' title='bbox 3198 4433 3378 4486; x_wconf 78' lang='grc' dir='ltr'>αὑτοῦ.</span> <span class='ocrx_word' id='word_1_807' title='bbox 3412 4432 3472 4484; x_wconf 84' lang='grc' dir='ltr'><strong>Εἰ</strong></span> <span class='ocrx_word' id='word_1_808' title='bbox 3503 4432 3677 4491; x_wconf 87' lang='grc' dir='ltr'>ζητεῖς</span> <span class='ocrx_word' id='word_1_809' title='bbox 3708 4430 3862 4481; x_wconf 80' lang='grc' dir='ltr'>αὑτὸν</span> <span class='ocrx_word' id='word_1_810' title='bbox 3894 4431 3943 4479; x_wconf 79' lang='grc' dir='ltr'>ἐν</span> 
     </span>
    </p>
   </div>
   <div class='ocr_carea' id='block_1_105' title="bbox 2352 4517 3944 4598">
    <p class='ocr_par' dir='ltr' id='par_1_105' title="bbox 2352 4517 3944 4598">
     <span class='ocr_line' id='line_1_105' title="bbox 2352 4517 3944 4598; baseline -0.007 -20"><span class='ocrx_word' id='word_1_811' title='bbox 2352 4530 2478 4598; x_wconf 80' lang='grc' dir='ltr'>ὄρει,</span> <span class='ocrx_word' id='word_1_812' title='bbox 2518 4527 2621 4577; x_wconf 72' lang='grc' dir='ltr'>ἐκεῖ</span> <span class='ocrx_word' id='word_1_813' title='bbox 2673 4526 2932 4596; x_wconf 84' lang='grc' dir='ltr'>εὑρίσκεις</span> <span class='ocrx_word' id='word_1_814' title='bbox 2997 4521 3151 4572; x_wconf 81' lang='grc' dir='ltr'>αὑτὸν</span> <span class='ocrx_word' id='word_1_815' title='bbox 3208 4522 3337 4590; x_wconf 88' lang='grc' dir='ltr'>μετὰ</span> <span class='ocrx_word' id='word_1_816' title='bbox 3385 4526 3475 4571; x_wconf 87' lang='grc' dir='ltr'>τοῦ</span> <span class='ocrx_word' id='word_1_817' title='bbox 3515 4517 3667 4569; x_wconf 85' lang='grc' dir='ltr'>Ἠλία</span> <span class='ocrx_word' id='word_1_818' title='bbox 3701 4521 3791 4567; x_wconf 83' lang='grc' dir='ltr'>καὶ</span> <span class='ocrx_word' id='word_1_819' title='bbox 3818 4523 3944 4568; x_wconf 87' lang='grc' dir='ltr'>Μω-</span> 
     </span>
    </p>
   </div>
   <div class='ocr_carea' id='block_1_106' title="bbox 2354 4607 3943 4682">
    <p class='ocr_par' dir='ltr' id='par_1_106' title="bbox 2354 4607 3943 4682">
     <span class='ocr_line' id='line_1_106' title="bbox 2354 4607 3943 4682; baseline -0.004 -17"><span class='ocrx_word' id='word_1_820' title='bbox 2354 4618 2495 4675; x_wconf 83' lang='grc' dir='ltr'>σέως.</span> <span class='ocrx_word' id='word_1_821' title='bbox 2558 4618 2839 4682; x_wconf 83' lang='grc' dir='ltr'>Πανταχοῦ</span> <span class='ocrx_word' id='word_1_822' title='bbox 2896 4607 2981 4662; x_wconf 83' lang='grc' dir='ltr'>οὖν</span> <span class='ocrx_word' id='word_1_823' title='bbox 3042 4612 3176 4670; x_wconf 80' lang='grc' dir='ltr'>ἱστι,</span> <span class='ocrx_word' id='word_1_824' title='bbox 3232 4613 3322 4659; x_wconf 86' lang='grc' dir='ltr'>καὶ</span> <span class='ocrx_word' id='word_1_825' title='bbox 3378 4608 3621 4659; x_wconf 83' lang='grc' dir='ltr'>ὑποκάτω</span> <span class='ocrx_word' id='word_1_826' title='bbox 3678 4614 3768 4666; x_wconf 83' lang='grc' dir='ltr'>τῆς</span> <span class='ocrx_word' id='word_1_827' title='bbox 3818 4613 3943 4676; x_wconf 82' lang='grc' dir='ltr'>γῆς,</span> 
     </span>
    </p>
   </div>
   <div class='ocr_carea' id='block_1_107' title="bbox 2350 4696 3938 4774">
    <p class='ocr_par' dir='ltr' id='par_1_107' title="bbox 2350 4696 3938 4774">
     <span class='ocr_line' id='line_1_107' title="bbox 2350 4696 3938 4774; baseline -0.007 -18"><span class='ocrx_word' id='word_1_828' title='bbox 2350 4708 2440 4755; x_wconf 87' lang='grc' dir='ltr'>καὶ</span> <span class='ocrx_word' id='word_1_829' title='bbox 2502 4702 2735 4774; x_wconf 88' lang='grc' dir='ltr'>ὑπεράνω</span> <span class='ocrx_word' id='word_1_830' title='bbox 2773 4706 2870 4750; x_wconf 88' lang='grc' dir='ltr'>τῶν</span> <span class='ocrx_word' id='word_1_831' title='bbox 2926 4697 3171 4769; x_wconf 77' lang='grc' dir='ltr'>οὐρανῶν,</span> <span class='ocrx_word' id='word_1_832' title='bbox 3233 4699 3332 4749; x_wconf 86' lang='grc' dir='ltr'>εἶτε</span> <span class='ocrx_word' id='word_1_833' title='bbox 3374 4696 3421 4747; x_wconf 80' lang='grc' dir='ltr'>ἐν</span> <span class='ocrx_word' id='word_1_834' title='bbox 3474 4698 3619 4768; x_wconf 78' lang='grc' dir='ltr'>ἡμῖν,</span> <span class='ocrx_word' id='word_1_835' title='bbox 3661 4702 3938 4765; x_wconf 80' lang='grc' dir='ltr'>πανταχοῦ</span> 
     </span>
    </p>
   </div>
   <div class='ocr_carea' id='block_1_108' title="bbox 2350 4784 3944 4857">
    <p class='ocr_par' dir='ltr' id='par_1_108' title="bbox 2350 4784 3944 4857">
     <span class='ocr_line' id='line_1_108' title="bbox 2350 4784 3944 4857; baseline -0.006 -13"><span class='ocrx_word' id='word_1_836' title='bbox 2350 4796 2511 4845; x_wconf 75' lang='grc' dir='ltr'>ἑστιν.</span> <span class='ocrx_word' id='word_1_837' title='bbox 2547 4797 2725 4848; x_wconf 81' lang='grc' dir='ltr'>Οῦτως</span> <span class='ocrx_word' id='word_1_838' title='bbox 2764 4792 2851 4839; x_wconf 85' lang='grc' dir='ltr'>καὶ</span> <span class='ocrx_word' id='word_1_839' title='bbox 2898 4789 2927 4845; x_wconf 84' lang='grc' dir='ltr'>ἡ</span> <span class='ocrx_word' id='word_1_840' title='bbox 2970 4785 3124 4857; x_wconf 71' lang='grc' dir='ltr'>ψυχὴ</span> <span class='ocrx_word' id='word_1_841' title='bbox 3177 4784 3328 4857; x_wconf 72' lang='grc' dir='ltr'>ἐγγύς</span> <span class='ocrx_word' id='word_1_842' title='bbox 3373 4790 3466 4839; x_wconf 83' lang='grc' dir='ltr'>σοὺ</span> <span class='ocrx_word' id='word_1_843' title='bbox 3497 4788 3632 4850; x_wconf 77' lang='grc' dir='ltr'>ἐστι,</span> <span class='ocrx_word' id='word_1_844' title='bbox 3684 4788 3769 4836; x_wconf 87' lang='grc' dir='ltr'>καὶ</span> <span class='ocrx_word' id='word_1_845' title='bbox 3819 4786 3944 4836; x_wconf 60' lang='grc' dir='ltr'>ἔσω.</span> 
     </span>
    </p>
   </div>
   <div class='ocr_carea' id='block_1_109' title="bbox 2352 4874 3938 4947">
    <p class='ocr_par' dir='ltr' id='par_1_109' title="bbox 2352 4874 3938 4947">
     <span class='ocr_line' id='line_1_109' title="bbox 2352 4874 3938 4947; baseline -0.006 -14"><span class='ocrx_word' id='word_1_846' title='bbox 2352 4884 2431 4933; x_wconf 89' lang='grc' dir='ltr'>θέν</span> <span class='ocrx_word' id='word_1_847' title='bbox 2477 4880 2571 4931; x_wconf 92' lang='grc' dir='ltr'>σού</span> <span class='ocrx_word' id='word_1_848' title='bbox 2605 4877 2736 4941; x_wconf 81' lang='grc' dir='ltr'>ἐστι,</span> <span class='ocrx_word' id='word_1_849' title='bbox 2781 4880 2871 4928; x_wconf 82' lang='grc' dir='ltr'>καὶ</span> <span class='ocrx_word' id='word_1_850' title='bbox 2924 4874 3103 4937; x_wconf 82' lang='grc' dir='ltr'>ἔξωθέν</span> <span class='ocrx_word' id='word_1_851' title='bbox 3154 4879 3248 4927; x_wconf 83' lang='grc' dir='ltr'>σοῦ</span> <span class='ocrx_word' id='word_1_852' title='bbox 3289 4874 3446 4929; x_wconf 80' lang='grc' dir='ltr'>ἐστιν.</span> <span class='ocrx_word' id='word_1_853' title='bbox 3491 4874 3660 4927; x_wconf 84' lang='grc' dir='ltr'>Ὀπου</span> <span class='ocrx_word' id='word_1_854' title='bbox 3713 4874 3812 4947; x_wconf 82' lang='grc' dir='ltr'>γὰρ</span> <span class='ocrx_word' id='word_1_855' title='bbox 3860 4875 3938 4925; x_wconf 81' lang='grc' dir='ltr'>θέ-</span> 
     </span>
    </p>
   </div>
   <div class='ocr_carea' id='block_1_110' title="bbox 2348 4962 3937 5039">
    <p class='ocr_par' dir='ltr' id='par_1_110' title="bbox 2348 4962 3937 5039">
     <span class='ocr_line' id='line_1_110' title="bbox 2348 4962 3937 5039; baseline -0.004 -20"><span class='ocrx_word' id='word_1_856' title='bbox 2348 4968 2466 5031; x_wconf 86' lang='grc' dir='ltr'>λεις,</span> <span class='ocrx_word' id='word_1_857' title='bbox 2524 4967 2593 5028; x_wconf 87' lang='grc' dir='ltr'>εἰς</span> <span class='ocrx_word' id='word_1_858' title='bbox 2639 4968 2845 5037; x_wconf 80' lang='grc' dir='ltr'>μακρὰς</span> <span class='ocrx_word' id='word_1_859' title='bbox 2891 4962 3174 5039; x_wconf 81' lang='grc' dir='ltr'>πατρίδας,</span> <span class='ocrx_word' id='word_1_860' title='bbox 3235 4963 3338 5017; x_wconf 71' lang='grc' dir='ltr'>ἐκεῖ</span> <span class='ocrx_word' id='word_1_861' title='bbox 3403 4963 3543 5017; x_wconf 73' lang='grc' dir='ltr'>ἐστιν</span> <span class='ocrx_word' id='word_1_862' title='bbox 3583 4966 3608 5015; x_wconf 89' lang='grc' dir='ltr'>ό</span> <span class='ocrx_word' id='word_1_863' title='bbox 3657 4971 3771 5022; x_wconf 82' lang='grc' dir='ltr'>νοῦς</span> <span class='ocrx_word' id='word_1_864' title='bbox 3825 4981 3937 5024; x_wconf 87' lang='grc' dir='ltr'>σου,</span> 
     </span>
    </p>
   </div>
   <div class='ocr_carea' id='block_1_111' title="bbox 2350 5050 3943 5126">
    <p class='ocr_par' dir='ltr' id='par_1_111' title="bbox 2350 5050 3943 5126">
     <span class='ocr_line' id='line_1_111' title="bbox 2350 5050 3943 5126; baseline -0.004 -18"><span class='ocrx_word' id='word_1_865' title='bbox 2350 5060 2447 5109; x_wconf 84' lang='grc' dir='ltr'>εἶτε</span> <span class='ocrx_word' id='word_1_866' title='bbox 2494 5054 2577 5108; x_wconf 75' lang='grc' dir='ltr'>ἐπὶ</span> <span class='ocrx_word' id='word_1_867' title='bbox 2631 5051 2860 5126; x_wconf 78' lang='grc' dir='ltr'>δυσμὰς,</span> <span class='ocrx_word' id='word_1_868' title='bbox 2932 5058 3030 5106; x_wconf 83' lang='grc' dir='ltr'>εἴτε</span> <span class='ocrx_word' id='word_1_869' title='bbox 3093 5052 3177 5106; x_wconf 76' lang='grc' dir='ltr'>ἐπὶ</span> <span class='ocrx_word' id='word_1_870' title='bbox 3239 5054 3509 5119; x_wconf 79' lang='grc' dir='ltr'>ἀνατολὰς,</span> <span class='ocrx_word' id='word_1_871' title='bbox 3569 5054 3667 5105; x_wconf 81' lang='grc' dir='ltr'>εἴτε</span> <span class='ocrx_word' id='word_1_872' title='bbox 3716 5050 3788 5113; x_wconf 81' lang='grc' dir='ltr'>εἰς</span> <span class='ocrx_word' id='word_1_873' title='bbox 3827 5054 3943 5111; x_wconf 84' lang='grc' dir='ltr'>τοὺς</span> 
     </span>
    </p>
   </div>
   <div class='ocr_carea' id='block_1_112' title="bbox 2349 5145 3073 5218">
    <p class='ocr_par' dir='ltr' id='par_1_112' title="bbox 2349 5145 3073 5218">
     <span class='ocr_line' id='line_1_112' title="bbox 2349 5145 3073 5218; baseline 0 -21"><span class='ocrx_word' id='word_1_874' title='bbox 2349 5145 2593 5218; x_wconf 78' lang='grc' dir='ltr'>οὐρανούς</span> <span class='ocrx_word' id='word_1_875' title='bbox 2623 5145 2724 5197; x_wconf 82' lang='grc' dir='ltr'>ἐκεῖ</span> <span class='ocrx_word' id='word_1_876' title='bbox 2756 5146 3073 5216; x_wconf 73' lang='grc' dir='ltr'>εὑρίσκεται.</span> 
     </span>
    </p>
   </div>
   <div class='ocr_carea' id='block_1_113' title="bbox 2421 5228 3941 5305">
    <p class='ocr_par' dir='ltr' id='par_1_113' title="bbox 2421 5228 3941 5305">
     <span class='ocr_line' id='line_1_113' title="bbox 2421 5228 3941 5305; baseline -0.006 -18"><span class='ocrx_word' id='word_1_877' title='bbox 2421 5233 2519 5287; x_wconf 90' lang='grc' dir='ltr'>ΙΓ’.</span> <span class='ocrx_word' id='word_1_878' title='bbox 2572 5238 2891 5305; x_wconf 83' lang='grc' dir='ltr'>Ζητήσωμεν</span> <span class='ocrx_word' id='word_1_879' title='bbox 2950 5229 3037 5285; x_wconf 83' lang='grc' dir='ltr'>οὖν</span> <span class='ocrx_word' id='word_1_880' title='bbox 3096 5236 3493 5304; x_wconf 78' lang='grc' dir='ltr'>προηγουμένως</span> <span class='ocrx_word' id='word_1_881' title='bbox 3551 5232 3638 5282; x_wconf 87' lang='grc' dir='ltr'>τόν</span> <span class='ocrx_word' id='word_1_882' title='bbox 3705 5228 3941 5296; x_wconf 80' lang='grc' dir='ltr'>καυτῆρα</span> 
     </span>
    </p>
   </div>
   <div class='ocr_carea' id='block_1_114' title="bbox 2349 5313 3940 5396">
    <p class='ocr_par' dir='ltr' id='par_1_114' title="bbox 2349 5313 3940 5396">
     <span class='ocr_line' id='line_1_114' title="bbox 2349 5313 3940 5396; baseline -0.007 -19"><span class='ocrx_word' id='word_1_883' title='bbox 2349 5332 2440 5377; x_wconf 88' lang='grc' dir='ltr'>τοῦ</span> <span class='ocrx_word' id='word_1_884' title='bbox 2469 5326 2664 5396; x_wconf 81' lang='grc' dir='ltr'>Κὺρίου</span> <span class='ocrx_word' id='word_1_885' title='bbox 2699 5328 2788 5375; x_wconf 81' lang='grc' dir='ltr'>καὶ</span> <span class='ocrx_word' id='word_1_886' title='bbox 2817 5327 2908 5381; x_wconf 80' lang='grc' dir='ltr'>τὴν</span> <span class='ocrx_word' id='word_1_887' title='bbox 2951 5318 3223 5395; x_wconf 76' lang='grc' dir='ltr'>σφραγίδα</span> <span class='ocrx_word' id='word_1_888' title='bbox 3251 5324 3298 5372; x_wconf 82' lang='grc' dir='ltr'>ἐν</span> <span class='ocrx_word' id='word_1_889' title='bbox 3330 5321 3529 5382; x_wconf 81' lang='grc' dir='ltr'>ἑαυτοῖς</span> <span class='ocrx_word' id='word_1_890' title='bbox 3559 5321 3699 5392; x_wconf 80' lang='grc' dir='ltr'>ἔχειν</span> <span class='ocrx_word' id='word_1_891' title='bbox 3733 5335 3749 5348; x_wconf 84' lang='grc'>⁶</span> <span class='ocrx_word' id='word_1_892' title='bbox 3790 5318 3869 5369; x_wconf 88' lang='grc' dir='ltr'>ὃτι</span> <span class='ocrx_word' id='word_1_893' title='bbox 3897 5313 3940 5366; x_wconf 74' lang='grc' dir='ltr'>ἐν</span> 
     </span>
    </p>
   </div>
   <div class='ocr_carea' id='block_1_115' title="bbox 2350 5410 3939 5488">
    <p class='ocr_par' dir='ltr' id='par_1_115' title="bbox 2350 5410 3939 5488">
     <span class='ocr_line' id='line_1_115' title="bbox 2350 5410 3939 5488; baseline -0.007 -21"><span class='ocrx_word' id='word_1_894' title='bbox 2350 5423 2421 5488; x_wconf 86' lang='grc' dir='ltr'>τῷ</span> <span class='ocrx_word' id='word_1_895' title='bbox 2445 5422 2611 5488; x_wconf 84' lang='grc' dir='ltr'>καιρῷ</span> <span class='ocrx_word' id='word_1_896' title='bbox 2649 5421 2745 5477; x_wconf 82' lang='grc' dir='ltr'>τῆς</span> <span class='ocrx_word' id='word_1_897' title='bbox 2772 5417 3008 5483; x_wconf 83' lang='grc' dir='ltr'>κρίσεως,</span> <span class='ocrx_word' id='word_1_898' title='bbox 3062 5413 3333 5485; x_wconf 81' lang='grc' dir='ltr'>γενομένης</span> <span class='ocrx_word' id='word_1_899' title='bbox 3384 5418 3480 5473; x_wconf 83' lang='grc' dir='ltr'>τῆς</span> <span class='ocrx_word' id='word_1_900' title='bbox 3530 5410 3816 5481; x_wconf 80' lang='grc' dir='ltr'>ἀποτομίας</span> <span class='ocrx_word' id='word_1_901' title='bbox 3855 5411 3939 5459; x_wconf 84' lang='grc' dir='ltr'>τοῦ</span> 
     </span>
    </p>
   </div>
  </div>
