4148 6262
1548 362 1893 421 HOMILLE.
1929 392 2001 404 —
2044 363 2218 421 HOM.
2260 364 2379 421 XII.

3550 370 3658 427 566

299 500 452 559 Θεοῦ,
509 497 597 545 καὶ
672 496 1029 565 συναγομένων
1077 491 1202 545 ὅλων
1263 498 1364 543 τῶν
1433 489 1599 562 φυλῶν
1648 497 1745 550 τῆς
1796 496 1874 560 γῆ

2006 488 2288 545 omnibus
2346 490 2619 547 tribubus
2672 497 2840 549 terra;
2894 494 3185 552 universas
3223 495 3386 561 Adae,
3407 496 3653 568 quando

295 582 411 635 ὅλου
462 590 553 635 τοῦ
630 579 823 654 Ἀδὰμ,
870 582 989 634 ὅταν
1044 581 1237 654 κάλέσῃ
1297 582 1323 631 ό
1370 584 1564 652 ποιμὴν
1600 583 1693 637 τὴν
1752 574 1891 629 ἰδίαν

291 676 532 743 ποίμνην,
602 673 714 723 ἕσοι
768 673 961 742 ὃχουσι
1015 674 1101 723 τόν
1170 677 1428 743 καυτῆρα,
1483 667 1891 738 ἐπιγινώσκουσι

289 764 375 811 τὸν
426 758 562 813 ἴδιον
614 763 852 831 ποιμένα,
902 764 990 811 καὶ
1035 760 1060 810 ὀ
1103 763 1298 829 ποιμὴν
1362 761 1483 817 τοὺς
1538 759 1755 828 ἔχοντας
1795 759 1889 812 τὴν

291 846 431 900 ἰδίαν
484 846 753 922 σφραγῖδα
795 850 1059 923 γνωρίζει,
1101 854 1190 899 καὶ
1220 848 1523 917 ἐπισυνάγει
1552 844 1652 896 ἀπὸ
1684 846 1887 896 πάντων

286 946 385 989 τῶν
425 936 596 989 ἐθνῶν.
628 946 735 999 Τῆς
774 945 945 1010 φωνῆς
968 940 1069 1010 γὰρ
1125 937 1287 989 αὐτοῦ
1340 935 1620 987 ἀκούουσιν
1653 936 1701 984 οἱ
1729 929 1883 995 ἴδιοι,

284 1031 373 1078 καὶ
400 1028 692 1098 ὑπάγουσιν
725 1025 893 1078 ὀπίσω
920 1027 1100 1078 αὐτοῦ.
1146 1026 1230 1087 Εἰς
1271 1021 1368 1077 δύο
1411 1027 1510 1095 γὰρ
1569 1026 1696 1095 μέρη
1735 1022 1887 1072 ἵστα-

285 1134 369 1166 ται
422 1117 446 1167 ὁ
495 1121 707 1187 κόσμος,
762 1120 850 1168 καὶ
910 1120 1145 1187 γίγνεται
1180 1119 1279 1186 μία
1330 1119 1521 1185 ποίμνη
1559 1115 1818 1173 σκοτεινὴ,
1852 1111 1880 1167 ἦ

280 1211 539 1277 χωροῦσα
570 1206 641 1267 εἰς
686 1212 789 1276 πῦρ
836 1204 1063 1256 αἱωνιον.
1127 1208 1226 1256 Καὶ
1283 1209 1380 1275 μία
1439 1202 1639 1273 πλήρης
1694 1202 1880 1271 φωτὸς,

279 1293 309 1349 ἠ
345 1297 472 1366 πρὸς
511 1298 598 1351 τὴν
659 1294 894 1365 οὐράνιον
954 1293 1099 1355 λῆξιν
1160 1291 1486 1364 ἀναγομένη⁸
1563 1288 1689 1339 αὐτὸ
1742 1282 1827 1337 οὖν
1860 1288 1885 1336 ὅ

278 1388 364 1432 νῦν
408 1385 650 1454 κτώμεθα
719 1382 766 1433 ἐν
822 1389 937 1443 ταῖς
1001 1382 1228 1453 ψυχαῖς,
1302 1380 1428 1432 αύτό
1481 1378 1639 1430 ἐκεῖνο
1695 1376 1887 1447 λάμπει

277 1475 366 1522 καὶ
393 1479 720 1546 φανεροῦται,
752 1477 841 1523 καὶ
872 1474 937 1523 τὰ
968 1476 1186 1542 σώματα
1218 1466 1387 1521 ἓνδύει
1419 1464 1598 1529 δόξαν.

347 1559 440 1614 ΙΔ’.
486 1560 684 1631 Ὠσπερ
727 1559 773 1611 ἐν
830 1567 904 1630 τῷ
959 1566 1124 1633 καιρῷ
1183 1565 1274 1609 τοῦ
1327 1559 1581 1610 Ξανθικοῦ
1633 1558 1795 1628 μηνὸς
1833 1556 1887 1606 αὶ

272 1647 417 1720 ῥίζαι
471 1653 805 1720 κεχωσμέναι
862 1648 910 1699 ἐν
970 1655 1032 1719 τῇ
1078 1656 1171 1720 γῇ,
1237 1650 1363 1707 τοὺς
1421 1643 1590 1707 ἰδίους
1636 1648 1883 1719 καρπούς,

272 1739 361 1785 καὶ
393 1737 458 1787 τὰ
494 1732 609 1788 ῐδια
658 1738 786 1795 ἄνθη
820 1742 909 1788 καὶ
939 1736 1095 1794 κάλλη
1131 1735 1571 1799 ἐκϐλαστάνουσι,
1632 1740 1719 1786 καὶ
1758 1753 1886 1807 καρ-

270 1832 586 1897 ποφοροῦσι,
633 1830 720 1877 καὶ
776 1833 1112 1900 φανεροῦνται
1172 1826 1225 1876 αἱ
1274 1823 1427 1876 καλαὶ
1465 1824 1632 1897 ῥίζαι,
1692 1829 1779 1875 καὶ
1830 1826 1884 1877 αἱ
1914 1828 1955 1882 Β

270 1913 366 1971 τὰς
406 1911 632 1974 ἀκάνθας
658 1917 883 1985 ἔχουσαι
929 1919 1140 1989 φανεραὶ
1183 1918 1413 1984 γίνονται
1443 1913 1606 1973 οὕτως
1637 1912 1708 1964 ἐνέ
1739 1917 1879 1985 κείνῃ

272 2008 336 2073 τῇ
386 2004 557 2076 ἡμέρᾳ
618 2003 833 2062 ἕκαστος
909 1999 1001 2054 διὰ
1057 2010 1149 2053 τοῦ
1222 1999 1361 2054 ἰδίου
1405 2002 1692 2073 σώματος,
1750 2001 1877 2074 άπερ

267 2088 505 2161 ἔπραξεν,
564 2089 851 2162 ἐμφανίζει,
896 2096 985 2142 καὶ
1045 2098 1352 2163 φανεροῦται
1393 2092 1455 2141 τά
1500 2109 1553 2141 τε
1604 2090 1737 2141 καλά
1787 2094 1877 2141 καὶ

268 2180 333 2229 τὰ
356 2179 512 2229 κακά.
558 2180 693 2232 Ἐκεῖ
714 2182 813 2255 γάρ
845 2182 960 2232 ἐστι
992 2186 1140 2231 πᾶσα
1168 2181 1197 2237 ἡ
1234 2184 1407 2252 κρίσις
1435 2184 1525 2231 καὶ
1574 2181 1603 2236 ἡ
1648 2178 1877 2231 ἀνταπό-

269 2263 448 2329 δοσις.
497 2274 649 2320 Ἐστι
680 2271 778 2343 γάρ
808 2269 935 2325 άλλη
970 2273 1129 2341 τροφὴ
1166 2270 1310 2340 παρὰ
1336 2270 1531 2326 ταύτην
1579 2272 1672 2325 τὴν
1703 2287 1874 2339 φαινο-

261 2360 419 2427 μένην
449 2374 459 2385 ·
490 2361 576 2409 καὶ
599 2360 700 2429 γὰρ
730 2365 957 2416 Μωῦσῆς
988 2359 1069 2409 ὅτε
1097 2356 1311 2414 ἀνῆλθεν
1345 2357 1409 2417 εἰς
1423 2361 1482 2409 τό
1509 2348 1643 2429 ὀρος,
1678 2359 1874 2429 ἡμέρας

261 2446 659 2518 τεσσαράκοντα
718 2445 1040 2503 ἐνήστευσεν.
1102 2446 1353 2503 Ἀνῆλθεν
1406 2445 1693 2520 ἅνθρωπος,
1750 2465 1872 2498 κατ-

262 2532 388 2591 ῆλθε
416 2537 544 2586 Θεὸν
580 2536 736 2604 ἔχων.
769 2540 869 2587 Καὶ
899 2532 982 2587 ἴδε
1012 2532 1265 2606 βλέπομεν
1300 2533 1347 2585 ἐν
1383 2536 1527 2606 ἡμῖν,
1577 2536 1655 2586 ὃτι
1686 2534 1732 2585 ἐν
1764 2534 1870 2587 ὀλί-

260 2641 382 2692 γαις
408 2624 649 2696 ἡμέραις,
674 2622 756 2674 ἐὰν
784 2627 854 2693 μὴ
894 2623 1269 2695 ύποστηριχθῇ
1314 2627 1373 2674 τὸ
1406 2632 1556 2694 σῶμα
1596 2622 1867 2696 βρώμασι,

261 2711 547 2783 φθείρεται.
620 2716 720 2764 Καὶ
777 2712 930 2774 αὐτὸς
983 2710 1031 2763 ἐν
1072 2713 1465 2784 τεσσαράκοντα
1522 2715 1734 2785 ἡμέραις
1778 2733 1871 2770 νη-

263 2801 512 2867 στεύσας,
546 2799 714 2852 πλεῖον
769 2801 894 2852 ὃλων
949 2799 1360 2874 ἐνδυναμώτερος
1399 2802 1671 2860 κατῆλθεν.
1704 2802 1869 2874 Ἐτρέ-

265 2909 383 2960 φετο
440 2894 540 2964 γὰρ
595 2893 694 2943 ὑπὸ
743 2900 834 2943 τοῦ
877 2900 1031 2957 Θεοῦ,
1092 2897 1181 2944 καὶ
1235 2893 1544 2964 ᾠκονομεῖτο
1596 2892 1756 2944 αύτοῦ
1810 2896 1867 2944 τὸ

262 2987 418 3050 σῶμα
462 2979 584 3051 ἆλλῃ
646 2989 801 3053 τροφῇ
841 2984 1149 3055 ἐπουρανίῳ.
1195 2980 1254 3033 Ὀ
1306 2985 1403 3056 γὰρ
1434 2981 1581 3052 λόγος
1605 2989 1694 3033 τοῦ
1735 2990 1867 3035 Θεοῦ

261 3072 425 3137 τροφὴ
465 3068 605 3137 αύτῷ
648 3070 895 3138 ἐγίγνετο,
952 3074 1040 3120 καὶ
1092 3066 1205 3140 εἶχε
1266 3066 1427 3131 δόξαν
1486 3075 1557 3129 είς
1603 3074 1659 3121 τό
1706 3076 1868 3143 πρόσ-

261 3174 401 3205 ωπον
434 3172 444 3183 ·
480 3158 538 3205 τὸ
567 3161 851 3227 γενόμενον,
885 3160 1044 3217 τύπος
1084 3154 1143 3214 ἧν
1175 3175 1186 3186 ⁸
1230 3156 1394 3216 ἐκείνη
1420 3161 1518 3230 γὰρ
1550 3160 1579 3216 ἡ
1617 3155 1747 3221 δόξα
1781 3168 1868 3214 νῦν
1900 3158 1938 3212 C

256 3244 451 3294 ἐσωθεν
521 3244 588 3303 εἰς
642 3247 731 3305 τὰς
795 3242 1016 3319 καρδίας
1087 3253 1186 3296 τῶν
1264 3254 1593 3318 Χριστιανῶν
1653 3246 1865 3317 λάμπει.

258 3329 609 3404 Ἀνιστάμενα
652 3336 750 3407 γὰρ
804 3337 871 3385 τὰ
930 3340 1151 3406 σώματα
1199 3334 1246 3385 ἐν
1302 3343 1363 3407 τῇ
1416 3333 1701 3386 ἀναστάσει
1732 3336 1866 3407 ἄλλῳ

259 3416 513 3491 ἐνδύματι
575 3423 725 3491 θεῐκῷ
779 3422 1149 3486 σκεπάζονται,
1203 3427 1293 3475 καὶ
1337 3422 1538 3497 βρώσει
1581 3422 1866 3495 ἐπουρανίῳ

256 3513 549 3580 τρέφονται,

331 3596 408 3650 ΙΕ’
436 3597 807 3670 Ἐρώτησις.
848 3603 920 3652 Τί
958 3602 1117 3665 ἐστι,
1151 3606 1305 3672 γυνὴ
1349 3599 1864 3653 ἆκατακαλύπτώ

258 3686 499 3759 κεφαλῇ
542 3693 1044 3761 προσευχομένη
1077 3708 1089 3755 ;

333 3776 735 3851 Ἀπόκρισις.
782 3774 993 3836 Ἐπειδὴ
1044 3778 1090 3829 ἐν
1139 3786 1212 3848 τῷ
1268 3788 1432 3852 καιρῷ
1494 3787 1592 3832 τῶν
1638 3777 1862 3831 ἀποστό-

254 3863 356 3914 λων
411 3864 676 3937 ἀφιεμένας
725 3863 871 3938 εἶχον
931 3871 1022 3929 τὰς
1104 3873 1295 3939 τρίχας
1374 3867 1487 3920 ἀντὶ
1557 3870 1864 3940 σκεπάσμα-

252 3972 343 4014 τος
379 3970 390 3983 ·
429 3950 520 4005 διὰ
551 3963 701 4006 τοῦτο
735 3957 759 4007 ό
792 3959 984 4031 Κύριος
1041 3962 1129 4009 καὶ
1190 3959 1238 4009 οἱ
1278 3956 1560 4010 ἀπόστολοι
1608 3954 1762 4016 ἦλθον
1792 3958 1863 4019 εἰς

253 4045 353 4097 τὴν
406 4046 579 4093 κτίσιν
630 4048 720 4094 καὶ
774 4047 1141 4117 ἐσωφρόνησαν
1227 4046 1412 4105 αύτὴν.
1474 4047 1612 4105 Πλὴν
1666 4050 1695 4105 ἡ
1728 4052 1858 4119 γυνὴ

254 4136 426 4180 κεῖται
475 4130 546 4190 εἰς
583 4133 744 4183 τύπον
781 4140 875 4192 τῆς
940 4133 1285 4194 Ἐκκλησίας-
1341 4141 1430 4187 καὶ
1478 4137 1649 4210 ὥσπερ
1702 4136 1768 4196 εἰς
1798 4140 1855 4188 τὸ

255 4222 559 4289 φαινόμενον
612 4218 659 4270 ἐν
730 4223 901 4271 ἐκείνω
958 4229 1031 4289 τῷ
1089 4222 1255 4293 καιρῷ
1326 4225 1514 4274 ἐκεῖναι
1582 4222 1725 4295 εἶχον
1779 4226 1856 4287 ἐξ·

253 4305 559 4377 ηπλωμένας
610 4309 704 4368 τὰς
740 4312 931 4379 τρίχας
980 4306 1095 4359 ἀντὶ
1149 4312 1518 4381 σκεπάσματος
1552 4333 1563 4343 ·
1618 4314 1862 4365 οὕτωκαὶ

251 4396 285 4452 ἡ
349 4392 637 4453 Ἐκκλησία
674 4398 737 4447 τὰ
786 4400 937 4448 τέκνα
997 4397 1161 4458 αὐτῆς
1219 4395 1387 4449 ενδύει
1430 4403 1515 4449 καὶ
1570 4399 1863 4471 περιϐάλλει

2007 578 2235 634 vocabit
2282 585 2484 649 pastor
2531 598 2706 636 suum
2757 599 3022 653 gregem,
3062 586 3408 657 quicunque
3459 589 3654 641 caute-

2000 666 2152 720 rium
2204 667 2546 737 habuerint,
2594 678 2958 739 cognoscent
2992 680 3295 744 pastorem
3338 691 3535 737 suum,
3597 678 3653 729 et

2000 762 2203 825 pastor
2232 757 2748 827 sigilloinsignitos
2765 768 3069 831 agnoscet,
3096 762 3555 833 etcongregabit
3580 778 3650 818 ex

1998 846 2281 899 omnibus
2314 847 2610 916 gentibus.
2646 851 2862 905 Vocem
2896 851 3053 906 enim
3082 853 3209 922 ejus
3241 852 3513 917 audiunt,
3546 851 3651 923 qui

1998 939 2135 987 sunt
2161 936 2271 990 sui.
2315 941 2370 990 et
2409 942 2741 1008 sequuntur
2781 954 2938 993 eum.
2974 940 3040 994 In
3082 940 3229 995 duas
3250 941 3405 995 enim
3452 945 3650 1011 partes

1996 1023 2258 1079 mundu<
2300 1024 2603 1080 dividitur.
2646 1031 2699 1080 et
2738 1033 2824 1081 est
2863 1043 3013 1082 unus
3072 1043 3214 1096 grex
3274 1028 3648 1094 tenebrosus,

1994 1111 2372 1179 quidiscedet
2390 1115 2446 1168 in
2463 1114 2659 1183 ignem
2676 1115 3223 1186 inexstinguibilem
3251 1123 3306 1171 et
3323 1123 3646 1183 aeternum;

1996 1200 2138 1253 alter
2197 1218 2332 1257 vero
2399 1203 2612 1274 plenus
2655 1204 2911 1269 lumine,
2959 1207 3061 1276 qui
3117 1207 3189 1261 ad
3234 1206 3647 1261 haereditatem

1997 1288 2295 1344 ccelestem
2316 1290 2825 1348 deducetur.lllud
2854 1295 3050 1363 igitur,
3082 1295 3245 1366 quod
3275 1311 3434 1349 nunc
3460 1295 3649 1365 possi-

1996 1377 2209 1432 demus
2249 1379 2308 1433 in
2350 1381 2587 1447 animis,
2632 1382 2773 1437 illud
2818 1384 3017 1453 ipsum
3060 1383 3391 1454 splendebit
3429 1389 3485 1439 et
3523 1399 3647 1439 ma-

1996 1466 2392 1534 nifestabitur,
2417 1473 2473 1523 et
2502 1486 2749 1541 corpora
2776 1470 3021 1526 induent
3040 1472 3319 1541 gloriam.

2066 1556 2196 1610 XIV.
2258 1558 2504 1614 Perinde
2553 1576 2622 1613 ac
2674 1565 2939 1631 tempore
2998 1561 3219 1616 mensis
3282 1561 3495 1633 Aprilis
3554 1576 3647 1617 ra-

1996 1643 2159 1698 dices
2191 1649 2344 1700 terra
2370 1652 2685 1718 coopertus,
2725 1664 2865 1703 suos
2896 1648 3141 1714 fructus,
3178 1665 3439 1721 suosque
3464 1649 3643 1704 ﬂores

1997 1749 2064 1787 ac
2092 1733 2347 1789 lautitias
2378 1736 2730 1806 producunt,
2762 1738 3143 1809 fructumque
3173 1738 3387 1809 ferunt,
3423 1755 3492 1793 ac
3521 1754 3646 1794 ma-

1996 1821 2349 1878 nifestantur
2406 1823 2678 1881 fecundae
2737 1826 2990 1895 radices,
3029 1828 3108 1882 uti
3167 1832 3222 1882 et
3268 1843 3404 1897 quae
3436 1826 3645 1897 spinas

1994 1915 2207 1981 ferunt,
2239 1914 2563 1986 pateﬁunt:
2600 1915 2764 1969 sicin
2806 1914 2904 1970 illa
2938 1916 3053 1978 die,
3095 1915 3345 1986 quilibet
3377 1931 3487 1969 suo
3519 1931 3643 1970 cor-

1991 2020 2154 2076 pore,
2188 2003 2333 2076 quid
2389 2003 2591 2073 egerit,
2631 2004 2966 2073 patefaciet,
3017 2008 3073 2059 et
3100 2004 3643 2059 manifestabuntur

1990 2093 2153 2149 mala
2178 2099 2233 2148 et
2259 2092 2438 2147 bona.
2473 2092 2592 2147 Illic
2624 2092 2780 2147 enim
2804 2093 2911 2147 erit
2949 2092 3281 2147 universale
3317 2092 3638 2163 judicium,

1986 2187 2042 2238 et
2089 2182 2416 2237 retributio.
2442 2184 2535 2235 Est
2581 2180 2741 2235 enim
2801 2180 2953 2236 alius
3007 2182 3175 2237 cibus
3222 2184 3437 2252 praeter
3476 2188 3637 2236 eum‘

1984 2272 2086 2343 qui
2118 2271 2363 2325 videtur.
2395 2272 2579 2325 Moses
2613 2270 2768 2324 enim
2794 2286 2931 2325 cum
2960 2270 3311 2326 ascenderet
3349 2274 3640 2332 montem,

1984 2360 2387 2433 quadraginta
2426 2359 2551 2414 dies
2596 2359 2910 2429 jejunavit.
2959 2358 3242 2413 Ascendit
3285 2359 3493 2422 homo,
3532 2358 3639 2413 de-

1986 2448 2215 2505 scendit
2246 2448 2477 2503 habens
2501 2448 2708 2502 Deum.
2747 2451 2810 2502 Et
2840 2464 2997 2513 ecce,
3034 2448 3313 2503 videmus
3344 2448 3405 2502 in
3436 2446 3636 2512 nobis,

1983 2539 2148 2611 quod
2190 2553 2633 2610 perpaucorum
2671 2537 2904 2592 dierum
2956 2536 3175 2609 spatio,
3220 2536 3334 2591 nisi
3384 2551 3639 2608 corpora

1983 2627 2397 2684 suffulciantur
2440 2627 2609 2695 cibis,
2652 2626 2785 2697 ipsa
2823 2631 3089 2697 pereant,
3130 2626 3259 2697 ipse
3296 2641 3437 2681 vero
3480 2641 3630 2696 qua-

1980 2717 2257 2785 draginta
2278 2716 2402 2770 dies
2429 2732 2566 2771 cum
2589 2715 2830 2786 jejunus
2861 2714 3083 2780 fuisset,
3109 2713 3313 2769 fortior
3344 2714 3631 2770 omnibus

1980 2804 2305 2859 descendit.
2360 2803 2643 2859 Alebatur
2684 2805 2842 2858 enim
2889 2820 2923 2858 a
2965 2806 3103 2868 Deo,
3149 2806 3206 2857 et
3249 2818 3469 2872 corpus
3507 2806 3637 2871 ejus

1980 2894 2424 2948 sustentabatur
2456 2893 2569 2947 alio
2608 2892 2742 2947 cibo
2787 2892 3027 2947 cmlesti.
3078 2894 3282 2947 Sermo
3326 2892 3485 2946 enim
3537 2890 3637 2945 Dei

1979 2983 2148 3038 cibus
2185 2983 2236 3037 ei
2273 2987 2418 3049 erat,
2450 2988 2503 3035 et
2542 2981 2805 3035 habebat
2845 2980 3096 3049 gloriam
3139 2983 3194 3034 in
3241 2980 3405 3035 facie.
3443 2979 3632 3035 Omne

1977 3071 2143 3143 quod
2174 3070 2375 3133 ﬁebat,
2408 3074 2585 3140 typus
2607 3073 2733 3122 erat
2764 3068 3002 3123 alterius
3031 3070 3129 3121 rei.
3150 3068 3250 3122 Illa
3264 3068 3427 3122 enim
3444 3068 3635 3136 gloria

1978 3158 2345 3215 nonintusin
2375 3157 2658 3213 cordibus
2692 3156 3381 3227 Christianorumfulget.
3420 3158 3633 3210 Resur-

1976 3250 2177 3317 gentia
2216 3247 2373 3301 enim
2414 3261 2667 3317 corpora
2701 3246 2760 3299 in
2802 3244 3249 3309 resurrectione,
3302 3244 3418 3298 alio
3461 3243 3634 3299 vesti-

1976 3341 2178 3392 mento
2209 3335 2411 3390 divino
2432 3334 2796 3406 Operientur,
2825 3348 2894 3387 ac
2922 3334 3056 3388 cibo
3099 3332 3321 3388 celcesti
3364 3332 3631 3387 nutrien-

1975 3431 2089 3481 tur.

2044 3603 2162 3677 48
2188 3605 2298 3658 XV.
2324 3602 2744 3671 Interrogatio.
2772 3600 2925 3668 Quid
2935 3606 3018 3656 est
3039 3599 3216 3665 illud,
3232 3598 3478 3655 Femina
3509 3613 3629 3653 non

1974 3694 2166 3749 velato
2198 3692 2393 3763 capite
2426 3706 2607 3746 orans
2627 3692 2673 3725 ⁸³
2704 3689 2733 3744 ‘l

2043 3782 2378 3850 Responsio.
2440 3781 2735 3845 Quoniam
2784 3777 3155 3848 temporibus
3213 3776 3626 3847 apostolorum

1973 3870 2234 3942 prolixos
2253 3869 2701 3925 alebantcrines
2722 3883 2827 3937 pro
2847 3866 3494 3936 velamine,propterea
3520 3868 3625 3920 Do-

1973 3959 2170 4013 minus
2199 3965 2255 4013 et
2279 3956 2533 4029 apostoli
2549 3955 2930 4011 veneruntad
2943 3961 3298 4021 creaturam,
3318 3958 3379 4006 ut
3395 3968 3530 4007 eam
3548 3952 3626 4007 ad

1973 4045 2330 4101 modestiam
2380 4044 2765 4099 adducerent.
2806 4042 3020 4096 Verum
3075 4041 3284 4095 mulier
3314 4045 3497 4112 typus
3536 4045 3625 4096 est

1972 4135 2264 4190 Ecclesiae.
2291 4135 2356 4188 Et
2392 4130 2911 4204 quemadmodum
2953 4130 3029 4183 ad
3071 4130 3326 4183 aliorum
3365 4144 3626 4198 conspe-

1972 4231 2131 4280 ctum
2161 4230 2427 4295 tempore
2456 4220 2552 4276 illo
2581 4219 2856 4274 mulieres
2883 4219 3171 4287 gerebant
3192 4232 3404 4289 passos
3430 4217 3626 4271 crines

1971 4330 2079 4386 pro
2127 4313 2441 4377 velamine,
2500 4309 2585 4363 sic
2636 4307 2894 4362 Ecclesia
2942 4306 3091 4361 ﬁlios
3142 4322 3280 4361 suos
3322 4306 3513 4360 induit
3572 4309 3628 4361 et

1973 4401 2179 4457 amicit
2211 4401 2552 4455 vestiments
2590 4396 2829 4451 divintis
2847 4400 2903 4451 et
2943 4395 3237 4464 gloriosis.
3279 4393 3621 4466 Antiquitus

252 4479 517 4554 ἐνδύμασι
574 4486 767 4547 θεῐκοῖς
805 4490 894 4537 καὶ
950 4482 1373 4557 δεδοξασμένοις.
1421 4488 1523 4541 Καὶ
1572 4487 1642 4549 εἰς
1679 4492 1736 4539 τὸ
1768 4508 1865 4539 πα-

1988 4496 2176 4545 autem
2215 4488 2482 4544 Ecclesiae
2521 4485 2696 4541 Israel
2731 4500 2848 4539 una
2887 4490 3011 4539 erat
3049 4484 3458 4555 congregatio,
3483 4498 3620 4555 quas

249 4571 399 4623 λαιόν
464 4569 523 4624 δε
576 4582 669 4635 τῆς
714 4574 1032 4637 Ἐκκλησίας
1096 4574 1329 4647 Ἰσραὴλ,
1394 4580 1492 4647 μία
1544 4573 1604 4634 ἦν
1653 4578 1681 4634 ἡ
1748 4596 1866 4627 συν-

250 4666 459 4732 αγωγὴ,
518 4667 607 4715 καὶ
664 4663 907 4717 ἐσκέπετο
960 4666 1061 4717 ὑπὸ
1116 4673 1206 4716 τοῦ
1261 4668 1578 4736 Πνεύματος,
1610 4671 1699 4717 καὶ
1730 4662 1866 4723 ἦσαν

250 4751 365 4800 ἀντὶ
407 4747 565 4814 δόξης
604 4752 1030 4825 περιϐεϐλημένοι
1088 4757 1145 4805 τὸ
1209 4761 1443 4825 Πνεῦμα,
1496 4754 1538 4806 εἰ
1588 4760 1677 4806 καὶ
1718 4754 1866 4815 αὐτοὶ

248 4837 347 4891 οῦκ
380 4837 728 4911 ὶστοιχησαν.
771 4843 1058 4900 Ἐκκλησία
1098 4839 1184 4895 οὖν
1224 4843 1437 4914 λέγεται
1494 4848 1582 4895 καὶ
1629 4846 1711 4896 ἐπὶ
1742 4843 1869 4895 πολ-

243 4929 371 4993 λῶν,
418 4933 507 4979 καὶ
541 4929 626 4980 ἐπὶ
660 4935 785 5000 μιᾶς
814 4931 999 5001 ψυχῆς
1031 4947 1044 4961 ⁸
1082 4935 1215 4990 αύτὴ
1259 4935 1359 5006 γάρ
1394 4935 1423 4990 ἡ
1468 4932 1622 5004 ψυχὴ
1655 4934 1867 5003 συνάγει

241 5018 400 5077 ὅλους
451 5020 566 5076 τοὺς
603 5016 904 5088 λογισμούς,
956 5026 1045 5072 καὶ
1098 5024 1242 5073 ἔστιν
1302 5022 1587 5080 Ἐκκλησία
1615 5030 1686 5092 τῷ
1729 5030 1873 5092 Θεῷ,

236 5106 520 5180 Ἦρμόσθη
583 5107 677 5177 γὰρ
737 5107 805 5167 εἰς
856 5114 1125 5161 κοινωνίαν
1170 5114 1199 5168 ἡ
1258 5112 1416 5183 ψυχὴ
1450 5121 1521 5183 τῷ
1576 5111 1865 5187 ἐπουρανίῳ

238 5199 474 5268 νυμφίῳ,
534 5198 621 5246 καὶ
669 5202 907 5267 κιρνᾶται
952 5206 1023 5266 τῷ
1085 5198 1391 5273 ἐπουρανίῳ,
1460 5209 1611 5253 τοῦτο
1671 5198 1729 5253 δε
1778 5217 1865 5265 καὶ

239 5290 330 5339 ἐπὶ
363 5283 563 5336 πολλῶν
597 5291 810 5349 νοεῖται,
857 5289 946 5336 καὶ
996 5284 1078 5337 ἐπὶ
1136 5289 1266 5349 ἑνός.
1324 5291 1428 5343 Καὶ
1448 5293 1548 5361 γὰρ
1601 5292 1626 5343 ὁ
1672 5297 1865 5364 προφό-

236 5393 340 5434 της
370 5372 504 5444 λέγει
530 5377 647 5446 περὶ
696 5381 791 5434 τῆς
819 5372 1181 5446 Ἰερουσαλὴμ,
1231 5375 1429 5448 Εὗρόν
1480 5397 1547 5430 σε
1601 5381 1800 5451 ἔρημο
1837 5402 1862 5432 ν

233 5466 347 5517 καὶ
392 5465 651 5533 γυμνὴν,
720 5466 832 5514 καὶ
881 5458 1159 5517 ἐνέδυσά
1217 5482 1330 5537 03,1
1387 5467 1573 5519 καὶτὰ
1620 5466 1759 5531 ἑξῆς.
1788 5470 1859 5536 ὡς

233 5552 327 5609 επὶ
351 5556 445 5606 τοῦ
475 5549 585 5615 ἑνὸς
606 5554 890 5626 προσώπου
914 5549 1070 5609 εἶπεν.

307 5748 357 5784 ³³
392 5744 416 5802 Ι
446 5747 576 5804 Cor.
605 5761 700 5813 xv,
744 5747 798 5804 5.
903 5746 951 5783 ³⁸
983 5747 1187 5806 Ezech.
1218 5763 1340 5818 xv1,
1374 5752 1428 5809 6.

1977 4579 2353 4648 Operiebatur
2397 4575 2612 4647 Spiritu
2655 4591 2667 4628 :
2706 4579 2762 4629 et
2804 4572 2994 4627 induti
3042 4577 3209 4627 erant
3250 4572 3467 4641 Spiritu
3514 4586 3624 4643 pro

1979 4666 2187 4735 gloria,
2237 4666 2516 4738 quamvis
2573 4664 2685 4735 ipsi
2750 4678 2872 4718 non
2936 4662 3360 4716 consentirent.
3404 4659 3626 4715 Dicitur

1978 4769 2118 4822 ergo
2150 4755 2406 4809 Ecclesia
2428 4759 2547 4809 tam
2575 4753 2648 4807 de
2670 4752 2939 4824 pluribus
2952 4767 3135 4822 quam
3155 4751 3229 4804 de
3264 4749 3622 4804 unaanima.

1980 4846 2111 4897 Haec
2160 4842 2318 4897 enim
2357 4842 2560 4897 anima
2603 4843 2930 4911 congregat
2965 4855 3173 4895 omnes
3213 4837 3626 4907 cogitationes,

1979 4939 2157 5003 atque
2198 4931 2316 4985 Deo
2348 4938 2433 4985 est
2459 4930 2734 4985 Ecclesia.
2767 4934 2917 5000 Apta
2960 4929 3121 4984 enim
3169 4934 3255 4984 est
3301 4926 3506 4982 anima
3548 4926 3625 4983 ad

1978 5022 2317 5077 societatem
2370 5018 2626 5074 ccelestis
2675 5020 2911 5089 Sponsi,
2971 5022 3029 5073 et
3078 5020 3440 5087 temperatur
3486 5031 3623 5071 cum

1977 5109 2219 5166 caelesti.
2248 5112 2363 5163 Hoc
2421 5121 2563 5162 vero
2612 5121 2735 5161 non
2793 5107 2852 5161 in
2902 5106 3174 5177 pluribus
3218 5110 3474 5170 tantum,
3519 5105 3624 5160 sed

1976 5200 2155 5255 etiam
2185 5199 2244 5252 in
2278 5212 2397 5251 uno
2440 5200 2632 5267 potest
2668 5194 2931 5263 intelligi.
2964 5197 3041 5249 De
3084 5194 3410 5249 Jerusalem
3460 5192 3621 5249 enim

1975 5290 2269 5363 propheta
2291 5286 2480 5358 inquit
2508 5302 2521 5339 :
2558 5284 2765 5340 Inveni
2786 5290 2839 5339 te
2868 5283 3159 5339 desertam
3190 5289 3243 5339 et
3284 5284 3535 5347 nudam,
3568 5287 3625 5338 et

1972 5379 2145 5435 indui
2187 5385 2241 5434 te
2282 5377 2349 5441 ³³,
2383 5379 2439 5432 et
2475 5377 2702 5437 caetera,
2743 5377 3034 5445 tanquam
3073 5371 3148 5427 de
3195 5387 3313 5427 una
3361 5384 3622 5443 persona

1968 5469 2332 5541 loqueretur.
