4148 6262
496 306 609 366 567
1828 307 1891 363 s.
1935 302 2239 364 MACARII
2277 298 2586 358 IEGYPTII

566 436 708 491 XVI.
744 434 1152 502 Interrogatio.
1194 433 1342 499 Quid
1385 437 1490 499 est,
1529 432 1694 505 quod
1730 433 1951 489 Martha
1988 431 2148 487 dixe-
2178 425 2225 480 Α

492 532 585 581 rat
618 525 868 580 Domino
895 524 968 578 de
993 523 1172 578 Maria
1202 540 1214 577 :
1252 524 1376 593 Ego
1406 523 1478 579 de
1499 524 1704 578 multis
1723 522 1980 579 sollicita
1994 536 2145 583 sum,

498 619 553 671 et
580 614 706 670 haec
733 613 951 669 assidet
985 613 1091 667 tibi
1122 611 1150 666 εἰ

569 720 907 788 Responsio.
952 718 1121 783 Quod
1153 717 1411 773 debebat
1445 718 1640 773 dicere
1682 718 1858 774 Maria
1891 717 2148 781 Marthae,

497 809 558 864 id
590 808 879 863 Dominus
907 822 1359 879 praeoccupans,
1392 807 1584 862 eidem
1627 807 1796 874 dixit,
1837 807 1999 878 quod
2032 805 2149 869 illa,

498 898 780 954 omnibus
808 895 1042 960 relictis,
1079 895 1309 950 sederet
1339 896 1415 950 ad
1438 896 1621 967 pedes
1650 896 1904 961 Domini,
1938 910 2007 950 ac
2037 898 2154 950 Deo

498 985 871 1042 benediceret
912 988 1036 1039 tota
1084 984 1197 1038 die.
1224 983 1397 1039 Vides
1433 984 1733 1039 assidendi
1770 984 2151 1047 beneﬁcium,

499 1090 610 1147 pro
643 1072 955 1128 dilectione
992 1072 1221 1127 datum.
1258 1075 1325 1127 Ut
1365 1078 1564 1128 autem
1605 1074 1823 1129 clarius
1869 1076 2158 1143 appareat

497 1163 751 1219 verbum
798 1161 916 1226 Dei,
965 1160 1125 1215 audi.
1172 1161 1227 1217 Si
1269 1163 1403 1233 quis
1458 1162 1646 1231 diligit
1693 1165 1912 1225 Jesum,
1984 1160 2157 1232 eique

500 1250 749 1307 attendit
775 1249 1011 1305 assidue
1043 1264 1199 1313 vero,
1239 1254 1430 1304 etnon
1462 1251 1715 1305 remisse
1747 1250 2013 1314 attendit,
2054 1248 2159 1304 sed

501 1344 839 1412 perseverat
868 1353 1109 1409 quoque
1143 1338 1201 1391 in
1242 1337 1554 1393 dilectione
1582 1340 1710 1409 jam
1755 1342 1907 1394 Deus
1940 1338 2162 1407 cogitat

501 1444 610 1499 pro
641 1427 956 1481 dilectione
996 1426 1093 1480 illa
1111 1425 1257 1481 dare
1283 1426 1605 1497 aliquidilli
1624 1428 2161 1497 animm,quamvis

504 1516 688 1572 homo
706 1514 951 1577 nesciat,
978 1515 1123 1584 quid
1144 1519 1497 1585 accepturus
1523 1516 1619 1578 sit,
1641 1521 1743 1571 aut
1766 1515 2006 1586 qualem
2028 1530 2163 1585 por-

498 1606 716 1661 tionem
753 1603 907 1657 Deus
932 1602 1254 1672 largiturus
1290 1604 1363 1657 sit
1389 1604 1628 1658 animae.
1668 1606 1731 1658 Et
1772 1619 1917 1659 sane
1948 1604 2160 1669 Marias,

2285 1622 2393 1667 ιειν,
2451 1601 2480 1659 ἢ
2527 1608 2673 1653 ποῖον
2720 1605 2868 1675 μέρος
2898 1601 3065 1673 μέλλει
3097 1604 3121 1654 6
3157 1604 3287 1662 Θεὸς
3341 1598 3553 1653 διδόναι
3586 1609 3647 1673 τῇ
3698 1600 3883 1671 ψυχῇ.

499 1709 633 1766 quae
666 1691 950 1759 diligebat
972 1707 1133 1755 eum,
1169 1697 1223 1745 et
1245 1691 1551 1747 assidebat
1580 1692 1838 1762 pedibus
1867 1692 2016 1762 ejus,
2042 1707 2162 1746 non

2285 1696 2377 1745 Kui
2416 1698 2477 1763 τῇ
2528 1694 2707 1764 Μαρίᾳ
2763 1693 2864 1764 γὰρ
2916 1690 3171 1764 ἀγαπώση
3235 1692 3410 1756 αὐτὸν,
3452 1695 3539 1742 xui
3588 1692 3886 1764 παρακαθε-

499 1779 846 1851 simpliciter
878 1795 940 1833 se
974 1779 1071 1848 adj
1085 1781 1279 1845 unxit;
1302 1780 1406 1834 sed
1423 1780 1699 1835 virtutem
1726 1781 1804 1835 illi
1831 1780 2163 1851 quamdam

2285 1781 2462 1853 ζομένη
2496 1782 2644 1853 παρὰ
2696 1782 2819 1841 τούς
2880 1776 3043 1840 πόδας
3105 1780 3286 1845 αὐτοῦ,
3335 1779 3441 1851 οὐχ
3496 1778 3671 1840 ἁπλῶς
3717 1797 3890 1852 προσ-

502 1868 796 1923 occultam
811 1882 880 1921 ex
906 1882 1014 1921 sua
1029 1867 1366 1922 substantia
1380 1868 1649 1922 contulit.
1670 1870 1954 1924 Sermone
1971 1868 2164 1923 senim

502 1956 723 2027 quibus
763 1954 1180 2026 alloquebatur
1216 1956 1370 2010 Deus
1411 1955 1473 2010 in
1516 1957 1713 2028 quiete
1745 1957 2008 2025 Mariam,
2041 1956 2167 2028 spi-

500 2046 649 2100 ritus
676 2049 845 2099 erant
868 2048 922 2098 et
940 2043 1443 2114 virtuslquiedam.
1465 2045 1649 2117 Hique
1665 2061 1975 2100 sermones
1991 2061 2168 2117 pene-

504 2134 742 2189 trabant
766 2148 889 2195 cor,
922 2137 977 2186 et
1026 2132 1227 2187 anima
1269 2133 1560 2197 animam,
1592 2134 1829 2205 spiritus
1869 2134 2164 2204 spiritum,

507 2227 563 2278 et
604 2222 791 2276 virtus
840 2219 1044 2275 divina
1105 2220 1617 2291 multiplicebatur
1661 2222 1720 2276 in
1769 2222 1948 2277 corde
2001 2223 2157 2292 ejus.

505 2310 853 2367 Necessario
886 2310 1046 2363 enim
1080 2311 1262 2363 virtus
1293 2310 1411 2372 illa,
1441 2326 1806 2381 quocunque
1845 2310 2165 2376 diverterit,

506 2397 622 2452 illic
662 2402 1029 2468 perseverat,
1073 2396 1230 2451 velut
1272 2399 1594 2468 possessio,
1639 2415 1774 2469 quas
1817 2398 2033 2453 auferri
2072 2415 2169 2453 ne-

516 2488 663 2559 quit.
713 2487 903 2550 Quare
954 2485 1243 2541 Dominus
1285 2486 1394 2541 sibi
1442 2488 1742 2553 conscius,
1782 2487 1927 2560 quid
1978 2489 2169 2543 Mariae

512 2573 882 2637 contulisset,
912 2574 993 2628 ait
1021 2595 1032 2625 :
1062 2574 1256 2629 Maria
1289 2576 1572 2642 optimam
1598 2583 1833 2645 partem
1874 2578 2047 2647 elegit
2088 2578 2161 2632 ³⁸.

512 2666 638 2719 Non
666 2662 744 2715 ita
775 2661 951 2732 longe
970 2666 1200 2733 postea,
1229 2678 1366 2733 quas
1382 2662 1669 2718 benevole
1712 2669 1912 2733 egerat
1948 2664 2173 2719 Martha

514 2752 670 2806 circa
714 2750 1127 2813 ministerium,
1183 2758 1613 2821 promoverunt
1651 2768 1781 2807 eam
1826 2753 1903 2808 ad
1942 2753 2170 2807 donum

520 2840 663 2895 illud
694 2839 916 2908 gratim.
950 2839 1049 2894 Illa
1075 2840 1234 2895 enim
1263 2846 1578 2896 consecuta
1608 2848 1695 2896 est
1728 2842 1998 2897 virtutem
2026 2842 2175 2897 divi-

517 2944 659 2983 nam
678 2927 735 2981 in
763 2927 989 2982 anima.

3754 299 3868 355 568

2330 426 2428 491 ῐς’.
2461 425 2830 498 Ἐρώτησις.
2881 425 2947 480 Τί
2994 425 3130 480 ἐστιν
3161 431 3192 479 ὅ
3216 428 3246 485 ἠ
3273 426 3465 501 Μάρθα
3498 421 3607 478 εἶπε
3638 431 3710 494 τῷ
3761 430 3870 477 Κυ-

2258 521 2353 589 ρίῳ
2382 521 2495 587 περὶ
2524 524 2620 578 τῆς
2648 520 2881 590 Μαρίας,
2922 518 2997 568 ὅτι
3030 518 3183 587 Ἐγὼ
3232 517 3449 587 κάμνω
3498 514 3585 575 εἰς
3640 511 3868 577 πολλὰ,

2260 610 2366 657 καὶ
2406 607 2562 662 αῦτη
2604 607 3133 677 παρακαθέζεταί
3176 622 3324 671 σοι;

2332 713 2735 783 Ἀπόκρισις.
2764 710 2830 763 Ὀ
2866 711 3070 783 ὤφειλεν
3100 711 3257 764 εἰπεῖν
3288 713 3318 769 ἡ
3348 714 3529 783 Μαρία
3559 717 3621 781 τῇ
3651 710 3869 780 Μάρθα,

2264 802 2289 853 6
2344 804 2534 875 Κύριος
2588 799 2857 873 προλαϐὼν
2911 800 3045 853 εἶπεν
3095 800 3249 872 αὐτῇ,
3316 801 3395 852 ὅτι
3446 801 3617 851 πάντα
3675 796 3870 869 ἀφῆκεν

2265 891 2451 955 ἐκείνη,
2493 895 2582 941 καὶ
2628 892 2772 963 παρὰ
2818 893 2939 951 τοὺς
2985 886 3151 949 πόδας
3200 890 3422 947 ἐκάθητο
3480 894 3571 940 τοῦ
3648 891 3870 961 Κυρίου,

2265 984 2352 1031 καὶ
2396 982 2482 1030 τὸν
2511 982 2639 1031 Θεὸν
2670 978 2865 1049 εύλόγει
2918 978 3037 1035 ὅλην
3076 983 3169 1035 τὴν
3218 979 3436 1049 ἡμέραν.
3494 975 3647 1049 Ὁρᾷς
3677 968 3872 1048 προσε-

2269 1066 2443 1141 δρείαν
2478 1071 2603 1143 ὑπὲρ
2660 1069 2888 1139 ἀγάπης.
2938 1068 3050 1122 Ἵνα
3089 1065 3147 1121 δι
3184 1072 3499 1142 σαφέστερον
3539 1069 3565 1119 6
3594 1066 3750 1138 λόγος
3775 1073 3872 1118 τοῦ

2268 1164 2402 1209 Θεοῦ
2434 1160 2694 1228 φωτισθῇ,
2728 1159 2975 1209 ἄκουσον.
3014 1160 3075 1209 Εἴ
3102 1176 3181 1218 τις
3205 1155 3387 1227 ἀγαπᾷ
3406 1159 3492 1207 τὸν
3525 1153 3753 1220 Ἰησοῦν,
3782 1158 3879 1206 καὶ

2268 1250 2521 1319 προσέχει
2547 1246 2686 1316 αύτῷ
2714 1245 2878 1317 ὀρθῶς
2934 1250 3023 1297 καὶ
3054 1245 3158 1317 οὐχ
3212 1245 3387 1307 ἁπλῶς
3424 1247 3701 1315 προσέχει,
3746 1243 3882 1295 ἀλλά

2269 1340 2358 1388 καὶ
2384 1339 2667 1409 παραμένει
2717 1334 2766 1387 ἐν
2816 1343 2877 1407 τῇ
2933 1334 3135 1409 ἀγάπῃ,
3186 1332 3293 1394 ἤδη
3340 1338 3428 1386 καὶ
3468 1336 3493 1386 6
3526 1338 3645 1394 Θεὸς
3675 1333 3881 1404 λογίζε-

2271 1445 2357 1476 ται
2412 1422 2518 1475 ἀντὶ
2577 1432 2671 1485 τῆς
2731 1422 2935 1494 ἀγάπης
2996 1422 3193 1486 ἐκείνης
3251 1421 3435 1476 δοῦναί
3493 1442 3543 1474 τι
3597 1421 3755 1495 ἐκείνη
3810 1429 3878 1493 τῇ

2272 1514 2450 1585 ψυχῇ,
2493 1513 2651 1565 εἶκαὶ
2705 1514 2730 1564 6
2780 1513 3045 1585 ἅνθρωπος
3092 1514 3185 1565 ούκ
3219 1509 3331 1565 οἶδε
3369 1516 3422 1564 τί
3463 1511 3634 1583 μέλλει
3670 1510 3884 1583 λαμϐά-

2278 1872 2445 1933 ετέθη,
2509 1868 2635 1920 ἀλλὰ
2685 1865 2906 1941 δύναμίν
2952 1889 3068 1920 τινα
3095 1872 3417 1941 κρυφιμαίαν
3468 1866 3523 1919 ἐκ
3576 1876 3665 1927 τῆς
3720 1868 3889 1919 αὑτοῦ

2277 1958 2461 2020 ούσίας
2495 1954 2684 2009 ἔδωκεν
2717 1958 2878 2029 αὐτῇ.
2938 1957 3095 2011 Αύτοὶ
3133 1960 3234 2030 γὰρ
3268 1958 3317 2009 οἱ
3369 1956 3535 2027 λόγοι,
3595 1954 3683 2017 οῦς
3719 1955 3893 2008 ἐλάλει

2278 2049 2303 2099 6
2336 2050 2467 2108 Θεὸς
2496 2049 2629 2118 μετά
2683 2046 2891 2120 εἰρήνης
2947 2054 3008 2118 τῇ
3076 2050 3270 2119 Μαρίᾳ,
3332 2048 3604 2116 πνεύματα
3637 2042 3774 2103 ἦσαν
3798 2049 3893 2096 καὶ

2280 2133 2504 2206 δύναμίς
2528 2155 2603 2195 τις
2637 2155 2649 2167 ·
2702 2140 2791 2187 καὶ
2822 2135 2966 2187 οὗτοι
3005 2137 3052 2188 οἱ
3080 2135 3229 2206 λόγοι
3278 2133 3639 2206 εἰσερχόμενοι
3679 2133 3751 2195 εἰς
3794 2138 3892 2192 τήν

2279 2221 2524 2299 καρδίαν,
2566 2224 2722 2295 ψυχή
2766 2223 2836 2284 εἰς
2879 2224 3087 2295 ψυχὴν,
3150 2228 3241 2276 καὶ
3289 2230 3493 2294 πνεῦμα
3542 2223 3613 2283 εἰς
3661 2229 3889 2293 πνεῦμα,

2278 2319 2367 2367 καὶ
2428 2310 2653 2384 δύναμις
2706 2314 2849 2370 θεῑκὴ
2911 2312 3200 2386 ἐπληροῦτο
3261 2313 3327 2373 εἰς
3381 2316 3469 2370 τὴν
3519 2306 3743 2385 καρδίαν
3798 2311 3895 2363 αύ-

2279 2411 2389 2463 τῆς.
2439 2402 2529 2464 Ἐξ
2584 2401 2813 2473 ἀνάγκης
2862 2403 2964 2475 γὰρ
2998 2404 3163 2460 ἐκείνη
3198 2404 3227 2460 ἠ
3264 2397 3511 2472 δύναμις,
3547 2402 3676 2452 ὅπου
3731 2419 3894 2451 κατα-

2278 2492 2427 2544 λύσει
2482 2493 2773 2563 παράμονος
2835 2496 3086 2561 γίγνεται,
3149 2494 3216 2552 ὡς
3287 2497 3466 2561 κτῆμα
3529 2488 3893 2563 ἀναφαίρετον.

2282 2583 2377 2634 Διὰ
2423 2586 2574 2632 τοῦτο
2606 2581 2630 2631 6
2661 2582 2844 2653 Κύριος
2876 2576 3025 2641 εἰδὼς
3071 2585 3123 2632 τί
3177 2576 3366 2633 ἔδωκεν
3395 2579 3554 2651 αὐτῇ,
3590 2575 3719 2643 εἶπε,
3771 2585 3894 2632 Μα-

2281 2674 2388 2743 ρία
2417 2673 2528 2726 τήν
2584 2669 2785 2725 καλὴν
2821 2665 3060 2740 μερίδα
3116 2668 3474 2730 ἐξελέξατο.
3506 2668 3653 2719 Μετά
3684 2662 3743 2718 δε
3780 2685 3895 2717 και-

2282 2761 2371 2831 ρὸν
2400 2760 2567 2809 ἐκεῖνα
2595 2757 2629 2808 οἳ
2667 2756 2829 2809 ἐποίει
2881 2759 3161 2831 προθύμως
3215 2761 3330 2829 περὶ
3390 2760 3483 2814 τὴν
3548 2752 3818 2808 διακονίαν
3860 2756 3891 2812 ἡ

2286 2848 2496 2921 Μάρθα,
2542 2846 2751 2915 ἤνεγκεν
2809 2845 2971 2903 αὐτὴν
3027 2845 3097 2906 εἰς
3155 2848 3213 2897 τό
3268 2846 3519 2917 χάρισμα
3574 2842 3752 2896 ἐκεῖνο.
3788 2846 3890 2894 Kui

2286 2935 2413 2991 αύτή
2442 2939 2544 3006 γὰρ
2573 2930 2785 2996 ἐδέξατο
2812 2930 3035 3006 δύναμιν
3072 2936 3246 2992 θεῑκὴν
3275 2940 3335 3004 τῇ
3370 2931 3524 3004 ψυχῇ
3558 2930 3740 2990 αὐτῆς.

592 3032 752 3088 XVII.
784 3036 849 3087 Et
890 3049 1031 3089 sane
1076 3033 1221 3105 quid
1263 3036 1501 3100 mirum,
1531 3036 1577 3089 si
1618 3036 1720 3108 qui
1764 3036 2059 3092 accedunt
2098 3036 2174 3092 ad

2358 3040 2455 3094 IZ'.
2513 3044 2615 3093 Καὶ
2662 3043 2712 3093 τί
2762 3042 3086 3113 θαυμαστὸν,
3150 3040 3193 3092 εἰ
3230 3041 3279 3092 οἱ
3346 3042 3763 3113 προσερχόμενοι
3819 3043 3894 3105 τῷ

518 3122 860 3186 Dominum,
895 3124 1067 3193 eique
1094 3124 1483 3194 corporaliter
1509 3126 1983 3194 conjunguntur,
2017 3141 2174 3180 rece-

2289 3134 2484 3204 Κυρίῳ,
2552 3134 2640 3181 καὶ
2697 3129 3147 3202 προσκολλώμενοι
3221 3135 3533 3200 σωματικῶς
3611 3123 3896 3197 ἐλάμϐανον

518 3217 733 3284 perunt
763 3212 1058 3278 virtutem,
1102 3228 1260 3277 cum,
1305 3213 1591 3283 apostolis
1631 3214 2015 3285 loquentibus
2048 3229 2175 3268 ver-

2288 3217 2531 3291 δύναμιν,
2567 3220 2720 3271 ὁπότε
2778 3221 2826 3271 οἱ
2855 3218 3139 3272 ἀποστόλοι
3189 3217 3395 3270 ἐλάλουν
3433 3216 3607 3287 λόγον,
3641 3219 3731 3267 καὶ
3780 3216 3896 3267 επι-

517 3300 665 3355 bum
700 3299 820 3363 Dei,
848 3299 1123 3354 ceciderit
1163 3316 1339 3371 super
1365 3302 1671 3356 credentes
1706 3302 1955 3371 Spiritus
1984 3303 2012 3357 ?
2039 3305 2177 3357 Cor-

2285 3328 2406 3361 πτεν
2456 3306 2539 3359 ἐπὶ
2586 3311 2706 3369 τοὺς
2770 3310 3111 3369 πιστεύοντας
3158 3310 3216 3359 τὸ
3267 3313 3474 3377 Πνεῦμα
3520 3307 3578 3357 τὸ
3630 3303 3779 3375 ἅγιον
3823 3304 3897 3370 ;ό

521 3389 712 3443 nelius
747 3404 817 3441 ex
856 3388 1038 3442 verbo
1085 3390 1202 3452 Dei,
1235 3391 1398 3460 quod
1440 3391 1684 3453 audivit,
1719 3392 1948 3462 accepit
1993 3392 2177 3446 virtu-

520 3481 679 3532 tem:
708 3481 936 3547 quanto
954 3476 1326 3545 magis,cum
1363 3478 1648 3533 Dominus
1672 3480 2018 3552 loqueretur
2039 3496 2179 3535 cum

522 3564 722 3628 Maria,
744 3570 847 3619 aut
866 3564 1172 3629 Zaccbaso,
1195 3572 1297 3620 aut
1325 3567 1670 3635 peccatrice,
1688 3584 1823 3640 qua:
1854 3567 1974 3640 49
1988 3568 2179 3639 passis

523 3652 752 3724 capillis
794 3652 1179 3721 abstergebat
1235 3653 1417 3724 pedes
1468 3656 1720 3720 Domini,
1752 3663 1855 3712 aut
1891 3674 2029 3711 cum
2083 3660 2181 3713 Sa-

524 3743 841 3807 maritana,
885 3745 985 3796 aut
1029 3740 1279 3807 latrone,
1310 3758 1551 3811 egressa
1589 3748 1682 3798 est
1713 3746 1915 3808 virtus,
1966 3752 2020 3801 et
2056 3762 2181 3817 per-

524 3830 736 3885 mistus
766 3836 854 3885 est
894 3846 1033 3885 cum
1063 3832 1443 3886 eorumanim
1469 3849 1503 3887 a
1524 3833 1774 3903 Spiritus
1806 3841 2052 3889 sanctus
2084 3836 2130 3869 ³⁵
2164 3834 2176 3888 ι

528 3922 694 3975 Nunc
725 3934 968 3990 quoque
1002 3920 1105 3990 qui
1148 3921 1331 3974 Deum
1372 3936 1576 3976 amore
1608 3929 2068 3993 prosequuntur.
2103 3928 2179 3988 et,

526 4008 740 4064 relictis
780 4008 1087 4072 omnibus,
1104 4008 1163 4063 in
1196 4010 1464 4065 oratione
1479 4018 1875 4081 perseverant,
1892 4012 2184 4068 docentur

528 4103 773 4164 secreto,
834 4114 969 4170 quas
1016 4113 1135 4152 non
1191 4104 1500 4154 noverant.
1559 4103 1696 4171 Ipsa
1744 4101 1904 4157 enim
1970 4103 2182 4157 veritas

529 4187 862 4243 secundum
895 4186 1131 4241 illorum
1162 4188 1541 4257 propositum
1567 4195 1817 4260 apparet
1838 4190 1969 4255 illis,
2004 4196 2059 4245 et
2081 4192 2184 4246 do-

529 4280 621 4331 cet
665 4292 786 4331 eos.
818 4276 947 4345 Ego
979 4291 1109 4330 sum
1146 4277 1367 4332 veritas
1408 4278 1476 4331 ⁸⁸.
1506 4278 1571 4332 Et
1618 4278 1732 4349 ipsi
1771 4295 2013 4351 quoque
2044 4295 2185 4351 apo-

529 4363 658 4419 stoli
677 4368 811 4419 ante
826 4364 1171 4435 passionem
1188 4364 1352 4436 apud
1376 4366 1695 4421 Dominum
1713 4373 2184 4437 perseverantes,

2289 3397 2568 3468 Κορνήλιος
2631 3395 2687 3448 ἐκ
2726 3403 2818 3448 τοῦ
2848 3396 3005 3468 λόγου
3057 3395 3117 3447 οὗ
3147 3396 3370 3455 ἤκουσεν
3424 3392 3599 3446 ἔλαϐεν
3631 3390 3855 3463 δύναμιν
3882 3406 3896 3418 ·

2287 3490 2435 3556 πόσῳ
2463 3485 2650 3557 μᾶλλον
2691 3487 2716 3537 ό
2766 3488 2956 3559 Κύριος
2997 3486 3079 3537 ὅτε
3120 3484 3282 3536 ἐλάλει
3333 3483 3485 3555 λόγον
3514 3490 3576 3555 τῇ
3621 3486 3821 3554 Μαρίᾳ,
3863 3480 3895 3538 ἦ

2289 3583 2359 3645 τῷ
2386 3579 2661 3645 Ζακχαίῳ,
2697 3575 2725 3632 ἣ
2760 3581 2823 3646 τῇ
2852 3573 3161 3646 ἁμαρτωλῷ,
3208 3575 3325 3635 ἣτις
3355 3573 3622 3624 λιπάνασα
3660 3572 3753 3632 τὰς
3792 3573 3903 3640 τρί-

2288 3683 2410 3735 χας,
2473 3662 2749 3734 ἀπέμασσε
2786 3666 2903 3723 τοὺς
2937 3659 3108 3723 ποδας
3155 3668 3244 3713 τοῦ
3298 3666 3492 3736 Κυρίου
3526 3676 3539 3691 ⁸
3568 3664 3597 3718 ἦ
3632 3667 3693 3732 τῇ
3724 3666 3900 3728 Σαμα-

2288 3748 2477 3828 ρίτιδι,
2510 3755 2539 3809 ἧ
2595 3759 2668 3821 τῷ
2722 3750 2916 3824 λῃστῇ,
2971 3749 3201 3823 ἐγίγνετο
3269 3747 3514 3823 δύναμις,
3564 3754 3653 3801 καὶ
3700 3765 3905 3800 συνεκε-

2290 3842 2462 3912 ράσθη
2503 3847 2618 3900 ταῖς
2656 3838 2864 3910 ψυχαῖς
2904 3840 3071 3892 αὐτῶν
3121 3842 3179 3891 τὸ
3216 3846 3425 3911 Πνεῦμα
3463 3841 3520 3891 τὸ
3572 3837 3742 3909 ἅγιον.
3799 3840 3905 3888 Καὶ

2290 3937 2376 3981 νῦν
2430 3931 2478 3980 οἱ
2543 3928 2841 3999 ἀγαπῶντες
2892 3932 2978 3981 τὸν
3040 3932 3189 3995 Θεὸν,
3273 3932 3362 3981 καὶ
3426 3927 3904 3998 καταλιμπάνοντες

2290 4021 2479 4083 πάντα,
2542 4021 2633 4069 καὶ
2676 4026 2736 4089 τῇ
2780 4018 2913 4090 εὐχῇ
2976 4024 3503 4091 προσκαρτεροῦντες,
3547 4012 3905 4068 διδάσκονται

2293 4108 2340 4159 ἑν
2369 4114 2601 4179 κρυπτῷ,
2643 4104 2678 4157 ἃ
2706 4106 2800 4158 οὐκ
2830 4103 3042 4159 οἴδασιν
3083 4122 3095 4135 ·
3158 4107 3288 4165 αύτη
3322 4108 3423 4178 γὰρ
3464 4106 3494 4163 ἡ
3526 4103 3744 4163 ἀλήθεια
3768 4104 3905 4154 κατά

2292 4200 2386 4254 την
2434 4200 2737 4269 προαίρεσιν
2786 4195 2950 4248 αὐτῶν
3009 4202 3318 4271 φανεροῦται
3359 4194 3554 4259 αὐτοῖς,
3609 4197 3699 4245 καὶ
3745 4188 3902 4244 διδά-

2296 4284 2642 4349 σκειαῦτοὺς,
2676 4286 2755 4336 ὅτι
2786 4284 2941 4356 Ἐγώ
3000 4284 3139 4356 εἰμι
3187 4287 3217 4343 ἡ
3272 4282 3571 4341 ἀλήθεια.
3621 4286 3721 4335 Καὶ
3754 4281 3904 4333 αὐτοὶ

2294 4381 2395 4447 γάρ
2450 4376 2497 4426 οἱ
2541 4372 2821 4426 ἀπόστολοι
2864 4376 2963 4446 πρὸ
3007 4380 3097 4425 τοῦ
3132 4379 3361 4445 σταυροῦ
3428 4374 3803 4443 παραμένοντες
3831 4375 3905 4439 τῷ

528 4452 821 4517 viderunt
842 4452 1119 4523 prodigia
1151 4468 1393 4523 magna,
1414 4453 1763 4526 scilicetquo
1776 4461 1950 4526 pacto
1970 4456 2174 4527 leprosi

2299 4466 2494 4535 Κυρίῳ,
2518 4461 2723 4515 ἔϐλεπον
2752 4470 2945 4535 σημεῖα
2980 4462 3195 4533 μεγάλα,
3238 4462 3373 4520 ὃπως
3402 4478 3455 4510 τε
3494 4460 3668 4531 λεπροὶ
3714 4457 3910 4511 ἐκαθα-

532 4540 967 4595 mundarentur
1011 4546 1066 4596 et
1128 4542 1343 4598 mortui
1405 4544 1904 4599 resuscitarentur
1955 4545 2022 4599 ³⁷.
2075 4548 2188 4601 Nec

532 4635 733 4687 tamen
755 4638 1165 4700 cognoverunt
1182 4632 1495 4704 quomodo
1515 4640 1979 4689 conversaretur
2005 4634 2190 4690 virtus

532 4719 757 4786 divina,
809 4724 912 4774 aut
954 4719 1318 4775 ministraret
1360 4720 1417 4773 in
1460 4720 1685 4785 corde;
1726 4726 1780 4776 et
1818 4723 1979 4793 quod
2024 4723 2190 4794 spiri-

530 4808 764 4862 tualiter
802 4806 1441 4878 renasciettemperari
1463 4825 1600 4864 cum
1626 4810 1829 4865 anima
1849 4810 2191 4866 ccelestteos

534 4900 825 4965 oporteat,
901 4911 969 4950 ac
1036 4896 1161 4950 ﬁeri
1235 4912 1455 4952 novam
1536 4905 1894 4955 creaturam.
1958 4903 2196 4972 Pr0pter

536 4984 707 5052 signa
752 4998 914 5051 vero,
966 5000 1101 5055 quae
1140 4983 1416 5047 faciebat,
1461 4986 1793 5055 diligebant
1841 4988 2185 5046 Dominum.

535 5070 798 5127 Tandem
819 5073 1105 5127 Dominus
1121 5071 1391 5129 dixiteis:
1420 5075 1567 5142 Quia
1583 5078 1973 5133 admiramini
2000 5079 2195 5151 signa,

538 5159 939 5217 haereditatem
976 5176 1255 5232 magnam
1270 5163 1343 5218 do
1362 5164 1542 5229 vobis,
1558 5181 1737 5236 quam
1752 5183 1870 5222 non
1887 5167 1963 5223 ha
1973 5168 2061 5223 bet
2074 5169 2201 5223 uni-

537 5264 739 5306 versus
768 5249 1055 5305 mundus.

606 5355 797 5411 XVIII.
849 5355 1082 5412 Tandiu
1136 5373 1273 5413 vero
1322 5358 1450 5415 haec
1488 5362 1671 5417 verba
1724 5361 1841 5417 illis
1887 5364 2204 5434 peregrina

538 5446 797 5511 fuerunt,
830 5445 1021 5501 donec
1062 5447 1313 5503 surrexit
1342 5464 1379 5504 a
1418 5451 1692 5518 mortuis,
1732 5456 1788 5507 et
1822 5452 2029 5508 extulit
2063 5470 2202 5510 cor-

606 5588 654 5621 ⁸⁸
684 5587 819 5641 Luc.
854 5602 910 5651 x,
942 5586 1031 5641 42.

559 5659 605 5693 "
643 5658 816 5712 Joun.
850 5673 959 5727 xiv,
982 5658 1034 5712 6.
1137 5660 1180 5693 ³⁷
1212 5659 1411 5715 Matth.
1440 5675 1517 5725 χι,
1550 5664 1601 5713 5.

2298 4555 2525 4627 ρίζοντο,
2574 4557 2664 4604 καὶ
2712 4556 2879 4624 νεκροὶ
2930 4552 3218 4623 ἠγείροντο.
3264 4552 3362 4601 Καὶ
3422 4546 3516 4597 ούκ
3543 4542 3766 4617 ᾔδεισαν
3799 4554 3911 4606 πῶς

2300 4641 2676 4713 ἀναστρέφεται
2738 4643 2849 4693 θεία
2888 4636 3112 4709 δύναμις
3157 4642 3247 4689 καὶ
3301 4633 3531 4690 διακονεί
3581 4636 3627 4686 ἐν
3687 4631 3908 4706 καρδίᾳ,

2300 4734 2390 4782 xui
2443 4708 2546 4781 ἔτι.
2608 4728 2826 4800 ἤμελλον

2305 4819 2690 4890 συγκιρνᾶσθαι
2756 4823 2817 4887 τῇ
2876 4814 3164 4886 ἐπουρανίῳ
3236 4814 3417 4886 ψυχῇ,
3480 4816 3570 4864 καὶ
3634 4814 3908 4883 γίγνεσθαι

2304 4911 2454 4964 καινὴ
2514 4910 2707 4970 κτίσις,
2762 4900 2855 4956 διὰ
2896 4906 2959 4956 τὰ
3007 4911 3205 4974 σημεῖα
3254 4903 3289 4955 6i
3340 4902 3521 4966 ἐποίει,
3579 4901 3793 4973 ἠγάπων
3823 4903 3907 4952 τὸν

2308 4987 2514 5068 Κύριον.
2551 4996 2745 5047 Λοιπὸν
2785 4995 2811 5045 6
2844 4994 3031 5067 Κύριος
3058 4992 3219 5063 ἔλεγεν
3275 4992 3471 5061 αὐτοῖς,
3527 4995 3601 5043 Τί
3670 4988 3906 5060 θαυμά-

2310 5085 2451 5146 ζετε
2502 5085 2577 5135 τὰ
2631 5090 2897 5154 σημεῖα,
2966 5081 3410 5155 κληρονομίαν
3465 5080 3754 5153 μεγάλην
3817 5075 3908 5130 δί-

2312 5169 2482 5244 δωμι
2520 5173 2691 5244 ύμῖν,
2736 5174 2810 5230 ἣν
2849 5170 2960 5223 οῦκ
2999 5173 3141 5243 ἔχει
3180 5172 3481 5243 όκόσμος
3519 5168 3673 5227 ὅλος.

2924 4733 3277 4797 πνευματικῶς
3346 4723 3749 4795 ἀναγεννᾶσθαι,
3820 4726 3909 4775 xui

2328 5420 2335 5425 ,
2386 5363 2486 5420 ΠΥ.
2540 5368 2735 5419 Λοιπὸν
2775 5366 2923 5419 αὐτοὶ
2986 5365 3265 5428 ἐξενίζοντο
3320 5364 3391 5426 εἰς
3428 5366 3543 5423 τοὺς
3581 5361 3769 5433 λογους
3820 5359 3909 5411 αύ-

2320 5448 2432 5521 τοῦ,
2490 5456 2583 5517 ἕως
2646 5456 2765 5508 ὅτου
2811 5455 2998 5513 ἀνέστη
3045 5454 3099 5507 ἐκ
3150 5461 3359 5528 νεκρῶν,
3409 5456 3500 5504 xui
3560 5450 3799 5522 ἀνήνεγκε
3856 5451 3911 5500 τὸ

1140 5588 1185 5667 ῗῖ
1213 5592 1365 5667 Act:
1392 5604 1445 5653 ιν
1478 5590 1592 5667 44)
1633 5589 1768 5646 Luc.
1793 5608 1850 5659 κ,
1880 5594 1948 5646 42
1978 5608 1993 5657 ;
2028 5591 2171 5648 Luc.

2285 5610 2328 5662 ε,
2360 5598 2391 5652 9
2427 5610 2441 5661 ;
2476 5596 2613 5652 Luc.
2657 5610 2751 5663 vu,
2788 5593 2854 5650 48
2886 5613 2902 5667 ;
2932 5594 3108 5651 Joan.
3149 5608 3223 5658 IV,
3268 5592 3332 5647 14
3380 5607 3395 5658 ;
3441 5590 3582 5647 Luc.
3625 5603 3782 5654 xxiii,
3823 5584 3911 5641 43.
