4148 6262
571 1 2355 67 Ἥ
2456 2 2483 13 7'-

300 354 410 411 559
1465 345 1800 402 HOMILLE.
1842 378 1911 388 —
1949 349 2126 409 HOM.
2167 352 2320 423 XIII,
2361 354 2510 412 XIV.
3570 361 3675 415 570

300 488 453 553 σῶμα
496 480 624 552 νπὲρ
674 478 839 549 ἡμῶν,
891 475 1125 550 ὑπεράνω
1174 480 1271 527 τῶν
1323 471 1551 546 οὐρανῶν
1586 488 1598 501 ·
1647 476 1737 524 καὶ
1786 477 1902 525 τότε

2037 491 2132 531 ωε
2184 494 2292 549 pro
2345 479 2517 534 nobis
2553 493 2735 549 super
2793 478 2998 535 caelos.
3034 480 3097 535 Et
3157 484 3295 536 tunc
3344 481 3569 539 introiit
3600 498 3675 538 ac

299 570 506 628 εἰσῆλθε
534 572 624 619 καὶ
676 566 1029 637 συνεκεράσθη
1089 562 1137 615 ἐν
1192 570 1308 623 ταῖς
1364 559 1569 632 ψυχαῖς
1622 561 1789 612 αὐτῶν
1851 564 1908 613 τὸ

2035 569 2373 622 :0mmistus
2401 572 2489 622 est
2518 584 2725 623 eorum
2759 568 2981 624 animis
3020 568 3276 639 Spiritus
3308 571 3673 641 paracletus.

299 665 508 729 Πνεῦμα
560 659 618 707 τὸ
646 654 1003 729 παράκλητον.
1064 656 1163 704 Καὶ
1193 651 1323 709 αῦτη
1377 653 1406 707 ἡ
1443 649 1661 708 ἀλήθεια
1702 656 1911 725 φανεροί·

2048 670 2156 725 psa
2195 671 2438 727 quoque
2478 657 2693 712 veritas
2744 656 3085 712 manifestat
3114 673 3175 712 se
3230 659 3426 730 ipsam
3465 660 3682 715 animis

302 746 491 805 ἑαυτὸν
540 745 612 807 εἰς
658 746 747 804 τὰς
798 741 982 814 ψυχὰς
1031 743 1120 801 τάς
1172 741 1365 801 πιστάς
1396 756 1407 768 ·
1470 758 1559 790 και
1617 741 1833 812 ἔρχεται
1886 741 1911 791 6

2046 742 2340 799 idelibus:
2376 761 2445 799 ac
2489 746 2870 815 congreditur
2899 746 3154 801 caelestis
3186 747 3368 803 homo
3412 764 3549 803 cum
3580 749 3684 804 ho-

305 835 610 911 ἔπουράνιος
657 834 927 905 ἄνθρωπος
978 833 1108 902 μετά
1164 836 1255 881 τοῦ
1311 827 1582 901 ἀνθρώπου
1646 846 1762 893 σου,
1823 839 1912 886 καὶ

2048 833 2185 889 nine
2243 840 2361 900 tuo,
2411 840 2467 889 et
2506 834 2570 889 fit
2614 850 2732 889 una
2780 834 3052 889 societas.
3102 836 3453 907 Quicunque
3511 838 3686 907 igitur

305 930 539 996 γίγνεται
614 922 681 982 εἰς
733 926 858 993 μίαν
916 923 1203 971 κοινωνίαν.
1273 916 1430 969 Ὀσοι
1506 912 1592 967 οὖν
1651 916 1783 967 εἰσιν
1842 916 1914 972 εἰς

2048 922 2351 977 ninisterio
2403 924 2567 978 vario
2613 928 2848 989 vacant,
2879 928 2935 977 et
2980 923 3254 979 alacriter
3305 927 3511 980 omnia
3552 942 3686 998 per-

310 1011 602 1078 διακονίαν,
634 1016 725 1063 καὶ
769 1012 1047 1083 προθύμως
1098 1008 1269 1059 πάντα
1323 1012 1535 1057 ποιοῦσι
1592 1002 1684 1056 δια
1733 1006 1910 1071 ζῆλον,

2045 1018 2231 1079 igunt,
2269 1011 2417 1075 zelo,
2450 1012 2588 1076 tide,
2631 1011 2945 1066 dilectione
2976 1011 3078 1065 Dei
3119 1012 3382 1083 impulsi,
3418 1014 3563 1068 illud
3595 1016 3683 1085 ip-

310 1108 399 1155 xui
449 1108 645 1167 πίστιν,
677 1104 766 1151 καὶ
807 1097 1014 1169 ἀγάπην
1065 1103 1220 1162 Θεοῦ,
1266 1095 1392 1146 αὐτὸ
1441 1094 1600 1145 ἐκεῖνο
1631 1097 1760 1165 μετά
1799 1114 1914 1145 και-

2047 1116 2162 1154 ιυω
2195 1100 2503 1172 aliquanto
2536 1106 2670 1172 post
2696 1100 2860 1155 ducit
2883 1102 3062 1155 eosin
3080 1102 3685 1173 cognitionemipsius

307 1197 396 1265 ρόν
447 1210 550 1243 τινε
605 1193 747 1262 φέρει
796 1188 989 1246 αὐτοὺς
1042 1186 1115 1247 εἰς
1169 1193 1361 1256 γνῶσιν
1422 1183 1582 1242 αὐτῆς
1637 1191 1732 1242 τῆς
1792 1181 1914 1240 ἀλη-

2040 1188 2308 1242 veritatis.
2346 1192 2635 1244 Dominus
2667 1188 2830 1244 enim
2871 1194 3123 1260 apparet
3163 1190 3383 1244 animis
3420 1190 3678 1255 illorum,

312 1282 470 1342 θείας.
523 1278 581 1330 Ὀ
633 1279 734 1352 γὰρ
795 1279 982 1348 Κύριος
1030 1281 1338 1345 φανεροῦται
1393 1279 1509 1332 ταῖς
1564 1270 1769 1342 ψυχαῖς
1824 1272 1917 1322 αὐ-

2046 1282 2081 1330 ει
2119 1276 2292 1332 docet
2322 1294 2424 1333 eos
2459 1280 2977 1333 conversationem
3012 1278 3261 1349 Spiritus
3302 1280 3511 1334 sancti.
3546 1278 3684 1334 Glo-

309 1378 431 1435 τῶν,
464 1373 554 1420 καὶ
586 1363 839 1419 διδάσκει
892 1364 1086 1424 αὐτοὺς
1116 1367 1208 1420 τὴν
1250 1361 1579 1433 ἀναστροφὴν
1611 1368 1703 1411 τοῦ
1760 1360 1915 1431 ἁγίου

2045 1366 2114 1419 ria
2137 1370 2192 1419 et
2221 1366 2494 1421 adoratio
2524 1367 2696 1433 Patri,
2728 1371 2784 1421 et
2815 1366 2979 1431 Filio,
3003 1372 3059 1421 et
3092 1366 3331 1438 Spiritui
3365 1372 3597 1431 sancto,
3623 1368 3683 1423 in

312 1460 630 1531 Πνεύματος.
679 1455 810 1517 Δόξα
839 1458 927 1505 xui
975 1454 1337 1527 προσκύνησις
1385 1457 1455 1519 τῷ
1487 1454 1676 1522 Πατρὶ,
1726 1455 1815 1501 καὶ
1844 1457 1916 1520 τῷ
2029 1452 2268 1509 εωοαιε,
2295 1458 2508 1509 Amen,

308 1549 436 1617 Υἱῷ,
514 1551 603 1597 καὶ
677 1551 749 1615 τῷ
815 1542 945 1613 ἁγίῳ
1020 1542 1303 1611 Πνεύματι,
1382 1538 1456 1597 εἰς
1513 1541 1633 1599 τοὺς
1709 1538 1915 1599 αἰῶνας.

312 1635 508 1706 Ἀμήν.

911 1722 1157 1771 OMIAIA
1201 1712 1304 1771 II".
2632 1720 2926 1775 HOMILIA
2964 1719 3104 1774 XIII.

566 1806 670 1861 ⁸ον
696 1810 940 1881 καρπὸν
973 1804 1234 1857 ἀπαιτεῖ
1262 1805 1286 1855 6
1317 1807 1469 1864 Θεὸς
1507 1805 1679 1878 παρά
1957 1838 1997 1891 Β
2104 1807 2204 1871 ραι

1957 1838 1997 1891 Β
2104 1807 2278 1871 Quem
2312 1808 2585 1878 fructum
2618 1823 2653 1863 a
2686 1808 3043 1864 Christianis
3071 1809 3224 1864 Deus
3256 1811 3527 1880 requirat
3558 1813 3582 1863 .'

814 1887 929 1930 τῶν
960 1886 1361 1951 Χριστιανῶν
1393 1892 1406 1941 ;

394 1971 572 2022 Πάντα
625 1971 689 2020 τὰ
744 1986 1023 2040 φαινόμενα
1076 1968 1276 2017 ἔκτισεν
1333 1966 1359 2016 ὸ
1414 1968 1560 2031 Θεὸς,
1616 1967 1704 2015 xui
1762 1959 1924 2015 ἔδωκε

2104 1966 2337 2034 Omnia,
2394 1982 2528 2038 quin
2578 1966 2878 2030 videntur,
2923 1968 3140 2022 creavit
3201 1971 3373 2033 Deus,
3416 1974 3473 2023 et
3526 1969 3691 2025 dedit

328 2066 440 2119 τοίς
487 2057 779 2131 ἀνθρώποις
818 2056 889 2117 εἰς
920 2054 1216 2107 ἀνάπαυσιν
1258 2057 1348 2105 καὶ⁵
1380 2056 1599 2125 τρυφὴν,
1632 2058 1721 2104 καὶ
1772 2056 1923 2123 νόμον

2052 2056 2382 2111 10minibus
2420 2056 2479 2111 in
2520 2057 2946 2111 recreationem
2992 2062 3045 2111 et
3075 2057 3339 2122 delicias,
3384 2073 3454 2112 ac
3497 2056 3690 2126 legem

323 2144 667 2207 δικαιοσύνης
715 2142 905 2199 ἔδωκεν
938 2143 1131 2203 αὐτοῖς.
1163 2145 1290 2194 Ἀπὸ
1335 2138 1394 2193 δὲ
1424 2149 1515 2200 τῆς
1567 2148 1659 2192 τοῦ
1691 2147 1925 2214 Χριστοῦ

2051 2144 2147 2198 llis
2173 2144 2336 2199 dedit
2364 2144 2627 2215 justitiaa.
2666 2146 2745 2198 Ex
2784 2159 2905 2216 quo
2955 2160 3093 2199 vero
3126 2146 3389 2201 Christus
3430 2145 3689 2213 advenit,

323 2242 645 2312 παρουσίας,
698 2234 847 2287 ἄλλον
899 2237 1099 2307 καρπόν
1144 2232 1295 2292 ζητεῖ
1343 2232 1368 2282 6
1418 2233 1556 2297 Θεὸς,
1618 2235 1708 2282 xui
1768 2229 1925 2288 ἄλλην

2054 2232 2223 2287 ilium
2254 2232 2512 2287 fructum
2533 2234 2776 2303 requirit
2804 2236 2978 2298 Deus,
2997 2239 3173 2304 atque
3188 2233 3692 2304 aliamjustitiam,

325 2322 691 2394 δικαιοσύνην,
723 2330 817 2382 τήν
847 2326 1186 2395 καθαρότητα
1214 2328 1310 2382 τῆς
1339 2316 1586 2391 καρδίας,
1622 2316 1926 2376 συνείδησιν

2058 2322 2356 2391 )uritatem
2384 2337 2601 2393 nempe
2616 2322 3282 2387 cordis,conscientiam
3312 2323 3696 2389 bonam,ser—

324 2414 541 2487 ἀγαθὴν,
617 2414 806 2485 λόγους
857 2415 1147 2486 χρηστοὺς,
1225 2410 1539 2481 ἐνθυμήσεις
1599 2412 1789 2480 σεμνὰς
1840 2412 1929 2459 xui

2056 2426 2252 2466 nones
2284 2411 2471 2475 utiles,
2521 2410 2915 2480 cogitationes
2941 2419 3142 2466 castas
3182 2417 3237 2466 et
3274 2412 3491 2481 bonas,
3515 2418 3694 2484 atque

322 2504 545 2577 ἀγαθὰς,
574 2508 659 2555 καὶ
689 2506 860 2555 πάντα
907 2505 973 2554 τά
997 2510 1097 2552 τῶν
1151 2499 1312 2571 ἁγίων
1344 2500 1742 2570 κατορθώματα.
1778 2502 1933 2573 Λέγε,⁵

2054 2499 2246 2555 )mnia
2297 2506 2637 2556 sanctorum
2684 2498 2903 2554 ofﬁcia.
2938 2499 3085 2554 Dicit
3142 2501 3297 2555 enim
3343 2501 3632 2556 Dominus
3677 2519 3692 2561 :

322 2597 425 2669 γὰρ
477 2596 502 2645 6
558 2594 764 2664 Κύριος,
814 2590 949 2643 Ἐὰν
988 2593 1069 2661 μὴ
1111 2590 1515 2660 περισσεύσῃ
1560 2588 1727 2659 ὑμῶν
1766 2588 1795 2644 ἡ
1842 2584 1935 2639 δι-

2058 2588 2171 2645 Visi
2193 2588 2587 2645 abundaverit
2607 2595 2803 2644 vestra
2820 2588 3081 2657 justitia,
3092 2589 3234 2658 plus
3256 2606 3435 2660 quam
3461 2590 3696 2646 Scriba-

326 2684 646 2739 καιοσύνη
688 2679 904 2732 πλεῖον
963 2686 1079 2730 τῶν
1119 2679 1547 2750 γραμματέων
1608 2681 1716 2727 xui
1752 2681 1932 2749 Φαρι-

2056 2694 2174 2733 ~um
2186 2682 2238 2733 et
2253 2678 2715 2749 Pharisworum,
2730 2694 2846 2733 non
2858 2677 3099 2747 potestis
3114 2679 3348 2748 ingredi
3362 2680 3424 2734 in
3447 2695 3694 2749 regnum

330 2777 548 2836 σαίων,
590 2769 658 2822 οὐ
726 2766 1008 2821 δύνασθε
1072 2764 1386 2817 εἰσελθεῖν
1450 2764 1540 2826 εἰς
1577 2768 1688 2822 τὴν
1749 2763 1933 2836 βασι-

2060 2769 2338 2823 ratorum.
2354 2768 2425 2822 In
2442 2769 2567 2837 lege
2589 2767 2877 2835 scriptum
2897 2775 2979 2823 est
2999 2767 3166 2823 :Non
3181 2770 3505 2823 committes
3517 2768 3698 2825 adul-

324 2860 497 2914 λείαν
536 2868 653 2912 τῶν
692 2858 993 2933 οὐρανῶν.
1056 2855 1144 2908 Ἐν
1201 2863 1279 2926 τῷ
1318 2860 1481 2926 νόμῳ
1546 2857 1928 2930 γέγραπται,

2060 2859 2252 2913 Feriam
2267 2874 2285 2911 .'
2299 2863 2479 2927 atego
2492 2857 2617 2911 dico
2632 2858 2941 2922 vobis,Non
2957 2858 3344 2926 concupiscas
3357 2858 3698 2914 autirasca-

329 2955 423 3009 Μὴ
466 2951 852 3020 πορνεύσῃς*
918 2946 1036 3017 ἐγὼ
1078 2943 1147 2997 δὲ
1206 2944 1365 3015 λέγω
1401 2945 1569 3015 ὑμῖν,
1605 2948 1764 3015 μήτε
1804 2944 1932 2996 ἐπι-

2056 2946 2125 2999 ris
2179 2944 2247 2998 ³⁸.
2281 2946 2515 3016 Oportet
2565 2946 2728 3000 enim
2780 2961 2917 3000 eum
2971 2947 3077 3016 qui
3132 2954 3373 3016 exoptat
3430 2948 3694 3002 amicum

334 3042 499 3110 θυμή
518 3058 590 3111 cp
613 3058 653 3101 ς,
695 3041 856 3109 μήτε
894 3034 1231 3108 ὀργισθῇς.
1253 3037 1365 3104 Χρὴ
1390 3036 1491 3107 γὰρ
1514 3037 1600 3084 τὸν
1620 3032 1932 3105 βουλόμενον

2057 3033 2140 3088 Dei
2167 3048 2315 3098 esse,
2344 3048 2698 3088 conservare
2731 3049 2792 3088 se
2831 3051 2866 3089 a
2924 3050 3096 3088 caeno
3161 3035 3407 3104 peccati,
3436 3042 3491 3089 et
3541 3036 3695 3104 ignis

332 3127 473 3199 φίλον
505 3123 633 3178 εἶναι
664 3133 819 3189 Θεοῦ,
852 3124 1123 3196 φυλάττειν
1173 3122 1353 3174 ἑαυτὸν
1386 3121 1485 3173 ἀπὸ
1529 3130 1621 3173 τοῦ
1648 3123 1816 3195 ῥύπου
1843 3131 1933 3182 τῆς

2058 3124 2264 3187 eterni,
2297 3121 2399 3192 qui
2425 3122 2486 3176 in
2519 3121 2693 3176 nobis
2728 3125 2899 3193 viget.
2934 3126 3054 3177 Hoc
3093 3123 3311 3192 dignos
3340 3138 3525 3192 regno
3551 3140 3696 3179 con—

336 3214 614 3286 ἁμαρτίας,
644 3220 734 3265 xui
763 3221 854 3265 τοῦ
879 3216 1043 3285 πυρός
1069 3219 1159 3263 τοῦ
1187 3211 1397 3262 αἰωνίου
1422 3216 1514 3261 τοῦ
1539 3214 1682 3271 ὄντος
1711 3212 1759 3261 ἐν
1786 3212 1930 3281 ἡμῖν.
1965 3199 1974 3242 ⁴

2062 3210 2246 3265 stituit.
2265 3208 2465 3265 Gloria
2480 3192 2903 3266 misericordias
2917 3212 2966 3280 ej
2981 3228 3070 3275 us,
3087 3216 3144 3266 et
3160 3227 3476 3282 propensae
3493 3212 3700 3266 volun-

333 3310 498 3356 Τοῦτο
530 3300 708 3364 ἀξίους
736 3309 827 3361 τῆς
861 3299 1133 3375 βασιλείας
1156 3301 1476 3355 καθίστησιν
1513 3300 1670 3370 ἡμᾶς,
1711 3298 1846 3360 Δόξα
1868 3306 1931 3371 τῇ

2061 3299 2148 3354 .ati
2199 3313 2341 3368 erga
2392 3315 2524 3365 uos,
2560 3300 2766 3364 Patris,
2797 3306 2853 3355 et
2894 3299 3041 3365 Filii,
3073 3306 3129 3355 et
3176 3300 3427 3371 Spiritus
3485 3299 3699 3356 sancti.

334 3392 699 3463 εύσπλαγχνίᾳ
728 3390 913 3454 αὑτοῦ,
940 3393 1031 3440 καὶ
1056 3391 1299 3459 γενομένῃ
1346 3383 1560 3460 εὐδοκία
1590 3394 1681 3439 τοῦ
1711 3390 1933 3462 Πατρός,
2044 3391 2254 3444 Amen.

333 3486 423 3534 xui
449 3481 596 3546 Υἱοῦ,
623 3483 713 3531 καὶ
741 3477 892 3551 ἁγίου
928 3478 1241 3549 Πνεύματος.
1270 3475 1454 3548 Ἀμήν.

942 3569 1189 3621 ΟΜΙΛΙΑ
1229 3564 1328 3619 ΙΔ’.

2628 3568 2913 3624 HOMILIA
2958 3567 3090 3623 XIV.

336 3660 601 3741 Oinrgi‘a;
638 3656 993 3741 byw-p.66;
1176 3658 1280 3741 τόν
1320 3662 1464 3705 νοῦν
1500 3661 1580 3724 τῷ
1626 3653 1892 3741 Θεῳῆἐπι

2061 3656 2163 3741 Qui
2173 3655 2564 3741 cogitationes
2577 3672 2645 3712 ac
2659 3660 2898 3741 mentem
2917 3657 3035 3712 Deo
3070 3656 3319 3741 tradunt
3329 3699 3342 3725 ,
3359 3656 3468 3741 hcc
3480 3656 3592 3741 sub
3598 3670 3699 3725 spe

407 3722 733 3792 διδόντες(
763 3722 927 3778 τοῦτ’
964 3725 1046 3778 ἐπ’
1089 3722 1327 3797 ἐλπίδιΔ
1364 3732 1472 3777 τοῦ
1524 3722 1938 3796 φωτισθῆναι

2066 3722 2081 3724 ⁷
2118 3722 2635 3783 illuminandorum
2649 3730 2957 3784 oculorum
2971 3729 3159 3783 cordis
3167 3730 3299 3797 faci
3304 3722 3446 3782 unt:
3458 3743 3529 3783 ac
3544 3722 3696 3783 Deus

412 3797 955 3872 τοὺςόφθαλμοῦς
1002 3804 1114 3872 τῆς
1166 3794 1446 3872 καρδίας
1501 3794 1789 3872 ποιοῦσι,
1830 3802 1936 3849 καὶ

2118 3800 2456 3872 hujusmodi
2469 3800 2531 3853 in
2546 3816 2777 3855 summa
2790 3794 3175 3872 sanctimonia
3192 3816 3258 3853 ac
3270 3800 3537 3872 puritate
3567 3817 3619 3853 m
3629 3813 3700 3868 y-

410 3873 435 3923 6
467 3869 1004 3931 esbg'rmobrou;
1052 3869 1108 3920 ἐν
1155 3869 1461 3941 ἁγιότητι
1510 3871 1934 3941 καὶεκαθαρΑὸ·

2116 3870 2302 3926 steriis
2332 3871 2537 3939 dignos
2564 3878 2827 3941 reputat,
2842 3886 2913 3926 ac
2921 3871 3233 3939 participes
3247 3872 3400 3938 facit
3415 3870 3545 3925 illos
3558 3885 3702 3939 gra-

408 3960 854 4015 r‘nrtue'yia‘n‘a
883 3938 1260 4015 μυστηρίων
1295 3940 1488 4005 ἀξιοῖ,
1541 3945 1648 4015 καὶ
1678 3938 1939 4013 μεταδί-

2118 3943 2215 4015 tiae
2239 3938 2659 4015 squuidqu}:
2692 3944 2845 3997 bona
2872 3938 3121 4015 caelestia
3135 3938 3512 4015 consecuturi
3524 3938 3700 4015 agere

414 4011 613 4067 δωσιν
668 4011 893 4084 αὐτοῖς
940 4011 1003 4063 ἐκ
1056 4011 1169 4073 τῆς
1225 4015 1503 4084 χάριτος
1558 4011 1771 4084 αὐτοῦ.
1824 4017 1938 4064 Καὶ

2118 4012 2355 4068 debeam
2364 4029 2449 4067 us.
2466 4011 2722 4068 Tandem
2737 4013 2989 4081 apostoli
2998 4022 3048 4067 et
3061 4013 3364 4084 prophetae
3378 4014 3703 4066 assimilan-

414 4091 474 4138 τί
522 4085 770 4157 ἀγαθῶν
802 4082 1493 4157 Ῠέπουρανίωνήντυχείἓν
1552 4082 1939 4157 βουλόμενοι

2122 4092 2223 4137 tur
2252 4084 2441 4138 radiis
2465 4084 2785 4157 solaribus,
2798 4087 3241 4157 per/enestram
3246 4083 3555 4157 ingressis.
3596 4084 3703 4136 Do-

415 4153 622 4210 ποιεῗν
654 4153 1019 4227 ὀφείλωμεν.
1063 4159 1302 4209 Λοιπὸν
1342 4158 1399 4206 οἱ
1448 4153 1801 4227 ἀπόστολοι
1831 4159 1940 4206 xui

2121 4160 2207 4209 cet
2238 4170 2467 4227 quoque
2492 4155 2761 4227 homilia,
2789 4169 2921 4223 qua
2951 4155 3024 4208 sit
3040 4161 3203 4209 terra
3229 4153 3490 4221 Satanae,
3506 4159 3704 4227 etquae

417 4230 473 4281 οἱ
529 4223 844 4302 προφῆται
892 4223 1399 4299 ’ἀφομοιοῦνται
1484 4232 1618 4287 τοῖς
1678 4226 1940 4302 ἀκτῖσιν

2121 4223 2499 4302 angelorum,
2516 4234 2573 4302 ret
2605 4226 2763 4296 quod
2789 4230 3045 4295 utraque
3078 4240 3185 4280 nec
3207 4223 3570 4280 contrectari
3600 4238 3705 4279 nec

420 4294 601 4358 ἡλίου
634 4294 744 4351 δίἀ
770 4294 1589 4371 θυρίδὸςέἰσερχομένοις.
1627 4294 1940 4350 Διδάσκει

903 4294 1589 4369 ίδὸςέἰσερχομένοις.
1627 4294 1940 4350 Διδάσκει
2123 4295 2311 4353 videri
2335 4296 2541 4366 possit.

420 4375 527 4423 xui
659 4370 901 4443 ὁμιλία,
932 4374 1028 4431 τίς
1059 4372 1089 4428 ἠ
1124 4378 1201 4441 γῆ
1237 4377 1345 4443 τοῦ
1398 4373 1942 4443 Σατανᾷλκαὶ-τίς

418 4451 536 4497 τῶν
585 4439 883 4515 ἀγγέλων,
941 4446 1049 4493 καὶ
1101 4439 1199 4493 ὅτι
1242 4439 1570 4514 ἀμφότερα
1611 4439 1944 4514 ὰψηλάφη-

420 4534 526 4575 τος
578 4513 685 4567 xul
739 4513 1035 4589 ἀόρατος.
1286 4513 1292 4514 ί
1495 4513 1499 4514 ν
1652 4556 1675 4566 ,
1846 4513 1851 4514 ⁷
1975 4551 2019 4605 D

425 4604 502 4658 A’.
538 4605 714 4655 Πάντα
755 4604 821 4655 τὰ
850 4601 897 4653 ἐν
941 4610 1013 4672 τῷ
1042 4606 1223 4673 κόσμῳ
1277 4604 1555 4673 φαινόμενα
1592 4602 1719 4673 ἔργα
1762 4599 1838 4653 ἐπ’
1866 4600 1946 4652 ἕλ-
1979 4597 2013 4605 ⁷

2130 4599 2243 4671 50
2274 4599 2317 4654 Ι.
2352 4599 2564 4655 Omnia
2588 4613 2791 4669 opera,
2827 4614 2961 4669 quae
2993 4597 3055 4653 in
3092 4598 3208 4653 hoc
3239 4598 3467 4653 mundo
3505 4598 3707 4653 viden-

350 4690 473 4747 πίδι
515 4699 731 4764 γίνεται,
765 4692 868 4752 αεὶς
920 4694 977 4743 τὸ
1030 4689 1333 4763 μεταλαϐεῖν
1380 4698 1476 4742 τῶν
1532 4692 1776 4761 καμάτων
1812 4707 1823 4719 ·
1855 4696 1945 4743 καὶ

2066 4696 2167 4754 tur,
2197 4688 2309 4743 sub
2339 4704 2443 4760 spe
2491 4688 2688 4758 aliqua
2734 4688 2883 4742 ﬁunt
2913 4686 3148 4741 fruendi
3189 4686 3499 4743 laboribus
3558 4688 3704 4744 suis.

354 4782 398 4833 εἰ
428 4786 498 4852 μή
531 4800 611 4841 τις
659 4779 706 4831 ἄν
754 4783 896 4854 πάσῃ
948 4780 1273 4853 πληροφορίᾳ
1326 4778 1598 4851 ἀπολαύσῃ
1630 4788 1729 4830 τῶν
1755 4784 1941 4847 πόνων,

2067 4778 2121 4831 Et
2152 4778 2262 4832 nisi
2290 4778 2427 4849 quis
2477 4776 2649 4849 plene
2697 4776 2808 4831 sibi
2862 4779 3220 4847 persuadeat
3267 4793 3328 4831 se
3388 4775 3705 4833 fruiturum

351 4864 514 4921 οὐδὲν
546 4867 830 4938 ὠφελεῖται.
880 4872 979 4920 Καὶ
1021 4872 1118 4941 γὰρ
1165 4871 1189 4919 6
1233 4872 1458 4940 γεωργός
1509 4872 1708 4942 σπείρει
1758 4866 1833 4919 ἐπ’
1872 4868 1943 4920 ἐλ-

2067 4867 2384 4936 .aboribus,
2429 4867 2509 4922 nil
2558 4866 2862 4922 commodi
2916 4866 3183 4937 percipit.
3226 4865 3498 4936 Agricola
3545 4867 3705 4921 enim

350 4953 473 5012 πίδι
529 4964 759 5029 καρπῶν,
808 4961 897 5007 καὶ
943 4958 1206 5027 καμάτους
1245 4958 1485 5031 ὑποφέρει
1541 4953 1633 5008 διὰ
1664 4961 1750 5014 τὴν
1782 4976 1943 5029 προσ-

2070 4956 2288 5011 ιθιῐιὶηδ.
2313 4954 2425 5010 sub
2457 4971 2563 5025 spe
2592 4954 2914 5019 fructuum,
2948 4971 3015 5010 ac
3032 4955 3270 5009 labores
3304 4956 3555 5010 sustinet
3574 4971 3708 5026 pro-

353 5043 536 5100 δοκίαν
568 5062 579 5074 ·
612 5042 727 5097 Ἐπ’
764 5041 1002 5111 ἑλπίδι,
1036 5050 1192 5115 φησὶν
1224 5047 1249 5096 6
1282 5044 1593 5118 ἀροτριῶν
1633 5047 1941 5119 ἁροτριᾷ³

2063 5051 2183 5117 pter
2202 5044 2728 5115 exspectationem.
2752 5046 2821 5099 [η
2851 5060 2974 5113 spe,
2998 5046 3207 5115 inquit,
3237 5045 3340 5115 qui
3364 5045 3701 5108 arat,debet

350 5140 440 5188 xui
470 5136 496 5186 6
525 5131 860 5205 λαμϐάνων
897 5140 1196 5204 γυναῖκα,
1240 5133 1323 5185 ἐπ’
1361 5130 1581 5186 ἑλπίδι
1619 5141 1725 5186 τοῦ
1765 5136 1943 5205 ἔχειν

2059 5149 2233 5189 arare
2255 5151 2275 5186 :
2297 5137 2350 5189 et
2380 5135 2483 5204 qui
2512 5133 2686 5188 duxit
2722 5148 2988 5199 uxorem,
3019 5133 3125 5188 sub
3152 5148 3252 5201 spe
3284 5134 3697 5190 habendorum

351 5225 753 5295 κληρονόμου
773 5242 813 5283 ς.
864 5226 961 5274 Καὶ
994 5222 1019 5271 ὁ
1050 5224 1272 5294 ἔμπορος
1298 5219 1524 5274 δίδωσιν
1555 5224 1731 5275 ἑαυτὸν
1762 5224 1829 5283 εἰς
1857 5224 1946 5275 θά-

2071 5222 2360 5278 iwredum
2390 5224 2458 5274 ³³.
2484 5224 2763 5277 Mercator
2784 5238 3027 5293 quoque
3058 5222 3372 5277 committit
3398 5239 3457 5277 se
3483 5222 3632 5278 mari
3654 5226 3709 5277 et

350 5313 538 5366 λατταν
563 5318 650 5364 καὶ
683 5313 897 5363 θάνατον
927 5311 1129 5381 ἕτοιμον
1153 5307 1186 5362 δ
1193 5314 1245 5362 tu
1275 5315 1332 5363 τὸ
1362 5308 1566 5383 κέρδος.
1598 5312 1749 5364 Ούτω
1776 5317 1863 5363 xui
1894 5316 1942 5364 ὲν

2072 5313 2230 5367 norti
2257 5310 2750 5381 promptissimus,
2774 5310 2918 5365 lucri
2938 5313 3149 5381 gratia.
3178 5312 3262 5367 Ita
3279 5327 3522 5384 quoque
3545 5315 3603 5365 in
3626 5326 3710 5366 re-

350 5409 411 5475 τῇ
446 5398 690 5476 βασιλείᾳ
733 5408 833 5453 τῶν
880 5400 1129 5472 οὐρανῶν,
1162 5398 1236 5452 ἐπ’
1274 5396 1448 5452 ἐλπίδι
1498 5408 1590 5452 τοῦ
1616 5402 1944 5473 φωτισθῆναι

2066 5416 2174 5471 gno
2212 5400 2517 5466 caelorum,
2558 5398 2672 5455 sub
2700 5415 2804 5471 spe
2828 5400 3365 5456 illuminandorum
3391 5401 3704 5456 oculorum

351 5494 468 5552 τοῦς
498 5489 790 5563 ὀφθαλμοὺς
820 5498 915 5553 τῆς
942 5487 1184 5562 καρδίας,
1227 5486 1427 5543 δίδωσί
1471 5509 1549 5553 τις
1580 5490 1782 5557 ἑαυτὸν,
1823 5491 1942 5542 ἀνα-

2065 5489 2270 5556 sordis,
2334 5487 2508 5544 tradit
2566 5487 2781 5561 aliquis
2842 5505 2906 5544 se
2950 5490 3170 5560 ipsum,
3222 5490 3432 5560 procul
3495 5488 3703 5542 absce-

350 5588 541 5655 χωρῶν
568 5589 667 5633 τῶν
720 5578 982 5655 βιωτικῶν
1039 5581 1382 5654 πραγμάτων,
1433 5585 1522 5633 xui
1579 5579 1860 5653 σχολάζων
1892 5582 1941 5632 ἒν

2067 5578 2202 5635 iens
2252 5594 2289 5634 a
2343 5577 2523 5634 rebus
2590 5577 2997 5648 saecularibus,
3076 5578 3336 5633 intentus
3412 5574 3705 5651 precatio-

429 5743 474 5777 ⁸⁸
514 5741 710 5800 Matth.
742 5757 795 5813 v,
825 5743 893 5798 20
926 5755 1053 5817 seq.
