4148 6262
488 304 590 359 571
1664 319 1673 327 -
1791 284 1851 340 S.
1892 280 2191 338 MACABII
2228 276 2539 335 IEGYPTII

3740 269 3845 327 572

491 429 671 484 nibus
726 431 783 482 et
833 418 1376 481 obsecrationibus,
1422 416 1773 485 exspectans
1822 409 2141 464 Dominum

2263 405 2438 477 εὐχαῖς
2469 408 2557 456 καὶ
2601 400 2839 467 δεήσεσι,
2885 398 3310 473 προσδεχόμενος
3354 403 3440 451 τόν
3471 400 3681 472 Κύριον,
3725 401 3851 450 πότε

490 516 737 589 quando
771 514 1018 569 veniens
1053 508 1391 564 manifestet
1420 504 1473 559 ei
1503 519 1563 557 se
1598 503 1815 573 ipsum,
1846 505 1901 553 et
1929 513 2141 553 emun-

492 607 593 661 det
618 621 757 661 eum
788 607 1036 674 peccato
1063 599 1115 654 ei
1140 596 1485 651 inhaerente.

566 729 638 783 Il.
670 731 785 782 Nec
834 740 1003 795 spem
1036 720 1216 775 habet
1266 717 1325 771 in
1375 713 1683 771 laboribus
1733 711 1876 779 suis,
1901 715 1957 763 et
2008 707 2144 761 vitae

495 817 747 881 ratione,
771 815 958 868 donec
989 812 1394 877 consequatur
1411 819 1545 876 quin
1577 805 1793 873 sperat,
1828 798 2031 870 quoad
2055 812 2143 850 ve-

497 907 668 962 niens
696 904 985 957 Dominus
1008 898 1232 953 habitet
1257 897 1316 949 in
1331 895 1473 949 eoin
1497 890 1657 945 omni
1678 904 1856 943 sensu
1873 892 2147 956 etopera-

497 994 655 1049 tione
698 989 969 1062 Spiritus.
1013 989 1282 1055 Cumque
1317 979 1646 1052 gustaverit
1684 978 2012 1032 bonitatem
2037 975 2144 1028 Do-

498 1082 664 1145 mini,
707 1086 761 1134 et
813 1076 1103 1132 fructibus
1159 1072 1401 1144 spiritus
1461 1067 1783 1123 delectatus
1834 1062 2027 1127 fuerit,
2077 1077 2147 1116 ac

496 1170 802 1225 sublatum
866 1167 938 1219 sit
1000 1163 1271 1217 velamen
1343 1158 1743 1219 tenebrarum,
1821 1152 2147 1221 lumenque

495 1258 704 1314 Christi
728 1255 1126 1326 splendescat,
1152 1258 1207 1304 et
1227 1255 1508 1319 operetur
1526 1247 1584 1298 in
1599 1242 1802 1298 lastitia
1824 1238 2142 1295 ineffabili:

494 1353 635 1404 tunc
649 1347 821 1418 plene
834 1340 1316 1402 conﬁrmabitur,
1333 1338 1567 1391 habens
1594 1348 1796 1387 secum
1826 1329 2145 1384 Dominum

495 1436 557 1490 in
598 1415 783 1489 multa
815 1433 1144 1493 dilectione,
1171 1425 1412 1498 perinde
1453 1439 1522 1478 ac
1557 1422 1637 1476 ibi
1665 1425 1975 1482 mercator,
2000 1415 2144 1471 dum

495 1524 728 1579 lucrum
788 1521 926 1577 facit
986 1519 1217 1573 laetatur
1261 1532 1274 1568 :
1323 1513 1543 1568 multas
1598 1516 1798 1565 tamen
1850 1506 2148 1561 molestias

496 1612 765 1675 sustinet,
800 1615 857 1665 et
909 1602 1525 1663 metuitalatronibus
1575 1606 1631 1653 et
1691 1596 1996 1668 spiritibus
2045 1608 2150 1647 ne-

496 1700 720 1772 quitias,
748 1714 821 1752 ne
847 1686 1151 1751 remissior
1178 1692 1365 1746 factas
1398 1686 1607 1759 perdat
1644 1698 1915 1755 operam,
1956 1680 2149 1734 donec

2252 494 2409 546 ἐλθὼν
2465 492 2733 564 ἐμφανίσαι
2779 491 2916 561 αύτῷ
2972 490 3170 555 ἑαυτὸν,
3218 493 3307 541 καὶ
3359 490 3639 562 καθαιρέσει
3693 486 3851 537 αὐτόν

2254 586 2308 635 ix
2338 591 2429 642 τῆς
2454 581 2756 641 ἐνοικούσης
2790 576 2929 650 αύτῷ
2957 579 3232 652 ἁμαρτίας.

2326 702 2403 758 Β’.
2451 702 2561 754 Ούκ
2591 700 2850 761 ἑπελπίζει
2899 695 2957 751 δε
2986 699 3069 751 ἐπὶ
3100 707 3206 760 τοῖς
3256 699 3509 770 καμάτοις
3553 697 3732 765 αὐτοῦ,
3762 701 3853 748 xui

2254 800 2314 865 τῇ
2367 790 2618 861 πολιτείᾳ,
2664 789 2757 849 ἓως
2805 788 2864 838 οὗ
2914 790 3054 860 τύχη
3112 796 3210 839 τῶν
3267 786 3631 856 ἐλπιζομένων,
3664 786 3753 845 ἕως
3791 784 3853 836 οὗ

2255 880 2410 931 ἐλθὼν
2440 879 2465 928 6
2514 881 2700 949 Κύριος
2749 876 2939 947 οὶκήση
2992 875 3039 926 ἐν
3094 875 3254 945 αύτῷ,
3301 877 3349 925 ἐν
3408 877 3551 945 πάση
3604 873 3853 931 αἰσθήσει

2255 972 2343 1019 καὶ
2395 967 2622 1039 ἐνεργείᾳ
2696 969 3013 1036 Πνεύματος.
3096 968 3193 1015 Καὶ
3264 965 3385 1014 ὅταν
3430 965 3687 1033 γεύσηται
3759 970 3853 1022 τῆς

2256 1064 2620 1132 χρηστότητος
2649 1062 2739 1107 τοῦ
2792 1059 3006 1128 Κυρίου,
3040 1058 3127 1104 καὶ
3177 1060 3281 1111 τοῖς
3314 1058 3534 1125 καρποῖς
3578 1058 3669 1102 τοῦ
3700 1054 3853 1103 πνεύ-

2255 1166 2414 1218 ματος
2466 1148 2783 1216 ἐντρυφήση,
2841 1148 2931 1193 καὶ
2987 1143 3288 1215 περιαιρεθῇ
3348 1145 3405 1191 τό
3463 1140 3713 1212 κάλυμμα
3760 1147 3853 1192 τοῦ

2259 1240 2497 1297 σκότους,
2540 1237 2627 1282 καὶ
2659 1235 2716 1282 τό
2749 1240 2853 1303 φῶς
2884 1239 2976 1282 τοῦ
3008 1238 3241 1302 Χριστοῦ
3289 1227 3524 1300 ἐλλάμψη
3579 1234 3667 1280 xui
3714 1231 3852 1301 ἐνερ-

2255 1329 2394 1395 γὴση
2428 1323 2474 1372 ἐν
2508 1326 2656 1392 χαρᾴ
2695 1318 3039 1390 ἀνεκλαλήτῳ,
3091 1337 3205 1369 τοτε
3260 1317 3665 1391 πληροφορείται
3716 1320 3853 1388 ἔχων

2257 1410 2366 1484 μεθ’
2428 1410 2610 1463 ἑαυτοῦ
2660 1413 2746 1461 τόν
2807 1412 2995 1480 Κύριον
3053 1406 3100 1458 ἐν
3145 1407 3303 1479 πολλῇ
3363 1413 3559 1481 στοργῇ
3617 1424 3628 1437 ·
3678 1408 3853 1477 ὧσπερ

2258 1502 2360 1554 ἐκεῖ
2388 1502 2414 1552 6
2447 1503 2662 1574 ἔμπορος
2714 1496 2974 1573 κερδήσας
3018 1502 3223 1570 χαίρει.
3273 1496 3480 1566 Ἀγῶνα
3528 1492 3587 1547 δὲ
3616 1498 3729 1567 ἔχει
3767 1499 3858 1547 xui

2259 1588 2410 1662 φοϐον
2457 1597 2557 1638 τῶν
2589 1587 2688 1639 ἀπὸ
2736 1596 2833 1638 τῶν
2881 1587 3085 1659 λῃστῶν
3134 1590 3223 1636 καὶ
3266 1593 3364 1636 τῶν
3413 1586 3716 1655 πνευμάτων
3768 1590 3858 1643 τῆς

2258 1682 2525 1751 πονηρίας,
2577 1681 2645 1747 μή
2703 1696 2783 1727 πω
2836 1677 3127 1746 χαυνωθεὶς
3181 1673 3405 1746 ἀπολέσῃ
3459 1675 3544 1723 τόν
3598 1678 3856 1744 κάματον,

496 1791 897 1859 consequatur
923 1797 1177 1852 regnum
1211 1778 1518 1841 caalorum,
1559 1786 1882 1844 supernam
1920 1768 2150 1823 Jerusa-

2263 1768 2352 1828 ἕως
2381 1766 2440 1818 οὗ
2466 1765 2761 1837 καταξιωθῇ
2797 1764 2843 1816 ἐν
2888 1772 2950 1836 τῇ
3002 1761 3246 1836 βασιλείᾳ
3292 1770 3391 1814 τῶν
3432 1761 3682 1832 οὐρανῶν,
3716 1761 3764 1812 ἐν
3796 1768 3856 1832 τῇ

496 1875 636 1933 lem.

570 1999 663 2057 ΙΠ.
696 1999 1090 2056 Obsecremus
1149 1992 1331 2062 igitur
1380 2005 1491 2045 nos
1539 2000 1781 2059 quoque
1839 1986 2045 2046 Deum,
2090 1985 2153 2034 ut

498 2095 707 2145 exutos
735 2103 846 2142 nos
899 2085 1076 2140 veteri
1129 2081 1393 2143 homine,
1440 2077 1652 2132 induat
1680 2070 2151 2129 cmlesti'Christo

498 2194 571 2234 ex
623 2177 737 2233 hoc
791 2183 1079 2245 tempore,
1134 2176 1195 2225 ut
1252 2170 1311 2223 in
1368 2165 1767 2221 exsultatione
1827 2159 2148 2222 constituti,

499 2269 705 2337 sicque
744 2265 823 2321 ab
854 2279 924 2318 eo
954 2262 1113 2317 ducti
1141 2260 1200 2313 in
1232 2271 1473 2312 summa
1500 2250 1920 2323 tranquillitate
1942 2247 2149 2302 simus.

500 2356 692 2427 Inquit
738 2354 899 2408 enim
972 2349 1277 2410 Dominus,
1338 2344 1563 2415 replere
1622 2357 1730 2395 nos
1785 2354 1923 2393 cum
1981 2334 2153 2390 vellet

500 2425 676 2515 gustu
721 2440 888 2513 regni
918 2458 929 2493 :
958 2439 1093 2493 Sine
1122 2451 1212 2491 me
1268 2434 1425 2489 nihil
1463 2431 1699 2500 potestis
1726 2428 1928 2497 facere
1975 2426 2045 2475 39.
2089 2425 2153 2478 Et

501 2514 747 2605 quidem
779 2528 1190 2601 apostolorum
1218 2539 1331 2594 ope
1364 2521 1583 2576 multos
1598 2518 1761 2573 novit
1784 2514 2150 2570 illuminare:

502 2628 787 2676 creaturas
818 2622 974 2673 enim
1018 2632 1154 2670 cum
1201 2617 1403 2668 essent
1434 2609 1536 2674 illi,
1559 2621 1882 2662 conservos
1937 2602 2155 2657 educa-

500 2712 650 2765 bant
684 2726 696 2763 :
730 2718 787 2762 et
812 2706 1054 2761 fratrem
1098 2720 1165 2758 ac
1196 2702 1385 2756 ﬁlium
1425 2697 1638 2753 Christi
1681 2695 1827 2759 ﬁeri,
1862 2697 2155 2764 praestan-

504 2800 619 2855 tius
642 2797 787 2869 quid
818 2811 1004 2867 quam
1036 2792 1229 2848 casteri
1258 2788 1559 2852 homines,
1592 2785 1824 2839 efﬁcere
1859 2799 1873 2849 ;
1906 2782 2019 2836 hoc
2046 2786 2152 2845 est,

502 2888 704 2959 ipsum
760 2900 862 2939 cor
907 2891 962 2938 et
998 2890 1256 2936 mentem
1316 2874 1797 2935 sanctiﬁcabant,
1839 2870 2042 2926 itidem
2100 2874 2156 2923 et

502 2975 910 3045 cogitationes,
936 2979 994 3026 ut
1053 2970 1131 3025 ad
1189 2972 1372 3023 Deum
1407 2980 1511 3020 eas
1561 2963 1925 3031 dirigerent;
1957 2964 2012 3013 et
2071 2959 2155 3011 sic

503 3066 657 3119 Deus
702 3063 950 3132 largitur
979 3059 1208 3115 occulte
1259 3058 1441 3111 vitam
1469 3059 1525 3108 et
1550 3067 1729 3123 opem
1756 3048 1947 3119 cordi,
1976 3063 2045 3103 ac
2091 3062 2154 3101 se

2260 1858 2365 1908 ἄνω
2391 1854 2548 1927 Ἰερου
2558 1855 2756 1925 σαλήμ.

2332 1979 2404 2034 I".
2456 1980 2903 2054 Παρακαλὼωμεν
2952 1973 3039 2028 οὖν
3095 1981 3188 2028 καὶ
3246 1978 3396 2047 ἡμεῖς
3439 1978 3524 2026 τὸν
3578 1976 3728 2039 Θεὸν,
3781 1973 3865 2024 ἵνα

2263 2066 2506 2139 ἀποδύσῃ
2554 2071 2688 2140 ἡμᾶς
2718 2071 2805 2118 τόν
2835 2065 3054 2118 παλαιὸν
3093 2066 3382 2139 ἄνθρωπον,
3433 2068 3522 2115 καὶ
3554 2059 3746 2135 ἐνδύσῃ
3775 2067 3863 2113 τόν

2262 2157 2563 2230 ἐπουράνιον
2614 2159 2842 2229 Χριστὸν
2875 2155 2975 2206 ἀπό
3007 2162 3097 2205 τοῦ
3150 2162 3259 2218 νῦν,
3292 2156 3427 2213 ὅπως
3475 2154 3522 2203 ἐν
3554 2151 3864 2223 ἀγαλλιάσει

2260 2252 2537 2319 γενόμενοι,
2570 2250 2659 2296 καὶ
2698 2245 2857 2304 οὕτως
2901 2245 2988 2295 ὑπ’
3032 2243 3196 2294 αὐτοῦ
3243 2239 3589 2314 ὁδηγούμενοι
3620 2240 3668 2291 ἐν
3698 2240 3859 2312 πολλῇ

2261 2336 2458 2408 γαλήνῃ
2492 2334 2735 2406 ἐσόμεθα.
2786 2341 2922 2390 Φησι
2952 2336 3054 2405 γὰρ
3097 2334 3122 2382 6
3157 2336 3367 2403 Κύριος,
3418 2330 3697 2403 πληρῶσαι
3730 2332 3864 2401 ἡμᾶς

2262 2432 2352 2485 τῆς
2380 2428 2607 2495 γεύσεως
2636 2430 2732 2484 τῆς
2778 2420 3049 2494 βασιλείας
3080 2418 3407 2492 βουλόμενος,
3466 2424 3674 2493 Χωρὶς
3711 2422 3864 2491 ἐμοῦ

2260 2515 2329 2565 ού
2371 2510 2653 2565 δύνασθε
2690 2518 2900 2563 ποιεῖν
2940 2507 3147 2562 οὐδέν.
3202 2514 3381 2562 Καίτοι
3408 2527 3467 2579 γε
3494 2504 3588 2559 διὰ
3614 2516 3717 2559 τῶν
3740 2506 3863 2559 ἀπο-

2265 2603 2458 2654 στόλων
2479 2601 2695 2661 πολλούς
2715 2597 2827 2653 οἶδε
2850 2600 3089 2672 φωτίζειν
3116 2620 3127 2633 ·
3153 2604 3423 2671 κτίσματα
3436 2600 3536 2669 γὰρ
3563 2600 3718 2662 ὄντες,
3743 2600 3863 2656 τοὺς

2264 2688 2580 2764 ὁμοδούλους
2627 2690 2883 2764 ἐξέτρεφον
2917 2710 2929 2723 ·
2969 2694 3056 2741 καὶ
3104 2684 3320 2760 ἀδελφόν
3347 2691 3435 2739 xui
3484 2688 3595 2737 υἱόν
3628 2692 3861 2759 Χριστοῦ

2263 2782 2522 2852 γενέσθαι,
2556 2798 2802 2852 περισσον
2850 2798 2903 2829 τι
2940 2782 3083 2851 παρά
3130 2780 3251 2838 τοὺς
3295 2776 3510 2834 λοιπούς
3561 2772 3863 2847 ἀνθρώπους

2264 2876 2448 2933 ποιεῖν,
2492 2874 2760 2921 τουτέστιν
2809 2868 2971 2926 αὐτὴν
3012 2873 3104 2925 τὴν
3144 2864 3391 2941 καρδίαν,
3443 2865 3595 2917 αὐτόν
3624 2866 3711 2915 τὸν
3740 2869 3858 2914 νοῦν

2265 2958 2525 3033 ἀφιεροῦν,
2602 2962 2689 3009 καὶ
2746 2961 2862 3017 τούς
2936 2957 3227 3029 λογισμούς
3283 2955 3535 3006 ἀνασείειν
3593 2956 3721 3027 πρὸς
3772 2956 3858 3004 τόν

2266 3054 2414 3101 Θεόν.
2466 3052 2566 3099 Καὶ
2616 3047 2777 3108 οὕτως
2823 3048 2848 3097 6
2881 3050 3013 3105 Θεὸς
3063 3042 3261 3097 δίδωσι
3303 3052 3542 3116 κρυπτῶς
3591 3043 3730 3103 ζωήν
3774 3046 3865 3093 καὶ

502 3153 703 3225 ipsum
744 3152 795 3205 ei
835 3148 1170 3205 committit.
1196 3149 1343 3202 Cum
1402 3144 1562 3199 enim
1588 3146 1833 3203 secreta,
1863 3138 1977 3192 hoc
2041 3143 2151 3199 est,

2266 3136 2514 3210 βοήθειαν
2571 3136 2643 3196 εἰς
2716 3141 2811 3192 τὴν
2884 3131 3131 3209 καρδίαν,
3190 3139 3280 3185 καὶ
3332 3133 3508 3185 ἑαυτὸν
3566 3130 3865 3202 ἐμπιστεύει

504 3224 765 3297 mentem
811 3246 866 3295 et
896 3238 1286 3307 cogitationes
1324 3234 1458 3305 quis
1506 3232 1625 3284 Deo
1674 3228 1930 3291 dedicat,
1991 3224 2154 3279 nulla

503 3332 619 3387 alia
643 3346 704 3385 re
736 3336 838 3384 aut
875 3326 1231 3396 cogitatione
1263 3327 1594 3391 occupatus
1626 3334 1694 3373 ac
1713 3313 2154 3380 districtus,sed

503 3438 565 3475 se
595 3422 797 3490 ipsum
824 3419 879 3472 vi
905 3416 1173 3489 quadam
1198 3412 1510 3476 cohibens,
1538 3414 1675 3467 tunc
1716 3407 2002 3462 Dominus
2030 3419 2153 3474 my-

503 3509 817 3564 steriorum
849 3504 1198 3576 participem
1225 3502 1367 3556 facit
1399 3516 1559 3563 eum,
1584 3499 1642 3551 in
1672 3493 2068 3551 sanctimonia
2084 3508 2153 3547 ac

501 3596 759 3671 puritate
810 3593 1016 3657 multa,
1078 3597 1138 3646 et
1184 3590 1386 3645 cibum
1445 3588 1745 3642 caelestem
1793 3583 2031 3638 exhibet
2091 3596 2153 3637 se

502 3685 727 3758 ipsum,
758 3700 827 3739 ac
859 3690 1068 3754 potum
1094 3678 1490 3751 spiritualem.

573 3791 665 3847 IV.
689 3791 938 3848 Perinde
975 3804 1046 3844 ac
1074 3788 1231 3859 quis,
1263 3786 1365 3857 qui
1408 3783 1595 3838 multa
1629 3782 1813 3844 bona,
1844 3793 2051 3833 servos
2084 3792 2155 3833 ac

502 3881 655 3937 ﬁlios
679 3879 968 3952 possidet,
1009 3877 1191 3933 alium
1233 3875 1435 3930 cibum
1469 3872 1694 3943 praebet
1733 3868 1934 3932 servis,
1969 3867 2153 3923 alium

504 3970 633 4026 ﬁliis
658 3985 730 4025 ex
760 3970 987 4024 semine
1018 3982 1128 4021 suo
1152 3963 1475 4037 procreatis
1521 3978 1533 4015 :
1577 3960 1717 4032 quia
1745 3958 1845 4013 ﬁlii
1872 3962 2009 4011 sunt
2038 3957 2154 4011 bae-

501 4063 675 4117 redes
714 4059 919 4131 patris,
953 4063 1011 4113 et
1047 4072 1187 4111 cum
1212 4070 1283 4109 eo
1310 4051 1652 4115 comedunt,
1684 4047 1906 4102 similes
1937 4045 2157 4100 scilicet

504 4151 656 4223 patri
679 4164 788 4205 suo
822 4165 833 4204 :
862 4149 943 4202 sic
972 4145 1246 4201 Christus
1278 4158 1450 4197 verus
1481 4139 1576 4195 ille
1608 4138 1898 4193 Dominus
1948 4134 2158 4190 omnia

504 4240 744 4304 creavit,
795 4243 852 4291 et
900 4237 1081 4290 nutrit
1136 4231 1446 4303 improbos
1508 4245 1579 4284 ac
1632 4229 1902 4295 ingratos
1948 4242 1960 4278 :
2003 4223 2155 4278 ﬁlios

506 4343 646 4383 vero
667 4342 819 4398 quos
846 4324 1050 4395 genuit
1088 4338 1160 4377 ex
1213 4320 1438 4375 semine
1498 4333 1630 4379 suo,
1665 4329 1940 4385 quosque
1979 4314 2155 4383 parti-

506 4418 671 4488 cipes
735 4414 872 4469 fecit
920 4414 1123 4483 gratiae
1180 4426 1325 4474 suae,
1368 4409 1426 4461 in
1475 4404 1699 4478 quibus
1752 4403 2045 4457 formatus
2072 4406 2160 4456 est

2264 3228 2418 3299 αὐτῇ.
2462 3224 2586 3277 Ὀτε
2627 3229 2725 3299 γὰρ
2778 3227 2844 3277 τὰ
2890 3227 3116 3296 κρυπτὰ,
3160 3228 3399 3276 τουτέστι
3456 3226 3542 3273 τόν
3597 3228 3716 3272 νοῦν
3774 3223 3862 3271 xui

2262 3319 2379 3378 τοὺς
2434 3315 2738 3386 λογισμούς,
2796 3310 2996 3369 δίδωσι
3025 3321 3095 3383 τῷ
3144 3320 3276 3383 Θεῷ,
3327 3316 3398 3382 μὴ
3455 3309 3861 3382 ἀσχολούμενος,

2263 3411 2395 3476 μήτε
2448 3403 2754 3478 ῥεμϐόμενος
2812 3402 3067 3473 ἀλλαχοῦ,
3124 3401 3230 3451 ἀλλ’
3286 3399 3468 3451 ἑαυτὸν
3526 3396 3862 3471 βιαζόμενος,

2264 3500 2376 3546 τότε
2414 3495 2439 3544 ὁ
2490 3497 2679 3565 Κύριος
2731 3496 3038 3563 μυστηρίων
3087 3489 3229 3552 ἀξιοῖ
3284 3497 3463 3540 τοῦτον
3518 3486 3566 3538 ἐν
3625 3486 3866 3557 ἁγιότητι

2263 3588 2352 3635 καὶ
2394 3584 2717 3655 καθαρότητι
2772 3579 2987 3645 πλείονι,
3044 3584 3133 3630 καὶ
3186 3582 3377 3651 τροφὴν
3431 3576 3730 3650 ἐπουράνιον
3782 3571 3868 3627 δί-

2266 3667 2429 3722 δωσιν
2462 3670 2637 3737 αὑτὸν,
2669 3673 2759 3719 καὶ
2791 3672 2939 3740 πόμα
2970 3672 3337 3739 πνευματικόν.

2850 3772 2872 3790 τ

2336 3775 2407 3829 A'.
2463 3774 2662 3846 Ὠσπερ
2710 3774 2794 3827 ἐὰν
2845 3772 2873 3833 ἦ
2925 3794 3005 3837 τις
3061 3778 3365 3847 κεκτημένος
3416 3772 3605 3830 πολλὴν
3667 3790 3866 3845 περιου-

2268 3870 2404 3929 σίαν,
2446 3869 2531 3916 καὶ
2592 3860 2834 3929 δούλους,
2879 3870 2970 3916 καὶ
3023 3868 3193 3929 τέκνα,
3246 3863 3403 3921 ἄλλην
3445 3866 3636 3935 τροφὴν
3669 3857 3867 3913 δίδωσι

2266 3962 2374 4014 τοῖς
2422 3951 2650 4019 δούλοις,
2679 3959 2767 4005 καὶ
2799 3953 2957 4012 ἄλλην
2987 3961 3097 4015 τοῖς
3130 3950 3285 4013 ἰδίοις
3332 3956 3527 4013 τέκνοις
3556 3958 3664 4012 τοῖς
3692 3952 3747 4001 ἑκ
3775 3955 3864 4001 τοῦ

2269 4048 2559 4116 σπέρματος
2614 4048 2974 4115 γεγενημένοις
3010 4063 3022 4075 ο
3075 4039 3257 4101 ἐπειδὴ
3313 4044 3377 4093 τὰ
3421 4045 3573 4094 τέκνα
3619 4040 3869 4113 κληρονο-

2267 4140 2427 4204 μοῦσι
2471 4136 2556 4184 τόν
2601 4137 2818 4207 πατέρα,
2865 4138 2955 4185 xui.
3008 4132 3115 4203 μετ’
3172 4133 3332 4187 αὐτοῦ
3386 4132 3675 4195 ἐσθίουσιν,
3737 4128 3873 4201 ἀφω-

2266 4227 2529 4295 μοιωμένα
2570 4230 2643 4292 τῷ
2690 4228 2852 4297 πατρὶ
2902 4223 3071 4274 αὐτῶν
3106 4242 3117 4254 ο
3162 4222 3295 4274 οὕτω
3347 4227 3436 4273 καὶ
3488 4222 3511 4271 6
3565 4223 3798 4292 Χριστὸς
3846 4219 3871 4268 6

2269 4311 2511 4372 ἀληθινός
2554 4317 2841 4377 Δεσπότης,
2897 4313 3070 4363 πάντα
3114 4312 3266 4370 αὐτὸς
3320 4311 3509 4374 ἔκτισε,
3566 4313 3655 4359 καὶ
3704 4311 3872 4379 τρέφει

2266 4405 2386 4461 τούς
2436 4404 2695 4474 πονηρούς
2723 4408 2807 4451 xui
2869 4401 3200 4473 ἀχαρίστους
3232 4416 3243 4427 ·
3276 4400 3340 4449 τὰ
3387 4394 3446 4449 δε
3476 4400 3647 4459 τέκνα,
3676 4396 3710 4446 ἃ
3741 4396 3875 4466 ἐγέν-

508 4504 820 4570 Dominus,
863 4501 1150 4574 peculiari
1200 4498 1539 4561 refectione,
1574 4493 1878 4556 alimento,
1925 4490 2060 4545 cibo
2104 4495 2152 4544 et

2267 4508 2419 4548 νησιν
2452 4489 2505 4541 ἐκ
2554 4498 2647 4542 τοῦ
2694 4493 3000 4563 σπέρματος
3050 4489 3232 4557 αὐτοῦ,
3260 4494 3348 4537 xui
3380 4486 3451 4544 οἷς
3498 4481 3785 4555 μετέδωκεν
3818 4484 3873 4535 ἐκ

508 4601 672 4668 potu,
716 4606 927 4666 praeter
941 4598 1183 4647 caateros
1206 4587 1484 4644 homines
1514 4584 1750 4649 enutrit,
1769 4596 1838 4635 ac
1862 4580 2157 4652 prabetse

505 4686 707 4756 ipsum
749 4682 862 4738 illis
900 4679 1398 4737 conversantibus
1440 4690 1579 4730 eum
1629 4677 1795 4743 patre
1840 4686 1975 4739 suo,
2011 4671 2161 4724 sicut

508 4775 591 4831 ait
652 4773 987 4827 Dominus:
1030 4769 1141 4835 Qui
1188 4767 1309 4823 edit
1359 4780 1547 4819 meam
1605 4775 1865 4823 carnem,
1927 4766 1979 4814 et
2016 4758 2155 4812 bibit

507 4877 700 4918 meum
730 4860 1100 4929 sanguinem,
1130 4857 1192 4910 in
1239 4872 1330 4910 me
1381 4857 1601 4916 manet,
1625 4858 1678 4905 et
1710 4865 1814 4920 ego
1864 4848 1926 4902 in
1956 4848 2083 4916 illo,
2107 4853 2159 4902 et

508 4956 749 5007 mortem
776 4965 889 5004 non
918 4945 1126 5003 videbit
1156 4946 1222 4998 ‘1.
1257 4942 1366 5009 Qui
1408 4942 1567 4996 enim
1602 4938 1914 5011 possident
1952 4951 2157 4992 veram

507 5039 1254 5105 haereditatem,tanquam
1299 5030 1398 5084 ﬁlii
1434 5036 1574 5083 sunt
1622 5043 1691 5082 ex
1738 5030 1904 5081 Patre
1935 5025 2160 5080 caelesti

509 5127 826 5204 progeniti,
859 5131 916 5180 et
970 5124 1031 5177 in
1088 5122 1270 5175 domo
1316 5120 1499 5191 patris
1549 5118 1638 5171 sui
1692 5117 1939 5184 degunt,
1971 5118 2033 5167 ut
2079 5114 2160 5170 ait

511 5203 799 5276 Dominus
828 5232 841 5267 :
869 5216 1088 5271 Servus
1118 5226 1235 5266 non
1265 5211 1462 5266 manet
1498 5210 1561 5262 in
1608 5205 1799 5270 domo,
1830 5203 1993 5272 ﬁlius
2024 5218 2160 5259 vero

512 5314 709 5367 manet
734 5308 797 5363 ίη
822 5311 1107 5363 aeternum
1134 5300 1203 5355 η.

581 5660 627 5700 ⁸ο
659 5663 707 5719 ll
745 5662 873 5719 Cor.
913 5672 993 5732 ix,
1030 5657 1114 5714 10.
1209 5653 1251 5691 ⁴⁰
1276 5654 1447 5713 Joan.
1474 5665 1573 5721 xv,
1595 5655 1651 5708 5.

1753 5650 1797 5687 δι
1819 5648 1994 5708 Joan.
2025 5665 2099 5718 v1,
2126 5650 2215 5706 54.

2270 4588 2359 4640 τῆς
2403 4584 2623 4651 χαρίτος
2669 4579 2850 4645 αὑτοῦ,
2885 4578 2932 4629 ἐν
2965 4578 3040 4638 οἷς
3088 4576 3358 4647 ἐμορφώθη
3404 4575 3428 4624 6
3464 4574 3672 4643 Κύριος,
3725 4568 3871 4623 ἰδίαν

2270 4668 2562 4720 ἀνάπαυσιν
2617 4672 2705 4719 κιοὶ
2742 4671 2954 4739 τροφὴν,
3001 4669 3089 4716 καὶ
3133 4662 3355 4738 βρῶσιν,
3388 4667 3477 4713 καὶ
3524 4666 3699 4725 πόσιν,
3732 4665 3876 4735 παρά

2269 4761 2388 4817 τοὺς
2434 4758 2644 4829 λοιπούς
2692 4754 2990 4828 ἀνθρώπους
3041 4752 3284 4826 ἐκτρέφει,
3335 4756 3424 4803 καὶ
3478 4746 3705 4801 δίδωσιν
3760 4750 3874 4803 ἑαυ-

2270 4851 2355 4898 τόν
2406 4846 2574 4905 αὐτοῖς
2624 4844 3081 4919 ἀναστρεφομένοις
3130 4844 3259 4915 μετά
3298 4849 3389 4893 τοῦ
3446 4846 3645 4911 πατρὸς
3685 4839 3870 4905 αὐτῶν,

2270 4938 2333 4996 ὥς
2356 4955 2510 5008 φησιν
2537 4937 2562 4986 ό
2593 4936 2801 5007 Κύριος,
2828 4940 2885 4985 Ὁ
2912 4939 3166 5007 τρώγων
3199 4950 3315 5003 μου
3347 4936 3459 4988 τὴν
3503 4931 3731 5002 σάρκα,
3766 4932 3871 4979 καὶ

2271 5031 2463 5078 πίνων
2502 5044 2621 5097 μου
2661 5028 2727 5076 τό
2768 5023 2945 5095 αἷμα,
2987 5025 3043 5073 ἑν
3084 5021 3220 5093 ἐμοὶ
3260 5025 3449 5092 μένει,
3484 5018 3655 5089 κάγὼ
3687 5021 3743 5069 ἐν
3774 5018 3874 5069 αύ-

2270 5124 2372 5186 τῷ,
2411 5120 2515 5165 καὶ
2556 5114 2824 5166 θάνατον
2865 5111 2930 5163 ού
2970 5116 3049 5183 μη
3097 5109 3635 5183 θεωρήσει.οἱγάρ
3664 5109 3868 5178 ἔχοντες

2270 5208 2363 5261 τὴν
2387 5202 2634 5261 ἀληθινὴν
2653 5202 3020 5276 κληρονομίαν,
3050 5203 3119 5262 ὡς
3136 5203 3237 5251 υἱοὶ
3267 5198 3318 5250 ἐκ
3336 5201 3541 5270 Πατρός
3562 5195 3866 5269 ἐπουρανίου

2269 5296 2597 5366 γεγενημένοι
2651 5291 2768 5353 εἰσὶ,
2805 5294 2894 5342 καὶ
2925 5289 2991 5349 εἰς
3036 5294 3122 5339 τόν
3155 5286 3292 5341 οἶκον
3322 5294 3409 5340 τοῦ
3448 5289 3640 5360 πατρὸς
3696 5284 3862 5336 αὐτῶν

2273 5378 2574 5455 διάγουσιν,
2608 5380 2671 5439 ὥς
2700 5397 2857 5452 φησιν
2887 5380 2913 5430 6
2946 5380 3153 5451 Κύριος,
3205 5375 3264 5429 Ὀ
3305 5372 3542 5439 δοῦλος
3586 5374 3653 5428 ού
3684 5377 3867 5447 μένει

2272 5470 2329 5525 ἓν
2386 5476 2455 5543 τῇ
2508 5469 2702 5541 οἰκίᾳ,
2745 5469 2770 5520 6
2812 5463 2885 5520 δε
2937 5469 3071 5528 υἱός
3128 5470 3301 5539 μένει
3358 5465 3449 5527 εἰς
3503 5468 3607 5517 τὸν
3647 5462 3866 5516 αἰῶνα.

2328 5649 2374 5685 ιι
2404 5647 2577 5704 Joan.
2624 5660 2741 5715 vni,
2773 5647 2869 5701 35.
