4148 6262
221 266 322 333 573

1471 265 1817 325 HOMILLE.
1854 298 1925 314 —-
1965 270 2145 331 HOM.
2183 270 2329 327 XIV.

3470 275 3577 335 574

288 397 363 456 Ε’.
408 400 563 473 Εἴπερ
603 392 691 450 οὖν
727 400 818 449 καὶ
848 396 998 468 ἡμεῖς
1037 391 1330 469 βουλόμεθα
1384 393 1439 446 έκ
1476 400 1568 445 τοῦ
1609 396 1814 468 Πατρός

1997 395 2105 466 51
2150 398 2211 450 V.
2263 396 2316 450 Si
2373 398 2550 467 igitur
2607 412 2716 454 nos
2761 414 3003 472 quoque
3033 400 3280 457 velimus
3314 418 3381 458 ex
3411 404 3575 461 Patre

219 495 302 541 τοῦ
349 487 660 561 ἐπουρανίου
710 487 1043 557 γεννηθῆναι,
1100 486 1350 557 περισσόν
1400 503 1449 535 τι
1497 486 1639 555 παρά
1697 488 1814 544 τοὺς

220 575 425 638 λοιπούς
514 574 821 648 ἀνθρώπους
903 572 1169 646 όφείλαμεν
1268 579 1448 637 ποιεῖν,
1549 568 1808 638 σπουδὴν,

217 674 410 738 αγῶνα,
454 665 632 729 ζῆλον,
692 664 929 735 ἀγάπην,
974 661 1239 713 πολιτείαν
1284 659 1506 731 ἀγαθὴν,
1553 663 1601 712 ἰν
1641 664 1815 713 πίστει

219 760 303 806 καὶ
350 752 491 826 φόϐῳ
543 749 695 818 εἶναι,
752 755 821 813 ὡς
875 749 1177 824 βουλόμενοι
1235 751 1552 808 τηλικούτων
1605 747 1814 820 ἀγαθῶν

218 850 415 916 τυχεῖν,
440 847 530 894 καὶ¹
568 845 690 896 Θεὸν
715 841 1133 915 κληρονομῆσαι.
1176 842 1376 912 Κύριο
1395 858 1416 899 ς
1463 841 1587 911 γάρ
1629 842 1813 911 μερὶς

223 940 325 991 τῆς
363 932 805 1002 κληρονομίας
837 948 980 1002 μου,
1020 932 1276 982 καὶτοῦ
1306 931 1639 1000 ποτηρίου
1669 948 1810 1000 μου.

222 1026 317 1074 Καὶ
348 1021 513 1081 οὕτως
539 1017 740 1092 βλέπων
771 1020 797 1069 ὁ
828 1022 1011 1092 Κύριος
1044 1023 1138 1078 τὴν
1171 1016 1376 1089 ἀγαθὴν
1397 1020 1704 1089 προαίρεσιν
1724 1021 1814 1069 καὶ

222 1114 312 1167 τόν
354 1112 639 1182 ὑπομονὴν,
692 1115 833 1161 ποιεῖ
875 1111 934 1160 τό
983 1107 1116 1169 ἕλεος
1170 1110 1350 1172 αὐτοῦ,
1401 1110 1492 1157 καὶ
1528 1109 1815 1181 καθαρίσας

223 1201 360 1270 ἡμᾶς
413 1206 486 1268 τῷ
538 1197 677 1269 λόγῳ
721 1204 794 1266 τῷ
849 1196 1091 1268 οὐρανίῳ,
1138 1201 1226 1247 καὶ
1282 1200 1518 1265 νοήματα
1571 1213 1815 1267 νενεκρω-

222 1287 355 1353 λένα,
413 1292 502 1339 καὶ
558 1284 930 1360 διεφθαρμένα,
977 1282 1072 1337 διὰ
1125 1292 1217 1345 τῆς
1266 1283 1426 1341 καλῆς
1469 1282 1638 1334 αὐτῶν
1689 1282 1817 1333 ἀνα-

225 1384 447 1449 στροφῆς
491 1380 581 1427 καὶ
628 1371 1008 1439 διδασκαλίας,
1054 1374 1444 1437 ἀναζωοποιῶν,
1494 1376 1581 1423 καὶ
1620 1370 1814 1443 ἀνεγεί-

218 1485 320 1539 ρων
352 1481 367 1494 '
402 1471 605 1535 κτίσμα
658 1466 757 1537 γὰρ
807 1464 974 1535 ἕτερον
1022 1468 1224 1535 κτίσμα
1263 1461 1491 1534 ἐκτρέφει
1547 1465 1636 1511 καὶ
1689 1465 1818 1519 ςωο-

221 1560 381 1609 ποιεῖ,
406 1551 606 1626 Ὠσπερ
649 1554 715 1602 τὰ
760 1553 1036 1623 σπέρματα
1074 1558 1164 1602 τοῦ
1198 1555 1364 1614 σίτοῦ,
1411 1550 1440 1607 ἡ
1484 1557 1583 1599 τῶν
1626 1552 1817 1622 κριθῶν

221 1644 289 1693 τὰ
332 1645 476 1712 νέφη,
511 1645 779 1710 κτίσματα
818 1643 941 1691 ὄντα
973 1656 987 1669 ’
1022 1641 1047 1691 ό
1074 1640 1218 1700 ύετός
1247 1657 1300 1690 τε
1336 1643 1426 1690 καὶ
1458 1639 1484 1690 ό
1515 1638 1654 1698 ἣλιος
1693 1639 1819 1699 ζωο-

1924 484 2149 539 οωιθειὶ
2173 486 2470 555 pronasci,
2501 490 2883 557 praestantius
2906 489 3249 560 quidquam
3264 494 3456 548 caeteri
3471 494 3577 549 ho-

1925 572 2118 628 mines
2146 589 2321 644 agere
2339 574 2652 641 debemus,
2673 576 2912 631 studere
2926 594 3165 648 nempe,
3193 583 3574 647 contendere,

1922 662 2213 723 aemulari,
2273 660 2536 730 diligere,
2588 664 2741 718 bene
2809 667 3171 731 conversari,
3232 668 3292 723 in
3342 668 3461 724 ﬁde
3506 686 3579 727 ac

1923 756 2083 804 metu
2098 751 2313 815 vivere,
2334 750 2486 805 velut
2509 753 2887 808 consecuturi
2904 759 3066 809 tanta
3089 754 3273 820 bona,
3308 763 3363 813 et
3390 761 3575 815 Deum

1922 838 2299 894 heereditario
2325 843 2459 908 jure
2500 842 2838 910 possessuri
2866 859 2876 895 :
2924 843 3214 897 Dominus
3243 848 3399 901 enim
3430 862 3576 915 pars

1923 927 2287 983 hereditatis
2308 940 2445 983 mea
2471 936 2523 984 et
2552 928 2755 985 calicis
2777 933 2892 985 mei
2918 931 2987 985 ⁴⁸.
3016 934 3078 985 Ει
3101 934 3181 987 ita
3204 933 3443 989 intuens
3470 939 3577 991 Do-

1925 1016 2120 1069 minus
2137 1017 2667 1087 propositumillud
2684 1019 2934 1084 bonum,
2952 1035 3021 1074 ac
3052 1020 3445 1088 tolerantiam,
3473 1026 3577 1079 mi-

1924 1104 2311 1159 sericordiam
2340 1120 2512 1159 suam
2544 1109 2791 1161 exserit:
2823 1122 2891 1162 ac
2910 1108 3234 1178 puriﬁcans
3256 1126 3365 1165 nos
3392 1112 3575 1167 verbo

1924 1191 2164 1256 cmlesti,
2187 1199 2414 1247 mentes
2445 1203 2709 1249 mortuas
2733 1210 2803 1249 ac
2832 1195 3193 1266 deperditas,
3222 1213 3328 1267 per
3348 1199 3576 1255 bonam

1924 1282 2192 1351 ipsorum
2206 1283 2614 1351 apostolorum
2632 1286 3139 1339 conversationem
3155 1293 3210 1340 et
3223 1287 3451 1342 doctrin
3461 1304 3547 1343 am
3560 1328 3574 1354 ,

1926 1369 2446 1425 viviﬁcatalteram
2462 1377 2818 1426 creaturam.
2836 1373 3079 1427 Perinde
3111 1390 3181 1429 ac
3206 1375 3437 1431 semina
3460 1376 3579 1431 fru-

1924 1460 2107 1512 menti
2135 1457 2459 1514 authordei
2486 1460 2687 1515 fovent
2706 1462 2920 1531 nubes,
2946 1478 3081 1533 quas
3107 1473 3391 1519 creaturae
3414 1472 3574 1521 sunt.

1927 1545 2129 1600 Pluvia
2157 1561 2401 1619 quoque
2430 1554 2486 1601 et
2520 1548 2608 1602 sol
2647 1549 2950 1604 viviﬁcant
2980 1566 3072 1614 ea,
3105 1566 3243 1606 cum
3265 1552 3576 1622 jubentur.

1927 1634 2449 1697 Quemadmodum
2481 1643 2680 1691 autem
2714 1652 2775 1690 se
2800 1638 2981 1693 habet
3025 1640 3251 1707 lumen,
3282 1643 3445 1711 quod
3472 1659 3579 1714 per

220 1738 442 1783 πονοῦσι
483 1730 808 1801 κελευομινα.
854 1727 1056 1800 “Ωσπιρ
1087 1724 1145 1780 δέ
1190 1727 1303 1779 ἐστι
1336 1736 1440 1799 φῶς
1471 1723 1567 1779 διὰ
1605 1724 1821 1799 θυρίδος

1933 1721 2250 1778 fenestram
2297 1724 2651 1792 ingreditur,
2702 1741 2771 1779 ac
2814 1727 2921 1791 sol,
2954 1728 3058 1797 qui
3098 1744 3203 1798 per
3234 1730 3578 1787 universam

225 1818 612 1892 εἰσερχόμενον,
642 1819 668 1869 ό
700 1814 759 1869 δε
800 1817 943 1879 ἣλιος
983 1817 1072 1890 ὅλῃ
1103 1824 1167 1889 τῇ
1214 1816 1489 1887 οἰκουμένῃ
1535 1817 1627 1876 τάς
1676 1813 1824 1868 ἀκτῖ-

224 1928 310 1969 νας
335 1910 648 1979 ύπαφίησιν,
692 1909 853 1968 οὕτως
886 1902 1021 1964 ἦσαν
1056 1908 1105 1958 οἱ.
1140 1913 1401 1979 προφῆται
1439 1911 1531 1956 τοῦ
1564 1900 1704 1955 ἰδίου
1746 1908 1825 1956 οἵ-

224 2016 317 2049 κου
384 2000 537 2069 μόνον
582 2004 849 2068 φωστῆρες
894 2002 986 2047 τοῦ
1040 1994 1256 2069 Ἰσραήλ
1290 2011 1302 2023 °
1344 1996 1393 2045 οἱ
1435 1990 1491 2045 δὲ
1541 1992 1824 2045 ἀπόστολοι

226 2086 363 2146 ἣλιοι
425 2082 560 2144 ἦσαν
614 2084 957 2157 ἐκλάμποντες
997 2085 1087 2144 τὰς
1118 2082 1326 2144 ἀκτῖνας
1356 2082 1430 2145 εἰς
1470 2082 1564 2134 ὅλα
1588 2086 1654 2134 τὰ
1688 2083 1820 2156 μέρη

223 2183 315 2229 τοῦ
342 2178 566 2247 κόσμου.

314 2298 411 2382 ς’.
458 2304 616 2351 Εστιν
650 2294 739 2349 οὖν
785 2305 853 2368 γῆ
887 2299 934 2348 ἓν
966 2293 995 2368 ᾖ
1028 2304 1332 2349 κατοικοῦσι
1374 2298 1442 2347 τά
1477 2290 1773 2370 τετράποδα
1804 2310 1820 2326 ⁸

224 2394 314 2442 καὶ
367 2390 478 2440 ἔστι
535 2394 600 2458 γῆ
634 2386 685 2439 έν
730 2394 802 2457 τῷ
842 2384 974 2458 ἀέρι,
1024 2386 1074 2437 έν
1177 2403 1523 2458 περιπατοῦσι
1566 2389 1655 2436 καὶ
1689 2387 1822 2446 ζῶσι

224 2481 289 2531 τά
328 2482 502 2552 ὄρντα.
547 2480 647 2528 Καὶ
685 2482 853 2527 ταῦτα
883 2474 966 2527 ἐὰν
1010 2474 1294 2531 θελήσωσιν
1326 2474 1373 2525 έν
1405 2481 1466 2546 τῇ
1509 2481 1575 2545 γῇ
1635 2481 1822 2531 στῆναι

226 2571 256 2626 ἣ
314 2575 695 2641 περιπατῆσαι,
758 2566 948 2636 ἔχουσι
1015 2566 1271 2636 θηρευτὰς
1333 2566 1453 2625 τούς
1508 2570 1823 2636 κρατοῦντας

227 2656 381 2709 αὐτὰ.
413 2656 516 2709 Καὶ
553 2657 665 2707 ἐστι
709 2662 774 2725 γῆ
831 2661 931 2705 τῶν
978 2652 1198 2724 ἰχθύων,
1240 2657 1298 2703 τό
1325 2648 1470 2726 ὕδωρ
1507 2659 1601 2712 τῆς
1633 2651 1823 2703 θαλάσ-

229 2764 349 2811 σης,
390 2750 479 2797 καὶ
532 2747 749 2797 ἑκαστον
782 2742 829 2795 ἐν
957 2748 1098 2813 τόπῳ
1150 2740 1416 2813 ἐγεννήθη,
1470 2746 1559 2793 καὶ
1615 2747 1681 2813 γῇ
1734 2748 1823 2795 καὶ

228 2836 362 2909 ἀέρι,
420 2837 535 2906 ἔχει
593 2840 699 2885 εκεῖ
723 2837 818 2891 τὴν
872 2828 1141 2903 διαγωγὴν
1188 2835 1277 2882 καὶ
1324 2834 1518 2904 τροφὴν
1567 2836 1654 2882 καὶ
1700 2831 1823 2884 ἀνά-

227 2942 441 2978 παυσιν,
476 2923 658 2983 Οὕτως
706 2924 821 2974 ἔστι
849 2928 914 2993 γῆ
961 2925 1051 2973 καὶ
1080 2924 1261 2993 κατρὶς
1294 2922 1571 2985 σατανικὴ,
1613 2919 1672 2970 οὗ
1704 2917 1826 2973 διά-

228 3030 389 3082 γουσι
451 3015 542 3062 καὶ
617 3010 1051 3084 ἐμπεριπατοῦσι,
1128 3013 1218 3059 καὶ
1290 3007 1706 3060 έπαναπαύονται
1771 3011 1825 3059 αἱ

1931 1814 2149 1865 terram
2174 1813 2376 1866 radios
2427 1827 2570 1866 suos
2618 1815 2900 1878 extendit,
2939 1816 3025 1869 sic
3074 1824 3242 1871 erant
3266 1820 3577 1890 prophetae

1929 1898 2250 1954 luminaria
2279 1900 2592 1970 peculiaris
2624 1903 2843 1956 domus
2901 1903 3101 1958 Israel.
3148 1907 3412 1976 Apostoli
3442 1923 3579 1963 vero

1931 1994 2102 2043 erant
2131 1988 2303 2053 soles,
2328 1990 2658 2044 emittentes
2681 1990 2882 2046 radios
2905 1992 2963 2046 in
2998 1994 3342 2049 universam
3370 1996 3579 2052 mundi

1931 2084 2184 2149 partem.

2004 2295 2084 2349 Vl.
2123 2296 2223 2348 Est
2263 2293 2441 2364 igitur
2472 2300 2644 2359 terra,
2700 2293 2761 2349 in
2818 2309 2939 2365 qua
2965 2296 3383 2367 quadrupedia
3413 2298 3582 2356 habi-

1931 2389 2088 2440 tant:
2119 2389 2206 2438 est
2235 2399 2477 2456 quoque
2536 2389 2689 2439 terra
2740 2384 2800 2437 in
2832 2398 2991 2447 aere,
3029 2384 3089 2439 in
3116 2400 3237 2455 qua
3268 2387 3583 2444 ambulant

1930 2488 2001 2529 ac
2034 2473 2239 2527 vivunt
2268 2471 2557 2527 volucres.
2592 2476 2730 2537 Qum
2768 2473 2815 2525 si
2848 2473 3027 2527 velint
3051 2474 3372 2530 consistere
3403 2493 3585 2548 super

1933 2568 2151 2617 terram
2190 2560 2679 2627 etdeambulare,
2708 2560 2933 2616 habent
2976 2566 3309 2629 venatores,
3343 2566 3445 2636 qui
3484 2581 3584 2622 eas

1930 2651 2190 2723 capiant.
2225 2650 2319 2705 Est
2358 2666 2603 2721 quoque
2658 2657 2811 2705 terra
2848 2652 3126 2721 piscium,
3159 2668 3319 2725 aqua
3362 2654 3585 2711 scilicet

1934 2739 2114 2795 maris
2138 2755 2153 2805 ;
2177 2745 2236 2793 at
2256 2740 2754 2810 unumquodque,
2779 2739 2837 2793 in
2855 2756 2977 2811 quo
2998 2740 3129 2796 loco
3152 2740 3329 2797 fuerit
3345 2750 3581 2812 natum,

1933 2830 2055 2883 sive
2087 2828 2147 2882 in
2176 2832 2329 2882 terra
2375 2828 2497 2882 sive
2549 2829 2609 2881 in
2645 2844 2802 2893 aere,
2847 2828 2963 2882 illic
3001 2829 3183 2899 degit,
3215 2834 3469 2887 nutritur
3514 2850 3583 2889 ac

1931 2917 2199 2989 quiescit.
2227 2916 2318 2969 Sic
2339 2931 2580 2987 quoque
2604 2922 2759 2970 terra
2778 2923 2865 2970 est
2886 2919 3079 2987 patria
3105 2921 3359 2985 Satanae,
3378 2922 3440 2976 in
3461 2939 3584 2993 qua

1932 3005 2178 3074 degunt,
2208 3013 2263 3058 et
2284 3005 2652 3058 circumamb
2668 3004 2852 3069 ulant,
2882 3022 2951 3059 ac
2976 3009 3036 3059 in
3062 3022 3184 3076 qua
3205 3010 3586 3078 requiescunt

230 3096 481 3170 δυνάμεις
534 3107 624 3151 τοῦ
659 3105 901 3162 σκότους,
954 3104 1044 3150 καὶ
1094 3100 1161 3149 τὰ
1206 3099 1476 3168 πνεύματα
1527 3104 1621 3157 τῆς
1669 3116 1821 3155 πονη-

1933 3098 2259 3164 potestates
2308 3094 2686 3147 tenebrarum
2737 3100 2794 3147 et
2844 3093 3086 3164 spiritus
3133 3099 3435 3166 nequitiae.
3487 3101 3584 3153 Est

228 3194 347 3262 ρίας
378 3202 392 3217 ⁸
426 3193 515 3240 καὶ
566 3190 678 3239 ἔστι
715 3195 782 3259 γῆ
841 3191 1056 3258 φωτεινὴ
1112 3193 1206 3247 τῆς
1254 3187 1511 3250 θεότητος,
1562 3188 1691 3238 ὅπου
1739 3188 1829 3259 ἑμ-

227 3285 578 3350 περιπατοῦσι
629 3281 719 3328 καὶ
772 3277 1189 3328 ἑπαναπαύονται
1242 3276 1303 3325 πὶ
1350 3275 1674 3348 παρεμϐολαὶ
1725 3285 1825 3327 τῶν

229 3364 462 3438 ἀγγέλων
520 3369 611 3417 καὶ
677 3372 775 3417 τῶν
857 3363 1018 3434 ἁγίων
1074 3365 1396 3433 πνευμάτων.
1470 3369 1571 3417 Καὶ
1621 3366 1736 3417 οὔτε
1792 3367 1821 3423 ἡ

231 3459 469 3513 σκοτεινὴ
521 3461 588 3525 γῆ
644 3460 751 3513 τοῖς
804 3453 1082 3524 ὀφθαλμοῖς
1120 3453 1313 3503 τσύτου
1356 3458 1597 3525 σώματος
1638 3455 1827 3529 ὁραθῆ-

226 3564 334 3613 ναι,
367 3543 397 3602 ἣ
428 3543 806 3614 ψηλαφηθῆναι
845 3539 1067 3593 δύναται
1106 3558 1119 3570 '
1152 3543 1268 3593 οὔτε
1297 3543 1325 3599 ἡ
1354 3550 1420 3612 γῆ
1455 3550 1551 3605 τῆς
1586 3545 1828 3603 θεότητος

227 3635 260 3691 ἠ
348 3637 562 3705 φωτεινὴ
616 3630 945 3703 ψηλαφᾶται,
1027 3631 1057 3689 ἦ
1122 3631 1311 3704 ὁρᾶται
1379 3639 1483 3692 τοῖς
1555 3640 1827 3706 σαρκικοῖς

227 3721 511 3795 ὀφθαλμοῖς
537 3738 549 3750 ·
584 3728 688 3781 τοῖς
716 3717 774 3772 δε
797 3725 1170 3792 πνευματικοῖς
1201 3724 1434 3791 φαίνεται
1475 3728 1547 3792 τῷ
1580 3721 1827 3795 ὀφθαλμῷ

224 3818 324 3874 τῆς
374 3807 621 3886 καρδίας,
679 3814 769 3863 καὶ
815 3811 845 3867 ἡ
902 3813 1157 3867 Σατανικὴ
1217 3827 1309 3861 του
1365 3813 1606 3881 σκότους,
1664 3816 1755 3863 καὶ
1793 3813 1824 3869 ἡ

229 3906 447 3974 φωετινὴ
480 3908 576 3962 τῆς
610 3901 876 3960 θεότητος.

302 4025 378 4080 Ζ’.
418 4024 503 4086 Ὡς
559 4021 618 4077 δε
669 4025 695 4076 ὁ
742 4023 895 4094 λόγος
951 4030 1051 4075 τῶν
1101 4021 1283 4083 ἔξωθεν
1340 4021 1496 4095 λέγει,
1539 4026 1680 4076 ἔστιν
1732 4028 1826 4094 ὅρη

228 4118 444 4189 πύρινα,
492 4115 574 4166 ὄτι
604 4112 708 4165 ἐκεῖ
748 4120 852 4185 πῦρ
882 4114 1015 4177 ἑστι,
1067 4115 1157 4162 καὶ
1209 4112 1352 4162 ἔστιν
1392 4113 1497 4163 ἑκεῖ
1525 4112 1638 4172 ζῶα
1672 4114 1831 4184 ὃμοια

232 4212 342 4264 τοῖς
391 4202 691 4276 προϐάτοις.
747 4204 944 4254 Λοιπὸν
992 4202 1042 4251 οἱ
1089 4201 1390 4272 θηρεύοντες
1440 4204 1576 4253 αὐτὰ
1617 4209 1831 4254 ποιοῦσι

234 4291 491 4366 σιδηροῦς
519 4296 764 4367 τροχοὺς,
792 4295 883 4342 καὶ
930 4287 1211 4363 βᾶλλουσιν
1246 4289 1535 4363 ἄγκιστρα,
1568 4296 1658 4344 καὶ
1698 4295 1829 4363 πέμ.-

229 4402 422 4436 πουσιν
478 4383 546 4444 εἰς
599 4386 657 4435 τό
707 4388 810 4456 πῦρ
838 4376 1022 4437 ἐπειδὴ
1053 4381 1221 4431 ἐκεῖνα
1249 4380 1316 4431 τὰ
1352 4380 1463 4439 ζῶα
1492 4383 1548 4432 τὸ
1579 4388 1683 4455 πῦρ
1715 4383 1831 4451 ἔχει

1932 3197 2175 3254 quoque
2206 3188 2359 3237 terra
2386 3181 2588 3236 lucida
2616 3180 2966 3247 divinitatis,
2999 3182 3059 3236 in
3089 3200 3210 3255 qua
3236 3186 3588 3240 circumam-

1932 3271 2144 3327 bulant
2173 3286 2243 3326 ac
2278 3272 2679 3342 requiescunt,
2719 3278 2918 3326 castra
2947 3277 3003 3325 et
3035 3272 3190 3327 acies
3232 3276 3584 3343 angelorum

1934 3368 1991 3416 et
2021 3366 2367 3415 sanctorum
2394 3360 2726 3430 spirituum.
2757 3366 2942 3431 Atque
2961 3376 3069 3415 nec
3093 3369 3244 3417 terra
3275 3365 3588 3422 tenebrosa

1934 3450 2123 3506 oculis
2155 3449 2335 3519 hujus
2370 3450 2636 3520 corporis
2666 3450 2931 3520 conspici
2972 3458 3075 3505 aut
3103 3455 3453 3508 contrectari
3485 3471 3588 3526 po-

1935 3545 2047 3594 test
2079 3555 2092 3606 ;
2120 3553 2229 3592 nec
2261 3544 2414 3593 terra
2444 3536 2770 3593 divinitatis
2800 3538 3004 3593 lucida
3033 3548 3433 3597 contrectatur
3478 3550 3583 3600 aut

1936 3628 2169 3683 videtur
2212 3625 2397 3681 oculis
2433 3628 2663 3681 carneis
2709 3642 2720 3680 :
2766 3627 3174 3698 spiritualibus
3216 3645 3356 3686 vero
3396 3638 3580 3703 patet,

1935 3716 2109 3773 oculo
2133 3730 2351 3787 nempe
2373 3715 2591 3781 cordis,
2617 3722 2741 3770 tum
2771 3732 2909 3787 quae
2938 3724 3029 3772 est
3057 3717 3293 3774 Satanae
3325 3736 3395 3775 ac
3425 3727 3584 3778 tene-

1935 3807 2203 3873 brarum,
2233 3810 2360 3860 tum
2380 3805 2560 3861 etiam
2598 3821 2735 3876 quae
2766 3811 2856 3860 est
2884 3806 3084 3861 lucida
3116 3822 3186 3861 ac
3217 3808 3448 3864 divina.

2011 4028 2120 4082 VII.
2160 4026 2398 4091 Verum,
2452 4031 2512 4080 ut
2542 4026 2830 4095 profanus
2880 4043 3077 4083 sermo
3120 4031 3413 4098 perhibet,
3447 4040 3588 4087 sunt

1936 4117 2188 4189 quidam
2239 4122 2472 4170 montes
2501 4115 2678 4185 ignei,
2710 4117 2855 4185 quia
2901 4115 3017 4171 illic
3063 4119 3217 4187 ignis
3246 4128 3583 4190 permanet,

1937 4211 2195 4276 suntque
2212 4203 2327 4258 illic
2359 4202 2645 4259 animalia
2673 4205 2890 4260 similia
2910 4205 3143 4261 ovibus.
3179 4209 3464 4265 Caeterum
3495 4226 3588 4266 ve-

1937 4300 2173 4350 natores
2203 4292 2283 4347 ad
2319 4307 2390 4347 ea
2434 4292 2729 4362 capienda
2766 4294 3092 4349 conﬁciunt
3136 4296 3359 4353 ferreas
3400 4307 3586 4369 rotas,

1936 4389 1994 4438 et
2024 4382 2318 4454 projectos
2344 4381 2557 4436 hamos
2582 4382 2821 4437 mittunt
2856 4384 2915 4436 in
2944 4385 3165 4453 ignem,
3202 4388 3588 4460 quandoqui-

231 4472 458 4548 βρῶσιν,
525 4475 583 4524 τὸ
640 4479 745 4545 πῦρ
797 4472 912 4542 ἔχει
965 4476 1141 4534 πόσιν,
1212 4466 1527 4537 ἀνάπαυσιν,
1583 4471 1821 4540 αὔξησιν,

1937 4472 2076 4528 dem
2100 4472 2198 4527 illa
2221 4471 2503 4526 animalia
2533 4472 2731 4541 ignem
2757 4471 2982 4527 habent
3005 4472 3137 4529 loco
3167 4476 3305 4539 cibi,
3334 4480 3586 4549 requiei,

230 4561 396 4626 ζωὴν,
456 4560 570 4612 ἀντὶ
624 4563 829 4613 πάντων
896 4562 955 4611 τὸ
1006 4564 1108 4632 πῦρ
1159 4560 1333 4617 αὐτοῖς
1389 4557 1522 4610 ἐστι.
1584 4566 1682 4611 Καί
1742 4561 1826 4614 ἐὰν

227 4649 500 4720 έξενέγκης
546 4649 682 4702 αύτά
724 4651 790 4709 είς
832 4647 983 4700 ἄλλον
1033 4648 1180 4722 ἀέρα,
1222 4646 1554 4717 ἀπόλλυνται,
1616 4653 1706 4701 καὶ
1761 4653 1829 4703 τὰ

226 4734 501 4806 ἐνδύματα
543 4737 709 4789 αὐτῶν
757 4739 877 4789 ὅταν
923 4738 1163 4811 ῥυπωθῇ,
1195 4757 1262 4798 εις
1305 4741 1361 4788 τό
1406 4732 1549 4810 ὕδωρ
1592 4736 1651 4789 ού
1689 4737 1825 4790 πλύ-

223 4844 426 4889 νονται,
482 4823 609 4876 ἀλλὰ
659 4825 724 4885 εἰς
770 4829 828 4877 τό
881 4834 1005 4899 πῦρ,
1062 4831 1152 4878 καὶ
1202 4831 1435 4897 γίνονται
1485 4828 1827 4901 καθαρώτερα

222 4920 317 4969 καὶ
371 4915 664 4988 λευκότερα.
710 4914 889 4975 Οὕτως
925 4919 1014 4966 καὶ
1054 4917 1101 4967 οἱ
1146 4922 1455 4988 Χριστιανοὶ
1502 4920 1560 4969 τὸ
1605 4918 1825 4989 ἐπουρά-

220 5025 331 5062 νιον
370 5013 474 5079 πῦρ
520 5007 678 5056 έκεῖνο
723 5006 913 5076 ἔχουσι
952 5002 1172 5076 βρῶσιν.
1228 5004 1422 5059 Ἐκεῖνο
1466 5005 1639 5066 αὐτοῖς
1680 5006 1822 5059 ἐστιν

222 5093 523 5156 ἀνάπαυσις
552 5113 564 5126 ⁸
613 5093 773 5146 έκεῖνο
816 5094 1108 5166 καθαρίζει,
1168 5099 1256 5146 καὶ
1295 5093 1490 5161 πλύνει,
1535 5099 1624 5148 καὶ
1670 5094 1823 5167 ἁγιά-

220 5185 301 5246 ζει
340 5184 507 5237 αὐτῶν
561 5187 654 5241 τὴν
713 5178 941 5257 καρδίαν
972 5199 984 5211 ⁸
1029 5183 1189 5233 έκεῖνο
1220 5187 1357 5255 φέρει
1388 5186 1578 5246 αύτοῦς
1627 5184 1695 5244 εἰς
1730 5188 1821 5237 αὖ·

217 5272 375 5337 ξησιν
417 5291 429 5305 ·
480 5272 637 5326 ἐκεῖνο
689 5272 867 5335 αὐτοῖς
915 5274 1054 5325 ἑστιν
1111 5270 1233 5344 ἀὴρ,
1290 5276 1381 5325 καὶ
1414 5273 1545 5333 ζωή.
1612 5271 1708 5327 "Av
1759 5271 1820 5328 δε

215 5361 403 5417 ἓκεῖθεν
454 5362 746 5429 έξέλθωσιν,
823 5360 1136 5415 ἀπόλλυνται
1212 5361 1314 5413 ὑπὸ
1392 5368 1491 5413 τῶν
1568 5371 1818 5439 πονηρῶν

211 5455 540 5527 πνεῦμάτων,
598 5454 771 5529 ὥσπερ
820 5450 926 5506 ἐκεῖ
966 5454 1031 5505 τὰ
1081 5450 1193 5513 ζῶα
1219 5449 1534 5525 ἓξερχόμενα
1571 5451 1672 5506 ἀπὸ
1721 5460 1816 5506 τοῦ

286 5640 337 5678 ⁸⁸
364 5640 526 5699 Psal.
556 5655 678 5712 xvr,
717 5643 777 5701 3.

1937 4560 2307 4627 incrementi,
2339 4562 2491 4625 vitae,
2519 4560 2789 4615 omnium
2822 4562 3081 4633 denique
3118 4562 3251 4619 loco
3283 4566 3440 4635 ignis
3469 4568 3586 4624 illis

1938 4656 2044 4707 est.
2062 4652 2142 4705 Ac
2167 4650 2214 4704 si
2243 4648 2562 4704 transferas
2588 4648 2851 4705 eaalium
2873 4651 2931 4704 in
2964 4667 3184 4722 aerem,
3216 4663 3466 4724 pereunt
3491 4679 3503 4711 :
3528 4661 3587 4713 et

1934 4739 2284 4795 indumenta
2314 4737 2569 4803 illorum,
2604 4740 2652 4792 si
2695 4739 2910 4794 fuerint
2936 4741 3212 4796 sordibus
3246 4743 3586 4817 inquinata,

1933 4844 2094 4899 aqua
2119 4843 2239 4882 non
2271 4826 2568 4890 eluuntur,
2604 4827 2709 4881 sed
2753 4827 2894 4898 igni,
2928 4829 3196 4900 ﬁuntque
3240 4848 3482 4902 puriora
3511 4852 3583 4892 ac

1933 4916 2313 4973 candidiora:
2347 4918 2428 4970 sic
2457 4930 2701 4987 quoque
2730 4918 3040 4973 Christiani
3078 4926 3381 4976 caelestem
3414 4923 3579 4982 illum

1931 5008 2130 5078 ignem
2158 5004 2383 5061 habent
2422 5004 2545 5059 vice
2576 5004 2861 5071 alimenti,
2891 5006 2986 5061 ille
3016 5008 3163 5079 ipsis
3205 5016 3293 5065 est
3322 5016 3583 5084 requies,

1931 5096 2025 5151 ille
2057 5098 2367 5166 expurgat,
2391 5092 2570 5159 lavat,
2590 5101 2646 5149 et
2674 5096 3006 5151 sanctiﬁcat
3042 5112 3145 5152 cor
3172 5098 3411 5156 illorum
3442 5118 3454 5157 :
3484 5104 3578 5160 ille

1930 5184 2155 5257 praebet
2176 5182 2260 5239 eis
2281 5189 2703 5261 argumentum
2734 5202 2747 5242 :
2773 5184 2868 5239 ille
2896 5187 2977 5239 eis
3009 5192 3095 5242 est
3124 5202 3225 5243 aer
3253 5196 3309 5245 et
3343 5190 3487 5249 vita.
3523 5194 3581 5249 Si

1928 5288 2069 5329 vero
2099 5272 2236 5328 inde
2256 5272 2656 5341 egrediantur,
2679 5271 3108 5330 interﬁciuntur
3127 5292 3163 5331 a
3184 5279 3385 5348 pravis
3415 5280 3581 5352 spirj.

1927 5361 2107 5427 tibus,
2122 5360 2279 5417 velut
2292 5359 2375 5416 ibi
2389 5359 2676 5418 animalia
2689 5362 2813 5433 igni
2834 5364 3110 5433 egredien
3119 5368 3195 5423 tia
3216 5368 3572 5436 moriuntur,

1928 5449 2086 5508 velut
2118 5450 2310 5521 pisces
2343 5465 2507 5524 aqua
2543 5450 2932 5524 egredientes,
2966 5453 3126 5513 velut
3154 5456 3571 5530 quadrupedia
