4148 6262
535 259 647 316 575

537 386 823 443 animalia
844 386 904 440 in
928 399 1090 440 mare
1112 382 1375 455 projecta
1404 380 1805 439 suffocantur:
1844 380 2005 436 velut
2033 380 2193 436 volu-

539 490 669 530 cres
703 474 1082 530 ambulantes
1106 488 1285 542 super
1316 478 1530 526 terram
1560 470 1884 539 capiuntur
1907 469 1983 523 ab
2008 486 2193 523 aucu-

541 564 755 635 pibus:
790 563 877 617 sic
907 577 1149 634 quoque
1185 561 1409 625 anima,
1457 575 1592 630 quae
1624 574 1743 613 non
1779 565 2091 630 permanet
2132 557 2191 611 in

537 656 713 717 terra,
748 652 847 706 illa
872 650 1197 706 suffocatur
1219 656 1274 703 et
1303 649 1484 719 perit:
1519 652 1575 701 et
1606 648 1716 701 nisi
1744 647 1964 701 habeat
1993 648 2192 716 ignem

536 741 699 796 illum
715 741 986 795 divinum
1004 739 1135 793 loco
1150 738 1495 808 cibi,potus,
1514 737 2020 798 indumentorum,
2036 735 2193 806 puri-

534 829 831 884 ﬁcationis
854 827 1071 894 cordis,
1091 833 1144 880 et
1162 824 1653 879 sanctiﬁcationis
1674 826 1908 887 animae,
1926 838 2193 893 compre-

533 917 815 972 henditur
866 917 944 971 ab
993 914 1282 984 improbis
1334 914 1661 983 spiritibus,
1714 928 1783 967 ac
1842 913 2008 982 perit.
2069 913 2189 967 Nos

532 1012 733 1061 autem
778 1006 1038 1059 studiose
1070 1004 1472 1074 inquiramus,
1502 1018 1648 1056 num
1696 1001 1968 1055 seminati
2002 1001 2190 1056 simus

530 1093 590 1148 in
624 1094 902 1149 invisibili
935 1093 1033 1147 illa
1059 1099 1231 1155 terra,
1257 1108 1326 1147 ac
1352 1090 1603 1163 plantati
1635 1091 1692 1145 in
1733 1089 1953 1145 caelesti
1996 1090 2185 1145 vinea.

531 1182 726 1239 Gloria
758 1181 1240 1237 miserationibus
1274 1180 1403 1251 ejus
1437 1180 1497 1234 in
1531 1184 1842 1234 aeternum.
1873 1182 2078 1233 Amen.

1071 1466 1181 1537 52
1229 1464 1513 1521 HOMILIA
1553 1468 1659 1520 xv.

525 1574 703 1629 Docet
720 1572 967 1628 homitia
992 1572 1106 1627 haec
1126 1573 1381 1641 prolixe,
1408 1588 1523 1643 quo
1540 1579 1719 1641 pacto
1741 1572 1943 1629 anima
1966 1575 2026 1630 in
2047 1592 2187 1632 san-

603 1645 816 1709 ctitate,
850 1645 1110 1699 castitate
1143 1659 1212 1699 ac
1236 1646 1503 1711 puritate
1532 1660 1674 1713 erga
1706 1659 1977 1712 sponsum
2013 1663 2184 1704 suum

600 1716 902 1771 Christum
922 1716 1141 1779 Jesum,
1157 1714 1523 1769 Servatorem
1543 1716 1768 1779 mundi,
1788 1730 1847 1770 se
1867 1732 2071 1784 gerere
2092 1720 2187 1775 de~

598 1787 741 1842 beat.
779 1786 1048 1841 Continet
1080 1801 1210 1840 vero
1241 1787 1529 1855 quasdam
1562 1786 1909 1856 qumstiones
1956 1804 2186 1847 summa

594 1858 870 1912 doctrina
900 1858 1171 1925 refertas,
1210 1858 1505 1921 videlicet,
1548 1865 1749 1910 utrum
1783 1859 1844 1911 in
1884 1874 2187 1916 resurrec-

599 1929 755 1984 tione
784 1930 983 1983 omnia
1010 1928 1274 1983 membra
1302 1934 1637 1997 resurgant,
1667 1936 1718 1983 et
1742 1930 1894 1983 alias
1917 1930 2185 1997 infinitas

594 2002 666 2055 de
700 2003 860 2062 vitio,
890 2000 962 2073 de
993 2001 1217 2073 gratia,
1242 2000 1314 2073 de
1340 2000 1618 2055 libertate
1642 1999 1883 2055 arbitrii
1911 2012 1965 2057 et
1996 2003 2186 2073 digni-

601 2079 723 2127 tate
755 2070 987 2141 genei'is
1022 2071 1297 2126 humani.

593 2319 637 2372 Ι.
669 2316 1195 2382 Quemadmodum
1220 2317 1305 2371 vir
1325 2316 1597 2387 quidam,
1633 2317 1964 2373 admodum
1992 2320 2183 2389 dives,

520 2422 623 2462 rex
659 2407 922 2469 illustris,
958 2407 1006 2460 si
1054 2405 1377 2460 delectetur
1421 2405 1644 2461 femina
1692 2423 1976 2477 paupere,
2039 2408 2181 2465 nihil

522 2500 924 2567 praeterquam
944 2510 1159 2564 corpus
1182 2510 1359 2547 suum
1380 2494 1744 2564 possidente,
1760 2495 2185 2567 ejusqueama-

522 2588 613 2639 tor
644 2584 767 2649 ﬁat,
791 2598 860 2637 ac
889 2581 1022 2636 velit
1043 2598 1177 2636 eam
1212 2581 1323 2635 sibi
1350 2582 1409 2635 in
1443 2598 1730 2652 sponsam
1765 2600 1833 2637 ac
1860 2586 2180 2655 conjugem

522 2687 835 2727 assumere
860 2687 878 2727 :
909 2670 1007 2725 illa
1033 2676 1239 2725 contra
1260 2686 1503 2725 omnem
1525 2670 2006 2727 benevolentiam
2036 2691 2183 2746 prae-

522 2766 637 2816 stat
670 2762 816 2829 viro,
849 2775 1261 2831 amoremque,
1294 2776 1413 2830 quo
1446 2775 1584 2814 eum
1616 2763 2018 2831 prasequitur,
2044 2780 2181 2819 con—

522 2855 717 2903 servat
751 2864 923 2902 :ecce
953 2864 1181 2918 pauper
1214 2847 1316 2903 illa
1347 2864 1415 2903 ac
1449 2864 1660 2917 egena,
1690 2865 1825 2919 quae
1862 2851 2009 2905 nihil
2041 2867 2181 2923 pos-

522 2938 691 3001 sidet,
723 2936 999 2991 omnium
1056 2936 1356 2992 bonorum
1392 2938 1497 2991 viri
1539 2938 1631 2991 sui
1679 2938 1743 2991 ﬁt
1790 2938 2039 2995 domina
2074 2956 2086 2992 :
2132 2942 2178 2995 si

518 3042 652 3082 vero
681 3026 825 3097 quid
861 3032 1074 3096 praeter
1128 3026 1413 3081 decorum
1449 3042 1517 3081 ac
1565 3025 1833 3081 ofﬁcium
1865 3030 2178 3085 commise-

516 3116 608 3183 rit,
644 3131 753 3170 nec
780 3117 1200 3170 convenienter
1231 3132 1300 3170 ac
1330 3115 1609 3170 decenter
1641 3120 1699 3170 in
1726 3117 1910 3172 domo
1951 3119 2058 3173 viri
2087 3128 2177 3177 sui

513 3211 747 3260 versata
794 3204 990 3272 fuerit,
1027 3210 1168 3259 tunc
1217 3221 1353 3259 cum
1385 3204 1636 3259 infamia
1680 3220 1749 3260 ac
1810 3208 2177 3263 contumelia

516 3294 765 3364 ejicitnr,
786 3293 1086 3348 ambabus
1110 3293 1390 3347 manibus
1408 3293 1590 3364 capiti
1608 3292 1942 3365 impositis:
1971 3312 2178 3367 quem-

514 3384 845 3438 admodum
887 3388 942 3435 et
978 3382 1037 3435 in
1084 3381 1214 3450 lege
1246 3382 1457 3452 Moysis
1502 3383 1758 3437 obscure
1804 3385 2072 3440 innuitur
2101 3385 2177 3440 de

514 3469 761 3524 muliere
810 3468 1171 3535 refractaria,
1208 3484 1344 3539 quae
1374 3470 1503 3524 viro
1543 3486 1651 3525 suo
1694 3472 1840 3525 nihil
1873 3474 2176 3528 commodi

512 3557 935 3629 praestaLTum
961 3556 1206 3611 demum
1229 3557 1329 3612 illa
1358 3558 1628 3613 dolorem
1652 3574 1720 3614 ac
1742 3560 1963 3615 luctum
1990 3564 2172 3618 maxi.

514 3663 683 3702 mum
715 3646 985 3711 sustinet,
1016 3662 1153 3699 cum
1187 3661 1388 3699 secum
1422 3648 1733 3718 perpendit
1754 3651 1994 3719 quantis
2017 3651 2176 3705 divi-

512 3735 606 3791 tiis
636 3735 933 3798 exciderit,
959 3749 1081 3805 qua
1113 3733 1300 3802 gloria
1332 3734 1404 3788 sit
1430 3735 1682 3806 privata,
1714 3743 2058 3809 contempta
2084 3740 2163 3794 ob

513 3824 879 3880 dementiam
919 3839 1118 3878 suam.

583 3932 649 3986 ll.
686 3932 776 3987 Sic
802 3945 1044 4001 quoque
1075 3930 1298 3994 anima,
1335 3930 1505 4001 cujus
1537 3931 1908 3986 connubium
1943 3933 2176 4004 petierit

510 4021 763 4079 caelestis
787 4020 1057 4091 Sponsus
1088 4020 1354 4075 Christus
1377 4020 1437 4075 in
1469 4020 1785 4092 mysticam
1816 4038 1884 4077 ac
1906 4024 2174 4078 divinam

508 4111 853 4167 societatem
872 4125 1065 4173 suam,
1088 4115 1267 4179 atque
1285 4110 1611 4177 gustaverit
1628 4110 1898 4166 caelestes
1919 4113 2172 4178 divitias,

508 4216 733 4269 magna
762 4200 822 4253 in
852 4198 1158 4268 diligentia
1190 4204 1369 4268 atque
1413 4198 1670 4266 ingenue
1714 4201 1949 4271 placere
1999 4202 2176 4273 debet

508 4306 617 4344 suo
668 4289 901 4359 Sponso
934 4287 1183 4357 Christo,
1231 4294 1288 4342 et
1318 4288 1713 4343 ministerium
1747 4289 2019 4360 spiritum
2062 4290 2173 4346 sibi

505 4378 913 4433 concreditum
942 4376 1220 4431 decenter
1258 4380 1314 4430 et
1339 4377 1766 4432 convenienter
1804 4378 2071 4448 implere,
2110 4384 2173 4434 ut

508 4467 741 4539 placeat
764 4469 880 4521 Deo
905 4466 962 4519 in
985 4465 1293 4530 omnibus,
1311 4470 1367 4519 et
1388 4465 1670 4536 Spiritum
1691 4467 1753 4520 in
1772 4466 1937 4521 nulla
1955 4483 2015 4521 re
2028 4484 2173 4523 con-

508 4556 712 4627 tristet,
734 4572 802 4611 ac
827 4556 1180 4627 praeclaram
1204 4569 1347 4623 erga
1370 4554 1536 4609 illum
1562 4555 1926 4610 modestiam
1950 4562 2005 4610 et
2025 4555 2170 4611 dile-

506 4647 763 4701 ctionem
797 4645 1076 4699 decenter
1107 4650 1438 4711 conservet,
1470 4649 1650 4715 atque
1684 4643 1740 4697 in
1774 4646 1956 4699 domo
1996 4644 2168 4700 caele-

508 4736 611 4790 stis
634 4735 807 4802 Regis
834 4740 988 4789 recte
1012 4741 1413 4801 conversetur,
1439 4734 1632 4804 sitque
1667 4748 1952 4787 concessa
1977 4734 2168 4805 gratia

502 4823 619 4893 ipsi
650 4824 709 4877 in
748 4824 1031 4878 omnibus
1064 4829 1233 4892 grata
1265 4828 1321 4877 et
1366 4829 1633 4893 accepta.
1679 4824 1820 4877 Ecce
1871 4822 2165 4893 ejusmodi

505 4912 707 4968 anima
730 4912 999 4965 omnium
1023 4910 1254 4964 Domini
1273 4912 1570 4965 bonorum
1592 4910 1841 4966 domina
1858 4912 2162 4966 constitui-

502 5006 613 5066 tur,
643 5007 819 5070 atque
846 5000 974 5070 ipse
1003 4998 1287 5069 splendor
1307 5000 1637 5053 divinitatis
1662 5015 1883 5069 corpus
1903 5001 2030 5071 ejus
2060 5016 2163 5055 ex-

501 5090 668 5145 sistit.
703 5089 760 5143 Si
787 5102 922 5141 vero
948 5086 1095 5157 quid
1122 5087 1429 5150 aberrarit,
1451 5103 1519 5141 ac
1536 5089 1681 5143 citra
1712 5088 2000 5143 decorum
2031 5105 2159 5159 ege-

498 5180 573 5237 rit
596 5176 742 5250 quid
791 5176 850 5230 in
898 5175 1229 5231 ministerio
1280 5193 1411 5241 suo,
1470 5192 1577 5230 nec
1609 5182 1776 5245 grata
1825 5179 1875 5232 ei
1925 5177 2149 5246 fecerit,

499 5285 609 5326 nec
643 5266 931 5322 voluntati
962 5266 1088 5336 ejus
1121 5265 1407 5336 paruerit,
1442 5280 1635 5335 neque
1667 5273 1988 5336 cooperata
2018 5282 2156 5322 cum

500 5358 695 5430 gratia
733 5355 987 5427 Spiritus
1027 5370 1229 5409 secum
1279 5353 1588 5410 habitante
1619 5353 1806 5423 fuerit,
1842 5361 1983 5410 tunc
2032 5371 2155 5411 non

498 5449 730 5520 absque
761 5443 1122 5500 contumelia
1149 5459 1219 5499 ac
1260 5444 1573 5507 dedecore,
1620 5443 1850 5498 honore
1891 5446 2149 5510 exuitur,

496 5555 565 5595 ac
579 5539 845 5609 privatur
857 5535 974 5590 vita
991 5541 1279 5608 tanquam
1301 5532 1521 5588 inutilis
1536 5532 1763 5597 effecta,
1785 5532 2151 5605 minimeque

494 5633 639 5705 apta
681 5624 949 5683 societati
996 5622 1248 5682 ccelestis
1281 5622 1478 5693 Regis.
1510 5622 1588 5678 Ac
1620 5621 1862 5679 tandem
1903 5628 2149 5695 propter

1846 255 1904 311 S.
1950 254 2246 311 MACARII
2288 252 2593 309 EGYPTII

3801 257 3912 316 576

2224 381 2269 435 Α
2306 382 2467 450 πυρὸς
2497 379 2834 443 ἀποθνήσκει,
2868 379 3039 453 ὥσπερ
3078 383 3126 432 οἱ
3168 380 3351 453 ἰχθύες
3392 380 3491 433 ἀπὸ
3530 390 3630 435 τῶν
3672 380 3904 449 ύδάτών,

2304 468 2475 539 ὥσπερ
2526 470 2613 519 τάκ
2643 463 2942 540 τετράποδα
2996 468 3105 528 ζῶα
3154 466 3443 542 βαλλόμενα
3470 471 3542 533 εἰς
3572 476 3664 530 τὴν
3712 472 3909 524 θάλασ-

2307 575 2401 607 σαν
2456 560 2710 626 πνίγεται,
2770 558 2943 629 ὥσπερ
3008 560 3073 609 τὰ
3121 562 3327 611 πετεινά
3390 569 3775 633 περιπατοῦντα
3832 562 3906 625 εἰς

2302 648 2395 701 τὴν
2437 652 2535 713 γῆν
2582 648 2861 714 κατέχεται
2891 646 2991 696 ὑπὸ
3045 654 3144 697 τῶν
3197 649 3475 721 θηρευτῶν,
3527 650 3687 710 οὕτως
3737 657 3825 703 καὶ
3870 654 3899 709 ἡ

2301 732 2455 803 ψυχὴ
2502 735 2529 790 ὴ
2562 737 2633 804 μὴ
2675 736 2904 803 μένουσα
2956 736 3004 784 ἓν
3053 743 3113 805 τῇ
3166 744 3232 807 γῇ
3297 736 3486 809 ἐκείνῃ,
3550 745 3901 812 συμπνίγεται

2302 827 2390 872 καὶ
2443 820 2747 874 ἀπόλλυται.
2802 826 2902 873 Καὶ
2959 826 3041 873 ἐὰν
3099 830 3171 895 μὴ
3227 827 3326 897 ἔχη
3384 830 3439 876 τὸ
3485 836 3586 900 πῦρ
3642 827 3801 881 ἐκεῖνο
3845 833 3901 881 τὸ

2303 913 2468 961 θείκὸν
2520 909 2632 961 ἀντὶ
2688 906 2931 982 βρώσεως
2978 918 3067 962 καὶ
3098 919 3296 974 πόσεως
3332 919 3419 966 καὶ
3454 912 3775 988 ἐνδυμάτων,
3807 923 3899 970 καὶ

2300 1001 2630 1072 καθαρισμοῦ
2677 994 2920 1069 καρδίας,
2958 1005 3045 1051 καὶ
3093 1001 3359 1073 ἀγιασμου
3405 1002 3613 1075 ψυχῆς,
3672 1010 3893 1078 κατέχε-

2298 1107 2383 1139 ται
2425 1090 2525 1139 ὑπὸ
2564 1096 2662 1138 τών
2702 1097 2936 1161 πονηρῶν
2991 1092 3312 1162 πνευμάτων,
3365 1098 3454 1144 καὶ
3513 1090 3893 1169 διαφθείρεται·

2297 1176 2471 1248 Ἡμεῖς
2509 1174 2566 1228 δε
2606 1181 2698 1228 σὺν
2744 1174 2952 1249 σπουδῇ
3012 1179 3347 1253 ζητήσωμεν,
3400 1182 3442 1233 εἰ
3502 1184 3797 1256 ἐσπάρημεν
3847 1183 3896 1236 ἓν

2298 1273 2358 1336 τῇ
2416 1266 2618 1339 ἀοράτῳ
2653 1274 2717 1337 γῇ
2771 1266 2956 1330 ἐκείνη,
3003 1274 3092 1319 xui
3139 1272 3483 1343 ἐφυτεύθημεν
3538 1272 3587 1323 ἐν
3639 1280 3701 1345 τῇ
3744 1272 3897 1325 ἐπον-

2296 1359 2455 1425 ρανίῳ
2504 1354 2729 1426 ἀμπέλῳ.
2777 1356 2910 1417 Δόξα
2963 1364 3070 1417 τοῖς
3119 1358 3408 1434 οἰκτιρμοῑς
3460 1360 3647 1414 αὐτοῦ.
3708 1362 3897 1434 Ἀμήν.

2901 1462 3145 1516 ΟΜΙΛΙΑ
3180 1465 3278 1521 ΙΕ’.

2298 1564 2606 1640 Διδάσκει
2633 1567 2791 1640 αὕτη
2833 1570 2862 1626 ἡ
2908 1570 3128 1640 ὁμιλία
3158 1569 3269 1624 διὰ
3308 1572 3573 1639 πολλῶν,
3617 1584 3745 1637 πῶς
3782 1581 3898 1634 τὴν

2365 1639 2585 1709 ψυχὴν
2635 1638 2691 1689 ἐν
2732 1638 3039 1711 ἁγιότητι
3078 1649 3186 1694 xui
3226 1638 3669 1714 ἁγνότητικαί
3709 1647 3900 1700 κάθα-

2366 1730 2593 1783 ροτητι
2624 1715 2773 1784 πρός
2805 1716 2908 1763 τόν
2938 1720 3210 1785 νυμφίον
3242 1717 3437 1777 αὐτῆς
3470 1725 3753 1790 Χριστόν
3786 1720 3899 1776 Ἰη-

2370 1791 2517 1833 σοῡν
2571 1788 2674 1833 τόν
2724 1791 2982 1862 Σωτῆρρι
3028 1794 3137 1837 τοὺ
3169 1792 3435 1859 κόσμου,
3480 1787 3606 1862 χρὴ
3651 1787 3899 1842 διακεῖ-

2372 1856 2549 1925 σθαι.
2598 1860 2865 1925 Συνέχει
2907 1853 2987 1907 δέ
3047 1876 3227 1920 τινας
3297 1853 3610 1922 ζητήσέις
3662 1862 3901 1922 πολλῆς

2370 1922 2811 2007 διδασκαλίας
2891 1932 3232 2007 γεμούσας,
3293 1928 3542 1990 δηλαδὴ
3594 1932 3645 1986 εἰ
3690 1936 3748 1984 ἐν
3810 1943 3894 2007 ,τῇ

2370 1997 2716 2049 ἀναστάσει
2747 1998 2857 2049 ὅλα
2887 1997 3142 2071 τά-μέλη
3186 2002 3602 2071 ἀνίσταντοι;
3642 2010 3759 2057 Καὶ
3791 1997 3901 2056 ἅλ’-

2368 2069 2481 2148 λας
2507 2074 2733 2141 μυρίας
2762 2076 2910 2148 περι
2946 2069 3054 2122 τοῦ
3093 2081 3313 2137 κακοῦ,
3344 2069 3596 2148 καὶτῆς
3626 2081 3897 2148 χάριτος

2367 2146 2473 2192 καὶ
2548 2150 2655 2192 τοῦ
2722 2143 3167 2209 αύτεξουσίου,
3226 2151 3333 2197 καὶ
3387 2155 3501 2208 τῆς
3541 2143 3897 2211 ἀξῖότήτος

2368 2220 2474 2263 τοῦ
2529 2218 2752 2283 γένους
2783 2222 2897 2265 τῶν
2926 2214 2996 2265 ἀν
3018 2218 3319 2287 θρωπων.

2368 2309 2446 2364 Α’.
2492 2309 2690 2385 ’Ὠσπερ
2744 2309 2871 2385 ἀνὴρ
2932 2332 3010 2373 τις
3062 2312 3311 2374 πλούσιος
3368 2312 3592 2390 σφόδρα,
3638 2315 3899 2387 βασιλεὺς

2296 2394 2521 2463 ἔνδοξος,
2583 2400 2669 2450 ἐὰν
2715 2396 2982 2472 εύδοκὴση
3035 2399 3118 2452 ἐπὶ
3174 2408 3385 2471 γυναικὶ
3446 2410 3673 2477 πενιχρᾴ
3723 2403 3894 2476 μηδὲν

2295 2492 2602 2561 κεκτημένῃ,
2670 2488 2712 2539 εἰ
2761 2493 2831 2559 μὴ
2864 2495 3017 2560 μόνον
3074 2494 3130 2541 τὸ
3180 2488 3320 2542 ἴδιον
3372 2500 3543 2564 σῶμα,
3585 2499 3673 2545 καὶ
3704 2496 3893 2556 ταύτης

2295 2575 2515 2648 ἐραστὴς
2567 2580 2801 2647 γένηται,
2878 2583 2967 2629 καὶ
3023 2577 3259 2651 βουληθῇ
3329 2580 3490 2652 ἐαυτῷ
3547 2584 3751 2654 νύμφην
3802 2590 3893 2636 καὶ

2294 2684 2532 2717 σανοικον
2579 2666 2742 2723 αὐτὴν
2799 2665 3113 2738 ἀγαγέσθαι,
3188 2668 3395 2742 κάκείνη
3478 2672 3652 2722 λοιπόν
3717 2678 3891 2723 πᾶσαν

2292 2756 2487 2805 εὔνοιαν
2545 2751 2867 2805 ἐνδείκνυται
2914 2763 2984 2824 τῷ
3040 2753 3213 2831 ἀνδρὶ,
3265 2762 3353 2809 xui
3402 2762 3495 2816 τὴν
3552 2763 3679 2833 πρὸς
3730 2761 3891 2812 αὐτὸν

2292 2841 2498 2913 ἀγάπην
2539 2843 2892 2903 ἀποσώζουσα
2933 2861 2945 2872 ·
2992 2840 3107 2896 ἰδού
3155 2847 3183 2903 ἡ
3220 2850 3446 2918 πενιχρὰ
3481 2849 3642 2905 ἐκείνη
3677 2853 3764 2898 και
3808 2847 3888 2898 ἐν-

2292 2927 2435 2994 δεὴς,
2469 2934 2498 2989 η
2527 2928 2691 3002 μηδὲν
2735 2937 3045 3004 κεκτημένη,
3088 2936 3291 2985 πάντων
3339 2934 3595 2988 δέσποινα
3626 2938 3889 3008 τυγχάνει

2289 3028 2386 3070 τῶν
2426 3028 2514 3072 τοῦ
2568 3018 2759 3095 ἀνδρὸς
2800 3022 2964 3083 αὐτῆς
3008 3024 3374 3094 ὑπαρχόντων,
3409 3025 3525 3077 Ἐὰν
3568 3023 3625 3077 δέ
3653 3044 3705 3077 τι
3744 3029 3889 3100 παρὰ

2211 3103 2250 3160 C
2288 3114 2345 3160 τό
2400 3106 2514 3161 δέον
2554 3114 2642 3162 καὶ
2683 3109 3002 3182 ὀφειλόμενον
3043 3112 3243 3184 πραξη,
3291 3118 3380 3164 καὶ
3424 3119 3494 3185 μὴ
3553 3114 3889 3186 ἁρμοζόντως

2289 3198 2674 3271 ἀναστρέφηται
2720 3198 2767 3250 ἐν
2834 3208 2906 3270 τῷ
2950 3203 3075 3271 οἴκῳ
3124 3209 3215 3252 τοῦ
3284 3198 3477 3276 ἀνδρὸς
3532 3204 3721 3270 αὐτῆς,
3774 3206 3889 3256 τότε

2287 3291 2417 3359 μετά
2447 3288 2655 3360 ἀτιμίας
2694 3293 2779 3339 xui
2831 3288 3025 3362 ὕϐρεως
3073 3289 3393 3356 ἐκϐάλλεται,
3427 3294 3516 3351 τὰς
3548 3288 3645 3344 δύο
3699 3300 3889 3365 χεῖρας

2288 3376 2371 3428 ἐπὶ
2426 3396 2516 3436 της
2594 3376 2815 3448 κεφαλῆς
2884 3380 3051 3443 θεῖσα,
3103 3380 3333 3450 καθάπερ
3384 3385 3473 3431 καὶ
3515 3380 3563 3431 ἐν
3624 3390 3696 3451 τῷ
3744 3386 3884 3453 νόμῳ

2286 3470 2514 3525 Μωσέως
2560 3466 2833 3518 αἰνίττεται
2884 3472 3001 3538 περὶ
3055 3472 3303 3537 γυναικὸς
3352 3468 3733 3537 ἀνυποτάκτου,
3796 3476 3888 3523 καὶ

2286 3559 2356 3626 μὴ
2398 3557 2836 3629 χρησιμευούσης
2885 3564 2956 3626 τῷ
2983 3556 3141 3616 αὐτῆς
3179 3553 3352 3628 ἀνδρί.
3412 3564 3511 3611 Καὶ
3554 3564 3669 3611 τότε
3701 3560 3887 3611 λοιπὸν

2287 3641 2478 3701 ὀδύνην
2517 3650 2605 3695 καὶ
2654 3647 2836 3705 πένθος
2886 3644 3130 3716 μέγιστον
3183 3652 3398 3711 κτᾶται,
3454 3648 3783 3720 λογιζομένη,
3828 3648 3881 3711 ἐξ

2285 3737 2395 3785 οῖου
2438 3733 2661 3784 πλούτου
2689 3732 2912 3797 ἐξέπεσε,
2968 3739 3057 3785 καὶ
3094 3734 3205 3794 οἰας
3240 3731 3401 3797 δόξης
3454 3735 3597 3798 ἐκτὸς
3654 3742 3883 3809 γέγονεν,

2286 3822 2638 3894 ἀτιμασθείσα
2673 3820 2765 3873 δ’ιά
2789 3827 2879 3880 τὴν
2908 3822 3202 3894 ἀφροσύνην
3234 3824 3418 3886 αὐτῆς.

2356 3932 2427 3983 B’.
2459 3929 2610 3981 Ούτω
2639 3934 2728 3981 καὶ
2770 3928 2923 4000 ψυχὴ
2962 3932 3022 3988 ἦν
3075 3931 3135 3981 ἄν
3177 3935 3576 4001 μνηστεύσηται
3622 3935 3825 4005 νύμφην
3859 3935 3885 3984 ό

2286 4020 2586 4095 ἐπουράνιος
2610 4024 2825 4091 νυμφίος
2857 4022 3106 4092 Χριστὸς,
3140 4023 3268 4093 πρὸς
3321 4026 3415 4079 τὴν
3472 4022 3655 4074 ἑαυτοῦ
3685 4041 3882 4094 μυστι-

2285 4115 2379 4168 κὴν
2425 4114 2513 4160 καὶ
2569 4110 2706 4160 θείαν
2758 4112 3046 4176 κοινωνίαν,
3126 4114 3214 4160 καὶ
3254 4112 3508 4179 γεύσηται
3574 4110 3880 4184 ἐπουρανίου

2286 4198 2529 4267 πλούτου,
2576 4196 2622 4248 ἐν
2666 4197 2823 4268 πολλῇ
2887 4193 3095 4269 σπουδῇ
3136 4203 3372 4268 γνησίως
3425 4199 3658 4273 ἀρέσκειν
3696 4200 3885 4272 ὀφείλει

2283 4296 2352 4358 τῷ
2384 4288 2538 4346 αὐτῆς
2575 4293 2840 4358 μνηστῆρι
2882 4293 3112 4359 Χριστῷ,
3159 4292 3249 4339 καὶ
3309 4293 3401 4347 τὴν
3442 4296 3531 4340 τοῦ
3585 4292 3883 4360 Πνεύματος

2284 4374 2573 4441 διακονίαν,
2634 4377 2693 4433 ἦν
2734 4373 3160 4445 ἐμπεπίστευται,
3215 4373 3429 4439 δεόντως
3482 4382 3571 4428 καὶ
3629 4378 3882 4449 ἁρμοζόν-

2207 4463 2247 4516 Ι)
2281 4485 2375 4525 τως
2406 4464 2712 4536 ἐκπληροῦν,
2762 4472 2833 4534 τῷ
2866 4462 3100 4536 ἀρέσκειν
3140 4465 3209 4535 τῷ
3264 4473 3377 4518 Θεῶ
3418 4465 3464 4515 ἐν
3504 4472 3655 4530 πᾶσι,
3698 4473 3788 4518 καὶ
3828 4470 3885 4518 τὸ

2282 4561 2489 4626 Πνεῦμα
2545 4552 2592 4604 ἐν
2622 4548 2811 4625 μηδενὶ
2858 4552 3052 4619 λυπεῖν,
3111 4558 3199 4604 καὶ
3255 4557 3346 4611 τὴν
3372 4553 3531 4611 καλὴν
3564 4557 3692 4624 πρὸς
3724 4555 3885 4607 αὐτόν

2283 4645 2619 4716 σωφροσύνην
2682 4642 2772 4693 καί
2840 4641 3049 4713 ἀγάπην
3106 4648 3475 4716 προσηκόντως
3538 4650 3733 4714 τηρεῖν,
3795 4650 3885 4697 xui

2279 4731 2325 4783 ἐν
2368 4741 2438 4802 τῷ
2479 4736 2603 4802 οἴκῳ
2651 4739 2741 4782 τοῦ
2786 4734 3091 4803 ἐπουρανίου
3132 4732 3384 4792 Βασιλέως
3429 4731 3593 4791 καλῶς
3625 4730 3879 4807 ἀναστρέ-

2278 4822 2461 4891 φεσθαι
2492 4819 2538 4871 ἐν
2592 4823 2734 4893 πάσῃ
2792 4820 2960 4892 εὐνοίᾳ
3012 4828 3102 4881 τῆς
3164 4818 3408 4881 δοθείσης
3440 4823 3687 4893 χάριτος.
3738 4819 3877 4875 Ἰδοὺ

2274 4910 2304 4965 ἡ
2370 4910 2583 4966 τοιαύτη
2640 4909 2792 4979 ψυχὴ
2845 4910 3047 4960 πάντων
3106 4918 3205 4960 τῶν
3269 4918 3359 4961 τοῦ
3418 4913 3615 4981 Κυρίου
3672 4909 3877 4981 ἀγαθῶν

2274 4993 2526 5048 δέσποινα
2554 4999 2887 5064 καθίσταται,
2931 5002 3020 5048 xui
3070 4997 3193 5049 αύτό
3227 5002 3282 5049 τὸ
3336 4995 3543 5061 ἔνδοξον
3576 5006 3665 5058 τῆς
3701 5001 3878 5055 θεότη-

2270 5104 2358 5147 τος
2388 5087 2567 5152 αύτοῦ,
2636 5095 2787 5158 σῶμα
2833 5089 2989 5146 αὐτῆς
3041 5088 3319 5157 τυγχάνει,
3369 5090 3466 5141 Ἂν
3500 5084 3558 5139 δὲ
3591 5088 3757 5159 σφαλῇ
3802 5107 3874 5153 τι,

2268 5180 2356 5227 καὶ
2383 5178 2524 5250 παρά
2566 5180 2622 5227 τὸ
2666 5173 2780 5227 δέον
2810 5176 2979 5249 πράξῃ
3016 5176 3062 5226 ἐν
3113 5184 3172 5247 τῇ
3206 5174 3449 5248 διακονίᾳ
3481 5178 3665 5241 αὐτῆς,
3697 5183 3784 5229 xui
3814 5180 3880 5229 τά

2269 5263 2463 5337 ἀρεστά
2493 5265 2628 5335 αύτῷ
2677 5265 2733 5316 ού
2788 5268 3012 5338 πράττη,
3044 5270 3132 5316 καὶ
3163 5266 3232 5335 τῷ
3276 5265 3529 5337 θελήματι
3575 5266 3737 5317 αὐτοῦ
3778 5266 3873 5317 οὐκ

2265 5351 2597 5425 ἐξακολουθῇ,
2656 5357 2771 5405 οὔτε
2821 5358 3068 5424 συνεργός
3115 5362 3209 5414 τῆς
3267 5358 3529 5414 συνούσης
3571 5363 3661 5406 τοῦ
3710 5358 3873 5406 [Ινεύ-

2262 5461 2422 5513 ματος
2477 5445 2698 5516 χάριτος
2742 5448 2977 5514 γίνηται,
3036 5449 3151 5495 τότε
3201 5448 3331 5515 μετά
3370 5444 3564 5518 ὕϐρεως
3625 5443 3874 5518 ἀπρεπῶς

2263 5530 2593 5604 ἀτιμάζεται,
2643 5537 2730 5583 καὶ
2802 5531 3110 5604 ἀφορίζεται
3171 5541 3261 5592 τῆς
3330 5533 3465 5593 ζωῆς
3540 5535 3603 5592 ὡς
3676 5531 3873 5608 ἀχρεία

2258 5626 2522 5695 γενομένη,
2582 5626 2671 5674 καὶ
2724 5618 3081 5685 ἀνεπιτήδειος
3140 5629 3199 5695 τῇ
3263 5625 3505 5697 κοινωνίᾳ
3565 5628 3664 5685 τοῦ
3721 5624 3872 5675 ἐπου-
