4148 6262
279 270 383 330 577
1538 263 1873 326 HOMILMS.
1915 301 1982 310 —
2034 266 2208 327 HOM.
2246 269 2359 328 xv.
3483 335 3485 338 τ
3528 283 3635 338 578

268 402 453 472 ρανίου
515 397 796 470 βασιλέως.
855 400 955 450 Καὶ
1001 395 1177 448 λοιπὸν
1234 394 1313 447 ἐπ’
1361 394 1522 466 ἕκείνη
1572 402 1635 466 τῇ
1690 393 1906 464 ψυχῇ,.

1995 391 2146 448 llam
2173 393 2441 450 animam
2468 396 2721 463 tristitia,
2750 398 2919 458 dolor
2942 417 3010 456 ac
3041 402 3235 459 luctus
3262 420 3470 460 omnes
3493 421 3633 462 san-

267 487 407 546 λύπη
457 491 547 540 καὶ
578 483 762 552 ὀδύνη,
814 490 902 537 καὶ
950 485 1216 556 κλαυθμὸς
1243 490 1405 536 πᾶσιν
1454 483 1619 553 ἀγίοις
1649 488 1738 534 καὶ
1770 501 1871 533 νοε-

1993 488 2106 537 stos
2137 487 2191 538 et
2223 483 2646 540 intellectuales
2687 487 2930 559 spiritus
2956 491 3223 548 invadit:
3268 494 3487 562 angeli,
3522 510 3631 564 po-

265 584 372 648 ροίς
398 578 659 648 πνεύμασι
708 579 904 646 γίνεται
939 591 951 603 ·
985 573 1213 644 ἄγγελοι,
1251 569 1514 644 δυνάμεις,
1566 570 1866 638 ἀπόστολοι,

1995 576 2244 636 :estates,
2279 573 2549 643 apostoli,
2583 575 2910 647 prophetae,
2944 585 3237 651 martyres
3271 581 3475 652 lugent
3505 583 3633 653 ejus

263 672 549 740 προφῆται,
581 665 840 737 μάρτυρες
871 663 1139 715 κλαίουσιν
1171 660 1245 714 ἐπ’
1267 661 1422 733 αὐτῇ.
1979 659 2190 716 vicem.

335 754 410 807 I".
439 753 639 826 ’Ὠσπερ
669 755 771 826 γὰρ
802 755 980 825 χαρά
1016 757 1316 824 γίγνεται
1357 749 1416 803 ἐν
1455 751 1721 823 οὐρανῷ,
1751 754 1816 812 ὡς
1843 751 1868 802 ὃ

2051 749 2140 801 III.
2173 751 2696 815 Quemadmodum
2735 755 2894 810 enim
2924 757 3212 825 gaudium
3253 765 3336 814 est
3367 760 3431 814 in
3471 761 3629 825 ccelo,

265 846 455 916 Κύριος
504 839 656 908 εἶπεν,
714 843 817 895 ἐπὶ
856 842 943 895 ἐνὶ
993 841 1347 916 ἁμαρτωλῷ
1387 848 1814 912 μετανοοῦντι
1847 858 1860 870 ·

1991 842 2044 892 ut
2064 839 2213 893 dixit
2235 840 2544 907 Dominus,
2567 857 2747 911 super
2763 859 2881 899 uno
2901 853 3210 913 peccatore
3222 848 3629 914 pa’nitentiam

263 931 426 993 οὕτως
454 931 590 989 λύπη
618 931 777 990 πολλὴ
811 936 900 984 καὶ
931 931 1193 1003 κλαυθμός
1241 929 1288 982 ἐν
1313 931 1384 1000 τῷ
1411 930 1611 1002 οὐρανῷ
1643 934 1862 1001 γίνεται,

1992 933 2186 996 zgente
2208 930 2274 992 “,
2308 929 2388 985 ita
2417 931 2647 987 tristitia
2670 932 2856 988 multa
2881 939 2967 989 est
2994 935 3255 990 etluctus
3276 937 3336 991 in
3365 938 3514 992 caelo
3537 954 3630 991 su-

262 1022 343 1072 ἱπὶ
360 1026 458 1092 μιᾷ
477 1020 631 1092 ψυχῇ
652 1021 1021 1093 ἀποπιπτοῦσῃ
1049 1027 1137 1081 τῆς
1155 1019 1364 1071 αἰωνίου
1387 1022 1490 1081 ζωῆ
1506 1039 1544 1080 ς.
1572 1024 1670 1070 Καὶ
1693 1021 1864 1090 ὥσπερ

1991 1031 2082 1085 per
2103 1033 2222 1073 una
2251 1019 2471 1084 anima,
2499 1036 2634 1090 quae
2658 1022 2875 1076 excidit
2894 1023 3016 1078 vita
3046 1029 3290 1080 (eterna.
3321 1027 3385 1080 Et
3414 1041 3629 1097 quem-

261 1107 345 1161 ἓπὶ
379 1118 469 1169 τῆς
514 1117 609 1181 γῆς
639 1111 764 1162 ἐπάν
809 1129 886 1171 τις
933 1110 1184 1171 πλούσιος
1239 1108 1472 1180 ἀποθάνῃ
1529 1106 1678 1181 ἀνὴρ,
1735 1111 1866 1179 μετά

1993 1107 2310 1161 admodum
2356 1107 2415 1161 in
2458 1109 2642 1170 terris,
2677 1111 2724 1164 si
2762 1111 2896 1182 quis
2927 1111 3193 1182 locuples
3235 1114 3320 1167 vir
3361 1118 3631 1168 mortuus

261 1195 550 1270 μελῳδιῶν,
598 1203 687 1251 καὶ
738 1201 948 1271 θρήνου,
998 1205 1085 1251 καὶ
1137 1205 1356 1250 κοπετοῦ
1408 1197 1736 1268 ἐκκομίξεται
1774 1204 1866 1248 τοῦ

1994 1193 2170 1257 'uerit,
2214 1211 2349 1250 cum
2384 1203 2561 1251 cantu
2597 1197 2854 1267 lugubri,
2897 1199 3324 1256 lamentatione
3365 1217 3434 1256 ac
3466 1201 3632 1272 plan-

262 1285 384 1358 βίου
432 1289 532 1339 ὑπὸ
589 1296 686 1340 τῶν
745 1283 893 1339 ἰδίων
944 1285 1195 1359 ἀδελφῶν,
1250 1291 1339 1338 καὶ
1391 1289 1522 1360 πρός
1579 1294 1861 1356 συγγενῶν,

1989 1287 2070 1337 3tu
2095 1283 2334 1338 effertur
2362 1300 2392 1339 e
2419 1285 2537 1341 vita
2565 1303 2671 1357 per
2697 1303 2836 1343 suos
2867 1287 3095 1354 fratres,
3126 1290 3627 1361 consanguineos,

257 1381 348 1428 xui
380 1376 554 1447 φίλων,
601 1381 692 1428 καὶ
738 1380 1012 1448 γνωρίμων
1054 1391 1068 1404 °
1107 1376 1270 1436 οὕτως
1322 1380 1412 1427 καὶ
1461 1378 1544 1426 ἐπὶ
1593 1383 1653 1446 τῇ
1705 1373 1857 1447 ψυχῇ

1991 1371 2203 1426 imicos
2226 1388 2294 1427 ac
2322 1373 2642 1430 familiares
2669 1395 2680 1434 ε
2717 1376 2798 1430 sic
2828 1393 3070 1449 quoque
3092 1383 3334 1449 propter
3352 1394 3486 1433 eam
3505 1378 3629 1434 ani-

258 1462 423 1537 ἔκείνη
488 1466 676 1524 πάντες
727 1466 776 1516 οἰ
852 1464 995 1535 οἶγιοι
1051 1465 1300 1516 πενθοῦσι
1365 1465 1496 1535 μετὰ
1559 1465 1721 1520 θήνων
1775 1468 1862 1515 καὶ

1990 1476 2137 1516 nam
2157 1477 2367 1517 omnes
2399 1464 2587 1518 sancti
2611 1463 2816 1534 lugent
2841 1465 3269 1521 lamentatione
3287 1482 3356 1521 ac
3380 1482 3524 1522 voce
3545 1466 3628 1521 lu-

258 1549 548 1624 μελῳδιῶν.
603 1557 702 1605 Καὶ
732 1554 830 1627 γὰρ
887 1551 1120 1623 ἀλλαχοῦ
1165 1559 1322 1604 τοῦτο
1352 1558 1380 1610 ἡ
1417 1557 1592 1626 Γραφὴ
1646 1554 1862 1604 αἰνίττε-

1988 1549 2168 1619 ζυὺτὶ.
2198 1551 2347 1606 Alibi
2373 1551 2532 1607 enim
2551 1555 2853 1623 Scriptura
2873 1555 2951 1610 ad
2974 1555 3089 1610 hoc
3111 1555 3372 1610 obscure
3398 1554 3626 1620 alludit,

261 1660 349 1691 ται
376 1639 621 1712 λέγουσα,
653 1645 946 1694 πέπτωκε
985 1646 1196 1706 πίτυς,
1238 1643 1552 1706 πενθεῖτε,
1590 1638 1819 1714 κέδροι
1847 1658 1858 1669 ·

1998 1639 2284 1708 nquiens:
2316 1640 2534 1696 Cecidit
2563 1642 2764 1710 pinus,
2801 1643 3012 1712 lugete,
3043 1644 3211 1699 cedri
3230 1646 3295 1698 ιδ.
3327 1644 3630 1708 Quemad-

260 1701 451 1802 ὥσπερ,
486 1732 586 1803 γὰρ
608 1701 643 1782 ’ό
684 1730 899 1804 Ἰσραὴλ
952 1732 1030 1782 ὅτε
1083 1701 1254 1783 ἐδόκει
1307 1701 1595 1804 εὐαρεστεῖν
1654 1701 1726 1800 τᾷλ
1780 1737 1863 1782 Δε-

1993 1727 2224 1782 nodum
2247 1728 2407 1782 enim
2423 1730 2683 1801 populus
2703 1730 2900 1794 Israel,
2921 1747 3058 1785 cum
3078 1732 3376 1786 videretur
3398 1732 3631 1804 placere

259 1821 450 1890 σπότῃ,
507 1819 550 1871 εἰ
601 1823 688 1871 καὶ
741 1816 1003 1889 μηδέποτε
1051 1820 1104 1871 ὃν
1146 1816 1229 1871 δεῖ
1282 1824 1471 1894 τρόπον
1524 1820 1861 1891 εῦηρέστησε,

1992 1816 2244 1878 )omino,
2274 1819 2552 1887 quamvis
2579 1817 2743 1873 nullo
2764 1819 2968 1883 modo,
3007 1835 3128 1890 quo
3161 1819 3389 1884 debuit,
3423 1821 3473 1875 ei
3503 1820 3630 1892 pla-

258 1908 446 1960 στῦλον
471 1908 678 1980 νεφέλης
710 1905 851 1980 εἶχεν
904 1907 1297 1974 ἐπισκιάζοντα,
1351 1914 1442 1961 καὶ
1477 1909 1662 1962 στῦλον
1700 1918 1864 1983 πυρός

1988 1906 2176 1974 inerit,
2219 1905 2565 1961 columnam
2605 1906 2784 1961 nubis
2833 1907 3097 1962 habebat
3135 1909 3626 1975 obumbrantem,

256 1997 675 2068 καταυγάζοντα,
711 1997 978 2049 θάλασσαν
1034 1997 1167 2070 ἐώρα
1197 1999 1521 2070 σχιζομένην
1576 2001 1864 2072 ἔμπροσθεν

1994 1992 2029 2062 5
2044 1991 2094 2061 3
2112 1997 2167 2046 et
2181 1991 2515 2047 columnam
2530 1993 3280 2061 ignisillustrantem,mare
3298 1995 3632 2050 videbatdi-

259 2086 440 2151 αὐτοῦ,
496 2083 640 2159 ὕδωρ
690 2085 746 2138 ἐκ
802 2090 994 2159 πέτρας
1051 2084 1265 2158 διαυγὲς
1316 2086 1692 2160 ἐξερχόμενον·
1756 2088 1863 2142 ἐπεὶ

1991 2080 2093 2134 vidi
2117 2097 2318 2136 coram
2343 2081 2507 2152 ipsis,
2534 2082 2929 2152 aclimpidam
2956 2098 3178 2154 aquam
3202 2100 3232 2138 e
3253 2088 3422 2154 petra
3437 2099 3629 2138 erum-

260 2172 319 2228 δὲ
367 2174 630 2249 ἐστρέφετο
661 2178 686 2227 ό
716 2183 829 2236 νοῦς
880 2177 1066 2246 αὐτῶν,
1119 2182 1208 2229 καὶ
1237 2179 1266 2234 ἡ
1302 2183 1608 2250 προαίρεσις
1649 2177 1748 2230 ἀπὸ
1774 2187 1864 2231 τοῦ

1990 2184 2114 2238 pere
2132 2171 2210 2224 ‘5:
2238 2175 2556 2241 postquam
2583 2185 2723 2225 vero
2745 2187 2954 2226 aversa
2972 2177 3062 2226 est
3083 2187 3252 2226 mens
3271 2179 3327 2226 et
3351 2172 3628 2228 voluntas

259 2272 413 2329 Θεοῦ,
459 2269 573 2316 τότε
617 2269 765 2336 ὄφεσι
812 2263 1182 2337 παρεδίδοντο,
1229 2271 1318 2318 καὶ
1367 2274 1471 2327 τοῖς
1520 2266 1735 2341 ἐχθροῖς
1768 2268 1864 2320 αῦ-

1989 2273 2180 2313 aorum
2222 2274 2256 2312 a
2292 2261 2427 2327 Deo,
2464 2265 2588 2314 tum
2625 2260 3001 2331 serpentibus
3037 2260 3229 2315 traditi
3261 2265 3316 2315 et
3354 2259 3627 2316 hostibus

256 2361 376 2418 τῶν,
429 2352 475 2405 ἓν
526 2353 923 2425 αἰχμαλωσίαις
969 2353 1159 2415 δειναῖς
1216 2353 1556 2426 ἀπαγόμενοι,
1599 2362 1687 2409 καὶ
1740 2355 1862 2410 δου-

1991 2347 2120 2411 suis,
2143 2363 2212 2401 ac
2230 2347 2288 2402 in
2307 2348 2714 2419 captivitatem
2739 2349 3137 2403 miserrimam
3160 2349 3427 2415 abducti,
3451 2354 3629 2420 atque

255 2443 415 2503 λείαις
452 2451 669 2514 πικραῖς
707 2443 1060 2515 ἐξεταζόμενοι
1121 2462 1132 2474 ·
1191 2447 1248 2496 τὸ
1309 2445 1434 2496 αὐτὸ
1493 2447 1700 2508 πάντως
1771 2454 1859 2500 xui

1988 2435 2357 2491 servitutibus
2386 2437 2551 2491 duris
2572 2437 2777 2492 tentati
2806 2443 2976 2491 sunt:
3008 2437 3168 2492 idem
3200 2453 3450 2508 prorsus
3471 2453 3626 2509 quo—

257 2530 341 2584 ἓπὶ
394 2540 493 2583 τῶν
541 2531 733 2602 ψυχῶν
786 2534 931 2604 ἡμῶν
970 2538 1189 2604 γίνεται.
1240 2541 1402 2585 Τοῦτο
1453 2531 1510 2586 δὲ
1565 2541 1654 2588 καὶ
1703 2535 1749 2587 ἐν
1791 2535 1861 2607 τῷ

1991 2540 2088 2594 {ue
2117 2526 2331 2580 animis
2358 2527 2576 2580 nostris
2608 2525 2913 2594 contingit.
2953 2525 3120 2590 Quod
3151 2527 3353 2597 ipsum
3387 2541 3629 2598 quoque

255 2627 494 2694 προφήτῃ
553 2621 803 2681 Ἰεζεκιὴλ
875 2631 1144 2693 μυστικῶς
1219 2622 1460 2695 ἐμφαῖνον
1535 2627 1593 2676 τό
1653 2632 1862 2693 Πνεῦμα

1990 2629 2076 2667 )er
2107 2614 2466 2684 prophetam
2493 2615 2853 2670 Ezechielem
2883 2615 3130 2686 mystice
3148 2620 3628 2670 commonstrans

255 2715 375 2782 περὶ
429 2718 523 2771 τῆς
574 2713 819 2771 τοιαύτης
871 2710 1079 2783 ψυχῆς,
1131 2714 1302 2786 ὥσπερ
1350 2712 1706 2786 Ἰερουσαλὴμ,
1761 2715 1860 2767 ἔλε-

1987 2702 2221 2772 Spiritus
2251 2703 2324 2757 de
2350 2702 2702 2772 hujusmodi
2726 2705 2948 2767 anima,
2980 2703 3134 2758 velut
3171 2703 3244 2757 de
3276 2703 3625 2768 Jerusalem,

257 2816 369 2870 γεν’
399 2799 596 2874 Εὖρόν
638 2819 725 2866 σε,
769 2805 949 2872 φησὶν,
993 2800 1050 2852 ἐν
1089 2809 1159 2873 τῇ
1199 2799 1407 2874 ἐρήμῳ
1446 2809 1713 2875 γυμνὴν,
1755 2810 1860 2857 xui

1993 2791 2368 2861 oquebatur:
2403 2793 2608 2847 Inveni
2634 2797 2703 2857 te,
2729 2793 2939 2864 inquit,
2964 2793 3026 2846 in
3054 2792 3281 2848 deserto
3310 2793 3554 2857 nudam,
3575 2798 3627 2848 et

258 2889 493 2942 ἔλουσά
526 2909 590 2942 σε
621 2890 687 2941 ἐκ
719 2898 826 2942 τοῦ
858 2887 1098 2953 ὕδατος
1132 2899 1241 2951 τῆς
1273 2890 1690 2966 ἀκαθαρσίας
1725 2914 1857 2959 σου,

1992 2880 2137 2933 iblui
2169 2886 2222 2934 te
2252 2896 2411 2950 aqua
2441 2881 2514 2935 ab
2545 2881 2894 2948 impuritate
2926 2887 3053 2944 tua,
3083 2885 3136 2936 et
3166 2881 3338 2934 indui
3369 2889 3423 2936 te
3462 2881 3630 2937 vesti-

258 2983 364 3028 xui
405 2975 677 3031 ἐνέδυσά
710 2976 1065 3051 σεὲνδυμα,
1094 2985 1204 3032 xui
1242 2979 1472 3049 ψέλλια
1510 2985 1862 3056 περιέθηκα

1991 2973 2186 3032 nento,
2233 2973 2286 3023 et
2316 2969 2590 3023 armillas
2635 2969 3036 3037 circumposui
3084 2969 3356 3024 manibus
3412 2969 3545 3035 tuis,
3576 2973 3629 3026 et

262 3063 320 3114 ἓν
360 3073 499 3125 ταῖς
559 3071 755 3140 χερσί
815 3087 949 3132 σου,
1012 3073 1120 3121 xui
1184 3077 1501 3139 μανιάκια
1560 3075 1706 3143 περὶ
1758 3075 1862 3123 τόν

1989 3060 2207 3126 70rques
2221 3057 2381 3112 circa
2399 3058 2617 3112 collum
2635 3057 3137 3121 tuum,etinaures
3151 3057 3208 3111 in
3228 3057 3474 3112 auribus
3491 3057 3627 3121 tuis,

260 3154 593 3223 τράχηλόν
638 3173 771 3220 σου,
832 3161 939 3207 καὶ
979 3158 1206 3207 ἐνώτια
1262 3155 1321 3207 ἐν
1357 3165 1493 3218 τοίς
1549 3159 1667 3210 ὠσί
1726 3179 1858 3230 σου,

1989 3149 2026 3199 at
2054 3146 2223 3211 facta
2252 3160 2308 3200 es
2327 3145 2476 3200 mihi
2498 3144 2804 3200 nominata
2834 3145 3196 3200 interomnes
3209 3151 3429 3214 gentes.
3455 3144 3627 3200 Simi-

262 3245 370 3292 xui
404 3240 624 3312 ἐγένου
664 3263 772 3315 μοι
804 3244 1128 3315 ὀνομαστή
1164 3245 1223 3296 ἐν
1252 3251 1412 3298 πᾶσι
1453 3255 1582 3307 τοῖς
1621 3250 1862 3306 ἔθνεσι.

1983 3234 2092 3288 tam
2126 3237 2179 3288 et
2210 3234 2401 3288 oleum
2442 3248 2513 3289 ac
2556 3234 2674 3288 mel
2702 3232 3022 3298 comedisti,
3055 3241 3107 3289 et
3138 3233 3218 3288 ad
3262 3233 3534 3288 ultimum
3566 3249 3621 3289 es

265 3327 632 3402 σεμίδαλιν,
673 3337 784 3385 xui
822 3333 1056 3396 ἔλαιον,
1098 3339 1206 3386 καὶ
1267 3333 1406 3405 μέλι
1468 3338 1713 3408 ἔφαγες,
1755 3342 1862 3390 xui

1986 3321 2158 3377 )blita
2190 3321 2469 3388 beneﬁcia
2499 3338 2646 3378 mea.
2674 3324 2714 3375 Α
2733 3322 2889 3376 biisti
2904 3328 3038 3390 post
3063 3327 3359 3378 amatores
3393 3328 3543 3387 tuos,
3571 3325 3624 3378 et

262 3417 351 3479 εἰς
400 3418 673 3493 ὕστερον
743 3419 1058 3473 ἐπελάθου
1111 3429 1227 3474 τῶν
1286 3422 1665 3495 εὐεργεσιῶν
1721 3447 1858 3498 μου,

1286 3422 1665 3495 εὐεργεσιῶν
1721 3447 1858 3498 μου,
1973 3426 2106 3466 cum
2141 3411 2369 3480 pudore
2389 3411 2697 3480 fornicata
2727 3426 2784 3466 es
2815 3412 2882 3464 ‘7.

259 3512 367 3559 xui
407 3507 758 3580 ἔπορεύθης
820 3509 1024 3582 όπίσῳ
1088 3519 1202 3563 τῶν
1243 3510 1526 3585 ἐραστῶν
1579 3534 1709 3581 σου,
1755 3521 1859 3569 καὶ

261 3595 656 3671 ἐπόρνευσας
691 3597 749 3651 ἐν
780 3599 1089 3672 αἰσχύνη.

245 3734 250 3738 .
327 3685 397 3738 Δ¹.
433 3687 616 3749 Οὕτως
661 3693 750 3740 καὶ
797 3688 952 3761 ψυχῇ
1003 3696 1066 3760 τῇ
1100 3686 1191 3742 διὰ
1221 3698 1316 3751 τῆς
1363 3693 1581 3765 χάριτος
1621 3693 1860 3766 ἐπιγινω-

2041 3697 2130 3750 IV.
2159 3697 2252 3751 Sic
2268 3711 2511 3768 quoque
2541 3695 2833 3761 animam,
2861 3713 2996 3768 quas
3021 3713 3126 3770 per
3155 3698 3408 3769 gratiam
3437 3699 3621 3753 Deum

259 3778 459 3848 σκούσῃ
506 3779 593 3828 τὸν
632 3780 777 3843 Θεὸν,
827 3780 883 3829 τὸ
919 3784 1126 3850 Πνεῦμα
1181 3786 1444 3852 παραινεῖ,
1479 3784 1594 3844 ἣτις
1642 3785 1859 3856 καθαρι-

1984 3786 2293 3855 :ognoscit,
2330 3786 2579 3857 Spiritus
2613 3786 2899 3841 admonet
2927 3803 2938 3840 :
2975 3803 3111 3858 quae
3144 3786 3460 3857 puriﬁcata
3489 3787 3622 3857 qui-

256 3867 444 3917 σθείσα
476 3865 576 3918 ἀπὸ
607 3875 706 3918 τῶν
731 3871 990 3941 προτέρων
1023 3866 1289 3943 ἁμαρτιῶν
1320 3875 1410 3922 xui
1448 3878 1555 3933 τοῖς
1586 3879 1677 3924 τοῦ
1703 3872 1855 3944 ἁγίου

1985 3875 2104 3929 lem
2149 3891 2185 3930 a
2224 3875 2486 3946 pristinis
2519 3875 2799 3944 peccatis,
2831 3880 2884 3929 et
2934 3876 3182 3945 Spiritus
3231 3875 3420 3929 sancti
3451 3890 3623 3930 orna-

258 3957 550 4026 Πνεῦματος
606 3961 843 4026 κοσμίοις
918 3960 1271 4029 κοσμηθεῖσα,
1327 3964 1416 4010 καὶ
1492 3961 1857 4031 μεταλαϐοῦσα

1984 3963 2181 4018 nentis
2194 3962 2497 4027 decorata,
2516 3979 2584 4017 ac
2600 3963 2894 4033 particeps
2910 3962 3065 4019 facta
3079 3963 3263 4017 divini
3277 3980 3345 4018 ac
3369 3963 3622 4018 ccelestis

261 4044 396 4103 θείας
448 4049 538 4096 καὶ
619 4043 926 4119 ἐπουρανίου
996 4055 1208 4118 τροφῆς,
1279 4052 1349 4118 μη
1427 4044 1643 4109 δεόντως
1697 4046 1754 4102 δε
1808 4051 1855 4101 ἐν

1985 4050 2102 4112 :ibi,
2136 4051 2334 4105 minus
2360 4065 2499 4104 vero
2529 4049 2807 4104 decenter
2832 4051 2890 4104 in
2920 4050 3107 4106 multa
3137 4051 3478 4119 cognitione
3497 4066 3623 4105 ver-

257 4131 420 4204 πολλῇ
479 4138 670 4205 γνώσει
729 4133 1169 4207 ἀναστρεφομένη,
1237 4141 1326 4187 καὶ
1399 4136 1730 4208 ἁρμοζόντως
1781 4143 1852 4209 μὴ

1983 4144 2113 4201 sata,
2173 4155 2280 4193 nec
2329 4138 2753 4193 convenienter
2800 4138 3067 4193 debitam
3125 4139 3344 4194 caelesti
3395 4154 3621 4209 sponso

259 4229 496 4293 τηροῦσα
570 4227 664 4280 τὴν
749 4223 1074 4295 ὀφειλομένην
1148 4221 1220 4296 τῷ
1295 4227 1580 4297 ἐπουρανίῳ
1654 4232 1897 4328 νυμφίῳ]

1980 4227 2190 4282 3hristo
2221 4226 2698 4282 benevolentiam
2733 4233 2788 4281 et
2823 4227 3200 4283 dilectionem
3233 4243 3618 4292 conservans,

262 4308 476 4384 Χριστῷ
530 4315 728 4364 εὔνοιαν
779 4317 868 4364 καὶ
927 4311 1152 4384 ἀγάπην,
1209 4311 1582 4388 ἀποῤῥίπτεται
1629 4321 1718 4367 xui
1773 4314 1858 4367 ἐκ·-
1890 4308 1900 4328 ³

1984 4315 2272 4387 )rojicitur
2301 4320 2355 4370 et
2385 4314 2768 4370 detruditura
2789 4316 2930 4385 vita,
2965 4316 3139 4386 cujus
3173 4320 3296 4371 erat
3325 4315 3622 4388 particeps

260 4397 498 4453 ϐαλλεται
546 4409 636 4462 τῆς
686 4402 825 4463 ζωῆς
855 4402 914 4462 ἧς
943 4421 1065 4454 ποτε
1115 4407 1343 4475 μέτοχος
1390 4408 1585 4475 γέγονε.
1635 4409 1856 4458 Δύναται

1983 4405 2147 4462 Tacta.
2185 4404 2356 4460 Valet
2385 4420 2645 4475 namque
2677 4405 2930 4459 Satanas
2960 4404 3048 4460 vel
3075 4404 3621 4475 adversuseos,qui

258 4491 360 4562 γάρ
392 4491 675 4553 όΣατανᾶς
728 4495 817 4543 καὶ
867 4495 997 4564 μετά
1051 4500 1151 4544 τῶν
1203 4491 1429 4564 ἐχόντων
1487 4502 1707 4546 τοιαῦτα
1762 4499 1852 4567 μὲ-

1985 4495 2044 4549 td
2065 4495 2174 4549 hos
2189 4494 2411 4564 gradus
2435 4500 2850 4564 pervenerunt,
2872 4493 3179 4562 insurgere
3199 4499 3253 4548 et
3284 4493 3497 4548 elevari
3531 4509 3543 4544 :
3568 4497 3623 4548 et

258 4597 358 4651 τρα
408 4578 717 4651 ἐπαίρεσθαι
768 4585 858 4632 καὶ
909 4581 1198 4652 ὑψοῦσθαι,
1273 4587 1362 4634 καὶ
1433 4585 1568 4635 κατά
1619 4592 1716 4636 τῶν
1772 4587 1855 4636 τόν

1987 4584 2258 4638 idversus
2275 4597 2400 4646 eos,
2429 4582 2529 4652 qui
2564 4583 2747 4636 Deum
2776 4582 2833 4636 in
2859 4582 3049 4650 gratia
3074 4586 3129 4636 et
3161 4581 3375 4636 virtute
3408 4596 3625 4652 cogno-

260 4670 382 4717 Θεὸν
435 4665 483 4716 ἰν
536 4671 725 4742 χάριτι
781 4674 869 4722 xui
942 4666 1161 4734 δυνάμει
1216 4670 1544 4742 ἑπιγνόντων,
1599 4672 1770 4744 ἀκμὴν
1822 4675 1851 4731 ἡ

1986 4677 2193 4740 ierunt,
2222 4671 2419 4725 adhuc
2439 4669 2701 4739 nequitia
2728 4668 2999 4740 insurgit,
3025 4685 3094 4724 ac
3121 4676 3374 4723 conatur
3397 4684 3499 4723 eos
3526 4669 3624 4722 de-

260 4756 420 4804 κάκία
471 4757 755 4828 ἓπαίρεται,
817 4764 905 4811 xui
959 4758 1270 4830 ἀγωνίζεται
1324 4762 1633 4835 καταράξαι.
1692 4764 1858 4832 Ἀγω-

1982 4761 2225 4816 .urbare.
2248 4758 2746 4815 Contendendum
2773 4758 2954 4827 igitur
2972 4774 3040 4812 ac
3067 4758 3389 4828 prudenter
3408 4773 3620 4813 caven-

257 4844 461 4895 νιστέον
509 4848 679 4896 τοίνυν
736 4851 826 4898 xui
886 4850 1313 4920 παραφυλακτέον
1379 4855 1467 4903 xui
1524 4853 1658 4922 ἡμᾶς
1709 4853 1852 4924 πάσῃ

1984 4849 2113 4903 lum
2135 4864 2377 4920 quoque
2399 4847 2567 4901 nobis
2583 4852 2692 4911 est,
2711 4852 2772 4901 ut
2796 4863 2926 4901 cum
2951 4846 3161 4903 timore
3180 4853 3446 4903 nostram
3475 4847 3622 4916 ipso-

263 4935 468 4985 συνέσει
498 4935 657 5003 μετά
695 4932 890 5005 φόϐου
951 4940 1062 4994 τὴν
1103 4937 1338 4990 ἑαυτῶν
1393 4944 1718 5012 σωτηρίαν
1758 4961 1854 4992 xu-

1984 4955 2098 4993 ~um
2131 4938 2381 4992 salutem
2406 4951 2718 5005 operemur
2744 4936 2810 5003 ‘3,
2843 4941 2900 4990 ut
2921 4934 3208 5006 scriptum
3232 4940 3335 4990 est.
3365 4937 3622 5000 Quicun-

261 5023 721 5097 τεργάζεσθαι,
763 5025 937 5085 καθὼς
963 5029 1276 5099 γέγραπται.
1308 5026 1464 5080 "Orto:
1503 5024 1590 5080 οὖν
1639 5033 1859 5101 μέτοχοι

1985 5043 2085 5099 lue
2119 5028 2295 5095 igitur
2325 5025 2640 5096 participes
2677 5024 2924 5095 Spiritus
2957 5023 3168 5078 Christi
3201 5025 3334 5079 facti
3376 5025 3534 5089 estis,
3563 5025 3623 5078 in

258 5120 350 5164 τοῦ
381 5114 674 5185 Πνεῦματος
705 5120 940 5186 Χριστοῦ
971 5119 1235 5186 γεγόνατε,
1267 5119 1314 5168 ἐν
1344 5114 1532 5189 μηδενὶ
1563 5120 1855 5191 πράγματι,

1988 5115 2134 5170 iulla
2163 5131 2246 5180 re,
2279 5115 2398 5169 sive
2445 5129 2634 5184 parva
2678 5113 2798 5168 sive
2831 5128 3070 5182 magna,
3110 5114 3500 5185 contemptim
3545 5113 3626 5168 ita

262 5204 392 5273 μήτε
458 5204 506 5254 ἓν
564 5198 736 5277 μικρῷ
811 5207 945 5274 μήτε
1000 5203 1049 5254 ἓν
1102 5204 1326 5275 μεγάλῳ,
1402 5215 1860 5281 καταφρονητικῶς

1986 5205 2098 5259 sitis
2128 5204 2332 5259 animo
2380 5202 2674 5273 dispositi,
2708 5207 2769 5256 ut
2799 5201 2927 5256 haec
2971 5203 3393 5266 contemnatis,
3431 5217 3624 5273 neque

263 5287 558 5358 δίατεθῆτε,
590 5296 679 5343 καὶ
728 5297 821 5350 τὴν
874 5293 1035 5365 χάριν
1065 5299 1156 5344 τοῦ
1207 5296 1501 5365 [Ινεῦματος
1531 5300 1602 5366 μὴ
1656 5296 1858 5368 ἐνυϐρί-

1986 5294 2228 5364 gratiam
2292 5292 2540 5363 Spiritus
2601 5290 2962 5346 contumelia
3019 5290 3310 5356 afﬁciatis,
3371 5307 3445 5346 ne
3509 5291 3624 5345 vita

265 5399 411 5445 σητε,
461 5379 544 5432 ῐνά
589 5385 660 5453 μὴ
715 5388 806 5441 τῆς
857 5381 992 5442 ζωῆς
1050 5379 1195 5442 ἐκτός
1240 5385 1479 5453 γένησθε,
1525 5384 1588 5444 ἧς
1641 5390 1860 5456 μέτοχοι

1641 5390 1860 5456 μέτοχοι
1973 5383 2309 5454 privemini,
2339 5382 2508 5452 cujus
2535 5380 2857 5453 participes
2886 5379 3021 5436 facti
3049 5380 3249 5436 eratis.

262 5465 336 5526 ἥδ
339 5488 369 5526 η
401 5473 661 5540 γεγόνατε.

334 5639 378 5672 “
414 5639 553 5693 Luc.
593 5655 691 5704 xv,
732 5638 786 5696 7.
865 5640 910 5675 ‘5
942 5639 1120 5696 Zach.
1155 5657 1234 5708 χι,
1265 5645 1315 5698 '2.
1396 5643 1442 5678 ⁴⁶
1488 5644 1671 5698 Exod.
1708 5646 1939 5707 xsm,2t
1971 5661 1983 5711 ;
2017 5659 2134 5708 xw,
2168 5642 2252 5699 l9.
2334 5639 2595 5698 "Ezech.
2628 5654 2750 5703 xw,
2783 5641 2814 5692 6
2847 5651 2971 5708 seq.
3048 5635 3097 5669 ⁴⁸
3128 5632 3376 5705 Philipp.
3410 5632 3468 5698 ii,
3517 5635 3597 5688 t2.

545 5736 792 5795 Puaoi.
827 5736 930 5795 Gn.
973 5738 1233 5796 XXXIV.
3274 5732 3341 5785 ‘9
