4148 6262
533 239 636 295 579

528 454 863 511 admodum
906 471 1111 510 servus
1143 455 1427 526 palatium
1486 453 1728 526 aliquod
1763 455 2084 522 ingressus,
2122 455 2184 505 ut

527 548 735 599 tractet
757 561 899 599 vasa
924 544 1254 610 ministerii,
1277 561 1344 599 ex
1363 544 1516 614 regis
1542 542 1720 598 bonis
1751 542 1955 608 sumit,
1984 541 2182 595 nudus

528 647 666 687 cum
707 633 834 704 ipse
863 633 1105 697 venerit,
1137 639 1313 702 atque
1347 632 1405 686 in
1439 631 1579 703 ipsis
1609 632 1857 685 vasibus
1883 647 2018 701 quae
2048 627 2187 684 sunt

526 721 706 790 regis,
733 723 1028 776 ministrat
1043 723 1163 790 regi
1181 740 1191 776 :
1212 727 1490 776 caeterum
1513 721 1606 776 hic
1633 735 1853 789 magna
1869 718 2188 790 prudentia

528 810 838 880 acjudicio
863 827 1015 881 opus
1049 815 1155 876 est,
1185 826 1257 865 ne
1289 816 1500 881 praeter
1531 811 1816 865 decorum
1843 809 1990 881 quid
2016 808 2183 863 mini-

531 903 691 963 stret,
711 898 827 954 alia
849 915 954 969 pro
986 899 1116 954 aliis
1148 899 1450 954 esculenta
1474 915 1788 970 apponens
1821 899 1996 966 regiae
2026 912 2191 951 men-

529 1002 629 1052 sae,
665 988 770 1043 sed
806 994 866 1042 ut
895 988 1104 1043 ordine
1135 994 1392 1053 servato,
1425 989 1622 1059 prima.
1673 994 1851 1059 atque
1883 992 2192 1057 postrema

529 1082 798 1147 apponat
831 1077 1056 1133 cibaria
1088 1096 1100 1143 ;
1131 1079 1222 1132 sin
1251 1094 1390 1133 vero
1422 1094 1493 1132 ex
1520 1077 1858 1147 ignorantia
1890 1091 1959 1130 ac
1983 1073 2190 1144 judicii

531 1164 764 1220 defectu
794 1181 914 1220 non
939 1166 1108 1236 juxta
1132 1166 1401 1221 ordirem
1430 1167 1552 1235 regi
1579 1165 1893 1228 ministret,
1924 1162 2189 1235 periculo

533 1254 828 1325 mortique
861 1256 1158 1309 obnoxius
1184 1254 1246 1308 ﬁt
1279 1271 1289 1308 :
1319 1271 1398 1310 s1c
1421 1260 1477 1309 et
1509 1256 1732 1321 anima,
1752 1270 1886 1325 quae
1921 1255 1976 1306 in
2003 1253 2191 1321 gratia

528 1347 582 1398 et
624 1343 846 1414 Spiritu
888 1343 1281 1399 ministerium
1335 1348 1447 1399 Deo
1488 1343 1744 1409 exhibet,
1791 1349 2069 1398 accurato
2099 1341 2188 1410 ju-

540 1431 696 1487 dicio
729 1438 786 1488 et
816 1433 1151 1502 cognitione
1183 1433 1426 1502 indiget,
1460 1449 1530 1487 ne
1557 1432 1702 1504 quid
1735 1432 1969 1486 aberret
1999 1431 2056 1484 in
2087 1445 2192 1482 va-

533 1522 700 1576 sibus
740 1522 978 1587 divinis,
1014 1529 1114 1578 aut
1157 1523 1485 1577 ministerio
1525 1522 1839 1592 spirituali,
1883 1520 2190 1590 propriam

533 1611 922 1675 voluntatem,
955 1626 1074 1665 non
1105 1617 1532 1679 congruentem
1565 1612 1788 1680 gratim,
1823 1610 2074 1664 habens.
2105 1609 2189 1661 Li-

534 1705 626 1754 cet
655 1699 836 1764 enim,
865 1705 928 1753 ut
961 1700 1162 1768 utique
1205 1699 1266 1753 in
1323 1700 1646 1754 ministerio
1680 1699 1991 1770 spirituali,
2023 1698 2187 1768 quod

534 1787 688 1841 clam
731 1804 835 1858 per
891 1787 1229 1842 interiorem
1271 1788 1576 1842 hominem
1639 1789 1962 1858 peragitur,
2021 1792 2077 1840 et
2128 1787 2186 1840 in

533 1877 791 1947 propriis
826 1875 1087 1941 vasibus,
1123 1877 1235 1930 hoc
1282 1882 1391 1940 est,
1436 1877 1644 1948 spiritu
1676 1877 1940 1946 proprio,
1983 1875 2188 1929 anima

536 1965 788 2019 Domino
832 1964 1138 2018 ministret.
1173 1964 1412 2036 Absque
1459 1979 1596 2018 vero
1630 1964 1729 2018 Dei
1782 1963 2043 2027 vasibus,
2074 1963 2187 2017 hoc

533 2057 642 2120 est,
665 2051 894 2123 absque
924 2053 1133 2121 gratia,
1176 2053 1545 2124 impossibile
1579 2058 1663 2106 est
1689 2051 2036 2123 quempiam
2071 2053 2186 2105 Deo

534 2141 774 2205 servire,
817 2141 931 2196 hoc
971 2146 1057 2196 est
1087 2140 1321 2213 placere
1353 2141 1412 2196 in
1451 2156 1814 2213 quacunque
1847 2141 1943 2196 Dei
1979 2139 2188 2195 volun-

534 2234 675 2286 tate.

609 2443 695 2495 Vl.
730 2446 799 2498 At
833 2443 934 2498 ubi
980 2444 1273 2515 acceperit
1303 2444 1576 2513 gratiam,
1627 2447 1748 2498 tum
1782 2459 2023 2498 summa
2054 2458 2189 2512 pru-

536 2529 738 2586 dentia
764 2531 1182 2603 atquejudicio
1213 2549 1365 2604 opus
1383 2538 1490 2602 est,
1517 2548 1652 2604 quae
1682 2533 1862 2587 etiam
1894 2533 2023 2603 ipsa
2047 2547 2188 2586 con-

537 2619 688 2674 cedit
720 2619 873 2673 Deus
901 2619 1117 2675 animae
1144 2637 1178 2675 a
1201 2637 1261 2674 se
1289 2621 1631 2692 postulanti,
1664 2625 1724 2675 ut
1751 2621 2107 2689 gravissima
2137 2622 2187 2675 ei

540 2707 1020 2778 possitexhibere
1037 2709 1271 2764 servitia
1299 2709 1356 2763 in
1375 2709 1614 2780 Spiritu,
1637 2726 1817 2781 quem
1848 2710 2063 2780 accipit
2093 2726 2105 2775 ;
2133 2715 2189 2766 et

535 2795 594 2850 in
628 2797 792 2852 nullo
814 2798 1088 2852 vincatur
1105 2797 1382 2852 amalitia
1405 2803 1582 2870 atque
1606 2798 1862 2865 fallatur,
1892 2815 1997 2869 per
2023 2800 2187 2868 igno-

535 2885 813 2948 rantiam,
838 2886 1229 2941 temeritatem
1253 2902 1320 2941 ac
1346 2887 1766 2956 negligentiam
1791 2903 2019 2952 aversa,
2037 2902 2185 2958 prae-

538 2979 740 3046 terque
771 2975 1057 3029 decorum
1103 2975 1427 3030 Dominicae
1455 2976 1774 3031 voluntatis
1818 2978 2023 3031 omnia
2066 2991 2191 3046 per-

537 3077 724 3132 agens
750 3080 762 3117 :
782 3062 924 3135 quia
955 3063 1335 3134 supplicium,
1360 3081 1523 3119 mors
1539 3070 1594 3119 et
1619 3065 1814 3119 luctus
1844 3065 2189 3135 hujusmodi

537 3152 654 3224 54
682 3154 949 3209 animam
988 3159 1208 3208 manet.
1245 3155 1412 3218 Quod
1447 3155 1625 3210 etiam
1669 3155 1841 3210 divus
1870 3156 2190 3227 Apostolus

536 3243 683 3297 dixit
707 3261 718 3300 :
743 3243 834 3298 Ne
855 3243 1014 3311 forte
1030 3258 1161 3298 cum
1193 3244 1329 3299 aliis
1345 3243 1817 3310 pi'wdicaverim,
1848 3244 1972 3313 ipse
1997 3260 2194 3313 repro-

540 3331 644 3385 bus
667 3333 902 3400 efﬁciar
929 3332 996 3384 ‘9.
1029 3331 1204 3386 Vides
1230 3348 1365 3387 cum
1399 3333 1494 3386 Dei
1528 3333 1839 3405 apostolus
1872 3339 2043 3398 esset,
2073 3349 2193 3405 quo

535 3420 709 3474 fuerit
727 3421 933 3474 timore
956 3419 984 3460 9
1003 3420 1396 3475 Obsecremus
1415 3422 1594 3491 igitur
1621 3424 1963 3489 Dominum,
1991 3430 2052 3478 ut
2077 3440 2195 3477 ser-

537 3509 748 3562 vitium
793 3508 1040 3578 Spiritus
1075 3510 1409 3564 secundum
1439 3511 1805 3565 voluntatem
1833 3513 1960 3582 ejus
1986 3513 2045 3567 in
2079 3513 2193 3583 pri-

539 3597 640 3649 mis
655 3596 1411 3668 exhibeamus,quicunque
1426 3599 1626 3667 gratia:
1640 3600 1859 3653 divinae
1878 3601 2193 3672 participes

536 3684 677 3739 facti
709 3701 941 3749 sumus,
977 3701 1170 3756 neque
1216 3691 1411 3740 mente
1444 3687 1521 3741 ad
1555 3694 1964 3759 contemptum
1997 3689 2195 3761 dispo-

538 3773 648 3828 sita
676 3774 1089 3838 convivamus,
1113 3780 1173 3829 ut
1199 3774 1312 3829 hoc
1340 3775 1521 3830 modo
1553 3777 1899 3844 gratissima
1920 3781 2034 3833 Deo
2053 3796 2193 3834 con-

540 3864 873 3918 versatione
908 3868 1156 3927 utentes,
1200 3881 1268 3918 ac
1315 3865 1603 3935 spirituali
1648 3866 1809 3921 cultu
1860 3869 2194 3923 secundum

541 3952 906 4008 voluntatem
932 3953 1061 4023 ejus
1088 3953 1168 4007 illi
1193 3954 1620 4018 ministrantes,
1653 3961 1886 4012 aeternae
1920 3959 2055 4013 vita:
2079 3959 2195 4013 hae-

539 4041 850 4097 reditatem
879 4057 1197 4098 cernamus
1212 4083 1224 4096 .

613 4166 720 4220 Vll.
755 4166 953 4222 Morbo
998 4167 1042 4220 si
1094 4167 1229 4238 quis
1271 4166 1522 4233 laborat,
1565 4173 1764 4225 tamen
1823 4170 1947 4225 ﬁeri
1981 4175 2190 4242 potest,

540 4261 602 4309 ut
625 4255 673 4308 is
711 4255 983 4309 membra
1001 4255 1278 4325 quaedam
1314 4256 1495 4312 illaesa
1518 4273 1587 4312 ac
1618 4274 1766 4314 sana
1792 4260 2032 4325 habeat,
2057 4277 2195 4315 ocu-

1827 235 1885 292 S.
1930 231 2234 292 MACARII
2274 230 2593 291 EGYPTII

598 368 660 420 V.
688 367 808 422 Hoc
829 364 1023 438 ipsum
1039 365 1238 422 denuo
1261 365 1317 420 in
1333 364 1446 421 alia
1463 362 1950 436 personadicam.
1969 364 2182 428 Quem-
2211 363 2256 416 Α

3785 227 3892 288 580

2361 368 2416 415 Ε.
2453 366 2551 414 Καὶ
2581 359 2732 413 πάλιν
2763 359 2914 431 ἑτέρῳ
2959 363 3224 432 προσώπῳ
3253 356 3400 422 λέξω.
3446 357 3649 431 Ὠσπερ
3708 353 3897 418 δοῦλος

2292 451 2374 502 ἐὰν
2412 451 2612 524 εἰσέλθῃ
2669 452 2716 503 ἐν
2765 450 3022 520 παλατίῳ,
3078 451 3410 523 ὑπηρετῆσαι
3468 449 3536 499 τά
3595 450 3752 504 σκεύη
3799 455 3898 506 τῆς

2292 542 2602 615 ὑπηρεσίας,
2652 539 2706 592 ἐκ
2755 548 2851 591 τῶν
2909 546 2999 590 τοῦ
3049 537 3307 611 βασιλέως
3364 538 3710 609 ὑπαρχόντων
3760 536 3899 608 λαμ-

2295 628 2453 692 ϐάνει,
2510 629 2662 688 αύτὸς
2715 625 2773 680 δὲ
2823 630 3015 699 γυμνὸς
3064 627 3383 699 εἰσέρχεται,
3436 630 3526 677 καὶ
3568 624 3616 676 ἐν
3660 631 3770 686 τοῖς
3803 631 3897 675 τοῦ

2297 716 2555 790 βασιλέως
2605 720 2842 769 σκεύεσιν
2873 718 3120 789 ὑπηρετεῖ
3167 724 3237 786 τῷ
3271 713 3485 786 βασιλεῖ
3515 734 3528 747 ·
3567 712 3747 766 λοιπὸν
3792 709 3899 764 ὧδε

2296 807 2482 867 πολλῆς
2561 810 2811 866 συνέσεως
2885 810 2974 856 καὶ
3032 801 3349 878 διακρίσεως
3399 807 3578 878 χρεία,
3636 801 3718 853 ἶνα
3769 805 3899 873 μήτι

2297 899 2438 968 παρὰ
2482 900 2538 948 τὸ
2573 892 2687 948 δέον
2733 892 3049 967 διακονήσῃ,
3083 893 3212 945 ἄλλα
3264 892 3378 944 ἀντὶ
3417 891 3580 944 ἄλλων
3629 889 3900 963 ἐδέσματα

2300 986 2594 1058 εἰσαγαγὼν
2650 994 2711 1058 τῇ
2773 993 2863 1037 τοῦ
2927 984 3183 1057 βασιλέως
3247 986 3503 1056 τραπέζῃ,
3573 980 3702 1032 ἀλλά
3762 983 3897 1032 κατά

2300 1074 2607 1128 ἀκολουθίαν
2637 1077 2698 1129 τὰ
2749 1083 2931 1148 πρῶτα
2959 1079 3048 1126 καὶ
3082 1075 3147 1125 τὰ
3195 1075 3404 1142 ἔσχατα
3445 1073 3657 1146 παραθῇ
3693 1073 3840 1122 σιτία
3873 1085 3887 1098 ·

2301 1163 2343 1213 εἰ
2393 1160 2452 1214 δὲ
2501 1166 2638 1214 κατά
2692 1164 2903 1233 ἄγνοιαν
2952 1167 3040 1213 καὶ
3095 1157 3436 1234 ἀδιακρισίαν
3486 1163 3558 1230 μὴ
3604 1154 3893 1230 διακονήση

2298 1259 2368 1321 τῷ
2428 1250 2639 1324 βασιλεῖ
2693 1251 2933 1315 καθεξῆς,
2998 1247 3243 1301 κινδύνου
3297 1253 3386 1299 καὶ
3445 1249 3666 1299 Θανάτου
3720 1249 3900 1317 buxo;

2299 1342 2553 1410 τυγχάνει
2581 1359 2592 1371 ·
2628 1340 2792 1400 οὕτως
2820 1343 2908 1390 xui
2939 1337 3092 1409 ψυχὴ
3129 1336 3174 1388 ἐν
3207 1344 3268 1408 τῇ
3304 1339 3492 1408 χάριτι
3520 1340 3610 1387 καὶ
3639 1342 3711 1406 τῷ
3739 1336 3900 1386 Πνεύ-

2299 1449 2426 1500 ματι
2481 1425 2802 1481 διακονοῦσα
2851 1437 2920 1498 τῷ
2980 1434 3115 1496 Θεῷ,
3174 1425 3367 1486 πολλῆς
3435 1421 3747 1496 διακρίσεως
3803 1428 3898 1474 καὶ

2299 1525 2537 1588 γνώσεως
2585 1522 2799 1590 χρῄζει,
2833 1519 2971 1578 ὅπως
3013 1521 3142 1588 μήτε
3193 1515 3360 1588 σφαλῇ
3414 1516 3463 1566 ἓν
3493 1520 3597 1573 τοὶς
3627 1520 3718 1564 τοῦ
3763 1520 3901 1566 Θεοῦ

2302 1611 2560 1674 σκεύεσιν,
2629 1604 2791 1665 ἧδουν
2858 1615 2917 1678 τῇ
2973 1613 3065 1658 τοῦ
3131 1607 3429 1676 Πνεύματος
3481 1599 3743 1673 διακονίᾳ,
3806 1606 3900 1660 τὴν

2231 1681 2268 1734 Β
2302 1694 2442 1748 ἰδίαν
2467 1702 2771 1772 προαίρεσιν
2819 1701 2890 1768 μὴ
2928 1703 3305 1767 συμφωνοῦσαν
3338 1701 3398 1765 τῇ
3436 1695 3624 1766 χάριτι
3672 1694 3898 1763 ἔχουσα.

2299 1785 2451 1838 ’Ἐστι
2503 1789 2604 1860 γὰρ
2659 1785 2707 1837 ἐν
2756 1793 2816 1856 τῇ
2874 1793 2964 1836 τοῦ
3016 1787 3311 1856 Πνεύματος
3367 1779 3610 1852 διακονίᾳ
3661 1788 3901 1854 κρυπτῶς

2300 1875 2398 1925 ὑπὸ
2454 1883 2545 1926 τοῦ
2613 1877 2712 1927 ἔσω
2767 1873 3037 1947 ἀνθρώπου
3092 1873 3477 1944 ἐπιτελουμένη,
3537 1876 3628 1922 καὶ
3684 1868 3732 1920 ἕν
3791 1874 3900 1930 τοῖς

2303 1960 2457 2024 ἰδίοις
2511 1967 2738 2028 σκεύεσι,
2790 1968 3030 2016 τουτέστι
3087 1970 3157 2032 τῷ
3200 1963 3454 2033 πνεύματι
3508 1959 3665 2012 αὐτοῦ
3716 1954 3903 2010 διακο-

2299 2055 2500 2105 νεῖσθαι
2545 2058 2631 2106 τὸν
2687 2055 2874 2126 Κύριον
2930 2054 3030 2103 ὑπὸ
3077 2059 3166 2112 τῆς
3216 2050 3424 2122 ψυχῆς.
3484 2047 3636 2102 Ἀνευ
3687 2044 3745 2099 δὲ
3799 2055 3898 2099 τῶν

2300 2142 2458 2194 αὐτοῦ
2509 2151 2726 2211 σκευῶν,
2757 2146 2996 2194 τουτέστι
3048 2149 3142 2202 τῆς
3183 2143 3420 2212 χάριτος,
3476 2134 3734 2189 ἀδύνατόν
3782 2154 3901 2187 τινα

2298 2239 2369 2301 τῷ
2399 2239 2511 2301 Θεῷ
2543 2228 2758 2289 διακονῆ
2772 2249 2883 2296 σαι,
2914 2232 3203 2294 τουτέστιν,
3238 2227 3589 2302 εὐαρεστῆσαι
3622 2225 3692 2286 εἰς
3728 2225 3899 2277 πάντα

2297 2323 2362 2372 τὰ
2400 2328 2490 2372 τοῦ
2521 2328 2654 2374 Θεοῦ
2686 2319 2969 2391 Θελήματα.

2371 2447 2440 2510 ς’.
2501 2450 2602 2498 Kui
2661 2447 2780 2497 ὅταν
2833 2443 2964 2516 λάϐῃ
3018 2447 3111 2501 τὴν
3168 2444 3350 2516 χάριν,
3399 2444 3490 2493 καὶ
3545 2444 3660 2493 τότε
3713 2439 3900 2499 πολλῆς

2301 2539 2554 2595 συνέσεως
2613 2540 2703 2586 καὶ
2765 2531 3080 2608 διακρίσεως
3147 2535 3323 2601 χρεία,
3393 2529 3519 2602 οἷπερ
3578 2533 3668 2581 καὶ
3734 2535 3900 2581 ταῦτα

2301 2625 2450 2685 αὐτὸς
2485 2621 2714 2676 δίδωσιν
2761 2626 2887 2694 αὐτῇ
2951 2623 3183 2692 ζητούσῃ
3242 2621 3388 2691 παρὰ
3443 2625 3596 2684 Θεοῦ,
3653 2620 3784 2679 ὃπως
3815 2617 3900 2669 εύ-

2299 2719 2525 2788 αρέστως
2555 2713 2696 2782 αύτῷ
2745 2708 2960 2768 διακονή
2974 2730 3039 2783 σῃ
3085 2709 3132 2761 ἐν
3162 2717 3235 2780 τῷ
3268 2710 3528 2781 Πνεύματι
3561 2709 3586 2759 ὃ
3628 2706 3894 2780 λαμϐάνει,

2299 2810 2387 2856 καὶ
2439 2807 2487 2854 ἓν
2546 2799 2733 2875 μηδενὶ
2787 2808 2951 2874 κρατῂ⁹
3013 2802 3113 2851 ύπό
3168 2806 3259 2858 τῆς
3314 2802 3505 2858 κακίας
3555 2802 3640 2848 xui
3701 2795 3894 2866 σφαλῆ,

2302 2895 2400 2945 ὑπὸ
2458 2893 2665 2964 ἀγνοίας
2735 2897 2824 2942 καὶ
2905 2888 3121 2962 ἀφοϐίας
3187 2893 3276 2939 καὶ
3337 2886 3572 2960 ἀμελείας
3628 2903 3896 2960 παρατρα-

2304 2991 2478 3046 πείσα,
2530 2986 2614 3033 καὶ
2654 2983 2796 3053 παρά
2842 2983 2900 3031 τὸ
2935 2976 3049 3031 δέον
3100 2985 3190 3029 τοῦ
3237 2983 3556 3029 Δεσποτικοῦ
3605 2971 3898 3045 διαπραξα-

2231 3025 2270 3080 C

2302 3076 2424 3143 μένη
2487 3071 2787 3141 θελήματος,
2865 3068 2973 3120 ἐπεὶ
3044 3070 3289 3139 τιμωρία,
3345 3070 3434 3117 καὶ
3510 3065 3743 3132 θάνατος,
3809 3066 3899 3114 xui

2302 3162 2479 3219 πένθος
2522 3167 2582 3230 τῇ
2632 3161 2846 3229 τοιαύτη
2881 3160 3030 3208 ἔσται
3072 3155 3221 3228 ψυχῇ
3259 3173 3271 3185 ’
3320 3155 3460 3206 ὁκαὶ
3504 3155 3528 3204 ὁ
3564 3155 3698 3214 θεῖὸς
3740 3171 3898 3224 φησιν

2289 3248 2671 3310 ιἈπόστολος·
2729 3252 2822 3304 Μὴ
2891 3265 3014 3306 πως
3082 3243 3304 3304 ἄλλοις
3372 3244 3651 3315 κηρύξας
3713 3241 3900 3300 αὐτὸς

2306 3336 2626 3409 ἀδόκιμος
2662 3339 2945 3407 γένωμαι
2978 3351 2989 3364 ·
3035 3336 3178 3406 ὁρᾷς,
3212 3332 3497 3392 ἀπόστολος
3527 3333 3594 3382 ὧν
3626 3338 3718 3382 τοῦ
3748 3335 3896 3396 Θεοῦ,

2305 3424 2408 3478 οἷον
2440 3423 2550 3497 εἶχε
2583 3424 2771 3496 φοϐον;
2803 3422 3246 3495 Παρακαλέσωμεν
3277 3425 3446 3472 τοίνυν
3472 3424 3558 3471 τὸν
3585 3422 3736 3486 Θεὸν,
3768 3420 3902 3478 ὅπως

2304 3521 2394 3573 τὴν
2427 3513 2694 3567 διακονίαν
2743 3520 2833 3564 τοῦ
2882 3514 3175 3583 Πνεύματος
3205 3513 3340 3562 κατά
3387 3513 3444 3560 τὸ
3493 3509 3652 3560 αὐτοῦ
3706 3507 3903 3579 θέλημα

2308 3601 2702 3675 διακονήσωμεν
2752 3603 3037 3673 ἐξαιρέτως,
3079 3603 3195 3652 ὅσοι
3243 3608 3338 3660 τῆς
3367 3601 3588 3672 χάριτος
3627 3605 3719 3650 τοῦ
3767 3603 3899 3649 Θεοῦ

2307 3693 2579 3765 ἐτύχομεν,
2628 3697 2718 3744 καὶ
2765 3697 2836 3762 μή
2871 3698 2931 3762 τῇ
2966 3695 3380 3761 καταφρονητικῇ
3431 3691 3668 3758 συζῶμεν
3713 3688 3900 3758 ἐννοίᾳ,

2307 3784 2388 3834 ἵνα
2470 3784 2632 3842 οὕτως
2707 3781 2995 3854 εὐαρέστως
3067 3779 3207 3847 αύτῷ
3287 3777 3737 3848 πολιτευσάμενοι,
3814 3778 3904 3825 xui

2305 3879 2625 3943 πνευματικῇ
2676 3870 2884 3944 λατρεία
2935 3870 3071 3919 κατά
3119 3871 3176 3919 τὸ
3231 3866 3429 3937 θέλημα
3481 3869 3642 3917 αὑτοῦ
3693 3865 3904 3937 λατρεύ-

2309 3979 2484 4024 σαντες
2515 3961 2676 4032 αύτῷ,
2707 3964 2800 4018 τὴν
2831 3960 3035 4010 αἰώνιον
3062 3957 3200 4018 ζωὴν
3227 3955 3722 4030 κληρονομήσωμεν.

2376 4175 2446 4230 Ζε.

2304 4266 2428 4337 μέλη
2481 4269 2621 4337 ἔχειν
2667 4264 2822 4315 αὐτὸν
2871 4263 3016 4331 ὑγιᾶ,
3073 4259 3332 4330 ὀφθαλμὸν
3380 4261 3510 4318 ἴσως
3561 4256 3746 4327 ὅψεως,
3798 4259 3826 4312 ἤ
3857 4273 3906 4306 τι

2499 4177 2793 4228 Ἀσθενειαν
2846 4175 3133 4246 περίκειται
3173 4189 3270 4236 τις,
3319 4173 3407 4221 καὶ
3459 4165 3734 4240 συμϐαίνει
3790 4168 3908 4219 τινὰ

538 4343 664 4398 lum
699 4345 969 4398 videlicet
999 4345 1266 4411 visionis,
1304 4353 1403 4400 aut
1444 4346 1604 4401 aliud
1641 4349 1978 4403 membrum
2015 4366 2025 4402 2
2061 4350 2192 4404 reli-

2303 4355 2490 4428 ἕτερον,
2544 4352 2671 4404 ἀλλά
2718 4354 2784 4403 τά
2827 4351 2986 4402 λοιπὰ
3032 4349 3159 4421 μέλη
3217 4349 3503 4420 ἠφάνισται
3539 4364 3551 4375 ’
3584 4346 3747 4406 οὕτως
3792 4343 3906 4395 ἐστὶ

539 4448 662 4504 qua
689 4449 824 4487 vero
857 4433 1132 4489 membra
1157 4434 1496 4489 afﬁciuntur
1517 4452 1528 4489 :
1550 4436 1634 4490 sic
1657 4453 1896 4508 quoque
1929 4439 2109 4494 habet
2133 4454 2194 4492 se

539 4537 632 4576 res
654 4521 711 4575 in
731 4522 1159 4593 spiritualibus.
1183 4524 1492 4578 Probabile
1507 4531 1608 4589 est,
1633 4527 1983 4596 quempiam
2011 4543 2192 4582 mem-

541 4611 647 4666 bra
692 4612 930 4682 spiritus
971 4613 1080 4667 tria
1119 4612 1339 4667 habere
1388 4629 1557 4678 sana,
1593 4616 1694 4667 sed
1728 4631 1846 4669 non
1881 4625 2195 4687 propterea

539 4699 834 4770 perfectus
858 4707 967 4756 est.
1008 4701 1182 4754 Vides
1205 4709 1349 4772 quot
1368 4703 1592 4771 gradus
1613 4710 1668 4757 et
1701 4704 1861 4758 modi
1891 4708 2006 4760 sint
2029 4706 2195 4776 spiri-

536 4794 628 4842 tus
663 4806 674 4838 :
711 4788 1018 4858 quomodo
1061 4805 1164 4860 per
1196 4797 1390 4860 partes
1431 4792 1749 4848 defaecetur
1779 4809 1849 4848 ac
1894 4795 2196 4851 minuatur

535 4876 780 4943 malitia,
807 4883 863 4930 et
893 4893 1011 4930 non
1037 4893 1158 4931 uno
1192 4887 1517 4935 momento.
1550 4882 1854 4945 Universa,
1879 4900 2011 4955 qum
2034 4893 2190 4951 sunt,

536 4964 910 5035 providentia
929 4981 997 5019 ac
1012 4966 1457 5036 dispensatione
1477 4969 1679 5026 divina
1695 4971 1862 5043 ﬁunt,
1882 4981 2004 5028 tum
2029 4973 2196 5045 quod

532 5054 755 5108 oriatur
788 5051 895 5117 sol,
933 5058 1055 5108 tum
1090 5055 1254 5123 quod
1283 5072 1495 5110 omnes
1527 5066 1814 5114 creaturae
1848 5070 2089 5133 propter
2112 5079 2197 5118 re-

532 5156 739 5211 gnum,
802 5142 968 5212 quod
1028 5142 1403 5199 haereditario
1459 5146 1593 5215 jure
1657 5152 1992 5218 possessuri
2057 5158 2198 5206 sunt

531 5229 716 5295 electi,
763 5229 931 5285 factae
987 5232 1124 5296 sint,
1187 5239 1248 5287 ut
1301 5233 1621 5304 paciﬁcum
1663 5253 1731 5293 ac
1771 5255 1843 5293 ex
1876 5241 2198 5298 concordia

532 5320 900 5374 constituant
940 5335 1214 5390 regnum.

615 5445 750 5499 Vlll.
785 5443 1009 5500 Debent
1049 5444 1226 5515 igitur
1254 5447 1562 5504 Christiani
1594 5467 1700 5522 per
1728 5454 1934 5509 omnia
1960 5460 2198 5512 conten-

623 5616 667 5650 ⁴⁹
699 5615 721 5674 Ι
748 5616 878 5676 Cor.
911 5630 990 5685 1x,
1017 5617 1104 5673 27.

2302 4449 2391 4494 xui
2438 4443 2504 4502 εἰς
2547 4445 2604 4492 τὸ
2651 4444 3016 4511 πνευματικόν.
3069 4437 3219 4497 Εἰκὸς
3263 4456 3378 4488 τινα
3426 4439 3566 4506 ἔχειν
3606 4436 3732 4506 ὑγιᾶ
3776 4431 3903 4504 μέλη

2302 4540 2392 4584 τοῦ
2459 4534 2742 4602 πνεύματος
2804 4535 2945 4602 τρία,
3016 4527 3121 4578 ἀλλ’
3181 4527 3240 4578 ού
3306 4528 3450 4601 παρὰ
3513 4532 3664 4576 τοῦτο
3723 4521 3909 4582 τέλειός

2303 4623 2460 4675 ἐστιν.
2510 4620 2664 4693 Ὀρᾲς
2695 4624 2852 4671 πόσοι
2897 4617 3098 4690 βαθμοί
3148 4616 3251 4668 εἰσι
3298 4621 3387 4667 καὶ
3427 4619 3591 4688 μέτρα
3634 4618 3726 4663 τοῦ
3759 4613 3910 4661 πνεύ-

2303 4730 2464 4781 ματος
2499 4728 2510 4738 ·
2563 4718 2672 4769 πῶς
2723 4711 2857 4761 κατὰ
2911 4710 3063 4779 μέρος
3113 4702 3405 4765 διῦλίξεται
3462 4708 3553 4755 καὶ
3604 4701 3909 4753 λεπτύνεται

2305 4802 2361 4850 τὸ
2388 4802 2566 4863 κακὸν,
2622 4802 2710 4849 καὶ
2743 4797 2848 4868 ούχ
2890 4795 3048 4857 ἅπαξ.
3077 4793 3206 4850 Ὀλη
3240 4795 3268 4850 ἡ
3304 4797 3521 4865 πρόνοια
3571 4795 3661 4842 xui
3712 4790 3908 4840 οἰκονοο

2305 4894 2400 4960 μία
2446 4896 2537 4940 τοῦ
2597 4893 2810 4959 Κυρίου,
2868 4890 2957 4937 xui
3009 4887 3066 4935 τὸ
3116 4881 3401 4934 ἀνατέλλειν
3456 4883 3542 4933 τόν
3603 4879 3767 4944 ἣλιον,
3820 4881 3908 4929 xui

2308 4979 2475 5028 πάντα
2525 4979 2592 5028 τὰ
2662 4973 3130 5048 δημιουργήματα,
3199 4969 3294 5023 διὰ
3347 4976 3440 5028 τὴν
3499 4968 3795 5042 βασιλείαν,
3850 4965 3910 5023 ἣν

2307 5065 2552 5136 μέλλουσι
2594 5065 2925 5139 κληρονομεῖν
2979 5064 3026 5114 oi
3083 5060 3326 5126 ἐκλεκτοὶ,
3386 5064 3656 5132 γεγόνασι,
3705 5054 3800 5109 διὰ
3851 5058 3907 5106 τὸ

2308 5159 2400 5212 τὴν
2429 5155 2690 5229 εἰρηνικὴν
2734 5159 2824 5206 xui
2856 5152 2973 5204 καθ’
3025 5153 3262 5224 ὁμόνοιαν
3314 5156 3572 5207 συστῆναι
3613 5144 3905 5220 βασιλείαν.

2382 5456 2456 5513 Η“.
2486 5455 2808 5529 Ὀφείλουσιν
2858 5452 2945 5509 οὖν
2984 5457 3033 5509 οἱ
3078 5456 3385 5529 Χριστιανοὶ
3439 5451 3506 5514 εἰς
3553 5451 3726 5505 πάντα
3777 5448 3910 5521 ἀγω-
