4148 6262
277 291 375 352 581

1566 282 1906 343 ΗΟΜΙΙᾸᾹΞ.
1950 315 2018 327 -
2057 283 2228 343 HOM.
2271 283 2389 341 XV.

3538 293 3648 346 582

275 421 540 487 νίζεσθαι,
588 420 677 471 καὶ
725 420 856 489 μήτε
930 418 1121 490 κρίνειν
1179 412 1307 475 ὅλως
1382 414 1511 476 τινὰ,
1562 416 1633 485 μὴ
1693 416 1875 487 πόρνηδ.

1996 410 2155 476 dere,
2184 426 2381 483 neque
2428 410 2676 468 omnino
2705 409 2979 481 judicare
3009 412 3382 483 quempiam,
3408 427 3483 469 ne
3522 414 3646 485 qui-

272 516 632 584 προεστῶσαν,
676 510 748 577 μὴ
807 503 1165 578 ἁμαρτωλοὺς,
1196 503 1226 561 ἦ
1276 501 1554 570 ἀτάκτους,
1596 500 1702 553 ἀλλ’
1748 500 1883 584 ἁπλῆ

273 574 578 672 προαιρέσει
632 574 724 648 καὶ
773 574 990 668 καθαρῷ
1039 592 1286 665 ὀφθαλμῷ
1359 595 1557 653 πάντας
1619 592 1763 665 ὸρᾲν,
1824 574 1885 641 ἶν’

275 690 497 761 ὑπάρχῃ
530 688 682 740 τοῦτὸ
728 704 833 738 τινι
892 686 958 745 ὡς
1008 684 1228 755 φυσικὸν
1276 686 1365 733 καὶ
1417 682 1636 748 πηκτὸν,
1683 675 1887 752 μηδένα

275 775 579 842 ἐξουδενεῖν,
618 780 751 847 μήτε
795 772 1107 847 ἀνακρίνειν,
1151 772 1180 830 ἢ
1225 768 1643 843 βδελύσσεσθαι,
1670 772 1700 828 ἤ
1743 772 1882 841 ἔχειν

277 869 463 929 αὐτούς
492 865 541 919 ἐν
573 862 861 938 διακρίσει.
904 860 1280 934 Μονὸφθαλμον
1337 860 1423 912 ἐὰν
1452 856 1594 932 ἴδῃς,
1648 864 1717 930 μὴ
1767 854 1883 910 δια-

274 954 536 1032 κριθῇςέν
564 964 629 1028 τῇ
671 950 869 1026 καρδίᾳ
928 971 1044 1017 σου,
1101 950 1208 1002 ἀλλ’
1262 952 1327 1012 ὠς
1374 951 1511 1021 ὑγιεῖ
1562 947 1702 1018 αὐτῷ
1758 951 1883 1022 πρὸ-

277 1050 407 1118 σχες
434 1062 447 1076 ⁸
506 1048 593 1097 τὸν
640 1046 833 1115 ἔχοντα
883 1041 1078 1100 κυλλὴν
1131 1043 1224 1099 τὴν
1264 1046 1445 1113 χεῖρα,
1496 1041 1560 1098 ὡς
1598 1041 1669 1109 μὴ
1703 1036 1881 1089 κεκυλ-

272 1135 501 1207 λωμένην
548 1130 652 1198 ἶδε,
710 1135 796 1185 τὸν
841 1130 1014 1203 χωλὸν
1046 1134 1116 1192 ὡς
1152 1129 1327 1202 ὀρθὸν,
1386 1131 1473 1181 τὸν
1526 1126 1878 1201 παραλυτικὸν

275 1228 345 1286 ὡς
372 1226 673 1295 ὑγιαίνοντα
701 1239 712 1250 ·
748 1220 877 1279 αὕτη
908 1221 1010 1295 γάρ
1045 1222 1191 1271 ἔστιν
1230 1220 1259 1276 ἠ
1294 1219 1592 1288 καθαρότης
1620 1223 1715 1274 τῆς
1745 1234 1877 1288 καρ-

278 1308 422 1379 δίας,
474 1312 557 1363 ἳνα
610 1307 738 1362 ἰδὼν
778 1311 899 1370 τοὺς
938 1306 1281 1380 ἁμαρτωλούς
1324 1306 1353 1364 ἢ
1407 1304 1637 1363 ἀσθενεῖς
1671 1322 1877 1375 συμπα-

276 1403 470 1474 θησῃς,
501 1404 592 1452 καὶ
622 1398 982 1469 εὔσπλαγχνος
1040 1395 1117 1448 ἄπ’
1176 1395 1353 1455 αὐτοῖς
1390 1402 1509 1465 γενῇ
1546 1410 1558 1423 ⁸
1604 1390 1878 1465 συμϐαίνει

271 1493 372 1562 γὰρ
431 1493 521 1541 καὶ
567 1488 751 1558 ἁγίους
804 1490 997 1559 Κυρίου
1054 1484 1372 1544 καθέζεσθαι
1419 1482 1486 1543 εἰς
1539 1484 1729 1554 θέατρα
1784 1485 1876 1533 καὶ

276 1577 484 1650 βλέπειν
543 1581 635 1635 τὴν
675 1575 878 1633 ἀπάτην
934 1581 1027 1627 τοῦ
1079 1578 1282 1644 κόσμου
1315 1588 1332 1604 ⁶
1366 1571 1517 1624 αὐτοὶ
1548 1567 1606 1623 δὲ
1635 1572 1767 1622 κατὰ
1786 1575 1873 1623 τὸν

277 1669 380 1718 ἔσω
405 1664 671 1740 ἄνθρωπον
726 1662 944 1716 λαλοῦσι
991 1665 1121 1735 μετά
1176 1669 1269 1713 τοῦ
1327 1668 1479 1726 Θεοῦ,
1509 1664 1593 1712 καὶ
1628 1663 1764 1713 κατά
1787 1663 1874 1712 τὸν

275 1755 371 1818 ἔξω
409 1756 677 1827 ἄνθρωπον
717 1757 980 1825 φαίνονται
1024 1757 1132 1812 τοῖς
1178 1750 1461 1823 ὀφθαλμοῖς
1512 1752 1576 1811 ὡς
1625 1751 1875 1823 θεωροῦν·
1904 1762 1946 1816 Β

274 1864 359 1906 τες
382 1846 447 1897 τὰ
475 1842 524 1896 ἐν
542 1851 613 1915 τῷ
633 1846 816 1914 κόσμῳ
844 1845 1105 1914 γενόμενα.
1708 1856 1721 1865 ν’

346 2038 428 2093 Θ’.
470 2037 662 2097 ’Ἄλλην
688 2034 776 2091 οὖν
828 2039 1048 2109 ἔχουσιν
1094 2036 1143 2089 οἱ
1200 2039 1449 2107 κοσμικοὶ
1487 2032 1741 2106 ἐνέργειαν
1773 2035 1871 2085 ὑπὸ

274 2136 367 2181 τοῦ
414 2131 702 2200 πνεύματος
758 2136 849 2187 τῆς
887 2126 1083 2188 πλάνης
1112 2132 1203 2177 τοῦ
1253 2130 1451 2199 φρονεῖν
1490 2125 1557 2175 τά
1584 2128 1755 2193 γήῖνα.
1809 2124 1874 2175 Οἱ

276 2213 339 2269 δὲ
375 2221 686 2292 Χριστιωοὶ
737 2216 897 2275 ἄλλην
945 2218 1137 2287 ἔχουσι
1186 2218 1512 2289 προαίρεσιν,
1554 2211 1705 2265 ἄλλον
1734 2218 1870 2276 νοῦν,

275 2305 435 2359 ἄλλου
466 2306 650 2368 αἰῶνός
682 2306 834 2371 εἰσιν,
889 2304 1045 2364 ἄλλης
1093 2302 1305 2364 πόλεως.
1356 2310 1565 2375 Πνεῦμα
1591 2305 1692 2374 γὰρ
1740 2309 1872 2356 Θεοῦ

276 2402 507 2447 κοινωνεῖ
544 2403 660 2457 ταῖς
718 2394 929 2466 ψυχαῖς
976 2393 1166 2459 αὐτῶν,
1206 2396 1293 2444 καὶ
1332 2398 1700 2444 καταπατοῦσι
1736 2390 1874 2443 ἀντι-

275 2489 525 2557 κείμενον.
563 2488 859 2557 Γέγραπται
889 2485 990 2556 γὰρ
1026 2502 1037 2514 ·
1098 2482 1419 2553 Ἔσχατος
1477 2479 1713 2552 ἐχθρὸς
1776 2500 1874 2532 κα-

272 2581 613 2646 ταργεῖται
675 2576 701 2625 ὁ
765 2575 1061 2635 θάνατος.
1116 2574 1182 2625 Οἱ
1228 2573 1328 2644 γὰρ
1380 2568 1630 2631 θεοσεϐεῖς
1670 2571 1874 2622 πάντων

275 2663 377 2716 εἰσί
428 2659 703 2717 δεσπόται.
760 2663 920 2715 Πάλιν
977 2658 1036 2715 δε
1074 2663 1123 2714 οἱ
1176 2667 1369 2733 χαῦνοι
1424 2667 1486 2731 τῇ
1544 2663 1743 2721 πίστει,
1782 2664 1873 2711 καὶ

273 2752 588 2825 ἁμαρτωλοὶ,
615 2752 739 2813 ὅλως
763 2752 868 2805 εἰσὶ
899 2748 1100 2815 δοῦλοι,
1128 2755 1219 2804 καὶ
1247 2757 1351 2823 πῦρ
1383 2748 1568 2809 αὐτοὺς
1598 2753 1751 2815 καίει,
1783 2752 1872 2800 καὶ

268 2840 411 2905 λίθος
457 2847 547 2895 καὶ
598 2842 740 2914 ξίφος
776 2840 1067 2895 ἀποκτείνει
1108 2856 1121 2871 ⁶
1185 2844 1274 2892 καὶ
1310 2838 1598 2892 τελευταῖον
1633 2833 1873 2910 δαίμονες

270 2930 438 2983 αὐτῶν
465 2932 781 3003 κατακυριεύ
789 2949 882 2983 σου
891 2948 995 2983 σιν.

340 3053 400 3108 Ῑ’.
443 3054 824 3127 Ἐρώτησις.
855 3053 923 3107 Εἰ
975 3056 1033 3106 ἐν
1089 3060 1163 3125 τῇ
1213 3050 1565 3104 ἀναστάσει
1631 3049 1742 3103 ὅλα
1795 3051 1872 3101 τὰ

270 3140 425 3213 μέλη
460 3140 884 3210 ἀνίστανται;

1912 3121 1952 3176 C

339 3267 746 3340 Ἀπόκρισις.
800 3273 883 3337 Τῷ
938 3272 1053 3337 Θεῷ
1077 3266 1248 3317 πάντα
1286 3263 1469 3316 εῦκολά
1508 3263 1642 3329 ἐστι,
1670 3265 1756 3314 καὶ
1782 3260 1873 3314 οῦ-

268 3374 369 3417 τως
428 3353 772 3426 ἐπηγγείλατο
806 3372 818 3384 ’
880 3353 1174 3429 ἀνθρωπίνῃ
1213 3351 1272 3405 δε
1321 3351 1574 3424 ἀσθενείᾳ.
1616 3355 1705 3403 καὶ
1732 3351 1871 3421 λογι-

272 3452 389 3516 σμῷ
447 3445 621 3518 ὥσπερ
678 3441 940 3497 ἀδύτατον
993 3450 1144 3495 τοῦτο
1221 3446 1606 3514 καταφαίνεται.
1670 3439 1868 3515 ’Ὠσπερ

266 3535 367 3606 γὰρ
420 3532 521 3585 ἀπὸ
562 3540 654 3584 τοῦ
695 3536 828 3604 χοὸς
879 3537 966 3585 καὶ
1020 3540 1116 3594 τῆς
1165 3539 1265 3602 γῆς
1310 3530 1478 3583 λαϐὼν
1524 3532 1550 3581 ὅ
1603 3533 1746 3595 Θεὸς,
1802 3534 1870 3590 ὡς

266 3621 426 3679 ἄλλην
470 3623 587 3674 τινὰ
627 3624 780 3693 φύσιν
835 3623 1189 3674 κατεσκεύασε
1225 3624 1320 3678 τὴν
1375 3626 1465 3671 τοῦ
1511 3624 1748 3685 σώματος
1793 3623 1865 3691 μὴ

266 3709 494 3763 ἐοικυῖαν
524 3718 587 3783 τῇ
642 3718 735 3783 γῇ,
789 3715 879 3763 καὶ
936 3714 1057 3781 γένη
1114 3708 1277 3762 πολλά
1323 3708 1584 3774 έποίησεν,
1618 3708 1722 3760 οἷον
1762 3714 1869 3780 τρί-

266 3818 393 3872 χας,
453 3803 543 3851 καὶ
593 3795 781 3873 δέρμα,
814 3803 903 3851 καὶ
960 3798 1137 3867 ὀστέα,
1172 3802 1263 3851 καὶ
1303 3805 1457 3871 νεῦρα
1487 3816 1499 3831 ο
1543 3802 1631 3849 καὶ
1662 3798 1714 3849 ὅν
1748 3800 1870 3869 τρό-

267 3906 359 3940 πον
393 3886 681 3960 βαλλομένη
712 3887 868 3960 ῥαφὶς
913 3885 985 3948 εἰς
1035 3892 1159 3959 πῦρ,
1227 3885 1478 3938 ἀλλάσσει
1532 3890 1626 3944 τὴν
1674 3891 1863 3960 χρόαν,

265 3981 355 4029 καὶ
402 3975 780 4048 μεταϐάλλεται
838 3975 905 4035 εἰς
959 3982 1062 4048 πῦρ
1105 3989 1118 4003 ⁸
1195 3977 1431 4046 μέντοιγε
1480 3976 1510 4031 ἡ
1571 3976 1723 4046 φύσις
1776 3981 1867 4025 τοῦ

266 4061 493 4138 σιδήρου
545 4065 639 4116 οὐκ
675 4063 923 4137 ἀνῃρέθη,
958 4062 1087 4115 ἀλλά
1117 4067 1431 4121 συνέστηκεν
1464 4080 1476 4092 ·
1512 4061 1676 4122 οὕτως
1703 4065 1792 4112 καὶ
1820 4064 1868 4112 ἐν

264 4161 326 4226 τῇ
361 4151 649 4206 ἀναστάσει
679 4152 775 4205 ὅλα
801 4155 867 4204 τὰ
896 4151 1022 4223 μέλη
1050 4150 1374 4217 ἀνίστανται,
1408 4154 1515 4202 καὶ
1572 4150 1713 4224 θρὶξ
1758 4149 1869 4201 οῦκ

266 4241 639 4307 ἀπόλλυται,
688 4244 862 4303 καθὼς
916 4243 1232 4313 γέγραπται,
1300 4244 1391 4291 καὶ
1454 4239 1546 4290 ὅλα
1600 4243 1870 4310 γίγνονται

269 4328 549 4404 φωτοειδῆ,
617 4330 709 4384 ὅλα
762 4330 831 4393 εἰς
874 4337 980 4402 φῶς
1031 4334 1121 4382 καὶ
1152 4339 1255 4403 πῦρ
1309 4326 1623 4401 βάπτονται,
1657 4332 1747 4379 καὶ
1784 4346 1870 4398 με-

267 4419 631 4486 ταϐάλλονται,
665 4418 771 4472 ἀλλ’
804 4418 930 4491 ούχ,
986 4417 1055 4480 ὣς
1093 4436 1226 4478 τινες
1282 4416 1544 4488 λέγουσιν,
1592 4414 1870 4468 ἀναλύεται

266 4514 358 4561 καὶ
412 4514 609 4580 γίνεται
663 4516 791 4581 πῦρ,
867 4512 957 4561 καὶ
1040 4506 1213 4560 οὐκέτι
1284 4507 1569 4578 ὑφέστηκεν
1615 4508 1644 4563 ἡ
1690 4507 1866 4578 φύσις.

270 4602 464 4670 Πέτρος
509 4600 607 4672 γὰρ
671 4603 865 4673 Πέτρος
909 4596 1044 4663 ἐστὶ,
1104 4600 1194 4648 καὶ
1255 4594 1457 4656 Παῦλος
1512 4593 1729 4659 Παῦλος,
1782 4598 1871 4646 καὶ

274 4685 527 4745 Φίλιππος
583 4686 875 4746 Φίλιππος·
934 4687 1155 4747 ἕκαστος
1190 4684 1241 4737 ἐν
1293 4692 1356 4756 τῇ
1416 4680 1530 4756 ἰδίᾳ
1592 4686 1743 4754 φύσει
1784 4687 1872 4734 καὶ

276 4774 568 4825 ὑποστάσει
632 4780 769 4845 μένει
819 4775 1215 4848 πεπληρωμένος
1276 4781 1369 4826 τοῦ
1434 4774 1750 4844 Πνεῦματος.
1813 4771 1873 4823 Εἰ

278 4858 338 4915 δὲ
393 4861 572 4933 λέγεις,
618 4864 698 4914 ὅτι
751 4862 965 4921 ἀνελύθη
1022 4866 1051 4923 ἡ
1120 4867 1298 4936 φύσις,
1360 4862 1534 4915 οῦκέτι
1595 4866 1806 4934 Πέτρος,
1839 4861 1868 4919 ἣ

276 4950 496 5017 Παῦλος,
548 4950 676 5004 ἀλλά
728 4952 895 5009 πάντη
932 4956 1022 5004 καὶ
1067 4959 1343 5023 πανταχοῦ
1402 4953 1426 5003 ὁ
1458 4955 1607 5019 Θεὸς,
1639 4956 1729 5003 καὶ
1759 4953 1875 5003 οὔτε

276 5043 325 5094 οἱ
369 5041 435 5101 εἰς
485 5043 686 5112 γέενναν
742 5038 1093 5111 ἀπερχόμενοι
1175 5040 1512 5093 αἰσθάνονται
1587 5048 1677 5101 τῆς
1726 5040 1874 5092 κολά-

280 5148 429 5197 σεως,
454 5132 571 5183 οὔτε
600 5130 648 5183 οἱ
678 5128 746 5190 εἰς
777 5126 1068 5201 βασιλείαν,
1097 5137 1191 5190 τῆς
1221 5128 1535 5201 εὐεργεσίας.

1902 4464 1946 4519 D

350 5254 562 5311 IA'-IB’.
606 5253 806 5328 Ὠσπερ
867 5253 949 5306 ἵνα
1004 5253 1037 5325 ᾖ
1085 5249 1411 5328 παράδεισος
1466 5256 1603 5326 ἔχων
1660 5260 1880 5305 παντοῖα

281 5340 478 5419 δένδρα
503 5348 828 5419 καρποφόρα,
884 5346 972 5395 καὶ
1018 5338 1078 5401 ἦν
1136 5340 1240 5394 ἐκεῖ
1281 5342 1454 5407 ἄπιος,
1485 5346 1514 5400 ἥ
1571 5343 1752 5415 μῆλον,
1791 5346 1879 5394 καὶ

279 5432 502 5505 ἄμπελος
533 5435 737 5505 ἔχουσα
786 5434 872 5484 τὸν
923 5432 1143 5505 καρπὸν,
1195 5434 1283 5482 καὶ
1341 5433 1407 5481 τὰ
1461 5428 1665 5501 φύλλα·
1703 5428 1877 5501 συμϐῇ

278 5515 337 5573 δὲ
366 5523 450 5573 τὸν
478 5517 801 5595 παράδεισον
848 5523 937 5573 καὶ
994 5519 1086 5572 ὅλα
1122 5519 1189 5570 τὰ
1229 5513 1446 5589 δένδρα,
1490 5522 1580 5569 καὶ
1610 5519 1678 5568 τὰ
1722 5516 1885 5588 φύλλα

358 5664 406 5699 ⁸ο
436 5664 458 5718 Ι
489 5664 619 5722 Cor.
650 5679 746 5730 xv,
781 5666 869 5719 26.
974 5665 1017 5699 ⁸¹
1051 5664 1196 5720 Luc.
1231 5677 1353 5725 ni,
1390 5660 1455 5715 18
1478 5677 1492 5731 ;
1516 5659 1690 5716 Marc.
1718 5675 1795 5725 ιχ,
1823 5661 1910 5715 49.

1996 500 2134 555 dem
2165 500 2536 557 meretricem
2566 500 2966 571 prostitutam,
3012 516 3121 556 nec
3154 506 3647 573 peccatores,nec

1993 588 2295 652 lurcones,
2345 588 2449 643 sed
2504 588 2758 659 simplici
2799 589 3122 644 intentione
3166 606 3234 645 ac
3272 605 3421 661 puro
3470 591 3645 647 oculo

1994 693 2207 733 omnes
2221 679 2484 751 aspicere
2511 694 2524 743 ;
2560 682 2622 731 ut
2644 677 2841 733 sithoc
2854 666 3095 733 icuidam
3125 681 3295 750 quasi
3310 681 3576 736 naturale
3589 685 3647 737 et

1993 766 2266 833 inﬁxum,
2300 782 2374 822 ne
2425 782 2798 839 quemquam
2845 772 3206 833 contemnat,
3241 783 3350 823 nec
3397 769 3641 839 judicet,

1992 861 2095 911 aut
2124 854 2523 922 abominetur,
2561 860 2662 909 aut
2697 855 2859 925 ipsos
2890 854 3110 910 habeat
3150 854 3211 910 in
3236 856 3567 912 dicrimine.
3588 858 3643 914 Si

1994 943 2380 999 monoculum
2412 944 2741 1014 aspexeris,
2776 960 2848 998 ne
2880 942 3173 1014 dijudices
3206 944 3264 998 in
3307 945 3486 1000 corde
3518 950 3639 1011 tuo,

1990 1032 2094 1087 sed
2126 1048 2263 1087 eum
2311 1032 2555 1103 perinde
2588 1048 2655 1087 ac
2695 1032 2744 1087 si
2774 1047 2955 1087 sanus
2988 1037 3140 1087 esset
3170 1033 3437 1103 intuere,-
3474 1049 3644 1089 man-

1988 1135 2127 1176 cum
2140 1121 2401 1193 aliquem
2418 1136 2600 1176 manu
2616 1120 2863 1176 minime
2877 1120 3054 1177 veluti
3068 1121 3405 1177 mutilatum
3420 1123 3642 1193 aspice,

1988 1208 2269 1264 claudum
2306 1208 2460 1264 velut
2489 1216 2682 1265 erecto
2710 1225 2954 1281 corpore
2984 1210 3386 1282 incedentem,
3406 1210 3646 1283 paraly-

1987 1284 2354 1353 ticum'velut
2386 1314 2625 1353 sanum.
2654 1297 2788 1353 Haec
2820 1300 2980 1353 enim
3026 1304 3115 1354 est
3155 1299 3380 1369 puritas
3418 1299 3637 1365 cordis,

1987 1392 2048 1443 ut
2080 1387 2217 1442 visis
2249 1387 2661 1459 peccatoribus
2686 1394 2788 1443 aut
2819 1388 3092 1453 inﬁrmis,
3131 1388 3535 1460 compatiaris,
3570 1404 3639 1443 ac

1987 1475 2322 1531 misericors
2357 1492 2500 1545 erga
2539 1493 2643 1532 eos
2683 1476 2783 1531 sis.
2815 1476 3117 1546 Contingit
3146 1478 3323 1539 enim,
3358 1482 3420 1532 ut
3451 1478 3638 1533 sancti

1984 1580 2226 1637 quoque
2252 1565 2506 1630 Domini,
2543 1567 2701 1621 velut
2722 1566 2779 1621 in
2812 1565 3057 1638 specula
3072 1567 3371 1629 sedentes,
3400 1567 3641 1638 prospi-

1984 1653 2144 1709 ciant
2182 1654 2565 1725 deceptiones
2604 1654 2816 1710 mundi
2854 1655 3117 1726 ;quippe
3167 1657 3269 1727 qui
3307 1656 3641 1711 secundum

1985 1741 2322 1798 interiorem
2347 1742 2649 1798 hominem
2677 1759 2813 1797 cum
2846 1742 2964 1797 Deo
2986 1742 3641 1814 colloquuntur,secun-

1984 1830 2132 1886 dum
2175 1846 2312 1885 vero
2342 1831 2694 1886 exteriorem
2752 1831 3057 1886 hominem
3106 1837 3401 1903 apparent
3449 1833 3637 1888 oculis

1984 1918 2161 1990 quasi
2184 1922 2452 1990 spectare
2479 1935 2569 1987 ea,
2596 1935 2733 1991 quae
2772 1918 2920 1974 ﬁant
2949 1920 3010 1974 in
3040 1920 3286 1974 mundo.

2054 2043 2139 2096 IX.
2200 2042 2392 2097 Aliam
2433 2043 2609 2113 igitur
2648 2042 2873 2098 habent
2907 2041 3223 2098 saeculares
3272 2043 3544 2099 virtutem
3602 2060 3639 2101 θ.

1985 2131 2194 2202 spiritu
2239 2131 2473 2195 erroris,
2501 2137 2563 2187 ut
2592 2132 2830 2203 sapiant
2876 2130 3151 2187 videlicet
3191 2136 3443 2189 terrena.
3478 2133 3640 2189 Chri-

1986 2218 2162 2275 stiani
2188 2235 2325 2275 vero
2352 2219 2532 2276 aliam
2561 2220 2784 2276 habent
2826 2220 3235 2285 intentionem.
3274 2221 3458 2277 alium
3516 2221 3641 2278 ani-

1985 2323 2175 2375 mum,
2217 2308 2370 2363 alius
2428 2314 2568 2363 sunt
2616 2308 2837 2373 saeculi,
2881 2308 3032 2364 alius
3082 2310 3354 2366 civitatis.
3392 2310 3641 2382 Spiritus

1985 2398 2145 2453 enim
2185 2398 2283 2453 Dei
2330 2398 2674 2453 societatem
2718 2398 2826 2453 init
2861 2414 2998 2452 cum
3050 2397 3287 2454 illorum
3320 2399 3559 2465 animis,
3584 2405 3639 2457 et

1984 2486 2341 2541 conculcant
2370 2486 2807 2541 adversarium.
2839 2488 3133 2557 Scriptum
3180 2488 3338 2542 enim
3370 2493 3459 2544 est
3482 2507 3493 2543 :
3519 2489 3639 2544 No-

1986 2574 2257 2630 uissimas
2285 2573 2467 2630 hostis
2498 2575 2772 2631 aboletur
2787 2590 2943 2630 mors
2959 2575 3025 2628 5°.
3046 2577 3230 2629 Deum
3248 2576 3407 2631 enim
3428 2578 3530 2648 qui
3543 2592 3641 2631 ve-

1984 2670 2286 2728 nerantur,
2330 2665 2598 2719 omnium
2634 2668 2775 2719 sunt
2805 2664 3055 2719 domini.
3092 2666 3129 2718 E
3156 2666 3449 2721 contrario
3472 2681 3636 2731 vero,

1983 2752 2087 2824 qui
2118 2753 2258 2808 lenti
2292 2759 2429 2807 sunt
2457 2753 2571 2808 ﬁde
2586 2769 2655 2809 ac
2669 2754 3291 2825 peccatores,penitus
3311 2755 3634 2818 suntservi,

1982 2841 2138 2910 ignis
2167 2857 2270 2897 eos
2302 2843 2432 2907 urit,
2465 2840 2742 2914 lapisque
2768 2846 2824 2897 et
2845 2841 3080 2910 gladius
3108 2857 3207 2897 eos
3233 2842 3538 2910 interﬁcit;
3569 2860 3638 2900 ac

1982 2929 2227 2985 tandem
2258 2928 2563 2985 daemones
2585 2929 3063 2985 dominabuntur
3086 2929 3145 2985 in
3179 2945 3302 2985 eos.

2051 3055 2112 3109 Χ.
2141 3052 2561 3122 Interrogatio.
2604 3053 2814 3108 Utrum
2840 3052 2903 3108 in
2944 3053 3379 3109 resurrectione
3433 3057 3635 3111 omnia

1981 3140 2242 3198 membra
2269 3145 2619 3211 resurgant.

2050 3265 2391 3334 Responsio.
2438 3266 2552 3320 Deo
2574 3263 2782 3320 omnia
2813 3263 3008 3321 facilia
3026 3267 3185 3331 sunt,
3219 3268 3277 3319 et
3309 3265 3393 3322 sic
3415 3265 3639 3337 promi-

1980 3353 2052 3408 sit
2085 3369 2096 3406 :
2130 3353 2415 3407 humanas
2449 3368 2588 3407 vero
2618 3352 3081 3409 imbecillitatiet
3110 3353 3453 3423 cogitationi
3476 3354 3640 3411 velut

1981 3440 2348 3513 impossibile
2363 3440 2477 3496 hoc
2491 3440 2745 3495 videtur.
2762 3441 3287 3508 Quemadmodum
3305 3443 3462 3498 enim
3485 3443 3638 3498 Deus

1979 3545 2011 3585 e
2040 3531 2282 3601 pulvere
2312 3535 2368 3585 et
2408 3534 2562 3585 terra
2590 3546 2860 3594 sumens,
2894 3530 3054 3585 velut
3092 3530 3270 3587 aliam
3304 3531 3638 3603 quamdam

1979 3624 2253 3675 naturam
2312 3618 2601 3687 condidit,
2656 3626 2937 3675 naturam
3004 3620 3291 3676 nimirum
3346 3621 3636 3692 corporis,

1979 3712 2147 3763 terrae
2210 3706 2408 3762 minus
2460 3708 2742 3774 similem,
2801 3715 2857 3764 et
2901 3723 3123 3778 genera
3163 3709 3351 3765 multa
3398 3710 3638 3775 creavit,

1976 3796 2137 3853 velut
2160 3796 2329 3869 pilos,
2360 3797 2600 3869 pellem,
2635 3813 2781 3853 ossa
2809 3804 2864 3854 et
2898 3814 3145 3855 nervos:
3171 3799 3639 3871 etquemadmo-

1976 3886 2122 3941 dum
2154 3886 2421 3957 projecta
2465 3886 2577 3957 55
2606 3887 2664 3940 in
2694 3887 2895 3956 ignem
2952 3904 3115 3952 acus,
3146 3887 3396 3943 alterato
3441 3887 3639 3943 colore

1977 3975 2220 4029 vertitur
2252 3977 2309 4028 in
2333 3974 2534 4041 ignem
2563 3991 2575 4028 :
2607 3991 2965 4047 quanquam
2999 3981 3212 4031 natura
3227 3975 3471 4047 quidem
3504 3975 3640 4029 ferri

1976 4078 2097 4117 non
2136 4062 2369 4133 penitus
2402 4061 2644 4127 tollitur,
2674 4062 2781 4117 sed
2831 4062 3096 4119 subsistit
3127 4082 3138 4131 ;
3166 4065 3250 4119 ita
3294 4064 3352 4117 in
3384 4069 3640 4118 resurre-

1978 4152 2168 4206 ctione
2208 4150 2413 4206 omnia
2443 4151 2719 4207 membra
2744 4156 3073 4219 resurgent,
3110 4167 3215 4207 nec
3258 4153 3417 4221 perit
3453 4151 3639 4218 capil-

1980 4240 2070 4294 lus
2104 4240 2172 4304 ⁵¹,
2206 4239 2700 4309 utscriptumest,
2732 4239 3634 4311 omniaquelucidaredduntur,

1979 4332 2159 4399 atque
2181 4326 2387 4382 omnia
2416 4326 2641 4382 lumine
2672 4331 2729 4382 et
2776 4328 2895 4397 igni
2932 4329 3113 4384 tincta
3169 4333 3472 4384 mutantur
3511 4329 3638 4400 qui-

1979 4417 2141 4485 dem,
2168 4415 2273 4471 sed
2298 4431 2443 4480 non,
2479 4421 2541 4470 ut
2563 4415 2835 4471 nonnulli
2857 4417 3042 4482 aiunt,
3073 4417 3471 4482 resolvuntur,
3497 4423 3551 4473 et
3576 4418 3636 4473 in

1980 4505 2179 4575 ignem
2194 4504 2641 4569 evadunt,adeo
2672 4510 2733 4560 ut
2764 4521 2885 4561 non
2921 4506 3182 4577 amplius
3226 4506 3514 4562 subsistat
3544 4522 3639 4562 eo-

1982 4611 2113 4650 rum
2127 4598 2359 4650 natura.
2380 4596 2580 4649 Petrus
2595 4594 2754 4650 enim
2768 4600 2967 4650 Petrus
2983 4600 3089 4657 est,
3106 4595 3385 4650 etPaulus
3402 4595 3636 4659 Paulus,

1982 4688 2038 4739 et
2078 4683 2381 4754 Philippus
2441 4682 2767 4755 Philippus.
2835 4683 3093 4748 Quilibet
3153 4684 3213 4738 in
3269 4699 3382 4739 sua
3454 4684 3640 4754 ipsius

1982 4777 2197 4827 natura
2226 4777 2282 4827 ct
2313 4771 2681 4828 susbstantia
2713 4779 3026 4843 permanet
3070 4772 3326 4843 repletus
3380 4772 3630 4843 Spiritu.

1984 4860 2150 4925 Quod
2180 4862 2228 4915 si
2260 4861 2445 4925 dicas,
2479 4862 2809 4916 resolutam
2836 4876 2968 4916 esse
2991 4866 3290 4927 naturam,
3346 4876 3464 4917 non
3514 4877 3640 4916 am-

1982 4948 2138 5021 plius
2161 4954 2248 5003 est
2274 4949 2475 5003 Petrus
2503 4955 2605 5004 aut
2634 4950 2873 5014 Paulus,
2906 4950 3010 5005 sed
3033 4965 3282 5021 prorsus
3315 4953 3370 5004 et
3416 4949 3639 5020 ubique

1988 5040 2327 5093 Deus:nec
2391 5038 2493 5108 qui
2549 5038 2608 5091 in
2667 5038 3007 5108 gehennam
3073 5037 3319 5106 abeunt,
3378 5039 3641 5093 sentiunt

1986 5125 2372 5197 supplicium,
2408 5140 2515 5180 nec
2532 5127 2635 5197 qui
2660 5127 2721 5181 in
2753 5142 3026 5197 regnum,
3056 5126 3438 5182 beneﬁcium.

2058 5248 2510 5305 XI-XlI.Velutisi
2533 5249 2825 5305 sithortus
2844 5250 3107 5307 consitus
3127 5251 3305 5306 variis
3324 5249 3640 5307 arboribus

1990 5336 2324 5403 fructiferis,
2348 5354 2418 5393 ac
2446 5339 2520 5393 sit
2541 5338 2655 5393 illic
2681 5354 2888 5410 pyrus,
2922 5355 3140 5411 pomus
3171 5345 3223 5394 et
3252 5339 3388 5393 vitis
3410 5338 3640 5393 habens

1992 5427 2247 5483 fructum
2288 5434 2342 5481 et
2364 5426 2501 5482 folia
2527 5443 2538 5483 :
2571 5427 2786 5483 accidit
2814 5432 3014 5484 autem
3041 5428 3282 5484 hortum
3309 5439 3641 5494 omnesque

1999 5516 2243 5574 arbores
2265 5531 2334 5572 ac
2364 5515 2503 5573 folia
2535 5516 2774 5582 mutari,
2806 5523 2861 5574 et
2893 5518 3157 5573 converti
3179 5516 3239 5571 in
3265 5515 3445 5570 aliam
3472 5516 3643 5569 natu-
