4148 6262
534 293 634 356 583

1830 286 1890 349 S.
1942 285 2247 351 MACARII
2298 286 2604 350 ZEGYPTII

3775 290 3885 353 584

522 442 677 493 ram,
708 425 957 497 ﬁerique
986 425 1189 497 priora
1210 422 1308 479 illa
1336 422 1536 479 lucida
1567 438 1579 476 :
1616 420 1701 477 sic
1718 437 1963 494 quoque
1982 420 2171 477 homi-

2279 419 2687 492 μεταϐληθῆναι,
2748 425 2839 474 καὶ
2890 419 3181 492 ἀλλαγῆναι
3231 421 3298 483 εἰς
3345 421 3505 480 ἄλλην
3566 425 3745 494 φύσιν,
3794 427 3889 476 καὶ

512 530 622 570 nes
666 520 971 570 mutantur
1013 514 1074 569 in
1117 511 1569 575 resurrectione,
1607 517 1662 566 et
1699 510 1852 565 ﬁunt
1901 510 2172 566 membra

517 620 727 660 eorum
755 608 963 659 sancta
988 608 1044 658 et
1070 602 1290 657 lucida.
1326 599 1733 667 Quamobrem
1761 600 1945 655 divini
1976 599 2173 655 homi-

513 708 621 749 nes
648 692 868 747 debent
898 708 961 746 se
988 706 1328 762 praeparare
1354 690 1434 746 ad
1463 694 1763 745 certamen
1792 695 1847 743 et
1876 703 2167 761 pugnam.

523 781 767 836 Perinde
786 785 1008 845 autem,
1041 785 1101 834 ut
1121 779 1360 849 juvenis
1386 794 1712 849 generosus
1733 776 1928 833 illatas
1961 779 2172 849 plagas

524 884 594 925 ac
625 869 845 924 luctain
876 868 1123 923 sustinet
1147 883 1216 922 ac
1246 866 1476 923 referit:
1502 867 1585 921 sic
1598 882 1840 938 quoque
1863 864 2173 921 Christiani

518 958 778 1030 perferre
800 956 1021 1012 debent
1058 955 1433 1023 aﬂlictiones,
1468 961 1595 1011 tum
1612 962 1912 1020 externas,
1941 959 2067 1011 tum
2090 955 2173 1009 in-

516 1045 735 1101 teriora
763 1044 940 1109 bella,
976 1050 1036 1100 ut
1067 1045 1336 1116 percussi
1363 1059 1469 1116 per
1501 1043 1876 1100 tolerantiam
1906 1042 2173 1115 superio-

514 1149 609 1190 res
635 1132 915 1189 evadant.
941 1134 1046 1189 Via
1084 1134 1245 1189 enim
1281 1132 1626 1189 Christianae
1657 1132 1964 1201 religionis
1999 1132 2080 1186 sic
2111 1146 2173 1186 se

520 1222 724 1278 habet.
756 1223 861 1278 Ubi
911 1223 1153 1294 spiritus
1210 1226 1475 1287 sanctus,
1511 1221 1626 1277 illic
1677 1221 1960 1293 sequitur,
2017 1219 2173 1276 velut

520 1312 757 1377 umbra,
787 1311 1121 1383 persecutio
1148 1316 1204 1366 et
1225 1311 1638 1381 pugna.Vides
1652 1310 1998 1382 prophetas,
2028 1324 2174 1381 quo-

519 1400 699 1456 modo
732 1400 1141 1471 persecutione
1167 1398 1369 1454 afﬂicti
1398 1398 1709 1453 iuerintab
1730 1398 2015 1453 omnibus
2029 1413 2171 1453 con-

517 1488 834 1545 tribulibus
867 1488 1009 1553 suis,
1044 1489 1105 1543 in
1131 1487 1353 1558 quibus
1387 1488 1779 1543 nihilominus
1810 1487 2175 1558 operabatur

519 1577 788 1650 Spiritus.
822 1577 1002 1633 Vides
1046 1576 1356 1648 quomodo
1390 1577 1698 1633 Dominus.
1736 1575 1837 1647 qui
1869 1581 1956 1630 est
1986 1575 2083 1631 via
2122 1578 2175 1631 et

517 1666 739 1723 veritas
771 1666 837 1731 ⁵³,
868 1682 989 1721 non
1016 1666 1095 1720 ab
1135 1664 1252 1720 alio
1284 1664 1510 1735 populo
1532 1664 2008 1736 persecutionem
2041 1680 2175 1736 pas-

2279 513 2520 581 γενέσθαι
2567 512 2634 562 τὰ
2670 518 2852 584 πρῶτα
2909 507 3163 583 φωτοειδῆ
3211 527 3223 541 ’
3265 510 3426 571 οὕτως
3474 515 3565 563 καὶ
3606 513 3655 564 οἱ
3686 512 3891 585 ἄνθρω-

2280 619 2371 652 ποι
2410 598 2759 652 ἀλλάσσονται
2807 598 2854 652 έν
2898 607 2963 672 τῇ
3028 598 3328 665 ἀναστάσει,
3391 604 3481 652 καὶ
3536 604 3781 672 γίγονται
3822 604 3892 655 τὰ

2282 688 2407 760 μελη
2458 689 2625 741 αὐτῶν
2676 688 2805 760 ἂγρα
2867 693 2958 741 καὶ
3016 685 3297 761 φωτοειδῆ.
3354 692 3419 741 Οί
3476 688 3565 742 οὖν
3610 697 3706 742 τοῦ
3755 697 3892 744 Θεοῦ

2282 779 2547 851 ἅνθρωποι
2597 777 2889 849 ὀφείλουσιν
2946 777 3251 851 εὐτρεπίσαι
3323 777 3533 840 ἑαυτοὺς
3584 777 3652 839 εἰς
3713 780 3894 850 ἀγῶνα

2281 872 2372 918 καὶ
2423 866 2664 924 ἄθλησιν.
2720 864 2921 940 Ὠσπερ
2980 863 3039 919 δε
3102 870 3302 928 νεανίας
3358 872 3591 938 γενναῖος
3636 869 3731 930 τὰς
3781 869 3894 921 ἐπι-

2284 961 2562 1029 φερομένας
2598 955 2817 1027 πληγὰς,
2877 960 2968 1009 καὶ
3006 961 3100 1015 τὴν
3149 956 3318 1014 πάλην
3359 954 3622 1028 βαστάζει
3674 961 3763 1009 καὶ
3806 955 3881 1009 ἆν-

2282 1047 2539 1113 τιτύπτει,
2593 1046 2729 1098 οὕτω
2785 1050 2873 1097 καὶ
2934 1047 2983 1098 οἱ
3036 1050 3351 1120 Χριστιανοὶ
3407 1046 3673 1118 ὀφειλουσι
3724 1050 3893 1120 φέρειν

2282 1136 2378 1195 τὰς
2408 1134 2632 1205 θλίψεις,
2673 1138 2765 1197 τὰς
2810 1154 2865 1188 τε
2894 1135 3097 1201 ἔξωθεν,
3148 1140 3238 1188 καὶ
3287 1138 3406 1197 τοὺς
3460 1131 3686 1200 ἔνδοθεν,
3741 1136 3896 1189 πολέ-

2283 1242 2434 1294 μους,
2490 1224 2571 1275 ἵνα
2619 1220 2712 1275 διὰ
2758 1231 2855 1285 τῆς
2884 1225 3149 1296 ὑπομονῆς
3219 1228 3531 1295 τυπτόμενοι
3574 1230 3889 1283 νικήσωσιν.

2281 1318 2339 1363 Ἢ
2377 1314 2475 1386 γὰρ
2526 1309 2648 1374 ὁδὸς
2706 1320 2799 1365 τοῦ
2869 1320 3292 1387 Χριστιανισμοῦ
3336 1314 3496 1375 οὕτως
3530 1313 3693 1369 ἐστίν.
3720 1313 3892 1366 Ὀπου

2282 1402 2384 1472 γὰρ
2415 1403 2528 1452 ἐστι
2581 1404 2639 1453 τὸ
2693 1408 2904 1473 Πνεῦμα
2942 1406 3001 1454 τὸ
3048 1403 3215 1473 ἅγιον,
3249 1404 3353 1454 ἐκεῖ
3382 1402 3741 1467 ἐπακολουθεῖ,
3781 1403 3892 1455 οἷον

2286 1492 2428 1555 σκιὰ,
2464 1492 2489 1541 6
2521 1487 2759 1562 διωγμὸς
2811 1496 2899 1544 καὶ
2948 1493 2979 1550 ἡ
3036 1491 3199 1550 πάλη.
3234 1490 3392 1563 Ὀρᾷς
3438 1495 3559 1553 τοὺς
3596 1496 3891 1565 προφήτας,

2284 1587 2394 1640 πῶς
2446 1575 2722 1631 ἐδιώκοντο
2789 1582 2889 1632 ὑπὸ
2939 1589 3039 1633 τῶν
3107 1581 3377 1653 ὁμοφύλων
3420 1577 3497 1632 δι’
3526 1579 3665 1651 ὅλου,
3696 1583 3768 1643 εἰς
3807 1582 3894 1643 οὖς

2286 1669 2420 1738 ὅμως
2450 1668 2651 1740 ἐνήργει
2684 1672 2741 1721 τὸ
2773 1676 3002 1742 Πνεῦμα.
3060 1669 3232 1744 Ὀρᾴς,
3282 1678 3387 1731 πῶς
3431 1671 3458 1721 6
3500 1673 3711 1745 Κύριος,
3742 1672 3893 1733 ὅστις

515 1771 617 1810 sus
648 1761 754 1819 est,
788 1754 895 1809 sed
923 1770 959 1809 a
987 1754 1138 1819 suis,
1183 1770 1219 1809 a
1264 1754 1508 1824 propria
1539 1753 1763 1809 scilicet
1811 1754 1967 1808 tribu
1994 1752 2171 1809 Israel

2286 1760 2428 1810 ἐστὶν
2459 1754 2572 1810 όδὸ
2591 1780 2612 1820 ς
2650 1764 2757 1812 καὶ
2795 1758 2909 1817 ἁλῆ
2928 1762 3090 1824 θεια,
3115 1760 3220 1831 ούχ
3241 1761 3341 1812 ὑπὸ
3367 1759 3523 1813 ἄλλου
3546 1762 3717 1821 ἔθνους
3738 1756 3895 1812 ἐδιώ-

514 1844 925 1914 persecutione
956 1840 1224 1907 aﬂ‘ectus,
1258 1857 1327 1896 ac
1359 1842 1519 1897 cruci
1560 1842 1780 1897 afﬁxus
1805 1847 1894 1896 est
1923 1858 1936 1896 :
1970 1841 2177 1897 itidem

513 1939 569 1988 et
598 1932 872 2003 apostoli.
910 1934 991 1986 Ex
1020 1947 1090 1987 eo
1121 1931 1281 1987 enim
1318 1937 1609 2002 tempore,
1644 1947 1767 2004 quo
1787 1931 1945 1987 cruci
1960 1931 2177 1987 afﬁxus

515 2026 624 2086 est,
681 2020 913 2076 transiit
972 2020 1226 2091 Spiritus
1287 2019 1644 2092 paracletus,
1682 2025 1739 2076 et
1794 2020 2068 2090 migravit
2117 2020 2177 2076 in

516 2108 905 2165 Christianos.
936 2110 1223 2165 Caeterum
1256 2109 1461 2164 nullus
1506 2109 1851 2165 Iudaeorum
1901 2125 2179 2181 persecu-

515 2198 737 2253 tionem
772 2198 1028 2269 pertulit,
1062 2198 1166 2253 sed
1196 2197 1510 2253 Christiani
1541 2197 1739 2253 solum
1772 2199 2062 2269 martyrio
2089 2197 2179 2253 af-

515 2286 649 2342 fecti
683 2292 841 2342 sunt.
867 2288 1060 2351 Quare
1088 2301 1211 2342 non
1257 2291 1344 2341 est
1380 2286 1546 2357 quod
1587 2286 1905 2343 Christiani
1943 2287 2003 2342 in
2053 2292 2179 2342 stu-

516 2389 725 2446 porem
743 2374 1145 2439 adducantur,
1160 2390 1372 2431 verum
1403 2379 1638 2447 oportet
1664 2375 1970 2432 veritatem
1986 2391 2179 2447 perse-

524 2464 825 2519 cutionem
867 2464 1009 2534 pati.

599 2570 733 2623 XIII.
768 2569 1190 2640 Interrogatio.
1219 2570 1472 2637 Quidam
1490 2570 1662 2627 aiunt
1688 2571 1945 2628 anterius
1970 2571 2177 2627 vitium

522 2658 777 2728 ingredi,
804 2664 856 2715 et
884 2660 936 2714 si
966 2658 1104 2715 velit
1145 2658 1338 2725 homo,
1385 2676 1505 2715 non
1549 2662 1781 2729 recipit,
1833 2661 1935 2717 sed
1981 2661 2179 2731 rejicit

520 2746 701 2802 illud.

586 2853 930 2924 Responsio.
958 2853 1484 2919 Quemadmodum
1517 2871 1759 2926 serpens
1780 2856 2013 2911 locutus
2039 2871 2174 2911 cum

516 2945 637 2999 Eva
664 2944 732 3009 ⁸³,
767 2959 903 2997 cum
948 2942 1219 2999 obediret
1276 2944 1431 3015 ipsa,
1486 2945 1886 3013 introgressus
1930 2955 2061 3000 est:
2094 2945 2175 2999 sic

516 3047 763 3103 quoque
788 3047 949 3087 nunc
979 3032 1059 3088 ob
1092 3032 1502 3088 obedientiam
1534 3033 1799 3089 hominis
1846 3034 2175 3105 ingreditur

516 3126 855 3191 peccatum,
888 3121 1053 3193 quod
1084 3126 1250 3177 extra
1291 3126 1399 3177 est.
1431 3122 1617 3178 Habet
1641 3123 1802 3178 enim
1854 3127 2171 3194 peccatum
2203 3111 2243 3165 C

518 3208 756 3278 plenam
780 3215 1132 3280 potestatem
1151 3216 1206 3266 et
1233 3210 1569 3266 libertatem
1600 3212 1660 3266 in
1698 3227 1800 3266 cor
1832 3210 2173 3281 ingredien-

513 3297 595 3353 di.
630 3301 826 3369 Neque
848 3299 1007 3354 enim
1026 3299 1421 3367 cogitationes
1453 3305 1619 3356 extra
1664 3306 1821 3369 sunt,
1864 3300 1970 3357 sed
1990 3301 2170 3368 intus,

514 3401 588 3440 ex
645 3386 823 3441 corde
864 3387 1332 3457 proficiscentes.
1366 3389 1563 3459 Inquit
1602 3389 1762 3444 enim
1805 3389 2169 3460 Apostolus:

528 3474 670 3529 Volo
685 3474 842 3529 viros
855 3476 1170 3531 oraresine
1185 3476 1278 3533 ira
1308 3485 1359 3532 et
1392 3478 1857 3547 cogitationibus
1883 3479 2169 3549 pravis“.

520 3562 909 3631 Cogitationes
935 3564 1093 3617 enim
1135 3565 1207 3620 de
1252 3566 1426 3621 corde
1458 3574 1675 3622 exeunt
1724 3568 1794 3631 ⁵⁸,
1837 3568 2174 3623 secundum

518 3649 928 3719 Evangelium.
959 3652 1179 3707 Accede
1219 3654 1419 3725 itaque
1451 3655 1528 3710 ad
1552 3656 1903 3722 orationem,
1933 3662 1987 3711 et
2039 3672 2174 3712 exa-

513 3739 679 3793 mina
692 3742 976 3795 cortuum
994 3748 1046 3796 et
1061 3742 1833 3815 animum,atque}desidera
1850 3746 2172 3800 orationem

518 3833 684 3883 tuam
705 3831 822 3883 Deo
841 3830 1209 3885 committere
1227 3847 1464 3902 puram,
1492 3837 1673 3905 atque
1688 3834 2077 3905 circumspice
2092 3833 2172 3889 ibi

514 3917 915 3988 potissimum,
946 3920 1241 3991 numquid
1266 3936 1385 3975 non
1414 3921 1488 3975 sit
1508 3922 1752 3994 aliquod
1780 3922 2173 3994 impedimen-

517 4011 643 4061 tum
682 4023 695 4058 :
728 4021 876 4062 num
903 4008 1093 4063 oratio
1124 4008 1827 4080 sitpura;numintentus
1845 4012 2170 4067 sitanimus

518 4098 656 4151 tuus
685 4096 958 4162 Domino,
980 4097 1226 4168 perinde
1254 4114 1324 4153 ac
1346 4099 1584 4154 animus
1614 4099 1889 4170 agricola:
1923 4099 2173 4170 agricul-

515 4185 929 4250 turaa,animus
947 4186 1085 4240 viris
1112 4187 1362 4253 uxori,et
1378 4189 1723 4244 mercatoris
1738 4190 2127 4259 negotiationi
2154 4206 2168 4256 ;

511 4287 659 4328 num
690 4271 893 4329 ﬂectas
921 4289 1119 4343 genua
1152 4280 1252 4331 tua
1282 4276 1359 4331 ad
1402 4276 1724 4342 orandum,
1754 4293 1864 4333 nec
1917 4283 2050 4335 tuas
2075 4294 2172 4335 co-

514 4362 833 4429 gitationes
866 4361 964 4418 alii
993 4362 1347 4420 distrahant.

596 4560 709 4633 56
729 4560 1071 4617 XIV-XV.At
1092 4560 1992 4634 inquis,Dominum,postquam
2006 4565 2169 4619 venit

516 4666 892 4721 percrucem,
926 4651 1740 4721 condemnassepeccatum“,
1769 4667 1877 4706 nec
1903 4653 2165 4722 amplius

514 4740 673 4793 intus
702 4738 947 4793 haerere.
984 4741 1192 4793 Verum
1237 4740 1461 4811 peride,
1489 4756 1559 4795 ac
1594 4739 1955 4813 similes,qui
1980 4742 2167 4813 depo-

510 4832 613 4881 nat
639 4842 880 4881 currum
912 4843 1088 4881 suum
1120 4828 1179 4881 in
1210 4829 1392 4883 domo
1438 4830 1710 4900 alicujus,
1751 4830 1998 4901 quando
2039 4831 2164 4901 pla-

509 4914 695 4969 cuerit
716 4915 787 4978 ei,
809 4914 1149 4970 facultatem
1166 4916 1347 4971 habet
1363 4918 1738 4987 ingrediendi
1753 4919 2164 4987 etegrediendi

508 5002 756 5058 domum
792 5003 954 5059 illam
991 5020 1003 5058 :
1039 5004 1122 5058 sic
1148 5020 1391 5076 quoque
1420 5014 1730 5077 peccatum
1770 5007 1955 5063 habet
1994 5016 2163 5081 pote-

506 5097 718 5147 statem
764 5092 1201 5163 disputationes
1243 5094 1475 5149 serendi
1534 5095 1593 5149 in
1652 5096 2161 5168 corde.Scriptum

504 5181 665 5237 enim
683 5187 797 5236 est:
821 5182 1058 5236 Introiit
1073 5182 1333 5238 Satanas
1347 5184 1783 5242 corJudae".Si
1805 5186 2158 5256 veroinsles,

504 5284 609 5340 per
639 5268 960 5323 adventum
978 5268 1183 5326 Christi
1198 5271 1668 5329 condemnatum
1681 5290 1810 5329 esse
1824 5281 2156 5345 peccatum,

501 5374 612 5413 nec
638 5365 771 5429 post
801 5358 1177 5429 baptismum
1210 5359 1503 5431 pabulum
1536 5362 1757 5418 habere
1778 5363 2008 5419 malum
2039 5364 2159 5419 dis-

501 5447 751 5519 putandi
798 5446 857 5501 in
897 5447 1079 5504 corde
1113 5470 1125 5515 ;
1160 5449 1405 5520 ignoras
1444 5451 1609 5522 quod
1648 5451 1727 5509 ab
1758 5451 2025 5509 adventu
2052 5456 2157 5509 Do-

591 5671 640 5708 ⁵²
667 5670 838 5728 Joan.
868 5686 984 5743 xw,
1013 5674 1065 5727 6.
1143 5672 1192 5708 ³³
1216 5672 1363 5728 Gen.
1395 5687 1474 5738 III,
1496 5677 1547 5741 ὅ,
1582 5678 1634 5730 6.
1711 5675 1759 5710 ⁸⁴
1782 5676 1803 5730 Ι
1827 5676 1974 5732 Tim.
2007 5692 2065 5742 ιι,
2090 5679 2142 5732 8.

2285 1848 2420 1917 χθη,
2470 1845 2577 1899 ἀλλ’
2613 1849 2713 1901 ὑπὸ
2750 1856 2848 1901 τῶν
2902 1845 3072 1914 ἰδίων,
3112 1850 3213 1901 ὑπὸ
3268 1856 3364 1912 τῆς
3404 1845 3548 1909 ἰδίας
3596 1849 3761 1921 φυλῆς
3798 1856 3891 1902 τοῦ

2287 1933 2502 2007 Ἰσραὴλ
2566 1933 2805 2009 ἐδιώχθη
2859 1942 2949 1989 καὶ
3020 1936 3327 2011 ἐσταυρώθη
3364 1955 3375 1967 ⁸
3442 1939 3635 2009 ὁμοίως
3695 1942 3785 1991 καὶ
3841 1940 3893 1990 οὶ

2288 2024 2590 2080 ἀπόστολοι.
2622 2026 2712 2088 Ἐξ
2758 2026 2818 2079 οὗ
2868 2029 2969 2101 γὰρ
3019 2028 3045 2079 6
3078 2030 3305 2101 σταυρὸς
3343 2029 3565 2099 μετῆλθε
3595 2030 3653 2079 τὸ
3683 2033 3893 2099 Πνεῦμα

2285 2116 2341 2164 τὸ
2372 2114 2725 2188 παράκλητον,
2784 2115 2874 2167 καί
2924 2114 3195 2188 ἐχώρησεν
3250 2116 3322 2176 εἰς
3370 2119 3487 2177 τοὺς
3517 2119 3887 2189 Χριστιανούς.

2287 2207 2485 2256 Λοιπὸν
2532 2201 2705 2265 οὐδεὶς
2756 2200 3026 2257 Ἰουδαίων
3076 2201 3341 2277 ἐδιώχθη,
3385 2204 3513 2257 ἀλλὰ
3568 2208 3721 2277 μόνον
3764 2213 3895 2281 Χρι-

2290 2297 2491 2345 στιανοὶ
2540 2291 2928 2367 ἐμαρτύρησαν.
2980 2297 3067 2346 Διὸ
3117 2294 3212 2346 ούκ
3257 2293 3520 2365 ὀφείλουσι
3573 2293 3888 2361 ξενίζεσθαι,

2288 2380 2416 2434 ἀλλὰ
2444 2380 2645 2453 ἀνάγκη
2675 2379 2965 2436 διώκεσθαι
2995 2386 3083 2442 τὴν
3114 2381 3376 2441 ἀλήθειαν.

2360 2559 2459 2613 II".
2507 2560 2879 2631 Ἐρώτησις.
2931 2563 3109 2622 Τινὶς
3150 2561 3453 2634 λέγουσιν
3510 2560 3613 2614 ὃτι
3662 2561 3893 2625 ἔξωθεν

2288 2647 2747 2722 ἐπεισέρχεται
2786 2654 2857 2703 τὸ
2888 2654 3103 2720 κακὸν,
3144 2657 3251 2704 καὶ
3291 2649 3393 2703 ἐὰν
3423 2650 3570 2724 θέλῃ
3602 2652 3629 2703 6
3661 2649 3897 2726 ἂνθρω-

2287 2757 2416 2804 πος,
2457 2738 2524 2790 ού
2566 2735 2860 2811 δέχεται,
2907 2738 3032 2792 ἀλλ’
3074 2739 3529 2812 ἀποπέμπεται
3570 2740 3744 2793 αὐτὸ.

2358 2846 2761 2918 Ἀπόκρισις.
2817 2845 3017 2921 Ὠσπερ
3058 2849 3084 2898 6
3135 2851 3245 2919 ὄφις
3272 2847 3591 2920 λαλῆσαςτῇ
3632 2850 3758 2910 Εὕα,
3794 2842 3893 2899 διὰ

2284 2937 2373 2991 τὴν
2432 2936 2667 2994 ὑπακοὴν
2701 2933 2902 2990 ἔνδοθεν
2962 2935 3284 3002 ἐπεισῆλθεν,
3330 2938 3465 2990 οὕτω
3522 2941 3609 2989 καὶ
3658 2942 3745 2988 νῦν
3792 2931 3891 2988 διὰ

2283 3033 2373 3086 τῆς
2422 3027 2657 3087 ὑπακοῆς
2707 3032 2797 3078 τοῦ
2844 3026 3119 3099 ἀνθρώπου
3151 3025 3512 3099 ἐπεισέρχεται
3564 3029 3593 3085 ἡ
3657 3026 3892 3098 ἁμαρτία

2281 3115 2377 3178 ἔξω
2425 3116 2577 3171 οὖσα.
2619 3114 2772 3186 Ἔχει
2825 3117 2927 3187 γὰρ
2973 3113 3213 3178 ἐξουσίαν
3255 3121 3345 3168 καὶ
3386 3116 3689 3191 παρῥησίαν
3728 3114 3890 3188 εἰσέρ-

2280 3206 2527 3276 χεσθαιῆ
2561 3203 2795 3278 ἁμαρτία
2845 3202 2916 3264 εἰς
2973 3208 3067 3262 τὴν
3105 3201 3332 3278 καρδίαν
3356 3224 3368 3237 ·
3422 3207 3471 3258 οἱ
3498 3206 3601 3278 γὰρ
3641 3203 3889 3275 λογισμοι

2282 3296 2374 3346 οῦκ
2398 3294 2529 3346 εἰσιν
2556 3292 2607 3355 ἓξ
2636 3295 2752 3345 αθεν
2796 3291 2906 3345 ἀλλ’
2940 3289 3146 3345 ἔνδοθεν
3199 3294 3256 3346 ἐκ
3313 3301 3407 3356 τῆς
3436 3289 3691 3366 καρδίας.
3734 3296 3888 3364 Λέγει

2280 3385 2383 3458 γὰρ
2428 3384 2453 3435 6
2486 3381 2835 3443 Ἀπόστολος·
2879 3382 3205 3455 Βούλομαι
3261 3386 3413 3446 τοὺς
3460 3380 3705 3457 ἄνδρας
3743 3400 3889 3455 προ-

2284 3472 2651 3543 σεύχεσθαι
2729 3475 2940 3544 χωρὶς
3011 3471 3213 3544 ὀργῆς
3258 3476 3369 3523 καὶ
3440 3468 3887 3542 διαλογισμῶν

2281 3568 2595 3632 πονηρῶν.
2630 3559 2776 3612 Εἰσὶ
2812 3563 2915 3634 γὰρ
2968 3559 3286 3633 λογισμοὶ
3337 3560 3767 3633 ἐξερχόμενοι
3822 3557 3887 3611 ἐκ

2282 3656 2353 3707 τῆ
2375 3670 2395 3711 ς
2444 3644 2739 3722 καρδίας,
2799 3652 2933 3701 κατὰ
2962 3652 3021 3701 τὸ
3051 3649 3387 3721 Εὐαγγέλιον.
3417 3648 3638 3703 ’Δπελθε
3686 3644 3774 3701 οὖν
3814 3647 3885 3710 εὶς

2282 3738 2468 3809 εὐχὴν,
2498 3742 2587 3789 καὶ
2614 3736 2897 3809 ἐπίσκεψαι
2940 3757 3034 3791 σου
3079 3742 3173 3796 τὴν
3218 3734 3443 3811 καρδίαν
3492 3743 3582 3791 καὶ
3622 3741 3711 3791 τὸν
3741 3744 3880 3806 νοῦν,

2281 3832 2370 3880 καὶ
2400 3826 2613 3884 θελησον
2668 3831 2763 3885 τὴν
2820 3827 2986 3898 εὐχήν
3040 3847 3134 3880 σου
3189 3830 3423 3901 καθαρὰν
3483 3826 3787 3900 ἀναπέμψαι
3812 3835 3885 3898 τῷ

2282 3925 2415 3987 Θεῷ,
2462 3922 2553 3969 καὶ
2605 3914 2797 3988 βλέψον
2864 3915 3129 3989 ἐξαιρέτως
3187 3915 3308 3982 ἐκεῖ,
3363 3917 3406 3970 εἰ
3457 3913 3609 3969 οὐδέν
3666 3916 3780 3970 ἐστι
3825 3919 3882 3969 τὸ

2280 4003 2588 4077 ἐμποδίζον,
2622 4005 2666 4056 εἰ
2687 4011 2887 4076 γίνεται
2909 4006 3040 4078 εὐχὴ
3068 4007 3296 4080 καθαρὰ,
3331 4005 3374 4058 εἰ
3405 4005 3712 4078 ἠσχόληταί
3744 4006 3882 4058 σουὸ

2279 4103 2392 4155 νοῦς
2421 4100 2538 4169 περὶ
2591 4098 2678 4146 τὸν
2736 4096 2943 4168 Κύριον,
3002 4097 3055 4148 ὃν
3104 4100 3292 4170 τρόπον
3336 4102 3428 4148 τοῦ
3483 4102 3716 4169 γεωργοῦ
3764 4098 3882 4170 περὶ

2278 4189 2372 4243 τὴν
2428 4189 2701 4257 γεωργίαν,
2772 4190 2864 4236 τοῦ
2913 4180 3105 4257 ἀνδρὸς
3158 4190 3273 4259 περὶ
3338 4188 3432 4243 τῆν
3490 4192 3738 4256 γυναῖκα,
3790 4190 3880 4237 τοῦ

2280 4272 2505 4348 ἐμπόρου
2560 4277 2679 4345 περὶ
2750 4277 2844 4332 τὴν
2916 4271 3189 4348 ἐμπορίαν,
3248 4272 3294 4327 εἰ
3343 4271 3528 4334 κλίνεις
3572 4276 3639 4326 τὰ
3684 4276 3880 4346 γόνατά

2281 4382 2375 4415 σου
2408 4362 2479 4424 εἰς
2509 4362 2695 4434 εύχήν,
2746 4366 2836 4415 καὶ
2866 4365 2986 4425 τοὺς
3016 4362 3301 4436 λογισμούς
3333 4382 3429 4416 σου
3455 4361 3601 4416 ἄλλοι
3631 4367 3703 4435 μὴ
3728 4359 3764 4416 δ
3769 4382 3879 4438 ιαρο

2199 4465 2244 4520 D
2276 4452 2559 4513 πάζουσιν.

2348 4557 2586 4614 ΙΔ’.-ΙΕ’.
2611 4557 2770 4614 Ἀλλὰ
2798 4558 2976 4631 λέγεις,
3011 4559 3091 4612 ὃτι
3136 4560 3161 4611 6
3209 4562 3335 4633 Κύρ
3356 4579 3452 4621 to;
3480 4559 3635 4613 ἐλθὼν
3658 4554 3753 4611 διὰ
3781 4566 3877 4611 τοῦ

2278 4656 2508 4722 σταυροῦ
2572 4652 2913 4721 κατέκρινε
2980 4652 3091 4707 τὴν
3167 4648 3513 4724 ἁμαρτίαν,
3554 4653 3644 4701 καὶ
3700 4650 3876 4701 οὐκέτι

2276 4736 2414 4790 ἐστὶν
2438 4740 2559 4790 ἐσω.
2594 4736 2728 4790 Ἀλλ’
2759 4739 2933 4810 ὥσπερ
2956 4739 3041 4789 ἐὰν
3072 4738 3105 4809 ᾖ
3140 4743 3468 4813 στρατιώτης
3490 4742 3580 4790 καὶ
3612 4736 3875 4797 ἀποθῆται

2273 4831 2330 4880 τὸ
2361 4827 2506 4902 ἅρμα
2557 4828 2714 4879 αὐτοῦ
2771 4826 2837 4888 εἰς
2894 4827 3062 4879 οὶκίαν
3112 4831 3271 4892 τινὸς,
3305 4828 3387 4880 ὅτε
3442 4827 3592 4892 θέλει,
3635 4826 3874 4891 ἐξουσίαν

2273 4920 2387 4989 ἔχει
2431 4917 2643 4969 εἰσιέναι
2694 4920 2784 4968 καὶ
2832 4914 3015 4978 ἐξιέναι
3069 4913 3117 4967 ἐν
3172 4924 3233 4988 τῇ
3277 4917 3415 4989 οἰκίᾳ
3465 4920 3632 4989 ἐκείνῃ
3670 4934 3681 4946 '
3716 4916 3874 4976 οὕτως

2272 5012 2360 5059 καὶ
2394 5009 2422 5065 ἡ
2456 5005 2686 5079 ἁμαρτία
2712 5007 2824 5076 ἔχει
2854 5002 3094 5067 ἐξουσίαν
3136 5003 3538 5077 διαλογίζεσθαι
3566 5010 3615 5059 έν
3645 5013 3707 5079 τῇ
3750 5024 3875 5079 καρ-

2273 5092 2385 5168 δίᾳ.
2422 5097 2719 5169 Γέγραπται
2746 5096 2847 5168 γὰρ
2879 5111 2890 5122 ·
2922 5093 3237 5154 Εἰσῆλθεν
3269 5094 3294 5148 6
3328 5100 3619 5157 Σατανᾶς
3658 5095 3872 5156 εἰςτῆν

2270 5204 2386 5260 καρ
2404 5181 2549 5237 δίαν
2601 5186 2640 5237 Ἰ
2659 5179 2846 5237 ούδα.
2898 5182 2958 5236 Εἰ
2985 5179 3043 5236 δε
3074 5183 3254 5255 λέγεις,
3284 5186 3366 5237 ὅτι
3397 5180 3492 5237 διὰ
3514 5193 3606 5246 τῆς
3632 5184 3871 5245 ἐλεύσεως

2271 5281 2362 5326 τοῦ
2398 5273 2639 5348 Χριστοῦ
2688 5273 2971 5345 κατεκρίθη
3007 5274 3037 5331 ἡ
3077 5271 3326 5346 ἁμαρτία,
3360 5278 3449 5326 καὶ
3511 5275 3639 5345 μετὰ
3685 5276 3744 5326 τὸ
3775 5271 3871 5347 βάι

2274 5381 2480 5436 πτισμα
2510 5361 2681 5415 οὐκέτι
2712 5364 2825 5435 ἔχει
2849 5366 3011 5435 νομῆν
3062 5365 3120 5414 τὸ
3156 5366 3316 5416 κακὸν
3346 5370 3439 5415 τοῦ
3471 5360 3872 5435 διαλογίζεσθαι

2270 5454 2319 5505 ἐν
2353 5458 2415 5524 τῇ
2446 5448 2664 5523 καρδίᾳ,
2699 5450 2901 5522 ἀγνοεῖς
2933 5450 3014 5504 ὃτι
3066 5453 3121 5503 ἐκ
3166 5459 3263 5514 τῆς
3316 5470 3611 5525 παρουσιας
3640 5458 3733 5506 τοῦ
3771 5457 3871 5505 Κυ-

2222 5677 2270 5713 οδ
2301 5675 2503 5735 Matth.
2529 5690 2667 5743 xxv,
2696 5678 2779 5732 19.
2859 5676 2906 5712 ⁵⁸
2939 5676 3109 5733 Rom.
3141 5691 3259 5745 vni,
3286 5680 3337 5734 3.
3416 5676 3619 5735 "Luc.
3642 5691 3783 5747 xxu,
3814 5681 3864 5735 3.
