4148 6262
295 275 401 332 585

1570 275 1909 333 HOMILLE.
1953 305 2020 318 —-
2063 275 2236 332 HOM.
2278 276 2395 332 XV.

3554 283 3658 342 586

289 405 406 474 ρίου
445 403 611 472 μέχρι
658 407 748 452 τοῦ
787 407 896 468 νῦν,
943 403 1060 454 ὅσοι
1090 401 1509 467 ἕκαπτίσθησαν,
1545 408 1634 454 καὶ
1688 404 1892 474 πονηρὰ

2016 401 2150 456 mini
2179 402 2256 458 ad
2287 402 2447 457 hunc
2461 418 2652 475 usque
2673 405 2834 463 diem
2852 412 3194 480 quotmodo
3209 411 3489 484 baptizati
3519 411 3657 476 sint,

290 493 415 542 ποτε
483 489 870 559 ἐλογίσθησανς
920 491 950 548 ἢ
1000 492 1094 543 ούκ
1147 492 1215 552 εἰς
1271 489 1568 554 κενοδοξίαν
1619 495 1754 552 τινες
1803 491 1893 542 αύ-

287 587 408 646 τῶν,
441 581 471 638 ἣ
507 583 764 651 πορνείαν,
814 581 844 638 ἦ
899 586 1327 654 γαστριμαργίαν
1382 583 1724 652 ἐτράπησαν;
1768 579 1893 631 ἀλλά

292 668 400 720 ὅλοι
429 670 477 720 οἱ
506 675 857 729 κατοικοῦντες
906 668 953 720 ἐν
1002 678 1063 742 τῇ
1099 670 1389 741 Ἐκκλησία
1442 674 1710 740 κοσμικοὶ,
1752 668 1892 739 ἀμω-

291 775 387 829 μον
421 761 510 809 καὶ
561 759 793 830 καθαρὰν
846 760 1037 829 ἔχουσι
1093 762 1187 817 τὴν
1244 756 1470 830 καρδίαν
1512 776 1524 822 ;
1568 762 1598 816 ἧ
1650 759 1894 828 εὑρίσκο-

293 864 404 917 μεν,
445 847 524 897 ὃτι
577 849 708 917 μετά
749 849 806 898 τό
849 844 1128 919 βάπτισμα
1157 847 1341 900 πολλαὶ
1381 846 1636 920 ἁμαρτίαι
1686 851 1886 916 γίγνον-

293 953 400 998 ται,
429 940 519 986 καὶ
567 934 743 986 πολλοὶ
774 935 1161 1007 ἁμαρτάνουσιν
1195 956 1207 1002 ;
1264 935 1416 1006 Ἔχει
1458 932 1548 987 οὖν
1604 941 1764 1006 νομὴν
1797 941 1888 987 καὶ

295 1027 425 1096 μετὰ
463 1027 520 1076 τό
553 1022 836 1096 βάπτισμα
870 1025 1112 1078 εἰσελθεῖν
1156 1027 1181 1077 ό
1233 1025 1451 1098 λῃστὴς,
1507 1031 1595 1077 καὶ
1650 1027 1891 1095 πράττειν

295 1113 503 1168 ἄθελει.
529 1115 826 1186 Γέγραπται
849 1117 951 1188 γάρ
987 1131 999 1143 ⁶
1050 1116 1438 1186 Ἀγαπήσεις
1487 1117 1719 1186 Κύριον
1787 1118 1891 1166 τόν

294 1208 444 1256 Θεόν
507 1221 620 1254 σου
660 1201 722 1265 ἕξ
783 1203 932 1263 ὃλης
978 1211 1090 1265 τῆς
1156 1202 1434 1276 καρδίας
1476 1223 1609 1257 σου.
1638 1201 1794 1253 Ἀλλὰ
1819 1201 1894 1252 λέ-

291 1293 527 1362 γεις,ὃτι
559 1290 839 1362 Ἀγαπῶ,
880 1296 986 1344 καὶ
1020 1295 1148 1364 ἔχω
1190 1300 1441 1364 Πνεῦμα
1478 1291 1680 1362 άγιον.
1710 1289 1894 1360 ’Ἔχεις

293 1385 387 1438 τὴν
439 1385 669 1452 μνήμην,
727 1384 943 1432 καὶτὸν
1000 1383 1184 1455 ἔρωτα,
1239 1385 1327 1432 καὶ
1378 1385 1470 1438 τὴν
1527 1387 1716 1430 καῦσιν
1767 1383 1892 1450 πρὸς

293 1472 380 1520 τὸν
409 1471 628 1540 Κύριον;
684 1473 864 1528 νυκτὸς
893 1474 982 1520 καὶ
1021 1471 1214 1540 ἡμέρας
1263 1468 1366 1520 ἐκεῖ
1401 1465 1762 1533 ἀποδέδεσαι;
1805 1473 1891 1519 καὶ

295 1558 336 1609 εἰ
363 1561 454 1628 μεν
513 1559 657 1627 ἔχεις
711 1560 958 1614 τοιαύτην
1003 1557 1232 1628 ἀγάπην,
1264 1560 1493 1626 καθαρός
1525 1555 1584 1612 εἶ.
1630 1558 1685 1610 Εἰ
1715 1554 1774 1610 δὲ
1799 1557 1892 1609 οὐκ

295 1644 454 1712 ἔχεις,
535 1645 766 1703 ζήτησον
824 1644 896 1694 ἔτι
962 1644 1082 1694 ὃταν
1130 1643 1346 1694 ἔλθωσιν
1393 1642 1492 1694 ἀπὸ
1545 1650 1644 1693 τῶν
1700 1645 1891 1712 γηῖνων

2003 495 2057 544 et
2071 491 2402 561 aliquando
2427 497 2622 547 tamen
2638 494 3028 553 nihilominus
3053 502 3212 556 mala
3226 498 3615 569 cogitaverint
3629 497 3657 551 ?

2003 579 2115 632 Aut
2149 595 2348 634 nonne
2362 581 2610 650 quidam
2632 598 2840 639 eorum
2869 587 2944 641 ad
2974 605 3194 644 vanam
3217 587 3657 658 glorieecupidi-

2003 668 2268 731 ditatem,
2326 669 2398 722 ad
2449 677 2721 739 stuprum
2773 678 2875 728 aut
2910 675 3330 732 helluationem
3387 674 3656 731 conversi

2005 756 2198 810 sunt?
2228 757 2430 824 Porro,
2476 774 2551 813 an
2594 776 2803 815 omnes
2843 764 2944 833 qui
2978 764 3249 821 habitant
3287 768 3345 821 in
3399 765 3658 820 Ecclesia

2002 844 2276 900 homines
2303 847 2616 911 mundani,
2653 865 2803 919 puro
2830 857 2885 906 et
2925 853 3275 925 inculpabili
3304 855 3483 910 corde
3509 870 3656 924 pra:-

2003 934 2110 988 diti
2142 942 2279 990 sunt
2308 933 2335 988 7
2361 941 2460 990 aut
2500 953 2696 992 nonne
2727 940 3061 1010 reperimus
3109 949 3245 1013 post
3288 944 3657 1013 baptismum

2003 1023 2191 1078 multa
2205 1026 2526 1094 perpetrari
2552 1033 2814 1096 peccata,
2845 1045 2915 1084 ac
2949 1032 3165 1087 multos
3199 1048 3396 1087 errare
3419 1032 3445 1085 ?
3476 1031 3660 1086 Habet

2003 1112 2180 1181 igitur
2207 1113 2495 1182 pabulum
2526 1120 2580 1169 et
2611 1115 2908 1173 licentiam
2960 1119 3130 1185 latro,
3178 1123 3358 1176 etiam
3389 1125 3524 1191 post
3557 1120 3659 1174 ba-

2003 1201 2312 1272 ptismum,
2331 1201 2896 1276 ingrediendialque
2915 1208 3130 1277 agendi
3153 1225 3260 1279 pro
3279 1209 3492 1264 lubitu.
3515 1209 3662 1264 Scri-

2003 1294 2172 1360 ptum
2206 1291 2344 1344 enin
2368 1296 2454 1346 est
2484 1313 2494 1344 :
2550 1294 2773 1362 Diliges
2804 1297 3121 1353 Dominum
3155 1300 3329 1354 Deum
3390 1305 3554 1352 tuum
3587 1311 3661 1351 ea:

2006 1386 2125 1435 toto
2151 1381 2327 1436 corde
2367 1386 2464 1436 tuo
2505 1383 2570 1435 ⁵⁸.
2605 1385 2819 1438 Verum
2871 1386 3017 1440 dicis
3054 1406 3065 1442 :
3106 1388 3315 1457 Diligo,
3378 1393 3432 1443 et
3479 1388 3661 1442 habeo

2001 1469 2288 1538 Spiritum
2306 1473 2875 1528 sanctum.Hahesne
2905 1477 3262 1532 memoriam
3308 1483 3658 1538 etamorem,

2003 1574 2072 1614 ac
2103 1559 2366 1629 ﬂagrans
2397 1561 2758 1616 desiderium
2786 1564 3076 1619 directum
3102 1581 3246 1635 erga
3285 1565 3608 1620 Dominum
3636 1563 3663 1617 ἲ

2003 1663 2142 1703 esne
2173 1655 2351 1703 noctu
2382 1650 2735 1720 diuqueillic
2755 1651 3066 1707 devinctus
3091 1654 3118 1708 ‘?
3149 1660 3202 1709 et
3225 1653 3524 1725 siquidem
3549 1653 3664 1707 hac

293 1732 638 1801 πραγμάτων,
694 1735 781 1782 καὶ
831 1732 932 1783 ἀπό
975 1739 1074 1782 τῶν
1125 1731 1365 1803 αἰσχρῶν
1405 1736 1493 1783 καὶ
1546 1740 1778 1801 πονηρῶν
1814 1730 1893 1782 λο-

2016 1735 2316 1789 iilectione
2349 1737 2629 1805 praeditus
2656 1754 2738 1802 es,
2770 1755 2955 1809 purus
2988 1757 3074 1795 es.
3117 1743 3215 1797 Sin
3244 1758 3314 1796 ea
3349 1742 3545 1795 minus
3580 1741 3662 1794 sis

292 1827 518 1890 γισμῶν,
579 1820 622 1870 εἱ
651 1823 722 1890 μὴ
779 1822 908 1892 πρὸς
971 1828 1138 1871 ταῦτα
1202 1820 1473 1891 ύποκλίνη,
1523 1818 1651 1870 ἀλλὰ
1680 1821 1894 1870 πάντοτε

295 1907 365 1968 εἰς
415 1906 621 1978 ἀγάπην
660 1913 749 1960 καὶ
797 1910 955 1960 πόθον
987 1916 1120 1961 Θεοῦ
1168 1907 1367 1960 ἱλκεταί
1418 1928 1510 1960 σου
1543 1911 1571 1966 ἡ
1613 1908 1797 1979 ψυχή,
1831 1913 1895 1960 Oi

293 1999 394 2068 γὰρ
425 1997 674 2068 λογισμοὶ
731 2004 821 2050 τοῦ
869 2002 1070 2068 κόσμου
1112 2007 1427 2050 κατασπῶσι
1456 2001 1542 2049 τόν
1575 2004 1692 2048 νοῦν
1733 1996 1803 2057 εἰς
1833 1999 1898 2048 τὰ

294 2085 497 2156 ἐπίγεια
545 2091 635 2138 καὶ
687 2087 870 2159 θαρτά,
914 2091 1004 2138 καὶ
1061 2087 1154 2138 οὒκ
1204 2085 1354 2138 ἐῶσιν
1411 2086 1691 2156 ἀγαπῆσαι
1745 2089 1893 2149 Θεὸν,

295 2176 324 2233 ἢ
358 2182 715 2246 μνημονεῦσαι
753 2182 846 2227 τοῦ
909 2180 1124 2248 Κυρίου.
1179 2179 1276 2228 Καὶ
1317 2175 1558 2235 πολλάκις
1611 2175 1898 2247 ἀπέρχεται

296 2263 362 2323 εἰς
390 2269 696 2335 προσευχὴν
736 2265 761 2315 ό
818 2260 1054 2328 ἰδιώτης,
1111 2270 1200 2316 καὶ
1229 2264 1387 2316 κλίνει
1417 2269 1561 2336 γόνυ,
1615 2270 1702 2316 καὶ
1735 2264 1899 2336 εἰσέρ-

299 2372 453 2423 χεται
505 2355 530 2404 ό
579 2360 690 2413 νοῦς
729 2353 886 2405 αὐτοῦ
925 2359 996 2415 εἱς
1029 2353 1345 2419 ἀνάπαυσιν,
1389 2359 1479 2406 καὶ
1508 2356 1626 2406 ὅσον
1672 2355 1892 2405 σκάπτει

295 2448 385 2494 καὶ
435 2441 671 2514 βαθύνει,
713 2443 965 2516 ῥύσσεται
1018 2447 1075 2495 τὸ
1114 2450 1293 2514 τεῖχος
1353 2451 1443 2503 τῆς
1491 2448 1674 2503 κακίας
1704 2446 1760 2493 τό
1807 2445 1894 2493 ἀν-

299 2533 628 2603 θιστάμενον,
678 2536 767 2583 καὶ
821 2532 1117 2604 εἰσέρχεται
1175 2534 1242 2593 εἰς
1290 2534 1471 2604 ὅρασιν
1538 2537 1622 2584 καὶ
1688 2537 1891 2604 σοφίαν,

297 2621 426 2672 ὃπου
481 2621 539 2672 ού
581 2622 836 2692 φθάνουσι
894 2619 1152 2673 δυνάσται
1195 2626 1223 2678 ἦ
1288 2627 1460 2693 σοφοὶ,
1493 2625 1521 2680 ἦ
1554 2623 1769 2695 ῥήτορες
1809 2641 1898 2672 κα-

297 2709 533 2762 ταλαϐεῖν
565 2710 594 2766 ἡ
635 2718 828 2781 γνῶναι
891 2715 982 2768 τὴν
1036 2711 1322 2768 λεπτότητα
1371 2719 1462 2763 τοῦ
1517 2715 1627 2771 νοός
1689 2711 1848 2762 αὑτοῦ
1883 2727 1896 2740 ⁸

297 2797 478 2858 ἐπειδὴ
537 2798 846 2870 ἀσχολεῖται
914 2800 984 2861 εἰς
1070 2801 1180 2851 θεῖα
1261 2805 1552 2874 μυστήρια.
1617 2805 1717 2852 Καὶ
1795 2802 1896 2873 γὰρ

295 2890 506 2960 ἄπειρος
535 2896 626 2940 τοῦ
672 2885 979 2959 δοκιμάζειν
1019 2893 1370 2963 μαργαρίτας,
1426 2889 1519 2940 οὐκ
1567 2885 1678 2940 οἶδε
1729 2885 1900 2940 διατι·

297 2979 576 3047 μήσασθαι
605 2979 840 3040 τούτους,
875 2974 969 3029 διὰ
1022 2981 1077 3030 τό
1131 2978 1342 3050 οἶπειρον
1386 2978 1540 3028 αὐτόν
1589 2979 1888 3048 τυγχάνειν.

298 3066 363 3115 Οἱ
393 3060 480 3115 οὖν
526 3071 834 3136 Χριστιανοὶ
884 3068 950 3117 τὰ
988 3062 1174 3127 ἔνδοξα
1212 3074 1305 3126 τῆς
1344 3074 1442 3136 γῆς
1485 3063 1889 3137 βδελύσσονται,

298 3157 384 3204 καὶ
428 3154 676 3223 ἡγοῦνται
739 3163 901 3206 ταῦτα
965 3156 1034 3215 ὡς
1098 3159 1318 3225 κοπρίαν
1373 3158 1495 3226 πρὸς
1551 3153 1752 3205 ἐκείνων
1803 3159 1894 3212 την

301 3243 582 3312 σύγκρισιν
667 3249 760 3302 τῆς
817 3243 1210 3313 μεγαλειότητος
1268 3250 1360 3303 τῆς

298 3333 496 3392 αὑτοῖς.

1450 3241 1758 3314 ἐνεργούσης
1840 3246 1887 3294 ἐν

371 3613 474 3678 Ις-’.
518 3613 887 3685 Ἐρώτησις.
947 3614 1016 3667 Εἰ
1065 3610 1348 3666 δύναται
1396 3623 1614 3668 πεσεῖν
1668 3615 1894 3689 ἂνθρω-

295 3724 412 3766 πος
453 3705 618 3774 ἔχων
649 3705 958 3778 χάρισμα
991 3721 1004 3770 ;

369 3801 776 3876 Ἀπόκρισις.
841 3802 955 3854 Ἐὰν
1012 3800 1270 3873 ἀμελήση,
1323 3807 1532 3854 πίπτει·
1587 3805 1635 3854 οἱ
1677 3807 1774 3876 γὰρ
1806 3825 1897 3857 πο-

296 3891 466 3962 λέμιοι
495 3885 745 3942 οὐδίποτε
796 3889 1041 3963 ἀργοῦσι,
1093 3893 1210 3942 οὔτε
1260 3890 1473 3942 ὀκνοῦσι
1503 3893 1836 3964 πολεμοῦντες
1874 3910 1886 3921 ·

296 3985 446 4052 πόσῳ
501 3978 692 4051 μᾶλλον
738 3981 802 4030 σὺ
853 3979 947 4030 οὐκ
1004 3978 1218 4050 ὀφεῦεις
1268 3983 1579 4032 παύσασθαι
1647 3980 1745 4032 ἀπὸ
1804 4002 1898 4044 της

300 4073 568 4133 ζητήσεως
617 4075 708 4128 τῆς
765 4070 894 4140 πρός
980 4071 1156 4135 Geor;
1231 4067 1389 4125 πολλὴ
1437 4071 1539 4140 γάρ
1596 4088 1678 4121 σοι
1731 4071 1899 4142 ζημία

296 4163 530 4229 γίγνεται
615 4155 910 4229 ἀμελοῦντι,
958 4156 1000 4208 εἰ
1056 4161 1146 4208 καὶ
1202 4155 1249 4207 ἐν
1303 4156 1443 4228 αὐτῷ
1499 4165 1570 4228 τῷ
1620 4165 1898 4233 μυστηρίῳ

297 4256 393 4309 τῆς
421 4248 646 4320 χάριτός
678 4242 852 4307 δοκεῖς
890 4244 1240 4308 ἐξετάζεσθαι.

369 4353 469 4408 lZ'.
514 4354 886 4427 Ἐρώτησις.
938 4353 1008 4406 Εἰ
1063 4357 1416 4426 παραμένει
1447 4356 1474 4412 ἡ
1509 4357 1707 4427 χάρις
1745 4358 1899 4424 μετὰ

298 4447 362 4496 τό
402 4450 625 4496 πεσεῖν
664 4444 1040 4516 ἄνθρωπον;

372 4541 770 4613 Ἀπόκρισις.
839 4540 897 4593 Ὀ
962 4544 1086 4602 Θεὸς
1168 4539 1296 4593 θέλει
1352 4544 1437 4593 τόν
1511 4543 1778 4616 ἄνθρωπον
1827 4543 1898 4603 εἰς

304 4630 443 4689 ζωὴν
482 4629 634 4681 πάλιν
689 4629 922 4700 ἀγαγεῖν,
979 4635 1067 4682 καὶ
1109 4634 1447 4704 προτρέπεται
1501 4629 1583 4683 ἐπὶ
1640 4635 1696 4684 τό
1745 4631 1897 4684 πάλιν

303 4715 670 4786 προσκλαῦσαι
707 4723 795 4770 καὶ
837 4727 1155 4790 μετανοῆσαι
1201 4723 1286 4772 τόν
1321 4721 1612 4793 ἄνθρωπον.
1664 4721 1782 4772 Ἐὰν
1840 4717 1899 4773 δὲ

303 4808 393 4857 καὶ
440 4809 756 4879 παραμείνῃ,
813 4806 896 4859 ἐπὶ
935 4812 992 4859 τό
1033 4808 1186 4860 πάλιν
1242 4809 1608 4883 προσκλαῦσαι
1667 4816 1755 4862 καὶ
1811 4830 1898 4883 με·

305 4902 561 4952 τανοῆσαι
610 4896 695 4945 τὸν
736 4895 1024 4968 ἄνθρωπον,
1067 4905 1412 4968 μετανοοῦντα
1466 4901 1534 4950 τὰ
1571 4897 1644 4970 ἐφ’
1677 4901 1754 4961 οἷς
1804 4902 1900 4951 πά-

302 4983 389 5036 λαι
419 4982 716 5055 ἔπλημμελη
727 5002 830 5035 σεν.

376 5081 483 5136 IH'.
528 5080 890 5154 Ἐρώτησις.
961 5083 1029 5135 Εἰ
1067 5091 1204 5144 τοῖς
1259 5085 1529 5148 τελείοις
1583 5084 1902 5140 ἐπίκειται

309 5170 555 5241 θλίψις,
590 5174 618 5228 ἦ
653 5169 947 5242 πόλεμος,
976 5172 1005 5229 ἦ
1041 5175 1106 5222 τό
1138 5171 1276 5223 ὅλον
1317 5171 1828 5248 ἀμεριμνοῦσιν;

381 5269 782 5342 Ἀπόκρισις.
839 5268 897 5321 Ὀ
941 5269 1183 5341 πολέμιος
1243 5273 1361 5321 κατ’
1414 5268 1621 5335 οὐδενός
1683 5294 1904 5326 παυεται

308 5357 560 5430 πολεμῶν,
618 5360 642 5409 ό
688 5362 917 5420 Σατανᾶς
957 5356 1015 5411 δε
1059 5359 1398 5430 ἄσπλαγχνος
1428 5361 1540 5412 ἐστι
1591 5368 1679 5414 καὶ
1722 5367 1906 5434 μισάνο

314 5448 515 5518 θρωπος
544 5464 556 5476 ·
592 5443 678 5499 διό
731 5452 818 5501 καί
859 5453 1013 5502 παντὶ
1061 5447 1313 5521 ἀνθρώπῳ
1342 5448 1576 5521 πολεμεῖν
1625 5451 1716 5503 οὐκ
1748 5451 1900 5503 ὀκνεῖ.

386 5641 432 5676 ⁵⁸
466 5640 633 5699 Deut.
669 5658 748 5708 vi,
779 5648 808 5699 5

2005 1825 2313 1895 praeditus,
2345 1825 2495 1880 ultra
2526 1827 2777 1897 inquire,
2819 1828 2916 1881 ubi
2975 1845 3035 1883 se
3065 1830 3390 1885 obtulerint
3422 1830 3662 1898 negotia

2008 1920 2259 1978 terrena,
2292 1919 2393 1967 aut
2424 1915 2812 1984 cogitationes
2847 1921 3048 1989 turpes
3091 1924 3146 1972 et
3191 1935 3413 1989 pravae,
3453 1933 3660 1972 annon

2008 2003 2085 2057 ad
2100 2003 2221 2057 haec
2253 2002 2666 2068 declinaveris,
2696 2021 2772 2058 an
2797 2021 2936 2060 vero
2964 2013 3253 2078 perpetuo
3284 2008 3361 2062 ad
3388 2022 3659 2062 amorem

2008 2108 2079 2147 ac
2109 2092 2472 2147 desiderium
2505 2093 2884 2149 Deitrahatur
2901 2096 3664 2166 animatua?cogitationes

2009 2182 2169 2236 enim
2202 2183 2525 2236 mundanae
2561 2181 2900 2238 distrahunt
2940 2189 3202 2240 mentem
3236 2186 3312 2240 ad
3347 2192 3579 2240 terrena
3608 2189 3666 2238 et

2010 2269 2436 2341 corruptibilia,
2481 2286 2588 2324 nec
2644 2273 2993 2340 permittunt
3047 2273 3292 2342 diligere
3329 2277 3527 2337 Deum,
3562 2278 3665 2328 aut

2011 2359 2248 2414 Domini
2279 2375 2606 2414 memorem
2638 2364 2869 2416 esse.At
2901 2376 3310 2432 saepenumero
3333 2362 3561 2416 accedit
3587 2362 3664 2416 ad

2010 2449 2307 2503 orandum
2338 2448 2521 2504 idiota
2544 2447 2697 2503 ﬂexo
2731 2450 2971 2520 poplite,
3007 2450 3458 2522 ingrediturque
3501 2465 3667 2505 mens

2011 2537 2142 2608 ejus
2173 2539 2230 2591 in
2261 2537 2551 2608 requiem,
2603 2543 2656 2592 et
2677 2539 2946 2608 quandiu
2973 2538 3120 2594 fodit
3149 2556 3217 2594 ac
3247 2540 3368 2594 ima
3396 2539 3663 2605 rimatur,

2012 2626 2659 2698 perrumpitobjectum
2679 2627 2966 2696 parietem
2997 2628 3254 2691 malitiae,
3284 2641 3353 2682 ac
3379 2626 3666 2682 transitio

2011 2716 2302 2771 visionem
2345 2721 2397 2769 et
2424 2715 2803 2786 sapientiam,
2847 2733 2969 2786 quo
3025 2732 3144 2772 non
3175 2717 3531 2788 perveniunt
3563 2731 3667 2786 po-

2014 2810 2220 2870 tentes,
2249 2809 2350 2859 aut
2372 2804 2693 2875 sapientes,
2719 2810 2822 2860 aut
2861 2806 3149 2871 rhetores,
3183 2811 3243 2860 ut
3275 2805 3665 2876 comprehen-

2010 2893 2157 2948 dant
2187 2899 2289 2947 aut
2316 2899 2687 2961 cognoscant
2719 2893 3104 2949 subtilitatem
3139 2895 3353 2948 mentis
3385 2894 3514 2964 ejus
3550 2910 3559 2946 :
3594 2893 3667 2946 si-

2010 2981 2256 3054 quidem
2284 2986 2540 3036 attentus
2561 2986 2652 3035 est
2690 2981 2767 3037 ad
2795 2981 2999 3037 divina
3028 2984 3332 3052 mysteria.
3368 2983 3475 3048 Qui
3506 2983 3668 3036 enim

1939 3103 1976 3157 Ο
2013 3069 2366 3141 margaritas
2406 3070 2661 3140 probare
2692 3069 2855 3125 haud
2888 3071 3071 3132 novit,
3103 3071 3198 3125 ille
3230 3087 3337 3125 nec
3379 3087 3482 3125 eas
3513 3069 3670 3123 aesti-

2012 3174 2173 3214 mare
2195 3159 2378 3222 novit,
2411 3173 2481 3212 eo
2511 3158 2677 3229 quod
2699 3159 3011 3229 imperitus
3034 3159 3108 3214 sit
3146 3159 3279 3229 ejus
3308 3159 3411 3213 rei.
3436 3161 3660 3224 Quam-

2007 3248 2217 3303 obrem
2271 3246 2581 3303 Christiani
2631 3247 2688 3301 in
2735 3252 2910 3315 terra,
2968 3263 3103 3319 qua:
3149 3248 3439 3320 praeclara
3502 3251 3659 3311 sunt,

2007 3341 2409 3400 exsecrantur,
2443 3351 2513 3390 ac
2539 3351 2647 3406 pro
2697 3341 2952 3392 stercore
3013 3341 3295 3408 reputant
3350 3353 3441 3402 ea,
3485 3334 3661 3391 colla-

2006 3426 2166 3480 tione
2197 3440 2332 3479 cum
2367 3425 2701 3494 majestate,
2744 3440 2874 3496 quae
2905 3429 3188 3496 operatur
3215 3425 3274 3480 in
3321 3425 3451 3490 illis,
3496 3423 3663 3479 insti-

2005 3519 2148 3570 tuta.

2077 3622 2206 3675 XVI.
2243 3621 2663 3689 Interrogatio.
2702 3621 2913 3678 Utrum
2960 3621 3082 3678 labi
3110 3627 3300 3690 potest
3331 3621 3522 3691 homo,
3560 3621 3664 3692 qui

2004 3711 2223 3766 donum
2245 3712 2452 3781 gratia?
2474 3711 2648 3766 habet
2675 3712 2702 3764 7

2079 3809 2411 3877 Responsio.
2451 3809 2506 3863 Si
2556 3809 2837 3879 negligat,
2890 3811 3091 3882 utique
3135 3810 3375 3864 labitur.
3435 3808 3663 3863 Inimici

2006 3898 2164 3952 enim
2199 3913 2507 3969 nunquam
2541 3899 2876 3969 quiescunt,
2918 3915 3027 3953 nec
3060 3897 3280 3952 bellum
3331 3897 3484 3952 ciere
3534 3913 3664 3965 gra-

2007 3992 2222 4041 vantur
2255 4002 2266 4040 :
2301 3991 2526 4056 quanto
2551 3987 2744 4056 magis
2777 3991 2838 4040 tu
2869 3989 3051 4041 Deum
3087 4001 3354 4057 quaerere
3377 3985 3661 4040 desistere

2007 4089 2124 4128 non
2196 4073 2423 4128 debes!
2494 4089 2613 4128 non
2663 4075 2821 4128 enim
2879 4074 3165 4142 exiguum
3232 4073 3660 4128 detrimentum

2008 4167 2208 4217 manet
2242 4167 2314 4226 te,
2357 4161 2403 4214 si
2449 4161 2738 4230 negligas,
2784 4164 3064 4234 quamvis
3104 4164 3163 4217 in
3205 4162 3333 4233 ipso
3378 4161 3660 4233 mysterio

2008 4251 2213 4321 gratiae
2244 4251 2485 4306 videare
2513 4251 2824 4322 probatus.

2075 4359 2234 4416 XVII.
2268 4359 2680 4429 Interrogatio.
2724 4359 2928 4414 Utrum
2973 4363 3284 4428 permanet
3312 4357 3508 4428 gratia
3531 4361 3661 4426 post

1931 4451 1976 4505 D
2010 4451 2239 4519 lapsum
2270 4447 2522 4504 hominis
2552 4449 2578 4503 ?

2079 4548 2417 4616 Responsio.
2453 4546 2608 4600 Deus
2647 4546 2703 4601 in
2736 4547 2888 4600 votis
2924 4545 3106 4601 habet
3139 4544 3446 4600 hominem
3497 4544 3664 4598 novi-

2010 4643 2130 4692 tam
2160 4637 2358 4690 denuo
2381 4635 2684 4702 reducere,
2708 4641 2885 4706 atque
2910 4633 3259 4689 adhortatur
3280 4648 3416 4688 eum
3451 4633 3661 4687 iterum

2008 4726 2084 4780 ad
2115 4725 2340 4780 luctum
2369 4729 2425 4779 et
2463 4724 2954 4793 resipiscentiam.
3007 4723 3106 4779 Sin
3138 4737 3275 4777 vero
3303 4724 3659 4793 perseveret,

2009 4815 2087 4869 ad
2119 4816 2346 4868 luctum
2377 4819 2432 4868 et
2473 4812 2875 4883 paenitentiam
2911 4813 3124 4867 iterum
3177 4811 3442 4866 hortatur
3473 4810 3665 4864 homi-

2010 4919 2171 4968 nem,
2243 4907 2304 4957 ut
2361 4901 2670 4973 resipiscat
2719 4906 2958 4974 prOpter
3005 4916 3097 4966 ea,
3146 4915 3278 4972 quae
3331 4899 3468 4954 olim
3519 4897 3665 4954 deli-

2012 4992 2159 5064 quit.

2090 5090 2197 5161 57
2222 5089 2406 5142 XVIII.
2427 5087 2843 5157 Interrogatio.
2878 5087 3380 5156 Utrumperfectis
3402 5086 3666 5141 imminet

2013 5178 2230 5248 afﬁctio
2259 5183 2359 5230 aut
2381 5177 2617 5240 bellum,
2652 5183 2751 5230 aut
2785 5176 3022 5246 penitus
3053 5192 3256 5232 secure
3287 5176 3486 5231 vivunt

2085 5274 2424 5343 Responsio.
2461 5275 2654 5328 Hostis
2677 5274 2897 5328 nemini
2924 5273 3144 5328 bellum
3171 5273 3381 5327 inferre
3413 5271 3663 5325 desinit:

2016 5367 2264 5420 Satanas
2304 5379 2441 5418 vero
2469 5363 2892 5417 immisericors
2921 5368 3029 5427 est,
3078 5370 3134 5417 et
3171 5362 3298 5417 odit
3337 5359 3614 5415 homines
3649 5373 3664 5413 :

2015 5457 2378 5525 quapropter
2413 5451 2595 5507 etiam
2626 5451 2910 5507 omnibus
2941 5450 3289 5507 hominibus
3331 5446 3551 5502 bellum
3586 5446 3668 5498 in-
