4148 6262
467 316 571 372 587

464 443 616 498 ferre
646 454 768 496 non
794 433 1097 510 pigrescit.
1119 435 1331 489 Verum
1346 444 1465 485 non
1484 426 1697 483 iisdem
1730 423 1925 481 modis
1953 419 2117 476 vide-
2147 415 2196 470 Α

466 537 563 587 tur
592 507 814 586 omnes
849 507 1093 582 adoriri.
1151 519 1408 576 Praefecti
1440 517 1600 573 enim
1632 531 1701 570 ac
1744 512 1991 569 comites
2024 507 2120 564 tri-

467 621 616 677 buta
644 618 916 690 pendunt
933 612 1051 684 regi
1075 629 1088 677 ;
1110 624 1316 666 verum
1334 608 1427 663 hic
1449 605 1714 662 conﬁsus
1728 601 1945 658 divitiis
1974 599 2116 663 suis,

470 725 617 766 auro
652 712 827 778 atque
850 706 1116 773 argento,
1151 705 1440 769 tanquam
1465 712 1536 751 ex
1562 711 1631 750 eo
1645 692 1808 766 quod
1828 690 2117 751 abundat,

470 814 579 853 sua
594 797 808 851 tributa
825 787 1280 861 colligit,damui
1296 786 1525 841 ratione
1542 799 1664 839 non
1679 780 2124 844 habita.Quem-

470 885 803 942 admodum
850 881 1032 946 enim,
1066 878 1168 950 qui
1199 876 1651 944 eleemosynam
1686 869 1924 943 praebet,
1959 864 2122 921 nullo

469 974 653 1031 modo
680 974 979 1043 jacturam
999 970 1235 1040 reputat
1276 981 1288 1018 :
1325 965 1409 1019 sic
1448 977 1691 1034 quoque
1732 961 1983 1014 Satanas
2014 957 2124 1010 ista

470 1069 761 1135 tanquam
780 1060 891 1114 sibi
924 1052 1542 1129 superﬂuaproponit.
1570 1052 1847 1106 Caeterum
1876 1050 1966 1100 est
1993 1043 2128 1135 qui-

471 1134 611 1206 dam
647 1163 900 1221 pauper,
934 1146 1248 1202 destitutus
1275 1142 1409 1197 cibo
1426 1138 1796 1212 quotidiano.
1848 1135 1950 1191 Hic
1982 1134 2130 1190 afﬂi-

472 1241 627 1309 gitur
656 1243 711 1294 et
736 1242 1061 1309 torquetur,
1081 1249 1187 1288 nec
1212 1237 1407 1305 potest
1426 1247 1581 1303 opus
1605 1227 1750 1284 illud
1774 1223 2126 1295 adimplere.

473 1331 571 1385 Est
612 1342 876 1399 quoque,
916 1324 1019 1397 qui
1051 1323 1319 1379 atteritur
1359 1319 1647 1391 angustiis
1704 1322 1759 1372 et
1798 1318 2124 1385 torquetur,

473 1433 583 1473 nec
611 1422 811 1472 tamen
844 1415 1108 1470 moritur.
1152 1415 1249 1466 Est
1277 1425 1521 1482 quoque
1561 1408 1734 1471 alius,
1770 1404 1872 1478 qui
1892 1407 2133 1476 propter

474 1506 727 1561 verbum
755 1505 999 1559 unicum
1031 1501 1238 1572 capitis
1280 1497 1571 1569 supplicio
1605 1495 1756 1551 afﬁci
1783 1493 2042 1565 jubuter,
2076 1496 2135 1545 et

476 1596 644 1668 perit.
681 1594 771 1650 Sic
792 1608 1035 1665 quoque
1063 1591 1213 1645 inter
1254 1588 1621 1645 Christianos
1652 1582 1928 1655 sunt,qui
1961 1581 2135 1636 vehe-

478 1688 706 1739 menter
738 1683 1169 1753 impugnantur
1196 1694 1266 1733 ac
1294 1675 1694 1731 vellicantura
1722 1678 1967 1745 peccato
1996 1690 2014 1726 :
2044 1674 2130 1724 at-

1747 299 1808 355 S.
1850 290 2159 352 MACARII
2197 284 2507 341 EGYPTII

3722 271 3824 328 588

2228 410 2365 467 Ἀλλ’
2393 410 2451 463 οὐ
2477 414 2587 469 τοῖς
2634 406 2813 467 αὐτοῖς
2855 408 3061 479 μίτροις
3109 405 3343 476 φαίνεται
3393 404 3569 453 πᾶσαν
3622 396 3778 449 ἐπιών
3810 407 3828 426 ⁸

2228 508 2317 555 xui
2346 502 2447 572 γὰρ
2475 501 2702 572 ἔπαρχοι
2731 498 2820 547 καὶ
2871 498 3095 565 κόμητες
3142 496 3333 564 φόρους
3365 485 3584 542 διδόασι
3618 494 3689 557 τῷ
3731 484 3832 558 βα-

2233 592 2383 655 σιλεῖ,
2435 588 2539 641 ἀλλ’
2588 582 2734 647 οὗτος
2788 583 2988 659 θαῤῥῶν
3049 591 3121 653 τῷ
3163 581 3369 651 πλούτῳ
3426 577 3609 644 αὐτοῦ,
3642 580 3733 628 καὶ
3760 582 3832 645 τῷ

2231 687 2444 755 χρυσῷ,
2497 680 2588 729 xui
2639 684 2711 746 τῷ
2760 673 2969 748 ἀργύρῳ
3021 675 3089 733 ὡς
3138 669 3193 723 ἐκ
3239 677 3339 721 τῶν
3398 666 3833 741 περισσενμοὶτων

2234 772 2390 822 αὑτοῦ
2434 772 2658 820 ποιεῖται
2708 766 2803 824 τὰς
2834 760 3144 832 συντελείας,
3202 759 3260 811 οῦ
3288 758 3484 830 ζημίαν
3513 756 3825 827 ἡγούμενος.

2231 860 2431 932 Ὠσπερ
2465 858 2563 929 γὰρ
2632 856 2658 906 ὁ
2707 860 2866 906 ποιῶν
2923 850 3270 923 ἐλεημοσύνην
3328 844 3577 901 οὐδέποτε
3625 846 3836 915 ἡγεῖται

2237 950 2431 1021 ζημίαν
2459 967 2471 978 ·
2501 945 2635 998 οὕτω
2672 948 2763 995 καὶ
2811 943 2837 993 ό
2886 945 3132 1005 Σατανᾶς,
3174 942 3239 999 ὡς
3285 937 3341 989 ἐκ
3378 939 3639 1012 παρέργου
3669 940 3836 986 ταῦτα

2236 1042 2462 1107 ἡγεῖται.
2522 1034 2678 1086 Ἔστι
2734 1028 2793 1085 δε
2848 1031 3061 1100 πτωχὸς
3114 1028 3408 1099 λειπόμενος
3467 1031 3665 1100 τροφῆς
3715 1021 3837 1107 ἔφης

2238 1106 2395 1200 μίρου
2430 1142 2443 1155 ·
2498 1124 2643 1184 οὗτος
2693 1120 3008 1193 μαστίζεται
3060 1121 3149 1170 καὶ
3207 1114 3576 1188 βασανίζεται,
3616 1116 3689 1185 μὴ
3740 1106 3836 1163 δυο

2239 1218 2463 1289 μάμενος
2515 1212 2671 1264 ἐκεῖνο
2726 1213 2785 1262 τό
2845 1206 3167 1278 συντέλεσμα
3242 1203 3621 1276 ἀποπληρῶσαι
3669 1215 3684 1231 ⁸
3745 1203 3837 1251 xui

2241 1287 2353 1358 ἔστι
2410 1304 2641 1375 ξεόμενος
2687 1303 2778 1352 καὶ
2844 1296 3252 1371 βασανιζόμενος
3298 1292 3560 1366 χαλεπῶς,
3614 1293 3703 1342 καὶ
3742 1287 3837 1341 οὐκ

2244 1395 2580 1451 ἀποθνήσκει.
2642 1393 2743 1443 Καὶ
2785 1390 2925 1441 ἔστιν
2963 1386 3133 1451 ἄλλος,
3183 1386 3262 1437 ὃτι
3305 1386 3395 1436 καὶ
3442 1381 3544 1435 ἀπὸ
3582 1386 3708 1452 μιᾶς
3745 1380 3837 1450 φά-

2246 1504 2374 1545 σεως
2441 1482 2695 1534 κελεύεται
2785 1475 3285 1548 ἀποκεφαλισθῆναι,
3355 1476 3445 1525 xui
3523 1467 3832 1523 ἀπόλλυται.

2245 1574 2425 1634 Οῦτως
2471 1575 2557 1623 xui
2598 1570 2667 1631 εἰς
2712 1570 2828 1627 τοὺς
2856 1566 3205 1640 Χριστιανούς
3244 1563 3374 1615 εἰσιν
3417 1560 3653 1633 ἰσχυρῶς
3695 1556 3843 1610 πολε-

2244 1666 2490 1736 μούμενοι
2556 1665 2645 1712 καὶ
2685 1659 2910 1730 ξεόμενοι
2946 1657 3047 1708 ὑπὸ
3109 1661 3201 1714 τῆς
3261 1653 3521 1727 ἁμαρτίας
3552 1665 3568 1680 '
3623 1652 3713 1701 xui
3766 1650 3843 1700 ἔτι

476 1788 594 1844 que
626 1741 868 1842 insuper
899 1741 1096 1824 adhuc
1122 1768 1182 1821 in
1200 1765 1355 1821 bello
1378 1771 1431 1819 et
1461 1764 1646 1819 robur
1668 1741 2128 1833 etvprudentiam

2244 1753 2318 1815 εἰς
2345 1756 2462 1812 τοὺς
2513 1749 2763 1821 πολέμους
2800 1752 3127 1820 στερεοῦνται
3179 1747 3269 1795 καὶ
3322 1741 3646 1813 σοφίζονται,
3679 1757 3844 1790 κατα·⁸

2744 1838 2753 1844 .
2895 1839 2903 1844 .
3025 1830 3048 1844 .
3135 1834 3148 1844 .
3433 1833 3443 1844 .
3548 1828 3561 1844 .
3656 1828 3679 1844 ι.

478 1859 587 1915 sibi
621 1858 961 1922 conciliant,
1017 1856 1227 1928 spretis
1259 1853 1742 1910 adversariorum
1777 1849 2000 1905 viribus
2040 1865 2051 1902 :
2079 1853 2135 1902 et

479 1952 749 2019 expertes
777 1946 894 2002 hac
922 1946 983 2001 in
1015 1950 1182 2015 parte
1222 1948 1361 1998 sunt
1417 1940 1676 2014 pertiuli,
1716 1941 1858 2012 quia
1888 1937 2029 1993 certi
2061 1953 2131 1992 ac

477 2036 634 2092 ﬁrmi
667 2040 801 2091 sunt
826 2035 901 2090 de
927 2033 1117 2089 salute
1145 2048 1275 2095 sua,
1317 2047 1387 2087 eo
1418 2030 1582 2102 quod
1612 2029 1784 2084 valde
1835 2026 2131 2083 exercitat.

481 2127 694 2181 suntin
726 2123 881 2180 bello
913 2123 1203 2178 adversus
1232 2121 1396 2188 vitia,
1432 2128 1487 2175 et
1518 2118 1886 2189 experientia
1914 2115 2131 2171 edoctii

482 2214 777 2270 Habentes
815 2214 1009 2283 itaque
1059 2214 1243 2266 Deum
1276 2208 1438 2281 apud
1493 2222 1641 2273 sese,
1675 2206 2016 2276 diriguntur
2064 2218 2133 2259 ac

483 2304 887 2376 requiescunt.

552 2428 681 2485 XIX.
718 2426 827 2482 Alii
859 2441 993 2481 vero
1038 2438 1353 2495 nunquam
1395 2420 1719 2485 exercitati,
1777 2419 1823 2473 si
1854 2419 1915 2473 in
1947 2431 2134 2487 angu-

485 2518 665 2573 stiam
712 2515 976 2588 aliquam
1005 2511 1344 2577 inciderint,
1404 2515 1505 2566 aut
1533 2514 1847 2565 moveatur
1884 2507 2129 2572 bellum,

482 2606 768 2662 continuo
804 2605 861 2657 in
890 2602 1212 2675 perniciem
1254 2605 1355 2655 aut
1400 2598 1699 2655 interitum
1749 2595 2129 2652 delabuntur.

483 2694 732 2750 Perinde
763 2708 833 2748 ac
863 2691 964 2763 qui
997 2688 1453 2762 proﬁciscuntur
1473 2688 1532 2741 in
1568 2685 2135 2751 civitatem,amicos

481 2783 726 2838 invisuri
758 2786 814 2836 et
838 2779 1161 2835 familiares
1186 2793 1354 2846 suos,
1374 2775 1651 2849 quamvis
1679 2775 1875 2830 multis
1896 2774 1957 2829 in
1984 2790 2135 2829 nun-

482 2872 641 2927 diuis
678 2874 1012 2933 occurrant,
1060 2883 1180 2922 non
1214 2871 1417 2922 tamen
1456 2866 1533 2921 ab
1565 2866 1634 2920 iis
1675 2863 2084 2935 impediuntur
2122 2881 2135 2931 ;

483 2975 703 3032 scopus
726 2958 886 3014 enim
918 2957 1175 3014 iillorum
1189 2960 1296 3020 est,
1317 2960 1379 3010 ut
1408 2956 1638 3010 amicos
1662 2954 2048 3009 conveniant:
2081 2956 2136 3007 et

483 3064 623 3105 cum
660 3047 803 3104 foris
832 3047 1084 3118 januam
1113 3044 1478 3117 pulsaverint
1517 3059 1586 3098 ac
1616 3042 1984 3110 vocaverint,
2016 3042 2135 3096 laeti

480 3138 754 3210 aperiunt
784 3136 961 3192 amici
990 3135 1250 3200 illorum,
1285 3134 1376 3189 sin
1415 3149 1553 3189 vero
1584 3133 1851 3188 haereant
1903 3132 1961 3185 in
1988 3131 2133 3188 foris

482 3232 540 3284 et
570 3227 800 3299 plateis,
843 3231 899 3281 et
928 3225 1255 3281 illudantur
1286 3227 1387 3279 aut
1413 3222 1778 3277 retineantur
1802 3220 1879 3277 ab
1909 3221 2004 3286 iis,
2038 3220 2135 3292 qui

481 3320 786 3381 ocurrunt,
806 3314 1334 3383 occluditurjanua
1347 3316 1402 3367 et
1428 3326 1605 3366 nemo
1632 3310 1751 3365 illis
1766 3309 1957 3381 aperit
1983 3327 1997 3364 :
2031 3309 2131 3375 ita,

482 3404 585 3475 qui
630 3404 709 3458 ad
740 3404 1029 3458 Dominus
1072 3407 1342 3457 nostrum
1367 3402 1571 3455 Jesum
1597 3400 1893 3455 Christum
1927 3414 2134 3453 verum

483 3492 768 3555 amicum,
800 3490 1434 3559 vadereimpelluntur,
1454 3493 1666 3543 caetera
1681 3487 1887 3543 omnia
1913 3486 2134 3542 debent

483 3584 863 3636 contemnere
895 3585 948 3633 et
977 3578 1302 3649 despicere.
1360 3577 1425 3631 Et
1454 3576 1994 3648 quemadmodum,
2028 3576 2134 3646 qui

484 3668 772 3740 palatium
810 3667 1227 3737 ingrediuntur
1258 3681 1459 3735 regem
1501 3666 1709 3733 visuri,
1741 3666 1865 3719 sive
1898 3665 2012 3719 sint
2038 3681 2132 3720 co-

483 3759 678 3822 mites,
711 3756 830 3811 sive
857 3755 1340 3828 praesides,valde
1367 3758 1657 3819 metuunt,
1678 3753 1987 3825 quomodo
2019 3755 2135 3809 sint

479 3847 847 3917 responsuri,
882 3850 938 3900 et
968 3845 1121 3900 neiu
1172 3843 1599 3914 respondendo
1638 3842 1813 3914 lapsi,
1849 3842 1908 3897 in
1938 3857 2134 3913 repre-

480 3936 832 3990 hensionem
866 3932 1578 4006 elsuppliciumincidant
1612 3949 1624 3998 ;
1662 3931 1866 3986 rustici
1898 3947 2036 3987 vero
2064 3947 2134 3987 ac

481 4024 697 4097 plebeii
710 4024 1000 4090 homines,
1019 4024 1121 4096 qui
1134 4038 1449 4094 nunquam
1467 4021 1796 4094 principem
1812 4036 2134 4092 conspexe-

478 4130 562 4179 re,
589 4113 736 4169 nihil
763 4113 993 4168 solliciti
1024 4116 1161 4167 sunt
1188 4130 1199 4166 :
1228 4113 1311 4167 sic
1325 4127 1567 4184 quoque
1589 4110 1855 4166 mundus
1883 4111 1995 4175 hic,
2030 4110 2130 4181 qui

481 4202 593 4258 sub
606 4202 763 4258 cmlis
783 4207 887 4265 est,
918 4217 953 4257 a
980 4202 1219 4272 regibus
1235 4202 1309 4256 ad
1328 4216 1622 4271 pauperes
1639 4215 1826 4270 usque
1846 4215 1905 4254 se
1927 4200 2128 4255 habet.

480 4294 625 4347 Cum
654 4291 904 4363 gloriam
923 4291 1131 4347 Christi
1149 4291 1667 4361 ignorent,curam
1686 4294 1901 4357 gerunt
1931 4304 2132 4343 rerum

481 4380 857 4435 saecularium
878 4396 889 4434 :
908 4396 1015 4434 nec
1030 4380 1145 4435 cito
1176 4379 1310 4451 quis
1335 4379 1685 4434 recordatur
1698 4377 1881 4432 divini
1900 4377 2127 4448 judicii.

2245 1848 2542 1917 φρονοῦντες
2590 1846 2686 1899 τῆς
2735 1838 2965 1894 ἐναντίας
3014 1830 3303 1905 δυνάμεως,
3363 1833 3449 1881 xui
3506 1828 3600 1880 οῦκ
3654 1828 3846 1899 ἔχουσι

2244 1928 2483 1984 κίνδυνον
2539 1928 2587 1980 ἐν
2634 1929 2799 1997 τούτῳ
2855 1932 2927 1995 τῷ
2966 1926 3131 1996 μέρει,
3190 1922 3267 1973 ὅτι
3329 1921 3558 1972 ἄπτωτοί
3605 1917 3709 1969 εἰσι
3755 1921 3849 1969 xui

2245 2021 2624 2093 ἀσφαλίζονται
2675 2020 2789 2088 περὶ
2872 2020 2963 2074 τῆς
3028 2011 3221 2063 ἑαυτῶν
3312 2011 3597 2081 σωτηρίας,
3657 2003 3752 2059 διὰ
3788 2009 3846 2058 τὸ

2244 2110 2491 2170 πολλάκις
2551 2104 2914 2178 γεγυμνᾶσθαι
2972 2103 3020 2152 ἓν
3064 2107 3136 2171 τῷ
3206 2098 3411 2171 πολέμῳ
3461 2105 3557 2159 τῆς
3635 2100 3844 2160 κακίας,

2244 2205 2329 2253 καὶ
2392 2202 2666 2271 ἐμπείρους
2743 2187 3079 2264 γεγενῆσθαι.
3136 2187 3386 2260 Ἔχοντες
3452 2182 3512 2239 δὲ
3567 2188 3653 2238 τὸν
3716 2187 3848 2238 Θεὸν

2245 2290 2355 2362 μεθ’
2388 2287 2602 2351 ἑαυτῶν,
2635 2281 2955 2354 όδηγοῦνται
2994 2282 3083 2331 καὶ
3117 2276 3487 2330 ἀναπαύονται.

2317 2412 2427 2467 ΙΘ’.
2488 2409 2671 2466 ’Ἄλλοι
2738 2405 2796 2461 δὲ
2846 2400 3068 2479 μηδέπω
3143 2402 3542 2473 γυμνασθέντες,
3597 2397 3667 2462 εἰς
3721 2401 3846 2471 μίαν

2248 2502 2421 2573 θλίψιν
2483 2500 2566 2553 ἐὰν
2620 2500 2890 2572 ἐμπέσωσι
2937 2500 3027 2547 καὶ
3079 2494 3350 2550 ἐπικινηθῆ
3384 2489 3623 2553 πόλεμος,
3665 2486 3847 2547 εὐθέως

2244 2596 2663 2644 καταπίπτουσιν
2719 2588 2784 2649 εἰς
2828 2585 3030 2660 ὄλεθρον
3086 2587 3177 2636 καὶ
3232 2579 3487 2635 ἀπώλειαν
3521 2594 3533 2607 '
3590 2579 3762 2649 ὧσπερ
3794 2576 3843 2628 οἱ

2247 2678 2574 2741 διοδεύοντες
2611 2678 2661 2731 ἐν
2707 2676 2871 2741 πόλει,
2931 2675 3153 2733 θελοντες
3203 2668 3331 2724 ἰδεῖν
3383 2671 3499 2728 τοὺς
3546 2664 3843 2738 ἀγαπητοὺς

2247 2770 2415 2823 αὐτῶν
2472 2774 2561 2820 καὶ
2592 2770 2903 2841 γνωρίμους,
2969 2763 3013 2816 εἰ
3042 2767 3131 2816 xui
3178 2759 3384 2821 πολλοῖς
3424 2763 3740 2810 συναντῶσιν
3788 2753 3840 2805 ἐν

2245 2868 2357 2919 ταῖς
2420 2857 2651 2930 ἀγοραῖς,
2683 2855 2777 2909 οὐκ
2830 2849 3205 2927 ἐμποδίζονται
3256 2850 3344 2902 ὑπ’
3394 2846 3598 2899 αὐτῶνσ
3647 2846 3837 2914 ἔχουσι

2244 2950 2343 3022 γὰρ
2377 2950 2569 2999 σκοπόν
2600 2952 2690 2998 τοῦ
2729 2950 2839 3005 τοῖς
2878 2942 3043 3015 φίλοις
3090 2943 3323 3011 ἐντυχεῖν
3356 2954 3369 2967 '
3402 2940 3493 2988 xui
3518 2936 3635 2987 ὅταν
3659 2931 3836 2995 ἔξωθεν

2246 3040 2514 3111 κροῦσωσι
2574 3039 2668 3094 τὴν
2729 3035 2886 3109 θύραν
2939 3035 3028 3083 xui
3066 3028 3349 3094 καλέσωσι,
3383 3030 3655 3098 χαίροντες
3708 3019 3844 3073 ἀνοί-

2245 3145 2431 3199 γουσιν
2489 3127 2537 3178 οἱ
2590 3123 2852 3195 ἀγαπητοὶ
2905 3120 3109 3173 αὐτῶν·
3185 3118 3228 3171 εἰ
3286 3114 3343 3170 δὲ
3388 3114 3737 3184 ἀπομείνωσιν
3794 3107 3843 3161 ἓν

2245 3235 2362 3276 ταις
2411 3214 2648 3287 ἀγοραῖς,
2693 3216 2783 3264 xui
2837 3210 3221 3283 χλευάζωνται,
3274 3209 3394 3264 ἦτοι
3430 3204 3711 3274 ἐπέχονται
3742 3196 3843 3251 ἀπό

2246 3314 2345 3357 τῶν
2405 3304 2766 3367 ἀπαντώντων,
2847 3298 3173 3352 ἀποκλείεται
3236 3297 3265 3354 ἡ
3324 3296 3473 3366 θύρα,
3523 3295 3615 3343 xui
3673 3285 3844 3348 οὐδεὶς

2245 3394 2421 3456 αὐτοῖς
2480 3392 2673 3464 ἀνοίγει
2706 3407 2718 3420 ·
2771 3390 2935 3451 οὕτως
2990 3392 3079 3440 xui
3137 3388 3185 3439 οἱ
3249 3387 3379 3457 πρὸς
3425 3385 3511 3435 τὸν
3575 3383 3841 3435 Δεσπότην

2243 3486 2389 3555 ἡμῶν
2445 3484 2675 3556 Χριστὸν
2703 3482 2788 3533 τὸν
2838 3482 2994 3541 ὅντως
3049 3475 3317 3548 ἀγαπητὸν
3356 3474 3676 3543 ἑπειγομενοι
3715 3468 3843 3540 φθά-

2247 3594 2356 3638 σαι,
2403 3580 2501 3623 τῶν
2560 3570 2721 3622 ἄλλων
2775 3570 3011 3621 ἁπάντων
3069 3564 3332 3638 ὀφείλουσι
3378 3565 3711 3634 καταφρονεῖν
3751 3560 3840 3608 καὶ

2245 3664 2525 3735 ῦπερορᾷν.
2574 3666 2667 3711 “Ov
2721 3655 2999 3731 δὲτρόπον
3046 3658 3095 3709 οἱ
3152 3654 3511 3726 εἰσερχόμενοι
3549 3650 3616 3710 εἰς
3644 3650 3702 3700 τὸ
3731 3665 3836 3698 πα-

2242 3752 2415 3804 λάτιον
2441 3752 2570 3824 πρὸς
2598 3751 2685 3800 τόν
2727 3746 2971 3820 βασιλέα,
3022 3748 3246 3817 κόμητες
3301 3745 3391 3814 μεν
3441 3744 3577 3801 ὄντες
3604 3740 3634 3796 ἤ
3686 3738 3839 3806 ἔπαρ-

2243 3860 2357 3912 χοι,
2391 3840 2490 3891 ὑπὸ
2537 3836 2689 3911 φόϐον
2732 3836 2890 3888 πολύν
2939 3834 3061 3902 εἰσι,
3116 3840 3226 3894 πῶς
3262 3833 3352 3891 τὰς
3401 3827 3709 3900 ἀποκρίσεις
3738 3820 3839 3877 δώ-

2248 3948 2427 3995 σουσι,
2457 3933 2545 3980 καὶ
2592 3931 2662 4000 μὴ
2720 3925 2767 3977 ἐν
2822 3932 2883 3997 τῇ
2918 3922 3171 3995 ἀπολογίᾳ
3228 3923 3541 3979 πταίσαντες
3571 3916 3637 3977 εἰς
3691 3914 3839 3986 λόγον

2244 4023 2332 4070 καὶ
2360 4022 2611 4091 τιμωρίαν
2643 4014 3008 4073 ὑποϐληθῶσιν
3044 4028 3056 4041 ·
3115 4013 3356 4083 ἄγροικοι
3390 4004 3448 4060 δε
3486 4010 3575 4059 καὶ
3627 4001 3839 4058 ἰδιῶται

2245 4112 2396 4171 ὄντες,
2456 4109 2505 4158 οἱ
2584 4102 2847 4178 μηδέποτε
2920 4103 3225 4174 θεασάμενοι
3284 4099 3542 4170 ἄρχοντα,
3604 4092 3652 4146 ἐν
3719 4092 3839 4165 ἀμε-

2242 4202 2423 4273 ριμνία
2455 4192 2735 4267 διάγουσιν
2759 4215 2771 4228 ·
2805 4194 2939 4245 οὕτω
2972 4188 3039 4249 δὴ
3087 4193 3177 4242 καὶ
3203 4189 3229 4240 ό
3255 4192 3451 4259 κόσμος
3493 4184 3643 4246 οὗτος
3673 4184 3698 4234 ό
3738 4183 3839 4234 ὑπὸ

2242 4296 2341 4339 τῶν
2395 4290 2620 4359 οὐρανῶν
2667 4283 2767 4335 ἀπὸ
2814 4280 3070 4355 βασιλέων
3141 4280 3234 4340 ἕως
3288 4282 3541 4347 πτωχῶν,
3588 4277 3695 4331 Τὴν
3749 4278 3837 4324 τοῦ

2242 4382 2477 4448 Χριστοῦ
2511 4371 2668 4435 δόξαν
2712 4372 3034 4442 ἀγνοοῦντες,
3084 4373 3177 4426 τὴν
3226 4370 3475 4441 μέριμναν
3506 4365 3696 4435 ἔχουσι
3720 4364 3837 4432 περὶ

478 4468 586 4538 Qui
623 4485 758 4524 vero
786 4468 1247 4540 cogitationibus
1284 4468 1359 4523 ad
1394 4467 1651 4523 tribunal
1684 4466 1890 4522 Christi
1920 4482 2128 4521 ascen-

2240 4472 2340 4516 τῶν
2384 4462 2644 4535 βιωτικῶν
2678 4462 2997 4534 πραγμάτων
3024 4476 3035 4489 ·
3094 4456 3153 4509 οῦ
3184 4460 3389 4529 ταχέως
3423 4451 3482 4507 δέ
3532 4472 3613 4514 τις
3638 4456 3835 4523 μέμνη-

477 4558 649 4624 dunt,
710 4559 809 4614 ubi
855 4563 941 4614 est
968 4559 1215 4614 thronus
1247 4560 1398 4628 ejus,
1440 4562 1496 4612 et
1525 4557 1585 4612 in
1626 4556 1755 4626 ejus
1806 4561 2130 4627 conspectu

477 4652 765 4719 perpetuo
810 4653 968 4713 sunt,
998 4662 1235 4717 semper
1288 4652 1561 4703 metuunt
1608 4661 1679 4701 ac
1729 4650 2011 4711 tremunt,
2056 4660 2130 4701 ne

477 4737 692 4807 quovis
719 4741 895 4808 pacto
912 4736 1190 4792 aberrent
1220 4751 1255 4791 a
1282 4735 1499 4792 sanctis
1534 4735 1665 4805 ejus
1694 4734 2028 4807 praeceptis.

543 5033 666 5087 XX.
692 5034 757 5088 Et
782 5031 1301 5104 quemadmodum
1332 5032 1546 5089 divites
1604 5034 1662 5089 in
1696 5039 1868 5101 terra,
1936 5032 2127 5088 sicubi

470 5121 692 5176 multos
715 5121 939 5176 fructus
970 5120 1029 5175 in
1056 5121 1271 5176 horreo
1304 5137 1412 5177 suo
1469 5123 1867 5194 reposuerint,
1925 5122 2124 5178 denuo

469 5211 764 5283 majorem
794 5210 1063 5266 laborem
1093 5209 1346 5280 singulis
1363 5210 1573 5266 diebus
1588 5217 1851 5277 sumunt,
1878 5216 1940 5266 ut
1964 5211 2123 5267 locu-

467 5302 742 5373 pletiores
772 5301 905 5365 sint,
940 5306 997 5356 et
1033 5316 1155 5355 non
1202 5300 1484 5357 deﬁciant
1519 5318 1530 5354 :
1566 5302 1612 5355 si
1655 5318 1789 5357 vero
1820 5302 2121 5373 opibusin

466 5391 680 5447 horreo
703 5390 1024 5447 reconditis
1063 5389 1217 5454 freti,
1274 5389 1421 5445 alias
1454 5390 1731 5459 colligere
1790 5390 2117 5460 negligant,

466 5496 556 5547 ac,
602 5497 737 5552 qua:
796 5480 1056 5551 reposita
1086 5483 1273 5546 erant,
1306 5484 1684 5543 consumant,
1729 5480 2016 5534 continuo
2056 5481 2115 5535 in

462 5574 876 5641 paupertatem
895 5569 1230 5640 etinopiam
1262 5568 1552 5625 incidunt.
1587 5568 1901 5638 Propterea
1923 5569 2111 5638 perci-

461 5658 689 5730 pientes
736 5675 805 5714 ac
844 5659 1158 5714 inferentes
1196 5658 1420 5716 fructus
1463 5657 1683 5713 debent
1721 5661 1966 5725 operam
1999 5673 2105 5713 na-

2240 4572 2326 4605 ται
2355 4560 2450 4613 τῆς
2489 4554 2683 4623 ἡμέρας
2725 4557 2820 4610 τῆς
2874 4553 3115 4620 κρίσεως.
3159 4548 3225 4599 Οἱ
3273 4542 3331 4599 δε
3376 4543 3728 4617 εἰσερχόμενοι
3758 4546 3832 4607 τῷ

2237 4642 2472 4715 λογισμῷ
2505 4641 2575 4703 εἰς
2604 4643 2662 4692 τὸ
2721 4638 2872 4712 βῆμα
2925 4645 3016 4690 τοῦ
3047 4642 3301 4709 Χριστοῦ,
3347 4636 3475 4687 ὅπου
3506 4632 3645 4685 ἐστὶν
3670 4631 3695 4681 ό
3722 4631 3837 4701 θρό-

2237 4750 2321 4791 νος
2379 4731 2560 4795 αῦτοῦ,
2615 4733 2705 4781 xui
2760 4732 3031 4780 κατέναντι
3083 4725 3241 4779 αὐτοῦ
3295 4722 3390 4777 διὰ
3446 4724 3637 4781 παντὸς
3674 4722 3833 4783 ὄντες,

2238 4823 2339 4873 ὑπὸ
2368 4819 2520 4893 φόϐον
2550 4823 2640 4871 καὶ
2672 4823 2860 4892 τρόμον
2893 4817 3022 4870 εἰσὶν
3074 4814 3171 4881 ἀεὶ,
3220 4820 3311 4868 τοῦ
3357 4817 3430 4885 μή
3475 4830 3529 4865 τι
3578 4807 3837 4883 σφαλῆναι

2236 4914 2355 4983 περὶ
2386 4911 2475 4970 τὰς
2514 4908 2666 4981 ἁγίας
2690 4907 2850 4960 αὐτοῦ
2881 4905 3099 4966 ἐντολάς.

2311 5033 2393 5089 κ’.
2447 5038 2545 5087 Καὶ
2596 5034 2767 5107 ὥσπερ
2804 5034 2853 5084 οἱ
2883 5030 3125 5084 πλούσιοι
3176 5035 3269 5090 τῆς
3298 5035 3417 5099 γῆς,
3468 5026 3589 5079 ὅταν
3618 5023 3835 5085 πολλοῦς

2236 5127 2467 5195 καρποὺς
2523 5122 2881 5193 εἰσενέγκωσιν
2931 5120 3003 5181 εἰς
3049 5121 3144 5181 τὰς
3192 5116 3462 5178 ἀποθήκας
3498 5115 3687 5184 αὐτῶν,
3737 5114 3834 5166 πά-

2235 5212 2311 5264 λιν
2361 5211 2669 5284 ἐργάζονται
2714 5209 2831 5261 καθ’
2884 5209 3107 5266 ἑκάστην
3156 5208 3352 5280 ἡμέραν
3401 5204 3593 5273 πλεῖον,
3638 5205 3721 5256 ἳνα
3756 5202 3833 5255 εῦ-

2233 5309 2437 5376 πορῶσι
2493 5303 2583 5351 καὶ
2634 5303 2705 5371 μὴ
2768 5296 3117 5353 ἑλλείπωνται.
3177 5296 3235 5349 Εἰ
3296 5292 3354 5348 δε
3388 5293 3716 5369 θαρῥήσουσι
3759 5298 3830 5362 τῷ

2234 5388 2603 5459 ἓναποκειμένῳ
2655 5395 2771 5449 ταῖς
2843 5386 3133 5446 ἀποθήκαις
3215 5384 3438 5455 πλούτῳ,
3498 5387 3585 5435 καὶ
3638 5380 3832 5453 ἀμελή-

2235 5497 2391 5531 σουσι
2442 5481 2512 5546 μὴ
2558 5478 2950 5547 ἐπισυνάγοντες
3002 5475 3189 5549 ἓτερον,
3250 5473 3377 5526 ἀ).λά
3422 5471 3826 5525 καταναλίσκον-

2229 5587 2312 5628 τες
2346 5569 2412 5619 τά
2442 5566 2773 5638 ἀποκείμενα,
2831 5569 3031 5636 ταχέως
3079 5564 3151 5626 εἰς
3192 5567 3372 5617 πενίαν
3428 5566 3518 5615 καὶ
3560 5563 3826 5632 πτωχείαν

2233 5660 2602 5730 ἐμπίπτουσιν.
2678 5657 2807 5709 Οθεν
2854 5650 3291 5729 προσοδευόμενοι
3342 5658 3432 5707 xui
3506 5652 3824 5725 εἰσφέροντες
