4148 6262
278 320 384 375 589

1568 310 1906 370 HOMILl/E.
1938 343 2006 354 —
2042 313 2214 371 HOM.
2261 316 2376 374 XV.

3521 319 3627 376 590

277 455 541 528 ὀφείλουσι
597 456 807 526 κάμνειν
860 457 946 506 καὶ
1006 452 1354 522 ἐπισυνάγειν,
1405 451 1487 500 ἶνα
1533 452 1602 520 μή
1658 450 1869 522 ὑστερη-

1987 465 2145 516 vare,
2186 452 2299 523 58
2328 460 2383 507 et
2413 468 2656 508 acervos
2695 453 3095 520 accumulare,
3137 468 3212 509 ne
3268 456 3649 525 paupertatis

280 547 460 598 θῶσιν.
512 544 692 604 Οὕτως
723 545 858 595 ἐστὶν
912 542 960 594 ἐν
1010 543 1080 611 τῷ
1128 536 1530 614 Χριστιανισμῷ
1576 541 1633 588 τό
1684 540 1875 607 γεύσα-

280 635 405 685 σθαί
435 651 551 683 τινα
599 639 689 692 τῆς
735 635 950 704 χέριτος
995 637 1086 681 τοῦ
1130 636 1262 682 Θεοῦ
1306 648 1317 659 ·
1382 628 1710 678 Γεύσασθε
1749 629 1870 698 γὰρ,

278 727 430 794 φησὶ,
466 725 572 774 καὶ
611 717 787 773 ἴδετε
828 721 925 772 ὅτι
963 719 1306 793 χρηστόςό
1335 719 1590 788 Κύριος.
1629 717 1788 769 ’Ἐστι
1816 711 1874 766 δε

278 813 307 870 ἠ
362 818 544 882 γεῦσις
600 810 731 867 αὕτη
787 812 1087 880 ἐνεργητική
1148 809 1196 858 ἐν
1248 806 1575 878 πληροφορίᾳ
1651 800 1874 874 δύναμις

279 901 572 971 Πνεύματος
629 895 952 950 διακονοῦσα
1004 895 1052 948 ἐν
1109 891 1326 968 καρδίᾳ.
1384 893 1540 945 Ὀσοι
1609 894 1710 966 γὰρ
1769 894 1875 944 υἱοί

279 989 381 1042 εἰσι
427 995 518 1041 τοῦ
563 991 748 1061 φωτὸς,
795 991 882 1039 καὶ
929 995 1025 1048 τῆς
1070 983 1341 1045 διακονίας
1388 992 1484 1044 τῆς
1529 990 1713 1042 καινῆς
1756 978 1871 1034 δια·

279 1080 446 1137 θήκης
488 1076 536 1129 ἐν
578 1075 648 1148 τῷ
701 1073 1060 1148 Πνεύματιτῷ
1104 1075 1258 1145 ἁγίῳ,
1308 1073 1452 1125 οὗτοι
1491 1075 1635 1144 παρὰ
1681 1072 1874 1145 ἀνθρώ-

276 1186 384 1218 πων
416 1163 566 1219 ούδεν
615 1168 936 1238 μανθανουσι
969 1181 981 1193 ·
1019 1161 1352 1217 θεοδίδακτοι
1390 1165 1490 1236 γάρ
1526 1161 1675 1214 εἰσιν.
1725 1161 1870 1218 Αύτή

274 1258 376 1330 γὰρ
439 1257 468 1314 ἡ
530 1257 697 1330 χάρις
768 1256 1036 1326 ἐπιγράφει
1095 1253 1143 1304 ἐν
1204 1260 1317 1314 ταῖς
1393 1248 1640 1324 καρδίαις
1707 1250 1873 1301 αὐτῶν

272 1349 389 1406 τούς
424 1350 612 1417 νόμους
651 1351 744 1396 τοῦ
792 1346 1108 1415 Πνεύματος.
1166 1343 1276 1394 Ούκ
1327 1340 1618 1412 ὀφείλουσιν
1667 1336 1753 1390 οὖν
1807 1339 1873 1398 εἰς

274 1438 365 1496 τὰς
428 1437 632 1507 Γραφάς
696 1438 848 1506 μόνον
915 1435 1005 1492 τὰς
1069 1428 1161 1483 διὰ
1235 1430 1450 1502 μελανος
1513 1433 1874 1500 γεγραμμένας

273 1523 740 1596 πληροφορείσθαι,
796 1520 1045 1572 ἀλλὰκαὶ
1097 1519 1166 1578 εἰς
1218 1520 1303 1578 τὰς
1355 1517 1553 1577 πλάκας
1602 1525 1690 1576 τῆς
1743 1536 1874 1590 καρ-

276 1607 400 1671 δίας
448 1612 476 1668 ή
538 1613 701 1683 χάρις
755 1617 846 1661 τοῦ
904 1616 1036 1662 Θεοῦ
1093 1607 1336 1680 ἐγγράφει
1386 1610 1506 1667 τοὺς
1550 1610 1733 1678 νόμους
1783 1613 1873 1656 τοῦ

275 1701 588 1770 Πνεύματος,
655 1704 744 1751 καὶ
797 1700 864 1750 τὰ
936 1698 1217 1770 ἐπουράνια
1288 1699 1560 1768 μυστήρια
1615 1711 1627 1724 ο
1686 1697 1715 1752 ή
1769 1697 1870 1766 γὰρ

271 1785 472 1862 καρδία
528 1789 822 1859 ἡγεμονεύει
872 1790 962 1838 καὶ
1010 1784 1282 1857 βασιλεύει
1327 1784 1444 1836 ὅλου
1494 1791 1586 1836 τοῦ
1637 1803 1873 1855 σωματι-
1909 1783 1945 1836 Β

269 1883 362 1929 κοῦ
393 1877 634 1949 ὀργάνου.
689 1881 790 1929 Καὶ
822 1878 947 1928 ἐπὰν
977 1877 1228 1945 κατάσχῃ
1277 1876 1370 1935 τὰς
1416 1877 1571 1944 νομὰς
1601 1880 1696 1932 τῆς
1745 1890 1875 1943 καρ-

267 1962 393 2026 δίας
433 1968 460 2024 ἡ
495 1968 674 2040 χάρις,
727 1964 994 2037 βασιλεύει
1050 1963 1176 2016 ὅλων
1228 1971 1325 2014 τῶν
1382 1962 1564 2032 μελῶν,
1624 1965 1714 2012 καὶ
1769 1967 1872 2010 τῶν

263 2054 569 2126 λογισμῶν·
627 2057 731 2107 ἐκεῖ
779 2056 878 2127 γάρ
939 2057 1079 2106 ἔστιν
1111 2054 1136 2103 6
1185 2059 1324 2117 νοῦς,
1376 2058 1464 2102 και
1514 2051 1620 2102 ὅλοι
1652 2052 1700 2101 oi
1729 2049 1873 2116 λογιο

268 2149 391 2215 σμοὶ
429 2151 520 2203 τῆς
573 2143 762 2216 ψυχῆς
812 2147 903 2194 καὶ
956 2144 986 2199 ἡ
1052 2136 1348 2216 προσδοκία
1401 2139 1584 2200 αὐτῆς.
1641 2141 1728 2190 Διὸ
1782 2145 1871 2192 καὶ

263 2229 535 2307 διέρχεται
565 2235 596 2290 ἡ
628 2234 790 2304 χάρις
822 2231 892 2294 εἰς
923 2231 1017 2283 ὅλα
1046 2233 1112 2282 τὰ
1141 2229 1266 2302 μέλη
1300 2237 1393 2280 τοῦ
1427 2234 1686 2301 σώματος.

335 2359 467 2413 KA'.
527 2357 708 2417 Οὕτως
753 2355 906 2409 πάλιν
962 2357 1078 2408 ὅσοι
1146 2354 1276 2407 εἰσὶν
1332 2355 1436 2405 υἱοὶ
1486 2361 1577 2404 τοῦ
1629 2356 1865 2420 σκότους,

261 2446 530 2520 βασιλεύει
577 2455 667 2506 τῆς
713 2442 937 2518 καρδίας
987 2446 1016 2502 ἡ
1052 2445 1302 2515 ἄμαρτία,
1353 2447 1442 2494 καὶ
1484 2439 1761 2515 διέρχεται
1802 2443 1868 2502 εἰς

261 2536 354 2589 ὅλα
380 2538 445 2588 τὰ
473 2539 626 2609 μέρη.
680 2535 776 2587 Ἐκ
815 2536 934 2607 γὰρ
974 2541 1088 2594 τῆς
1144 2529 1420 2601 καρδίας
1484 2531 1866 2605 ἐξέρχονται

263 2622 689 2696 διαλογισμοὶ
731 2627 1031 2694 πονηροί·
1068 2626 1155 2672 καὶ
1179 2619 1340 2681 οὓτως
1365 2622 1720 2690 ὑπεκχεομένη
1749 2639 1868 2670 σκο-

261 2713 396 2774 τίζει
425 2716 511 2765 τόν
543 2713 831 2784 ἄνθρωπον.
868 2713 932 2762 Οἱ
965 2707 1023 2762 δε
1072 2713 1143 2780 μή
1185 2709 1415 2779 λέγοντες
1448 2707 1576 2760 εἶναι
1608 2712 1666 2759 τό
1707 2711 1865 2759 κακόν

265 2805 568 2876 σύντροφον,
636 2806 726 2852 καὶ
784 2800 1101 2862 συναυξάνον
1145 2805 1217 2849 τῶ
1272 2797 1546 2872 ἀνθρώπῳ,
1607 2803 1737 2868 μήτε
1781 2817 1865 2868 με-

259 2875 560 2966 ριμνήσωσί
633 2887 773 2963 περῖ
817 2897 913 2950 τῆς
987 2892 1187 2962 αὔριον,
1244 2891 1376 2958 μήτε
1452 2885 1860 2957 ἐπιθυμήσωσιο

262 2988 426 3053 καιρῷ
466 2982 566 3050 γάρ
598 2998 697 3030 τινι
747 2977 1011 3029 ἐπαύσατο
1048 2975 1096 3028 ἐν
1147 2975 1320 3035 αὐτοῖς
1367 2975 1614 3045 ἐνοχλοῦν
1669 2979 1725 3025 τό
1770 2994 1864 3025 κα-

263 3069 374 3133 κόν,
423 3069 541 3118 τινὰ
585 3065 863 3137 ἐπιθυμίαν
913 3063 1237 3118 ύποϐάλλον⁶
1287 3067 1421 3115 ὥστε
1463 3066 1510 3115 ἐν
1563 3064 1699 3134 ὅρκῳ
1751 3059 1865 3114 δια-

264 3153 604 3207 ϐεϐαιοῦσθαι
660 3159 745 3206 τόν
788 3157 1078 3227 ἄνθρωπον,
1137 3155 1213 3204 ὅτι
1277 3152 1467 3203 Οὐκέτι
1519 3154 1865 3203 ἐπανίσταταί

263 3262 352 3315 μοι
390 3246 446 3295 τό
481 3250 713 3294 τοιοῦτον
753 3244 953 3302 πάθος·
1014 3246 1103 3292 καὶ
1146 3240 1254 3311 μετ’
1299 3239 1468 3310 ὀλίγον
1524 3244 1706 3312 καιρόν
1745 3259 1865 3290 κατ·

265 3333 388 3389 εκάη
448 3339 508 3403 τῇ
558 3329 829 3402 ἐπιθυμίᾳ,
888 3332 1020 3380 ὥστε
1070 3330 1340 3402 εὑρεθῆναι
1389 3329 1544 3379 αύτόν
1599 3332 1726 3401 πρός
1783 3331 1865 3380 ἐπὶ

1905 3126 1945 3182 C

264 3423 466 3482 τούτοις
511 3425 600 3472 καὶ
652 3419 910 3493 ἐπίορκον.
963 3418 1164 3490 Ὠσπερ
1210 3421 1309 3490 γὰρ
1364 3414 1435 3468 δι’
1488 3417 1679 3488 ὀχετοῦ
1724 3414 1866 3491 διέρ-

263 3529 420 3581 χεται
451 3505 616 3583 ὕδωρ,
677 3509 843 3569 οὕτως
874 3512 960 3559 καὶ
997 3505 1090 3559 διὰ
1128 3514 1219 3566 τῆς
1249 3503 1476 3580 καρδίας
1519 3512 1607 3558 καὶ
1652 3515 1750 3558 τῶν
1787 3508 1866 3558 λό’

258 3606 464 3671 γισμῶν
505 3600 533 3655 ἡ
578 3597 820 3670 ἀμαρπία
847 3616 859 3628 ·
903 3598 1054 3648 Ὅσοι
1098 3593 1156 3647 δὲ
1195 3603 1349 3646 τοῦτο
1411 3594 1732 3668 ἀναιροῦσιν,
1777 3598 1863 3648 ὑπ’

265 3688 422 3748 αὐτῆς
473 3695 563 3746 τῆς
611 3686 867 3760 ἁμαρτίας
917 3685 1200 3757 μελλούσης
1259 3683 1686 3756 θριαμϐεύεσθαι,
1731 3685 1864 3755 ἐλέγ-

262 3795 454 3849 χονται
511 3779 594 3828 καὶ
652 3774 1020 3847 χλευάζονται.
1082 3769 1377 3835 Σπουδάζει
1427 3777 1527 3848 γὰρ
1596 3779 1652 3826 τό
1705 3779 1863 3827 κακὸν

258 3865 520 3918 λανθάνειν
586 3868 676 3916 καὶ
732 3866 1054 3937 κρύπτεσθαι
1108 3861 1156 3914 ἐν
1223 3869 1283 3933 τῇ
1344 3858 1554 3934 διανοίᾳ
1628 3871 1718 3914 τοῦ
1781 3863 1862 3914 ἀν-

264 3957 491 4028 θρωπου.

335 4078 453 4132 KB’.
505 4078 564 4132 Εἰ
616 4074 703 4129 οὖν
762 4076 942 4148 ἀγαπᾴ
987 4097 1065 4138 τις
1114 4079 1199 4128 τόν
1228 4079 1374 4141 Θεὸν,
1425 4081 1514 4128 καὶ
1547 4076 1704 4137 αύτός
1736 4096 1860 4147 συγ-

260 4174 408 4239 κοινᾲ
471 4170 639 4238 τούτῳ
694 4170 788 4224 τήν
865 4166 1048 4218 ἑαυτοῦ
1113 4164 1361 4236 ἀγάπην·
1441 4166 1729 4224 πιστευθεὶς
1805 4161 1861 4216 δὲ

262 4257 402 4319 άπαξ
459 4256 546 4309 ὑπ’
607 4255 790 4323 αὐτοῦ,
853 4255 1131 4327 προστιθεῖ
1192 4256 1358 4323 τούτῳ
1410 4257 1502 4310 τήν
1562 4252 1860 4326 ἐπουράνιον

1441 4166 1729 4224 πιστευθεὶς

261 4350 464 4410 πίστιν,
506 4349 595 4396 καὶ
634 4349 868 4416 γίγνεται
909 4339 1125 4404 διπλοῦς
1166 4343 1190 4393 6
1233 4343 1519 4415 ἄνθρωπος.
1564 4341 1735 4401 Ὅπως
1775 4339 1861 4393 οὖν

261 4438 316 4487 ἐκ
346 4442 446 4486 τῶν
484 4433 646 4506 μελῶν
678 4453 772 4485 σου
824 4436 1121 4506 προσφέρῃς
1172 4430 1331 4501 αύτῷ,
1366 4436 1455 4482 καὶ
1496 4430 1648 4493 αὐτὸς
1679 4430 1733 4481 ἐκ
1766 4439 1861 4482 τῶν

266 4520 414 4576 ἰδίων
462 4524 614 4594 ὅμοια
659 4521 821 4594 μελῶν
872 4526 1131 4594 συγκιρνᾲ
1175 4527 1237 4592 τῇ
1288 4519 1441 4591 ψυχῇ
1493 4538 1608 4583 σου,
1661 4522 1744 4571 ἵνα
1802 4516 1861 4590 ᾖς

263 4616 434 4665 πάντα
482 4614 724 4684 καθαρῶς
774 4620 953 4676 ποιῶν,
1004 4617 1092 4663 καὶ
1141 4612 1377 4681 ἀγαπῶν,
1426 4614 1516 4661 καὶ
1568 4615 1863 4682 προσευχό-

267 4716 450 4773 μενος·
503 4699 726 4770 μεγάλου
778 4703 878 4774 γὰρ
933 4700 1224 4772 ἀξιώματός
1279 4699 1419 4751 ἐστιν
1470 4700 1494 4750 ό
1554 4700 1860 4772 ἄνθρωπος’

266 4785 350 4842 ἴδε
383 4792 543 4848 πόσος
595 4786 734 4839 ἐστὶν
783 4789 1053 4861 όούρανὸς
1100 4793 1188 4842 καὶ
1219 4791 1248 4846 ἡ
1295 4797 1386 4858 γῆ,
1439 4789 1464 4839 6
1509 4787 1646 4848 ἣλιος
1697 4793 1786 4840 καὶ
1834 4791 1862 4845 ἡ

270 4878 481 4942 σελήνη,
545 4879 633 4927 καὶ
658 4876 752 4926 οὐκ
805 4873 1085 4934 εὐδόκησεν
1147 4877 1194 4929 ἐν
1252 4881 1422 4937 αὐτοῖς
1484 4879 1508 4929 ό
1562 4881 1770 4950 Κύριος,
1827 4877 1869 4929 εἰ

1899 4479 1938 4532 Ι)

267 4972 338 5042 μή
404 4969 451 5020 ἐν
504 4972 575 5036 τῷ
631 4963 884 5037 ἀνθρώπῳ
943 4971 1102 5036 μόνῳ,
1166 4969 1608 5020 ἐπαναπαύεσθαι.
1677 4972 1870 5036 Τιμιῶ-

268 5076 411 5131 τερος
452 5051 539 5108 οὖν
580 5053 720 5106 ἐστιν
761 5055 785 5105 6
825 5055 1094 5126 ἅνθρωπος
1131 5055 1256 5126 ὑπὲρ
1300 5056 1468 5106 πάντα
1507 5058 1572 5106 τα
1612 5051 1868 5127 δημιουρ-

270 5151 506 5218 γήματα,
538 5146 686 5215 τάχα
738 5139 797 5195 δὲ
843 5141 1086 5212 τολμήσω
1136 5141 1319 5212 λέγειν,
1353 5146 1431 5194 ὅτι
1485 5148 1554 5214 μή
1588 5150 1738 5214 μόνον
1774 5152 1870 5195 τῶν

272 5237 466 5310 ὁρατῶν
536 5230 1040 5305 δημιουργημάτων,
1111 5230 1237 5282 ἀλλὰ
1300 5237 1388 5283 καὶ
1453 5241 1548 5284 τῶν
1617 5232 1868 5305 ἀοράτων,

275 5325 431 5395 ήγουν
487 5331 587 5376 τῶν
635 5321 1002 5396 λειτουργικῶν
1068 5321 1389 5390 πνευμάτων.
1459 5321 1533 5371 Ού
1595 5324 1695 5394 γὰρ
1754 5325 1870 5392 περὶ

276 5412 501 5484 Μιχαὴλ
557 5422 645 5464 και
699 5410 948 5486 Γαϐριὴλ,
1017 5418 1114 5461 τῶν
1173 5407 1510 5483 ἀρχαγγέλων
1569 5407 1722 5475 εἶπεν,
1795 5413 1874 5461 ὅτι

279 5505 662 5573 Ποιήσωμεν
716 5499 846 5552 κατ’
893 5497 1110 5552 εἰκόνα
1155 5502 1264 5550 καὶ
1315 5498 1629 5569 ὁμοίωσιν
1673 5500 1874 5570 ἡμετέ-

355 5670 400 5703 ⁵⁹
432 5668 586 5725 Psal.
618 5684 803 5734 XXXIII,
833 5668 886 5722 9.
965 5667 1013 5702 ⁸ο
1043 5665 1236 5724 Matth.
1271 5680 1368 5732 xv,
1409 5667 1490 5719 t9.

1979 540 2127 610 jugo
2154 547 2517 612 premantur.
2550 543 2669 596 Hoc
2704 541 2883 596 modo
2912 543 3063 597 inter
3102 542 3462 598 Christianos
3503 559 3648 599 con-

1985 630 2172 700 tingit,
2197 636 2260 685 ut
2291 631 2425 701 quis
2449 630 2721 698 degustet
2748 631 2999 698 gratiam
3026 631 3156 684 Dei:
3193 631 3437 688 Gustate
3457 635 3642 703 enim,

1982 719 2192 790 inquit,
2222 727 2271 774 et
2299 721 2488 775 videte
2512 721 2790 791 quoniam
2819 720 3019 774 suavis
3047 727 3127 774 est
3152 720 3433 776 Dominus
3457 724 3524 776 5°.
3544 725 3650 778 Est

1982 814 2182 863 autem
2216 809 2471 876 gustatio
2504 809 2629 863 haec
2667 808 2849 863 virtus
2884 809 3133 879 Spiritus
3170 809 3228 863 in
3274 809 3647 880 plenitudine

1982 896 2119 950 ﬁdei
2151 913 2432 966 operans,
2485 913 2620 968 quas
2662 897 2721 951 in
2755 897 2933 951 corde
2979 896 3292 952 ministrat.
3338 899 3648 969 Quotquot

1983 986 2138 1040 enim
2173 986 2277 1040 ﬁlii
2318 991 2456 1040 sunt
2486 985 2654 1049 lucis,
2690 993 2746 1040 et
2779 986 3089 1040 ministerii
3134 986 3270 1040 novi
3303 990 3646 1044 testamenti

1983 1090 2087 1143 per
2133 1075 2412 1146 Spiritum
2447 1078 2751 1139 Sanctum,
2795 1074 2851 1129 hi
2885 1075 2962 1129 ab
3000 1074 3348 1130 hominibus
3382 1075 3529 1131 nihil
3558 1077 3646 1132 di-

1982 1170 2154 1219 scunt
2183 1180 2194 1217 :
2227 1164 2422 1218 edocti
2470 1164 2628 1218 enim
2669 1180 2704 1219 a
2740 1164 2856 1218 Deo
2886 1169 3043 1218 sunt.
3078 1164 3217 1234 Ipsa
3246 1164 3404 1218 enim
3451 1167 3643 1234 gratia

1981 1251 2252 1308 inscribit
2298 1256 2355 1307 in
2387 1252 2663 1307 cordibus
2702 1253 2938 1308 illorum
2985 1251 3146 1321 leges
3199 1253 3472 1323 Spiritus.
3513 1254 3641 1310 Non

1981 1342 2160 1414 igitur
2190 1341 2406 1397 debent
2438 1343 2496 1395 in
2547 1342 2887 1412 Scripturis,
2919 1346 3253 1396 atramento
3295 1341 3488 1397 solum
3542 1344 3648 1398 de-

1982 1430 2234 1501 scriptis,
2252 1430 2491 1501 plenam
2517 1430 2753 1486 ﬁducias
2774 1446 2941 1502 spem
2960 1445 3212 1501 ponere;
3235 1445 3442 1486 verum
3467 1431 3644 1488 etiam

1983 1520 2041 1573 in
2089 1518 2303 1574 tabulis
2334 1517 2530 1573 cordis
2561 1518 2756 1586 gratia
2785 1519 2988 1573 divina
3023 1519 3290 1574 inscribit
3322 1519 3482 1588 leges
3515 1521 3646 1591 Spi-

1984 1605 2130 1660 ritus
2161 1613 2216 1660 et
2242 1606 2499 1661 coelestia
2533 1606 2837 1677 mysteria.
2876 1610 2986 1661 Cor
3017 1607 3178 1662 enim
3205 1607 3406 1675 dirigit
3436 1624 3504 1663 ac
3536 1624 3645 1676 gu-

1984 1694 2195 1749 bernat
2243 1695 2522 1749 universa
2567 1695 2834 1765 corporis
2869 1710 3124 1763 organa.
3185 1701 3264 1750 Ac
3313 1698 3357 1750 si
3412 1713 3642 1766 pascua

1986 1783 2180 1836 cordis
2203 1783 2391 1852 gratia
2419 1783 2758 1846 obtinuerit,
2784 1782 3128 1838 dominatur
3146 1784 3431 1839 omnibus
3457 1802 3640 1840 mem-

1984 1871 2110 1926 bris
2138 1887 2205 1925 ac
2237 1871 2722 1938 cogitationibus.
2767 1871 2885 1925 lllic
2928 1871 3089 1927 enim
3139 1889 3309 1927 mens
3353 1873 3549 1938 haeret,
3587 1880 3643 1929 et

1984 1975 2196 2015 omnes
2246 1959 2635 2028 cogitationes
2679 1960 2892 2014 anima;
2924 1961 3174 2032 ejusque
3206 1961 3446 2018 fiducia.
3489 1964 3642 2026 Qua-

1983 2054 2226 2120 propter
2249 2053 2514 2120 penetrat
2538 2048 2716 2103 etiam
2745 2047 2934 2118 gratia
2964 2049 3022 2104 in
3058 2050 3335 2106 universa
3368 2052 3639 2122 corporis

1984 2137 2286 2195 membra.

2054 2353 2190 2408 XXI.
2233 2352 2323 2408 Sic
2352 2368 2382 2406 e
2414 2352 2712 2406 contrario
2745 2355 3042 2423 quotquot
3070 2356 3209 2408 sunt
3234 2352 3337 2408 ﬁlii
3372 2353 3641 2411 tenebras

1977 2460 2133 2507 rum,
2167 2458 2373 2496 eorum
2408 2440 2570 2495 cordi
2602 2441 2855 2510 imperat
2900 2446 3236 2511 peccatum,
3272 2459 3342 2497 ac
3370 2449 3640 2514 penetrat

1978 2533 2180 2586 omnia
2199 2529 2472 2585 membra
2495 2547 2508 2581 :
2536 2531 2636 2585 Ex
2659 2530 2830 2585 corde
2848 2532 3001 2584 enim
3022 2535 3238 2586 exeunt
3255 2532 3640 2602 cogitationes

1977 2623 2151 2677 malae
2183 2622 2266 2675 ⁸ος
2303 2624 2355 2674 et
2386 2620 2467 2673 ita
2498 2619 2775 2673 diffusum
2832 2619 3090 2674 tenebris
3146 2620 3401 2676 offundit
3447 2621 3640 2676 homi-

1978 2727 2137 2765 nem.
2164 2711 2269 2774 Qui
2305 2723 2446 2763 vero
2495 2713 2791 2770 asserunt.
2819 2708 3029 2764 vitium
3078 2725 3465 2780 nequaquam
3496 2727 3638 2766 cum

1976 2799 2220 2853 homine
2276 2797 2455 2852 foveri
2491 2803 2545 2850 et
2578 2813 2862 2861 crescere,
2912 2797 2995 2851 illi
3027 2814 3221 2868 neque
3263 2799 3336 2853 de
3381 2800 3638 2854 crastino

1977 2887 2208 2942 solliciti
2243 2893 2399 2950 sunt,
2434 2901 2543 2940 nec
2584 2886 3067 2955 concupiscentia
3094 2887 3419 2942 ducuntur.
3470 2890 3636 2943 Certo

1977 2977 2135 3032 enim
2161 2981 2426 3045 tempore
2450 2975 2700 3028 cessavit
2717 2974 2847 3028 illos
2867 2975 3138 3029 molestia
3155 2974 3389 3030 afﬁcere
3403 2976 3634 3042 vitium,

1977 3065 2308 3139 quamdam
2331 3062 2872 3133 concupiscentiam
2908 3063 3305 3133 suggerendo,
3331 3067 3390 3118 ut
3415 3065 3638 3134 jureju-

1978 3152 2170 3208 rando
2191 3151 2546 3206 confirmare
2575 3166 2694 3204 non
2722 3155 2994 3205 vereatur
3021 3151 3223 3215 homo,
3252 3167 3374 3207 non
3399 3152 3548 3207 ultra
3577 3153 3634 3207 in

1978 3257 2038 3296 se
2070 3255 2380 3308 assurgere
2413 3238 2588 3294 talem
2630 3238 3004 3294 atfectionem
3032 3255 3045 3304 ;
3078 3245 3138 3294 at
3167 3255 3287 3295 non
3335 3240 3415 3294 ita
3448 3240 3635 3296 multo

1977 3335 2110 3400 post
2155 3330 2342 3383 uritur
2390 3329 2896 3399 concupiscentia,
2931 3335 2994 3383 ut
3025 3329 3116 3383 vel
3147 3329 3204 3384 in
3241 3345 3311 3384 eo
3360 3330 3635 3400 perjurus

1976 3417 2478 3488 deprehendatur.
2508 3417 2758 3472 Perinde
2781 3417 2939 3471 enim
2967 3422 3031 3472 ut
3059 3433 3164 3488 per
3189 3418 3449 3472 ﬁstulam
3480 3423 3637 3473 tran-

1977 3509 2049 3562 sit
2078 3523 2257 3578 aqua,
2292 3507 2374 3560 sic
2399 3521 2642 3577 quoque
2667 3522 2769 3576 per
2793 3522 2895 3561 cor
2922 3511 2978 3560 et
3003 3507 3392 3576 cogitationes
3425 3523 3633 3578 pecca-

1976 3603 2122 3651 tum.
2159 3596 2508 3666 Quicunque
2551 3611 2689 3650 vero
2720 3595 2846 3650 haec
2888 3602 3127 3666 negant,
3161 3613 3192 3651 a
3226 3601 3470 3668 peccato
3502 3597 3634 3666 ipso

1976 3685 2346 3755 triumphum
2397 3691 2622 3748 acturo,
2656 3690 2986 3756 arguuntur
3029 3691 3086 3740 et
3137 3685 3487 3742 illuduntur.
3531 3687 3635 3742 Co-

1973 3780 2151 3829 natur
2193 3775 2350 3828 enim
2400 3774 2625 3830 malitia
2656 3774 2834 3829 latere
2866 3779 2922 3830 et
2952 3773 3299 3830 delitescere
3345 3776 3404 3829 in
3437 3779 3635 3830 mente

1972 3863 2260 3919 hominis.

2047 4077 2202 4130 XXII.
2269 4075 2324 4129 Si
2374 4075 2548 4142 igitur
2603 4074 2905 4146 quispiam
2956 4077 3140 4129 Deum
3208 4075 3409 4145 diligit.
3479 4077 3633 4130 Deus

1970 4179 2208 4236 quoque
2235 4179 2370 4217 cum
2400 4179 2469 4217 eo
2513 4164 2861 4218 commiscet
2891 4179 3062 4218 suam
3111 4163 3514 4220 dilectionem.
3567 4165 3634 4219 Et

1972 4267 2106 4307 cum
2133 4251 2315 4306 semel
2368 4251 2679 4306 crediderit
2731 4251 2789 4305 in
2822 4267 2980 4317 eum,
3016 4253 3182 4307 addit
3209 4253 3288 4307 illi
3334 4252 3489 4308 Deus
3518 4270 3631 4309 coe-

1971 4340 2177 4395 lestcm
2217 4339 2421 4403 ﬁdem,
2457 4347 2511 4392 et
2541 4339 2620 4394 ila
2653 4339 2852 4394 evadit
2880 4341 3063 4396 homo
3090 4341 3326 4411 duplex.
3360 4344 3426 4397 Ut
3451 4342 3631 4411 igitur

1972 4446 2042 4485 ex
2074 4429 2363 4484 membris
2399 4427 2510 4482 tuis
2550 4431 2666 4482 Deo
2698 4428 2937 4494 offeras,
2972 4429 3067 4484 ille
3105 4429 3234 4498 ipse
3272 4447 3342 4486 ex
3374 4431 3631 4501 propriis

1974 4518 2188 4574 similia
2222 4517 2631 4572 membrorum
2665 4518 2979 4587 permiscet
3010 4535 3142 4572 cum
3177 4519 3379 4573 anima
3412 4525 3533 4586 tua,
3570 4526 3630 4574 ut

1974 4608 2179 4662 omnia
2211 4608 2436 4661 sincere
2478 4621 2546 4660 ac
2601 4621 2746 4676 pure
2797 4621 3102 4677 peragere,
3159 4607 3401 4676 diligere
3450 4614 3629 4680 atque

1974 4697 2203 4767 precari
2237 4695 2456 4767 possis.
2490 4694 2758 4753 Summae
2791 4696 2949 4750 enim
2976 4696 3279 4766 dignitatis
3307 4702 3391 4752 est
3421 4697 3625 4752 homo.

1977 4785 2122 4840 Vide
2160 4790 2456 4856 quantum
2507 4786 2581 4838 sit
2611 4783 2844 4849 caelum,
2891 4790 3061 4852 terra,
3109 4785 3198 4840 sol
3227 4791 3281 4841 et
3310 4785 3490 4840 luna:
3520 4801 3629 4840 nec

1979 4880 2179 4931 tamen
2222 4875 2448 4944 placuit
2477 4875 2535 4927 in
2564 4874 2634 4928 iis
2672 4874 2945 4941 Domino,
2998 4875 3101 4929 sed
3137 4876 3194 4929 in
3231 4874 3356 4930 solo
3389 4875 3633 4930 homine

1979 4963 2372 5036 requiescere.
2411 4964 2783 5017 Praestantior
2822 4979 2965 5033 ergo
2995 4969 3082 5018 est
3122 4963 3306 5019 homo
3345 4964 3632 5019 omnibus

1980 5051 2293 5116 creaturis,
2328 5057 2383 5106 et
2409 5052 2610 5106 forsan
2649 5051 2846 5106 dicere
2879 5068 2995 5107 non
3038 5053 3300 5118 verebor,
3335 5069 3457 5108 non
3503 5059 3636 5109 tan-

1982 5149 2106 5199 tum
2141 5139 2606 5211 aspectabilibus
2642 5141 2946 5207 creaturis,
2977 5157 3182 5198 verum
3211 5143 3388 5198 etiam
3429 5144 3637 5198 invisi-

1982 5232 2157 5296 libus,
2194 5245 2410 5298 nempe
2459 5229 2898 5284 ministratoriis
2931 5231 3254 5301 spiritibus.
3308 5234 3434 5287 Non
3475 5231 3632 5287 enim

1984 5321 2057 5374 de
2083 5318 2361 5373 Michaele
2395 5323 2498 5370 aut
2523 5316 2816 5385 Gabriele,
2849 5319 3243 5388 archangelis,
3273 5319 3424 5374 Deus
3459 5320 3633 5374 dixit:

1985 5410 2300 5464 Faciamus
2323 5407 2401 5462 ad
2418 5407 2732 5476 imaginem
2752 5413 2803 5462 et
2819 5407 3266 5464 similitudinem
3289 5415 3545 5464 nostram
3567 5410 3633 5469 ⁶¹,

1990 5499 2095 5554 sed
2118 5499 2191 5552 de
2225 5496 2562 5552 substantia
2601 5495 2954 5553 intellectiva
2985 5497 3266 5559 hominis,
3293 5495 3633 5565 immortali,

1571 5665 1612 5698 ⁶¹
1656 5665 1796 5720 Gen.
1839 5682 1872 5728 ι,
1905 5667 1995 5720 26.
