4148 6262
492 322 595 377 591
1815 310 1874 366 S.
1913 309 2214 367 MACARII
2253 307 2555 366 EGYPTII
3752 309 3857 366 592

494 450 767 521 inquam,
802 446 1026 502 anima.
1061 444 1357 515 Scriptum
1404 442 1562 496 enim
1602 443 1707 508 est,
1749 454 1869 495 esse
1908 438 2141 494 ordines

2260 457 2380 500 οαν,
2433 436 2560 488 ἀλλά
2589 440 2705 506 περὶ
2746 445 2838 499 τῆς
2877 443 3051 512 νοερᾶς
3090 439 3272 500 ούσίας
3312 445 3404 490 τοῦ
3436 438 3731 510 ἀνθρώπου,
3767 443 3860 497 τῆς

491 539 841 608 angelorum
872 535 935 589 in
967 535 1220 590 circuitu
1247 531 1569 587 timentium
1594 545 1724 585 eum
1750 531 1816 582 ⁶².
1851 531 2141 585 Creaturae

491 630 692 681 autem
729 623 991 678 visibiles
1024 627 1241 678 natura
1293 618 1562 691 quadam
1604 616 1960 673 immutabili
1992 631 2144 688 prm-

494 714 630 770 ditee
662 721 827 768 sunt.

566 911 746 967 XXIII.
782 908 1009 966 Ccelum
1035 905 1218 962 semel
1256 905 1599 960 ordinatum
1632 905 1739 967 est,
1774 901 1882 967 sol,
1917 899 2060 956 luna
2089 903 2146 955 et

496 1006 666 1064 terra,
695 1015 805 1054 nec
838 1003 1036 1052 tamen
1065 993 1356 1066 acquievit
1391 994 1450 1048 in
1482 993 1553 1047 iis
1600 991 1910 1054 Dominus,
1949 1005 2144 1059 neque

497 1089 665 1145 aliter
691 1104 759 1144 ac
792 1091 991 1142 creata
1024 1090 1178 1149 sunt,
1213 1082 1477 1139 converti
1508 1085 1778 1152 possunt,
1811 1094 2006 1150 neque
2036 1079 2144 1134 ha-

497 1178 639 1233 bent
654 1177 1041 1232 voluntatem.
1057 1177 1140 1229 Tu
1155 1188 1293 1228 vero
1317 1175 1630 1242 propterea
1644 1185 1706 1224 es
1722 1168 1799 1224 ad
1819 1168 2144 1236 imaginem

492 1273 548 1321 et
575 1265 1025 1324 similitudinem
1059 1263 1158 1317 Dei
1209 1262 1418 1328 factus,
1450 1259 1594 1332 quia
1623 1257 2144 1330 quemadmodum

497 1356 654 1410 Deus
677 1354 932 1424 suijuris
961 1358 1070 1417 est,
1101 1357 1156 1406 et
1178 1349 1343 1422 quod
1365 1349 1490 1404 vult
1518 1348 1654 1403 facit
1678 1366 1689 1402 :
1717 1345 1964 1418 quando
1993 1346 2042 1400 ei
2066 1346 2146 1400 ita

496 1443 694 1498 visum
725 1449 834 1507 est,
868 1457 976 1513 pro
1025 1445 1317 1512 potestate
1348 1443 1403 1492 et
1429 1438 1561 1507 jure
1593 1452 1703 1490 suo
1752 1435 1923 1489 mittit
1950 1434 2144 1504 justos

494 1534 555 1588 in
579 1532 934 1602 gehennam,
960 1547 1029 1585 ac
1055 1535 1399 1601 peccatores
1419 1527 1478 1581 in
1497 1541 1769 1594 regnum,
1796 1525 1908 1595 59
1934 1538 2144 1593 quam-

498 1622 586 1676 vis
616 1622 729 1676 hoc
763 1621 1007 1674 minime
1041 1618 1198 1684 velit,
1232 1633 1340 1671 nec
1374 1615 1603 1687 placeat
1633 1615 1683 1668 ei
1719 1614 1957 1682 ;justus
1983 1611 2142 1665 enim

497 1715 588 1766 est
640 1710 967 1773 Dominus;
1000 1708 1084 1761 sic
1135 1721 1377 1777 quoque
1430 1711 1488 1758 tu
1543 1703 1628 1757 tui
1677 1701 1826 1772 juris
1869 1717 1950 1765 es,
2003 1705 2057 1755 et
2096 1699 2142 1753 si

2254 525 2512 578 ἀθανάτου
2542 527 2668 598 λέγω
2697 526 2851 598 ψυχῆ
2866 549 2905 589 ς.
2942 533 3041 580 Καὶ
3083 532 3184 600 γὰρ
3228 533 3540 603 γέγραπται,
3583 529 3664 579 ὅτι
3695 533 3862 599 Παρ-

2255 615 2519 686 εμϐολαὶ
2608 615 2893 687 ἀγγέλων
2969 617 3182 689 κύκλῳ
3257 625 3378 669 τῶν
3452 616 3860 688 φοϐουμένων

2255 708 2461 757 αὐτόν.
2494 707 2571 757 Tu
2607 707 2696 776 μεν
2727 702 2813 756 οὖν
2843 710 3106 778 κτίσματα
3135 708 3200 758 τὰ
3238 709 3535 778 φαινόμενα,
3575 708 3726 778 φύσει
3757 709 3863 757 τινὶ

2255 793 2515 866 ἀμεταϐλὴ
2524 815 2592 866 τῳ
2624 791 2860 849 δέδεται.

2328 904 2445 954 Kl".
2497 901 2554 953 Ὀ
2585 900 2802 972 οὐρανὸς
2838 902 2978 965 ἅπαξ
3006 906 3270 967 τέτακται,
3311 904 3337 955 6
3369 903 3529 967 ἣλιος,
3572 904 3601 961 ἡ
3643 901 3856 969 σελήνη,

2255 992 2283 1048 ἡ
2339 998 2428 1061 γῆ,
2477 995 2566 1043 καὶ
2595 992 2687 1044 ούκ
2739 988 3022 1050 εὐδόκησεν
3064 995 3112 1044 ἑν
3158 993 3332 1055 αύτοῖς
3383 994 3408 1044 6
3463 993 3686 1066 Κύριος·
3751 991 3858 1044 ἀλλ’

2255 1075 2377 1131 οὐδὲ
2451 1082 2571 1152 παρ’
2631 1080 2656 1131 ὃ
2731 1079 3045 1140 ἐκτίσθησαν
3120 1089 3515 1155 μετατραπῆναι
3582 1077 3856 1148 δύνανται,

2255 1172 2368 1220 οὔτε
2397 1171 2585 1239 ἔχουσι
2618 1169 2830 1241 θελημα.
2880 1174 2944 1222 Σύ
3004 1167 3062 1223 δὲ
3106 1167 3198 1222 διὰ
3244 1178 3396 1222 τοῦτο
3447 1169 3493 1222 εἶ
3514 1169 3630 1221 κατ’
3685 1169 3860 1222 εἰκόνα

2255 1261 2340 1308 xui
2372 1257 2621 1328 ὁμοίωσιν
2654 1266 2807 1324 Θεοῦ,
2850 1256 3028 1317 ἐπειδὴ
3063 1261 3236 1331 ὥσπερ
3271 1260 3296 1310 6
3337 1261 3468 1320 Θεὸς
3500 1259 3595 1310 αύτ
3630 1258 3861 1321 εξούσιός

2254 1347 2385 1413 ἐστι,
2421 1350 2509 1397 καὶ
2557 1347 2582 1398 6
2621 1347 2749 1399 θέλει
2800 1354 2971 1400 ποιεῖ·
3007 1345 3090 1398 ἐὰν
3125 1349 3266 1420 θέλῃ,
3317 1351 3453 1400 κατά
3481 1350 3574 1404 τὴν
3621 1345 3862 1408 ἐξουσίαν

2255 1434 2414 1485 αὐτοῦ
2473 1435 2666 1507 πέμψει
2716 1441 2837 1498 τοὺς
2899 1433 3136 1497 δικαίους
3195 1438 3262 1497 εἰς
3315 1441 3540 1508 γέενναν,
3595 1440 3685 1487 καὶ
3741 1438 3866 1496 τοὺς

2257 1523 2593 1594 ἁμαρτωλοὺς
2645 1524 2717 1586 εἰς
2765 1523 3073 1597 βασιλείαν·
3141 1525 3246 1577 ἀλλ’
3299 1525 3404 1596 οὐχ
3461 1525 3705 1598 αἱρεῖται,
3739 1519 3866 1576 οὐδὲ

2256 1609 2610 1684 καταδέχεται
2638 1622 2791 1666 τοῦτο
2819 1634 2831 1645 υ
2868 1611 3232 1689 δικαιοκρίτης
3257 1617 3358 1686 γὰρ
3399 1613 3538 1665 ἐστιν
3569 1615 3594 1665 6
3629 1615 3814 1686 Κύριος
3839 1630 3850 1642 ·

2253 1700 2415 1763 οὓτως
2481 1707 2570 1753 καὶ
2630 1707 2694 1754 σύ
2756 1703 3087 1766 αύτεξούσιος
3145 1701 3207 1769 εἶ,
3267 1709 3357 1755 καὶ
3409 1703 3494 1754 ἐὰν
3553 1702 3704 1774 θέλῃς
3758 1703 3860 1753 ἀπ-

496 1798 640 1854 velis
675 1798 884 1870 perire,
928 1795 1234 1852 mutabilis
1268 1799 1515 1849 naturae.
1562 1792 1616 1847 Si
1647 1790 1831 1846 libeat
1859 1789 2144 1860 blasphe-

2260 1789 2482 1856 ολέσθαι,
2526 1800 2748 1865 τρεπτῆς
2787 1796 2988 1864 φύσεως
3028 1790 3110 1846 εἷο
3151 1793 3195 1846 εἰ
3256 1792 3409 1853 θελεις
3449 1791 3864 1864 βλασφημῆσαι»

497 1888 650 1943 mias
695 1886 1021 1950 effundere,
1080 1899 1311 1939 venena
1340 1881 1631 1936 conﬁcere
1661 1885 1766 1934 aut
1816 1877 2145 1934 interﬁcere

496 1976 782 2046 aliquem,
821 1990 998 2029 nemo
1033 1973 1135 2028 tibi
1172 1972 1493 2026 reluctatur
1523 1975 1624 2025 aut
1666 1968 1939 2038 prohibet
1972 1973 2046 2021 te.
2090 1966 2146 2021 Si

497 2065 634 2120 velit
675 2065 832 2136 quis,
888 2078 1116 2118 morem
1150 2061 1298 2130 gerit
1347 2060 1488 2122 Deo,
1521 2063 1575 2113 et
1623 2057 1950 2126 ingreditur
1992 2056 2147 2110 viam

490 2154 748 2224 justitiee,
779 2169 849 2209 ac
874 2153 1051 2207 vincit
1089 2149 1619 2221 concupiscentias.
1655 2149 1810 2201 Mens
1851 2145 2010 2200 enim
2042 2145 2146 2200 hu-

490 2243 782 2313 jusmodi,
805 2257 940 2313 quae
964 2239 1180 2294 resistit
1197 2255 1266 2294 ac
1287 2241 1597 2308 repugnat,
1625 2239 1818 2307 potest
1843 2249 2144 2304 superare,

496 2331 815 2387 obﬁrmata
852 2330 1103 2393 ratione,
1155 2329 1413 2400 impetus
1455 2326 1733 2380 vitiorum
1765 2329 1821 2378 et
1850 2323 2147 2379 obscenas

497 2420 1045 2490 concupiscentias.

568 2527 742 2583 XXIV.
775 2524 832 2579 Si
863 2524 1024 2580 enim
1047 2524 1106 2578 in
1136 2523 1319 2578 domo
1351 2520 1574 2592 ampla,
1595 2520 1653 2574 in
1693 2535 1809 2590 qua
1841 2525 1979 2573 sunt
2006 2533 2151 2573 vasa

494 2629 694 2683 aurea,
728 2629 876 2670 auro
907 2617 1080 2676 tecta,
1115 2617 1171 2666 et
1200 2615 1502 2680 argentea,
1528 2609 1669 2664 varii
1703 2609 1937 2678 generis
1979 2607 2150 2662 vesti-

494 2708 718 2767 menta,
745 2717 960 2757 aurum
989 2706 1166 2772 atque
1194 2703 1531 2769 argentum,
1555 2698 1963 2753 adolescentes
1995 2697 2152 2766 etju-

494 2791 780 2856 venculaa,
841 2806 976 2862 quae
1043 2789 1124 2844 ibi
1152 2793 1482 2851 versantur,
1539 2787 1820 2842 cohibent
1879 2786 2150 2841 animum

494 2897 668 2935 suum
704 2880 1006 2952 (quamvis
1040 2883 1253 2933 natura
1283 2881 1526 2948 prOpter
1553 2875 1903 2932 inhabitans
1936 2890 2145 2946 pecca-

497 2974 622 3025 tum
655 2969 860 3024 omnia
913 2968 1344 3039 cuncupiscat),
1396 2969 1454 3021 et
1483 2966 1626 3037 quia
1681 2968 1953 3020 metuunt
1987 2977 2150 3018 more

490 3058 806 3113 hominum
846 3057 1150 3122 dominos,
1183 3055 1517 3127 reprimunt
1550 3055 1807 3124 impetus
1833 3052 2152 3122 concupis-

2255 1887 2474 1937 ποιῆσαι
2534 1883 2802 1955 φάρμακα,
2857 1887 2947 1934 καὶ
3003 1881 3303 1934 ἀποκτεῖναί
3355 1901 3490 1946 τινα,
3549 1876 3725 1941 ούδείς
3782 1899 3869 1932 σοι

2258 1967 2542 2022 ἀντίκειται
2595 1972 2623 2029 ἡ
2676 1971 2858 2024 κωλύει
2919 1991 2995 2026 σε.
3056 1971 3118 2024 Εἰ
3173 1971 3301 2024 θέλει
3357 1990 3458 2038 τις,
3507 1971 3870 2022 ὑποτάσσεται

2258 2055 2328 2128 τῷ
2355 2063 2483 2128 Θεῷ,
2524 2064 2613 2111 καὶ
2648 2057 2877 2112 διοδεύει
2916 2065 3009 2118 την
3061 2057 3184 2112 ὁδόν
3235 2069 3331 2121 τῆς
3371 2056 3740 2124 δικαιοσύνης,
3775 2064 3869 2112 καὶ

2258 2155 2437 2221 κρατεί
2488 2157 2586 2200 τῶν
2647 2150 2954 2221 ἐπιθυμιῶν.
3008 2149 3068 2201 Ὀ
3126 2153 3224 2225 γὰρ
3278 2156 3392 2210 νοῦς
3449 2149 3591 2210 οὗτος
3651 2148 3869 2201 ἀντίπα-

2259 2235 2342 2298 λός
2397 2237 2555 2303 ἐστιν,
2611 2237 2900 2311 ἐπικρατεῖν
2956 2236 3236 2308 δυνάμενος
3295 2237 3560 2312 ἐρῥωμὲνῳ
3623 2241 3861 2310 λογισμῷ

2259 2330 2350 2388 τὰς
2382 2335 2474 2388 τῆς
2513 2332 2701 2390 κακίας
2731 2329 2895 2399 ὁρμὰς
2925 2333 3015 2379 καὶ
3047 2327 3323 2400 ἐπιθυμίας
3356 2327 3613 2402 αἰσχράς.

2335 2520 2451 2574 ΚΔ’.
2510 2521 2570 2575 Εἰ
2606 2523 2706 2596 γὰρ
2749 2520 2796 2573 ἐν
2850 2521 2991 2593 οἰκίᾳ
3043 2521 3264 2594 μεγάλη,
3309 2522 3436 2573 ὅπου
3491 2520 3609 2574 ἐστὶ
3651 2526 3868 2593 χρυσώ-

2261 2629 2420 2682 ματα,
2471 2615 2803 2684 χρυσοφορα,
2846 2615 2929 2662 xui
2979 2609 3353 2685 ἀργυρώματα,
3403 2615 3491 2662 καὶ
3541 2611 3695 2671 ἐσθὴς
3745 2606 3867 2662 διά⁸

2261 2718 2434 2770 φόρος,
2476 2702 2680 2772 χρυσός
2709 2718 2760 2750 τε
2798 2703 2887 2750 καὶ
2925 2699 3171 2771 ἄργυρος,
3211 2703 3472 2751 νεανίσκοι
3511 2703 3601 2751 καὶ
3637 2695 3868 2761 νεάνιδες

2263 2785 2617 2860 διατρίϐοντες
2646 2789 2884 2859 ἄγχουσι
2908 2791 2994 2838 τόν
3027 2787 3219 2839 ἑαυτῶν
3245 2794 3360 2838 νοῦν
3387 2809 3398 2820 ·
3444 2787 3486 2840 εἰ
3524 2792 3612 2839 καὶ
3642 2789 3669 2844 ἡ
3707 2791 3866 2858 φύσις

2263 2874 2357 2928 διὰ
2394 2881 2485 2932 τὴν
2519 2879 2754 2928 σύνοικον
2793 2876 3051 2949 ἁμαρτίαν
3091 2878 3294 2929 πάντων
3325 2878 3599 2949 ἓπιθυμιῖο
3637 2881 3725 2928 καὶ
3766 2873 3862 2928 διά

2262 2969 2348 3016 τόν
2397 2964 2713 3037 ἀνθρώπινον
2760 2964 2911 3038 φόϐον
2965 2973 3063 3017 τῶν
3119 2963 3407 3032 δεσποτῶν,
3465 2964 3716 3037 ἐπέχουσι
3767 2966 3865 3024 τὰς

2264 3057 2428 3128 ὁρμὰς
2458 3063 2556 3106 τῶν
2597 3054 2880 3126 ἐπιθυμιῶν
2907 3076 2923 3112 ο,
2961 3059 3107 3126 πόσῳ
3139 3054 3349 3126 μᾶλλον,
3392 3056 3522 3106 ὅπου
3563 3057 3672 3106 ἓστὶ
3715 3051 3867 3124 φόϐος

491 3147 699 3202 ΟΘΠῐὶξΒ
720 3165 731 3201 :
752 3151 978 3218 quanto
999 3144 1210 3215 magis,
1235 3145 1337 3198 ubi
1360 3145 1517 3212 viget
1535 3144 1713 3197 timor
1735 3143 1851 3206 Dei,
1876 3137 2147 3196 reluctari

2265 3152 2418 3209 Θεοῦ,
2475 3143 2863 3215 ἀντιμαχεσθαι
2903 3148 2994 3195 καὶ
3044 3143 3402 3216 ἀντιπράττειν
3447 3145 3472 3195 6
3521 3150 3641 3204 νοῦς
3680 3141 3867 3213 ὀφείλει

489 3241 669 3308 atque
698 3235 869 3290 reniti
903 3250 1069 3290 mens
1097 3234 1272 3289 debet
1305 3233 1617 3288 inhaerenti
1650 3232 1929 3302 pravitati
1959 3231 1985 3284 ἱ)
2012 3229 2150 3297 Quae

489 3324 647 3379 enim
681 3323 990 3394 possibilia
1029 3323 1131 3377 tibi
1177 3326 1334 3387 sunt,
1371 3321 1650 3391 praecepit
1684 3323 1858 3374 Deus.
1906 3319 2149 3374 Anima-

486 3412 634 3466 lium
661 3412 904 3482 quidem
934 3411 1163 3466 ratione
1212 3409 1637 3465 destitutorum
1681 3413 1897 3464 natura
1951 3409 2152 3463 vincta

489 3505 596 3564 est,
627 3500 785 3555 velut
816 3506 1030 3553 natura
1069 3500 1361 3568 serpentis
1393 3505 1478 3552 est
1515 3513 1723 3552 amara
1754 3513 1822 3551 ac
1850 3511 2148 3551 venenum

489 3589 795 3642 emittens:
825 3588 1080 3642 universi
1115 3586 1291 3655 igitur
1323 3593 1626 3658 serpentes
1654 3590 1790 3640 sunt
1818 3585 2137 3655 ejusmodi.

490 3678 688 3747 Lupus
712 3691 901 3747 rapax
922 3691 1049 3729 esse
1081 3675 1427 3730 consuevit:
1457 3690 1667 3729 omnes
1690 3689 1830 3743 ergo
1863 3674 1983 3744 lupi
2009 3679 2147 3728 sunt

489 3765 762 3835 ejusdem
787 3771 1034 3820 natum.
1058 3766 1282 3834 Agnus,
1312 3763 1413 3834 qui
1439 3763 1689 3833 simplex
1711 3767 1814 3826 est,
1850 3763 2149 3818 obnoxius

489 3862 576 3909 est
595 3855 819 3925 rapinae
845 3871 857 3908 :
887 3869 1096 3909 omnes
1118 3869 1259 3922 ergo
1281 3854 1420 3921 agni
1440 3859 1576 3907 sunt
1599 3852 1866 3923 ejusdem
1896 3858 2134 3908 naturae.

488 3943 778 3999 Columba
804 3943 1056 4015 simplex
1086 3950 1170 3998 est
1203 3958 1272 3997 ac
1296 3943 1523 3997 sincera
1562 3958 1573 3995 :
1610 3956 1828 3997 omnes
1878 3957 2022 4010 ergo
2053 3958 2150 3997 co-

483 4033 703 4089 lumbae
729 4038 866 4087 sunt
888 4033 1157 4103 ejusdem
1186 4038 1434 4087 naturae.
1454 4031 1644 4086 Homo
1671 4047 1810 4086 vero
1836 4046 1956 4086 non
1983 4031 2063 4086 ita
2089 4046 2152 4085 se

486 4122 688 4178 habet.
730 4121 984 4189 Quidam
1017 4121 1178 4176 enim
1226 4125 1312 4176 est
1341 4121 1518 4191 lupus
1570 4135 1778 4191 rapax,
1814 4125 1866 4174 et
1897 4120 2151 4192 quidam

490 4211 646 4267 velut
677 4226 867 4281 agnus
899 4211 1128 4282 rapinae
1157 4213 1335 4279 patet,
1368 4215 1423 4264 et
1446 4225 1518 4264 ex
1546 4209 1761 4265 eodem
1793 4224 2010 4276 genere
2041 4210 2151 4264 hu-

493 4315 676 4356 mano
710 4305 1028 4371 utrumque
1055 4298 1265 4354 oritur.

563 4405 733 4460 XXV.
769 4408 868 4461 Est
900 4405 1004 4476 qui
1036 4420 1156 4461 non
1189 4408 1504 4460 contentus
1532 4420 1716 4460 uxore
1757 4421 1885 4470 sua,
1929 4411 2151 4462 scorta-

2263 3241 2324 3305 τῇ
2362 3236 2591 3305 συνούσῃ
2624 3238 2811 3305 κακίᾳ;
2861 3236 2938 3285 Τὰ
2988 3234 3088 3307 γὰρ
3124 3229 3320 3286 δυνατά
3353 3251 3438 3285 σοι
3481 3231 3790 3306 προσέταξεν
3839 3231 3865 3282 ό

2264 3327 2410 3383 Θεός.
2473 3321 2530 3374 Ἡ
2589 3325 2676 3393 μὲν
2735 3318 2823 3374 οὖν
2890 3329 2990 3373 τῶν
3058 3321 3254 3392 ἀλόγων
3322 3321 3466 3381 ζώων
3520 3325 3672 3393 φύσις
3738 3317 3863 3377 δετή

2262 3409 2416 3478 ἐστιν,
2461 3410 2565 3462 οἷον
2618 3413 2647 3468 ἡ
2703 3417 2792 3462 τοῦ
2837 3414 2992 3482 ὄφεως
3036 3412 3185 3482 φύσις
3226 3413 3388 3483 πικρά
3427 3412 3540 3462 ἔστι
3587 3415 3678 3462 xui
3734 3408 3869 3461 ἰοϐό-

2260 3499 2340 3558 λος
2365 3520 2376 3531 ·
2425 3498 2531 3550 ὅλοι
2561 3495 2647 3550 οὖν
2695 3502 2743 3551 οἱ
2781 3504 2918 3571 ὄφεις
2947 3504 3177 3552 τοιοῦτοί
3226 3499 3376 3553 εἰσιν.
3406 3499 3464 3550 '0
3506 3499 3662 3561 λύκος
3701 3498 3869 3572 ἀρπά-

2262 3589 2368 3648 ζειν
2419 3589 2629 3639 εἴωθενυ
2673 3588 2781 3640 ὅλοι
2832 3590 2881 3640 οἱ
2932 3588 3078 3641 λύκοι
3127 3597 3216 3649 τῆς
3265 3589 3431 3650 αὐτῆς
3485 3589 3587 3641 εἰσι
3642 3591 3863 3660 φύσεως.

2259 3681 2328 3729 T6
2383 3676 2553 3751 ἀρνίον
2598 3676 2769 3749 ἀφελὲς
2823 3681 2876 3729 ὄν
2925 3677 3255 3750 ἀρπάζεται·
3308 3678 3402 3730 ὅλα
3455 3679 3519 3730 τά
3575 3677 3728 3750 ἀρνία
3778 3685 3869 3737 τῆς

2263 3766 2422 3827 αὐτῆς
2480 3765 2582 3818 εἰσι
2640 3769 2858 3838 φύσεως.
2917 3766 2974 3819 Ἠ
3028 3769 3309 3840 περιστερά
3363 3764 3552 3829 ἄδολός
3610 3770 3726 3820 ἔστι
3772 3772 3864 3818 καὶ

2263 3854 2537 3930 ἀκέραιος’
2595 3855 2706 3907 ὅλαι
2764 3858 2818 3908 αἱ
2878 3861 3180 3932 περιστεραὶ
3247 3865 3341 3917 τῆς
3397 3856 3562 3918 αὐτῆς
3616 3857 3718 3908 εἰσι
3776 3858 3867 3927 φύο

2265 3963 2412 4006 σεως.
2446 3944 2502 3995 Ὀ
2552 3940 2610 3997 δὲ
2651 3947 2919 4018 ἄνθρωπον
2970 3945 3074 4017 ούχ
3109 3947 3268 4006 οὕτως
3312 3949 3471 3998 ἐστίν.
3520 3945 3606 4008 Εἰς
3638 3945 3780 3998 ἔστιν
3839 3946 3863 3996 ό

2261 4033 2418 4094 λύκος
2472 4034 2740 4108 ἁρπάζων,
2799 4040 2887 4086 xui
2961 4035 3026 4095 εἷς
3079 4033 3219 4086 ἐστιν
3282 4036 3348 4096 ὡς
3408 4033 3580 4106 ἀρνίον
3634 4035 3866 4107 ἁρπαζό-

2263 4142 2449 4194 μενος·
2511 4122 2564 4174 ἐκ
2619 4131 2707 4176 τοῦ
2759 4127 2939 4195 ’γένους
2996 4133 3090 4185 τῆς
3145 4123 3546 4197 ἀνθρωπότητος
3601 4124 3864 4198 ἀμφότερα

2262 4217 2553 4283 γενήσεται.

2336 4407 2456 4460 KR“
2514 4407 2662 4461 Ἐστι
2717 4428 2790 4469 τις
2849 4413 2918 4481 μὴ
2972 4407 3280 4482 ἀρκούμενος
3336 4417 3397 4482 τῇ
3463 4405 3575 4481 ἰδίᾳ
3629 4414 3862 4481 γυναικὶ,

490 4498 740 4550 tur:est
787 4509 1029 4565 quoque
1084 4493 1258 4559 alius,
1313 4494 1414 4565 qui
1466 4509 1538 4548 ne
1593 4493 2143 4564 concupiscentiam

2266 4495 2391 4548 ἀλλά
2431 4501 2522 4549 καὶ
2564 4500 2856 4569 πορνεύων·
2909 4503 2998 4550 καὶ
3041 4501 3181 4550 ἔστιν
3233 4497 3401 4566 ἄλλος,
3453 4500 3596 4560 ὅστις
3651 4499 3742 4549 ούκ
3806 4497 3865 4568 ἐᾷ

488 4583 737 4656 quidem
789 4584 847 4638 in
898 4583 1078 4638 corde
1131 4599 1239 4638 suo
1271 4583 1513 4637 excitari
1547 4583 1848 4653 permittit.
1905 4585 2003 4638 Est
2043 4585 2146 4655 qui

487 4673 650 4729 bona
674 4673 931 4744 proximi
953 4671 1155 4742 diripit
1178 4695 1187 4725 :
1214 4679 1303 4726 est
1324 4688 1565 4743 quoque
1593 4671 1762 4737 alius,
1789 4674 1890 4744 qui
1917 4673 2155 4743 pietatis

489 4763 649 4818 cultu
683 4767 904 4824 motus,
942 4777 1053 4815 sua
1076 4760 1237 4815 bona
1263 4760 1578 4816 distribuit.
1613 4761 1785 4816 Vides
1817 4778 2001 4832 quam
2033 4779 2158 4817 mu-

488 4851 684 4906 tabilis
718 4851 792 4904 sit
825 4849 956 4920 ipsa
998 4854 1239 4914 natura,
1275 4855 1398 4905 tam
1446 4852 1524 4904 ad
1558 4851 1698 4906 vitia
1743 4853 2153 4922 propendens,

486 4955 674 5011 quam
693 4954 723 4993 e
748 4939 984 4993 diverso
1004 4938 1082 4993 ad
1105 4938 1463 5002 honestum;
1490 4946 1545 4993 et
1568 4941 1902 4994 secundum
1935 4946 2156 4997 utram-

485 5045 604 5100 que
655 5027 1080 5097 proprietatem
1130 5033 1267 5099 apta
1297 5027 1597 5083 declinare
1641 5029 1716 5084 ad
1764 5046 2158 5101 quascunque

484 5117 722 5173 libuerit
750 5116 1032 5171 actiones.
1060 5118 1258 5186 Capax
1289 5117 1467 5186 igitur
1488 5123 1572 5172 est
1602 5123 1817 5173 natura
1846 5125 1974 5174 tum
2009 5117 2156 5174 boni
2206 5170 2209 5173 .

487 5211 611 5261 tum
646 5204 806 5270 mali,
844 5205 969 5259 sive
999 5205 1217 5260 divinae
1242 5205 1470 5274 gratiae,
1504 5207 1626 5261 sive
1661 5208 2019 5263 adversariae
2054 5220 2156 5279 po‘

487 5294 743 5351 testatis:
779 5294 1112 5350 necessitati
1137 5299 1333 5350 tamen
1366 5295 1579 5366 subjici
1609 5297 1848 5368 nequit;
1880 5299 2155 5369 quando-

485 5385 728 5457 quidem
782 5384 859 5439 ab
893 5383 1058 5439 initio
1095 5383 1285 5439 Adam
1322 5384 1380 5438 in
1416 5386 1671 5456 puritate
1728 5403 1865 5441 cum
1901 5386 2144 5452 viveret,

495 5475 925 5532 dominabatur
973 5473 1435 5546 cogitationibus
1476 5475 1597 5528 suis
1635 5493 1646 5542 ;
1682 5491 1889 5530 verum
1922 5491 1990 5530 ex
2024 5491 2145 5547 quo

567 5694 612 5728 ⁶¹
640 5691 787 5747 Psal.
824 5708 1014 5755 xxxw,
1039 5692 1099 5748 8.

2265 4583 2388 4638 οὐδὲ
2443 4588 2719 4659 ἐπιθυμίαν
2794 4586 3016 4639 ἀνελθεῖν
3074 4586 3158 4639 ἐπὶ
3226 4591 3318 4645 τὴν
3393 4584 3617 4661 καρδίαν
3678 4585 3856 4638 αὐτοῦ.

2265 4674 2419 4727 ’Ἐστι
2466 4695 2543 4736 τις
2590 4673 2895 4748 διαρπάζων
2924 4679 2989 4729 τά
3044 4684 3133 4727 τοῦ
3164 4675 3418 4734 πλησίον·
3466 4681 3556 4729 καὶ
3604 4679 3743 4728 ἔστιν
3775 4675 3863 4727 ἄλ-

2266 4763 2348 4824 λος
2374 4761 2466 4816 διὰ
2515 4765 2799 4818 θεοσέϐειαν
2828 4770 2917 4817 καὶ
2970 4768 3035 4818 τά
3077 4764 3195 4818 ἴδια
3225 4763 3529 4830 διαδιδούς.
3569 4765 3726 4840 Ὁρᾷς
3756 4773 3862 4826 πῶς

2269 4858 2456 4924 τρεπτή
2493 4853 2629 4905 ἐστιν
2675 4855 2801 4913 αὑτὴ
2837 4857 2865 4913 ἠ
2918 4859 3102 4927 φύσις⁶
3153 4858 3294 4908 ἔστιν
3338 4855 3421 4909 ἐπὶ
3469 4859 3528 4908 τό
3575 4859 3734 4907 κακὸν
3788 4855 3867 4928 ῥέ-

2269 4961 2461 5007 πουσα,
2493 4947 2581 4994 καὶ
2629 4945 2767 4995 ἔστιν
2799 4947 2880 4996 ἐπὶ
2939 4948 2996 4996 τὸ
3034 4944 3189 4996 καλὸν
3235 4941 3386 5006 αὖθις
3418 4960 3430 4973 ⁸
3476 4949 3564 4997 καὶ
3598 4941 3671 4997 δι’
3703 4943 3867 5016 ἀμφο-

2267 5036 2421 5103 τέρων
2486 5028 2793 5092 ἐπιτηδείως
2867 5035 2978 5104 ἔχει
3051 5042 3232 5086 νεῦσαι
3308 5038 3431 5108 πρὸς
3489 5033 3548 5095 οἷς
3625 5031 3866 5106 βούλεται

2267 5119 2476 5190 πράξεις
2503 5136 2514 5148 ·
2571 5117 2784 5179 δεκτικὴ
2814 5119 2901 5173 οὖν
2953 5123 2982 5179 ἡ
3017 5126 3173 5194 φύσις
3200 5129 3291 5175 τοῦ
3342 5121 3502 5175 καλοῦ
3551 5142 3604 5175 τε
3630 5127 3720 5174 καὶ
3778 5128 3867 5173 τοῦ

2267 5216 2448 5272 κακοῦ,
2502 5210 2618 5267 ἦτοι
2666 5212 2803 5271 θείας
2857 5214 3098 5284 χάριτος,
3141 5216 3259 5270 ἤτοι
3302 5214 3528 5272 ἔναντίας
3574 5209 3863 5282 δυνάμεως,

2268 5297 2372 5348 ἀλλ’
2401 5298 2493 5349 ούκ
2525 5297 2879 5369 ἀναγκαστικὴ
2911 5319 2922 5331 ·
2957 5297 3135 5358 ἓπειδὴ
3179 5305 3236 5353 τό
3277 5306 3396 5374 πρὶν
3428 5301 3587 5362 αύτός
3633 5303 3659 5352 6
3690 5298 3868 5371 Ἀδὰμ

2265 5390 2311 5439 ἐν
2359 5389 2676 5461 καθαρότητι
2741 5392 2828 5456 ὧν,
2888 5387 3152 5442 ἐϐασίλευε
3198 5398 3296 5441 τῶν
3348 5390 3612 5463 λογισμῶν
3667 5392 3864 5442 αὑτοῦ·

2263 5475 2345 5548 ἀφ’
2403 5477 2462 5528 οὗ
2523 5473 2580 5529 δὲ
2638 5477 2833 5551 παρέϐη
2893 5483 2986 5536 τὴν
3047 5479 3273 5548 ἐντολὴν,
3333 5484 3425 5554 ᾁοη
3484 5477 3868 5533 δυσϐάστακτα
