4148 6262
283 303 387 358 593

1558 296 1900 354 HOMILI/E.
1943 328 2010 339 —
2048 296 2222 352 HOM.
2265 298 2386 352 XV.

3530 295 3638 351 594

280 425 530 480 ἐπίκειται
560 436 630 500 τῷ
674 437 744 501 νῷ
793 430 975 483 αὐτοῦ.
1019 434 1119 484 Καὶ
1171 432 1218 482 οἱ
1256 437 1346 490 τῆς
1393 431 1577 488 κακίας
1633 426 1880 498 λογισμοὶ

1999 430 2401 495 transgressus
2413 425 2888 490 estmandalum,
2905 423 3241 496 gravissimi
3262 428 3492 480 montes
3509 425 3639 494 ejus

280 523 672 591 παραμιγίντες,
708 519 816 572 ὄλοι
864 524 930 582 ὡς
962 517 1093 573 ἴδιοι
1124 520 1284 572 αὐτοῦ
1335 518 1582 588 ἐγίνοντο,
1613 521 1703 568 καὶ
1759 511 1881 568 οὐδὲ

281 601 348 666 εἷς
400 606 559 658 αὐτοῦ
609 604 750 671 ἴδιός
808 609 974 676 ἔστιν,
1025 606 1205 668 ἐπειδὴ
1259 611 1575 679 κατέχονται
1640 608 1739 657 ύπὸ
1791 612 1882 665 τῆς

282 700 489 758 κακίας.

359 820 476 884 Κς·’.
542 825 740 874 Λοιπὸν
792 822 1002 895 ὀφείλεις
1058 827 1291 883 ζητῆσαι
1339 821 1552 894 λύχνον,
1613 822 1694 871 ἱνα
1740 818 1874 891 ἁφθῇ

285 913 373 960 καὶ
405 913 557 985 εὕρῃς
597 915 716 974 τοὺς
747 915 1011 985 καθαρούς
1057 913 1362 984 λογισμούς.
1410 911 1571 964 Οὗτοι
1623 912 1724 981 γὰρ
1750 909 1880 961 εἰσιν

285 1000 333 1048 οἱ
363 1005 598 1070 φυσικοὶ,
647 1001 736 1063 οὓς
777 1002 1018 1060 ἐποίησεν
1064 1004 1089 1053 6
1141 1005 1348 1076 Κύριος.
1407 1001 1472 1053 Οἱ
1512 999 1881 1072 ἀνατραφέντες

286 1086 357 1148 εἰς
402 1088 690 1155 θάλασσαν,
755 1093 941 1162 ἔμαθον
1025 1090 1307 1163 κολυμϐᾷν,
1390 1095 1479 1142 καὶ
1527 1090 1649 1141 ὃταν
1696 1089 1881 1140 ἐπανα-

288 1184 454 1228 στῷσι
516 1175 768 1240 κλύδωνες
811 1186 900 1232 καὶ
959 1183 1186 1253 κύματα,
1242 1181 1299 1232 ού
1345 1180 1651 1242 ξενίζονται.
1707 1178 1882 1237 Οὕτως

285 1263 418 1316 εἰσὶν
475 1269 523 1318 οὶ
563 1273 895 1339 Χριστιανοὶ.
945 1269 1144 1344 Ὥσπερ
1195 1278 1311 1330 νοῦς
1365 1276 1591 1341 τριετοῦς
1658 1262 1878 1318 παιδίου

284 1353 343 1405 ού
377 1350 600 1408 δύναται
637 1367 890 1432 χωρῆσαι
945 1360 974 1418 ἦ
1017 1358 1324 1410 καταλαϐεῖν
1380 1365 1497 1409 νοῦν
1543 1357 1735 1408 τελείου
1792 1375 1884 1407 σο-

287 1451 497 1513 φιστοῦ,
545 1443 824 1518 ἐπειδήπερ
877 1446 924 1498 ἐν
967 1452 1110 1519 μέσῳ
1153 1448 1385 1521 παρῆλθε
1426 1446 1584 1508 πολύς
1641 1465 1720 1507 τις
1749 1451 1884 1520 χρό-

283 1547 402 1590 νος⁶
454 1533 588 1583 οὕτω
645 1539 733 1586 καὶ
781 1538 829 1587 οἱ
885 1542 1200 1609 Χριστιανοὶ
1257 1541 1321 1596 ως
1379 1535 1544 1609 βρέφη
1584 1539 1746 1592 νήπια
1797 1540 1882 1586 τὸν

285 1623 485 1689 κόσμον
540 1632 905 1696 κατανοοῦσιν,
965 1624 1253 1698 ἀφορῶντες
1310 1625 1375 1685 εἰς
1429 1629 1485 1676 τό
1555 1629 1738 1698 μέτρον
1791 1633 1883 1686 τῆς

285 1710 544 1781 χάριτος’
597 1711 728 1774 ξένοι
764 1717 864 1786 γάρ
915 1720 1016 1767 εἱσι
1067 1723 1156 1767 τοῦ
1209 1715 1391 1776 αἰῶνος
1440 1717 1652 1771 τούτου.
1704 1714 1762 1766 Ἠ
1825 1709 1882 1766 δὲ

286 1798 438 1859 πόλις
477 1799 644 1851 αὐτῶν
693 1807 780 1854 καὶ
838 1805 866 1861 ἡ
933 1803 1229 1865 ἀνάπαυσις
1278 1804 1404 1862 ἄλλη
1452 1803 1592 1856 ἐστίν
1622 1823 1632 1835 ·

1917 1777 1955 1829 Β

1695 1823 1884 1874 εχουσι

284 1888 386 1960 γὰρ
437 1889 484 1938 οἱ
538 1897 847 1963 Χριστιανοὶ
895 1897 988 1951 τὴν
1054 1894 1385 1966 παράκλησιν
1435 1900 1525 1944 τοῦ
1569 1895 1884 1963 Πνεύματος,

288 1972 517 2050 δάκρυα,
571 1983 662 2042 καὶ
714 1983 915 2047 πένθος,
973 1988 1062 2035 καὶ
1120 1986 1425 2055 στεναγμόν,
1488 1988 1577 2035 καὶ
1632 1983 1765 2034 αύτά
1822 1985 1887 2035 τά

291 2060 499 2137 δάκρυα
555 2074 721 2141 τρυφὴ
787 2071 959 2132 αὐτοῖς
1018 2070 1178 2126 ἐστιν.
1243 2071 1474 2143 Ἔχουσι
1505 2069 1564 2124 δὲ
1610 2077 1699 2123 καὶ
1731 2071 1884 2143 φόϐον

287 2152 335 2204 ἓν
379 2162 530 2230 χαρᾷ
576 2163 664 2210 καὶ
718 2158 1022 2231 ἀγαλλιάσει
1057 2179 1069 2191 ·

291 2244 483 2317 θρωποι
535 2243 888 2318 βαστάζοντες
947 2250 1017 2311 εἰς
1066 2252 1154 2310 τὰς
1209 2258 1393 2322 χεῖρας
1443 2253 1610 2302 αὐτῶν
1650 2255 1706 2302 τό
1754 2251 1885 2322 αἷμα

288 2332 477 2402 αὐτῶν,
537 2340 608 2407 μὴ
665 2336 967 2412 θαρροῦντες
1018 2339 1235 2406 ἑαυτοῖς,
1287 2344 1316 2398 ἧ
1359 2340 1584 2412 οἰόμενοί
1631 2360 1682 2392 τι
1730 2338 1880 2405 εἶναι,

288 2420 395 2473 ἀλλ’
477 2427 616 2486 ὄντες
683 2424 1099 2500 ἐξουδενούμενοι
1178 2434 1267 2482 καὶ
1335 2426 1882 2502 ἀποδεδοκιμασμένοι

286 2512 430 2583 παρά
449 2513 647 2576 πάντας
672 2514 994 2590 ἀνθρώπους.

361 2635 480 2692 KZ'.
557 2637 754 2713 Ὥσπερ
827 2640 910 2693 ἐὰν
1078 2643 1343 2716 βασιλεὺς,
1390 2650 1478 2698 καὶ
1526 2653 1725 2716 πτωχῷ
1782 2664 1884 2696 τινι

286 2728 589 2796 παράθηται
641 2732 724 2780 τὸν
777 2729 960 2783 ἑαυτοῦ
1012 2734 1298 2807 θησαυρὸν,
1349 2736 1374 2785 6
1433 2734 1742 2809 παραλαϐὼν
1793 2758 1882 2808 φυ-

289 2811 461 2877 λάξαι,
494 2815 588 2868 ούκ
633 2820 745 2890 ἔχει
798 2819 955 2871 αὐτόν
1007 2824 1070 2882 ὡς
1121 2819 1279 2888 ἴδιον,
1327 2821 1432 2874 ἀλλ’
1484 2824 1723 2895 ὁμολογεῖ
1754 2828 1882 2878 πάν-

287 2921 402 2955 τοτε
454 2909 547 2962 τὴν
597 2913 866 2978 πτωχείαν
920 2910 1100 2975 αὐτοῦ,
1143 2917 1215 2983 μη
1258 2911 1457 2983 τολμῶν
1498 2910 1884 2990 διασκορπίσαι

291 2994 345 3041 ἐκ
398 3000 488 3043 τοῦ
525 2993 795 3068 ἀλλοτρίου
860 2999 1166 3073 θησαυροῦ·
1236 3009 1388 3052 τοῦτο
1434 3004 1536 3074 γὰρ
1591 3003 1885 3076 ἐνθυμεῖται

290 3079 528 3143 πάντοτε,
578 3085 641 3143 ὡς
680 3084 737 3135 ού
793 3090 946 3157 μόνον
1003 3085 1271 3161 ἀλλότριός
1321 3089 1459 3141 ἐστιν
1522 3092 1546 3141 ό
1601 3095 1882 3167 θησαυρός,
1918 3128 1958 3184 C

302 3163 406 3184 *κοίη
536 3173 545 3184 .
591 3169 618 3184 Α
721 3172 736 3184 ι
785 3177 794 3184 .
875 3171 896 3184 ι
984 3176 996 3184 ι
1304 3180 1337 3184 γ-
1415 3182 1422 3184 -
1633 3179 1644 3184 -
1696 3183 1700 3184 ν

291 3165 419 3218 ἀλλά
466 3173 554 3220 καὶ
585 3169 833 3241 βασιλεὺς
864 3171 1132 3237 δυνάστης
1182 3180 1429 3250 παρίθετό
1453 3198 1541 3250 μοι
1584 3165 1883 3246 αύτόνβιαὶ

290 3254 410 3306 ὃταν
467 3257 581 3327 θέλῃ
632 3258 880 3331 λαμϐάνει
930 3262 1086 3314 αὐτὸν
1135 3264 1222 3317 ἀπ’
1271 3267 1395 3338 ἐμοῦ
1433 3285 1442 3295 ·
1477 3267 1640 3328 οὕτως
1671 3268 1885 3333 ἑαυτοὺς

289 3343 582 3415 ὀφείλουσιν
632 3349 878 3418 ἡγεῖσθαι
943 3356 1032 3404 καὶ
1089 3356 1136 3405 οἱ
1194 3357 1393 3425 ἔχοντες
1447 3361 1540 3414 τὴν
1587 3360 1749 3431 χάριν
1793 3367 1884 3412 τοῦ

289 3440 443 3498 Θεοῦ,
532 3446 939 3510 ταπεινοφρονεῖν
995 3446 1082 3494 καὶ
1144 3443 1406 3515 ὁμολογεῖν
1472 3451 1564 3505 τὴν
1617 3454 1884 3519 πτωχείαν

287 3523 475 3578 αὐτῶν.
509 3524 706 3599 Ὠσπερ
765 3530 861 3602 γὰρ
901 3531 924 3579 ό
977 3535 1188 3602 πτωχὸς
1245 3535 1270 3584 ό
1309 3533 1474 3586 λαϐὼν
1524 3541 1610 3593 τὴν
1641 3541 1885 3609 παραθὴ-

283 3630 380 3668 κην
419 3621 508 3664 τοῦ
537 3615 804 3690 θησαυροῦ
838 3621 982 3690 παρά
1029 3628 1119 3671 τοῦ
1175 3620 1454 3693 βασιλέως,
1490 3623 1573 3676 ἐὰν
1627 3630 1885 3690 πεποιθὼς

283 3700 368 3752 ἐπὶ
399 3708 470 3770 τῷ
529 3701 778 3776 ἀλλοτρίῳ
845 3708 1112 3780 θησαυρῷ,
1155 3712 1218 3770 ὡς
1279 3709 1398 3783 ἰδίῳ
1429 3713 1632 3786 πλούτῳ
1661 3715 1884 3789 ἐπαρθῇ,

282 3794 371 3842 καὶ
420 3794 575 3863 τύφον
627 3793 756 3868 λάϐῃ
815 3797 843 3853 ἡ
895 3794 1094 3870 καρδία
1158 3799 1339 3868 αὐτοῦ,
1405 3806 1539 3876 αἰρει
1597 3806 1684 3856 ἀπ’
1725 3776 1884 3860 αύτόῦ

283 3897 308 3928 o
337 3876 588 3950 βασιλεὺς
617 3885 699 3934 τὸν
741 3885 1004 3958 θησαυρόν
1057 3887 1240 3956 αὐτοῦ,
1272 3895 1360 3942 καὶ
1390 3895 1527 3962 μένει
1575 3895 1599 3944 ό
1640 3893 1885 3966 ἐσχηκὼς

285 3967 439 4020 αύτόν
478 3971 526 4020 ἓν
587 3975 1027 4048 παρακαταθήκη,
1070 3973 1176 4039 οἶος
1234 3975 1292 4036 ἦν
1359 3984 1458 4053 πρὸ
1512 3985 1697 4034 τούτου
1759 4005 1888 4036 πτωο

283 4061 380 4127 χός
412 4072 425 4086 ’
457 4058 620 4122 οὕτως
650 4065 738 4113 καὶ
778 4063 826 4113 οἱ
877 4066 1083 4135 ἔχοντες
1125 4071 1218 4125 τὴν
1258 4071 1436 4142 χάριν,
1497 4069 1579 4121 ἐὰν
1619 4074 1888 4145 ἑπαρθῶσι

290 4149 376 4196 καὶ
420 4149 577 4218 τῦφον
623 4149 851 4203 λάϐωσιν
904 4155 958 4203 αἰ
1013 4152 1234 4228 κάρδιαι
1263 4157 1451 4223 αὐτῶν,
1506 4163 1641 4231 αἶρει
1671 4159 1760 4212 ἀπ’
1787 4163 1886 4214 αύ-

283 4242 383 4285 τῷν
414 4236 440 4286 6
486 4237 680 4310 Κύριος
723 4244 815 4298 τὴν
845 4242 1006 4315 χάριν
1047 4243 1227 4310 αὐτοῦ,
1266 4250 1354 4297 καὶ
1392 4251 1606 4318 μένουσι
1637 4257 1882 4323 τοιοῦτοι,

289 4324 384 4376 οἷοι
438 4321 572 4383 ἦσαν
616 4332 716 4401 πρὸ
761 4337 852 4381 τοῦ
903 4329 1073 4384 λαϐεῖν
1132 4337 1218 4391 τὴν
1253 4336 1414 4408 χάριν
1464 4339 1609 4411 παρὰ
1664 4346 1756 4390 τοῦ
1789 4321 1888 4392 Κυζ-

292 4431 428 4486 ριου.

1126 2166 1216 2213 καὶ
1281 2162 1444 2224 οὕτως
1500 2161 1629 2214 εἰσὶν
1675 2164 1736 2222 ὡς
1793 2163 1885 2213 ἄν-

362 4540 487 4593 KH'.
540 4541 696 4595 Ἀλλά
755 4544 929 4598 πολλοὶ
981 4551 1154 4600 καίτοι
1205 4552 1464 4611 συνούσης
1512 4558 1606 4613 τῆς
1646 4554 1885 4626 χάριτος,

287 4628 617 4702 κλεπτόμενοι
669 4635 767 4685 ὑπὸ
808 4644 902 4696 τῆς
950 4635 1204 4710 ἁμαρτίας
1257 4639 1350 4690 οὐκ
1401 4637 1632 4694 οἴδασιν.
1685 4641 1883 4718 Ὠσπερ

295 4716 378 4766 ἐὰν
472 4725 688 4794 νεωτέρα
715 4721 762 4773 ἐν
794 4728 917 4795 οἴκῳ
947 4732 1070 4793 τινὶ,
1115 4729 1302 4800 ὁμοίως
1353 4735 1442 4782 καὶ
1481 4737 1722 4804 νεώτερος
1755 4751 1767 4762 ⁶
1797 4716 1885 4786 καὶ

287 4804 465 4856 λοιπόν
517 4807 888 4882 κολακευομένη
930 4815 1018 4866 ὑπ’
1047 4815 1240 4869 ἐκείνου
1272 4818 1401 4877 αύτὴ
1437 4823 1693 4878 συνθῆται
1724 4821 1882 4893 αύτῷ,

286 4901 568 4967 μοιχᾶται,
602 4902 691 4949 καὶ
723 4897 1011 4965 ἀπόϐλητος
1055 4911 1255 4975 γίνεται
1289 4925 1300 4938 ·
1363 4909 1496 4961 οὕτω
1535 4912 1676 4962 καὶὸ
1719 4907 1887 4972 δεινὸς

289 4987 402 5055 ὄφις
443 4993 538 5044 τῆς
568 4985 824 5060 ἁμαρτίας
871 4992 1081 5044 σύνεστι
1128 5003 1188 5066 τῇ
1244 4995 1398 5069 ψυχῇ
1431 5001 1767 5074 γαργαρίζων
1797 5007 1886 5054 καὶ

285 5077 690 5146 προτρεπόμενος
721 5096 733 5108 ο
797 5081 885 5129 καὶ
943 5077 1024 5130 ἐὰν
1067 5085 1342 5153 συνθῆται,
1401 5095 1630 5139 κοινωνεῖ
1669 5090 1698 5146 ἠ
1751 5087 1887 5140 ἀσώ-

283 5181 449 5233 ματος
495 5162 651 5235 ψυχὴ
688 5172 749 5237 τῇ
785 5164 1048 5239 ἀσωμάτῳ
1078 5176 1241 5242 κακίᾳ
1272 5182 1364 5226 τοῦ
1394 5179 1699 5247 πνεύματος,
1733 5197 1886 5230 τουτ-

285 5254 418 5318 ἐστι,
451 5261 652 5325 πνεῦμα
690 5257 946 5327 πνεύματι
984 5267 1235 5325 κοινωνεῖ,
1285 5267 1374 5314 καὶ
1430 5268 1671 5336 μοιχεύει
1725 5266 1772 5317 ἐν
1822 5274 1881 5338 τῇ

283 5337 480 5415 καρδίᾳ
510 5343 670 5395 αὐτοῦ
729 5347 754 5395 6
795 5349 1152 5419 συντιθέμενος
1182 5355 1268 5402 καὶ
1321 5351 1744 5426 καταδεχόμενος
1799 5337 1885 5407 τόν

283 5429 535 5501 λογισμὸν
565 5440 656 5484 τοῦ
686 5442 935 5509 πονηροῦ.
969 5439 1038 5488 Τὸ
1078 5433 1165 5488 οὖν
1193 5442 1377 5513 μέτρον
1425 5449 1516 5493 τοῦ
1561 5442 1754 5513 ἀγῶνός
1790 5463 1884 5496 σου

283 5524 436 5572 τοῦτό
467 5523 626 5590 εστιν,
672 5523 754 5575 ἵνα
804 5529 873 5596 μὴ
925 5529 1222 5600 μοιχεύσῃς
1253 5527 1301 5580 ἐν
1331 5536 1435 5589 τοῖς
1465 5529 1736 5603 λογισμοῖς
1777 5532 1882 5584 ἀλλ’

286 5611 367 5660 ἵνα
391 5608 641 5683 ἀντιστῇς
677 5619 747 5683 τῷ
798 5621 885 5685 νῷ,
920 5620 1009 5667 καὶ
1068 5618 1254 5670 ἔσωθεν
1290 5623 1517 5691 ποιήσῃς
1545 5620 1763 5692 πόλεμον
1794 5626 1884 5674 καὶ

286 5699 481 5769 ἀγῶνα,
509 5704 694 5774 καὶμὴ
749 5703 1076 5778 ύπακούσης,
1116 5703 1256 5779 μηδὲ
1311 5705 1639 5781 συνηδυνθῇς
1687 5717 1747 5783 τῇ
1787 5730 1883 5763 κα-

1992 515 2580 570 incumbuntanimo.
2601 520 2884 586 Acpravaa
2911 515 3298 584 cogitationes
3317 514 3638 586 permistae,

1991 604 2240 658 omnino
2269 602 2439 658 facta:
2474 609 2610 658 sunt
2645 603 2801 658 velut
2832 604 2959 674 ejus
2986 604 3264 674 propriae,
3301 619 3408 658 nec
3443 608 3641 656 tamen

1993 691 2112 746 ulla
2161 693 2346 763 ipsius
2378 694 2619 764 propria
2650 699 2753 757 est,
2790 692 2928 763 quia
2969 692 3355 763 possidentur
3399 708 3433 747 a
3463 690 3641 746 vitiis.

2067 821 2240 876 XXVI.
2293 820 2481 876 Debes
2513 821 2688 890 igitur
2725 837 2990 892 quaerere
3019 819 3346 884 lucernam,
3397 835 3518 892 qua
3548 835 3642 874 ac-

1992 925 2170 965 censa
2199 911 2459 981 reperias
2491 925 2672 981 puras
2705 909 3115 978 cogitationes.
3160 908 3274 962 lllre
3315 908 3475 962 enim
3506 911 3645 963 sunt

1991 999 2314 1064 naturales,
2343 1015 2497 1070 quas
2528 999 2662 1053 fecit
2692 999 2975 1053 Dominus
3004 1015 3016 1061 ;
3046 1013 3180 1069 quae
3213 996 3458 1068 quidem
3496 1011 3642 1050 enu-

1993 1089 2140 1144 tritae
2171 1089 2230 1143 in
2276 1089 2425 1143 mari
2456 1088 2790 1143 didicerunt
2836 1092 3041 1142 natare
3089 1103 3099 1140 :
3145 1102 3272 1149 nec,
3321 1085 3367 1138 si
3395 1083 3640 1155 quando

1993 1177 2426 1232 assurrexerint
2465 1181 2848 1248 tempestates
2891 1192 2960 1231 ac
3000 1175 3237 1239 ﬂuctus,
3271 1177 3640 1243 stupescunt.

1996 1267 2206 1337 Sicque
2225 1273 2360 1321 sunt
2382 1266 2718 1322 Christiani.
2749 1265 2918 1320 Velut
2935 1281 3101 1319 mens
3120 1263 3286 1334 pueri
3307 1261 3481 1325 trimi,
3507 1277 3642 1333 quae

1993 1371 2115 1410 non
2165 1360 2355 1426 potest
2409 1356 2644 1425 assequi
2690 1360 2793 1409 aut
2836 1353 3341 1424 comprehendere
3384 1355 3644 1405 mentem

1995 1444 2234 1516 perfecti
2291 1445 2597 1516 sophistae,
2639 1444 2783 1515 quia
2834 1443 3156 1498 interﬂuxit
3209 1441 3463 1496 multum
3505 1444 3647 1494 tem-

1995 1535 2175 1605 poris,
2219 1535 2302 1588 sic
2351 1551 2593 1606 quoque
2646 1534 2954 1589 Christiani
2989 1531 3233 1603 perinde
3275 1547 3342 1586 ac
3389 1529 3645 1584 infantes

1997 1625 2294 1678 mundum
2317 1623 2670 1693 despiciunt.
2697 1624 2991 1677 intuentes
3009 1622 3261 1690 gradum
3291 1620 3513 1688 gratiae.
3538 1620 3645 1672 Ho-

1997 1713 2176 1783 spites
2207 1713 2366 1766 enim
2398 1718 2534 1766 sunt
2567 1712 2744 1782 hujus
2776 1711 2995 1765 saeculi.
3032 1710 3246 1765 Civitas
3277 1712 3476 1762 autem
3510 1706 3641 1761 illo-

1996 1816 2130 1855 rum
2161 1809 2216 1855 et
2263 1800 2496 1870 requies
2545 1805 2634 1854 est
2681 1800 2816 1853 alia.
2867 1797 3091 1853 Habent
3121 1798 3278 1852 enim
3329 1795 3646 1850 Christiani

1996 1889 2465 1944 consolationem
2499 1888 2772 1958 Spiritus,
2792 1888 3112 1958 lacrymas,
3140 1885 3365 1940 luctum
3393 1889 3447 1938 et
3474 1883 3645 1954 plan-

1996 1985 2156 2033 ctum
2193 1999 2204 2033 :
2236 1983 2290 2033 et
2315 1979 2458 2049 ipsae
2488 1977 2771 2048 lacrymae
2804 1982 2944 2032 sunt
2969 1976 3077 2030 illis
3111 1976 3235 2028 vice
3267 1974 3641 2028 deliciarum.

1996 2068 2480 2139 Habentquoque
2505 2073 2728 2121 metum
2752 2082 2887 2120 cum
2913 2065 3133 2135 gaudio
3152 2070 3206 2118 et
3223 2062 3640 2118 exsultatione:

1994 2157 2197 2228 sicque
2249 2155 2572 2210 suntvelut
2600 2154 2878 2209 homines
2925 2157 3224 2223 gestantes
3265 2153 3322 2205 in
3367 2149 3644 2205 manibus

1994 2247 2350 2316 sanguinem
2365 2259 2692 2308 suum,non
2710 2244 2951 2297 nimium
2967 2243 3078 2296 sibi
3094 2242 3237 2313 ipsis
3251 2239 3643 2302 confidentes,

1994 2341 2095 2391 aut
2121 2335 2529 2390 existimantes
2556 2348 2616 2387 se
2647 2332 2872 2405 aliquid
2899 2347 3048 2395 esse,
3078 2331 3179 2384 sed
3204 2334 3342 2383 sunt
3370 2327 3642 2397 neglecti,

1993 2425 2318 2496 contempti
2347 2440 2415 2479 ac
2442 2421 2742 2494 reprobati
2775 2421 2937 2492 apud
2977 2435 3187 2475 omnes
3224 2417 3528 2474 homines.

2070 2657 2266 2712 XXVII.
2283 2657 2402 2726 60
2417 2654 2943 2720 Quemadmodum
2963 2653 3011 2707 si
3027 2668 3121 2707 rex
3137 2650 3300 2722 apud
3314 2663 3646 2720 pauperem

1996 2745 2324 2816 quemdam
2346 2746 2808 2814 deponatsuum
2829 2743 3197 2804 thesaurum,
3226 2739 3387 2811 isqui
3417 2738 3649 2808 accepit

1995 2836 2074 2891 ad
2104 2833 2582 2897 custodiendum,
2618 2848 2736 2886 non
2772 2836 3008 2901 reputat
3032 2830 3200 2884 illum
3235 2833 3296 2882 ut
3323 2825 3649 2891 suum,sed

1995 2925 2218 2995 ubique
2232 2922 2442 2977 fatetur
2459 2925 2871 2992 paupertatem
2899 2935 3094 2983 suam,
3113 2933 3233 2972 non
3247 2917 3479 2971 audens
3500 2915 3646 2970 dila-

1994 3013 2200 3084 pidare
2227 3009 2454 3081 aliquid
2482 3025 2552 3063 ex
2579 3009 2773 3063 alieno
2802 3008 3082 3062 thesauro
3118 3025 3130 3062 :
3169 3006 3282 3060 hoc
3324 3019 3560 3074 semper
3586 3004 3646 3057 in

1995 3099 2198 3154 animo
2221 3111 2485 3163 versans,
2501 3110 2616 3150 non
2631 3111 2758 3149 esse
2772 3093 2966 3148 solum
2995 3092 3257 3147 alienum
3274 3091 3644 3153 thesaurum,

1995 3187 2100 3242 sed
2131 3186 2310 3241 etiam
2337 3199 2535 3253 regem
2571 3183 2764 3238 virum
2794 3198 3047 3236 summa;
3079 3181 3355 3252 potentiae
3381 3193 3518 3234 eum
3546 3177 3649 3232 de-

1995 3275 2270 3347 posuisse
2301 3273 2464 3344 apud
2489 3288 2567 3338 se,
2594 3287 2684 3337 ac,
2713 3270 2960 3343 quando
2977 3270 3027 3324 ei
3060 3271 3254 3323 visum
3287 3268 3378 3332 sit,
3413 3284 3447 3321 a
3479 3282 3539 3321 se
3560 3281 3649 3320 re-

1997 3378 2240 3436 poscere
2270 3381 2282 3418 :
2316 3362 2561 3418 eosdem
2591 3360 2810 3416 debent
2849 3376 2908 3415 se
2940 3363 3230 3431 reputare,
3258 3358 3360 3429 qui
3394 3357 3645 3426 gratiam

1995 3454 2262 3508 divinam
2305 3451 2608 3507 consecuti
2643 3455 2803 3516 sunt,
2831 3449 3094 3504 demisse
3139 3464 3207 3503 ac
3237 3446 3540 3502 humiliter
3569 3445 3646 3500 de

1997 3559 2058 3599 se
2107 3543 2342 3606 sentire,
2394 3557 2464 3596 ac
2518 3539 2781 3596 confiteri
2822 3541 3088 3609 inopiam
3149 3553 3347 3592 suam.
3400 3535 3647 3590 Perinde

1996 3632 2153 3688 enim
2173 3647 2243 3686 ac
2256 3633 2302 3686 si
2321 3630 2686 3702 pauper,qui
2715 3629 3062 3684 thesaurum
3088 3643 3122 3681 a
3145 3643 3280 3696 rege
3305 3625 3644 3696 depositum

1997 3721 2244 3792 accepit,
2277 3720 2470 3776 alieno
2521 3719 2802 3774 thesauro
2854 3717 3032 3772 fretus
3062 3715 3224 3771 velut
3265 3715 3388 3770 suis
3429 3713 3647 3784 opibus

1996 3811 2294 3876 efferatur,
2320 3826 2389 3865 ac
2408 3825 2510 3864 cor
2531 3809 2658 3878 ejus
2681 3809 2830 3863 altos
2850 3811 3051 3862 sumat
3080 3806 3338 3876 spiritus.
3357 3803 3545 3858 aufert
3569 3803 3646 3856 ab

1997 3916 2068 3955 eo
2099 3915 2199 3954 rex
2229 3899 2571 3953 thesaurum
2606 3913 2805 3961 suum,
2836 3911 2905 3950 ac
2931 3900 3238 3966 permanet
3276 3893 3387 3957 ille,
3417 3892 3520 3963 qui
3543 3891 3645 3945 de-

1997 3987 2176 4058 positi
2203 3987 2332 4041 loco
2359 4003 2497 4041 eum
2537 3990 2865 4056 acceperat,
2902 3982 3096 4054 qualis
3124 3987 3245 4036 erat
3273 3987 3468 4044 antea,
3501 3996 3646 4049 pau-

1999 4092 2104 4146 per
2135 4093 2144 4128 :
2176 4075 2653 4146 sicquoque,qui
2684 4073 2935 4142 gratiam
2961 4072 3260 4126 consecuti
3294 4073 3450 4132 sunt,
3480 4069 3527 4122 si
3551 4083 3646 4122 ex-

2001 4164 2302 4231 tollantur,
2334 4180 2402 4218 ac
2442 4163 2786 4234 superbiam
2819 4161 3159 4231 concipiant
3197 4174 3404 4213 eorum
3441 4155 3644 4217 corda,

1998 4253 2185 4308 aufert
2206 4251 2282 4308 ab
2305 4251 2416 4307 illis
2445 4252 2731 4307 Dominus
2753 4250 3009 4320 gratiam
3033 4264 3229 4311 suam,
3257 4251 3311 4301 et
3334 4249 3648 4301 remanent

1998 4342 2164 4406 tales,
2224 4341 2432 4413 quales
2479 4345 2649 4395 erant
2689 4339 3040 4411 priusquam
3099 4336 3397 4392 consecuti
3450 4338 3649 4390 essent

1997 4432 2249 4502 gratiam
2282 4446 2318 4486 a
2354 4429 2622 4484 Domino.

2068 4557 2293 4612 XXVlll.
2329 4556 2545 4610 Verum
2579 4554 2766 4622 multi,
2823 4569 2883 4608 se
2932 4554 3024 4608 vel
3072 4552 3440 4607 inhabitante
3489 4551 3547 4604 in
3581 4565 3646 4603 se

1997 4647 2249 4715 gratia,a
2263 4648 2507 4717 peccato
2522 4644 2675 4698 clam
2691 4643 2920 4713 subripi
2936 4659 3054 4697 non
3071 4640 3646 4713 percipiunt.Quem-

1998 4735 2328 4791 admodum
2376 4735 2424 4788 si
2457 4735 2528 4789 sit
2568 4735 2625 4788 in
2666 4733 2848 4788 domo
2887 4732 3091 4803 aliqua
3121 4730 3401 4802 quaedam
3429 4730 3646 4798 juven-

1996 4824 2149 4894 cula,
2188 4823 2453 4879 similiter
2503 4829 2554 4878 et
2588 4822 2973 4887 adolescens;
3027 4827 3305 4876 caeterum
3336 4820 3465 4874 haec
3515 4832 3648 4872 ver-

1999 4913 2208 4967 borum
2238 4913 2529 4968 illecebris
2568 4912 2644 4967 ab
2671 4928 2741 4967 eo
2771 4912 3022 4976 devicta,
3064 4910 3142 4966 illi
3176 4909 3488 4971 consentit,
3525 4915 3651 4962 stu-

1996 5017 2173 5072 prum
2195 5001 2526 5065 committit,
2560 5017 2650 5066 ac,
2682 5017 2817 5072 quas
2849 4999 3193 5071 expellatur,
3238 5003 3495 5054 meretur
3526 5014 3538 5052 :
3565 4995 3647 5053 sic

1999 5090 2270 5146 terribilis
2299 5089 2389 5144 ille
2415 5105 2659 5159 serpens
2673 5089 3202 5160 peccatiperpetuo
3217 5089 3384 5144 adest
3405 5089 3645 5144 animae.

1996 5195 2129 5234 eam
2180 5178 2445 5233 alliciens
2493 5193 2562 5232 ac
2611 5194 2968 5248 provocans,
3001 5195 3136 5250 qute
3190 5178 3238 5232 si
3270 5177 3644 5249 astipuletur,

1997 5268 2402 5322 communicat
2433 5268 2636 5321 anima
2668 5267 3021 5338 incorporea
3060 5283 3198 5321 cum
3242 5267 3377 5322 vitio
3409 5266 3649 5338 spiritus

1995 5359 2368 5427 incorporeo,
2392 5355 2503 5410 hoc
2526 5361 2630 5419 est,
2656 5355 2896 5426 spiritus
2914 5372 3050 5411 cum
3075 5356 3283 5426 spiritu
3309 5355 3648 5411 societatem

1996 5446 2120 5510 init,
2153 5449 2208 5500 et
2254 5444 2611 5500 adulterium
2660 5445 2972 5500 committit
3001 5446 3063 5500 in
3095 5445 3270 5500 corde
3303 5461 3410 5498 suo
3443 5445 3510 5506 is,
3543 5443 3648 5512 qui

1995 5533 2272 5590 societate
2332 5533 2478 5589 inita
2536 5534 2743 5606 recipit
2801 5535 3219 5604 cogitationem
3269 5530 3645 5602 nequissimi.

1995 5621 2199 5678 Modus
2229 5637 2369 5692 ergo
2400 5623 2739 5678 certaminis
2771 5625 2851 5677 tui
2882 5623 2978 5677 hic
3028 5627 3132 5687 est,
3173 5637 3245 5675 ne
3285 5619 3646 5675 adulterium

1993 5710 2336 5768 committas
2364 5711 2423 5767 in
2455 5711 2915 5781 cogitationibus
2939 5711 3070 5772 tuis,
3101 5709 3207 5763 sed
3237 5713 3295 5762 ut
3322 5707 3644 5772 relucteris,
