4148 6262
489 308 592 364 595

1779 296 1841 357 S.
1881 294 2185 353 MACAHII
2222 294 2531 353 )EGYPTII

3743 293 3847 349 596

488 458 546 511 et
574 453 877 509 internum
902 449 1125 507 bellum
1153 465 1223 506 ac
1244 463 1514 520 pugnam
1537 445 1851 517 suscipias.
1880 459 1990 500 nec
2012 459 2136 499 mo-

2272 445 2339 510 ιίᾳ
2390 440 2438 493 ἐν
2472 447 2581 501 τοῖς
2625 439 2896 510 λογισμοις
2925 454 2937 467 ·
2996 439 3087 489 καὶ
3142 435 3226 489 ἐὰν
3284 435 3479 493 ταύτην
3508 438 3603 493 τὴν
3643 432 3848 507 ἑτοιμα-

490 557 618 598 rem
650 556 846 611 geras,
880 554 1030 595 neve
1059 536 1362 593 delecteris
1394 552 1429 591 a
1458 534 1726 606 nequitia
1751 532 1809 588 in
1836 532 2141 604 cogitatio-

492 630 688 686 nibus.
724 631 915 695 Quam
949 627 1130 683 animi
1184 623 1719 697 promptitudinem
1759 622 1808 676 si
1849 621 2138 676 Dominus

495 720 555 775 in
588 724 642 775 te
672 717 1098 789 deprehendat,
1132 716 1190 770 in
1225 712 1563 770 novissimo
1592 711 1687 766 die
1716 710 1960 782 recipiet
1988 714 2042 766 te
2081 709 2142 764 in

491 823 744 878 regnum
776 806 1084 863 caelorum.

567 934 735 988 XXIX.
776 932 923 987 Sunt
959 931 1119 986 enim
1150 929 1455 1001 quaedam,
1486 943 1621 1000 qua:
1661 926 1743 981 ita
1796 924 2143 981 moderatur

496 1022 806 1087 Dominus,
834 1037 907 1076 ne
933 1018 1163 1075 nullum
1183 1017 1591 1073 testimonium
1620 1014 1824 1087 gratiae
1848 1013 2066 1069 divinae
2087 1016 2144 1067 et

492 1110 822 1169 vocationis
852 1125 974 1164 suae
1006 1107 1252 1163 ediderit
1282 1124 1293 1160 :
1327 1110 1465 1161 sunt
1493 1106 1630 1160 item
1660 1108 1716 1159 et
1744 1102 1879 1168 alia,
1908 1101 2143 1174 quesita

492 1197 892 1273 permittendo
959 1196 1337 1253 administrat
1388 1195 1559 1263 Deus,
1616 1197 1678 1249 ut
1740 1192 2026 1265 probetur
2086 1194 2144 1244 et

494 1293 837 1347 exerceatur
874 1287 1075 1350 homo,
1120 1301 1189 1339 ac
1228 1284 1471 1356 pateﬁat
1517 1283 1770 1339 liberum
1823 1279 2142 1336 voluntatis

493 1379 777 1434 humanm
815 1374 1147 1431 arbitrium.
1182 1371 1614 1429 Afﬂictionibus
1648 1371 1807 1427 enim
1848 1385 1919 1425 ac
1952 1373 2140 1424 tenta-

496 1466 757 1526 tionibus
811 1462 1105 1536 oppressi,
1163 1462 1209 1517 si
1249 1461 1656 1525 sustinuerint,
1692 1475 1813 1514 non
1861 1457 2145 1514 excidunt

497 1571 683 1627 regno
720 1553 1028 1609 caelorum.
1074 1550 1383 1606 Christiani
1416 1564 1557 1618 ergo
1587 1549 1646 1604 in
1690 1548 1870 1602 rebus
1917 1546 2143 1616 asperis

493 1644 657 1701 nullo
678 1659 789 1699 nec
818 1641 1023 1697 dolore
1052 1656 1163 1695 nec
1190 1639 1425 1694 tristitia
1456 1638 1815 1693 afﬁciuntur.
1853 1634 1909 1692 Si
1940 1634 2145 1705 inopia

494 1738 597 1790 aut
631 1729 993 1788 contumelia
1022 1728 1427 1799 explorantur,
1479 1741 1599 1782 non
1631 1724 1851 1780 debent
1889 1722 2145 1779 admira-

2253 535 2370 583 σίαν
2402 531 2522 605 εὕρῃ
2566 531 2591 581 6
2626 531 2815 602 Κύριος
2844 527 2892 579 ἐν
2926 531 3032 592 σοὶ,
3080 534 3127 578 ἐν
3184 532 3246 598 τῇ
3294 523 3499 598 ἐσχάτῃ
3540 525 3711 598 ἡμέρᾳ
3742 542 3850 576 πα-

2249 619 2567 695 ραλαμϐάνει
2590 638 2645 671 σε
2676 616 2723 670 ἐν
2740 625 2801 690 τῇ
2837 615 3091 690 βασιλείᾳ
3116 614 3296 671 αὐτοῦ.

2326 921 2456 975 ΚΘ¹.
2514 927 2643 973 Εστι
2712 922 2813 993 γὰρ
2896 938 3014 971 τινα
3092 918 3398 993 πράγματα,
3444 915 3480 968 ἆ
3524 915 3783 987 οἰκονομεῖ
3822 914 3849 966 6

2255 1014 2441 1086 Κύριος
2482 1010 2565 1063 ἵνα
2608 1014 2677 1082 μὴ
2734 1009 3031 1083 ἀμάρτυρον
3077 1006 3257 1059 ἑαυτὸν
3314 1009 3511 1079 ποιήσῃ
3570 1011 3661 1065 τῆς
3712 1005 3849 1066 θείας

2252 1104 2475 1173 χάριτος
2504 1104 2591 1151 καὶ
2619 1107 2710 1159 τῆς
2739 1096 2971 1159 κλήσεως
3015 1096 3173 1148 αὐτοῦ
3199 1111 3211 1123 ⁸
3271 1098 3361 1146 καὶ
3413 1096 3525 1146 ἔστι
3571 1094 3687 1145 τινὰ
3720 1094 3851 1166 πρά-

2252 1210 2449 1263 γματα,
2504 1188 2540 1241 ἂ
2589 1187 2751 1249 οὓτως
2810 1186 3069 1257 οἰκονομεῖ
3113 1186 3247 1237 κατά
3311 1187 3723 1255 παραχώρησιν,
3768 1182 3852 1233 ἵνα

2254 1276 2554 1351 δοκιμασθῇ
2601 1281 2692 1328 καὶ
2729 1277 3006 1349 γυμνασθῇ
3042 1274 3377 1346 ὁοῖνθρωπος,
3416 1273 3498 1323 ἵνα
3546 1267 3844 1343 ἀποδειχθῇ

2252 1371 2311 1420 τὸ
2364 1367 2697 1430 αὐτεξούσιον
2730 1372 2821 1417 τοῦ
2852 1364 3145 1438 ἀνθρώπου.
3191 1364 3256 1415 Οἱ
3284 1365 3385 1435 γὰρ
3419 1360 3467 1414 ἐν
3501 1359 3710 1431 θλίψεσι
3758 1363 3849 1412 καὶ

2252 1463 2564 1531 πειρασμοῖς
2623 1459 2778 1519 ὄντες,
2824 1452 2907 1505 ἐὰν
2965 1454 3335 1525 ὑπομείνωσιν,
3385 1450 3479 1503 οὐκ
3541 1448 3850 1522 ἀποτυγχά-

2252 1566 2402 1599 νουσι
2440 1554 2528 1605 τῆς
2573 1543 2845 1617 βασιλείας
2874 1550 2974 1595 τῶν
3014 1541 3262 1614 οὐρανῶν.
3318 1542 3384 1592 Οἱ
3425 1536 3513 1592 οὖν
3538 1542 3853 1612 Χριστιανοὶ

2254 1635 2303 1688 ἐν
2328 1643 2437 1698 τοῖς
2470 1633 2721 1706 θλιϐεροῖς
2759 1634 3064 1706 πράγμασιν
3118 1630 3213 1682 ούκ
3251 1631 3510 1702 ἄχθονται
3554 1632 3581 1687 ἧ
3638 1629 3854 1681 λυποῦν-

2255 1745 2343 1777 ται
2373 1741 2385 1754 ’
2450 1726 2533 1776 ἓάν
2606 1721 2653 1773 ἐν
2697 1724 2845 1793 πενίᾳ
2908 1724 2938 1779 ἧ
2990 1724 3295 1794 κακουρχίᾳ
3347 1717 3714 1783 ίξετασθῶσιν,
3761 1718 3857 1771 οὑκ

496 1822 656 1878 tione
679 1819 834 1875 afﬁci
859 1836 871 1885 ;
907 1819 1104 1889 potius
1138 1821 1485 1889 paupertate
1508 1814 1807 1879 delectari,
1838 1830 1907 1869 ac
1930 1828 2037 1883 pro
2058 1810 2145 1866 di-

2272 1813 2522 1887 ἰφείλουσι
2573 1811 2885 1875 ξενίζεσθαι,
2938 1808 3065 1860 ἀλλά
3128 1808 3317 1880 μᾶλλον
3365 1804 3752 1865 συνηδύνεσθαι
3790 1815 3851 1881 τῇ

498 1911 650 1966 vitiis
678 1909 922 1973 habere,
952 1908 1251 1979 jejunium
1301 1921 1409 1977 pro
1452 1904 1701 1970 deliciis,
1749 1902 2145 1972 ignominiam

496 2015 607 2072 pro
656 1997 864 2067 gloria.
900 1996 981 2051 Ex
1016 1996 1268 2051 adverso
1299 1995 1345 2049 si
1382 1993 1695 2049 inciderint
1726 1993 1784 2047 in
1813 2009 1905 2048 res
1934 1992 1991 2047 in
2035 1990 2148 2045 hac

496 2089 613 2144 vita
643 2085 983 2159 praeclaras,
1013 2101 1149 2156 qun:
1181 2100 1282 2140 eos
1308 2083 1583 2139 allectant
1616 2083 1693 2139 ad
1723 2083 1981 2155 quietem
2018 2097 2151 2135 car-

500 2176 722 2240 nalem,
764 2176 839 2231 ad
891 2174 1146 2237 divitias,
1197 2173 1273 2228 ad
1305 2172 1581 2242 gloriam,
1622 2177 1726 2227 aut
1775 2172 1853 2227 ad
1883 2171 2146 2233 delicias,

501 2266 751 2323 omnino
802 2278 925 2319 non
978 2264 1067 2319 his
1123 2262 1399 2318 delectari
1446 2261 1685 2326 debent,
1720 2262 1824 2317 sed
1874 2260 2035 2317 velut
2073 2262 2151 2317 ab

498 2356 624 2426 igni
654 2354 958 2424 aufugere.

579 2550 728 2604 XXX.
761 2546 925 2602 Idem
965 2546 1154 2601 oculis
1189 2545 1586 2616 subjiciamus
1632 2563 1642 2601 :
1676 2546 1724 2601 si
1775 2560 1921 2616 gens
1951 2546 2156 2618 aliqua

508 2637 725 2705 exigua
757 2639 1066 2691 moveatur
1092 2634 1170 2690 ad
1192 2634 1413 2689 bellum
1446 2635 1568 2707 regi
1598 2634 2000 2699 inferendum,
2034 2652 2154 2691 non

508 2725 684 2781 valde
716 2725 1000 2780 sollicitus
1027 2723 1257 2793 estipse
1288 2724 1344 2778 in
1377 2739 1448 2779 eo
1479 2723 1871 2788 conﬁciendo,
1896 2724 2001 2778 sed
2028 2723 2158 2779 mit-

508 2814 576 2871 tit
606 2814 820 2870 milites
845 2829 982 2869 cum
1005 2813 1283 2879 ducibus,
1306 2814 1407 2885 qui
1432 2812 1654 2869 bellum
1679 2818 1908 2882 gerant.
1938 2813 1991 2870 Si
2015 2828 2157 2869 vero

510 2919 656 2975 gens
679 2906 972 2959 motanon
989 2901 1061 2958 sit
1081 2903 1278 2971 exigui
1298 2903 1550 2969 numeri,
1572 2918 1708 2975 quae
1730 2918 1947 2975 nempe
1968 2904 2161 2974 possit

507 2996 768 3048 evertere
814 3006 1066 3063 regnum
1106 2991 1255 3062 ejus,
1288 2991 1519 3061 cogitur
1557 2992 1684 3063 ipse
1724 3006 1829 3047 rex
1880 3006 2018 3046 cum
2050 2990 2164 3045 do—

510 3080 775 3136 mesticis
791 3084 843 3136 et
869 3079 1127 3135 exercitu
1151 3095 1261 3135 suo
1283 3079 1343 3134 in
1364 3079 1587 3135 bellum
1610 3079 1952 3152 procedere,
1980 3085 2159 3151 atque

2260 1908 2516 1975 πτωχείᾳ,
2562 1906 2650 1953 καὶ
2708 1901 2955 1970 ἡγεῖσθαι
3014 1897 3127 1951 ἀντὶ
3165 1897 3409 1957 πλούτου,
3469 1901 3562 1954 τὴν
3613 1902 3858 1954 νηστείαν

2258 1991 2372 2045 ἀντὶ
2422 1998 2634 2063 τρυφῆς,
2689 1993 2782 2047 τὴν
2840 1986 3047 2060 ἀτιμίαν
3086 1990 3169 2038 xui
3213 1983 3428 2048 ἀδοξίαν
3470 1985 3583 2039 ἀντὶ
3642 1982 3807 2050 δοξης
3840 2006 3853 2018 ·

2259 2080 2411 2135 πάλιν
2463 2077 2543 2145 δὲ,
2616 2077 2698 2130 ἐὰν
2748 2076 3040 2150 ἐμπέσωσιν
3107 2075 3176 2136 εἰς
3231 2077 3520 2150 πράγματα
3561 2072 3745 2138 ἔνδοξα
3785 2082 3859 2145 τῷ

2263 2167 2363 2241 βίῳ
2402 2171 2589 2239 τούτῳ,
2637 2167 2763 2239 άπερ
2810 2169 3153 2239 προτρέπεται
3202 2164 3386 2225 αύτούς
3439 2164 3510 2225 εἰς
3567 2162 3863 2216 ἀνάπαυσιν

2264 2260 2539 2332 σαρκικὴν,
2583 2259 2612 2313 ἦ
2670 2254 2910 2321 πλοῦτον,
2968 2258 2997 2312 ἦ
3048 2251 3226 2320 δόξαν,
3268 2254 3298 2312 ἦ
3350 2256 3569 2327 τρυφὴν,
3601 2252 3866 2325 ὀφείλουσι

2262 2352 2333 2421 μὴ
2407 2342 2732 2404 συνήδεσθαι
2803 2347 3024 2413 τούτοις,
3105 2340 3214 2394 ἀλλ’
3282 2341 3588 2416 ἀποφεύγειν
3643 2345 3712 2405 ὡς
3762 2341 3866 2397 ἀπὸ

2263 2440 2446 2510 πυρός.

2338 2542 2418 2597 Λ’.
2453 2541 2540 2604 Εἰς
2593 2561 2650 2593 το
2700 2559 2999 2614 φαινομενον
3043 2558 3055 2572 ·
3097 2541 3207 2600 θνος
3245 2538 3329 2592 ἐὰν
3380 2539 3663 2612 ἐλάχιστον
3703 2538 3865 2593 ἔπικι-

2264 2635 2395 2705 νηθῇ
2440 2638 2513 2701 τῷ
2573 2629 2782 2703 βασιλεί
2820 2631 2949 2705 πρὸς
2994 2628 3234 2701 πόλεμον,
3289 2629 3347 2681 ού
3403 2630 3584 2701 κάμνει
3632 2628 3865 2701 πολεμῶν

2268 2721 2440 2786 αὐτὸς,
2498 2718 2604 2771 ἀλλ’
2664 2717 2965 2771 ἀποστελλει
3006 2724 3327 2791 στρατιώτας
3354 2720 3485 2789 μετὰ
3532 2725 3629 2769 τῶν
3666 2718 3869 2791 ἀρχόν-

2268 2828 2367 2861 των
2399 2808 2588 2873 αύτῶν,
2621 2812 2712 2859 καὶ
2737 2814 3008 2860 ποιοῦνται
3038 2810 3122 2859 τὸν
3178 2806 3416 2878 πόλεμον.
3478 2807 3592 2860 Ἐὰν
3633 2802 3691 2859 δὲ
3720 2810 3863 2870 ἔθνος

2271 2894 2577 2971 μέγιστονῇ
2628 2900 2687 2949 τὸ
2716 2898 3032 2963 ἓπικινηθέν,
3080 2892 3363 2969 δυνάμενον
3404 2895 3731 2968 ίμπορθῆσαι
3768 2901 3863 2954 τήν

2273 2986 2548 3061 βασιλείαν
2596 2985 2774 3052 αὐτοῦ,
2825 2985 3176 3058 ἀναγκάζεται
3216 2984 3372 3046 αὐτὸς
3420 2987 3445 3037 6
3486 2983 3731 3058 βασιλεὺς
3773 2988 3867 3037 σὺν

2270 3083 2376 3137 τοῖς
2424 3075 2471 3127 ἐν
2531 3083 2601 3147 τῷ
2663 3074 2898 3147 παλατίῳ
2943 3079 3033 3127 καὶ
3098 3082 3204 3136 τοῖς
3276 3070 3653 3148 στρατοπέδοις
3707 3073 3871 3127 αὐτοῦ

509 3170 769 3227 collectis
819 3168 1008 3240 copiis
1057 3168 1283 3224 bellum
1327 3167 1670 3240 proﬂigare.
1727 3169 1968 3241 Respice
2018 3183 2159 3240 ergo

2274 3164 2507 3218 ἀπελθεῖν
2557 3174 2920 3238 συγκροτῆσαι
2972 3167 3058 3216 τὸν
3106 3164 3347 3237 πόλεμον.
3380 3162 3538 3218 Βλέπε
3568 3160 3655 3216 οὖν
3689 3183 3784 3216 σου
3815 3165 3872 3215 τό

510 3258 862 3329 dignitatem
896 3263 1080 3322 tuam,
1114 3273 1353 3329 nempe,
1378 3256 1566 3312 Deum
1597 3258 1992 3313 exsul-rexisse
2023 3273 2160 3311 cum

514 3363 625 3402 suo
638 3345 1683 3417 exercitu“,angelorum,inquam,et
1695 3351 2027 3401 sanctorum
2043 3346 2101 3417 θ
2114 3346 2156 3415 1

515 3435 855 3506 spirituum,
885 3440 1051 3499 utea,
1078 3450 1213 3505 quas
1235 3434 1312 3489 ad
1345 3449 1409 3488 se
1441 3441 1690 3506 spectat,
1720 3434 2015 3504 legatione
2039 3436 2165 3505 ipse

511 3522 860 3595 perfunctus
893 3524 947 3575 te
975 3521 1293 3575 redimeret
1318 3538 1353 3577 a
1378 3528 1583 3578 morte.
1619 3523 1884 3579 Obﬁrma
1914 3522 2091 3595 igitur
2112 3526 2165 3578 te

512 3612 735 3684 ipsum,
786 3626 855 3664 ac
894 3610 1109 3679 cogita,
1143 3618 1369 3682 quanta
1417 3611 1792 3681 providentia
1844 3614 1922 3666 tui
1978 3611 2167 3681 gratia

514 3700 672 3756 facta
702 3700 776 3753 sit
807 3701 820 3754 !
850 3700 1138 3753 Craterum
1168 3699 1387 3753 utimur
1409 3699 1731 3771 exemploe
1753 3701 1873 3755 vita
1900 3700 2167 3756 humana

519 3788 699 3860 petito
730 3794 1016 3860 tanquam
1048 3787 1107 3842 in
1133 3789 1254 3843 vita
1283 3788 1482 3843 adhuc
1514 3789 1883 3845 exsistentes.
1919 3790 2167 3845 Perinde

517 3894 589 3934 ac
606 3877 656 3932 si
677 3893 777 3933 rex
795 3876 1016 3932 incidat
1029 3877 1087 3932 in
1102 3877 1431 3949 quemdam
1452 3894 1803 3951 pauperem,
1824 3878 2168 3935 inﬁrmitate

519 3966 824 4032 affectum,
856 3982 963 4023 nec
990 3968 1305 4023 erubescat
1331 3968 1675 4024 salubribus
1718 3968 2168 4025 medicamentis

519 4058 649 4130 ejus
669 4073 877 4113 curare
907 4056 1171 4122 vulnera,
1195 4062 1252 4113 et
1277 4074 1414 4113 cum
1444 4059 1503 4113 in
1534 4058 1821 4128 palatium
1844 4075 2021 4114 suum
2046 4057 2171 4113 illa-

518 4152 646 4203 tum
678 4146 890 4203 induat
925 4161 1195 4218 purpura
1224 4162 1293 4202 ac
1322 4146 1682 4212 diademate,
1718 4152 1894 4219 atque
1935 4147 2172 4219 partici-

520 4251 661 4308 pem
687 4235 867 4291 faciat
900 4251 1116 4291 mensaa
1148 4251 1271 4291 suae
1305 4252 1318 4288 :
1352 4237 1436 4291 sic
1466 4236 1721 4292 cmlestis
1765 4252 1865 4292 rex
1904 4237 2170 4292 Christus

523 4323 816 4380 accedens
856 4322 932 4379 ad
972 4323 1283 4380 hominem
1315 4326 1571 4395 graviter
1610 4325 1910 4391 affectum,
1941 4325 2175 4381 sanavit

527 4429 665 4468 eum
698 4418 876 4485 atque
903 4414 1131 4469 socium
1163 4413 1297 4469 fecit
1322 4414 1498 4483 regias
1528 4431 1747 4470 mensae
1781 4431 1942 4480 suae;
1982 4420 2037 4470 et
2060 4415 2175 4470 hoc

2275 3253 2498 3327 ἀξίωμα,
2556 3255 2635 3307 ὅτι
2674 3255 2699 3306 6
2750 3257 2881 3316 Θεὸς
2926 3251 3138 3311 ἐκινήθη
3179 3255 3309 3324 μετά
3336 3260 3428 3306 τοῦ
3479 3249 3618 3305 ίδίου
3650 3272 3877 3326 στρατο-

2273 3341 2457 3407 πέδου,
2524 3351 2621 3395 τών
2676 3340 2897 3414 ἀγγέλων
2955 3341 3087 3414 λέγω
3158 3347 3249 3394 καὶ
3296 3350 3395 3393 τῶν
3452 3341 3613 3413 ἁγίων
3652 3343 3877 3414 πνευμά-

2274 3452 2393 3497 των,
2434 3432 2500 3492 εἰς
2550 3436 2642 3489 σὴν
2707 3431 2986 3505 πρεσϐείαν
3067 3427 3140 3483 δι’
3199 3430 3380 3483 ἑαυτοῦ
3433 3429 3609 3496 ἐλθὼν,
3672 3432 3756 3483 ἵνα
3819 3450 3877 3484 σε

2275 3520 2612 3596 λυτρώσηται
2664 3518 2718 3572 ἐκ
2744 3528 2832 3573 τοῦ
2882 3522 3124 3577 θανάτου.
3154 3519 3473 3593 ’Ᾱσφάλισαι
3518 3516 3606 3572 οὖν
3641 3523 3873 3585 σεαυτὸν,

2286 3615 2374 3663 καὶ
2438 3610 2709 3669 ἐννοήθητι
2751 3612 2838 3663 οἰα
2891 3614 3107 3682 πρόνοια
3155 3606 3249 3662 διὰ
3302 3612 3358 3661 σε
3404 3613 3699 3681 γεγένηται.
3731 3609 3876 3662 ’Υποο

2278 3696 2518 3771 δέίγματι
2564 3696 2623 3751 δε
2680 3697 2908 3772 βιωτικῷ
2961 3701 3241 3772 κερὴμεθα,
3296 3701 3366 3761 ὡς
3422 3698 3470 3750 ἓν
3515 3697 3635 3772 βίῳ.
3674 3698 3874 3772 ’Ὠσπερ

2277 3790 2338 3841 ἄν
2473 3786 2742 3860 βασιλεὺς,
2798 3794 2887 3841 καὶ
2945 3788 3067 3863 εὕρῃ
3148 3791 3263 3841 τινὰ
3320 3784 3491 3854 ἐνδεῆ,
3541 3792 3631 3840 καὶ
3685 3790 3879 3860 ἔχοντα

2277 3878 2443 3942 πάθη,
2503 3881 2592 3929 καὶ
2643 3882 2715 3950 μὴ
2780 3879 3113 3950 ἐπαισχυνθῇ
3185 3876 3359 3941 αύτὸν,
3423 3875 3552 3929 ἀλλά
3590 3878 3880 3950 φαρμάκοις

2283 3966 2579 4039 ἰαματικοῖς
2657 3969 2947 4041 θεραπεύσῃ
3034 3967 3193 4019 αὐτοῦ
3270 3970 3335 4019 τὰ
3415 3970 3710 4039 τραύματα,
3794 3971 3883 4019 καὶ

2282 4054 2534 4129 ἀπενέγκῃ
2581 4056 2735 4109 αὐτὸν
2810 4056 2880 4119 εἰς
2955 4059 3013 4108 τὸ
3080 4056 3265 4109 ἑαυτοῦ
3340 4055 3609 4122 παλάτιον,
3669 4061 3759 4109 καὶ
3812 4058 3884 4108 ἓν·

2285 4141 2421 4218 δύσῃ
2483 4145 2639 4197 αὐτὸν
2700 4150 2795 4203 την
2850 4142 3158 4220 πορφυρίδα
3222 4149 3311 4197 καὶ
3367 4148 3425 4197 τὸ
3476 4140 3741 4216 διάδημα,
3796 4149 3885 4197 καὶ

2283 4238 2483 4306 ποιήσῃ
2525 4234 2681 4287 αύτὸν
2721 4238 2962 4286 κοινωνὸν
3014 4242 3102 4293 τῆς
3153 4234 3417 4306 τραπέζης
3474 4237 3673 4286 αὑτοῦ·
3723 4233 3885 4293 οὓτως

2285 4326 2375 4375 καὶ
2434 4323 2460 4374 6
2505 4322 2809 4394 ἐπουρανίος
2861 4321 3110 4396 βασιλεὺς
3157 4326 3406 4396 Χριστὸς,
3443 4322 3598 4375 ἒλθὼν
3630 4326 3754 4397 πρὸς
3798 4325 3883 4375 τόν

2289 4412 2559 4483 ἄνθρωπον
2613 4414 2806 4483 ἔχνντα
2851 4414 2991 4471 πάθη
3041 4412 3251 4478 ἰάσατο,
3282 4417 3372 4465 καὶ
3405 4411 3616 4470 ἐποίησε
3647 4414 3883 4464 κοινωνὸν

526 4501 769 4575 quidem
802 4501 966 4558 nulla
1015 4503 1065 4557 vi
1096 4504 1225 4575 ejus
1254 4503 1621 4560 voluntatem
1653 4504 2040 4576 compellens,
2072 4503 2159 4558 sec'

2288 4509 2384 4562 τῆς
2443 4500 2725 4573 βασιλικῆς
2790 4501 2950 4554 αὐτοῦ
3006 4502 3269 4575 τραπέζης
3299 4516 3314 4531 ⁹
3375 4507 3466 4554 καὶ
3491 4509 3642 4555 τοῦτο
3670 4501 3730 4553 ού
3758 4500 3882 4573 βια-

529 4591 791 4650 alliciens
825 4592 884 4647 in
910 4596 1137 4649 tantam
1169 4592 1525 4663 dignitatem
1555 4610 1696 4651 eum
1733 4594 2055 4651 constituit.

597 4790 771 4846 XXXI.
811 4789 1107 4861 Scriptum
1154 4790 1315 4844 enim
1353 4793 1449 4845 est
1477 4789 1537 4845 in
1568 4789 1888 4860 Evangelio
1922 4806 1935 4844 :
1978 4790 2178 4846 Domi-

523 4891 667 4932 num
698 4876 990 4933 dimisisse
1007 4892 1204 4933 servos
1224 4878 1306 4933 ad
1333 4879 1669 4934 vocandum
1701 4894 1814 4944 eos,
1845 4878 1949 4950 qui
1975 4880 2181 4936 volunt

528 4966 749 5030 venire,
769 4965 1129 5021 denuntians
1148 4966 1296 5031 illis,
1322 4966 1658 5022 Prandium
1677 4982 1868 5023 meum
1894 4973 2177 5038 paratum

527 5058 630 5111 est.
662 5052 776 5120 Qui
804 5069 940 5110 vero
972 5055 1166 5110 vocali
1196 5063 1368 5111 erant
1396 5063 1764 5112 excusarunt
1791 5072 1869 5122 se,
1903 5057 2179 5123 dicentes,

530 5144 953 5215 allerquidem.
972 5143 1123 5208 Emi,
1144 5143 1356 5215 inquit,
1365 5147 1520 5215 juga
1535 5146 1702 5201 boum
1710 5145 2183 5215 ;alius,U.z'orem

523 5233 678 5290 duxi
702 5233 772 5290 ⁸⁵.
805 5233 977 5288 Vides
1004 5238 1285 5303 paratum
1308 5233 1488 5290 fuisse
1518 5235 1619 5305 qui
1654 5236 1903 5300 vocavit,
1936 5243 2182 5291 vocatos

528 5338 666 5379 vero
697 5322 987 5377 renuisse.
1028 5321 1297 5377 Profecto
1327 5322 1387 5377 hi
1420 5323 1511 5377 sui
1539 5323 1724 5395 ipsius
1752 5324 1830 5379 rei
1858 5323 1993 5379 facti
2021 5330 2180 5380 sunt.

528 5414 713 5469 Tanta
737 5417 829 5468 est
850 5410 1028 5484 igitur
1054 5409 1315 5480 dignitas
1338 5410 1831 5467 Christianorum.
1859 5413 2180 5485 Perpende,

530 5502 851 5559 Dominum
883 5515 1255 5573 praeparasse
1285 5498 1401 5556 illis
1442 5514 1716 5571 regnum,
1744 5507 1800 5558 et
1839 5518 2085 5559 vocasse
2116 5501 2186 5558 il-

610 5683 654 5716 ⁸³
684 5680 840 5739 Psal.
878 5694 1071 5747 xxxrv,
1102 5684 1153 5737 8.

2291 4591 2511 4661 σάμενος
2563 4594 2620 4643 τὸ
2682 4590 2878 4662 θέλημα
2910 4590 3095 4660 αὐτοῦ,
3152 4590 3279 4643 ἀ).λά
3338 4590 3746 4668 προτρεψάμενος
3793 4588 3883 4641 αύ-

2290 4681 2376 4731 τόν
2409 4679 2481 4741 εἰς
2512 4684 2605 4738 τὴν
2637 4683 2883 4739 τοιαύτην
2912 4682 3096 4739 ἵστησι
3122 4685 3297 4753 τιμὴν.

2363 4786 2491 4840 AA'.
2519 4792 2619 4840 Καὶ
2637 4790 2737 4862 γὰρ
2763 4787 2810 4840 ἓν
2832 4795 2903 4857 τῷ
2921 4787 3217 4860 Εὐαγγελίῳ
3229 4792 3543 4862 γέγραπται,
3568 4788 3648 4840 ὅτι
3674 4787 3890 4843 Ἀπέσ-

2292 4876 2463 4929 τειλε
2501 4880 2650 4939 τοὺς
2714 4877 2948 4930 ἑαυτοῦ
3017 4874 3297 4940 δούλους
3334 4879 3360 4929 6
3394 4879 3644 4950 κύριος,
3685 4875 3891 4928 καλῶν

2292 4967 2439 5027 τοὺς
2482 4965 2799 5033 θέλοντας,
2843 4963 3139 5027 δηλώσας
3178 4966 3419 5031 αὐτοῖς,
3461 4967 3560 5018 ὅτι
3598 4968 3677 5017 Τὸ
3716 4966 3897 5038 ἄρισ-

2293 5058 2396 5105 τόν
2433 5072 2553 5126 μου
2586 5056 2993 5126 ἡτοίμασται
3026 5074 3038 5088 ·
3070 5054 3257 5108 αὐτοὶ
3299 5052 3370 5108 δὲ
3408 5056 3465 5107 οἱ
3503 5052 3897 5125 κεκλημένοι

2292 5148 2757 5217 παρῃτήσαντο
2786 5143 3100 5214 λέγοντες,
3132 5146 3191 5205 ὅς
3220 5148 3348 5217 μὶν,
3376 5144 3717 5216 Ἠγόρασα,
3742 5146 3897 5216 φησὶ,

2299 5236 2493 5304 ζεύγη
2565 5230 2775 5305 βοῶν·
2830 5233 3044 5298 ἄλλος,
3115 5239 3404 5286 Γυναῖκα
3468 5233 3890 5307 ἡρμοσάμην.

2294 5323 2445 5396 Ὁρᾷς
2486 5324 2567 5375 ὅτι
2596 5324 2622 5374 6
2652 5322 2855 5395 x'miroop
2909 5324 3132 5395 ἕτοιμος,
3169 5325 3217 5375 οἱ
3249 5320 3309 5375 δε
3336 5323 3608 5382 κληθέντες
3638 5321 3900 5374 ἀντεῖπον.

2295 5413 2432 5486 Ἄρα
2460 5412 2610 5465 αὐτοὶ
2637 5412 2829 5465 ἑαυτῶν
2878 5415 3039 5466 αῖτιοι
3063 5416 3331 5484 γεγόνασι.
3384 5418 3647 5464 Τοσοῦτον
3678 5409 3766 5463 οὖν
3788 5409 3910 5463 ἔστι

2297 5505 2357 5557 τὸ
2384 5502 2590 5575 ἀξίωμα
2621 5508 2718 5555 τῶν
2760 5508 3110 5576 Χριστιανῶν.
3165 5501 3319 5556 Βλέπε
3347 5503 3424 5555 ὅτι
3468 5502 3495 5553 6
3527 5503 3717 5573 Κύριος
3759 5501 3910 5557 ἡτοί-

1235 5681 1281 5717 ⁶⁴
1315 5682 1451 5737 Luc.
1484 5694 1606 5746 xiv,
1643 5681 1802 5736 18-20
1822 5695 1837 5745 ;
1868 5678 2071 5736 Matth.
2101 5694 2243 5750 xxu,
2282 5683 2337 5735 4.
