4148 6262
278 306 384 362 597

1565 307 1900 364 HOMILI/E.
1945 339 2013 349 —
2056 308 2229 366 HOM.
2272 309 2391 367 XV.

3532 308 3638 366 598

265 452 429 506 μασεν
487 436 665 494 αὐτοῖς
716 436 810 492 τὴν
865 433 1160 508 βασιλείαν,
1211 438 1300 488 καὶ
1357 433 1501 487 καλεῖ
1530 433 1717 494 αὐτοὺς
1762 433 1858 486 εἰσ-

1979 435 2069 491 los
2089 436 2166 491 ad
2197 434 2674 505 ingrediendum,
2702 435 2864 506 ipsos
2921 449 3064 491 vero
3086 433 3374 490 noluisse.
3403 433 3482 490 De
3504 450 3635 490 mu-

266 521 443 586 ελθεῖν,
488 523 636 574 αὐτοὶ
669 519 728 575 δε
779 523 837 574 οῦ
871 524 1096 579 θέλουσι.
1133 527 1264 598 Πρός
1311 525 1370 575 τό
1395 520 1536 594 δόμα
1565 519 1652 574 οὖν
1683 522 1708 574 ὃ
1742 523 1871 594 μέλ-

263 611 416 664 λουσι
436 611 788 686 κληρονομεῖν,
816 621 967 666 τοῦτο
991 615 1133 675 οἶντις
1165 614 1326 688 ὀρθῶς
1365 616 1519 676 εἰποι,
1560 611 1616 665 Εἰ
1653 613 1868 674 ἕκαστος

267 698 353 771 ἀφ’
374 700 434 751 οὗ
460 701 673 758 ἐκτίσθη
702 702 728 752 6
749 697 944 772 Ἀδὰμ,
968 703 1060 762 έως
1092 711 1184 764 τῆς
1214 701 1500 761 συντελείας
1531 708 1621 752 τοῦ
1646 705 1866 772 κόσμου,

267 788 496 861 ἐπολέμει
553 793 682 862 πρὸς
738 794 826 842 τὸν
886 797 1136 856 Σατανᾶν,
1195 797 1286 843 καὶ
1342 793 1577 862 ὑπέμεινε
1628 792 1720 850 τὰς
1767 790 1872 841 θλί-

266 877 402 948 ψεις,
462 876 612 931 οὐδὲν
669 883 806 949 μέγα
862 884 1023 933 ἐποίει
1075 883 1205 954 πρὸς
1235 884 1328 939 τὴν
1387 875 1544 941 δόξαν
1596 878 1655 936 ἣν
1703 879 1870 951 μέλλει

267 966 620 1039 κληρονομεῖν.
683 967 1095 1039 Συμϐασιλεύσει
1167 972 1268 1041 γὰρ
1328 969 1399 1030 εἰς
1466 972 1584 1029 τοὺς
1654 966 1870 1042 ἀπεράν-

267 1075 388 1117 τους
440 1057 632 1119 αἰῶνας
689 1061 818 1128 μετὰ
875 1066 1128 1130 Χριστοῦ,
1188 1059 1321 1120 Δόξα
1371 1065 1440 1128 τῷ
1471 1058 1634 1117 οὕτως
1664 1056 1869 1128 ἀγάπη-

270 1157 420 1196 σαντι
459 1149 550 1202 τὴν
595 1148 842 1204 τοιαύτην
889 1146 1092 1217 ψυχὴν,
1129 1148 1209 1199 ὅτι
1238 1149 1390 1199 αὑτὸν
1439 1146 1593 1206 αὐτός
1641 1150 1729 1196 καὶ
1776 1150 1868 1203 τὴν

266 1235 428 1307 χάριν
456 1236 615 1286 αὐτοῦ
647 1231 828 1297 ἔδωκε,
857 1241 945 1288 καὶ
977 1235 1305 1288 ἐνεπίστευσε
1334 1243 1395 1308 τῇ
1428 1235 1609 1307 ψυχῇ.
1643 1234 1774 1296 Δόξα
1803 1241 1864 1300 τῇ

269 1322 609 1395 μεγαλωσύνη
641 1327 823 1378 αὑτοῦ.

339 1447 462 1500 AB’.
521 1449 666 1500 Κατὰ
693 1449 760 1499 τὰ
811 1453 1107 1519 φαινόμενα,
1175 1450 1480 1519 πράγματα,
1529 1444 1645 1500 ἰδοὺ
1683 1449 1868 1510 πάντες

266 1537 315 1586 οἱ
373 1535 710 1606 καθεζόμενοι
765 1532 977 1607 ἀδελφοὶ
1033 1541 1156 1607 μίαν
1214 1537 1385 1589 εἰκόνα
1440 1539 1648 1608 ἔχομεν,
1694 1543 1783 1590 καὶ
1820 1537 1868 1589 ἓν

265 1627 546 1695 πρόσωπον
586 1631 678 1675 τοῦ
731 1621 940 1696 Ἀδάμ·
1002 1619 1105 1697 ἆρα
1152 1631 1242 1676 καὶ
1291 1625 1365 1686 εἰς
1394 1628 1450 1676 τὸ
1498 1627 1746 1698 κρυπτὸν,
1778 1630 1864 1678 καὶ

266 1711 338 1772 εἰς
391 1714 456 1764 τὰ
507 1709 760 1764 ὲνδότατα
793 1715 1095 1784 πράγματα,
1160 1718 1256 1785 μία
1313 1713 1452 1765 ἐστὶν
1497 1716 1525 1771 ἠ
1565 1719 1866 1787 προαίρεσις

1982 540 2120 579 nere
2146 539 2307 594 ergo,
2333 523 2497 596 quod
2530 523 2846 578 Christiani
2870 523 3383 591 haereditariojure
3401 538 3628 593 posses-

1982 614 2101 668 suri
2132 619 2290 678 sunt,
2318 618 2469 668 recte
2499 613 2612 667 hoc
2642 612 2778 682 quis
2803 613 2999 666 dicere
3026 612 3244 681 possit:
3266 612 3320 667 Si
3353 610 3634 682 quisque,

1982 719 2052 758 ex
2077 718 2200 774 quo
2226 707 2456 758 creatus
2487 706 2572 757 est
2603 701 2813 765 Adam,
2845 717 3031 772 usque
3059 700 3132 756 ad
3167 699 3636 755 consummatio-

1981 808 2119 848 nem
2149 792 2379 859 muudi,
2411 790 2719 846 dimicaret
2748 795 2955 845 contra
2985 791 3292 852 Satanam,
3313 789 3638 844 etsustine-

1981 887 2068 937 ret
2116 879 2485 946 aﬂlictiones,
2537 879 2683 934 nihil
2745 879 2949 947 magni
3003 882 3310 949 perageret
3364 879 3637 947 respectu

1981 969 2203 1039 gloriae,
2234 985 2420 1040 quam
2447 971 2878 1024 consecuturus
2920 971 3028 1022 est.
3058 965 3346 1034 Regnabit
3388 966 3546 1021 enim
3575 966 3637 1020 in

1981 1059 2213 1113 inﬁnita
2239 1057 2457 1114 saecula
2483 1073 2604 1113 una
2635 1073 2772 1111 cum
2809 1055 3054 1111 Christo.
3081 1055 3280 1109 Gloria
3309 1055 3383 1109 sit
3404 1054 3506 1119 illi,
3532 1054 3635 1125 qui

1980 1154 2143 1205 tanto
2189 1153 2542 1217 prosecutus
2585 1152 2895 1201 estamore
2947 1144 3123 1199 talem
3158 1145 3445 1208 animam,
3477 1148 3536 1198 ut
3568 1158 3631 1196 se

1980 1237 2183 1308 ipsum
2227 1252 2297 1290 ac
2351 1253 2523 1290 suam
2557 1236 2810 1307 gratiam
2838 1233 3159 1289 contulerit
3209 1249 3278 1288 ac
3319 1231 3637 1287 crediderit

1980 1325 2219 1382 animae.
2257 1324 2450 1381 Gloria
2473 1325 2546 1379 sit
2577 1323 3033 1392 magniﬁcentiae
3068 1323 3216 1393 ejus.

2049 1450 2251 1506 XXXII.
2287 1449 2630 1505 Secundum
2679 1464 2768 1512 ea,
2813 1464 2949 1519 quae
2997 1446 3186 1502 oculis
3231 1449 3452 1517 patent,
3500 1459 3633 1500 ecce

1979 1555 2090 1595 nos
2121 1555 2334 1594 omnes
2364 1538 2595 1602 fratres,
2626 1539 2729 1610 qui
2763 1537 3065 1602 sedemus,
3101 1552 3219 1592 una
3255 1551 3466 1590 sumus
3488 1550 3636 1607 prae—

1978 1629 2080 1683 diti
2123 1628 2408 1697 imagine,
2464 1633 2643 1699 atque
2703 1643 2821 1680 una
2867 1627 3013 1681 facie
3052 1625 3212 1680 Adae.
3259 1627 3431 1679 Estne
3492 1638 3635 1693 ergo

1979 1719 2157 1772 etiam
2199 1717 2256 1771 in
2288 1717 2529 1772 secretis
2576 1721 2631 1769 et
2683 1715 2908 1770 intimis
2964 1714 3164 1778 rebus,
3197 1729 3317 1768 una
3361 1712 3634 1768 omnium

265 1802 519 1867 πάντων;
574 1807 664 1852 καὶ
720 1807 818 1872 μία
869 1799 1122 1875 καρδία;
1179 1804 1358 1862 πάντες
1422 1804 1525 1878 ἄρα
1587 1803 1634 1855 ἓν
1693 1803 1858 1874 ἐσμεν,

1980 1806 2256 1861 voluntas
2296 1804 2323 1858 εἰ
2364 1821 2550 1858 unum
2584 1820 2685 1858 cor
2715 1803 2742 1858 ?
2771 1819 2984 1858 omnes
3017 1819 3157 1872 ergo
3191 1819 3379 1856 unum
3411 1801 3635 1856 erimus

265 1888 452 1959 ἀγαθοὶ
500 1895 588 1941 xui
647 1891 919 1952 θεοσεϐεῖς.
964 1891 1029 1945 Ἦ
1087 1893 1191 1964 ἄρα
1247 1891 1350 1944 εἰσί
1402 1911 1533 1954 τινες
1591 1892 1641 1954 ἐξ
1695 1894 1861 1963 ἡμῶν,

265 1980 344 2030 ὅτι
419 1979 466 2031 οἰ
541 1983 630 2052 μεν
707 1987 1014 2034 κοινωνοῦσι
1087 1989 1304 2054 Χριστῷ
1380 1987 1468 2034 καὶ
1542 1988 1652 2042 τοῖς
1713 1981 1866 2052 ἀγγέ-

262 2066 369 2129 λοις
423 2068 606 2133 αὐτοῦ,
666 2071 712 2122 oi
768 2065 826 2122 δὲ
893 2079 962 2140 τῷ
1021 2076 1222 2122 Σατανᾶ
1277 2074 1365 2122 καὶ
1422 2077 1526 2130 τοῖς
1581 2067 1805 2141 δαίμοσι
1848 2087 1858 2100 ·

267 2161 356 2208 καὶ
420 2157 528 2209 ὅλοι
594 2160 661 2218 ὡς
718 2155 788 2219 εἰς
850 2163 1144 2231 φαινόμενοι
1208 2160 1341 2230 ὁμοῦ
1394 2160 1760 2230 καθεζόμεθα·
1814 2158 1862 2210 ἓν

779 2244 956 2319 Ἀδὰμ
1023 2250 1209 2310 πάντες
1279 2250 1489 2319 ἔχομεν.
1545 2247 1701 2319 Ὁρᾷς
1754 2255 1862 2308 πῶς

265 2333 441 2387 ἄλλοτί
470 2336 612 2387 ἐστιν
661 2338 690 2393 ἡ
724 2339 874 2410 νοερὰ
926 2337 1104 2403 οὐσία,
1153 2338 1178 2388 6
1218 2339 1319 2389 ἔσω
1375 2338 1665 2409 ἄνθρωπος,
1720 2339 1864 2409 παρὰ

265 2250 542 2318 πρόσωπον
608 2255 698 2299 τοῦ

263 2426 351 2474 τὸν
403 2423 641 2489 ἔξω;ὃτι
689 2426 756 2484 εἷς
808 2428 1093 2498 φαινόμεθα
1158 2427 1208 2477 οἱ
1261 2427 1484 2488 πάντεςο
1529 2430 1620 2477 xui
1668 2428 1716 2478 οἱ
1773 2429 1862 2498 μὲν

1699 2517 1748 2567 οἱ
1806 2511 1864 2567 δε

265 2604 393 2673 μετὰ
443 2608 534 2654 τοῦ
591 2608 793 2654 Σατανᾶ
855 2608 945 2655 xui
1002 2612 1100 2655 τῶν
1170 2602 1475 2677 ἀκαθάρτων
1538 2607 1860 2676 πνευμάτων.

264 2515 395 2583 μετὰ
443 2519 534 2564 τοῦ
586 2521 821 2585 Χριστοῦ
879 2519 968 2566 καὶ
1022 2523 1118 2566 τῶν
1179 2512 1404 2585 ἀγγέλων
1457 2515 1586 2567 εἰσίν
1629 2535 1642 2547 ·

263 2691 324 2743 Εἰ
374 2686 463 2742 οὖν
494 2693 523 2749 ἡ
576 2688 775 2765 καρδία
823 2690 984 2763 βάθος
1023 2712 1073 2744 τι
1121 2695 1234 2764 ἔχει
1282 2691 1586 2768 ἀπέραντον,
1620 2692 1723 2746 ἐκεῖ
1762 2693 1864 2746 εἰσι

1071 2783 1243 2854 θύραι,
1299 2787 1386 2834 καὶ
1456 2785 1714 2855 πρόθυρα,
1773 2785 1864 2834 καὶ

263 2865 526 2921 διακονίαι
576 2869 782 2935 πολλαὶ,
834 2875 920 2922 xui
973 2867 1225 2933 διέξοδοι.
1279 2870 1412 2924 Ἐκεῖ
1458 2871 1571 2924 ἐστι
1602 2875 1660 2924 τὸ
1713 2871 1865 2943 ἐργα-

263 2963 476 3030 στήριον
530 2967 624 3018 τῆς
671 2955 1035 3026 δικαιοσύνης,
1087 2965 1177 3012 καὶ
1229 2957 1440 3020 ἀδικίας
1465 2977 1477 2990 ⁸
1513 2960 1616 3012 ἐκεῖ
1649 2963 1674 3012 6
1713 2963 1865 3013 θάνα-

261 3061 382 3105 τος’
437 3044 539 3097 ἐκεῖ
595 3049 732 3100 ἐστιν
797 3050 826 3106 ἠ
887 3052 1032 3111 ζωή·
1068 3048 1173 3100 ἐκεῖ
1231 3047 1371 3101 ἐστιν
1417 3051 1446 3107 ἡ
1482 3048 1651 3120 ἀγαθὴ
1709 3047 1864 3120 ἐμπο-

257 3137 368 3205 ρία,
401 3138 490 3186 καὶ
522 3136 552 3192 ἡ
587 3136 812 3189 ἐναντία.

333 3256 456 3310 ΛΓ’.
508 3256 706 3331 Ὠσπερ
757 3257 840 3309 ἐὰν
879 3258 1190 3330 ἧπαλάτιον
1238 3263 1508 3330 μέγιστον,
1565 3265 1651 3313 καὶ
1711 3268 1863 3313 τοῦτο

265 3348 532 3419 ἓρημωθῇ,
580 3350 667 3398 καὶ
703 3346 950 3418 πληρωθῇ
997 3351 1175 3408 πάσης
1205 3344 1500 3411 δυσωδίας,
1548 3354 1636 3402 καὶ
1675 3358 1862 3422 νεκρῶν

264 3433 463 3486 πολλῶν
492 3453 503 3465 ·
535 3438 670 3486 οὕτω
702 3441 790 3486 xui
823 3439 878 3487 τὸ
910 3436 1159 3488 παλάτιον
1203 3443 1294 3488 τοῦ
1340 3445 1573 3512 Χριστοῦ
1604 3441 1630 3496 ὁ
1667 3436 1866 3510 καρδία

262 2779 532 2851 τρίκλινοι,
595 2785 684 2833 xui
729 2790 983 2846 κοιτῶνες,

259 3525 393 3588 εστὶ,
427 3527 515 3575 καὶ
544 3527 689 3594 γέμει
733 3525 908 3584 πάσης
959 3524 1309 3598 ἀκαθαρσίας,

256 3610 354 3662 λῶν
406 3620 641 3684 πονηρῶν
694 3615 995 3684 πνευμάτων
1045 3618 1158 3685 Χρὴ
1210 3610 1297 3665 οὖν
1347 3622 1496 3666 τοῦτο
1547 3615 1858 3676 ἀνακτισθῆ-

1384 3531 1473 3578 καὶ
1522 3527 1693 3598 ὄχλων
1741 3528 1862 3580 πολ-

256 3719 359 3764 ναι,
431 3705 519 3752 καὶ
591 3697 1088 3772 ἀνοικοδομηθῆναι,
1159 3707 1245 3754 xui
1323 3703 1725 3776 εὐτρεπισθῆναι
1796 3709 1860 3758 τὰ

252 3796 460 3860 ταμεῖα,
521 3794 610 3841 xui
666 3791 732 3841 τὰ
783 3789 1141 3844 κουϐούκλεια.
1201 3790 1339 3843 Ἐκεῖ
1387 3793 1488 3863 γὰρ
1538 3794 1561 3843 ό
1609 3791 1860 3865 βασιλεὺς

253 3881 482 3950 Χριστὸς
540 3880 670 3949 μετὰ
723 3887 822 3930 τῶν
882 3878 1129 3950 ἀγγέλων,
1189 3885 1279 3932 xui
1336 3888 1435 3931 τῶν
1489 3880 1649 3951 ἁγίων
1704 3902 1859 3934 πνευ-

1290 3974 1378 4020 καὶ
1454 3969 1688 4034 οἰκῆσαι,
1768 3976 1855 4024 xui

254 3967 428 4038 μάτων
521 3969 734 4040 ἔρχεται
817 3967 875 4019 ἐπ
884 3976 1087 4026 αναπαῆ
1095 3988 1198 4031 ναι,

252 4053 694 4128 ἐμπεριπατῆσαι,
766 4060 854 4107 καὶ
904 4055 1082 4108 θεῖναι
1137 4060 1231 4114 τὸν
1305 4056 1490 4108 ἑαυτοῦ
1536 4055 1803 4129 βασιλείαν
1840 4081 1850 4093 ·

253 4150 402 4216 Λέγω
447 4141 527 4212 δὲ,
583 4146 756 4216 ὥσπερ
816 4145 903 4195 ἐὰν
1049 4143 1226 4196 πλοῖον
1278 4147 1400 4216 ἕχον
1453 4145 1642 4203 πολλὴν
1696 4167 1854 4198 κατα-

251 4237 461 4297 σκευὴν,
499 4235 602 4285 ἐκεῖ
649 4233 673 4283 6
730 4232 1047 4305 κυϐερνήτης
1106 4229 1297 4285 διοικεῖ
1348 4236 1463 4293 τοὺς
1515 4236 1731 4302 πάντας,
1764 4240 1853 4287 καὶ

248 4320 524 4393 οἰκονομεῖ,
574 4328 679 4381 τοῖς
730 4323 819 4394 μὲν
851 4320 1198 4386 ἐπιπλήττων,
1253 4321 1437 4384 ἄλλους
1496 4319 1555 4375 δὲ
1595 4320 1800 4394 ὁδηγῶν
1833 4339 1847 4353 ⁸

247 4410 410 4472 οὕτως
467 4409 578 4463 ἐστὶ
631 4415 720 4463 καὶ
777 4412 805 4467 ἡ
857 4407 1055 4482 καρδία
1111 4413 1315 4482 ἔχουσα
1367 4414 1452 4462 τὸν
1501 4419 1616 4463 νοῦν
1663 4412 1848 4487 κυϐερ-

1976 1894 2120 1949 boni
2153 1900 2209 1948 et
2235 1893 2495 1962 religiosi
2525 1911 2537 1946 :
2574 1908 2651 1948 an
2680 1893 2880 1964 utique
2911 1892 3159 1962 quidam
3185 1907 3255 1945 ex
3280 1889 3455 1944 nobis
3471 1896 3628 1955 sunt,

1975 1983 2077 2055 qui
2111 1982 2453 2037 societatem
2484 1981 2898 2036 inieruutcum
2927 1981 3153 2036 Christo
3176 1980 3425 2050 ejusque
3455 1993 3634 2046 ange-

1973 2073 2043 2127 lis
2077 2089 2090 2136 ;
2121 2071 2328 2142 reliqui
2361 2086 2499 2126 vero
2534 2086 2670 2125 cum
2705 2071 2928 2126 Satana
2951 2068 3394 2124 etdaamonibus
3420 2071 3632 2122 utcun-

1974 2176 2089 2232 que
2142 2175 2353 2215 omnes
2400 2159 2559 2214 velut
2603 2175 2757 2214 unus
2796 2159 3111 2213 videamur
3153 2157 3361 2212 sedere
3395 2158 3421 2212 ?
3448 2171 3632 2212 unam

1972 2250 2198 2321 quippe
2228 2249 2442 2304 faciem
2471 2248 2611 2303 Adte
2640 2253 2972 2318 gestamus.
3015 2247 3284 2312 Videsne,
3319 2244 3630 2317 quomodo

1975 2337 2138 2394 aliud
2165 2338 2478 2410 quidpiam
2510 2337 2581 2392 sit
2607 2337 2944 2392 substantia
2975 2334 3352 2402 iutellectiva,
3391 2333 3632 2389 interior

1974 2427 2241 2483 videlicet
2270 2427 2473 2491 homo,
2507 2443 2693 2498 quam
2717 2426 2969 2481 exterior
3005 2425 3032 2479 ?
3071 2440 3281 2480 omnes
3313 2426 3473 2479 enim
3500 2427 3633 2478 tan-

1973 2533 2158 2587 quam
2182 2532 2338 2571 unus
2376 2531 2504 2570 esse
2519 2514 2810 2570 videmur.
2833 2515 3377 2586 Ethiquidemcum
3397 2513 3632 2568 Christo

1975 2612 2028 2661 et
2057 2606 2284 2674 angelis
2310 2605 2440 2674 ejus
2476 2604 2720 2667 sunt,illi
2749 2620 2889 2658 vero
2905 2619 3041 2658 cum
3061 2602 3630 2659 Satanaetimmun—

1975 2695 2067 2750 dis
2094 2695 2425 2764 spiritibus.
2458 2697 2604 2750 Cum
2635 2709 2776 2762 ergo
2803 2709 2905 2748 cor
2937 2693 3407 2762 profunditatem
3436 2689 3631 2744 infini-

1975 2788 2096 2838 tam
2154 2783 2391 2845 habeat,
2451 2782 2532 2838 ibi
2588 2789 2726 2836 sunt
2785 2780 3053 2846 triclinia,
3089 2779 3386 2844 cubicula,
3449 2778 3626 2842 fores,

1976 2870 2627 2936 vestibula,ministeria
2660 2871 2847 2926 multa
2880 2876 2933 2924 et
2961 2870 3152 2925 exitus
3184 2869 3299 2924 :ibi
3325 2872 3413 2922 est
3441 2867 3630 2923 ofﬁci-

1975 2977 2054 3016 na
2081 2961 2344 3032 justitiaa,
2380 2965 2559 3030 atque
2583 2959 2890 3030 injustitiae
2918 2959 2998 3013 ibi
3026 2973 3206 3024 mors,
3238 2957 3440 3028 ibique
3472 2956 3624 3011 vita:

1975 3051 2057 3106 ibi
2087 3050 2249 3106 bona
2270 3048 2592 3120 negotiatio
2619 3053 2674 3102 et
2697 3047 3018 3103 contraria.

2043 3261 2264 3316 XXXIII.
2286 3259 2810 3324 Quemadmodum
2833 3257 2880 3313 si
2907 3258 3198 3328 palatium
3224 3257 3294 3311 sit
3328 3255 3627 3328 amplum,

1974 3365 2043 3405 ac
2073 3349 2381 3404 deseratur
2411 3347 2577 3409 illud,
2609 3353 2663 3402 et
2703 3345 2898 3402 omnis
2942 3346 3177 3415 generis
3224 3344 3632 3416 graveolentia

1973 3438 2291 3509 repleatur,
2316 3452 2386 3492 ac
2417 3436 2811 3492 cadaveribus
2853 3436 3052 3490 multis
3088 3453 3100 3501 ;
3144 3437 3227 3490 sic
3259 3449 3503 3506 quoque
3530 3450 3631 3490 cor

1970 3526 2137 3599 quod
2165 3527 2454 3598 palatium
2485 3526 2689 3581 Christi
2712 3531 2820 3591 est,
2849 3525 3120 3581 abundat
3149 3526 3504 3580 omnimoda
3524 3526 3629 3578 im-

1969 3618 2224 3687 puritate
2257 3622 2308 3670 et
2371 3614 2642 3686 plurimis
2688 3615 2878 3670 turbis
2925 3630 3244 3686 pravorum
3286 3613 3623 3685 spirituum.

1970 3707 2210 3778 Oportet
2240 3704 2418 3774 igitur
2449 3703 2508 3759 id
2531 3705 2871 3768 restaurari,
2907 3710 2963 3760 et
2989 3703 3358 3767 remdiﬁcari,
3389 3719 3457 3758 ac
3480 3718 3628 3772 prae-

1968 3796 2167 3866 parari
2198 3794 2508 3850 conclaxia
2537 3798 2593 3849 et
2623 3793 2911 3850 cubicule.
2951 3793 3088 3848 Illuc
3126 3793 3288 3847 enim
3327 3808 3429 3846 rex
3466 3791 3625 3846 Chri-

1969 3890 2092 3939 stus
2131 3899 2269 3938 cum
2301 3883 2525 3951 angelis
2560 3888 2615 3938 et
2643 3883 2949 3952 spiritibus
2977 3881 3200 3936 sanctis
3242 3880 3422 3945 venit,
3456 3885 3516 3934 ut
3543 3879 3623 3934 ibi

1967 3973 2320 4044 requiescat,
2367 3971 2591 4026 habitet
2644 3978 2700 4025 et
2740 3970 3090 4034 inambulet,
3153 3977 3332 4040 atque
3375 3967 3623 4023 collocet

1966 4077 2218 4130 regnum
2252 4076 2450 4114 suum.
2498 4061 2634 4114 Dico
2665 4066 2887 4123 autem,
2932 4058 3179 4129 perinde
3214 4072 3283 4112 ac
3349 4057 3397 4110 si
3449 4056 3622 4111 navis

1966 4150 2153 4205 multo
2199 4154 2496 4220 apparatu
2543 4150 2830 4203 instructa
2862 4149 2951 4208 sit,
2987 4149 3044 4202 in
3094 4163 3216 4219 qua
3247 4145 3614 4216 gubernator

1963 4242 2197 4306 regatet
2225 4238 2563 4292 moderetur
2593 4252 2823 4301 omnes,
2848 4236 2957 4291 hos
2987 4236 3230 4307 quidem
3260 4234 3619 4304 objurgans,

1961 4327 2091 4383 illos
2123 4342 2261 4382 vero
2293 4326 2557 4394 dirigens
2585 4325 2829 4380 :eodem
2860 4324 3041 4380 modo
3069 4341 3132 4379 se
3151 4325 3331 4379 habet
3356 4339 3476 4388 cor,
3507 4337 3618 4393 pro

1962 4417 2361 4485 gubernatore
2375 4415 2604 4469 habens
2620 4421 2891 4469 mentem.
2908 4414 3338 4468 conscientiam
3367 4427 3623 4482 arguen-

245 4504 424 4563 νήτην,
471 4504 558 4558 τὴν
619 4496 928 4557 συνείδησιν
988 4499 1332 4571 ὶλέγχουσαν,
1387 4499 1672 4572 λογισμοὺς
1727 4522 1850 4554 κατ-

1974 4521 2101 4570 ;em,
2134 4505 2250 4576 62
2285 4504 2673 4574 cogitationes
2696 4507 3047 4557 accusantes
3086 4519 3156 4557 ac
3177 4501 3564 4556 defendentes
3604 4516 3616 4554 ε

244 4595 561 4658 ηγοροῦντας
593 4593 679 4641 καὶ
720 4587 1169 4660 ἀπολογουμένους
1201 4605 1213 4618 ⁸
1245 4588 1380 4659 λέγει
1410 4591 1512 4663 γάρ
1540 4606 1551 4619 ⁸
1590 4591 1847 4653 Μεταξὺ

247 4676 532 4733 ἀλλήλων
573 4687 686 4729 τῶν
717 4678 1049 4752 λογισμῶν
1089 4682 1705 4754 κατηγορούντων,ἣ
1740 4686 1847 4734 xui

253 4763 815 4835 ἀπολογουμένων.

317 4886 439 4941 AA'.
486 4886 643 4962 Ὁρᾷς
701 4891 780 4940 ὅτι
829 4892 858 4948 ἡ
924 4888 1228 4954 συνείδησις
1289 4892 1346 4944 οὐ
1411 4898 1678 4968 συγκρίνει
1726 4898 1849 4956 τοὺς

243 4979 511 5038 τοιούτους
560 4976 852 5048 λογισμούς
904 4982 1023 5038 τοὺς
1073 4981 1432 5042 ὑπακούοντας
1476 4991 1535 5055 τῇ
1594 4983 1842 5058 ἁμαρτία,

244 5065 351 5118 ἀλλ’
397 5066 549 5127 εὐθὺς
597 5065 817 5136 ἐλέγχει.
868 5066 942 5118 Ού
987 5065 1241 5137 ψεύδεται
1283 5073 1406 5143 γὰρ,
1453 5070 1560 5123 ἐπεὶ
1610 5077 1662 5124 τί
1710 5076 1844 5126 εἴποι

243 5154 453 5208 ἐνώπιον
506 5163 598 5207 τοῦ
648 5162 780 5208 Θεοῦ
829 5154 876 5206 ἐν
903 5163 964 5226 τῇ
1025 5158 1191 5228 ἡμέρᾳ
1238 5165 1333 5218 τῆς
1383 5164 1596 5233 κρίσεως
1648 5165 1844 5234 μαρτύ-

242 5264 405 5316 ρεται,
462 5246 526 5305 ὡς
577 5246 797 5297 πάντοτε
855 5243 1169 5315 ἐλέγχουσα.
1224 5244 1422 5318 Ὠσπερ
1479 5247 1564 5300 ἐὰν
1701 5250 1843 5323 ἅρμα

243 5337 332 5386 καὶ
374 5333 541 5402 ἠνίαι,
586 5335 652 5385 τὰ
698 5336 823 5398 ζῶα,
877 5337 965 5385 καὶ
1015 5339 1163 5384 πᾶσα
1210 5336 1237 5391 ἡ
1288 5341 1583 5396 κατασκευὴ
1626 5340 1725 5390 ὑπό
1756 5340 1842 5392 ἕνα

248 5425 460 5494 ἡνίοχόν
504 5421 636 5488 ἐστι,
668 5422 866 5491 λοιπὸν,
913 5425 995 5474 ὅτε
1036 5422 1163 5474 θέλει
1207 5422 1414 5489 ἐκεῖνος,
1449 5424 1667 5499 ὀξυτάτῃ
1702 5429 1835 5500 ὁρμῇ

254 5515 456 5585 φέρεται
502 5513 602 5565 ὑπὸ
652 5519 743 5565 τοῦ
790 5512 1020 5588 ἅρματος
1053 5526 1066 5541 ⁰
1099 5513 1180 5566 ὅτε
1220 5509 1279 5564 δὲ
1325 5513 1474 5579 θέλει,
1520 5513 1694 5587 ἐπέχει
1743 5517 1837 5569 ut}-

324 5682 370 5715 6⁵
402 5683 569 5737 Rom.
597 5696 653 5748 ιι,
684 5683 769 5736 15.

1959 4594 2151 4665 inquit
2175 4591 2853 4661 enim:Cogitationibus
2884 4592 3040 4648 inter
3065 4607 3124 4648 se
3154 4592 3404 4647 invicem
3446 4604 3621 4645 accu-

1958 4683 2223 4740 santibus
2255 4689 2306 4740 et
2333 4681 2777 4753 defendentibus
2811 4682 2878 4734 ⁸⁵.

2028 4898 2258 4953 XXXIV.
2302 4897 2471 4952 Vides
2499 4895 2927 4952 conscientiam
2967 4911 3087 4951 non
3128 4894 3465 4967 approbare
3505 4895 3618 4950 hu-

1951 4985 2218 5056 jusmodi
2267 4985 2674 5054 cogitationes,
2708 4999 2844 5057 quae
2883 4988 3129 5053 peccato
3173 4983 3615 5054 obtemperant,

1956 5075 2059 5129 sed
2082 5074 2280 5128 statim
2311 5088 2580 5142 arguere.
2613 5076 2738 5128 Non
2762 5072 2921 5127 enim
2959 5073 3258 5136 mentitur,
3295 5071 3441 5143 quia
3470 5071 3619 5144 quid

1954 5162 2182 5218 dictura
2223 5161 2298 5216 sit
2329 5177 2530 5216 coram
2578 5165 2692 5216 Deo
2738 5162 2796 5216 in
2845 5161 2939 5216 die
2984 5160 3193 5231 judicii
3242 5161 3613 5224 testiﬁcatur,

1954 5256 2244 5322 tanquam
2275 5250 2552 5305 continue
2585 5249 3049 5320 reprehendens.
3097 5249 3340 5304 Perinde
3369 5266 3437 5304 ac
3461 5250 3506 5303 si
3542 5249 3617 5303 sit

1952 5355 2181 5404 currus,
2215 5344 2268 5394 et
2299 5338 2486 5404 frena,
2517 5338 2821 5402 animalia,
2852 5345 2906 5392 et
2931 5338 3127 5392 omnis
3148 5343 3474 5409 apparatus
3501 5337 3614 5390 sub

1951 5444 2071 5483 uno
2135 5428 2509 5483 moderatore
2577 5433 2714 5481 sunt
2748 5446 2758 5485 :
2792 5427 3039 5498 quando
3081 5442 3222 5495 ergo
3278 5427 3328 5480 ei
3394 5424 3611 5494 placet,

1949 5515 2320 5572 velocissime
2347 5532 2520 5572 cursu
2549 5516 2780 5572 vehitur
2801 5531 2836 5570 a
2867 5532 3043 5572 curru
3071 5536 3080 5579 ;
3114 5513 3360 5586 quando
3395 5527 3531 5567 vero
3559 5511 3612 5566 ei
