4148 6262
532 306 634 361 599

1831 302 1886 358 S.
1927 300 2228 358 MACARII
2266 299 2575 355 lEGYPTlI

3778 297 3891 352 600

528 431 723 502 placet
751 429 938 493 aliter,
977 428 1184 486 retinet
1222 429 1388 484 illum
1418 446 1431 481 :
1465 427 1664 483 denuo
1694 428 1794 484 ubi
1818 429 2011 501 placet
2041 443 2177 482 eum

2303 430 2345 477 τό
2380 443 2390 454 ·
2420 425 2572 478 πάλιν
2629 425 2756 477 ὅπου
2807 424 2934 477 θέλει
2987 423 3310 499 μετατρέψαι
3379 422 3529 486 αύτό,
3605 420 3708 474 ἐκεῖ
3765 421 3895 476 αὐτὸ

529 525 892 585 convertere,
925 519 1006 574 ibi
1039 518 1308 590 sequitur
1336 517 1941 588 currus;totusigitur
1973 531 2182 572 currus

532 609 643 664 sub
673 613 966 680 potestate
998 607 1306 676 dirigentis
1329 614 1414 661 est
1444 623 1455 661 :
1491 608 1572 660 sic
1603 623 1845 678 quoque
1877 622 1978 662 cor
2002 606 2183 661 habet

533 697 754 753 multas
808 697 1195 766 cogitationes
1234 696 1556 759 naturales,
1615 695 1990 752 adhaerentes
2047 694 2181 760 sibi,

533 802 704 843 mens
736 792 934 841 autem
977 791 1030 841 et
1077 785 1440 841 conscientia
1480 786 1925 856 reprehendunt
1962 789 2018 840 et
2048 784 2186 839 diri-

534 881 682 945 gunt
707 891 827 939 cor,
845 881 1023 946 atque
1055 874 1297 946 sopiunt
1319 879 1374 929 et
1404 875 1620 929 sedant
1645 874 1945 930 naturales
1958 875 2184 942 cogita-

532 965 723 1020 tiones
762 964 820 1017 in
865 962 1041 1018 corde
1080 963 1488 1018 scaturientes.
1524 963 1789 1018 Membra
1813 963 1972 1017 enim
2012 962 2186 1034 plura.

533 1053 716 1109 habet
754 1053 975 1116 anima,
1008 1052 1142 1107 licet
1174 1067 1292 1107 una
1319 1053 1408 1106 sit.

608 1178 797 1232 XXXV.
853 1178 934 1231 Ex
991 1191 1113 1247 quo
1172 1175 1332 1230 enim
1385 1181 1793 1244 transgressus
1859 1179 1945 1229 est
1992 1175 2182 1229 Adam

535 1265 917 1331 mandatum,
958 1263 1208 1319 accessit
1246 1280 1511 1336 serpens,
1542 1264 1946 1335 dominusque
1991 1264 2182 1318 factus

537 1359 628 1409 est
662 1352 1353 1417 domus,velutetaltera
1401 1357 1609 1408 anima
1664 1369 1800 1407 cum
1823 1352 2055 1408 anima.
2094 1353 2185 1407 Ait

535 1444 696 1498 enim
729 1441 1017 1497 Dominus
1052 1460 1064 1496 :
1102 1442 1447 1513 Quicunque
1472 1458 1591 1497 non
1619 1443 2055 1497 renuntiaverit
2077 1441 2188 1495 sibi

533 1532 668 1600 ipsi,
701 1537 753 1586 et
787 1532 888 1601 qui
907 1547 1024 1586 non
1057 1531 1244 1585 oderit
1271 1532 1537 1586 animam
1563 1545 1754 1595 suam,
1779 1546 1898 1585 non
1921 1537 2002 1586 est
2025 1545 2187 1586 meus

536 1621 865 1690 discipulus
888 1622 954 1670 ⁸⁸.
981 1622 1042 1673 Ει
1072 1636 1084 1673 :
1122 1620 1232 1686 Qui
1261 1620 1457 1690 diligit
1486 1622 1747 1675 animam
1774 1635 1942 1675 suam
1963 1619 2188 1689 ,perdet

535 1725 662 1765 eam
696 1711 762 1762 ⁸⁷.
801 1708 1101 1779 Siquidem
1121 1714 1431 1779 peccatum
1463 1715 1783 1780 postquam
1815 1709 2035 1763 invasit
2066 1708 2188 1763 ani-

537 1815 721 1862 mam,
741 1799 1075 1853 membrum
1110 1799 1471 1867 ejusfactum
1497 1804 1600 1862 est,
1635 1799 1870 1870 ipsique
1899 1812 2188 1867 corporeo

535 1887 762 1942 homini
802 1887 1082 1954 adhaeret,
1125 1903 1195 1941 ac
1238 1887 1718 1942 scaturiuntinde
1753 1886 1956 1942 multa:
2006 1891 2187 1957 atque

534 1977 786 2047 impurae
812 1976 1200 2045 cogitationes
1236 1976 1297 2029 in
1342 1977 1542 2031 corde.
1575 1977 1886 2043 Quocirca,
1911 1976 2012 2046 qui
2047 1976 2189 2030 facit

536 2064 902 2120 voluntatem
935 2065 1152 2120 animas
1186 2080 1331 2132 suae,
1365 2064 1734 2119 voluntatem
1768 2064 1965 2120 cordis
1999 2064 2138 2118 facit
2167 2083 2181 2134 ;

537 2155 680 2226 quia
710 2170 847 2208 cum
880 2153 978 2208 illo
999 2169 1269 2210 connexa
1290 2157 1346 2208 et
1367 2153 1650 2224 perinista
1672 2160 1757 2208 est
1787 2155 2010 2208 anima.
2035 2155 2187 2218 Quae

535 2248 800 2315 propter,
831 2244 932 2314 qui
955 2244 1290 2312 subjugum
1306 2243 1568 2298 animam
1603 2258 1774 2297 suam
1794 2244 2052 2306 mittit,et
2081 2242 2181 2314 qui

540 2332 650 2387 sibi
683 2333 1018 2403 innatisque
1045 2331 1468 2402 cupiditatibus
1498 2337 1824 2396 succenset,
1845 2331 2095 2402 perinde
2127 2346 2190 2386 se

537 2422 736 2485 habet.
773 2437 842 2476 ac
879 2421 1296 2492 quicivitatem
1327 2420 1590 2474 hostium
1606 2436 1847 2475 suorum
1870 2420 2186 2491 subjugat:

538 2511 756 2581 hicque
788 2510 1007 2578 dignus
1042 2509 1294 2564 habetur
1315 2510 1554 2580 assequi
1588 2509 1812 2564 bonam
1840 2525 2192 2565 mensuram

540 2599 810 2670 Spiritus,
836 2604 1015 2669 atque
1047 2598 1465 2653 induitvirtute
1488 2597 1697 2653 divina.
1710 2598 1953 2667 adjutus
1972 2614 2190 2670 purum

540 2688 872 2752 hominem,
892 2702 1074 2758 seque
1111 2688 1242 2757 ipso
1266 2687 1637 2757 praestantior
1657 2687 1874 2742 evadit.
1895 2686 2192 2758 Ejusmodi

543 2776 702 2830 enim
741 2775 842 2847 qui
882 2781 989 2840 est,
1032 2780 1236 2846 postea
1275 2775 1493 2830 divinae
1517 2781 1741 2830 naturae
1769 2776 1833 2831 tit
1873 2776 2189 2847 particeps,

542 2869 596 2919 et
627 2863 827 2918 evadit
873 2864 1028 2918 ﬁlius
1057 2863 1177 2929 Dei,
1205 2864 1495 2934 recipiens
1542 2862 1916 2932 signaculum
1958 2863 2194 2918 cceleste

540 2954 600 3009 in
626 2953 829 3008 anima
859 2968 988 3006 sua.
1022 2951 1199 3007 Electi
1231 2953 1385 3006 enim
1411 2953 1539 3020 ejus
1570 2957 1875 3022 unguntur
1899 2953 2030 3007 oleo
2055 2968 2196 3008 san-

542 3042 858 3108 ctiﬁcante,
893 3041 953 3096 in
985 3057 1207 3114 magna
1222 3041 1510 3110 dignitate
1531 3043 1993 3107 constituuntur,
2017 3058 2086 3097 ac
2111 3057 2197 3097 re-

545 3146 648 3201 ges
679 3132 962 3187 evadunt.
2230 3132 2269 3186 C

617 3257 850 3312 XXXVI.
884 3257 978 3311 Est
1008 3255 1170 3311 enim
1202 3256 1384 3312 homo
1415 3255 1712 3326 ejusmodi
1746 3257 1994 3324 naturas,
2031 3260 2093 3311 ut
2144 3259 2200 3312 et

540 3347 643 3418 qui
672 3346 734 3400 in
751 3345 1116 3416 profundum
1139 3344 1418 3415 nequitia:
1434 3344 1746 3400 demersus
1771 3349 1855 3400 est
1884 3349 2197 3416 etpeccato

546 3435 744 3500 servit,
777 3433 1035 3488 converti
1068 3433 1144 3488 ad
1184 3433 1434 3498 bonum,
1478 3439 1532 3488 et
1561 3433 1667 3504 qui
1698 3434 1955 3503 Spirituo
2008 3435 2194 3490 sancti

544 3522 870 3585 devinctus,
913 3525 968 3576 et
1003 3521 1182 3577 rebus
1225 3522 1564 3578 coelestibus
1602 3522 1929 3578 inebriatus
1973 3529 2082 3588 est,
2118 3523 2195 3578 ad

544 3610 772 3666 malum
807 3611 1070 3665 converti
1099 3611 1563 3681 possit.Perinde
1585 3627 1653 3665 ac
1686 3612 1733 3664 si
1752 3611 1959 3666 mulier
1979 3612 2194 3682 pannis

542 3699 751 3754 laceris
791 3699 1003 3763 obsita,
1051 3699 1316 3754 esuriens
1348 3704 1402 3755 et
1446 3699 1724 3770 squalida
1760 3718 1772 3765 ;
1807 3705 1863 3754 et
1896 3715 2031 3771 quae
2071 3715 2188 3755 non

544 3789 774 3858 absque
800 3787 984 3843 multo
1005 3787 1202 3843 labore
1234 3789 1457 3857 regiam
1481 3787 1828 3859 dignitatem
1845 3796 2187 3850 consacuta,

546 3876 814 3932 induitur
840 3892 1107 3948 purpura
1137 3880 1194 3931 et
1224 3892 1465 3942 corona,
1491 3893 1560 3931 ac
1592 3877 1652 3932 iit
1679 3893 1906 3949 sponsa
1931 3879 2104 3948 regis,
2130 3878 2192 3933 in

545 3966 902 4022 memoriam
925 3966 1036 4021 sibi
1064 3971 1296 4021 revocet
1322 3967 1601 4038 pristinas
1634 3966 1861 4032 sordes,
1886 3983 1955 4021 ac
1991 3969 2047 4021 in
2069 3969 2192 4024 ani-

545 4072 646 4112 mo
676 4055 893 4112 habeat
922 4055 999 4112 ad
1036 4056 1349 4127 pristinum
1373 4061 1588 4112 statum
1615 4057 1970 4120 reverti,nec
1988 4061 2190 4111 tamen

546 4145 861 4216 pristinam
900 4144 1210 4201 infamiam
1254 4144 1447 4200 redire
1487 4144 1651 4200 malit
1683 4161 1696 4198 :
1729 4145 1842 4200 hoc
1878 4146 2035 4199 enim
2079 4151 2193 4200 sto-

544 4234 732 4289 lidum
756 4238 846 4289 est
879 4251 890 4288 :
924 4235 1005 4289 ita
1022 4249 1284 4305 quoque,
1308 4235 1410 4306 qui
1447 4253 1474 4284 «
1502 4235 2093 4303 gustaruntgratiam
2110 4233 2195 4288 di-

544 4322 767 4387 vinam,
790 4322 871 4377 ad
893 4323 1154 4391 Spiritus
1173 4323 1496 4393 participes
1511 4323 1667 4392 facti
1681 4327 1820 4378 sunt
1841 4324 1909 4388 58,
1944 4322 2060 4377 nisi
2083 4322 2194 4378 sibi

545 4415 817 4476 caveant,
856 4411 1159 4477 deﬁciunt,
1203 4428 1271 4468 ac
1329 4412 1652 4467 deteriores
1694 4417 1967 4477 evacunt,
2010 4428 2194 4484 quam

2296 519 2606 586 συνέρχεται
2640 514 2796 566 ’ὅλον
2853 511 2941 566 οὖν
2997 517 3055 566 τὸ
3108 515 3253 588 ἅρμα
3300 514 3350 565 ἐν
3407 519 3470 584 τῇ
3534 511 3747 582 ἐξουσίᾳ
3800 519 3895 563 τοῦ

2292 605 2634 676 ἡνιοχοῦντος
2684 611 2886 656 κεῖται’
2931 603 3095 664 οὕτως
3138 607 3228 655 καὶ
3275 604 3304 660 ἦ
3356 597 3556 675 καρδία
3611 603 3725 672 ἔχει
3774 600 3897 652 πολ-

2291 693 2411 754 λοὺς
2465 694 2748 765 λογισμούς
2801 695 3073 765 φυσικοὺς,
3135 687 3547 763 συνδεδεμένους
3592 689 3748 760 αὐτῇ,
3807 692 3898 740 καὶ

2294 785 2319 835 6
2367 791 2483 843 νοῦς
2526 781 2638 834 ἐστι
2667 786 2753 834 καὶ
2794 784 2824 840 ἡ
2874 778 3179 843 συνείδησις
3228 779 3526 851 ἐπιτιμῶσα
3573 782 3662 830 καὶ
3719 796 3896 830 κατευ-

2297 873 2527 924 θύνουσα
2575 876 2666 930 τήν
2720 868 2968 945 καρδίαν,
3013 875 3103 922 καὶ
3158 866 3516 929 διῦπνίζουσα
3569 871 3689 929 τοὺς
3743 885 3898 938 φυσι-

2294 965 2412 1021 κοὺς
2451 960 2710 1036 βρύοντας
2761 960 2808 1012 ἐν
2851 969 2911 1032 τῇ
2961 956 3180 1032 καρδίᾳ.
3227 959 3368 1016 Μέλη
3411 960 3509 1031 γὰρ
3564 955 3728 1008 πολλὰ
3781 958 3895 1028 ἔχει

2293 1051 2470 1122 ψυχὴ,
2499 1049 2594 1101 κᾶν
2625 1054 2721 1122 μία
2751 1053 2912 1102 ἐστίν.

2366 1175 2490 1229 AE'.
2533 1175 2647 1247 Ἀφ’
2705 1175 2764 1227 οὗ
2810 1177 2911 1249 γὰρ
2971 1172 3169 1245 παρέϐη
3222 1174 3246 1223 6
3295 1167 3481 1234 Ἀδὰμ
3527 1174 3620 1228 τὴν
3667 1169 3895 1235 ἐντολὴν,

2295 1264 2596 1318 ἐπεισελθὼν
2655 1265 2680 1315 6
2732 1267 2840 1334 ὄφις
2894 1259 3158 1325 δεσπότης
3215 1264 3390 1332 γέγονε
3445 1268 3536 1312 τοῦ
3594 1262 3764 1324 οἴκου,
3809 1263 3899 1310 καὶ

2295 1358 2358 1414 ὡς
2384 1354 2538 1424 ψυχὴ
2589 1353 2734 1421 ἑτέρα
2784 1354 2916 1423 μετὰ
2968 1360 3062 1411 τῆς
3105 1350 3292 1420 ψυχῆς
3325 1349 3460 1401 ἐστι.
3513 1351 3667 1418 Λέγει
3719 1349 3820 1421 γὰρ
3872 1349 3899 1398 6

2297 1447 2505 1516 Κύριος.
2542 1448 2668 1502 Ηᾶς
2707 1443 2886 1501 ὅστις
2923 1442 3032 1492 οὐκ
3072 1440 3367 1513 ἀρνεῖται
3404 1437 3648 1507 ἑαυτὸν,
3683 1441 3790 1488 καὶ
3829 1435 3899 1487 ού

2296 1539 2476 1604 μισεῖ
2511 1537 2623 1590 τὴν
2665 1531 2895 1583 ἑαυτοῦ
2933 1529 3180 1600 ψυχὴν,
3209 1527 3323 1578 ούκ
3362 1530 3504 1578 ἔστι
3544 1545 3660 1597 μου
3704 1527 3903 1596 μαθη-

2296 1627 2434 1682 τής⁶
2469 1626 2588 1672 καί·
2621 1620 2678 1671 Ὀ
2709 1621 2966 1691 ἀγαπῶν
3006 1623 3119 1676 τήν
3157 1617 3387 1688 ψυχὴν
3425 1617 3642 1679 αὑτοῦ,
3677 1613 3902 1667 ἀπολέ-

2300 1730 2397 1763 σει
2436 1710 2591 1768 αύτή
2608 1730 2653 1762 ν.
2691 1709 2884 1766 Ἐπεὶὴ
2920 1711 3155 1780 ἠμαρτία
3194 1705 3567 1758 ἐπεισελθοῦσα
3615 1711 3675 1776 τῇ
3718 1703 3902 1774 ψυχῇ,

2300 1799 2448 1871 μέλος
2489 1799 2651 1861 αὐτῆς
2689 1803 2883 1869 γέγονε,
2928 1802 3018 1849 καὶ
3069 1795 3210 1866 αύτῷ
3258 1803 3329 1864 τῷ
3379 1800 3660 1866 σωματικῷ
3706 1791 3904 1865 ἀνθρώ-

2300 1909 2380 1960 πῳ
2431 1888 2756 1952 κεκόλληται,
2806 1891 2895 1940 καὶ
2956 1885 3183 1959 βρύουσι
3235 1883 3413 1935 πολλοὶ
3463 1887 3553 1934 καὶ
3607 1882 3901 1955 ἀκάθαρτοι

2299 1977 2541 2049 λογισμοὶ
2595 1980 2643 2029 ἐν
2694 1984 2755 2049 τῇ
2811 1973 3027 2048 καρδίᾳ.
3078 1975 3136 2027 Ὀ
3192 1970 3280 2026 οὖν
3327 1981 3487 2024 ποιῶν
3528 1974 3594 2023 τὰ
3637 1971 3907 2043 θελήματα

2302 2075 2398 2128 τῆς
2424 2067 2613 2138 ψυχῆς
2660 2067 2840 2130 αὐτοῦ,
2895 2068 2960 2117 τὰ
3020 2064 3279 2135 θελήματα
3321 2069 3410 2122 τῆς
3441 2057 3665 2133 καρδίας
3713 2067 3900 2112 ποιεῖ’

2303 2155 2480 2212 ἐπειδὴ
2535 2155 2922 2226 συμπέπλεκται
2974 2157 3064 2204 καὶ
3116 2156 3467 2223 συγκέκραται
3525 2153 3553 2207 ἡ
3616 2149 3795 2220 ψυχή.
3844 2146 3904 2199 Ὀ

2303 2243 2390 2297 οὖν
2438 2246 2748 2297 ύποτάσσων
2794 2248 2887 2302 τὴν
2939 2243 3120 2313 ψυχὴν
3175 2242 3379 2306 ἑαυτοῦ,
3429 2244 3519 2291 καὶ
3568 2237 3903 2312 ὀργιζόμὶνος

2304 2335 2468 2404 ἐαυτῷ
2519 2337 2608 2385 καὶ
2660 2340 2776 2393 ταῖς
2826 2335 3104 2393 συνούσαις
3156 2330 3298 2401 αύτῴ
3351 2330 3685 2399 ἐπιθυμίαις,
3737 2326 3905 2388 οὕτως

2304 2427 2462 2488 ἔστὶν,
2519 2425 2585 2484 ὡς
2638 2424 2663 2474 6
2717 2423 3029 2474 ύποτάσσων
3093 2421 3237 2472 πόλιν
3303 2418 3506 2491 ἐχθρῶν
3564 2417 3747 2481 αὐτοῦ,
3816 2421 3906 2468 καὶ

2304 2513 2453 2572 οὗτος
2503 2511 2845 2574 καταξιοῦται
2891 2509 3049 2563 ἐλθεῖν
3103 2509 3173 2571 εἰς
3223 2512 3385 2580 μέτρα
3438 2505 3614 2578 ἀγαθὰ
3671 2507 3906 2576 Πνεύμα-

2302 2621 2406 2666 τος,
2453 2606 2542 2653 καὶ
2599 2599 2950 2672 ἆπολαμϐάνει
3008 2594 3102 2651 διὰ
3148 2607 3242 2660 τῆς
3292 2600 3432 2659 θείας
3498 2593 3769 2668 δυνάμεως
3816 2597 3903 2645 τόν

2303 2693 2529 2764 καθαρόν
2614 2691 2906 2762 ἄνθρωπον,
2983 2693 3073 2740 καὶ
3155 2692 3353 2758 γίνεται
3428 2685 3615 2738 ἑαυτοῦ
3689 2688 3901 2757 μείζων.

2307 2781 2650 2833 Ἀποθεοῦται
2701 2781 2802 2852 γὰρ
2868 2778 3044 2829 λοιπὸν
3100 2778 3124 2828 6
3182 2783 3427 2837 τοιοῦτος,

2306 2871 2414 2929 υἱὸς
2455 2876 2606 2931 Θεοῦ,
2649 2867 2920 2940 λαμϐάνων
2961 2871 3017 2918 τό
3058 2865 3292 2939 οὐράνιον
3345 2869 3519 2935 σίγνον
3561 2862 3608 2914 ἐν
3646 2869 3706 2932 τῇ
3745 2861 3902 2932 ψυχῇ

2308 2959 2488 3012 αὐτοῦ.
2549 2960 2614 3010 Οἱ
2647 2960 2748 3032 γὰρ
2800 2957 3026 3009 ἐκλεκτοὶ
3079 2956 3234 3008 αὐτοῦ
3277 2959 3520 3028 χρίονται
3566 2955 3620 3003 τὸ
3669 2950 3908 3021 ἁγιαστι-

3515 2779 3604 2826 καὶ
3676 2777 3909 2844 γίγνεται

2308 3051 2397 3100 κόν
2429 3048 2616 3113 ἔλαιον,
2657 3052 2746 3099 καὶ
2794 3051 3063 3117 γίγνονται
3110 3044 3454 3116 ἀξιωματικοὶ
3501 3048 3590 3094 καί
3650 3038 3901 3112 βασιλεῖς.

2386 3251 2530 3334 AC.
2580 3255 2732 3325 Ἔχει
2784 3254 2884 3325 γαρ
2931 3270 3023 3308 την
3053 3268 3208 3322 φυσιν
3258 3250 3284 3300 6
3325 3248 3588 3320 ἄνθρωπος
3639 3246 3912 3301 τοιαύτην.

2308 3364 2398 3411 καὶ
2454 3360 2478 3410 ό
2526 3357 2592 3408 ὣν
2641 3353 2689 3406 ἐν
2745 3352 2898 3425 βάθει
2962 3356 3055 3421 τῇς
3123 3352 3332 3411 κακίας,
3387 3349 3477 3397 καὶ
3529 3341 3787 3397 δουλεύων
3846 3348 3909 3412 τῇ

2307 3449 2556 3521 ἁμαρτίᾳ,
2612 3451 2703 3496 τοῦ
2753 3449 3015 3514 τραπῆναι
3065 3438 3148 3490 ἐπὶ
3179 3439 3235 3490 τό
3273 3435 3466 3506 ἀγαθόν
3497 3451 3510 3463 °
3543 3437 3633 3485 καὶ
3688 3434 3713 3483 6
3764 3427 3913 3484 δεδε-

2305 3543 2448 3610 μένος
2518 3536 2783 3605 Πνεύματι
2853 3529 3006 3600 ἁγίῳ,
3085 3531 3175 3578 καὶ
3245 3526 3626 3597 μεμεθυσμένος
3695 3521 3762 3581 εἰς
3846 3521 3913 3572 τὰ

2305 3627 2604 3697 ἐπουράνια,
2663 3625 2775 3693 ἔχει
2828 3618 3066 3682 ἐξουσίαν
3116 3622 3207 3667 τοῦ
3251 3622 3513 3684 τραπῆναι
3567 3611 3651 3664 ἐπὶ
3714 3613 3770 3662 τὸ
3819 3629 3914 3660 κα-

2303 3721 2634 3784 κόν.Ὣ.σπερ
2696 3705 2845 3781 ἶναῇ
2903 3711 3032 3778 γυνή
3090 3706 3272 3777 ἱμάτια
3322 3698 3538 3778 ῥακώδη
3608 3698 3912 3774 περιϐεϐλη-

2304 3809 2450 3877 μένη,
2527 3802 2892 3873 λιμώσσουσα,
2972 3794 3326 3869 ερρυπωμένη,
3404 3795 3493 3842 καὶ
3570 3789 3703 3847 αύτὴ
3782 3791 3915 3859 μετὰ

2303 3875 2492 3946 πολλοῦ
2533 3891 2770 3962 καμάτου
2802 3886 2918 3957 ἔλθη
2982 3883 3048 3943 εἰς
3075 3882 3280 3954 ἀξίωμα
3311 3877 3609 3952 βασιλικόν,
3639 3882 3728 3930 καὶ
3764 3875 3908 3930 ἐνδύ-

2306 4002 2465 4040 σηται
2511 3981 2775 4053 πορφύραν
2849 3979 2938 4025 καὶ
2999 3977 3264 4043 στέφανον,
3320 3973 3410 4020 καὶ
3469 3971 3683 4038 γένηται
3737 3969 3911 4038 νύμφη

2306 4070 2581 4144 βασιλέως.
2651 4065 2780 4123 αύτὴ
2845 4067 3102 4134 μέμνηται
3164 4067 3256 4121 τῆς
3305 4061 3559 4132 προτέρας
3614 4057 3898 4130 ῥυπαρίας,

2303 4165 2392 4212 καὶ
2450 4162 2562 4230 ἔχει
2630 4155 2827 4225 θέλημα
2893 4149 3178 4203 ἐπανελθεῖν
3235 4148 3307 4209 εἰς
3370 4151 3427 4198 τὸ
3486 4145 3733 4219 ἀρχαῖον,
3791 4144 3895 4196 ἀλλ’

2306 4250 2411 4321 οὐχ
2461 4249 2687 4320 αἱρεῖται
2741 4243 2809 4304 εἰς
2876 4245 2968 4298 τήν
3022 4242 3274 4313 προτέραν
3339 4236 3602 4306 αἰσχύνην
3668 4235 3827 4287 ἐλθεῖν
3887 4249 3900 4263 ³

2307 4341 2477 4411 μωρὸν
2511 4337 2611 4410 γάρ
2657 4333 2804 4385 ἐστι’
2839 4334 2927 4383 καὶ
2983 4328 3132 4381 αὐτοὶ
3174 4323 3231 4380 δε
3271 4329 3329 4378 οἱ
3367 4325 3762 4396 γευσάμενοι
3808 4330 3920 4383 τῆς

2307 4429 2579 4500 χάριτος
2645 4430 2751 4474 τοῦ
2811 4426 2992 4482 Θεοῦ,
3059 4422 3165 4470 καὶ
3231 4418 3508 4488 μέτοχοι
3572 4416 3742 4472 ὄντες
3806 4417 3919 4464 τοῦ

545 4513 683 4554 cum
724 4505 918 4555 essent
950 4501 1243 4556 mundani
1262 4517 1275 4555 :
1293 4516 1434 4568 non,
1454 4499 1617 4572 quod
1638 4503 1786 4555 Deus
1801 4500 1872 4555 sit
1892 4500 2190 4556 mutabilis

2312 4526 2352 4571 Π
2366 4538 2391 4567 ν
2406 4536 2424 4568 ε
2436 4518 2465 4566 ύ
2479 4536 2516 4586 μ
2530 4534 2562 4565 α
2574 4533 2601 4565 τ
2615 4532 2639 4564 ο
2652 4532 2691 4578 ς,
2727 4510 2810 4563 ἐὰν
2855 4514 2925 4582 μὴ
2980 4507 3394 4580 ἀσφαλίσωνται,
3452 4502 3891 4555 κατασϐέννυνται
3905 4541 3919 4565 ,

554 4594 658 4646 aut
698 4590 1006 4646 imbecillaa
1040 4593 1273 4657 mentis,
1293 4590 1570 4662 autquod
1593 4590 2199 4661 exstinguaturSpiri-

545 4684 640 4735 tus
673 4686 938 4744 sanctus,
972 4697 1198 4746 verum,
1239 4680 1404 4752 quod
1441 4679 1556 4752 ipsi
1592 4679 1868 4735 homines
1901 4694 2020 4734 non
2062 4695 2201 4734 con-

550 4769 1055 4841 sentiantgratiaa,
1081 4774 1395 4840 propterea
1425 4773 1789 4831 avertuntur,
1819 4774 1872 4822 et
1893 4769 1946 4822 in
1971 4768 2200 4824 inﬁnita

549 4862 796 4928 peccata
817 4859 1150 4914 incurrunt.
1175 4860 1283 4924 Qui
1301 4859 1461 4913 enim
1484 4858 1715 4913 donum
1745 4855 1889 4912 illud
1916 4858 2196 4927 degusta-

547 4951 708 5014 runt,
765 4952 1086 5019 utrumque
1117 4948 1304 5002 instar
1337 4946 1570 5002 comitis
1603 4947 1848 5010 habent,
1895 4947 2188 5016 gaudium

551 5034 824 5090 videlicet
844 5041 900 5092 et
951 5036 1446 5099 consolationem,
1493 5041 1713 5090 metum
1755 5052 1823 5091 ac
1859 5040 2196 5104 tremorem,

550 5123 1005 5180 exsultationem
1047 5131 1101 5180 et
1141 5125 1385 5180 luctum.
1429 5125 1748 5196 Deplorant
1787 5125 1945 5179 enim
1970 5125 2201 5193 teipsos

549 5217 602 5267 et
643 5214 985 5269 universum
1005 5213 1933 5286 Adam,quiaunaesthominum
1967 5221 2196 5269 natura.

550 5307 613 5360 Et
634 5303 916 5376 lacrymee
957 5305 1048 5359 his
1075 5305 1198 5360 vice
1227 5307 1398 5377 panis
1422 5309 1580 5370 sunt,
1625 5310 1680 5358 et
1707 5303 1901 5358 luctus
1927 5303 2050 5357 vice
2070 5319 2202 5359 sua-

549 5393 743 5453 vitatis
768 5400 823 5451 et
863 5394 1110 5466 requiei.

1759 5699 1805 5733 ⁸⁸
1847 5695 2025 5753 Hebr.
2056 5711 2129 5759 γι,
2170 5699 2220 5750 4.

622 5706 669 5739 ⁵⁸
705 5705 837 5759 Luc.
869 5719 977 5768 xw,
1020 5703 1107 5759 33.
1185 5702 1231 5737 ⁸⁷
1268 5701 1426 5757 toan.
1469 5702 1679 5766 xn,25.

2309 4612 2397 4660 καὶ
2424 4609 2656 4677 γίνονται
2681 4605 2894 4673 χείρους
2915 4598 2973 4651 οὗ
3005 4595 3156 4661 ἦσαν,
3192 4598 3440 4666 κοσμικοὶ
3482 4597 3612 4650 ὄντες
3643 4608 3656 4622 ο
3696 4588 3801 4659 οὐχ
3833 4589 3922 4640 ὃτι

2311 4698 2334 4748 ό
2411 4699 2535 4754 Θεὸς
2582 4695 2800 4764 τρεπτός
2868 4688 2979 4741 ἐστι
3053 4691 3142 4738 καὶ
3202 4683 3441 4748 ἀσθενὴς,
3510 4682 3538 4740 ἡ
3599 4683 3656 4731 τὸ
3708 4685 3925 4750 Πνεῦμα

2313 4785 2602 4847 σϐέννυται,
2667 4779 2773 4831 ἀλλ’
2826 4777 2974 4830 αὐτοὶ
3032 4777 3080 4828 οἱ
3136 4773 3398 4847 ἂνθρωποι
3463 4774 3524 4823 ού
3581 4775 3923 4841 συμφωνοῦσι

2309 4882 2371 4947 τῇ
2427 4874 2615 4945 χάριτι
2645 4887 2656 4900 ⁸
2723 4866 2817 4921 διὰ
2873 4873 3024 4919 τοῦτο
3083 4868 3416 4936 ἐκτρέπονται
3493 4864 3582 4913 καὶ
3635 4862 3921 4911 πίπτουσιν

2311 4963 2377 5023 εἰς
2431 4965 2595 5034 μυρία
2642 4960 2801 5012 κακά.
2866 4958 2931 5009 Οἱ
3006 4957 3103 5030 γὰρ
3179 4955 3492 5024 γευσάμενοι
3578 4949 3773 5009 ἐκείνης
3825 4954 3923 5005 τῆς

2313 5048 2532 5124 δωρεᾶς,
2592 5051 2783 5118 ἔχουσι
2839 5048 2904 5097 τὰ
2938 5042 3202 5116 ἀμφότερα
3234 5045 3454 5093 συνόντα
3506 5037 3702 5100 αὐτοῖς,
3744 5036 3922 5108 χαρὰν

2310 5147 2400 5192 καὶ
2457 5137 2809 5213 παράκλησιν,
2871 5133 3024 5206 φόϐον
3078 5136 3167 5183 καὶ
3220 5134 3431 5202 τρόμον,
3491 5125 3800 5197 ἀγαλλίασιν
3831 5127 3924 5174 καὶ

2311 5210 2825 5288 πένθοςξῘΙενθοῦσι
2873 5226 2974 5295 γὰρ
3038 5221 3250 5281 ἑαυτοὺς
3302 5222 3390 5269 καὶ
3443 5216 3554 5268 ὅλον
3598 5218 3683 5266 τὸν
3715 5210 3918 5283 Ἀδὰμ,

2313 5315 2494 5374 ἐπειδὴ
2554 5321 2651 5386 μία
2706 5313 2844 5367 ἐστὶν
2898 5314 2928 5370 ἡ
2993 5314 3148 5382 φύσις
3199 5317 3297 5361 τῶν
3348 5305 3629 5379 ἀνθρώπων
3659 5323 3671 5335 ·
3718 5307 3806 5353 καὶ
3852 5303 3918 5353 τὰ

2319 5405 2526 5481 δάκρυα
2603 5412 2701 5457 τῶν
2780 5404 3024 5456 τοιούτων
3063 5402 3216 5472 ἄρτος
3276 5401 3408 5461 ἐστὶ,
3469 5399 3559 5446 καὶ
3614 5396 3672 5445 τὸ
3736 5392 3920 5450 πένθος

2312 5496 2574 5568 γλυκύτης
2614 5498 2705 5546 καὶ
2738 5492 3028 5551 ἀνάπαυσις
3040 5535 3052 5547 ,
