4148 6262
362 325 463 384 601

1639 318 1980 378 HOMILUE.
2022 349 2089 360 —
2133 320 2316 382 HOM.
2359 325 2480 383 XV.

3618 339 3724 394 602

430 453 551 508 AZ’.
585 453 707 508 Ἐὰν
759 448 817 504 δι
867 447 992 523 ἴδῃς
1048 451 1166 502 τινὰ
1215 448 1496 521 ἐπηρμένον
1548 451 1636 500 xui
1666 449 1947 518 τετυφωμέ-

2135 449 2251 521 63
2291 452 2530 507 XXXVII.
2575 453 2630 509 Si
2671 470 2811 510 vero
2849 458 3198 530 quempiam
3223 459 3429 515 videas
3452 460 3611 516 fastu
3651 479 3720 519 ac

356 562 440 595 νον
498 545 570 604 ὡς
605 546 828 614 μέτοχον
872 544 993 592 ὄντα
1068 547 1161 599 τῆς
1230 540 1474 610 χάριτος,
1524 537 1668 596 οὗτος
1725 534 1808 587 ἐὰν
1865 539 1954 586 καὶ

359 639 554 703 σημεῖα
614 636 836 703 ποιήσῃ,
910 634 1000 681 καὶ
1078 632 1282 702 νεκροὺς
1344 627 1534 699 ἐγείρῃ,
1601 630 1672 697 μὴ
1745 628 1844 697 ἔχῃ
1896 623 1956 677 δε

351 725 447 779 τὴν
546 720 733 791 ψυχὴν
809 720 970 771 αὑτοῦ
1044 719 1228 789 ἄτιμον
1315 721 1405 768 καὶ
1506 711 1953 786 ἐξουδενουμένην,

353 815 443 862 καὶ
589 812 801 880 πτωχός
867 815 938 877 τῷ
1017 808 1270 878 πνεύματι
1343 809 1433 857 καὶ
1482 801 1784 876 βδελυκτός,
1848 803 1956 854 κλέ-

352 919 537 951 πτεται
593 901 691 950 ύπό
759 906 850 958 τῆς
900 901 1084 956 κακίας
1116 899 1203 947 καὶ
1258 895 1352 946 ούκ
1409 891 1520 947 οἶδε
1551 916 1561 927 ·
1620 893 1784 946 καὶεί
1821 899 1957 945 ποιεῖ

358 995 570 1060 σημεῖα,
622 987 716 1039 ούκ
772 990 913 1039 ἔστιν
967 985 1107 1056 αύτῷ
1156 992 1438 1037 πιστεῦσαι
1471 1000 1483 1013 ·
1515 986 1571 1035 τό
1607 986 1708 1055 γὰρ
1743 989 1956 1053 σημεῖον

353 1084 443 1128 τοῦ
485 1082 909 1149 Χριστιανισμοῦ
948 1078 1097 1126 τοῦτό
1137 1072 1267 1139 ἔστι,
1302 1076 1360 1124 τό
1410 1077 1531 1124 ὄντα
1576 1075 1695 1124 τινὰ
1736 1068 1956 1142 δόκιμον

349 1173 442 1217 τοῦ
474 1173 626 1233 Θεοῦ,
683 1162 1001 1225 σπουδάζειν
1057 1163 1320 1214 λανθάνειν
1375 1162 1690 1234 ἀνθρώπους.
1756 1166 1856 1212 Καὶ
1917 1155 1959 1211 εἰ

350 1257 465 1326 ἔχει
518 1255 666 1315 ὅλους
719 1258 838 1315 τοὺς
890 1255 1189 1326 θησαυρούς
1237 1259 1327 1303 τοῦ
1387 1248 1662 1323 βασιλέως,
1715 1251 1958 1323 κρύπτειν

367 1344 577 1407 αύτούς,
630 1349 720 1396 xui
751 1346 969 1396 πάντοτε
1032 1341 1194 1412 λέγειν
1244 1343 1324 1392 ὅτι
1382 1340 1509 1392 Ούκ
1559 1338 1732 1392 ἐστιν
1790 1340 1956 1408 ἐμός,

351 1433 547 1495 ἄλλος
604 1453 711 1505 μοι
752 1434 1064 1505 παρέθετο
1129 1433 1236 1483 τόν
1298 1431 1624 1502 θησαυρὸν
1697 1434 1954 1480 τοῦτον·

353 1525 600 1596 ἑγὼγὰρ
641 1527 900 1592 πτωχός
933 1521 1084 1593 εἰμι.
1119 1523 1238 1572 Καὶ
1279 1521 1380 1570 ὅτε
1423 1518 1606 1581 θέλει,
1643 1516 1954 1589 λαμϐάνει

363 1614 552 1662 αὐτόν
602 1609 698 1662 ἀπ’
740 1613 908 1682 ἐμοῦ.
944 1610 1002 1663 Εἰ
1033 1607 1092 1662 δέ
1128 1628 1208 1669 τις
1229 1607 1385 1678 λέγει,
1442 1607 1760 1666 Πλούσιός
1801 1606 1951 1676 εἰμι,

371 1697 580 1771 ἀρκεῖ,
644 1698 1047 1770 ἐκτησάμην,
1106 1701 1322 1750 οὐκέτι
1373 1698 1623 1769 χρῄζω,
1675 1697 1956 1754 ότοιοῦτος

2067 540 2350 610 superbia
2387 540 2632 606 elatum,
2681 544 2860 599 veluti
2895 546 2998 618 qui
3041 548 3108 602 sit
3149 549 3448 620 particeps
3491 551 3718 619 gratiae,

2067 627 2160 682 hic
2202 627 2337 684 licet
2381 631 2552 698 signa
2591 631 2789 694 faciat,
2831 649 2901 688 ac
2947 640 3213 691 mortuos
3270 640 3607 705 exsuscitet,
3666 646 3721 697 et

2065 731 2188 771 non
2217 722 2417 773 tamen
2444 719 2664 775 habeat
2694 721 2989 791 abjectam
3021 729 3077 777 et
3107 725 3392 782 humilem
3427 729 3718 793 animam,

2068 820 2176 860 nec
2211 822 2439 877 pauper
2469 808 2675 880 spiritu
2705 815 2760 864 et
2785 809 3230 868 abominandus
3262 816 3356 880 sit,
3391 817 3438 871 is
3470 818 3723 889 subripi-

2069 898 2211 949 tura
2242 894 2402 959 vitio,
2433 901 2489 951 et
2512 897 2757 968 quidem
2779 900 3015 956 nescius
3049 918 3059 954 :
3091 908 3146 956 et
3173 903 3306 959 licet
3328 905 3498 974 signa
3522 907 3718 966 faciat.

2069 998 2188 1037 non
2217 989 2417 1039 tamen
2449 986 2498 1039 ei
2535 987 2897 1044 credendum
2928 995 3038 1044 est.
3074 991 3321 1060 Signum
3358 995 3516 1048 enim
3559 995 3722 1050 Chri-

2069 1071 2364 1126 stianismi
2391 1074 2502 1129 hoc
2528 1081 2638 1139 est,
2673 1082 2734 1130 ut
2771 1077 2986 1148 aliquis
3021 1082 3135 1134 Deo
3170 1081 3242 1135 sit
3278 1082 3589 1152 probatus,
3632 1089 3722 1138 ut-

2069 1174 2185 1229 que
2213 1160 2446 1216 studeat
2471 1162 2649 1218 latere
2685 1180 2887 1219 coram
2925 1167 3308 1233 hominibus;
3353 1175 3407 1225 et
3441 1175 3520 1235 ut,
3553 1171 3603 1226 si
3633 1171 3724 1225 vel

2071 1248 2382 1303 universos
2427 1250 2737 1307 thesauros
2768 1254 2924 1325 regis
2958 1256 3283 1326 possideat,
3329 1275 3431 1314 eos
3471 1259 3726 1314 occultet

2071 1352 2141 1391 ac
2163 1340 2566 1409 semperdicat
2590 1358 2602 1395 :
2639 1341 2972 1398 Thesaurus
2992 1361 3107 1401 non
3139 1353 3220 1401 est
3241 1349 3540 1413 meus,sed
3564 1349 3723 1404 alius

2069 1441 2199 1482 eum
2213 1428 2374 1494 apud
2397 1430 2769 1498 medeposuit
2791 1449 2807 1485 :
2831 1448 2934 1502 ego
2960 1435 3114 1490 enim
3136 1438 3440 1492 mendicus
3461 1453 3590 1493 sum
3618 1459 3636 1494 :
3668 1445 3723 1493 et

2068 1517 2308 1586 quando
2331 1518 2382 1573 ei
2397 1519 2714 1586 placuerit,
2740 1527 2958 1590 repetet
2986 1539 3114 1578 eum
3135 1539 3168 1580 a
3200 1541 3309 1581 me.
3339 1527 3395 1582 Si
3417 1543 3559 1582 vero
3584 1527 3722 1598 quis

2068 1605 2226 1659 dicat
2249 1624 2262 1661 :
2298 1608 2465 1662 Dives
2486 1624 2634 1673 sum,
2654 1610 2899 1679 sufﬁcit,
2923 1612 3075 1668 bona
3102 1615 3388 1683 possideo,
3408 1616 3589 1672 nihili
3609 1631 3726 1672 am-

2066 1694 2487 1765 pliusindigeo,
2512 1697 2809 1767 ejusmodi
2830 1701 2930 1770 qui
2949 1707 3055 1765 est,
3081 1717 3203 1757 non
3225 1710 3312 1757 est
3334 1704 3723 1768 Christianus,

360 1787 453 1838 ούκ
494 1789 606 1839 ἔστι
632 1791 968 1862 Χριστιανός,
1002 1786 1129 1840 ἀλλὰ
1170 1792 1354 1847 σκεῦός
1392 1784 1504 1838 ἐστι
1528 1794 1622 1847 τῆς
1651 1783 1947 1847 πλάνηςκαῖ

2069 1782 2174 1837 sed
2201 1800 2306 1837 vas
2337 1785 2681 1855 imposturte
2717 1793 2770 1841 et
2812 1789 3057 1844 diaboli.
3091 1791 3406 1848 Delectatio
3432 1793 3593 1848 enim
3623 1793 3724 1848 Dei

355 1883 447 1928 τοῦ
499 1873 768 1928 διαϐόλου.
810 1876 867 1928 Ἠ
902 1880 1001 1948 γὰρ
1040 1875 1330 1936 ἀπόλαυσις
1394 1883 1484 1927 τοῦ
1518 1882 1649 1928 Θεοῦ
1681 1874 1955 1947 ἁκόρεστός

359 1964 493 2032 ἔστι,
522 1971 608 2018 καὶ
651 1968 771 2018 ὅσον
825 1965 984 2018 αύτοῦ
1025 1968 1232 2037 γεύεταί
1260 1985 1336 2026 τις
1366 1970 1454 2017 καὶ
1486 1964 1669 2028 ἐσθίει,
1710 1971 1955 2015 τοσοῦτον

352 2057 576 2116 ἔκπεινος
638 2060 892 2127 γίγνεται.
946 2060 1047 2108 Καὶ
1101 2059 1194 2113 τὴν
1261 2062 1456 2107 παῦσιν
1509 2058 1598 2105 καὶ
1649 2057 1737 2104 τόν
1791 2055 1956 2124 ἔρωτα

353 2148 481 2217 πρὸς
510 2148 594 2197 τὸν
644 2149 773 2198 Θεὸν
809 2148 1026 2216 ἔχουσιν
1081 2145 1444 2216 ἀκατάσχετον
1476 2146 1524 2195 οἰ
1550 2149 1776 2194 τοιοῦτοι
1802 2159 1814 2170 ·
1865 2146 1954 2193 καὶ

352 2234 458 2305 ὂσῳ
491 2231 862 2294 σπουδάζουσι
921 2239 1251 2306 προκόπτειν,
1312 2237 1399 2285 καὶ
1445 2233 1783 2304 ἓπιπορίζειν,
1833 2249 1954 2282 τοσ-

351 2331 499 2375 οῦτον
570 2322 785 2384 ἑαυτοὺς
841 2325 1093 2393 ἡγοῦνται
1179 2327 1443 2393 πτωχοὺς,
1499 2325 1563 2382 ὡς
1628 2318 1815 2381 ἐνδεεῖς
1862 2324 1952 2371 xui

349 2409 516 2485 μηδεν
547 2418 934 2485 κεκτημένους·
991 2420 1144 2464 τοῦτο
1217 2414 1317 2483 γὰρ
1375 2412 1634 2482 λέγουσιν,
1691 2411 1770 2461 ότι
1824 2409 1952 2460 Ούκ

351 2502 485 2573 εἰμι
547 2501 749 2565 ἄξιος,
802 2503 905 2553 ἵνα
935 2498 1113 2560 οὖτος
1153 2501 1178 2552 ὁ
1219 2499 1396 2560 ἣλιος
1430 2497 1764 2570 ἓπιλάμψῃ
1795 2517 1900 2570 μοι
1935 2514 1946 2527 ³

348 2590 510 2643 Τοῦτό
559 2590 674 2642 ἐστι
716 2594 771 2643 τό
828 2597 1042 2662 σημεῖον
1091 2596 1184 2642 τοῦ
1237 2594 1680 2664 Χριστιανισμοῦ,
1735 2587 1865 2645 αύτὴ
1917 2588 1945 2644 ἡ

350 2684 683 2740 ταπείνωσις.

438 2804 568 2859 ΛΗ’.
603 2805 661 2858 Ei
691 2802 751 2858 δέ
781 2823 860 2865 τις
884 2803 1018 2875 λέγει
1054 2805 1134 2856 ὃτι
1161 2804 1517 2876 Ἀρκοῦμαι
1563 2807 1671 2856 καὶ
1720 2801 1952 2859 πεπλή-

348 2915 577 2970 ρωμαι,
638 2895 784 2956 οὗτος
825 2894 1016 2955 πλάνος
1074 2897 1184 2946 ἐστὶ
1237 2899 1326 2945 xui
1354 2893 1604 2964 ψεύστης.
1657 2892 1857 2965 ’Ὥσπερ
1891 2894 1948 2942 τὸ

357 2992 508 3055 σῶμα
537 2991 628 3035 τοῦ
664 2989 858 3057 Κυρίου
899 2980 1186 3047 ἐδοξάσθη,
1242 2985 1324 3034 ὅτε
1368 2981 1579 3040 ἀνῆλθεν
1611 2982 1680 3042 εἰς
1711 2985 1767 3033 τὸ
1809 2985 1946 3053 ὅρος,

352 3076 441 3123 xui
495 3075 858 3146 μετεμορφώθη
919 3072 990 3134 είς
1041 3076 1133 3129 τὴν
1193 3074 1366 3129 θεῐκὴν
1429 3068 1607 3134 δόξαν,
1664 3075 1752 3122 xui
1795 3070 1860 3129 εἰς
1890 3072 1948 3120 τὸ

360 3167 466 3230 φῶς
498 3162 556 3211 τό
610 3162 839 3234 ἄπειρον,
892 3161 1052 3220 οὓτως
1108 3163 1199 3211 xui
1245 3162 1311 3211 τὰ
1370 3164 1584 3231 σώματα
1627 3167 1725 3211 τῶν
1789 3158 1950 3227 ἁγίων

360 3244 640 3310 δοξάζεται
726 3255 815 3301 xui
917 3249 1287 3322 έξαστράπτει,
1401 3248 1490 3308 Ὠς
1577 3250 1677 3322 ’γάρ
1764 3249 1950 3298 ἔσωθεν

353 3338 384 3395 ἠ
441 3333 572 3400 δόξα
637 3345 728 3390 τοῦ
793 3344 1028 3410 Χριστοῦ
1105 3336 1240 3388 ούτω
1307 3335 1581 3408 ἔφηπλώθη
1637 3343 1708 3405 τῷ
1746 3341 1950 3407 σώματι

354 3425 515 3478 αὐτοῦ
563 3432 652 3478 xui
711 3425 1000 3497 ἐξέλαμψε·
1055 3429 1142 3478 τόν
1195 3425 1349 3478 αὐτὸν
1414 3429 1603 3499 τρόπον
1681 3426 1774 3476 κὰν
1844 3431 1949 3484 τοῖς

353 3512 540 3584 ἁγίοις,
610 3517 639 3572 ἡ
698 3517 884 3566 ἔσωθεν
925 3511 1060 3566 οὖσα
1118 3522 1212 3566 τοῦ
1277 3522 1514 3587 Χριστοῦ
1589 3510 1833 3585 δύναμις,
1897 3516 1947 3564 ἓν

348 3601 512 3676 ἐκείνῃ
579 3611 641 3676 τῇ
725 3606 896 3677 ἡμέρᾳ
978 3603 1158 3665 ἔξωθεν
1239 3603 1307 3665 εἰς
1363 3606 1428 3655 τὰ
1509 3609 1729 3675 σώματα
1780 3605 1948 3655 αὐτῶν

348 3695 737 3765 ὑπερεκχεῖται.
795 3696 896 3745 Καί
970 3694 1068 3764 γὰρ
1124 3694 1178 3744 ἑκ
1243 3700 1334 3752 τῆς
1396 3693 1556 3744 αὐτοῦ
1622 3691 1801 3752 οὐσίας
1857 3696 1947 3744 xui

346 3786 546 3853 φύσεως
577 3780 678 3834 ἀπὸ
743 3789 835 3834 τοῦ
886 3789 974 3832 νῦν
1041 3785 1357 3853 μετέχουσιν
1417 3781 1466 3834 ἐν
1523 3789 1595 3852 τῷ
1639 3790 1708 3852 νῷ
1755 3781 1946 3838 αὐτῶν.

347 3875 643 3945 Γέγραπται
673 3873 797 3943 γὰρ.
825 3869 891 3921 ”Ο
921 3889 983 3923 τε
1024 3870 1336 3941 ἁγιάζων,
1367 3876 1474 3924 καὶ
1514 3874 1571 3924 οἱ
1597 3870 1949 3943 ἁγιαζόμε-

343 3979 439 4010 νοι
479 3959 542 4022 ἐξ
598 3959 754 4019 ἑνός.
809 3964 945 4011 Kui'
989 3958 1184 4021 Δόξαν
1224 3961 1294 4019 ἣν
1343 3956 1634 4022 δέδωκάς
1679 3981 1806 4032 μοι,
1857 3957 1949 4013 δέ·

346 4046 380 4100 δ
396 4069 524 4100 ωκα
554 4050 626 4100 αύ
642 4068 708 4100 το
729 4056 746 4100 ἰ
764 4070 803 4108 ς.
829 4046 1026 4121 Ὠσπερ
1051 4047 1151 4099 ἀπὸ
1175 4048 1283 4110 ἐνὸς
1302 4053 1466 4121 πυρός
1491 4049 1741 4101 ἅπτονται
1757 4050 1946 4120 λύχνοι

342 4136 540 4203 πολλοὶ,
578 4136 776 4206 ἀνάγκη
832 4141 922 4188 καὶ
966 4138 1033 4188 τὰ
1064 4143 1285 4208 σώματα
1337 4145 1436 4187 τῶν
1468 4137 1630 4207 ἁγίων
1660 4137 1787 4209 μέλη
1821 4145 1947 4211 Χρι-

344 4234 470 4280 στοῦ
524 4230 661 4292 ὄντα,
698 4229 756 4279 τὸ
805 4225 932 4277 αύτό
969 4227 1245 4297 γίγνεσθαι
1283 4226 1405 4297 ὅπερ
1446 4225 1582 4277 ἐστὶν
1623 4226 1647 4276 ό
1679 4228 1935 4299 Χριστός.

414 4440 548 4495 ΛΘ’.
577 4439 945 4514 Ἐρώτησις.
985 4445 1122 4501 Πῶς
1160 4437 1467 4511 ἀνώτεροι
1506 4443 1846 4510 ’γίγνονται
1885 4441 1942 4491 οἱ

342 4534 730 4603 Χριστιανοὶ
794 4537 902 4583 τοῦ
941 4535 1193 4604 πρώτου
1260 4525 1464 4600 Ἀδάμ
1497 4547 1509 4598 ;
1544 4528 1784 4590 ἐκεῖνος
1821 4532 1939 4603 γὰρ

341 4618 670 4681 ἀθάνατος
718 4628 812 4687 ῆν,
871 4624 978 4672 xui
1027 4617 1254 4689 ψυχὴν
1307 4623 1414 4670 xui
1473 4626 1650 4686 σῶμα
1707 4617 1939 4690 ἄφθαρ-

339 4726 486 4766 τος-
547 4711 606 4759 oi
661 4707 728 4760 δε
797 4707 1297 4767 ἀποθνήσκουσι
1362 4712 1468 4761 xui
1536 4709 1933 4782 φθείρονται.

410 4917 810 4993 Ἀπόκρισις.
869 4919 926 4972 Ὀ
959 4920 1197 4984 ἀληθινός
1249 4924 1466 4982 θάνατος
1514 4918 1658 4975 ἔνδον
1697 4924 1835 4976 ἐστὶν
1885 4922 1932 4976 ἐν

335 5016 397 5081 τῇ
440 5005 657 5082 καρδίᾳ,
707 5013 796 5060 καὶ
851 5014 1155 5083 κέκρυπται,
1209 5016 1298 5063 καὶ
1347 5013 1372 5063 ὁ
1425 5013 1693 5087 ἄνθρωπος
1747 5013 1771 5062 ό
1830 5016 1931 5065 ἔσω

333 5102 636 5173 νενέκρωται
671 5113 684 5126 ⁸
720 5101 764 5151 εἴ
813 5117 890 5160 τις
946 5095 1032 5150 οὖν
1076 5099 1420 5171 μεταϐέϐηκεν
1459 5100 1514 5152 ἐκ
1555 5109 1646 5153 τοῦ
1707 5103 1926 5154 θανάτου

335 5188 406 5251 εἰς
456 5191 549 5246 την
599 5187 738 5248 ζωὴν
783 5190 919 5239 κατὰ
965 5191 1022 5240 τό
1076 5192 1323 5261 κρυπτὸν,
1389 5189 1538 5251 οὗτος
1603 5189 1807 5253 ἀληθῶς
1858 5192 1928 5254 εἰς

331 5281 451 5340 τοὺς
481 5277 666 5338 αἰῶνας
716 5280 804 5349 ζῇ,
854 5281 942 5329 καὶ
995 5276 1089 5329 ούκ
1128 5278 1466 5336 ἀποθνήσκει.
1498 5278 1638 5334 Ἀλλ’
1671 5280 1713 5332 εἰ
1743 5285 1830 5332 καὶ
1863 5284 1928 5333 τὰ

337 5374 557 5439 σώματα
605 5373 706 5418 τῶν
758 5368 1000 5418 τοιούτων
1061 5365 1238 5418 λύεται
1311 5371 1436 5440 πρὸς
1483 5372 1684 5443 καιρόν,
1742 5369 1927 5440 ἐγείρε-

948 5457 1247 5528 ἠγιασμένα
1281 5458 1381 5531 γὰρ
1433 5459 1583 5512 εἰσιν.
1629 5457 1813 5511 Ὕπνον
1839 5455 1924 5511 οὖν

329 5543 539 5616 λέγομεν
613 5549 703 5599 xui
771 5549 1021 5619 κοὶμησιν
1087 5553 1187 5597 τῶν
1234 5547 1556 5620 Χριστιανῶν
1626 5551 1712 5600 τόν
1768 5549 1922 5602 θάνα-

328 5475 414 5508 ται
434 5451 584 5516 αὖθις
624 5455 671 5507 ἐν
704 5451 831 5528 δόξῃ
873 5470 886 5482 ⁸

403 5727 448 5761 σο
482 5724 656 5782 Hebr.
691 5741 752 5781 u.
789 5730 871 5782 Η.
948 5727 997 5762 ⁷ο
1023 5728 1195 5796 toan,
1226 5741 1369 5794 xvu,
1409 5729 1496 5781 22.

1993 3141 2031 3196 C
2061 3153 2120 3206 in
2171 3153 2468 3209 inﬁnitum
2515 3156 2719 3210 lumen
2759 3162 2911 3211 esset
2944 3157 3435 3227 transﬁguratum

2066 1871 2418 1926 insatiabilis
2459 1879 2566 1941 est,
2617 1879 2672 1928 et
2711 1883 2936 1945 quanto
2979 1880 3172 1947 magis
3215 1881 3347 1951 quis
3390 1883 3641 1950 gustarit
3667 1886 3725 1937 et

2066 1958 2270 2025 ederit,
2300 1967 2462 2016 tanto
2494 1962 2688 2031 magis
2720 1965 2952 2020 esuriet.
2987 1968 3050 2020 Et
3087 1968 3188 2038 qui
3223 1969 3519 2036 ejusmodi
3560 1976 3720 2040 sunt,

2066 2049 2342 2103 ardorem
2392 2056 2569 2121 atque
2609 2068 2877 2107 amorem
2919 2069 3060 2124 erga
3101 2059 3420 2113 Dominum
3472 2059 3718 2125 habent,

2065 2138 2166 2209 qui
2198 2139 2452 2194 coerceri
2479 2141 2704 2212 nequit,
2743 2147 2798 2197 et
2833 2149 3060 2214 quanto
3105 2145 3396 2215 majorem
3436 2147 3724 2204 adhibue-

2063 2226 2179 2280 rint
2198 2241 2442 2297 operam
2468 2229 2814 2298 proﬁciendi
2841 2247 2910 2286 ac
2937 2233 3263 2298 crescendi,
3295 2239 3456 2290 tanto
3486 2252 3548 2289 se
3576 2252 3724 2306 pau-

2064 2315 2324 2385 periores
2354 2323 2654 2388 reputant,
2705 2324 2994 2391 tanquam
3033 2323 3204 2390 egeni
3245 2338 3314 2378 ac
3353 2323 3499 2378 nihil
3535 2325 3724 2396 possi-

2063 2402 2289 2459 dentes.
2327 2408 2443 2460 Hoc
2465 2407 2623 2461 enim
2650 2407 2854 2464 dicunt
2888 2425 2899 2463 :
2933 2410 3069 2466 Non
3096 2426 3225 2466 sum
3257 2412 3494 2482 dignus,
3529 2421 3594 2468 ut
3633 2417 3724 2471 sol

2063 2493 2248 2548 radiis
2274 2495 2395 2549 suis
2426 2510 2517 2550 me
2552 2495 2867 2552 illuminet.
2905 2501 3020 2553 Hoc
3053 2504 3140 2553 est
3169 2500 3409 2568 signum
3445 2501 3725 2559 Christia-

2061 2582 2259 2647 nismi,
2293 2582 2426 2654 ipsa
2456 2583 2676 2640 scilicet
2711 2585 3034 2643 humilitas.

2136 2800 2402 2855 XXXVIII.
2443 2801 2513 2854 At
2550 2801 2598 2856 si
2637 2801 2941 2874 quispiam
2981 2803 3184 2861 dicat:
3228 2806 3552 2862 Contentus
3591 2823 3719 2862 sum

2060 2894 2112 2942 et
2135 2888 2370 2957 plenus,
2399 2890 2674 2945 seductor
2697 2891 2789 2946 ille
2809 2897 2898 2947 est
2917 2897 2975 2947 et
3006 2894 3287 2950 mendax.
3319 2896 3720 2959 Quemadmo-

2061 2976 2208 3030 dum
2251 2978 2409 3032 enim
2449 2978 2846 3047 gloriﬁcatum
2894 2986 2980 3036 est
3019 2997 3237 3052 corpus
3282 2985 3534 3052 Domini,
3580 3000 3719 3038 cum

2063 3066 2513 3121 conscendisset
2545 3073 2827 3134 montem,
2863 3074 2918 3124 et
2952 3070 3010 3124 in
3043 3071 3312 3126 divinam
3347 3071 3620 3141 gloriam,
3665 3076 3721 3127 et

3474 3177 3486 3213 :
3531 3160 3612 3214 sic
3665 3165 3722 3215 et

2061 3255 2314 3310 corpora
2335 3249 2681 3298 sanctorum
2715 3243 3143 3313 gloriﬁcantur,
3177 3253 3233 3300 et
3259 3245 3506 3315 fulgoris
3531 3248 3720 3303 instar

2060 3328 2280 3385 lucent.
2302 3331 2828 3396 Quemadmodum
2851 3335 3009 3389 enim
3037 3333 3224 3402 gloria
3250 3335 3459 3391 Christi
3479 3336 3718 3392 interior

2060 3418 2142 3472 sic
2172 3420 2430 3476 contexit
2461 3436 2700 3492 corpus,
2733 3427 2789 3477 et
2816 3421 3189 3493 exsplenduit
3220 3440 3232 3489 ;
3277 3424 3491 3480 eodem
3529 3425 3712 3481 modo

2057 3513 2113 3561 et
2143 3507 2202 3562 in
2244 3509 2463 3564 sanctis
2500 3510 2742 3566 interior
2776 3512 2984 3567 Christi
3026 3513 3212 3568 virtus
3251 3513 3310 3568 in
3351 3513 3446 3569 die
3479 3514 3577 3570 illa
3617 3530 3714 3571 ex-

2054 3598 2239 3652 terius
2269 3599 2329 3654 in
2365 3615 2617 3671 corpora
2651 3600 2885 3656 illorum
2933 3601 3272 3657 effunditur.
3308 3604 3538 3658 Etenim
3574 3604 3714 3659 sub-

2059 3690 2288 3744 stantiae
2319 3695 2376 3745 et
2412 3695 2640 3744 naturae
2671 3689 2800 3760 ejus
2830 3707 2901 3745 ex
2936 3689 3050 3745 hoc
3092 3697 3358 3763 tempore
3389 3693 3714 3765 participes

2058 3783 2198 3833 sunt
2225 3779 2284 3833 in
2315 3780 2516 3834 animo
2533 3794 2663 3833 suo.
2699 3780 2994 3850 Scriptum
3021 3785 3109 3836 est
3133 3782 3293 3836 enim
3324 3799 3336 3836 :
3367 3783 3475 3850 Qui
3499 3783 3721 3839 sancti'

2055 3870 2219 3937 ﬁcat,
2246 3875 2299 3925 et
2323 3870 2754 3936 sanctiﬁcatur,
2788 3885 2863 3926 ea:
2884 3886 3000 3924 uno
3019 3875 3155 3926 sunt
3176 3874 3246 3925 69.
3279 3875 3343 3926 Et
3375 3890 3387 3927 :
3420 3873 3707 3936 Gloriam,

2056 3975 2234 4029 quam
2262 3959 2478 4014 dedisti
2499 3959 2663 4026 mihi,
2688 3959 2823 4014 dedi
2847 3959 2970 4013 illis
2987 3961 3056 4013 ⁷ο.
3078 3961 3605 4024 Quemadmodum
3630 3961 3708 4016 ab

2058 4063 2179 4101 uno
2205 4048 2540 4117 eodemque
2584 4047 2720 4118 igne
2756 4048 2954 4117 plures
2988 4048 3245 4103 lucernae
3277 4051 3707 4115 accenduntur,

2058 4137 2144 4190 sic
2197 4151 2437 4189 necesse
2479 4151 2721 4206 quoque
2769 4142 2878 4199 est,
2917 4141 2978 4190 ut
3026 4152 3278 4208 corpora
3337 4143 3708 4206 sanctorum,

2055 4240 2190 4294 quae
2208 4229 2347 4277 sunt
2369 4223 2576 4279 Christi
2595 4223 2889 4289 membra,
2911 4224 3066 4280 idem
3090 4225 3369 4291 evadant,
3393 4227 3558 4298 quod
3579 4226 3710 4297 ipse

2058 4313 2322 4369 Christus
2357 4318 2464 4368 est.

2125 4441 2339 4496 XXXIX.
2385 4439 2804 4508 Interrogatio.
2841 4439 2964 4506 Quo
3001 4445 3178 4508 pacto
3218 4441 3479 4497 evadunt
3526 4443 3707 4500 Chri-

2053 4529 2234 4584 stiani
2242 4529 2371 4597 ipso
2384 4527 2575 4597 primo
2587 4528 2634 4582 A
2645 4528 2781 4584 dam
2795 4528 3126 4598 superiores
3140 4530 3168 4586 ἳ
3182 4531 3285 4586 ille
3300 4530 3585 4601 siquidem
3599 4533 3710 4587 im-

2053 4619 2324 4673 mortalis
2345 4625 2491 4680 erat,
2507 4623 2559 4672 et
2582 4633 2700 4672 non
2718 4617 2916 4672 anima
2933 4618 3123 4687 modo,
3151 4634 3351 4674 verum
3380 4622 3552 4676 etiam
3572 4636 3702 4676 cor-

2041 4723 2190 4775 pore
2218 4705 2727 4776 incorruptibilis:
2756 4705 2819 4761 hi
2839 4721 2970 4763 vero
2995 4708 3335 4763 moriuntur
3362 4715 3415 4765 et
3437 4724 3705 4766 corrum-

2043 4803 2297 4865 puntur.

2116 4920 2447 4992 Responsio.
2495 4923 2641 4978 Vera
2677 4937 2840 4978 mors
2884 4921 3044 4977 intus
3082 4922 3143 4978 in
3193 4921 3369 4978 corde
3405 4922 3589 4980 haeret
3626 4941 3696 4982 ac

2041 5011 2201 5078 latet,
2252 5017 2430 5082 atque
2486 5011 2670 5066 homo
2701 5011 2945 5066 interior
2999 5017 3267 5067 mortuus
3299 5019 3406 5068 est.
3449 5014 3506 5068 Si
3561 5016 3695 5088 quis

2042 5117 2183 5170 ergo
2216 5101 2513 5156 transierit
2542 5116 2577 5155 a
2609 5106 2794 5156 morte
2821 5099 2881 5155 in
2917 5102 3099 5157 vitam
3131 5101 3448 5168 occultam,
3486 5104 3578 5160 ille
3608 5121 3695 5161 re-

2041 5206 2182 5246 vera
2211 5190 2271 5244 in
2311 5188 2530 5245 saecula
2559 5191 2718 5255 vivit,
2751 5205 2858 5245 nec
2890 5192 3157 5246 moritur.
3191 5191 3343 5246 Licet
3373 5194 3532 5248 enim
3564 5210 3695 5250 cor-

2042 5296 2188 5352 pora
2228 5280 2443 5335 horum
2489 5277 2798 5334 solvantur
2835 5281 2912 5334 ad
2948 5285 3202 5351 tempus,
3248 5281 3447 5338 denuo
3485 5287 3685 5339 tamen

2038 5369 2402 5424 suscitantur
2421 5368 2480 5423 in
2499 5367 2685 5436 gloria
2710 5387 2724 5434 ;
2749 5375 2890 5422 sunt
2914 5368 3074 5423 enim
3099 5370 3483 5425 sanctiﬁcata.
3523 5373 3596 5425 So
3609 5388 3694 5426 m-

2036 5474 2183 5513 num
2205 5472 2347 5526 ergo
2365 5473 2433 5512 ac
2454 5455 2878 5513 dormitionem
2901 5472 3030 5512 esse
3051 5457 3309 5513 dicimus
3337 5458 3699 5514 Christiano-

2040 5562 2177 5603 rum
2212 5551 2488 5603 mortem.
2528 5545 2701 5612 Quod
2732 5546 2778 5602 si
2816 5546 2998 5602 homo
3026 5545 3383 5607 immortalis
3422 5549 3598 5612 esset,
3640 5549 3696 5604 et
