4148 6262
513 303 616 358 603

1809 293 1868 350 S.
1912 287 2214 348 MACARII
2253 288 2559 349 EGYPTII

3773 290 3885 349 604

517 443 764 500 corpore
788 423 1268 496 incorruptibilis,
1303 421 1617 477 universus
1643 419 1903 476 mundus
1932 435 2056 474 rem
2090 418 2172 472 in-

2301 437 2388 471 τον.
2447 419 2507 472 Εἰ
2573 415 2632 470 δε
2689 417 2942 479 ἀθάνατος
2983 414 3043 475 ἦν
3098 417 3124 469 ό
3180 418 3466 491 ἄνθρωπος,
3509 421 3598 470 καὶ
3646 419 3784 469 κατά
3822 420 3884 470 τὸ

519 517 811 574 solentem
844 515 1232 586 perspiciens,
1271 510 1436 583 quod
1474 511 1693 565 scilicet
1724 524 1976 580 corpora
2014 508 2172 563 Chri-

520 607 849 663 stianorum
873 619 991 658 non
1017 598 1862 671 corrumpantur,necessitate
1883 597 2173 669 quadam,

519 701 580 752 at
622 710 743 750 non
791 699 1124 764 spontanea
1161 689 1483 753 voluntate,
1525 688 1601 743 ad
1642 688 1702 742 id
1743 686 1907 759 quod
1946 685 2176 742 bonum

521 787 632 853 est,
664 786 1029 855 properaret.

590 910 695 964 XL.
738 909 972 973 Verum,
1012 909 1074 959 ut
1111 902 1350 975 penitus
1393 907 1698 974 appareat,
1742 907 1797 956 et
1839 906 1968 956 rata
2001 899 2073 953 sit
2117 897 2179 953 li-

517 997 664 1052 bera
695 994 918 1050 arbitrii
966 993 1260 1056 voluntas,
1302 1008 1485 1063 quam
1524 990 1600 1045 ab
1638 990 1807 1044 initio
1845 992 1996 1044 Deus
2037 1004 2179 1044 con-

518 1083 830 1155 cessitcﬁ
843 1083 1217 1150 homini,ejus
1231 1098 1324 1135 res
1341 1096 1580 1134 summa
1593 1095 1720 1134 cum
1735 1077 2180 1150 dispensatione

518 1175 1035 1235 administrantur,
1060 1171 1240 1241 (itque
1265 1170 1478 1224 solutio
1511 1184 1834 1240 corporum
1860 1184 1874 1232 ;
1902 1173 1964 1222 ut
1991 1166 2048 1220 in
2078 1182 2181 1221 vo-

518 1263 742 1318 luntate
769 1261 1026 1316 hominis
1067 1260 1160 1322 sit,
1195 1258 1456 1313 converti
1498 1273 1634 1311 eum
1667 1257 1743 1312 ad
1785 1257 1842 1311 id
1874 1255 2040 1327 quod
2072 1255 2182 1311 bo-

520 1368 688 1414 num,
720 1354 821 1404 aut
853 1350 1016 1420 quod
1058 1347 1285 1402 malum
1316 1352 1420 1401 est.
1454 1350 1652 1416 Neque
1695 1345 1852 1400 enim
1887 1346 2181 1416 perfectus

518 1441 703 1496 homo
733 1439 807 1493 ad
843 1438 1095 1501 bonum,
1138 1444 1238 1491 aut
1265 1437 1324 1490 in
1368 1441 1612 1506 peccato
1652 1434 1980 1500 demersus,
2025 1440 2078 1489 et
2120 1449 2180 1489 se

521 1530 720 1601 ipsum
746 1527 1113 1582 constituens
1139 1542 1244 1580 vas
1267 1525 1515 1593 diaboli,
1540 1541 1574 1578 a
1596 1540 1717 1595 quo
1744 1528 1900 1578 totus
1919 1523 2182 1578 mundus

522 1619 958 1673 condemnatus
973 1621 1076 1678 est,
1102 1615 1176 1670 ad
1192 1615 1249 1668 id
1271 1615 1434 1685 quod
1459 1613 1684 1668 malum
1703 1618 1808 1677 est,
1836 1614 2182 1668 necessitate

522 1707 788 1779 quadam
834 1711 922 1759 est
959 1703 1270 1758 devinctus
1315 1720 1326 1769 ;
1374 1703 1475 1756 sed
1518 1702 1698 1756 habet
1735 1702 1986 1756 liberum
2025 1703 2183 1756 arbi-

525 1797 725 1862 trium,
781 1802 837 1847 ut
884 1794 986 1848 iiat
1029 1810 1130 1847 vas
1179 1792 1481 1846 electionis
1524 1799 1579 1846 et
1632 1792 1784 1845 vitae.
1834 1791 2110 1846 Similiter
2153 1807 2182 1846 e

525 1899 831 1948 converso,
873 1883 975 1954 qui
1021 1881 1328 1936 divinitate
1364 1886 1502 1935 sunt
1532 1880 1825 1943 inebriati,
1858 1879 1990 1935 licet
2026 1879 2182 1950 pleni

526 1975 642 2028 sint
675 1989 745 2028 ac
775 1971 1031 2026 devincti
1067 1971 1282 2040 Spiritu
1325 1975 1553 2032 sancto,
1589 1985 1707 2023 non
1743 1975 1944 2024 tamen
1985 1985 2184 2024 neces-

527 2062 696 2116 sitate
725 2060 843 2116 ulla
867 2066 1156 2122 tenentur,
1184 2059 1289 2112 sed
1320 2058 1572 2113 liberum
1599 2057 1823 2113 habent
1850 2058 2180 2125 arbitrium,

527 2155 589 2206 ut
628 2155 1055 2205 convertantur
1086 2153 1140 2203 et
1171 2147 1412 2211 faciant,
1451 2147 1747 2219 quidquid
1779 2147 2085 2218 placuerit,
2123 2148 2183 2202 in

525 2241 642 2295 hoc
673 2238 908 2294 saeculo.

603 2365 733 2421 XLI.
754 2363 1174 2432 Interrogatio.
1200 2361 1579 2417 Paulatimne
1598 2367 1962 2417 extenuatur
1985 2367 2036 2417 et
2058 2376 2186 2418 era-

528 2454 790 2516 dicatur,
811 2453 969 2522 quod
982 2453 1204 2506 malum
1223 2452 1510 2520 est,alque
1523 2450 1608 2505 ita
1619 2451 1851 2518 proﬁcit
1867 2450 2035 2506 homo
2049 2466 2185 2521 gra-

530 2546 612 2598 tia
640 2559 657 2604 ;
689 2543 998 2607 anstatim,
1029 2540 1129 2593 ubi
1149 2555 1531 2609 progressum
1557 2540 1788 2608 fecerit,
1813 2539 2188 2609 exstirpatur

529 2631 687 2702 quod
711 2631 931 2684 malum
966 2635 1045 2683 est
1069 2627 1096 2681 ?

599 2753 939 2822 Responsio.
963 2751 1486 2817 Quemadmodum
1507 2751 1701 2807 infans
1719 2751 2097 2823 imperfectus
2127 2752 2186 2807 in

530 2847 699 2898 utero
729 2857 850 2896 non
893 2839 1208 2895 confestim
1258 2841 1317 2894 in
1351 2840 1657 2895 hominem
1703 2842 2045 2904 concrescit,
2084 2840 2189 2896 sed

531 2930 821 3002 paulatim
857 2929 1112 2984 formam
1141 2929 1421 2999 recipitet
1455 2929 1751 2999 gignitur;
1781 2945 1975 3000 neque
2008 2931 2189 2985 conti-

531 3035 652 3076 nuo
672 3017 965 3090 perfectus
996 3018 1178 3073 homo
1201 3022 1311 3082 est,
1340 3017 1443 3072 sed
1466 3017 1789 3073 multorum
1813 3017 2058 3073 demum
2087 3035 2189 3074 an-

2289 516 2441 579 σῶμα
2475 509 2757 581 ἄφθαρτος,
2801 506 3001 579 βλέπων
3060 507 3174 568 ὅλος
3225 509 3250 558 ό
3299 513 3492 579 κόσμος
3534 511 3593 559 τὸ
3644 503 3890 581 παράδο-

2289 597 2371 658 ξον
2413 597 2504 650 τοῦ
2552 599 2880 669 πράγματος,
2931 598 3008 648 ὅτι
3065 600 3136 668 μὴ
3195 599 3488 668 φθείρονται
3543 599 3608 648 τὰ
3666 602 3890 669 σώματα

2287 694 2387 737 τῶν
2457 694 2804 759 Χριστιανῶν,

2884 684 3084 756 ἀνάγκῃ
3177 691 3346 737 τοίνυν
3417 690 3540 751 τινὶ,
3615 683 3724 737 ἀλλ’
3782 690 3890 758 οὐχ

2291 774 2507 846 ἑκουσίᾳ
2533 780 2710 847 γνώμῃ
2743 777 2875 847 πρὸς
2913 777 2971 825 1'6
2997 774 3191 845 ἀγαθὸν
3217 774 3497 847 ἀνήρχετο.

2360 898 2443 951 Μ’.
2486 898 2622 952 Ἀλλ’
2665 900 2745 950 ἵνα
2802 906 2932 970 φανῇ
2974 898 3218 961 καθάπαξ
3255 902 3341 950 καὶ
3397 895 3637 971 διαμείνῃ
3672 901 3728 950 τὸ
3761 898 3888 951 αύτ-

2291 987 2542 1057 εξούσιον,
2582 989 2702 1061 ὅπερ
2743 988 2797 1050 ἐξ
2838 987 3065 1062 ἀρχῆςό
3113 991 3238 1049 Θεὸς
3285 985 3444 1040 ἔδωκε
3490 996 3562 1058 τῷ
3612 986 3886 1062 ἀνθρώπῳ,

2290 1078 2472 1128 τούτου
2520 1076 2860 1149 οἰκονομικῶς
2888 1080 2953 1128 τά
2988 1080 3278 1150 πράγματα
3339 1073 3636 1141 διοικεῖται,
3692 1083 3781 1128 καὶ
3806 1081 3890 1147 γί-

2289 1183 2462 1234 γνεται
2491 1164 2640 1225 λύσις
2693 1167 2962 1236 σωμάτων,
3018 1168 3100 1217 ἵνα
3156 1166 3205 1216 ἐν
3259 1173 3330 1236 τῷ
3373 1165 3618 1236 θελήματι
3660 1172 3750 1217 τοῦ
3804 1163 3888 1215 ἀν-

2295 1256 2500 1326 θρώπου
2559 1251 2682 1310 ἡτὸ
2723 1261 2982 1328 τραπῆναι
3037 1257 3190 1306 αὐτὸν
3249 1254 3331 1307 ἐπὶ
3388 1257 3445 1307 τὸ
3500 1253 3694 1326 ἀγαθόν
3747 1258 3776 1312 ἢ
3828 1257 3888 1304 τό

2291 1347 2471 1394 κακόν.
2518 1346 2650 1394 Οὔτε
2706 1344 2806 1415 γὰρ
2857 1345 2882 1393 ό
2935 1343 3120 1404 τελειος
3153 1343 3224 1404 εἰς
3273 1347 3329 1395 τό
3363 1342 3582 1414 ἀγαθόν,
3635 1343 3664 1401 ἡ
3719 1341 3890 1414 βαθύς

2294 1432 2358 1492 εἰς
2388 1437 2474 1490 τὴν
2534 1431 2817 1506 ἁμαρτίαν,
2871 1437 2960 1485 καὶ
3000 1441 3158 1485 ποιῶν
3208 1433 3386 1484 ἑαυτὸν
3420 1440 3599 1493 σκεῦος
3655 1439 3744 1483 τοῦ
3772 1428 3888 1483 δια-

2293 1519 2466 1586 ϐόλου,
2507 1520 2587 1592 ὑφ’
2644 1521 2704 1572 οὗ
2743 1525 2800 1572 1'6
2847 1520 2959 1573 ὅλον
3016 1523 3319 1592 κατεκρίθη,
3355 1521 3425 1580 εἰς
3469 1525 3526 1572 1'6
3551 1523 3710 1572 κακόν
3734 1519 3892 1590 ἀνάγ-

2291 1629 2355 1682 κῃ
2413 1615 2514 1661 τινὶ
2572 1606 2810 1662 δέτεται·
2881 1609 2988 1661 ἀλλ’
3037 1613 3149 1682 ἔχει
3202 1615 3295 1668 τὴν
3334 1608 3616 1682 ἐλευθερίαν
3670 1616 3761 1661 τοῦ
3804 1627 3892 1680 γε·

2292 1701 2471 1751 νέσθαι
2520 1706 2696 1758 σκεῦος
2763 1697 2975 1769 ἐκλογῆς
3030 1704 3120 1750 καὶ
3171 1699 3329 1760 ζωῆς,
3369 1698 3590 1769 Ὁμοίως
3637 1697 3788 1749 πάλιν
3843 1699 3893 1748 οἱ

2292 1790 2668 1860 μεμεθυσμένοι
2725 1787 2795 1848 εἰς
2842 1792 2928 1844 τὴν
2988 1789 3223 1851 θεότητα,
3276 1793 3449 1839 καίτοι
3502 1786 3895 1860 πεπληρωμένοι

2292 1882 2382 1928 καὶ
2448 1873 2714 1949 δεδεμένοι
2768 1879 3026 1947 Πνεύματι
3060 1876 3210 1948 ἁγίῳ,
3266 1877 3359 1928 οὐκ
3405 1876 3604 1948 ἀνάγκῃ
3665 1879 3764 1927 τινὶ
3807 1894 3896 1926 κε-

2291 1969 2597 2038 κράτηνται,
2659 1965 2765 2016 ἀλλ’
2819 1968 3008 2036 ἔχουσι
3057 1969 3113 2017 τό
3167 1966 3500 2028 αὐτεξούσιον
3554 1971 3643 2018 τοῦ
3693 1971 3893 2036 τραπῆ-

2292 2078 2376 2108 ναι
2424 2057 2632 2121 αὐτούς,
2711 2061 2801 2108 καὶ
2875 2064 3037 2109 ποιεῖν
3085 2058 3110 2108 ὄ
3162 2055 3395 2108 θέλουσιν
3471 2056 3544 2116 εἰς
3585 2059 3672 2107 τὸν
3733 2054 3895 2106 αἰῶνα

2293 2153 2492 2199 τοῦτον.

2365 2357 2502 2412 MA'.
2535 2357 2904 2430 Ἐρωτησις.
2959 2362 3132 2413 Κατά
3171 2362 3354 2432 μέρος
3409 2359 3800 2413 λεπτύνεται
3827 2362 3892 2412 τὸ

2293 2450 2511 2514 κακὸν,
2565 2452 2671 2499 καὶ
2729 2446 3136 2518 ἐκριζοῦται,
3205 2454 3312 2501 καὶ
3395 2453 3752 2520 προκόπτει
3802 2448 3896 2510 εἰς

2295 2542 2408 2595 τὴν
2446 2537 2643 2609 χάριν
2690 2538 2715 2588 ό
2768 2538 3121 2612 ἄνθρωπος,
3195 2539 3224 2596 ἦ
3280 2537 3527 2603 εὐθέως,
3590 2539 3642 2591 εἰ
3699 2541 3894 2610 τύχοι

2295 2634 2646 2700 προκοπῆς,
2689 2627 3068 2698 ἐκριξοῦται
3107 2630 3174 2680 τὸ
3204 2633 3445 2694 κακόν;

2369 2751 2771 2824 Ἀπόκρισις.
2837 2753 3079 2824 Καθάπερ
3119 2755 3177 2803 τὸ
3235 2751 3454 2825 ἔμϐρυον
3507 2754 3556 2805 ἐν
3611 2759 3671 2824 τῇ
3720 2757 3896 2824 μήτρᾳ

2297 2840 2390 2893 οὐκ
2445 2840 2627 2903 εὐθέως
2671 2844 2934 2912 πήγνυται
2993 2842 3063 2902 εἰς
3118 2843 3406 2916 ἄνθρωπον,
3477 2841 3603 2894 ἀλλὰ
3651 2844 3781 2893 κατά
3805 2845 3892 2911 μέ-

2296 2949 2384 3002 ρος
2410 2934 2646 3000 γίγνεται
2703 2930 2849 2981 εἰκὼν
2904 2934 2990 2982 καὶ
3045 2936 3308 3002 γεννᾶται,
3363 2930 3458 2982 οὐκ
3512 2927 3612 2989 ἠδη
3670 2925 3726 2982 δέ
3778 2931 3892 2980 ἐστι

2300 3019 2482 3079 τέλειος
2529 3019 2818 3090 ἅνθρωπος,
2880 3018 2987 3070 ἀλλ’
3071 3019 3280 3082 αὐξάνει
3340 3018 3387 3070 ἐν
3464 3022 3604 3071 ἔτεσι
3669 3016 3897 3082 πολλοῖς,

530 3124 748 3165 norum
770 3107 1470 3162 decursuincrementum
1497 3106 1968 3179 sumit,atquein
1995 3108 2187 3162 virum

2301 3112 2388 3160 καὶ
2435 3112 2671 3180 γίγνεται
2722 3109 2885 3183 ἀνήρ’
2951 3110 3064 3161 ἔστι
3136 3105 3194 3161 δι
3273 3110 3445 3182 ὥσπερ
3519 3111 3584 3160 τὰ
3630 3113 3904 3181 σπέρματα

532 3197 764 3254 evadit:
795 3201 1002 3268 estque
1021 3197 1179 3251 velut
1201 3197 1433 3252 semina
1461 3195 1666 3250 hordei
1698 3201 1801 3252 aut
1829 3197 2021 3261 tritici,
2052 3212 2188 3268 qure

530 3286 590 3340 in
615 3290 829 3342 terram
854 3286 1122 3355 conjecta
1145 3300 1266 3340 non
1283 3284 1484 3340 statim
1508 3284 1738 3340 radices
1755 3290 1964 3355 agunt,
1983 3301 2188 3340 verum

530 3375 634 3429 ubi
667 3375 1055 3444 praeterierint
1074 3373 1303 3428 hiemes
1327 3378 1382 3427 et
1402 3373 1581 3436 venti,
1614 3378 1736 3428 tum
1765 3377 2008 3428 demum
2031 3389 2193 3430 com-

532 3463 715 3517 modo
740 3468 1004 3532 tempore
1038 3462 1215 3531 spicae
1237 3468 1636 3516 enascuntur:
1664 3461 1824 3526 item,
1845 3463 1948 3533 qui
1976 3478 2193 3534 pyrum

531 3551 780 3621 plantat,
810 3565 926 3604 non
951 3551 1149 3604 statim
1181 3549 1692 3619 percipitfructum
1730 3567 1740 3602 :
1775 3551 1986 3605 eodem
2012 3552 2194 3608 modo

533 3639 592 3693 in
614 3638 1021 3708 spiritualibus
1049 3653 1315 3708 quoque,
1347 3637 1446 3692 ubi
1475 3644 1634 3692 tanta
1665 3639 1958 3708 sapientia
1975 3644 2030 3694 et
2058 3640 2197 3694 sub-

535 3726 710 3782 tilitas
742 3732 848 3790 est,
895 3725 1184 3796 paulatim
1223 3726 1406 3780 homo
1448 3726 1844 3796 progreditur,
1885 3729 2198 3798 evaditque

534 3816 598 3870 in
613 3815 804 3870 virum
820 3815 1172 3884 perfectum,
1199 3821 1250 3869 et
1278 3814 1712 3882 plenitudinem
1737 3818 1923 3872 aetatis
1941 3834 1959 3872 :
1976 3833 2118 3882 non,
2137 3821 2198 3873 ut

535 3904 786 3976 quidam
817 3905 983 3960 aiunt
1016 3926 1028 3958 :
1063 3905 1320 3960 Induere
1349 3910 1402 3959 et
1432 3919 1646 3960 exuere
1676 3907 1745 3961 τι.

613 4031 764 4084 XLII.
796 4029 903 4095 Qui
942 4029 1161 4084 litteras
1196 4029 1426 4084 discere
1467 4030 1524 4084 in
1561 4029 1710 4084 votis
1751 4029 1955 4100 habet,
1994 4034 2185 4102 pergit

535 4119 801 4192 primum
835 4118 909 4174 ad
936 4118 1260 4173 ediscenda
1287 4119 1456 4187 signa
1491 4139 1501 4176 :
1539 4119 1636 4173 ubi
1663 4121 1708 4173 si
1737 4121 1966 4191 primus
1999 4121 2192 4186 fuerit,

539 4209 730 4282 pergit
759 4208 835 4263 ad
861 4207 1128 4262 scholam
1152 4208 1514 4275 Latinorum,
1538 4214 1742 4280 estque
1769 4211 2039 4265 omnium
2073 4211 2200 4265 ulti-

539 4315 695 4353 mus.
752 4298 1009 4351 Rursum
1056 4296 1170 4350 illic
1225 4295 1322 4350 ubi
1368 4296 1540 4351 fuerit
1579 4298 1827 4367 primus,
1885 4299 2076 4368 pergit
2122 4300 2198 4353 ad

539 4385 810 4441 scholam
839 4383 1158 4450 forensem,
1199 4389 1409 4455 estque
1445 4386 1504 4439 in
1539 4402 1610 4441 ea
1649 4403 1887 4441 rursum
1927 4389 2196 4442 omnium

2300 3205 2401 3249 τῶν
2441 3200 2632 3272 κριθῶν
2692 3199 2721 3256 ἢ
2777 3205 2868 3250 τοῦ
2924 3203 3094 3264 σίτου,
3147 3197 3240 3250 οὐκ
3295 3199 3479 3260 εὐθέως
3518 3196 3810 3271 βαλλόμενα
3835 3198 3904 3258 εἰς

2303 3291 2396 3344 την
2472 3294 2570 3357 γῆν
2641 3287 2803 3361 ῥιζοί,
2887 3287 3016 3340 ἀλλά
3084 3292 3439 3361 παρέρχονται
3495 3295 3754 3360 χειμῶνες
3817 3293 3906 3338 καὶ

2305 3378 2504 3447 ἄνεμοι,
2534 3381 2623 3428 καὶ
2649 3381 2763 3428 τότε
2787 3384 2859 3446 τῷ
2902 3373 3071 3429 δέοντι
3115 3384 3281 3450 καιρῷ
3311 3382 3578 3449 γίγνονται
3625 3379 3856 3448 στάχυες
3885 3391 3898 3404 ⁸

2305 3470 2395 3516 κοιὶ
2453 3467 2478 3516 6
2549 3468 2774 3536 φυτεύων
2843 3467 3018 3532 οἷπιον,

2307 3557 2393 3606 τόν
2438 3558 2634 3628 καρπόν
2671 3569 2683 3581 '

3109 3466 3203 3517 οὐκ
3288 3466 3468 3527 εὐθέως
3525 3464 3907 3538 μεταλαμϐάνει

2751 3557 3002 3616 ὡσαύτως
3056 3554 3150 3606 κάν
3194 3563 3302 3615 τοῖς
3356 3563 3746 3627 πνευματικοῖς,
3779 3556 3906 3606 ὅπου

2307 3645 2538 3700 τοσαύτη
2598 3647 2752 3714 σοφία
2799 3649 2888 3695 καὶ
2945 3644 3212 3714 λεπτότης,
3259 3647 3396 3696 κατὰ
3449 3644 3911 3717 μικρὸνόοῐνθρω-

2270 3751 2403 3795 ,πος
2433 3731 2661 3796 αὐξάνει,
2692 3737 3082 3804 καὶγίνεται
3131 3734 3218 3794 εἰς
3249 3731 3462 3806 ἄνδρα
3511 3734 3784 3797 τέλειον,
3819 3732 3913 3792 εἰς

2308 3825 2540 3892 μέτρον
2598 3821 2863 3882 ἡλικίας
2896 3842 2908 3854 ·

2309 3906 2496 3962 Ἐνδυ
2515 3929 2644 3975 σαι,
2678 3906 2978 3965 ἔκδυσαι.

2989 3826 3093 3894 ούχ
3148 3824 3320 3896 ὥσπερ
3414 3825 3546 3884 τινες
3623 3822 3908 3894 λέγουσιν·

2380 4034 2506 4088 ΜΒ’.
2546 4034 2604 4086 Ὁ
2661 4034 2813 4086 θέλων
2869 4037 3051 4106 μαθεῖν
3131 4036 3416 4108 γράμματα
3479 4034 3767 4108 ἀπέρχεται
3823 4041 3915 4088 καὶ

2310 4125 2555 4194 μανθάνει
2591 4125 2654 4175 τὰ
2690 4131 2902 4194 σημεῖα,
2956 4129 3045 4175 καὶ
3102 4125 3222 4174 ὅταν
3274 4127 3490 4194 γένηται
3535 4123 3638 4176 ἐκεῖ
3691 4132 3915 4198 πρῶτος,

2312 4211 2601 4286 ἀπέρχεται
2631 4216 2760 4286 πρὸς
2791 4217 2884 4270 τὴν
2926 4212 3126 4283 σχολὴν
3160 4221 3258 4264 τῶν
3282 4212 3600 4285 Ῥωμαϊκῶν,
3651 4219 3742 4264 καὶ
3774 4216 3916 4265 ἔστιν

2311 4301 2435 4353 ὅλων
2514 4304 2759 4372 ἔσχατος.
2847 4300 3006 4353 Πάλιν
3069 4301 3170 4352 ἐκεῖ
3242 4301 3358 4354 όταν
3419 4307 3631 4373 γένηται
3688 4310 3914 4375 πρῶτος,

2313 4391 2600 4463 ἀπέρχεται
2664 4394 2790 4464 πρὸς
2850 4395 2942 4448 τὴν
3012 4391 3214 4461 σχολὴν
3267 4399 3366 4442 τῶν
3428 4393 3772 4463 γραμμάτων,
3825 4400 3916 4446 καὶ

541 4474 786 4530 ultimus
840 4479 895 4529 et
947 4474 1075 4529 tiro.
1139 4473 1358 4528 Deinde
1412 4474 1511 4528 ubi
1567 4475 1738 4529 fuerit
1783 4475 2190 4540 scholasticus,

2313 4483 2425 4532 ἔστι
2478 4479 2629 4531 πάλιν
2664 4478 2766 4532 ἐκεῖ
2813 4479 2938 4531 ὅλων
2981 4482 3230 4552 ἔσχατος,
3279 4479 3558 4554 ἀρχάριος.
3613 4477 3740 4533 Εἶτα
3791 4483 3916 4533 ὅταν

540 4562 816 4620 omnium
849 4563 1294 4618 causidicorum
1325 4569 1377 4617 et
1406 4563 1661 4618 novitius
1703 4570 1756 4620 et
1791 4564 2054 4618 ultimus.
2101 4567 2201 4620 De-

539 4669 662 4708 nuo
694 4651 793 4708 ubi
827 4652 941 4707 illic
963 4654 1214 4707 evaserit
1245 4652 1493 4723 primus,
1528 4658 1651 4707 tum
1678 4653 1802 4708 dux
1829 4653 2026 4708 evadit
2053 4671 2064 4718 ;
2099 4653 2204 4725 qui

542 4743 589 4796 si
608 4741 1008 4812 principatum
1035 4740 1289 4810 adeptus
1315 4740 1504 4804 fuerit,
1525 4741 1862 4810 adjutorem
1886 4742 1998 4797 sibi
2023 4742 2204 4796 sumit

538 4846 936 4886 assessorem.
990 4830 1044 4884 Si
1089 4845 1229 4897 ergo
1272 4830 1330 4882 in
1379 4831 1556 4884 rebus
1593 4832 1852 4885 externis
1906 4837 1987 4886 tot
2024 4831 2203 4887 habet

541 4919 728 4974 homo
756 4934 1138 4989 progressum
1165 4918 1386 4986 gradus
1419 4936 1428 4972 :
1465 4925 1692 4989 quanto
1713 4921 1902 4989 magis
1921 4920 2204 4992 mysteria

545 5006 810 5062 coelestia
828 5007 1055 5060 habent
1081 5006 1398 5077 profectus,
1425 5014 1478 5061 et
1501 5024 1604 5078 per
1629 5010 1844 5064 multos
1868 5010 2087 5079 gradus
2114 5011 2203 5065 in-

547 5102 917 5150 crementum
952 5101 1236 5161 sumunt;
1269 5101 1323 5150 et
1357 5101 1501 5162 tum,
1526 5097 1628 5167 qui
1663 5114 1766 5169 per
1798 5099 2014 5154 multas
2044 5117 2204 5155 exer-

548 5185 880 5249 citationes,
906 5191 1079 5255 etper
1103 5184 1286 5239 multa
1315 5186 1575 5254 pericula
1603 5189 2051 5254 transcenderit,
2077 5205 2205 5260 per-

547 5274 735 5329 fectus
766 5275 983 5328 evadit.
1020 5274 1333 5330 Christiani
1361 5275 1542 5343 enim,
1584 5277 1685 5346 qui
1724 5293 1930 5333 revera
1961 5284 2202 5347 gustum

547 5363 754 5433 gratiae
785 5367 1199 5434 perceperunt,
1243 5368 1298 5417 et
1337 5362 1572 5432 signum
1603 5364 1793 5420 crucis
1824 5366 1880 5420 in
1924 5376 2119 5422 mente
2152 5373 2205 5422 et

549 5453 727 5509 corde
753 5451 996 5517 habent,
1029 5452 1087 5505 hi
1118 5468 1152 5506 a
1173 5452 1412 5520 regibus
1437 5453 1512 5507 ad
1541 5469 1833 5525 pauperes
1858 5472 2065 5527 usque,
2096 5473 2204 5528 pro

549 5548 806 5600 stercore
837 5547 891 5598 et
938 5541 1144 5598 foetore
1182 5545 1460 5613 reputant
1499 5543 1703 5599 omnia
1736 5559 1748 5597 :
1778 5549 1834 5600 et
1856 5543 1916 5600 hi
1952 5552 2207 5617 possunt

620 5668 665 5705 ⁷¹
698 5667 911 5741 Ephes.
943 5683 1020 5734 v1,
1059 5670 1139 5722 l2.

2312 4572 2528 4639 γένηται
2561 4567 2934 4640 σχολαστικὸς,
2995 4569 3120 4620 ὅλων
3174 4578 3273 4620 τῶν
3315 4566 3601 4640 δικολογων
3648 4568 3914 4642 ἀρχάριος

2313 4663 2402 4709 καὶ
2431 4660 2660 4728 ἔσχατος
2712 4659 2843 4711 ἐστι.
2898 4656 3057 4709 Πάλιν
3111 4657 3230 4709 ὁταν
3281 4657 3383 4710 ἐκεῖ
3437 4661 3651 4730 γένηται
3686 4666 3912 4731 πρῶτος.

2315 4750 2426 4798 τότε
2482 4751 2680 4816 γίνεται
2737 4748 2990 4817 ἡγεμών’
3056 4751 3146 4798 καὶ
3229 4749 3349 4798 ὅταν
3425 4751 3639 4817 γένηται
3706 4749 3916 4819 ἄρχων,

2311 4834 2560 4906 λαμϐάνει
2610 4835 2774 4905 ἐαυτῷ
2835 4834 3029 4906 βοηθὸν
3068 4840 3156 4887 τὸν
3217 4833 3598 4908 συγκάθερδον.
3629 4835 3690 4888 Εἰ
3719 4836 3807 4887 οὖν
3853 4838 3920 4888 τὰ

2315 4931 2592 4997 φαινόμενα
2641 4933 2896 4986 τοσαύτας
2978 4928 3090 4996 ἔχει
3175 4929 3460 5000 προκοπὰς,
3517 4932 3664 4997 πόσῳ
3723 4925 3916 4996 μᾶλλον

2314 5017 2379 5066 τά
2403 5013 2683 5085 ἐπουράνια
2738 5019 3005 5086 μυστήρια
3060 5017 3174 5086 ἔχει
3218 5017 3504 5090 προκοπὰς,
3551 5020 3640 5066 καὶ
3680 5013 3918 5086 βαθμούς

2316 5103 2532 5163 πολλοὺς
2600 5103 2855 5165 αύξάνειῐ
2907 5109 2996 5155 καὶ
3052 5109 3167 5156 τότε
3222 5101 3315 5157 διά
3371 5103 3561 5164 πολλῆς
3616 5109 3922 5175 γυμνασίας

2314 5199 2403 5243 καὶ
2459 5191 2654 5243 πολλῶν
2737 5197 3083 5265 πειρατηρίων
3152 5195 3176 5245 6
3231 5189 3498 5264 διαφυγὼν
3581 5197 3781 5263 γίνεται
3841 5198 3923 5245 τέ-

2313 5279 2464 5341 λειος.
2501 5283 2566 5331 Οἱ
2613 5283 2713 5354 γὰρ
2755 5285 3066 5351 Χριστιανοὶ
3124 5283 3171 5332 οἰ
3202 5284 3511 5352 γευσάμενοι
3561 5288 3653 5341 τῆς
3690 5283 3922 5353 χάριτος

2317 5369 2368 5430 ἐξ
2399 5367 2659 5436 ἀληθείας,
2714 5375 2802 5420 καὶ
2845 5372 2902 5421 τό
2955 5377 3168 5440 σημεῖον
3220 5373 3427 5440 ἔχοντες
3465 5377 3555 5421 τοῦ
3598 5378 3830 5442 σταυροῦ
3871 5370 3920 5421 ἐν

2316 5467 2387 5529 τῷ
2417 5466 2485 5529 νῷ
2529 5463 2618 5509 καὶ
2649 5465 2709 5530 τῇ
2766 5455 2982 5530 καρδίᾳ,
3017 5459 3156 5510 οὗτοι
3213 5457 3313 5510 ἀπὸ
3349 5457 3607 5530 βασιλέων
3647 5460 3742 5520 ἕως
3772 5479 3918 5511 πτω-

2319 5546 2453 5614 χῶν,
2487 5552 2705 5619 κοπρίαν
2747 5552 2837 5600 καὶ
2896 5544 3168 5600 δυσωδίαν
3213 5549 3464 5619 ἡγοῦνται
3496 5550 3562 5600 τὰ
3592 5550 3776 5604 πάντα.
3819 5554 3920 5604 Καὶ
