  <div class='ocr_page' id='page_1' title='image "/cluster/home/n/w/nwhite01/storage/ocr_20150623/34/mdp.39015041165401/360.png"; bbox 0 0 4148 6262; ppageno 0'>
   <div class='ocr_carea' id='block_1_1' title="bbox 279 252 3651 317">
    <p class='ocr_par' dir='ltr' id='par_1_1' title="bbox 279 252 3651 317">
     <span class='ocr_line' id='line_1_1' title="bbox 279 252 3651 317; baseline -0.001 0"><span class='ocrx_word' id='word_1_1' title='bbox 279 261 384 317; x_wconf 82' lang='lat'><strong>605</strong></span> <span class='ocrx_word' id='word_1_2' title='bbox 1582 252 1919 312; x_wconf 75' lang='lat' dir='ltr'><strong>HOMILLE.</strong></span> <span class='ocrx_word' id='word_1_3' title='bbox 1945 285 2014 300; x_wconf 89' lang='lat'><em>-</em></span> <span class='ocrx_word' id='word_1_4' title='bbox 2061 253 2233 312; x_wconf 83' lang='lat' dir='ltr'><strong>HOM.</strong></span> <span class='ocrx_word' id='word_1_5' title='bbox 2263 256 2379 313; x_wconf 88' lang='lat' dir='ltr'><strong>XV.</strong></span> <span class='ocrx_word' id='word_1_6' title='bbox 3546 259 3651 315; x_wconf 89' lang='lat'><strong>606</strong></span> 
     </span>
    </p>
   </div>
   <div class='ocr_carea' id='block_1_2' title="bbox 279 380 1917 454">
    <p class='ocr_par' dir='ltr' id='par_1_2' title="bbox 279 380 1917 454">
     <span class='ocr_line' id='line_1_2' title="bbox 279 380 1917 454; baseline -0.004 -15"><span class='ocrx_word' id='word_1_7' title='bbox 279 386 424 439; x_wconf 80' lang='grc' dir='ltr'>οὗτοι</span> <span class='ocrx_word' id='word_1_8' title='bbox 470 382 716 439; x_wconf 78' lang='grc' dir='ltr'>δύνανται</span> <span class='ocrx_word' id='word_1_9' title='bbox 777 380 988 449; x_wconf 77' lang='grc' dir='ltr'>εἰδέναι,</span> <span class='ocrx_word' id='word_1_10' title='bbox 1045 383 1123 436; x_wconf 84' lang='grc' dir='ltr'>ὅτι</span> <span class='ocrx_word' id='word_1_11' title='bbox 1168 382 1277 444; x_wconf 85' lang='grc' dir='ltr'>ὅλος</span> <span class='ocrx_word' id='word_1_12' title='bbox 1324 384 1350 434; x_wconf 90' lang='lat'><strong>6</strong></span> <span class='ocrx_word' id='word_1_13' title='bbox 1389 387 1586 454; x_wconf 87' lang='grc' dir='ltr'>κόσμος</span> <span class='ocrx_word' id='word_1_14' title='bbox 1625 384 1650 433; x_wconf 98' lang='lat'><strong>6</strong></span> <span class='ocrx_word' id='word_1_15' title='bbox 1680 386 1917 454; x_wconf 85' lang='grc' dir='ltr'>γήνοίς,,</span> 
     </span>
    </p>
   </div>
   <div class='ocr_carea' id='block_1_3' title="bbox 2011 380 3649 454">
    <p class='ocr_par' dir='ltr' id='par_1_3' title="bbox 2016 382 3649 452">
     <span class='ocr_line' id='line_1_3' title="bbox 2016 382 3649 452; baseline 0.001 -14"><span class='ocrx_word' id='word_1_16' title='bbox 2016 382 2337 452; x_wconf 90' lang='lat' dir='ltr'><strong>ntelligere,</strong></span> <span class='ocrx_word' id='word_1_17' title='bbox 2366 383 2714 438; x_wconf 89' lang='lat' dir='ltr'><strong>universum</strong></span> <span class='ocrx_word' id='word_1_18' title='bbox 2746 384 3043 440; x_wconf 87' lang='lat' dir='ltr'><strong>mundum</strong></span> <span class='ocrx_word' id='word_1_19' title='bbox 3064 388 3394 449; x_wconf 87' lang='lat' dir='ltr'><strong>terrenum,</strong></span> <span class='ocrx_word' id='word_1_20' title='bbox 3413 386 3649 442; x_wconf 85' lang='lat' dir='ltr'><strong>thesau-</strong></span> 
     </span>
    </p>
   </div>
   <div class='ocr_carea' id='block_1_4' title="bbox 278 469 1916 547">
    <p class='ocr_par' dir='ltr' id='par_1_4' title="bbox 278 469 1884 547">
     <span class='ocr_line' id='line_1_4' title="bbox 278 469 1884 547; baseline -0.003 -19"><span class='ocrx_word' id='word_1_21' title='bbox 278 481 370 528; x_wconf 77' lang='grc' dir='ltr'>καὶ</span> <span class='ocrx_word' id='word_1_22' title='bbox 400 478 448 528; x_wconf 83' lang='grc' dir='ltr'>οἱ</span> <span class='ocrx_word' id='word_1_23' title='bbox 481 477 740 547; x_wconf 83' lang='grc' dir='ltr'>θησαυροὶ</span> <span class='ocrx_word' id='word_1_24' title='bbox 792 481 883 526; x_wconf 90' lang='grc' dir='ltr'><strong>τοῦ</strong></span> <span class='ocrx_word' id='word_1_25' title='bbox 940 473 1222 543; x_wconf 84' lang='grc' dir='ltr'>βασιλέως,</span> <span class='ocrx_word' id='word_1_26' title='bbox 1263 477 1352 524; x_wconf 85' lang='grc' dir='ltr'>καὶ</span> <span class='ocrx_word' id='word_1_27' title='bbox 1405 474 1434 530; x_wconf 82' lang='grc' dir='ltr'>ἡ</span> <span class='ocrx_word' id='word_1_28' title='bbox 1499 469 1651 536; x_wconf 74' lang='grc' dir='ltr'>δόξα,</span> <span class='ocrx_word' id='word_1_29' title='bbox 1693 478 1782 524; x_wconf 89' lang='grc' dir='ltr'>καὶ</span> <span class='ocrx_word' id='word_1_30' title='bbox 1836 474 1884 523; x_wconf 86' lang='grc' dir='ltr'>οἱ</span> 
     </span>
    </p>
   </div>
   <div class='ocr_carea' id='block_1_5' title="bbox 2008 469 3646 547">
    <p class='ocr_par' dir='ltr' id='par_1_5' title="bbox 2008 471 3646 547">
     <span class='ocr_line' id='line_1_5' title="bbox 2008 471 3646 547; baseline 0.003 -22"><span class='ocrx_word' id='word_1_31' title='bbox 2008 486 2215 543; x_wconf 70' lang='lat' dir='ltr'><strong>.‘osque</strong></span> <span class='ocrx_word' id='word_1_32' title='bbox 2244 473 2421 541; x_wconf 91' lang='lat' dir='ltr'><strong>regis,</strong></span> <span class='ocrx_word' id='word_1_33' title='bbox 2453 487 2619 543; x_wconf 89' lang='lat' dir='ltr'><strong>opes,</strong></span> <span class='ocrx_word' id='word_1_34' title='bbox 2653 471 2906 540; x_wconf 81' lang='lat' dir='ltr'><strong>gloriam</strong></span> <span class='ocrx_word' id='word_1_35' title='bbox 2933 488 3003 527; x_wconf 92' lang='lat' dir='ltr'><strong>ac</strong></span> <span class='ocrx_word' id='word_1_36' title='bbox 3032 474 3347 544; x_wconf 61' lang='lat' dir='ltr'><strong>sapientiae</strong></span> <span class='ocrx_word' id='word_1_37' title='bbox 3389 475 3646 547; x_wconf 90' lang='lat' dir='ltr'><strong>eloquia,</strong></span> 
     </span>
    </p>
   </div>
   <div class='ocr_carea' id='block_1_6' title="bbox 280 559 1918 636">
    <p class='ocr_par' dir='ltr' id='par_1_6' title="bbox 280 562 1886 636">
     <span class='ocr_line' id='line_1_6' title="bbox 280 562 1886 636; baseline -0.004 -18"><span class='ocrx_word' id='word_1_38' title='bbox 280 574 373 625; x_wconf 82' lang='grc' dir='ltr'>τῆς</span> <span class='ocrx_word' id='word_1_39' title='bbox 432 570 609 636; x_wconf 79' lang='grc' dir='ltr'><strong>σοφίας</strong></span> <span class='ocrx_word' id='word_1_40' title='bbox 653 563 822 635; x_wconf 89' lang='grc' dir='ltr'>λόγοι,</span> <span class='ocrx_word' id='word_1_41' title='bbox 877 565 924 615; x_wconf 78' lang='grc' dir='ltr'>ἐν</span> <span class='ocrx_word' id='word_1_42' title='bbox 982 567 1245 634; x_wconf 78' lang='grc' dir='ltr'><strong>φαντασίᾳ</strong></span> <span class='ocrx_word' id='word_1_43' title='bbox 1273 565 1374 613; x_wconf 87' lang='grc' dir='ltr'>τινί</span> <span class='ocrx_word' id='word_1_44' title='bbox 1414 562 1537 626; x_wconf 88' lang='grc' dir='ltr'>εὶσι,</span> <span class='ocrx_word' id='word_1_45' title='bbox 1578 565 1648 632; x_wconf 83' lang='grc' dir='ltr'><strong>μή</strong></span> <span class='ocrx_word' id='word_1_46' title='bbox 1698 563 1886 632; x_wconf 81' lang='grc' dir='ltr'>ἔχοντα</span> 
     </span>
    </p>
   </div>
   <div class='ocr_carea' id='block_1_7' title="bbox 2010 559 3648 636">
    <p class='ocr_par' dir='ltr' id='par_1_7' title="bbox 2010 559 3648 632">
     <span class='ocr_line' id='line_1_7' title="bbox 2010 559 3648 632; baseline 0.002 -17"><span class='ocrx_word' id='word_1_47' title='bbox 2010 567 2299 616; x_wconf 66' lang='grc' dir='ltr'>ικιθιιηειω</span> <span class='ocrx_word' id='word_1_48' title='bbox 2321 560 2502 616; x_wconf 91' lang='lat' dir='ltr'><strong>modo</strong></span> <span class='ocrx_word' id='word_1_49' title='bbox 2520 559 2782 631; x_wconf 87' lang='lat' dir='ltr'><strong>speciem</strong></span> <span class='ocrx_word' id='word_1_50' title='bbox 2809 561 2882 616; x_wconf 93' lang='lat' dir='ltr'><strong>de</strong></span> <span class='ocrx_word' id='word_1_51' title='bbox 2909 578 2971 616; x_wconf 92' lang='lat' dir='ltr'><strong>se</strong></span> <span class='ocrx_word' id='word_1_52' title='bbox 2988 563 3273 632; x_wconf 69' lang='lat' dir='ltr'><strong>praebere,</strong></span> <span class='ocrx_word' id='word_1_53' title='bbox 3297 579 3402 618; x_wconf 88' lang='lat' dir='ltr'><strong>nec</strong></span> <span class='ocrx_word' id='word_1_54' title='bbox 3426 563 3648 619; x_wconf 89' lang='lat' dir='ltr'><strong>habere</strong></span> 
     </span>
    </p>
   </div>
   <div class='ocr_carea' id='block_1_8' title="bbox 287 648 1925 725">
    <p class='ocr_par' dir='ltr' id='par_1_8' title="bbox 287 648 1885 725">
     <span class='ocr_line' id='line_1_8' title="bbox 287 648 1885 725; baseline -0.004 -19"><span class='ocrx_word' id='word_1_55' title='bbox 287 656 498 725; x_wconf 83' lang='grc' dir='ltr'>στερεὰν</span> <span class='ocrx_word' id='word_1_56' title='bbox 551 651 732 723; x_wconf 82' lang='grc' dir='ltr'><strong>βάσιν,</strong></span> <span class='ocrx_word' id='word_1_57' title='bbox 788 650 916 703; x_wconf 86' lang='grc' dir='ltr'>ἀλλὰ</span> <span class='ocrx_word' id='word_1_58' title='bbox 959 655 1345 725; x_wconf 85' lang='grc' dir='ltr'>παρερχόμενα.</span> <span class='ocrx_word' id='word_1_59' title='bbox 1403 653 1503 702; x_wconf 81' lang='grc' dir='ltr'><strong>Καὶ</strong></span> <span class='ocrx_word' id='word_1_60' title='bbox 1557 652 1601 701; x_wconf 83' lang='grc' dir='ltr'>εἴ</span> <span class='ocrx_word' id='word_1_61' title='bbox 1638 653 1688 700; x_wconf 91' lang='grc' dir='ltr'><strong>τί</strong></span> <span class='ocrx_word' id='word_1_62' title='bbox 1745 648 1885 701; x_wconf 88' lang='grc' dir='ltr'>ἐστιν</span> 
     </span>
    </p>
   </div>
   <div class='ocr_carea' id='block_1_9' title="bbox 2010 648 3648 725">
    <p class='ocr_par' dir='ltr' id='par_1_9' title="bbox 2010 649 3648 721">
     <span class='ocr_line' id='line_1_9' title="bbox 2010 649 3648 721; baseline 0.001 -18"><span class='ocrx_word' id='word_1_63' title='bbox 2010 649 2254 704; x_wconf 70' lang='lat' dir='ltr'><strong>solidum</strong></span> <span class='ocrx_word' id='word_1_64' title='bbox 2268 649 2867 711; x_wconf 86' lang='lat' dir='ltr'><strong>fundamentum,sed</strong></span> <span class='ocrx_word' id='word_1_65' title='bbox 2883 652 3180 721; x_wconf 63' lang='lat' dir='ltr'><strong>praeterire</strong></span> <span class='ocrx_word' id='word_1_66' title='bbox 3195 669 3262 707; x_wconf 90' lang='lat' dir='ltr'><strong>ac</strong></span> <span class='ocrx_word' id='word_1_67' title='bbox 3277 667 3648 708; x_wconf 84' lang='lat' dir='ltr'><strong>evanescere.</strong></span> 
     </span>
    </p>
   </div>
   <div class='ocr_carea' id='block_1_10' title="bbox 285 738 1923 814">
    <p class='ocr_par' dir='ltr' id='par_1_10' title="bbox 285 739 1678 814">
     <span class='ocr_line' id='line_1_10' title="bbox 285 739 1678 814; baseline -0.004 -19"><span class='ocrx_word' id='word_1_68' title='bbox 285 745 386 795; x_wconf 86' lang='grc' dir='ltr'>ύπὸ</span> <span class='ocrx_word' id='word_1_69' title='bbox 422 747 510 794; x_wconf 87' lang='grc' dir='ltr'>τὸν</span> <span class='ocrx_word' id='word_1_70' title='bbox 541 744 778 814; x_wconf 88' lang='grc' dir='ltr'>ούρανόν,</span> <span class='ocrx_word' id='word_1_71' title='bbox 812 742 1014 802; x_wconf 82' lang='grc' dir='ltr'><strong>τούτοις</strong></span> <span class='ocrx_word' id='word_1_72' title='bbox 1041 739 1182 792; x_wconf 77' lang='grc' dir='ltr'>ἐστὶν</span> <span class='ocrx_word' id='word_1_73' title='bbox 1215 739 1678 811; x_wconf 70' lang='grc' dir='ltr'>εὐκαταφρόνητον.</span> 
     </span>
    </p>
   </div>
   <div class='ocr_carea' id='block_1_11' title="bbox 2010 738 3648 814">
    <p class='ocr_par' dir='ltr' id='par_1_11' title="bbox 2010 738 3648 810">
     <span class='ocr_line' id='line_1_11' title="bbox 2010 738 3648 810; baseline 0.002 -18"><span class='ocrx_word' id='word_1_74' title='bbox 2010 738 2366 810; x_wconf 82' lang='lat' dir='ltr'><strong>thuidquid</strong></span> <span class='ocrx_word' id='word_1_75' title='bbox 2395 739 2507 793; x_wconf 87' lang='lat' dir='ltr'><strong>sub</strong></span> <span class='ocrx_word' id='word_1_76' title='bbox 2535 738 2682 794; x_wconf 73' lang='lat' dir='ltr'><strong>coelo</strong></span> <span class='ocrx_word' id='word_1_77' title='bbox 2708 745 2814 803; x_wconf 85' lang='lat' dir='ltr'><strong>est,</strong></span> <span class='ocrx_word' id='word_1_78' title='bbox 2836 739 2912 794; x_wconf 91' lang='lat' dir='ltr'><strong>ab</strong></span> <span class='ocrx_word' id='word_1_79' title='bbox 2935 740 3018 795; x_wconf 92' lang='lat' dir='ltr'><strong>eis</strong></span> <span class='ocrx_word' id='word_1_80' title='bbox 3036 739 3208 797; x_wconf 85' lang='lat' dir='ltr'><strong>facile</strong></span> <span class='ocrx_word' id='word_1_81' title='bbox 3231 741 3648 798; x_wconf 83' lang='lat' dir='ltr'><strong>contemnitur.</strong></span> 
     </span>
    </p>
   </div>
   <div class='ocr_carea' id='block_1_12' title="bbox 360 863 1998 936">
    <p class='ocr_par' dir='ltr' id='par_1_12' title="bbox 360 865 1888 935">
     <span class='ocr_line' id='line_1_12' title="bbox 360 865 1888 935; baseline -0.005 -14"><span class='ocrx_word' id='word_1_82' title='bbox 360 867 495 922; x_wconf 69' lang='grc' dir='ltr'><strong>ΜΓ.</strong></span> <span class='ocrx_word' id='word_1_83' title='bbox 526 869 621 920; x_wconf 83' lang='grc' dir='ltr'>Διά</span> <span class='ocrx_word' id='word_1_84' title='bbox 647 871 696 919; x_wconf 90' lang='grc' dir='ltr'><strong>τί</strong></span> <span class='ocrx_word' id='word_1_85' title='bbox 731 882 744 932; x_wconf 92' lang='grc'><strong>;</strong></span> <span class='ocrx_word' id='word_1_86' title='bbox 775 867 855 918; x_wconf 88' lang='grc' dir='ltr'>ὅτι</span> <span class='ocrx_word' id='word_1_87' title='bbox 907 865 1024 928; x_wconf 83' lang='grc' dir='ltr'>ξένα</span> <span class='ocrx_word' id='word_1_88' title='bbox 1061 869 1150 917; x_wconf 85' lang='grc' dir='ltr'>καὶ</span> <span class='ocrx_word' id='word_1_89' title='bbox 1193 865 1473 935; x_wconf 85' lang='grc' dir='ltr'>θαυμαστά</span> <span class='ocrx_word' id='word_1_90' title='bbox 1502 866 1568 915; x_wconf 84' lang='grc' dir='ltr'><strong>τά</strong></span> <span class='ocrx_word' id='word_1_91' title='bbox 1593 865 1759 915; x_wconf 80' lang='grc' dir='ltr'><strong>ἐπάνω</strong></span> <span class='ocrx_word' id='word_1_92' title='bbox 1792 871 1888 915; x_wconf 86' lang='grc' dir='ltr'>τῶν</span> 
     </span>
    </p>
   </div>
   <div class='ocr_carea' id='block_1_13' title="bbox 2016 863 3654 936">
    <p class='ocr_par' dir='ltr' id='par_1_13' title="bbox 2073 863 3654 936">
     <span class='ocr_line' id='line_1_13' title="bbox 2073 863 3654 936; baseline 0.001 -18"><span class='ocrx_word' id='word_1_93' title='bbox 2073 863 2248 918; x_wconf 85' lang='lat' dir='ltr'><strong>XLIII.</strong></span> <span class='ocrx_word' id='word_1_94' title='bbox 2293 863 2402 928; x_wconf 87' lang='lat' dir='ltr'><strong>Qui</strong></span> <span class='ocrx_word' id='word_1_95' title='bbox 2429 863 2543 918; x_wconf 92' lang='lat' dir='ltr'><strong>hoc</strong></span> <span class='ocrx_word' id='word_1_96' title='bbox 2586 863 2614 917; x_wconf 81' lang='lat'><strong>‘?</strong></span> <span class='ocrx_word' id='word_1_97' title='bbox 2670 866 2746 917; x_wconf 88' lang='lat' dir='ltr'><strong>Eo</strong></span> <span class='ocrx_word' id='word_1_98' title='bbox 2789 864 2950 935; x_wconf 92' lang='lat' dir='ltr'><strong>quod</strong></span> <span class='ocrx_word' id='word_1_99' title='bbox 3003 865 3314 936; x_wconf 87' lang='lat' dir='ltr'><strong>peregrina</strong></span> <span class='ocrx_word' id='word_1_100' title='bbox 3357 871 3411 921; x_wconf 86' lang='lat' dir='ltr'><strong>et</strong></span> <span class='ocrx_word' id='word_1_101' title='bbox 3458 866 3654 921; x_wconf 81' lang='lat' dir='ltr'><strong>admi-</strong></span> 
     </span>
    </p>
   </div>
   <div class='ocr_carea' id='block_1_14' title="bbox 290 952 1928 1030">
    <p class='ocr_par' dir='ltr' id='par_1_14' title="bbox 290 952 1886 1030">
     <span class='ocr_line' id='line_1_14' title="bbox 290 952 1886 1030; baseline -0.003 -22"><span class='ocrx_word' id='word_1_102' title='bbox 290 957 540 1030; x_wconf 81' lang='grc' dir='ltr'>οῦρανῶν,</span> <span class='ocrx_word' id='word_1_103' title='bbox 572 959 640 1008; x_wconf 84' lang='grc' dir='ltr'>τὰ</span> <span class='ocrx_word' id='word_1_104' title='bbox 669 960 740 1028; x_wconf 85' lang='grc' dir='ltr'><strong>μή</strong></span> <span class='ocrx_word' id='word_1_105' title='bbox 788 958 910 1008; x_wconf 84' lang='grc' dir='ltr'>ὄντα</span> <span class='ocrx_word' id='word_1_106' title='bbox 940 960 1070 1027; x_wconf 88' lang='grc' dir='ltr'>μήτε</span> <span class='ocrx_word' id='word_1_107' title='bbox 1127 954 1198 1016; x_wconf 84' lang='grc' dir='ltr'><strong>είς</strong></span> <span class='ocrx_word' id='word_1_108' title='bbox 1257 957 1557 1027; x_wconf 87' lang='grc' dir='ltr'>θησαυροὺς</span> <span class='ocrx_word' id='word_1_109' title='bbox 1607 952 1886 1025; x_wconf 83' lang='grc' dir='ltr'>βασιλέων,</span> 
     </span>
    </p>
   </div>
   <div class='ocr_carea' id='block_1_15' title="bbox 2017 952 3655 1030">
    <p class='ocr_par' dir='ltr' id='par_1_15' title="bbox 2017 952 3655 1026">
     <span class='ocr_line' id='line_1_15' title="bbox 2017 952 3655 1026; baseline 0.002 -19"><span class='ocrx_word' id='word_1_110' title='bbox 2017 953 2192 1007; x_wconf 76' lang='lat' dir='ltr'><strong>&#39;anda</strong></span> <span class='ocrx_word' id='word_1_111' title='bbox 2222 952 2509 1023; x_wconf 70' lang='lat' dir='ltr'><strong>sint,quee</strong></span> <span class='ocrx_word' id='word_1_112' title='bbox 2534 967 2717 1023; x_wconf 80' lang='lat' dir='ltr'><strong>supra</strong></span> <span class='ocrx_word' id='word_1_113' title='bbox 2741 952 2919 1007; x_wconf 72' lang='lat' dir='ltr'><strong>cmlos</strong></span> <span class='ocrx_word' id='word_1_114' title='bbox 2951 959 3194 1019; x_wconf 89' lang='lat' dir='ltr'><strong>sunt,ac</strong></span> <span class='ocrx_word' id='word_1_115' title='bbox 3223 970 3418 1026; x_wconf 89' lang='lat' dir='ltr'><strong>neque</strong></span> <span class='ocrx_word' id='word_1_116' title='bbox 3438 954 3496 1009; x_wconf 93' lang='lat' dir='ltr'><strong>in</strong></span> <span class='ocrx_word' id='word_1_117' title='bbox 3524 955 3655 1010; x_wconf 84' lang='lat' dir='ltr'><strong>the-</strong></span> 
     </span>
    </p>
   </div>
   <div class='ocr_carea' id='block_1_16' title="bbox 290 1039 1928 1118">
    <p class='ocr_par' dir='ltr' id='par_1_16' title="bbox 290 1039 1887 1118">
     <span class='ocr_line' id='line_1_16' title="bbox 290 1039 1887 1118; baseline -0.003 -20"><span class='ocrx_word' id='word_1_118' title='bbox 290 1051 421 1118; x_wconf 86' lang='grc' dir='ltr'>μήτε</span> <span class='ocrx_word' id='word_1_119' title='bbox 478 1045 545 1106; x_wconf 88' lang='grc' dir='ltr'>εἰς</span> <span class='ocrx_word' id='word_1_120' title='bbox 604 1050 787 1117; x_wconf 75' lang='grc' dir='ltr'>σοφίαν</span> <span class='ocrx_word' id='word_1_121' title='bbox 838 1045 1021 1116; x_wconf 86' lang='grc' dir='ltr'>λόγων,</span> <span class='ocrx_word' id='word_1_122' title='bbox 1094 1048 1225 1115; x_wconf 84' lang='grc' dir='ltr'>μήτε</span> <span class='ocrx_word' id='word_1_123' title='bbox 1277 1043 1346 1105; x_wconf 80' lang='grc' dir='ltr'>εἰς</span> <span class='ocrx_word' id='word_1_124' title='bbox 1397 1039 1555 1105; x_wconf 77' lang='grc' dir='ltr'>δόξαν</span> <span class='ocrx_word' id='word_1_125' title='bbox 1611 1046 1887 1113; x_wconf 77' lang='grc' dir='ltr'><strong>κοσμικὴν,</strong></span> 
     </span>
    </p>
   </div>
   <div class='ocr_carea' id='block_1_17' title="bbox 2015 1039 3653 1118">
    <p class='ocr_par' dir='ltr' id='par_1_17' title="bbox 2015 1042 3653 1114">
     <span class='ocr_line' id='line_1_17' title="bbox 2015 1042 3653 1114; baseline 0.002 -20"><span class='ocrx_word' id='word_1_126' title='bbox 2015 1042 2192 1095; x_wconf 75' lang='lat' dir='ltr'><strong>sauris</strong></span> <span class='ocrx_word' id='word_1_127' title='bbox 2217 1056 2446 1110; x_wconf 90' lang='lat' dir='ltr'><strong>regum,</strong></span> <span class='ocrx_word' id='word_1_128' title='bbox 2478 1056 2671 1112; x_wconf 89' lang='lat' dir='ltr'><strong>neque</strong></span> <span class='ocrx_word' id='word_1_129' title='bbox 2690 1042 2748 1095; x_wconf 91' lang='lat' dir='ltr'><strong>in</strong></span> <span class='ocrx_word' id='word_1_130' title='bbox 2782 1043 3073 1111; x_wconf 82' lang='lat' dir='ltr'><strong>sapientia</strong></span> <span class='ocrx_word' id='word_1_131' title='bbox 3094 1043 3436 1107; x_wconf 84' lang='lat' dir='ltr'><strong>verborum,</strong></span> <span class='ocrx_word' id='word_1_132' title='bbox 3458 1057 3653 1114; x_wconf 87' lang='lat' dir='ltr'><strong>neque</strong></span> 
     </span>
    </p>
   </div>
   <div class='ocr_carea' id='block_1_18' title="bbox 289 1129 1927 1206">
    <p class='ocr_par' dir='ltr' id='par_1_18' title="bbox 289 1131 1886 1206">
     <span class='ocr_line' id='line_1_18' title="bbox 289 1131 1886 1206; baseline -0.002 -19"><span class='ocrx_word' id='word_1_133' title='bbox 289 1140 380 1188; x_wconf 86' lang='grc' dir='ltr'>καὶ</span> <span class='ocrx_word' id='word_1_134' title='bbox 437 1134 728 1206; x_wconf 82' lang='grc' dir='ltr'>ἀξιώματα,</span> <span class='ocrx_word' id='word_1_135' title='bbox 792 1135 820 1192; x_wconf 86' lang='grc' dir='ltr'><strong>ή</strong></span> <span class='ocrx_word' id='word_1_136' title='bbox 877 1135 1119 1199; x_wconf 89' lang='grc' dir='ltr'>πλοῦτον,</span> <span class='ocrx_word' id='word_1_137' title='bbox 1180 1133 1285 1186; x_wconf 87' lang='grc' dir='ltr'>οἷον</span> <span class='ocrx_word' id='word_1_138' title='bbox 1342 1131 1520 1184; x_wconf 75' lang='grc' dir='ltr'>ἐκεῖνοι</span> <span class='ocrx_word' id='word_1_139' title='bbox 1581 1131 1886 1202; x_wconf 78' lang='grc' dir='ltr'><strong>ἐκτήσαντο,</strong></span> 
     </span>
    </p>
   </div>
   <div class='ocr_carea' id='block_1_19' title="bbox 2015 1129 3653 1206">
    <p class='ocr_par' dir='ltr' id='par_1_19' title="bbox 2024 1129 3653 1202">
     <span class='ocr_line' id='line_1_19' title="bbox 2024 1129 3653 1202; baseline 0 -18"><span class='ocrx_word' id='word_1_140' title='bbox 2024 1146 2060 1184; x_wconf 90' lang='lat' dir='ltr'><strong>n</strong></span> <span class='ocrx_word' id='word_1_141' title='bbox 2097 1129 2284 1199; x_wconf 83' lang='lat' dir='ltr'><strong>gloria</strong></span> <span class='ocrx_word' id='word_1_142' title='bbox 2300 1130 2608 1185; x_wconf 91' lang='lat' dir='ltr'><strong>mundana</strong></span> <span class='ocrx_word' id='word_1_143' title='bbox 2626 1131 2997 1202; x_wconf 79' lang='lat' dir='ltr'><strong>reperiantur</strong></span> <span class='ocrx_word' id='word_1_144' title='bbox 3023 1146 3034 1184; x_wconf 89' lang='lat'><strong>:</strong></span> <span class='ocrx_word' id='word_1_145' title='bbox 3065 1147 3135 1186; x_wconf 92' lang='lat' dir='ltr'><strong>ac</strong></span> <span class='ocrx_word' id='word_1_146' title='bbox 3153 1133 3293 1202; x_wconf 80' lang='lat' dir='ltr'><strong>quia</strong></span> <span class='ocrx_word' id='word_1_147' title='bbox 3308 1133 3653 1202; x_wconf 84' lang='lat' dir='ltr'><strong>dignitates,</strong></span> 
     </span>
    </p>
   </div>
   <div class='ocr_carea' id='block_1_20' title="bbox 289 1217 1927 1296">
    <p class='ocr_par' dir='ltr' id='par_1_20' title="bbox 289 1217 1889 1296">
     <span class='ocr_line' id='line_1_20' title="bbox 289 1217 1889 1296; baseline -0.003 -20"><span class='ocrx_word' id='word_1_148' title='bbox 289 1229 378 1276; x_wconf 88' lang='grc' dir='ltr'>τὸν</span> <span class='ocrx_word' id='word_1_149' title='bbox 420 1227 607 1296; x_wconf 77' lang='grc' dir='ltr'><strong>Κύριον</strong></span> <span class='ocrx_word' id='word_1_150' title='bbox 655 1229 744 1274; x_wconf 87' lang='grc' dir='ltr'>καὶ</span> <span class='ocrx_word' id='word_1_151' title='bbox 797 1228 1015 1281; x_wconf 80' lang='grc' dir='ltr'><strong>κτίστην</strong></span> <span class='ocrx_word' id='word_1_152' title='bbox 1055 1224 1258 1275; x_wconf 88' lang='grc' dir='ltr'>πάντων</span> <span class='ocrx_word' id='word_1_153' title='bbox 1321 1224 1529 1293; x_wconf 80' lang='grc' dir='ltr'>ἔχοντες</span> <span class='ocrx_word' id='word_1_154' title='bbox 1568 1220 1615 1271; x_wconf 81' lang='grc' dir='ltr'>ἐν</span> <span class='ocrx_word' id='word_1_155' title='bbox 1646 1228 1718 1290; x_wconf 82' lang='grc' dir='ltr'>τῷ</span> <span class='ocrx_word' id='word_1_156' title='bbox 1749 1217 1889 1272; x_wconf 75' lang='grc' dir='ltr'>ἐνδο-</span> 
     </span>
    </p>
   </div>
   <div class='ocr_carea' id='block_1_21' title="bbox 2019 1217 3657 1296">
    <p class='ocr_par' dir='ltr' id='par_1_21' title="bbox 2019 1218 3657 1292">
     <span class='ocr_line' id='line_1_21' title="bbox 2019 1218 3657 1292; baseline 0.001 -19"><span class='ocrx_word' id='word_1_157' title='bbox 2019 1225 2104 1273; x_wconf 76' lang='lat' dir='ltr'><strong>Lut</strong></span> <span class='ocrx_word' id='word_1_158' title='bbox 2151 1218 2393 1283; x_wconf 64' lang='lat' dir='ltr'><strong>divitiae,</strong></span> <span class='ocrx_word' id='word_1_159' title='bbox 2442 1234 2577 1289; x_wconf 76' lang='lat' dir='ltr'><strong>quae</strong></span> <span class='ocrx_word' id='word_1_160' title='bbox 2605 1219 2686 1274; x_wconf 89' lang='lat' dir='ltr'><strong>illi</strong></span> <span class='ocrx_word' id='word_1_161' title='bbox 2729 1219 3055 1290; x_wconf 83' lang='lat' dir='ltr'><strong>possident,</strong></span> <span class='ocrx_word' id='word_1_162' title='bbox 3096 1222 3201 1292; x_wconf 88' lang='lat' dir='ltr'><strong>qui</strong></span> <span class='ocrx_word' id='word_1_163' title='bbox 3248 1221 3569 1276; x_wconf 92' lang='lat' dir='ltr'><strong>Dominum</strong></span> <span class='ocrx_word' id='word_1_164' title='bbox 3601 1225 3657 1275; x_wconf 87' lang='lat' dir='ltr'><strong>et</strong></span> 
     </span>
    </p>
   </div>
   <div class='ocr_carea' id='block_1_22' title="bbox 291 1307 1929 1386">
    <p class='ocr_par' dir='ltr' id='par_1_22' title="bbox 291 1308 1894 1386">
     <span class='ocr_line' id='line_1_22' title="bbox 291 1308 1894 1386; baseline -0.002 -21"><span class='ocrx_word' id='word_1_165' title='bbox 291 1315 429 1384; x_wconf 84' lang='grc' dir='ltr'>τάτῳ</span> <span class='ocrx_word' id='word_1_166' title='bbox 489 1313 764 1386; x_wconf 80' lang='grc' dir='ltr'><strong>ἀνθρώπῳ,</strong></span> <span class='ocrx_word' id='word_1_167' title='bbox 824 1321 1000 1384; x_wconf 81' lang='grc' dir='ltr'>κτῆμα</span> <span class='ocrx_word' id='word_1_168' title='bbox 1065 1315 1123 1363; x_wconf 90' lang='grc' dir='ltr'>τὸ</span> <span class='ocrx_word' id='word_1_169' title='bbox 1174 1315 1242 1382; x_wconf 88' lang='grc' dir='ltr'><strong>μή</strong></span> <span class='ocrx_word' id='word_1_170' title='bbox 1295 1314 1705 1383; x_wconf 82' lang='grc' dir='ltr'><strong>παρερχόμενον,</strong></span> <span class='ocrx_word' id='word_1_171' title='bbox 1766 1308 1894 1362; x_wconf 86' lang='grc' dir='ltr'><strong>ἀλλά</strong></span> 
     </span>
    </p>
   </div>
   <div class='ocr_carea' id='block_1_23' title="bbox 2020 1307 3658 1386">
    <p class='ocr_par' dir='ltr' id='par_1_23' title="bbox 2020 1307 3658 1376">
     <span class='ocr_line' id='line_1_23' title="bbox 2020 1307 3658 1376; baseline 0.002 -15"><span class='ocrx_word' id='word_1_172' title='bbox 2020 1308 2333 1363; x_wconf 69' lang='grc' dir='ltr'>Ξτθιιιοτθω</span> <span class='ocrx_word' id='word_1_173' title='bbox 2352 1308 2626 1362; x_wconf 91' lang='lat' dir='ltr'><strong>omnium</strong></span> <span class='ocrx_word' id='word_1_174' title='bbox 2661 1308 2717 1364; x_wconf 90' lang='lat' dir='ltr'><strong>in</strong></span> <span class='ocrx_word' id='word_1_175' title='bbox 2735 1307 3253 1364; x_wconf 88' lang='lat' dir='ltr'><strong>interiorihomine</strong></span> <span class='ocrx_word' id='word_1_176' title='bbox 3269 1309 3512 1376; x_wconf 82' lang='lat' dir='ltr'><strong>habent,</strong></span> <span class='ocrx_word' id='word_1_177' title='bbox 3538 1310 3658 1365; x_wconf 80' lang='lat' dir='ltr'><strong>sint</strong></span> 
     </span>
    </p>
   </div>
   <div class='ocr_carea' id='block_1_24' title="bbox 292 1394 1930 1474">
    <p class='ocr_par' dir='ltr' id='par_1_24' title="bbox 292 1394 1891 1474">
     <span class='ocr_line' id='line_1_24' title="bbox 292 1394 1891 1474; baseline -0.003 -20"><span class='ocrx_word' id='word_1_178' title='bbox 292 1405 606 1474; x_wconf 87' lang='grc' dir='ltr'>παραμένον.</span> <span class='ocrx_word' id='word_1_179' title='bbox 659 1404 726 1454; x_wconf 87' lang='grc' dir='ltr'>Οἱ</span> <span class='ocrx_word' id='word_1_180' title='bbox 798 1403 898 1474; x_wconf 82' lang='grc' dir='ltr'>γὰρ</span> <span class='ocrx_word' id='word_1_181' title='bbox 959 1404 1268 1472; x_wconf 76' lang='grc' dir='ltr'>Χριστιανοὶ</span> <span class='ocrx_word' id='word_1_182' title='bbox 1334 1403 1510 1470; x_wconf 83' lang='grc' dir='ltr'>τιμίαν</span> <span class='ocrx_word' id='word_1_183' title='bbox 1567 1394 1750 1451; x_wconf 81' lang='grc' dir='ltr'>οἴδασι</span> <span class='ocrx_word' id='word_1_184' title='bbox 1800 1403 1891 1456; x_wconf 76' lang='grc' dir='ltr'>τὴν</span> 
     </span>
    </p>
   </div>
   <div class='ocr_carea' id='block_1_25' title="bbox 2017 1394 3655 1474">
    <p class='ocr_par' dir='ltr' id='par_1_25' title="bbox 2017 1397 3655 1470">
     <span class='ocr_line' id='line_1_25' title="bbox 2017 1397 3655 1470; baseline 0.002 -20"><span class='ocrx_word' id='word_1_185' title='bbox 2017 1397 2304 1467; x_wconf 63' lang='lat' dir='ltr'><strong>possessio</strong></span> <span class='ocrx_word' id='word_1_186' title='bbox 2333 1413 2644 1469; x_wconf 89' lang='lat' dir='ltr'><strong>nunquam</strong></span> <span class='ocrx_word' id='word_1_187' title='bbox 2718 1397 3045 1464; x_wconf 88' lang='lat' dir='ltr'><strong>interitura,</strong></span> <span class='ocrx_word' id='word_1_188' title='bbox 3109 1399 3212 1453; x_wconf 91' lang='lat' dir='ltr'><strong>sed</strong></span> <span class='ocrx_word' id='word_1_189' title='bbox 3277 1414 3655 1470; x_wconf 87' lang='lat' dir='ltr'><strong>permanens.</strong></span> 
     </span>
    </p>
   </div>
   <div class='ocr_carea' id='block_1_26' title="bbox 291 1484 1929 1562">
    <p class='ocr_par' dir='ltr' id='par_1_26' title="bbox 291 1484 1892 1562">
     <span class='ocr_line' id='line_1_26' title="bbox 291 1484 1892 1562; baseline -0.002 -21"><span class='ocrx_word' id='word_1_190' title='bbox 291 1489 479 1560; x_wconf 75' lang='grc' dir='ltr'>ψυχὴν</span> <span class='ocrx_word' id='word_1_191' title='bbox 509 1492 633 1562; x_wconf 68' lang='grc' dir='ltr'>ὑπὲρ</span> <span class='ocrx_word' id='word_1_192' title='bbox 666 1490 834 1540; x_wconf 87' lang='grc' dir='ltr'>πάντα</span> <span class='ocrx_word' id='word_1_193' title='bbox 886 1490 951 1539; x_wconf 83' lang='grc' dir='ltr'>τὰ</span> <span class='ocrx_word' id='word_1_194' title='bbox 1007 1484 1456 1561; x_wconf 78' lang='grc' dir='ltr'>δημιουργήματα</span> <span class='ocrx_word' id='word_1_195' title='bbox 1500 1503 1512 1515; x_wconf 85' lang='grc'><em>’</em></span> <span class='ocrx_word' id='word_1_196' title='bbox 1552 1492 1701 1558; x_wconf 83' lang='grc' dir='ltr'>μόνος</span> <span class='ocrx_word' id='word_1_197' title='bbox 1746 1489 1892 1559; x_wconf 85' lang='grc' dir='ltr'>γὰρό</span> 
     </span>
    </p>
   </div>
   <div class='ocr_carea' id='block_1_27' title="bbox 2021 1484 3659 1562">
    <p class='ocr_par' dir='ltr' id='par_1_27' title="bbox 2021 1485 3659 1560">
     <span class='ocr_line' id='line_1_27' title="bbox 2021 1485 3659 1560; baseline 0.001 -20"><span class='ocrx_word' id='word_1_198' title='bbox 2021 1485 2319 1541; x_wconf 77' lang='lat' dir='ltr'><strong>3hristiani</strong></span> <span class='ocrx_word' id='word_1_199' title='bbox 2340 1487 2496 1541; x_wconf 91' lang='lat' dir='ltr'><strong>enim</strong></span> <span class='ocrx_word' id='word_1_200' title='bbox 2527 1493 2839 1552; x_wconf 90' lang='lat' dir='ltr'><strong>noverunt,</strong></span> <span class='ocrx_word' id='word_1_201' title='bbox 2875 1489 3143 1543; x_wconf 89' lang='lat' dir='ltr'><strong>animam</strong></span> <span class='ocrx_word' id='word_1_202' title='bbox 3176 1488 3352 1558; x_wconf 90' lang='lat' dir='ltr'><strong>longe</strong></span> <span class='ocrx_word' id='word_1_203' title='bbox 3372 1493 3659 1560; x_wconf 74' lang='lat' dir='ltr'><strong>praastan-</strong></span> 
     </span>
    </p>
   </div>
   <div class='ocr_carea' id='block_1_28' title="bbox 294 1574 1932 1648">
    <p class='ocr_par' dir='ltr' id='par_1_28' title="bbox 294 1577 1889 1648">
     <span class='ocr_line' id='line_1_28' title="bbox 294 1577 1889 1648; baseline -0.001 -19"><span class='ocrx_word' id='word_1_204' title='bbox 294 1579 561 1648; x_wconf 84' lang='grc' dir='ltr'>ἄνθρωπος</span> <span class='ocrx_word' id='word_1_205' title='bbox 614 1578 728 1628; x_wconf 87' lang='grc' dir='ltr'>κατ’</span> <span class='ocrx_word' id='word_1_206' title='bbox 784 1577 954 1628; x_wconf 83' lang='grc' dir='ltr'>εἰκόνα</span> <span class='ocrx_word' id='word_1_207' title='bbox 1005 1580 1094 1628; x_wconf 85' lang='grc' dir='ltr'>καὶ</span> <span class='ocrx_word' id='word_1_208' title='bbox 1156 1577 1406 1647; x_wconf 85' lang='grc' dir='ltr'>ὁμοίωσιν</span> <span class='ocrx_word' id='word_1_209' title='bbox 1460 1583 1594 1628; x_wconf 85' lang='grc' dir='ltr'>Θεοῦ</span> <span class='ocrx_word' id='word_1_210' title='bbox 1645 1580 1839 1646; x_wconf 82' lang='grc' dir='ltr'>ἐγένετο</span> <span class='ocrx_word' id='word_1_211' title='bbox 1878 1594 1889 1606; x_wconf 90' lang='grc'>·</span> 
     </span>
    </p>
   </div>
   <div class='ocr_carea' id='block_1_29' title="bbox 2019 1574 3657 1648">
    <p class='ocr_par' dir='ltr' id='par_1_29' title="bbox 2019 1574 3657 1646">
     <span class='ocr_line' id='line_1_29' title="bbox 2019 1574 3657 1646; baseline 0.002 -19"><span class='ocrx_word' id='word_1_212' title='bbox 2019 1574 2210 1630; x_wconf 87' lang='lat' dir='ltr'><strong>.iorem</strong></span> <span class='ocrx_word' id='word_1_213' title='bbox 2252 1575 2368 1646; x_wconf 78' lang='lat'><strong>65</strong></span> <span class='ocrx_word' id='word_1_214' title='bbox 2402 1591 2533 1629; x_wconf 89' lang='lat' dir='ltr'><strong>esse</strong></span> <span class='ocrx_word' id='word_1_215' title='bbox 2573 1576 2800 1631; x_wconf 64' lang='lat' dir='ltr'><strong>caeteris</strong></span> <span class='ocrx_word' id='word_1_216' title='bbox 2823 1577 3105 1632; x_wconf 90' lang='lat' dir='ltr'><strong>omnibus</strong></span> <span class='ocrx_word' id='word_1_217' title='bbox 3146 1578 3469 1633; x_wconf 90' lang='lat' dir='ltr'><strong>creaturis:</strong></span> <span class='ocrx_word' id='word_1_218' title='bbox 3496 1576 3657 1632; x_wconf 88' lang='lat' dir='ltr'><strong>solus</strong></span> 
     </span>
    </p>
   </div>
   <div class='ocr_carea' id='block_1_30' title="bbox 300 1662 1938 1739">
    <p class='ocr_par' dir='ltr' id='par_1_30' title="bbox 300 1662 1892 1739">
     <span class='ocr_line' id='line_1_30' title="bbox 300 1662 1892 1739; baseline 0.001 -24"><span class='ocrx_word' id='word_1_219' title='bbox 300 1662 416 1717; x_wconf 80' lang='grc' dir='ltr'><strong>ἰδοὺ</strong></span> <span class='ocrx_word' id='word_1_220' title='bbox 445 1667 470 1716; x_wconf 89' lang='lat'><strong>6</strong></span> <span class='ocrx_word' id='word_1_221' title='bbox 511 1670 725 1738; x_wconf 77' lang='grc' dir='ltr'>οῦρανός</span> <span class='ocrx_word' id='word_1_222' title='bbox 780 1670 940 1718; x_wconf 92' lang='grc' dir='ltr'>πόσον</span> <span class='ocrx_word' id='word_1_223' title='bbox 1000 1667 1140 1716; x_wconf 73' lang='grc' dir='ltr'>ἐστὶν</span> <span class='ocrx_word' id='word_1_224' title='bbox 1189 1665 1568 1739; x_wconf 68' lang='grc' dir='ltr'><strong>ὑπερμεγέθης,</strong></span> <span class='ocrx_word' id='word_1_225' title='bbox 1603 1669 1691 1716; x_wconf 81' lang='grc' dir='ltr'>καὶ</span> <span class='ocrx_word' id='word_1_226' title='bbox 1737 1667 1765 1722; x_wconf 81' lang='grc' dir='ltr'>ἡ</span> <span class='ocrx_word' id='word_1_227' title='bbox 1800 1673 1892 1736; x_wconf 75' lang='grc' dir='ltr'>γῇ,</span> 
     </span>
    </p>
   </div>
   <div class='ocr_carea' id='block_1_31' title="bbox 2020 1662 3658 1739">
    <p class='ocr_par' dir='ltr' id='par_1_31' title="bbox 2020 1662 3658 1734">
     <span class='ocr_line' id='line_1_31' title="bbox 2020 1662 3658 1734; baseline 0.002 -18"><span class='ocrx_word' id='word_1_228' title='bbox 2020 1662 2303 1733; x_wconf 74' lang='lat' dir='ltr'><strong>siquidem</strong></span> <span class='ocrx_word' id='word_1_229' title='bbox 2338 1664 2518 1718; x_wconf 89' lang='lat' dir='ltr'><strong>homo</strong></span> <span class='ocrx_word' id='word_1_230' title='bbox 2545 1665 2880 1719; x_wconf 90' lang='lat' dir='ltr'><strong>secundum</strong></span> <span class='ocrx_word' id='word_1_231' title='bbox 2900 1665 3226 1734; x_wconf 85' lang='lat' dir='ltr'><strong>imaginem</strong></span> <span class='ocrx_word' id='word_1_232' title='bbox 3247 1674 3303 1722; x_wconf 91' lang='lat' dir='ltr'><strong>et</strong></span> <span class='ocrx_word' id='word_1_233' title='bbox 3323 1665 3658 1722; x_wconf 88' lang='lat' dir='ltr'><strong>similitudi-</strong></span> 
     </span>
    </p>
   </div>
   <div class='ocr_carea' id='block_1_32' title="bbox 294 1743 1932 1826">
    <p class='ocr_par' dir='ltr' id='par_1_32' title="bbox 294 1754 1897 1826">
     <span class='ocr_line' id='line_1_32' title="bbox 294 1754 1897 1826; baseline 0 -21"><span class='ocrx_word' id='word_1_234' title='bbox 294 1760 384 1806; x_wconf 79' lang='grc' dir='ltr'><strong>καί</strong></span> <span class='ocrx_word' id='word_1_235' title='bbox 446 1758 511 1806; x_wconf 86' lang='grc' dir='ltr'>τὰ</span> <span class='ocrx_word' id='word_1_236' title='bbox 567 1755 615 1805; x_wconf 88' lang='grc' dir='ltr'>ἐν</span> <span class='ocrx_word' id='word_1_237' title='bbox 659 1755 834 1816; x_wconf 74' lang='grc' dir='ltr'>αὐτοῖς</span> <span class='ocrx_word' id='word_1_238' title='bbox 889 1773 1158 1826; x_wconf 87' lang='grc' dir='ltr'>κτισματα</span> <span class='ocrx_word' id='word_1_239' title='bbox 1207 1758 1377 1825; x_wconf 87' lang='grc' dir='ltr'>τίμια,</span> <span class='ocrx_word' id='word_1_240' title='bbox 1438 1758 1526 1805; x_wconf 82' lang='grc' dir='ltr'>καὶ</span> <span class='ocrx_word' id='word_1_241' title='bbox 1583 1754 1783 1825; x_wconf 87' lang='grc' dir='ltr'>μεγάλα</span> <span class='ocrx_word' id='word_1_242' title='bbox 1833 1757 1897 1805; x_wconf 83' lang='grc' dir='ltr'>τὰ</span> 
     </span>
    </p>
   </div>
   <div class='ocr_carea' id='block_1_33' title="bbox 2019 1743 3657 1826">
    <p class='ocr_par' dir='ltr' id='par_1_33' title="bbox 2019 1751 3657 1826">
     <span class='ocr_line' id='line_1_33' title="bbox 2019 1751 3657 1826; baseline 0.003 -21"><span class='ocrx_word' id='word_1_243' title='bbox 2019 1767 2144 1806; x_wconf 79' lang='lat' dir='ltr'><strong>:tem</strong></span> <span class='ocrx_word' id='word_1_244' title='bbox 2179 1752 2275 1805; x_wconf 91' lang='lat' dir='ltr'><strong>Dei</strong></span> <span class='ocrx_word' id='word_1_245' title='bbox 2308 1751 2498 1806; x_wconf 89' lang='lat' dir='ltr'><strong>factus</strong></span> <span class='ocrx_word' id='word_1_246' title='bbox 2520 1758 2627 1806; x_wconf 89' lang='lat' dir='ltr'><strong>est.</strong></span> <span class='ocrx_word' id='word_1_247' title='bbox 2663 1755 2805 1807; x_wconf 88' lang='lat' dir='ltr'><strong>Ecce</strong></span> <span class='ocrx_word' id='word_1_248' title='bbox 2828 1753 3046 1809; x_wconf 75' lang='lat' dir='ltr'><strong>coelum</strong></span> <span class='ocrx_word' id='word_1_249' title='bbox 3070 1771 3254 1826; x_wconf 90' lang='lat' dir='ltr'><strong>quam</strong></span> <span class='ocrx_word' id='word_1_250' title='bbox 3287 1755 3657 1811; x_wconf 88' lang='lat' dir='ltr'><strong>immensum</strong></span> 
     </span>
    </p>
   </div>
   <div class='ocr_carea' id='block_1_34' title="bbox 298 1839 1936 1918">
    <p class='ocr_par' dir='ltr' id='par_1_34' title="bbox 298 1840 1893 1918">
     <span class='ocr_line' id='line_1_34' title="bbox 298 1840 1893 1918; baseline -0.001 -23"><span class='ocrx_word' id='word_1_251' title='bbox 298 1846 456 1901; x_wconf 88' lang='grc' dir='ltr'>σκεύη</span> <span class='ocrx_word' id='word_1_252' title='bbox 492 1845 679 1909; x_wconf 73' lang='grc' dir='ltr'>αὐτῶν,</span> <span class='ocrx_word' id='word_1_253' title='bbox 737 1845 761 1894; x_wconf 90' lang='grc' dir='ltr'><strong>ό</strong></span> <span class='ocrx_word' id='word_1_254' title='bbox 815 1840 873 1896; x_wconf 74' lang='grc' dir='ltr'><strong>δὲ</strong></span> <span class='ocrx_word' id='word_1_255' title='bbox 919 1844 1190 1918; x_wconf 72' lang='grc' dir='ltr'>ἄνθρωπος</span> <span class='ocrx_word' id='word_1_256' title='bbox 1245 1844 1372 1916; x_wconf 75' lang='grc' dir='ltr'>ὑπὲρ</span> <span class='ocrx_word' id='word_1_257' title='bbox 1417 1844 1584 1895; x_wconf 91' lang='grc' dir='ltr'>πάντα</span> <span class='ocrx_word' id='word_1_258' title='bbox 1637 1845 1700 1893; x_wconf 85' lang='grc' dir='ltr'><strong>τὰ</strong></span> <span class='ocrx_word' id='word_1_259' title='bbox 1735 1845 1893 1900; x_wconf 90' lang='grc' dir='ltr'>σκεύη</span> 
     </span>
    </p>
   </div>
   <div class='ocr_carea' id='block_1_35' title="bbox 2023 1839 3661 1918">
    <p class='ocr_par' dir='ltr' id='par_1_35' title="bbox 2023 1839 3661 1912">
     <span class='ocr_line' id='line_1_35' title="bbox 2023 1839 3661 1912; baseline 0.003 -19"><span class='ocrx_word' id='word_1_260' title='bbox 2023 1841 2082 1894; x_wconf 69' lang='lat' dir='ltr'><strong>sit</strong></span> <span class='ocrx_word' id='word_1_261' title='bbox 2116 1839 2128 1893; x_wconf 80' lang='lat' dir='ltr'><strong>l</strong></span> <span class='ocrx_word' id='word_1_262' title='bbox 2162 1841 2299 1894; x_wconf 86' lang='lat' dir='ltr'><strong>item</strong></span> <span class='ocrx_word' id='word_1_263' title='bbox 2332 1847 2389 1894; x_wconf 88' lang='lat' dir='ltr'><strong>et</strong></span> <span class='ocrx_word' id='word_1_264' title='bbox 2429 1846 2581 1894; x_wconf 91' lang='lat' dir='ltr'><strong>terra</strong></span> <span class='ocrx_word' id='word_1_265' title='bbox 2611 1841 2622 1894; x_wconf 90' lang='lat'>!</span> <span class='ocrx_word' id='word_1_266' title='bbox 2653 1857 2836 1912; x_wconf 92' lang='lat' dir='ltr'><strong>quam</strong></span> <span class='ocrx_word' id='word_1_267' title='bbox 2862 1847 3148 1897; x_wconf 69' lang='lat' dir='ltr'><strong>creaturae</strong></span> <span class='ocrx_word' id='word_1_268' title='bbox 3175 1844 3233 1897; x_wconf 90' lang='lat' dir='ltr'><strong>in</strong></span> <span class='ocrx_word' id='word_1_269' title='bbox 3261 1844 3370 1898; x_wconf 89' lang='lat' dir='ltr'><strong>illis</strong></span> <span class='ocrx_word' id='word_1_270' title='bbox 3396 1844 3661 1899; x_wconf 87' lang='lat' dir='ltr'><strong>viventes</strong></span> 
     </span>
    </p>
   </div>
   <div class='ocr_carea' id='block_1_36' title="bbox 295 1926 1933 2005">
    <p class='ocr_par' dir='ltr' id='par_1_36' title="bbox 295 1929 1897 2005">
     <span class='ocr_line' id='line_1_36' title="bbox 295 1929 1897 2005; baseline -0.001 -20"><span class='ocrx_word' id='word_1_271' title='bbox 295 1938 466 2005; x_wconf 89' lang='grc' dir='ltr'>τίμιός</span> <span class='ocrx_word' id='word_1_272' title='bbox 527 1932 684 1999; x_wconf 77' lang='grc' dir='ltr'>ἐστιν,</span> <span class='ocrx_word' id='word_1_273' title='bbox 750 1930 928 1990; x_wconf 80' lang='grc' dir='ltr'>ἐπειδὴ</span> <span class='ocrx_word' id='word_1_274' title='bbox 985 1933 1056 1993; x_wconf 86' lang='grc' dir='ltr'><strong>εἰς</strong></span> <span class='ocrx_word' id='word_1_275' title='bbox 1118 1932 1271 1984; x_wconf 71' lang='grc' dir='ltr'>αὐτόν</span> <span class='ocrx_word' id='word_1_276' title='bbox 1321 1933 1473 2004; x_wconf 88' lang='grc' dir='ltr'>μόνον</span> <span class='ocrx_word' id='word_1_277' title='bbox 1533 1929 1814 1990; x_wconf 76' lang='grc' dir='ltr'>εὐδόκησεν</span> <span class='ocrx_word' id='word_1_278' title='bbox 1872 1933 1897 1983; x_wconf 91' lang='lat'><strong>6</strong></span> 
     </span>
    </p>
   </div>
   <div class='ocr_carea' id='block_1_37' title="bbox 2023 1926 3661 2005">
    <p class='ocr_par' dir='ltr' id='par_1_37' title="bbox 2023 1926 3661 2001">
     <span class='ocr_line' id='line_1_37' title="bbox 2023 1926 3661 2001; baseline 0.002 -18"><span class='ocrx_word' id='word_1_279' title='bbox 2023 1928 2280 2000; x_wconf 59' lang='lat' dir='ltr'><strong>pretiose</strong></span> <span class='ocrx_word' id='word_1_280' title='bbox 2310 1926 2321 1980; x_wconf 89' lang='lat'>!</span> <span class='ocrx_word' id='word_1_281' title='bbox 2356 1943 2665 2000; x_wconf 91' lang='lat' dir='ltr'><strong>quamque</strong></span> <span class='ocrx_word' id='word_1_282' title='bbox 2684 1945 2907 1998; x_wconf 89' lang='lat' dir='ltr'><strong>magna</strong></span> <span class='ocrx_word' id='word_1_283' title='bbox 2928 1947 3180 2001; x_wconf 91' lang='lat' dir='ltr'><strong>corpora</strong></span> <span class='ocrx_word' id='word_1_284' title='bbox 3212 1932 3448 1987; x_wconf 82' lang='lat' dir='ltr'><strong>eorum!</strong></span> <span class='ocrx_word' id='word_1_285' title='bbox 3473 1933 3661 1987; x_wconf 86' lang='lat' dir='ltr'><strong>Homo</strong></span> 
     </span>
    </p>
   </div>
   <div class='ocr_carea' id='block_1_38' title="bbox 298 2017 1936 2097">
    <p class='ocr_par' dir='ltr' id='par_1_38' title="bbox 298 2018 1896 2097">
     <span class='ocr_line' id='line_1_38' title="bbox 298 2018 1896 2097; baseline 0 -25"><span class='ocrx_word' id='word_1_286' title='bbox 298 2024 492 2097; x_wconf 87' lang='grc' dir='ltr'>Κύριος</span> <span class='ocrx_word' id='word_1_287' title='bbox 527 2040 538 2051; x_wconf 86' lang='grc'><strong><em>⁸</em></strong></span> <span class='ocrx_word' id='word_1_288' title='bbox 590 2028 679 2074; x_wconf 81' lang='grc' dir='ltr'>καὶ</span> <span class='ocrx_word' id='word_1_289' title='bbox 732 2025 798 2074; x_wconf 88' lang='grc' dir='ltr'><strong>τά</strong></span> <span class='ocrx_word' id='word_1_290' title='bbox 834 2027 968 2080; x_wconf 83' lang='grc' dir='ltr'>κήτη</span> <span class='ocrx_word' id='word_1_291' title='bbox 1000 2018 1058 2074; x_wconf 72' lang='grc' dir='ltr'><strong>δὲ</strong></span> <span class='ocrx_word' id='word_1_292' title='bbox 1115 2029 1204 2082; x_wconf 85' lang='grc' dir='ltr'>τῆς</span> <span class='ocrx_word' id='word_1_293' title='bbox 1239 2022 1524 2093; x_wconf 75' lang='grc' dir='ltr'>θαλάσσης,</span> <span class='ocrx_word' id='word_1_294' title='bbox 1557 2026 1646 2072; x_wconf 70' lang='grc' dir='ltr'><strong>καὶ¹</strong></span> <span class='ocrx_word' id='word_1_295' title='bbox 1677 2019 1741 2073; x_wconf 78' lang='grc' dir='ltr'>τὰ</span> <span class='ocrx_word' id='word_1_296' title='bbox 1781 2025 1896 2093; x_wconf 85' lang='grc' dir='ltr'>ὅρη,</span> 
     </span>
    </p>
   </div>
   <div class='ocr_carea' id='block_1_39' title="bbox 2028 2017 3666 2097">
    <p class='ocr_par' dir='ltr' id='par_1_39' title="bbox 2028 2017 3666 2092">
     <span class='ocr_line' id='line_1_39' title="bbox 2028 2017 3666 2092; baseline 0.002 -19"><span class='ocrx_word' id='word_1_297' title='bbox 2028 2017 2405 2073; x_wconf 66' lang='lat' dir='ltr'><strong>nihilominus</strong></span> <span class='ocrx_word' id='word_1_298' title='bbox 2430 2017 2592 2072; x_wconf 86' lang='lat' dir='ltr'><strong>hisce</strong></span> <span class='ocrx_word' id='word_1_299' title='bbox 2619 2018 2973 2089; x_wconf 90' lang='lat' dir='ltr'><strong>corporibus</strong></span> <span class='ocrx_word' id='word_1_300' title='bbox 2993 2020 3278 2075; x_wconf 88' lang='lat' dir='ltr'><strong>omnibus</strong></span> <span class='ocrx_word' id='word_1_301' title='bbox 3309 2021 3495 2076; x_wconf 90' lang='lat' dir='ltr'><strong>multo</strong></span> <span class='ocrx_word' id='word_1_302' title='bbox 3514 2037 3666 2092; x_wconf 65' lang='lat' dir='ltr'><strong>pra:-</strong></span> 
     </span>
    </p>
   </div>
   <div class='ocr_carea' id='block_1_40' title="bbox 296 2107 1934 2186">
    <p class='ocr_par' dir='ltr' id='par_1_40' title="bbox 296 2109 1898 2186">
     <span class='ocr_line' id='line_1_40' title="bbox 296 2109 1898 2186; baseline -0.001 -24"><span class='ocrx_word' id='word_1_303' title='bbox 296 2118 385 2163; x_wconf 80' lang='grc' dir='ltr'><strong>καί</strong></span> <span class='ocrx_word' id='word_1_304' title='bbox 439 2114 504 2164; x_wconf 80' lang='grc' dir='ltr'>τὰ</span> <span class='ocrx_word' id='word_1_305' title='bbox 562 2115 737 2186; x_wconf 77' lang='grc' dir='ltr'>θηρία,</span> <span class='ocrx_word' id='word_1_306' title='bbox 801 2110 872 2171; x_wconf 79' lang='grc' dir='ltr'><strong>εἰς</strong></span> <span class='ocrx_word' id='word_1_307' title='bbox 928 2113 984 2162; x_wconf 88' lang='grc' dir='ltr'>τὸ</span> <span class='ocrx_word' id='word_1_308' title='bbox 1040 2115 1338 2182; x_wconf 66' lang='grc' dir='ltr'>φαινόμενον</span> <span class='ocrx_word' id='word_1_309' title='bbox 1387 2110 1604 2182; x_wconf 80' lang='grc' dir='ltr'>μείζονά</span> <span class='ocrx_word' id='word_1_310' title='bbox 1650 2109 1751 2161; x_wconf 85' lang='grc' dir='ltr'>εἰσι</span> <span class='ocrx_word' id='word_1_311' title='bbox 1807 2116 1898 2161; x_wconf 89' lang='grc' dir='ltr'><strong>τοῦ</strong></span> 
     </span>
    </p>
   </div>
   <div class='ocr_carea' id='block_1_41' title="bbox 2024 2107 3662 2186">
    <p class='ocr_par' dir='ltr' id='par_1_41' title="bbox 2024 2107 3662 2183">
     <span class='ocr_line' id='line_1_41' title="bbox 2024 2107 3662 2183; baseline 0.002 -21"><span class='ocrx_word' id='word_1_312' title='bbox 2024 2107 2262 2163; x_wconf 74' lang='lat' dir='ltr'><strong>stantior</strong></span> <span class='ocrx_word' id='word_1_313' title='bbox 2292 2113 2383 2162; x_wconf 89' lang='lat' dir='ltr'><strong>est</strong></span> <span class='ocrx_word' id='word_1_314' title='bbox 2409 2123 2422 2171; x_wconf 90' lang='lat'><strong>;</strong></span> <span class='ocrx_word' id='word_1_315' title='bbox 2445 2107 2948 2180; x_wconf 85' lang='lat' dir='ltr'><strong>quandoquidem</strong></span> <span class='ocrx_word' id='word_1_316' title='bbox 2968 2109 3026 2164; x_wconf 92' lang='lat' dir='ltr'><strong>in</strong></span> <span class='ocrx_word' id='word_1_317' title='bbox 3053 2109 3153 2165; x_wconf 90' lang='lat' dir='ltr'><strong>illo</strong></span> <span class='ocrx_word' id='word_1_318' title='bbox 3185 2109 3311 2166; x_wconf 93' lang='lat' dir='ltr'><strong>solo</strong></span> <span class='ocrx_word' id='word_1_319' title='bbox 3335 2111 3662 2183; x_wconf 91' lang='lat' dir='ltr'><strong>complaci-</strong></span> 
     </span>
    </p>
   </div>
   <div class='ocr_carea' id='block_1_42' title="bbox 296 2194 1934 2273">
    <p class='ocr_par' dir='ltr' id='par_1_42' title="bbox 296 2194 1894 2273">
     <span class='ocr_line' id='line_1_42' title="bbox 296 2194 1894 2273; baseline -0.001 -22"><span class='ocrx_word' id='word_1_320' title='bbox 296 2198 590 2273; x_wconf 87' lang='grc' dir='ltr'>ἀνθρώπου.</span> <span class='ocrx_word' id='word_1_321' title='bbox 619 2200 770 2252; x_wconf 80' lang='grc' dir='ltr'>Βλέπε</span> <span class='ocrx_word' id='word_1_322' title='bbox 821 2196 908 2252; x_wconf 82' lang='grc' dir='ltr'>οὖν</span> <span class='ocrx_word' id='word_1_323' title='bbox 954 2219 1047 2252; x_wconf 88' lang='grc' dir='ltr'><strong>σου</strong></span> <span class='ocrx_word' id='word_1_324' title='bbox 1087 2203 1144 2252; x_wconf 87' lang='grc' dir='ltr'><strong>τό</strong></span> <span class='ocrx_word' id='word_1_325' title='bbox 1205 2198 1428 2272; x_wconf 82' lang='grc' dir='ltr'>ἀξίωμα,</span> <span class='ocrx_word' id='word_1_326' title='bbox 1476 2207 1584 2260; x_wconf 85' lang='grc' dir='ltr'>πῶς</span> <span class='ocrx_word' id='word_1_327' title='bbox 1623 2194 1670 2251; x_wconf 85' lang='grc' dir='ltr'>εἷ</span> <span class='ocrx_word' id='word_1_328' title='bbox 1707 2201 1894 2270; x_wconf 85' lang='grc' dir='ltr'>τίμιος,</span> 
     </span>
    </p>
   </div>
   <div class='ocr_carea' id='block_1_43' title="bbox 2028 2194 3666 2273">
    <p class='ocr_par' dir='ltr' id='par_1_43' title="bbox 2028 2195 3666 2270">
     <span class='ocr_line' id='line_1_43' title="bbox 2028 2195 3666 2270; baseline 0.005 -23"><span class='ocrx_word' id='word_1_329' title='bbox 2028 2195 2521 2252; x_wconf 47' lang='grc' dir='ltr'>ηιιωθειῡοωίηο.</span> <span class='ocrx_word' id='word_1_330' title='bbox 2541 2199 2826 2252; x_wconf 73' lang='lat' dir='ltr'><strong>Praeterea</strong></span> <span class='ocrx_word' id='word_1_331' title='bbox 2848 2204 2972 2254; x_wconf 87' lang='lat' dir='ltr'><strong>cete</strong></span> <span class='ocrx_word' id='word_1_332' title='bbox 3002 2215 3246 2270; x_wconf 88' lang='lat' dir='ltr'><strong>quoque</strong></span> <span class='ocrx_word' id='word_1_333' title='bbox 3275 2201 3478 2265; x_wconf 89' lang='lat' dir='ltr'><strong>maris,</strong></span> <span class='ocrx_word' id='word_1_334' title='bbox 3498 2215 3666 2256; x_wconf 91' lang='lat' dir='ltr'><strong>mon-</strong></span> 
     </span>
    </p>
   </div>
   <div class='ocr_carea' id='block_1_44' title="bbox 297 2284 1935 2364">
    <p class='ocr_par' dir='ltr' id='par_1_44' title="bbox 297 2288 1898 2364">
     <span class='ocr_line' id='line_1_44' title="bbox 297 2288 1898 2364; baseline -0.001 -24"><span class='ocrx_word' id='word_1_335' title='bbox 297 2288 376 2340; x_wconf 89' lang='grc' dir='ltr'>ὂτι</span> <span class='ocrx_word' id='word_1_336' title='bbox 429 2290 556 2364; x_wconf 69' lang='grc' dir='ltr'>ὑπὲρ</span> <span class='ocrx_word' id='word_1_337' title='bbox 618 2288 864 2361; x_wconf 78' lang='grc' dir='ltr'>ἀγγέλους</span> <span class='ocrx_word' id='word_1_338' title='bbox 923 2288 1137 2347; x_wconf 76' lang='grc' dir='ltr'>ἕποίησέ</span> <span class='ocrx_word' id='word_1_339' title='bbox 1194 2308 1250 2341; x_wconf 87' lang='grc' dir='ltr'><strong>σε</strong></span> <span class='ocrx_word' id='word_1_340' title='bbox 1303 2290 1327 2340; x_wconf 93' lang='lat'><strong>6</strong></span> <span class='ocrx_word' id='word_1_341' title='bbox 1387 2290 1529 2352; x_wconf 86' lang='grc' dir='ltr'>Θεὸς,</span> <span class='ocrx_word' id='word_1_342' title='bbox 1603 2289 1756 2339; x_wconf 84' lang='grc' dir='ltr'>ὁπότε</span> <span class='ocrx_word' id='word_1_343' title='bbox 1809 2292 1898 2339; x_wconf 81' lang='grc' dir='ltr'>καὶ</span> 
     </span>
    </p>
   </div>
   <div class='ocr_carea' id='block_1_45' title="bbox 2024 2284 3662 2364">
    <p class='ocr_par' dir='ltr' id='par_1_45' title="bbox 2024 2284 3662 2360">
     <span class='ocr_line' id='line_1_45' title="bbox 2024 2284 3662 2360; baseline 0.003 -19"><span class='ocrx_word' id='word_1_344' title='bbox 2024 2303 2092 2342; x_wconf 89' lang='lat' dir='ltr'><strong>.es</strong></span> <span class='ocrx_word' id='word_1_345' title='bbox 2147 2291 2204 2341; x_wconf 87' lang='lat' dir='ltr'><strong>et</strong></span> <span class='ocrx_word' id='word_1_346' title='bbox 2251 2284 2463 2340; x_wconf 68' lang='lat' dir='ltr'><strong>bellum</strong></span> <span class='ocrx_word' id='word_1_347' title='bbox 2516 2286 2848 2342; x_wconf 90' lang='lat' dir='ltr'><strong>secundum</strong></span> <span class='ocrx_word' id='word_1_348' title='bbox 2909 2294 3300 2360; x_wconf 87' lang='lat' dir='ltr'><strong>conspectum</strong></span> <span class='ocrx_word' id='word_1_349' title='bbox 3351 2296 3662 2346; x_wconf 87' lang='lat' dir='ltr'><strong>externum</strong></span> 
     </span>
    </p>
   </div>
   <div class='ocr_carea' id='block_1_46' title="bbox 295 2373 1933 2451">
    <p class='ocr_par' dir='ltr' id='par_1_46' title="bbox 295 2375 1897 2450">
     <span class='ocr_line' id='line_1_46' title="bbox 295 2375 1897 2450; baseline -0.002 -21"><span class='ocrx_word' id='word_1_350' title='bbox 295 2378 451 2441; x_wconf 73' lang='grc' dir='ltr'>αὐτὸς</span> <span class='ocrx_word' id='word_1_351' title='bbox 506 2375 580 2430; x_wconf 77' lang='grc' dir='ltr'><strong>δι’</strong></span> <span class='ocrx_word' id='word_1_352' title='bbox 635 2378 822 2431; x_wconf 87' lang='grc' dir='ltr'>ἑαυτοῦ</span> <span class='ocrx_word' id='word_1_353' title='bbox 881 2377 950 2438; x_wconf 86' lang='grc' dir='ltr'>εἰς</span> <span class='ocrx_word' id='word_1_354' title='bbox 1005 2383 1101 2436; x_wconf 86' lang='grc' dir='ltr'><strong>σήν</strong></span> <span class='ocrx_word' id='word_1_355' title='bbox 1162 2376 1436 2450; x_wconf 80' lang='grc' dir='ltr'>πρεσϐείαν</span> <span class='ocrx_word' id='word_1_356' title='bbox 1495 2381 1584 2429; x_wconf 82' lang='grc' dir='ltr'>καὶ</span> <span class='ocrx_word' id='word_1_357' title='bbox 1642 2376 1897 2450; x_wconf 82' lang='grc' dir='ltr'>λύτρωσιν</span> 
     </span>
    </p>
   </div>
   <div class='ocr_carea' id='block_1_47' title="bbox 2026 2373 3664 2451">
    <p class='ocr_par' dir='ltr' id='par_1_47' title="bbox 2026 2373 3664 2451">
     <span class='ocr_line' id='line_1_47' title="bbox 2026 2373 3664 2451; baseline 0.003 -20"><span class='ocrx_word' id='word_1_358' title='bbox 2026 2373 2421 2446; x_wconf 88' lang='lat' dir='ltr'><strong>nagnitudine</strong></span> <span class='ocrx_word' id='word_1_359' title='bbox 2449 2391 2560 2430; x_wconf 90' lang='lat' dir='ltr'><strong>sua</strong></span> <span class='ocrx_word' id='word_1_360' title='bbox 2587 2374 2882 2431; x_wconf 81' lang='lat' dir='ltr'><strong>excedunt</strong></span> <span class='ocrx_word' id='word_1_361' title='bbox 2908 2377 3235 2433; x_wconf 89' lang='lat' dir='ltr'><strong>hominem.</strong></span> <span class='ocrx_word' id='word_1_362' title='bbox 3254 2379 3500 2451; x_wconf 81' lang='lat' dir='ltr'><strong>Respice</strong></span> <span class='ocrx_word' id='word_1_363' title='bbox 3523 2395 3664 2450; x_wconf 90' lang='lat' dir='ltr'><strong>ergo</strong></span> 
     </span>
    </p>
   </div>
   <div class='ocr_carea' id='block_1_48' title="bbox 294 2465 1932 2540">
    <p class='ocr_par' dir='ltr' id='par_1_48' title="bbox 294 2465 981 2540">
     <span class='ocr_line' id='line_1_48' title="bbox 294 2465 981 2540; baseline 0.003 -20"><span class='ocrx_word' id='word_1_364' title='bbox 294 2472 600 2540; x_wconf 78' lang='grc' dir='ltr'>παρεγένετο</span> <span class='ocrx_word' id='word_1_365' title='bbox 625 2465 709 2519; x_wconf 81' lang='grc' dir='ltr'><strong>ἐπὶ</strong></span> <span class='ocrx_word' id='word_1_366' title='bbox 739 2476 835 2526; x_wconf 80' lang='grc' dir='ltr'>τῆς</span> <span class='ocrx_word' id='word_1_367' title='bbox 863 2474 981 2537; x_wconf 85' lang='grc' dir='ltr'>γῆς.</span> 
     </span>
    </p>
   </div>
   <div class='ocr_carea' id='block_1_49' title="bbox 2030 2465 3668 2540">
    <p class='ocr_par' dir='ltr' id='par_1_49' title="bbox 2030 2466 3668 2540">
     <span class='ocr_line' id='line_1_49' title="bbox 2030 2466 3668 2540; baseline 0.005 -22"><span class='ocrx_word' id='word_1_368' title='bbox 2030 2466 2358 2533; x_wconf 89' lang='lat' dir='ltr'><strong>Iignitatem</strong></span> <span class='ocrx_word' id='word_1_369' title='bbox 2385 2467 2571 2527; x_wconf 88' lang='lat' dir='ltr'><strong>tuam,</strong></span> <span class='ocrx_word' id='word_1_370' title='bbox 2613 2480 2798 2535; x_wconf 90' lang='lat' dir='ltr'><strong>quam</strong></span> <span class='ocrx_word' id='word_1_371' title='bbox 2833 2467 2912 2520; x_wconf 91' lang='lat' dir='ltr'><strong>sis</strong></span> <span class='ocrx_word' id='word_1_372' title='bbox 2944 2468 3240 2536; x_wconf 88' lang='lat' dir='ltr'><strong>pretiosus</strong></span> <span class='ocrx_word' id='word_1_373' title='bbox 3273 2468 3472 2540; x_wconf 76' lang='lat' dir='ltr'><strong>tquod</strong></span> <span class='ocrx_word' id='word_1_374' title='bbox 3499 2473 3550 2523; x_wconf 89' lang='lat' dir='ltr'><strong>te</strong></span> <span class='ocrx_word' id='word_1_375' title='bbox 3569 2485 3668 2526; x_wconf 90' lang='lat' dir='ltr'><strong>su-</strong></span> 
     </span>
    </p>
   </div>
   <div class='ocr_carea' id='block_1_50' title="bbox 291 2553 3662 2630">
    <p class='ocr_par' dir='ltr' id='par_1_50' title="bbox 291 2553 3662 2630">
     <span class='ocr_line' id='line_1_50' title="bbox 291 2553 3662 2630; baseline 0 -18"><span class='ocrx_word' id='word_1_376' title='bbox 291 2558 589 2630; x_wconf 89' lang='lat' dir='ltr'><strong>periorem</strong></span> <span class='ocrx_word' id='word_1_377' title='bbox 620 2556 850 2625; x_wconf 83' lang='lat' dir='ltr'><strong>angelis</strong></span> <span class='ocrx_word' id='word_1_378' title='bbox 881 2555 1085 2610; x_wconf 86' lang='lat' dir='ltr'><strong>fecerit</strong></span> <span class='ocrx_word' id='word_1_379' title='bbox 1119 2555 1296 2624; x_wconf 90' lang='lat' dir='ltr'><strong>Deus,</strong></span> <span class='ocrx_word' id='word_1_380' title='bbox 1330 2554 1578 2627; x_wconf 89' lang='lat' dir='ltr'><strong>quando</strong></span> <span class='ocrx_word' id='word_1_381' title='bbox 1619 2553 1710 2609; x_wconf 90' lang='lat' dir='ltr'><strong>vel</strong></span> <span class='ocrx_word' id='word_1_382' title='bbox 1759 2553 1884 2625; x_wconf 90' lang='lat' dir='ltr'><strong>ipse</strong></span> <span class='ocrx_word' id='word_1_383' title='bbox 1916 2553 2211 2624; x_wconf 83' lang='lat' dir='ltr'><strong>legatione</strong></span> <span class='ocrx_word' id='word_1_384' title='bbox 2251 2553 2331 2609; x_wconf 92' lang='lat' dir='ltr'><strong>ad</strong></span> <span class='ocrx_word' id='word_1_385' title='bbox 2373 2555 2428 2605; x_wconf 88' lang='lat' dir='ltr'><strong>te</strong></span> <span class='ocrx_word' id='word_1_386' title='bbox 2470 2557 2527 2607; x_wconf 83' lang='lat' dir='ltr'><strong>et</strong></span> <span class='ocrx_word' id='word_1_387' title='bbox 2556 2554 2972 2626; x_wconf 83' lang='lat' dir='ltr'><strong>redemptione</strong></span> <span class='ocrx_word' id='word_1_388' title='bbox 3003 2556 3082 2610; x_wconf 90' lang='lat' dir='ltr'><strong>tui</strong></span> <span class='ocrx_word' id='word_1_389' title='bbox 3125 2557 3568 2627; x_wconf 82' lang='lat' dir='ltr'><strong>perfuncturus,</strong></span> <span class='ocrx_word' id='word_1_390' title='bbox 3602 2559 3662 2613; x_wconf 91' lang='lat' dir='ltr'><strong>in</strong></span> 
     </span>
    </p>
   </div>
   <div class='ocr_carea' id='block_1_51' title="bbox 297 2645 1268 2717">
    <p class='ocr_par' dir='ltr' id='par_1_51' title="bbox 297 2645 1268 2717">
     <span class='ocr_line' id='line_1_51' title="bbox 297 2645 1268 2717; baseline -0.005 -16"><span class='ocrx_word' id='word_1_391' title='bbox 297 2648 464 2702; x_wconf 89' lang='lat' dir='ltr'><strong>terris</strong></span> <span class='ocrx_word' id='word_1_392' title='bbox 489 2662 551 2702; x_wconf 88' lang='lat' dir='ltr'><strong>se</strong></span> <span class='ocrx_word' id='word_1_393' title='bbox 593 2649 944 2717; x_wconf 57' lang='lat' dir='ltr'><strong>praesentem</strong></span> <span class='ocrx_word' id='word_1_394' title='bbox 977 2645 1268 2700; x_wconf 84' lang='lat' dir='ltr'><strong>exhibuit.</strong></span> 
     </span>
    </p>
   </div>
   <div class='ocr_carea' id='block_1_52' title="bbox 376 2765 2014 2841">
    <p class='ocr_par' dir='ltr' id='par_1_52' title="bbox 376 2765 1908 2841">
     <span class='ocr_line' id='line_1_52' title="bbox 376 2765 1908 2841; baseline -0.003 -19"><span class='ocrx_word' id='word_1_395' title='bbox 376 2768 497 2825; x_wconf 85' lang='grc' dir='ltr'><strong>ΜΔ’.</strong></span> <span class='ocrx_word' id='word_1_396' title='bbox 529 2769 653 2822; x_wconf 85' lang='grc' dir='ltr'>Ὅτε</span> <span class='ocrx_word' id='word_1_397' title='bbox 692 2765 778 2822; x_wconf 85' lang='grc' dir='ltr'>οὖν</span> <span class='ocrx_word' id='word_1_398' title='bbox 813 2774 903 2821; x_wconf 81' lang='grc' dir='ltr'>καὶ</span> <span class='ocrx_word' id='word_1_399' title='bbox 950 2771 998 2821; x_wconf 85' lang='grc' dir='ltr'>οἰ</span> <span class='ocrx_word' id='word_1_400' title='bbox 1028 2767 1234 2841; x_wconf 75' lang='grc' dir='ltr'>ἄγγελοι</span> <span class='ocrx_word' id='word_1_401' title='bbox 1282 2768 1352 2830; x_wconf 89' lang='grc' dir='ltr'><strong>εἰς</strong></span> <span class='ocrx_word' id='word_1_402' title='bbox 1381 2772 1476 2826; x_wconf 81' lang='grc' dir='ltr'><strong>τήν</strong></span> <span class='ocrx_word' id='word_1_403' title='bbox 1520 2772 1616 2826; x_wconf 81' lang='grc' dir='ltr'>σὴν</span> <span class='ocrx_word' id='word_1_404' title='bbox 1647 2771 1908 2841; x_wconf 82' lang='grc' dir='ltr'>σωτηρίαν</span> 
     </span>
    </p>
   </div>
   <div class='ocr_carea' id='block_1_53' title="bbox 2029 2765 3667 2841">
    <p class='ocr_par' dir='ltr' id='par_1_53' title="bbox 2087 2767 3667 2840">
     <span class='ocr_line' id='line_1_53' title="bbox 2087 2767 3667 2840; baseline 0.005 -20"><span class='ocrx_word' id='word_1_405' title='bbox 2087 2767 2279 2822; x_wconf 88' lang='lat' dir='ltr'><strong>XLIV.</strong></span> <span class='ocrx_word' id='word_1_406' title='bbox 2309 2767 2558 2832; x_wconf 86' lang='lat' dir='ltr'><strong>Quando</strong></span> <span class='ocrx_word' id='word_1_407' title='bbox 2589 2769 2748 2825; x_wconf 91' lang='lat' dir='ltr'><strong>enim</strong></span> <span class='ocrx_word' id='word_1_408' title='bbox 2775 2771 2969 2840; x_wconf 86' lang='lat' dir='ltr'><strong>angeli</strong></span> <span class='ocrx_word' id='word_1_409' title='bbox 2991 2771 3069 2826; x_wconf 88' lang='lat' dir='ltr'><strong>ad</strong></span> <span class='ocrx_word' id='word_1_410' title='bbox 3097 2776 3148 2826; x_wconf 90' lang='lat' dir='ltr'><strong>te</strong></span> <span class='ocrx_word' id='word_1_411' title='bbox 3177 2771 3537 2828; x_wconf 86' lang='lat' dir='ltr'><strong>salvandum</strong></span> <span class='ocrx_word' id='word_1_412' title='bbox 3569 2787 3667 2828; x_wconf 86' lang='lat' dir='ltr'><strong>ve-</strong></span> 
     </span>
    </p>
   </div>
   <div class='ocr_carea' id='block_1_54' title="bbox 307 2855 1945 2933">
    <p class='ocr_par' dir='ltr' id='par_1_54' title="bbox 307 2855 1906 2933">
     <span class='ocr_line' id='line_1_54' title="bbox 307 2855 1906 2933; baseline -0.003 -22"><span class='ocrx_word' id='word_1_413' title='bbox 307 2855 462 2916; x_wconf 79' lang='grc' dir='ltr'>ἧλθον</span> <span class='ocrx_word' id='word_1_414' title='bbox 491 2875 506 2925; x_wconf 88' lang='grc'><strong>;</strong></span> <span class='ocrx_word' id='word_1_415' title='bbox 541 2856 788 2931; x_wconf 85' lang='grc' dir='ltr'>βασιλεύς</span> <span class='ocrx_word' id='word_1_416' title='bbox 815 2861 917 2933; x_wconf 80' lang='grc' dir='ltr'>γὰρ</span> <span class='ocrx_word' id='word_1_417' title='bbox 946 2859 1059 2919; x_wconf 83' lang='grc' dir='ltr'>υἱός</span> <span class='ocrx_word' id='word_1_418' title='bbox 1100 2855 1359 2929; x_wconf 83' lang='grc' dir='ltr'>βασιλέως</span> <span class='ocrx_word' id='word_1_419' title='bbox 1390 2856 1704 2929; x_wconf 80' lang='grc' dir='ltr'>συμϐούλιον</span> <span class='ocrx_word' id='word_1_420' title='bbox 1735 2859 1906 2914; x_wconf 77' lang='grc' dir='ltr'>ἐποιή-</span> 
     </span>
    </p>
   </div>
   <div class='ocr_carea' id='block_1_55' title="bbox 2029 2855 3667 2933">
    <p class='ocr_par' dir='ltr' id='par_1_55' title="bbox 2029 2855 3667 2928">
     <span class='ocr_line' id='line_1_55' title="bbox 2029 2855 3667 2928; baseline 0.004 -19"><span class='ocrx_word' id='word_1_421' title='bbox 2029 2855 2291 2911; x_wconf 79' lang='lat' dir='ltr'><strong>nerunt?</strong></span> <span class='ocrx_word' id='word_1_422' title='bbox 2315 2859 2430 2912; x_wconf 81' lang='lat' dir='ltr'><strong>Rex</strong></span> <span class='ocrx_word' id='word_1_423' title='bbox 2451 2858 2748 2928; x_wconf 87' lang='lat' dir='ltr'><strong>siquidem</strong></span> <span class='ocrx_word' id='word_1_424' title='bbox 2779 2858 2935 2914; x_wconf 81' lang='lat' dir='ltr'><strong>filius</strong></span> <span class='ocrx_word' id='word_1_425' title='bbox 2983 2860 3138 2928; x_wconf 90' lang='lat' dir='ltr'><strong>regis</strong></span> <span class='ocrx_word' id='word_1_426' title='bbox 3188 2861 3506 2916; x_wconf 89' lang='lat' dir='ltr'><strong>consilium</strong></span> <span class='ocrx_word' id='word_1_427' title='bbox 3538 2861 3667 2916; x_wconf 86' lang='lat' dir='ltr'><strong>iniit</strong></span> 
     </span>
    </p>
   </div>
   <div class='ocr_carea' id='block_1_56' title="bbox 313 2945 1951 3021">
    <p class='ocr_par' dir='ltr' id='par_1_56' title="bbox 313 2945 1907 3021">
     <span class='ocr_line' id='line_1_56' title="bbox 313 2945 1907 3021; baseline -0.003 -21"><span class='ocrx_word' id='word_1_428' title='bbox 313 2967 442 3000; x_wconf 86' lang='grc' dir='ltr'>σατο</span> <span class='ocrx_word' id='word_1_429' title='bbox 481 2951 614 3020; x_wconf 87' lang='grc' dir='ltr'><strong>μετά</strong></span> <span class='ocrx_word' id='word_1_430' title='bbox 642 2955 733 3000; x_wconf 90' lang='grc' dir='ltr'><strong>τοῦ</strong></span> <span class='ocrx_word' id='word_1_431' title='bbox 772 2950 971 3021; x_wconf 85' lang='grc' dir='ltr'>πατρὸς</span> <span class='ocrx_word' id='word_1_432' title='bbox 1001 2947 1182 3011; x_wconf 76' lang='grc' dir='ltr'>αὑτοῦ,</span> <span class='ocrx_word' id='word_1_433' title='bbox 1232 2950 1318 2997; x_wconf 83' lang='grc' dir='ltr'>καὶ</span> <span class='ocrx_word' id='word_1_434' title='bbox 1365 2945 1629 3002; x_wconf 79' lang='grc' dir='ltr'>ἀπεστάλη</span> <span class='ocrx_word' id='word_1_435' title='bbox 1665 2947 1689 2997; x_wconf 97' lang='lat'><strong>6</strong></span> <span class='ocrx_word' id='word_1_436' title='bbox 1719 2951 1907 3016; x_wconf 88' lang='grc' dir='ltr'>Λόγος,</span> 
     </span>
    </p>
   </div>
   <div class='ocr_carea' id='block_1_57' title="bbox 2030 2945 3668 3021">
    <p class='ocr_par' dir='ltr' id='par_1_57' title="bbox 2030 2947 3668 3018">
     <span class='ocr_line' id='line_1_57' title="bbox 2030 2947 3668 3018; baseline 0.004 -19"><span class='ocrx_word' id='word_1_437' title='bbox 2030 2961 2155 3000; x_wconf 78' lang='lat' dir='ltr'><strong>cum</strong></span> <span class='ocrx_word' id='word_1_438' title='bbox 2178 2949 2345 3015; x_wconf 86' lang='lat' dir='ltr'><strong>patre</strong></span> <span class='ocrx_word' id='word_1_439' title='bbox 2376 2961 2508 3008; x_wconf 89' lang='lat' dir='ltr'><strong>suo,</strong></span> <span class='ocrx_word' id='word_1_440' title='bbox 2542 2947 2914 3018; x_wconf 88' lang='lat' dir='ltr'><strong>missumque</strong></span> <span class='ocrx_word' id='word_1_441' title='bbox 2937 2954 3025 3002; x_wconf 87' lang='lat' dir='ltr'><strong>est</strong></span> <span class='ocrx_word' id='word_1_442' title='bbox 3049 2949 3325 3013; x_wconf 89' lang='lat' dir='ltr'><strong>Verbum,</strong></span> <span class='ocrx_word' id='word_1_443' title='bbox 3345 2966 3413 3004; x_wconf 91' lang='lat' dir='ltr'><strong>ac</strong></span> <span class='ocrx_word' id='word_1_444' title='bbox 3427 2966 3668 3005; x_wconf 84' lang='lat' dir='ltr'><strong>carnem</strong></span> 
     </span>
    </p>
   </div>
   <div class='ocr_carea' id='block_1_58' title="bbox 311 3033 1949 3109">
    <p class='ocr_par' dir='ltr' id='par_1_58' title="bbox 311 3033 1914 3109">
     <span class='ocr_line' id='line_1_58' title="bbox 311 3033 1914 3109; baseline -0.002 -22"><span class='ocrx_word' id='word_1_445' title='bbox 311 3041 402 3087; x_wconf 84' lang='grc' dir='ltr'>καὶ</span> <span class='ocrx_word' id='word_1_446' title='bbox 434 3038 606 3109; x_wconf 84' lang='grc' dir='ltr'>σάρκα</span> <span class='ocrx_word' id='word_1_447' title='bbox 635 3033 997 3108; x_wconf 73' lang='grc' dir='ltr'>ἓνδυσάμενος,</span> <span class='ocrx_word' id='word_1_448' title='bbox 1060 3040 1148 3086; x_wconf 81' lang='grc' dir='ltr'>καὶ</span> <span class='ocrx_word' id='word_1_449' title='bbox 1189 3034 1396 3105; x_wconf 80' lang='grc' dir='ltr'>κρύψας</span> <span class='ocrx_word' id='word_1_450' title='bbox 1434 3039 1526 3092; x_wconf 84' lang='grc' dir='ltr'>τὴν</span> <span class='ocrx_word' id='word_1_451' title='bbox 1584 3033 1768 3085; x_wconf 79' lang='grc' dir='ltr'>ἑαυτοῦ</span> <span class='ocrx_word' id='word_1_452' title='bbox 1802 3035 1914 3084; x_wconf 84' lang='grc' dir='ltr'>θεό-</span> 
     </span>
    </p>
   </div>
   <div class='ocr_carea' id='block_1_59' title="bbox 2029 3033 3667 3109">
    <p class='ocr_par' dir='ltr' id='par_1_59' title="bbox 2029 3033 3667 3106">
     <span class='ocr_line' id='line_1_59' title="bbox 2029 3033 3667 3106; baseline 0.004 -20"><span class='ocrx_word' id='word_1_453' title='bbox 2029 3033 2249 3097; x_wconf 88' lang='lat' dir='ltr'><strong>induit;</strong></span> <span class='ocrx_word' id='word_1_454' title='bbox 2278 3038 2454 3104; x_wconf 90' lang='lat' dir='ltr'><strong>atque</strong></span> <span class='ocrx_word' id='word_1_455' title='bbox 2482 3034 3578 3106; x_wconf 87' lang='lat' dir='ltr'><strong>occultanssuamipsiusdivinitatem,</strong></span> <span class='ocrx_word' id='word_1_456' title='bbox 3605 3043 3667 3093; x_wconf 93' lang='lat' dir='ltr'><strong>ut</strong></span> 
     </span>
    </p>
   </div>
   <div class='ocr_carea' id='block_1_60' title="bbox 320 3091 1958 3196">
    <p class='ocr_par' dir='ltr' id='par_1_60' title="bbox 320 3091 1958 3195">
     <span class='ocr_line' id='line_1_60' title="bbox 503 3091 1489 3109; baseline -0.002 0"><span class='ocrx_word' id='word_1_457' title='bbox 503 3091 514 3109; x_wconf 72' lang='grc' dir='ltr'><strong>Ι</strong></span> <span class='ocrx_word' id='word_1_458' title='bbox 831 3091 840 3108; x_wconf 73' lang='grc' dir='ltr'><strong>Ι</strong></span> <span class='ocrx_word' id='word_1_459' title='bbox 964 3091 996 3102; x_wconf 72' lang='grc'><strong>’¹</strong></span> <span class='ocrx_word' id='word_1_460' title='bbox 1225 3091 1233 3105; x_wconf 82' lang='grc' dir='ltr'><strong>Ι</strong></span> <span class='ocrx_word' id='word_1_461' title='bbox 1305 3091 1315 3105; x_wconf 74' lang='grc' dir='ltr'><strong><em>ο</em></strong></span> <span class='ocrx_word' id='word_1_462' title='bbox 1383 3091 1395 3095; x_wconf 85' lang='grc'><em>”</em></span> <span class='ocrx_word' id='word_1_463' title='bbox 1486 3091 1489 3092; x_wconf 57' lang='grc'><strong><em>⁷</em></strong></span> 
     </span>
     <span class='ocr_line' id='line_1_61' title="bbox 320 3106 1958 3195; baseline -0.002 -21"><span class='ocrx_word' id='word_1_464' title='bbox 320 3142 476 3188; x_wconf 88' lang='grc' dir='ltr'>τητα,</span> <span class='ocrx_word' id='word_1_465' title='bbox 505 3124 588 3175; x_wconf 85' lang='grc' dir='ltr'>ἶνα</span> <span class='ocrx_word' id='word_1_466' title='bbox 618 3119 711 3174; x_wconf 81' lang='grc' dir='ltr'><strong>διὰ</strong></span> <span class='ocrx_word' id='word_1_467' title='bbox 734 3131 826 3175; x_wconf 88' lang='grc' dir='ltr'><strong>τοῦ</strong></span> <span class='ocrx_word' id='word_1_468' title='bbox 855 3125 1036 3195; x_wconf 88' lang='grc' dir='ltr'>ὁμοίου</span> <span class='ocrx_word' id='word_1_469' title='bbox 1091 3127 1149 3174; x_wconf 90' lang='grc' dir='ltr'>τὸ</span> <span class='ocrx_word' id='word_1_470' title='bbox 1204 3124 1379 3193; x_wconf 85' lang='grc' dir='ltr'>ὅμοιον</span> <span class='ocrx_word' id='word_1_471' title='bbox 1440 3124 1606 3192; x_wconf 79' lang='grc' dir='ltr'>σωθῇ,</span> <span class='ocrx_word' id='word_1_472' title='bbox 1645 3123 1794 3178; x_wconf 83' lang='grc' dir='ltr'>ἔθηκε</span> <span class='ocrx_word' id='word_1_473' title='bbox 1821 3124 1912 3178; x_wconf 87' lang='grc' dir='ltr'><strong>τήν</strong></span> <span class='ocrx_word' id='word_1_474' title='bbox 1955 3106 1958 3133; x_wconf 40' lang='grc'>‹</span> 
     </span>
    </p>
   </div>
   <div class='ocr_carea' id='block_1_61' title="bbox 2027 3091 3665 3196">
    <p class='ocr_par' dir='ltr' id='par_1_61' title="bbox 2027 3120 3665 3196">
     <span class='ocr_line' id='line_1_62' title="bbox 2027 3120 3665 3196; baseline 0.002 -21"><span class='ocrx_word' id='word_1_475' title='bbox 2027 3137 2130 3191; x_wconf 91' lang='lat' dir='ltr'><strong>per</strong></span> <span class='ocrx_word' id='word_1_476' title='bbox 2142 3120 2329 3175; x_wconf 90' lang='lat' dir='ltr'><strong>simile</strong></span> <span class='ocrx_word' id='word_1_477' title='bbox 2345 3123 2970 3185; x_wconf 88' lang='lat' dir='ltr'><strong>servaretur,animam</strong></span> <span class='ocrx_word' id='word_1_478' title='bbox 3000 3140 3170 3178; x_wconf 90' lang='lat' dir='ltr'><strong>suam</strong></span> <span class='ocrx_word' id='word_1_479' title='bbox 3187 3125 3346 3179; x_wconf 91' lang='lat' dir='ltr'><strong>cruci</strong></span> <span class='ocrx_word' id='word_1_480' title='bbox 3362 3125 3665 3196; x_wconf 90' lang='lat' dir='ltr'><strong>imposuit.</strong></span> 
     </span>
    </p>
   </div>
   <div class='ocr_carea' id='block_1_62' title="bbox 319 3208 1957 3282">
    <p class='ocr_par' dir='ltr' id='par_1_62' title="bbox 319 3208 1914 3282">
     <span class='ocr_line' id='line_1_63' title="bbox 319 3208 1914 3282; baseline -0.003 -20"><span class='ocrx_word' id='word_1_481' title='bbox 319 3211 507 3282; x_wconf 75' lang='grc' dir='ltr'>ψυχὴν</span> <span class='ocrx_word' id='word_1_482' title='bbox 533 3211 692 3263; x_wconf 76' lang='grc' dir='ltr'>αὐτοῦ</span> <span class='ocrx_word' id='word_1_483' title='bbox 724 3209 805 3263; x_wconf 78' lang='grc' dir='ltr'><strong>ἐπὶ</strong></span> <span class='ocrx_word' id='word_1_484' title='bbox 861 3218 953 3262; x_wconf 92' lang='grc' dir='ltr'><strong>τοῦ</strong></span> <span class='ocrx_word' id='word_1_485' title='bbox 995 3216 1245 3281; x_wconf 81' lang='grc' dir='ltr'>σταυροῦ.</span> <span class='ocrx_word' id='word_1_486' title='bbox 1296 3212 1536 3266; x_wconf 90' lang='grc' dir='ltr'>Τοσαύτη</span> <span class='ocrx_word' id='word_1_487' title='bbox 1593 3208 1770 3279; x_wconf 86' lang='grc' dir='ltr'>ἀγάπη</span> <span class='ocrx_word' id='word_1_488' title='bbox 1823 3215 1914 3259; x_wconf 89' lang='grc' dir='ltr'><strong>τοῦ</strong></span> 
     </span>
    </p>
   </div>
   <div class='ocr_carea' id='block_1_63' title="bbox 2030 3208 3668 3282">
    <p class='ocr_par' dir='ltr' id='par_1_63' title="bbox 2030 3210 3668 3280">
     <span class='ocr_line' id='line_1_64' title="bbox 2030 3210 3668 3280; baseline 0.003 -16"><span class='ocrx_word' id='word_1_489' title='bbox 2030 3213 2208 3265; x_wconf 83' lang='lat' dir='ltr'><strong>Tanta</strong></span> <span class='ocrx_word' id='word_1_490' title='bbox 2237 3215 2361 3266; x_wconf 89' lang='lat' dir='ltr'><strong>erat</strong></span> <span class='ocrx_word' id='word_1_491' title='bbox 2393 3211 2488 3264; x_wconf 91' lang='lat' dir='ltr'><strong>Dei</strong></span> <span class='ocrx_word' id='word_1_492' title='bbox 2520 3210 2755 3266; x_wconf 91' lang='lat' dir='ltr'><strong>dilectio</strong></span> <span class='ocrx_word' id='word_1_493' title='bbox 2777 3227 2919 3280; x_wconf 89' lang='lat' dir='ltr'><strong>erga</strong></span> <span class='ocrx_word' id='word_1_494' title='bbox 2949 3212 3254 3267; x_wconf 88' lang='lat' dir='ltr'><strong>hominem</strong></span> <span class='ocrx_word' id='word_1_495' title='bbox 3276 3213 3288 3267; x_wconf 88' lang='lat' dir='ltr'><strong>l</strong></span> <span class='ocrx_word' id='word_1_496' title='bbox 3308 3214 3668 3270; x_wconf 88' lang='lat' dir='ltr'><strong>Immortalis</strong></span> 
     </span>
    </p>
   </div>
   <div class='ocr_carea' id='block_1_64' title="bbox 321 3297 1959 3374">
    <p class='ocr_par' dir='ltr' id='par_1_64' title="bbox 321 3297 1914 3373">
     <span class='ocr_line' id='line_1_65' title="bbox 321 3297 1914 3373; baseline -0.003 -20"><span class='ocrx_word' id='word_1_497' title='bbox 321 3308 456 3354; x_wconf 84' lang='grc' dir='ltr'>Θεοῦ</span> <span class='ocrx_word' id='word_1_498' title='bbox 505 3298 617 3352; x_wconf 86' lang='grc' dir='ltr'>ἐστι</span> <span class='ocrx_word' id='word_1_499' title='bbox 657 3303 786 3373; x_wconf 86' lang='grc' dir='ltr'>πρὸς</span> <span class='ocrx_word' id='word_1_500' title='bbox 814 3303 899 3351; x_wconf 89' lang='grc' dir='ltr'>τὸν</span> <span class='ocrx_word' id='word_1_501' title='bbox 929 3301 1198 3371; x_wconf 79' lang='grc' dir='ltr'>ἄνθρωπον</span> <span class='ocrx_word' id='word_1_502' title='bbox 1240 3298 1252 3352; x_wconf 87' lang='lat' dir='ltr'><strong>l</strong></span> <span class='ocrx_word' id='word_1_503' title='bbox 1277 3297 1582 3372; x_wconf 83' lang='grc' dir='ltr'>’ῌρετίσατο</span> <span class='ocrx_word' id='word_1_504' title='bbox 1610 3300 1634 3348; x_wconf 92' lang='lat'><strong>6</strong></span> <span class='ocrx_word' id='word_1_505' title='bbox 1662 3299 1914 3358; x_wconf 80' lang='grc' dir='ltr'>ἀθάνατος</span> 
     </span>
    </p>
   </div>
   <div class='ocr_carea' id='block_1_65' title="bbox 2033 3297 3671 3374">
    <p class='ocr_par' dir='ltr' id='par_1_65' title="bbox 2033 3299 3671 3374">
     <span class='ocr_line' id='line_1_66' title="bbox 2033 3299 3671 3374; baseline 0.003 -21"><span class='ocrx_word' id='word_1_506' title='bbox 2033 3299 2127 3369; x_wconf 82' lang='lat' dir='ltr'><strong>qui</strong></span> <span class='ocrx_word' id='word_1_507' title='bbox 2166 3304 2309 3364; x_wconf 90' lang='lat' dir='ltr'><strong>erat,</strong></span> <span class='ocrx_word' id='word_1_508' title='bbox 2340 3299 2513 3368; x_wconf 89' lang='lat' dir='ltr'><strong>elegit</strong></span> <span class='ocrx_word' id='word_1_509' title='bbox 2563 3299 2648 3354; x_wconf 85' lang='lat' dir='ltr'><strong>tui</strong></span> <span class='ocrx_word' id='word_1_510' title='bbox 2695 3316 2881 3355; x_wconf 90' lang='lat' dir='ltr'><strong>causa</strong></span> <span class='ocrx_word' id='word_1_511' title='bbox 2910 3301 3068 3355; x_wconf 90' lang='lat' dir='ltr'><strong>cruci</strong></span> <span class='ocrx_word' id='word_1_512' title='bbox 3123 3301 3304 3371; x_wconf 78' lang='lat' dir='ltr'><strong>affigi.</strong></span> <span class='ocrx_word' id='word_1_513' title='bbox 3369 3303 3671 3374; x_wconf 88' lang='lat' dir='ltr'><strong>Perpende</strong></span> 
     </span>
    </p>
   </div>
   <div class='ocr_carea' id='block_1_66' title="bbox 322 3385 1960 3462">
    <p class='ocr_par' dir='ltr' id='par_1_66' title="bbox 322 3385 1916 3462">
     <span class='ocr_line' id='line_1_67' title="bbox 322 3385 1916 3462; baseline -0.004 -20"><span class='ocrx_word' id='word_1_514' title='bbox 322 3391 688 3462; x_wconf 86' lang='grc' dir='ltr'>σταυρωθῆναι</span> <span class='ocrx_word' id='word_1_515' title='bbox 720 3385 810 3440; x_wconf 82' lang='grc' dir='ltr'><strong>διὰ</strong></span> <span class='ocrx_word' id='word_1_516' title='bbox 837 3393 910 3441; x_wconf 85' lang='grc' dir='ltr'>σέ.</span> <span class='ocrx_word' id='word_1_517' title='bbox 939 3388 1093 3440; x_wconf 86' lang='grc' dir='ltr'>Βλέπε</span> <span class='ocrx_word' id='word_1_518' title='bbox 1123 3387 1209 3439; x_wconf 82' lang='grc' dir='ltr'>οὖν</span> <span class='ocrx_word' id='word_1_519' title='bbox 1253 3395 1356 3447; x_wconf 86' lang='grc' dir='ltr'>πῶς</span> <span class='ocrx_word' id='word_1_520' title='bbox 1405 3389 1430 3437; x_wconf 92' lang='lat'><strong>6</strong></span> <span class='ocrx_word' id='word_1_521' title='bbox 1471 3390 1625 3448; x_wconf 83' lang='grc' dir='ltr'>Θεὸς</span> <span class='ocrx_word' id='word_1_522' title='bbox 1674 3387 1916 3457; x_wconf 80' lang='grc' dir='ltr'>ἠγάπη-</span> 
     </span>
    </p>
   </div>
   <div class='ocr_carea' id='block_1_67' title="bbox 2035 3385 3673 3462">
    <p class='ocr_par' dir='ltr' id='par_1_67' title="bbox 2035 3389 3673 3459">
     <span class='ocr_line' id='line_1_68' title="bbox 2035 3389 3673 3459; baseline 0.003 -16"><span class='ocrx_word' id='word_1_523' title='bbox 2035 3403 2187 3458; x_wconf 72' lang='lat' dir='ltr'><strong>ergo,</strong></span> <span class='ocrx_word' id='word_1_524' title='bbox 2221 3403 2405 3459; x_wconf 89' lang='lat' dir='ltr'><strong>quam</strong></span> <span class='ocrx_word' id='word_1_525' title='bbox 2432 3389 2709 3443; x_wconf 89' lang='lat' dir='ltr'><strong>ardenter</strong></span> <span class='ocrx_word' id='word_1_526' title='bbox 2747 3390 2902 3444; x_wconf 85' lang='lat' dir='ltr'><strong>Deus</strong></span> <span class='ocrx_word' id='word_1_527' title='bbox 2943 3390 3219 3446; x_wconf 72' lang='lat' dir='ltr'><strong>dilexerit</strong></span> <span class='ocrx_word' id='word_1_528' title='bbox 3268 3393 3575 3456; x_wconf 88' lang='lat' dir='ltr'><strong>mundum,</strong></span> <span class='ocrx_word' id='word_1_529' title='bbox 3611 3397 3673 3448; x_wconf 81' lang='lat' dir='ltr'><strong>ut</strong></span> 
     </span>
    </p>
   </div>
   <div class='ocr_carea' id='block_1_68' title="bbox 322 3476 1960 3551">
    <p class='ocr_par' dir='ltr' id='par_1_68' title="bbox 322 3476 1915 3550">
     <span class='ocr_line' id='line_1_69' title="bbox 322 3476 1915 3550; baseline -0.004 -19"><span class='ocrx_word' id='word_1_530' title='bbox 322 3498 388 3531; x_wconf 93' lang='grc' dir='ltr'><strong>σε</strong></span> <span class='ocrx_word' id='word_1_531' title='bbox 414 3482 518 3530; x_wconf 87' lang='grc' dir='ltr'>τὸν</span> <span class='ocrx_word' id='word_1_532' title='bbox 572 3483 834 3550; x_wconf 86' lang='grc' dir='ltr'>κόσμον,</span> <span class='ocrx_word' id='word_1_533' title='bbox 875 3479 970 3529; x_wconf 87' lang='grc' dir='ltr'>ὅτι</span> <span class='ocrx_word' id='word_1_534' title='bbox 1014 3478 1120 3528; x_wconf 89' lang='grc' dir='ltr'><strong>τόν</strong></span> <span class='ocrx_word' id='word_1_535' title='bbox 1175 3485 1488 3548; x_wconf 84' lang='grc' dir='ltr'>μονογενῆ</span> <span class='ocrx_word' id='word_1_536' title='bbox 1532 3477 1729 3527; x_wconf 82' lang='grc' dir='ltr'>αὑτοῦ</span> <span class='ocrx_word' id='word_1_537' title='bbox 1769 3476 1915 3526; x_wconf 85' lang='grc' dir='ltr'>Υίόν</span> 
     </span>
    </p>
   </div>
   <div class='ocr_carea' id='block_1_69' title="bbox 2035 3476 3673 3551">
    <p class='ocr_par' dir='ltr' id='par_1_69' title="bbox 2035 3476 3673 3551">
     <span class='ocr_line' id='line_1_70' title="bbox 2035 3476 3673 3551; baseline 0.005 -21"><span class='ocrx_word' id='word_1_538' title='bbox 2035 3476 2400 3546; x_wconf 82' lang='lat' dir='ltr'><strong>unigenitum</strong></span> <span class='ocrx_word' id='word_1_539' title='bbox 2415 3477 2629 3532; x_wconf 82' lang='lat' dir='ltr'><strong>Filium</strong></span> <span class='ocrx_word' id='word_1_540' title='bbox 2654 3478 2825 3533; x_wconf 83' lang='lat' dir='ltr'><strong>daret</strong></span> <span class='ocrx_word' id='word_1_541' title='bbox 2846 3495 2954 3546; x_wconf 81' lang='lat' dir='ltr'><strong>pro</strong></span> <span class='ocrx_word' id='word_1_542' title='bbox 2980 3495 3043 3535; x_wconf 88' lang='lat' dir='ltr'><strong>eo</strong></span> <span class='ocrx_word' id='word_1_543' title='bbox 3065 3481 3200 3551; x_wconf 84' lang='lat' dir='ltr'><strong>:qui</strong></span> <span class='ocrx_word' id='word_1_544' title='bbox 3217 3481 3350 3548; x_wconf 83' lang='lat' dir='ltr'><strong>ﬁeri</strong></span> <span class='ocrx_word' id='word_1_545' title='bbox 3370 3488 3580 3549; x_wconf 83' lang='lat' dir='ltr'><strong>potest,</strong></span> <span class='ocrx_word' id='word_1_546' title='bbox 3608 3489 3673 3538; x_wconf 87' lang='lat' dir='ltr'><strong>ut</strong></span> 
     </span>
    </p>
   </div>
   <div class='ocr_carea' id='block_1_70' title="bbox 318 3563 1956 3640">
    <p class='ocr_par' dir='ltr' id='par_1_70' title="bbox 318 3563 1916 3640">
     <span class='ocr_line' id='line_1_71' title="bbox 318 3563 1916 3640; baseline -0.004 -20"><span class='ocrx_word' id='word_1_547' title='bbox 318 3566 552 3620; x_wconf 78' lang='grc' dir='ltr'>ἔδωκεν</span> <span class='ocrx_word' id='word_1_548' title='bbox 601 3567 755 3640; x_wconf 79' lang='grc' dir='ltr'>ὑπερ</span> <span class='ocrx_word' id='word_1_549' title='bbox 810 3566 1031 3618; x_wconf 78' lang='grc' dir='ltr'>αὐτοῦ.</span> <span class='ocrx_word' id='word_1_550' title='bbox 1093 3572 1226 3626; x_wconf 85' lang='grc' dir='ltr'><strong>Πῶς</strong></span> <span class='ocrx_word' id='word_1_551' title='bbox 1278 3569 1433 3637; x_wconf 81' lang='grc' dir='ltr'>οῦχὶ</span> <span class='ocrx_word' id='word_1_552' title='bbox 1493 3569 1604 3616; x_wconf 80' lang='grc' dir='ltr'>σὺν</span> <span class='ocrx_word' id='word_1_553' title='bbox 1645 3563 1916 3633; x_wconf 83' lang='grc' dir='ltr'>αύτῷτά</span> 
     </span>
    </p>
   </div>
   <div class='ocr_carea' id='block_1_71' title="bbox 2035 3563 3673 3640">
    <p class='ocr_par' dir='ltr' id='par_1_71' title="bbox 2035 3567 3673 3626">
     <span class='ocr_line' id='line_1_72' title="bbox 2035 3567 3673 3626; baseline 0.004 -6"><span class='ocrx_word' id='word_1_554' title='bbox 2035 3581 2144 3620; x_wconf 81' lang='lat' dir='ltr'><strong>non</strong></span> <span class='ocrx_word' id='word_1_555' title='bbox 2175 3572 2226 3622; x_wconf 85' lang='lat' dir='ltr'><strong>et</strong></span> <span class='ocrx_word' id='word_1_556' title='bbox 2259 3582 2390 3621; x_wconf 85' lang='lat' dir='ltr'><strong>cum</strong></span> <span class='ocrx_word' id='word_1_557' title='bbox 2423 3567 2618 3622; x_wconf 86' lang='lat' dir='ltr'><strong>eodem</strong></span> <span class='ocrx_word' id='word_1_558' title='bbox 2645 3567 2845 3624; x_wconf 88' lang='lat' dir='ltr'><strong>omnia</strong></span> <span class='ocrx_word' id='word_1_559' title='bbox 2858 3568 3020 3623; x_wconf 84' lang='lat' dir='ltr'><strong>nobis</strong></span> <span class='ocrx_word' id='word_1_560' title='bbox 3045 3569 3276 3625; x_wconf 72' lang='lat' dir='ltr'><strong>donet72</strong></span> <span class='ocrx_word' id='word_1_561' title='bbox 3301 3568 3328 3623; x_wconf 61' lang='grc' dir='ltr'><strong>εἴ</strong></span> <span class='ocrx_word' id='word_1_562' title='bbox 3355 3573 3417 3625; x_wconf 87' lang='lat' dir='ltr'><strong>Et</strong></span> <span class='ocrx_word' id='word_1_563' title='bbox 3440 3587 3673 3626; x_wconf 90' lang='lat' dir='ltr'><strong>rursum</strong></span> 
     </span>
    </p>
   </div>
   <div class='ocr_carea' id='block_1_72' title="bbox 317 3651 1955 3726">
    <p class='ocr_par' dir='ltr' id='par_1_72' title="bbox 317 3651 1911 3726">
     <span class='ocr_line' id='line_1_73' title="bbox 317 3651 1911 3726; baseline -0.003 -19"><span class='ocrx_word' id='word_1_564' title='bbox 317 3657 523 3707; x_wconf 89' lang='grc' dir='ltr'>πάντα</span> <span class='ocrx_word' id='word_1_565' title='bbox 552 3656 703 3726; x_wconf 80' lang='grc' dir='ltr'>ἡμῖν</span> <span class='ocrx_word' id='word_1_566' title='bbox 728 3659 1090 3725; x_wconf 89' lang='grc' dir='ltr'>χαρίσεται</span> <span class='ocrx_word' id='word_1_567' title='bbox 1124 3670 1137 3719; x_wconf 88' lang='grc'>;</span> <span class='ocrx_word' id='word_1_568' title='bbox 1171 3658 1259 3705; x_wconf 85' lang='grc' dir='ltr'>καὶ</span> <span class='ocrx_word' id='word_1_569' title='bbox 1289 3653 1440 3706; x_wconf 88' lang='grc' dir='ltr'>πάλιν</span> <span class='ocrx_word' id='word_1_570' title='bbox 1473 3652 1706 3724; x_wconf 80' lang='grc' dir='ltr'>ἀλλαχοῦ</span> <span class='ocrx_word' id='word_1_571' title='bbox 1731 3651 1866 3722; x_wconf 83' lang='grc' dir='ltr'>λέγει</span> <span class='ocrx_word' id='word_1_572' title='bbox 1897 3667 1911 3682; x_wconf 76' lang='grc'><strong>⁸</strong></span> 
     </span>
    </p>
   </div>
   <div class='ocr_carea' id='block_1_73' title="bbox 2037 3651 3675 3726">
    <p class='ocr_par' dir='ltr' id='par_1_73' title="bbox 2037 3654 3675 3725">
     <span class='ocr_line' id='line_1_74' title="bbox 2037 3654 3675 3725; baseline 0.004 -15"><span class='ocrx_word' id='word_1_573' title='bbox 2037 3655 2162 3710; x_wconf 65' lang='lat' dir='ltr'><strong>alibi</strong></span> <span class='ocrx_word' id='word_1_574' title='bbox 2189 3654 2332 3710; x_wconf 88' lang='lat' dir='ltr'><strong>dicit</strong></span> <span class='ocrx_word' id='word_1_575' title='bbox 2365 3671 2375 3708; x_wconf 93' lang='lat'>:</span> <span class='ocrx_word' id='word_1_576' title='bbox 2401 3656 2586 3710; x_wconf 84' lang='lat' dir='ltr'><strong>Amen</strong></span> <span class='ocrx_word' id='word_1_577' title='bbox 2617 3656 2747 3711; x_wconf 86' lang='lat' dir='ltr'><strong>dico</strong></span> <span class='ocrx_word' id='word_1_578' title='bbox 2769 3657 3350 3725; x_wconf 77' lang='lat' dir='ltr'><strong>vobis,superomnia</strong></span> <span class='ocrx_word' id='word_1_579' title='bbox 3367 3660 3512 3714; x_wconf 87' lang='lat' dir='ltr'><strong>bona</strong></span> <span class='ocrx_word' id='word_1_580' title='bbox 3537 3676 3675 3716; x_wconf 87' lang='lat' dir='ltr'><strong>con-</strong></span> 
     </span>
    </p>
   </div>
   <div class='ocr_carea' id='block_1_74' title="bbox 316 3742 1954 3817">
    <p class='ocr_par' dir='ltr' id='par_1_74' title="bbox 316 3742 1912 3816">
     <span class='ocr_line' id='line_1_75' title="bbox 316 3742 1912 3816; baseline -0.003 -18"><span class='ocrx_word' id='word_1_581' title='bbox 316 3745 518 3816; x_wconf 79' lang='grc' dir='ltr'>Ἀμήν</span> <span class='ocrx_word' id='word_1_582' title='bbox 570 3743 728 3814; x_wconf 81' lang='grc' dir='ltr'>λέγω</span> <span class='ocrx_word' id='word_1_583' title='bbox 794 3745 968 3815; x_wconf 82' lang='grc' dir='ltr'>ὑμῖν,</span> <span class='ocrx_word' id='word_1_584' title='bbox 1017 3742 1118 3795; x_wconf 79' lang='grc' dir='ltr'><strong>ἐπὶ</strong></span> <span class='ocrx_word' id='word_1_585' title='bbox 1170 3749 1333 3794; x_wconf 89' lang='grc' dir='ltr'>πᾶσι</span> <span class='ocrx_word' id='word_1_586' title='bbox 1388 3749 1522 3803; x_wconf 87' lang='grc' dir='ltr'>τοῖς</span> <span class='ocrx_word' id='word_1_587' title='bbox 1587 3744 1912 3815; x_wconf 74' lang='grc' dir='ltr'>ὑπάρχου-</span> 
     </span>
    </p>
   </div>
   <div class='ocr_carea' id='block_1_75' title="bbox 2039 3742 3677 3817">
    <p class='ocr_par' dir='ltr' id='par_1_75' title="bbox 2039 3744 3677 3817">
     <span class='ocr_line' id='line_1_76' title="bbox 2039 3744 3677 3817; baseline 0.004 -19"><span class='ocrx_word' id='word_1_588' title='bbox 2039 3744 2223 3799; x_wconf 76' lang='grc' dir='ltr'>ςιίιιιει</span> <span class='ocrx_word' id='word_1_589' title='bbox 2255 3758 2386 3799; x_wconf 90' lang='lat' dir='ltr'><strong>eum</strong></span> <span class='ocrx_word' id='word_1_590' title='bbox 2424 3744 2492 3798; x_wconf 72' lang='lat'><strong>73.</strong></span> <span class='ocrx_word' id='word_1_591' title='bbox 2529 3744 2795 3800; x_wconf 90' lang='lat' dir='ltr'><strong>Ostendit</strong></span> <span class='ocrx_word' id='word_1_592' title='bbox 2823 3762 3067 3817; x_wconf 90' lang='lat' dir='ltr'><strong>quoque</strong></span> <span class='ocrx_word' id='word_1_593' title='bbox 3096 3747 3258 3812; x_wconf 90' lang='lat' dir='ltr'><strong>alibi,</strong></span> <span class='ocrx_word' id='word_1_594' title='bbox 3287 3748 3534 3816; x_wconf 89' lang='lat' dir='ltr'><strong>angelos</strong></span> <span class='ocrx_word' id='word_1_595' title='bbox 3569 3749 3677 3804; x_wconf 89' lang='lat' dir='ltr'><strong>mi—</strong></span> 
     </span>
    </p>
   </div>
   <div class='ocr_carea' id='block_1_76' title="bbox 321 3828 1959 3892">
    <p class='ocr_par' dir='ltr' id='par_1_76' title="bbox 321 3828 1915 3891">
     <span class='ocr_line' id='line_1_77' title="bbox 321 3828 1915 3891; baseline -0.002 -7"><span class='ocrx_word' id='word_1_596' title='bbox 321 3852 424 3884; x_wconf 93' lang='grc' dir='ltr'><strong>σιν</strong></span> <span class='ocrx_word' id='word_1_597' title='bbox 479 3833 676 3886; x_wconf 79' lang='grc' dir='ltr'>αὐτοῦ</span> <span class='ocrx_word' id='word_1_598' title='bbox 730 3838 1140 3891; x_wconf 85' lang='grc' dir='ltr'>καταστήσει</span> <span class='ocrx_word' id='word_1_599' title='bbox 1189 3833 1404 3888; x_wconf 75' lang='grc' dir='ltr'>αὐτόν,</span> <span class='ocrx_word' id='word_1_600' title='bbox 1446 3837 1684 3884; x_wconf 80' lang='grc' dir='ltr'>Δείκνυσι</span> <span class='ocrx_word' id='word_1_601' title='bbox 1739 3828 1797 3882; x_wconf 68' lang='grc' dir='ltr'><strong>δὲ</strong></span> <span class='ocrx_word' id='word_1_602' title='bbox 1826 3834 1915 3881; x_wconf 79' lang='grc' dir='ltr'>καὶ</span> 
     </span>
    </p>
   </div>
   <div class='ocr_carea' id='block_1_77' title="bbox 2035 3828 3673 3892">
    <p class='ocr_par' dir='ltr' id='par_1_77' title="bbox 2035 3833 3673 3892">
     <span class='ocr_line' id='line_1_78' title="bbox 2035 3833 3673 3892; baseline 0.004 -6"><span class='ocrx_word' id='word_1_603' title='bbox 2035 3833 2245 3888; x_wconf 86' lang='lat' dir='ltr'><strong>nistros</strong></span> <span class='ocrx_word' id='word_1_604' title='bbox 2279 3848 2406 3887; x_wconf 88' lang='lat' dir='ltr'><strong>esse</strong></span> <span class='ocrx_word' id='word_1_605' title='bbox 2439 3839 2805 3888; x_wconf 89' lang='lat' dir='ltr'><strong>sanctorum.</strong></span> <span class='ocrx_word' id='word_1_606' title='bbox 2849 3836 2996 3888; x_wconf 90' lang='lat' dir='ltr'><strong>Cum</strong></span> <span class='ocrx_word' id='word_1_607' title='bbox 3037 3836 3195 3890; x_wconf 92' lang='lat' dir='ltr'><strong>enim</strong></span> <span class='ocrx_word' id='word_1_608' title='bbox 3247 3836 3380 3891; x_wconf 90' lang='lat' dir='ltr'><strong>Eias</strong></span> <span class='ocrx_word' id='word_1_609' title='bbox 3433 3844 3583 3892; x_wconf 88' lang='lat' dir='ltr'><strong>esset</strong></span> <span class='ocrx_word' id='word_1_610' title='bbox 3613 3837 3673 3891; x_wconf 90' lang='lat' dir='ltr'><strong>in</strong></span> 
     </span>
    </p>
   </div>
   <div class='ocr_carea' id='block_1_78' title="bbox 317 3918 1955 3994">
    <p class='ocr_par' dir='ltr' id='par_1_78' title="bbox 317 3918 1911 3994">
     <span class='ocr_line' id='line_1_79' title="bbox 317 3918 1911 3994; baseline -0.003 -20"><span class='ocrx_word' id='word_1_611' title='bbox 317 3921 552 3994; x_wconf 81' lang='grc' dir='ltr'>ἀλλαχοῦ</span> <span class='ocrx_word' id='word_1_612' title='bbox 598 3926 713 3982; x_wconf 82' lang='grc' dir='ltr'>τοὺς</span> <span class='ocrx_word' id='word_1_613' title='bbox 763 3921 1012 3992; x_wconf 78' lang='grc' dir='ltr'>ἀγγέλους</span> <span class='ocrx_word' id='word_1_614' title='bbox 1048 3922 1380 3993; x_wconf 85' lang='grc' dir='ltr'>λειτουργοὺς</span> <span class='ocrx_word' id='word_1_615' title='bbox 1410 3919 1537 3974; x_wconf 86' lang='grc' dir='ltr'>εἶναι</span> <span class='ocrx_word' id='word_1_616' title='bbox 1575 3930 1673 3972; x_wconf 88' lang='grc' dir='ltr'>τῶν</span> <span class='ocrx_word' id='word_1_617' title='bbox 1714 3918 1874 3991; x_wconf 81' lang='grc' dir='ltr'>ἁγίων</span> <span class='ocrx_word' id='word_1_618' title='bbox 1899 3938 1911 3950; x_wconf 94' lang='grc'><strong>·</strong></span> 
     </span>
    </p>
   </div>
   <div class='ocr_carea' id='block_1_79' title="bbox 2033 3918 3671 3994">
    <p class='ocr_par' dir='ltr' id='par_1_79' title="bbox 2033 3922 3671 3994">
     <span class='ocr_line' id='line_1_80' title="bbox 2033 3922 3671 3994; baseline 0.004 -20"><span class='ocrx_word' id='word_1_619' title='bbox 2033 3927 2253 3990; x_wconf 90' lang='lat' dir='ltr'><strong>monte,</strong></span> <span class='ocrx_word' id='word_1_620' title='bbox 2276 3927 2332 3975; x_wconf 89' lang='lat' dir='ltr'><strong>et</strong></span> <span class='ocrx_word' id='word_1_621' title='bbox 2371 3922 2660 3976; x_wconf 87' lang='lat' dir='ltr'><strong>adversus</strong></span> <span class='ocrx_word' id='word_1_622' title='bbox 2705 3938 2836 3976; x_wconf 87' lang='lat' dir='ltr'><strong>eum</strong></span> <span class='ocrx_word' id='word_1_623' title='bbox 2871 3923 3247 3991; x_wconf 86' lang='lat' dir='ltr'><strong>insurgerent</strong></span> <span class='ocrx_word' id='word_1_624' title='bbox 3305 3923 3671 3994; x_wconf 71' lang='lat' dir='ltr'><strong>alienigenie,</strong></span> 
     </span>
    </p>
   </div>
   <div class='ocr_carea' id='block_1_80' title="bbox 317 4007 1955 4086">
    <p class='ocr_par' dir='ltr' id='par_1_80' title="bbox 317 4007 1916 4086">
     <span class='ocr_line' id='line_1_81' title="bbox 317 4007 1916 4086; baseline -0.003 -24"><span class='ocrx_word' id='word_1_625' title='bbox 317 4013 405 4062; x_wconf 90' lang='grc' dir='ltr'><strong>καί</strong></span> <span class='ocrx_word' id='word_1_626' title='bbox 432 4014 531 4086; x_wconf 88' lang='grc' dir='ltr'><strong>γὰρ</strong></span> <span class='ocrx_word' id='word_1_627' title='bbox 563 4009 740 4071; x_wconf 89' lang='grc' dir='ltr'>Ἠλίας</span> <span class='ocrx_word' id='word_1_628' title='bbox 760 4012 842 4061; x_wconf 82' lang='grc' dir='ltr'>ὅτε</span> <span class='ocrx_word' id='word_1_629' title='bbox 887 4007 948 4067; x_wconf 76' lang='grc' dir='ltr'>ἦν</span> <span class='ocrx_word' id='word_1_630' title='bbox 973 4009 1044 4071; x_wconf 87' lang='grc' dir='ltr'><strong>εἰς</strong></span> <span class='ocrx_word' id='word_1_631' title='bbox 1070 4013 1128 4061; x_wconf 84' lang='grc' dir='ltr'>τὸ</span> <span class='ocrx_word' id='word_1_632' title='bbox 1156 4013 1292 4081; x_wconf 83' lang='grc' dir='ltr'>ὅρος,</span> <span class='ocrx_word' id='word_1_633' title='bbox 1326 4014 1414 4060; x_wconf 84' lang='grc' dir='ltr'>καὶ</span> <span class='ocrx_word' id='word_1_634' title='bbox 1437 4009 1592 4066; x_wconf 78' lang='grc' dir='ltr'>ἦλθον</span> <span class='ocrx_word' id='word_1_635' title='bbox 1617 4009 1730 4060; x_wconf 89' lang='grc' dir='ltr'>κατ’</span> <span class='ocrx_word' id='word_1_636' title='bbox 1757 4007 1916 4058; x_wconf 72' lang='grc' dir='ltr'>αὑτοῦ</span> 
     </span>
    </p>
   </div>
   <div class='ocr_carea' id='block_1_81' title="bbox 2042 4007 3680 4086">
    <p class='ocr_par' dir='ltr' id='par_1_81' title="bbox 2042 4008 3680 4080">
     <span class='ocr_line' id='line_1_82' title="bbox 2042 4008 3680 4080; baseline 0.004 -18"><span class='ocrx_word' id='word_1_637' title='bbox 2042 4025 2177 4080; x_wconf 77' lang='lat' dir='ltr'><strong>puer</strong></span> <span class='ocrx_word' id='word_1_638' title='bbox 2205 4008 2335 4078; x_wconf 88' lang='lat' dir='ltr'><strong>ejus</strong></span> <span class='ocrx_word' id='word_1_639' title='bbox 2367 4009 2566 4064; x_wconf 90' lang='lat' dir='ltr'><strong>aiebat</strong></span> <span class='ocrx_word' id='word_1_640' title='bbox 2601 4025 2612 4063; x_wconf 95' lang='lat'><strong>:</strong></span> <span class='ocrx_word' id='word_1_641' title='bbox 2645 4009 2828 4064; x_wconf 81' lang='lat' dir='ltr'><strong>Multi</strong></span> <span class='ocrx_word' id='word_1_642' title='bbox 2875 4011 3119 4066; x_wconf 87' lang='lat' dir='ltr'><strong>veniunt</strong></span> <span class='ocrx_word' id='word_1_643' title='bbox 3156 4012 3440 4067; x_wconf 87' lang='lat' dir='ltr'><strong>adversus</strong></span> <span class='ocrx_word' id='word_1_644' title='bbox 3471 4028 3597 4078; x_wconf 86' lang='lat' dir='ltr'><strong>nos,</strong></span> <span class='ocrx_word' id='word_1_645' title='bbox 3627 4017 3680 4069; x_wconf 86' lang='lat' dir='ltr'><strong>et</strong></span> 
     </span>
    </p>
   </div>
   <div class='ocr_carea' id='block_1_82' title="bbox 317 4095 1955 4171">
    <p class='ocr_par' dir='ltr' id='par_1_82' title="bbox 317 4095 1920 4171">
     <span class='ocr_line' id='line_1_83' title="bbox 317 4095 1920 4171; baseline -0.004 -19"><span class='ocrx_word' id='word_1_646' title='bbox 317 4102 366 4152; x_wconf 87' lang='grc' dir='ltr'>οἱ</span> <span class='ocrx_word' id='word_1_647' title='bbox 393 4098 685 4171; x_wconf 78' lang='grc' dir='ltr'>ἀλλόφυλοι,</span> <span class='ocrx_word' id='word_1_648' title='bbox 726 4102 784 4151; x_wconf 89' lang='grc' dir='ltr'>τὸ</span> <span class='ocrx_word' id='word_1_649' title='bbox 818 4095 1032 4150; x_wconf 78' lang='grc' dir='ltr'>παιδίον</span> <span class='ocrx_word' id='word_1_650' title='bbox 1083 4098 1218 4169; x_wconf 77' lang='grc' dir='ltr'>ἑλεγε</span> <span class='ocrx_word' id='word_1_651' title='bbox 1250 4115 1261 4127; x_wconf 92' lang='grc'><strong>·</strong></span> <span class='ocrx_word' id='word_1_652' title='bbox 1316 4097 1547 4149; x_wconf 83' lang='grc' dir='ltr'>Πολλοὶ</span> <span class='ocrx_word' id='word_1_653' title='bbox 1605 4099 1920 4168; x_wconf 84' lang='grc' dir='ltr'>ἔρχορται</span> 
     </span>
    </p>
   </div>
   <div class='ocr_carea' id='block_1_83' title="bbox 2039 4095 3677 4171">
    <p class='ocr_par' dir='ltr' id='par_1_83' title="bbox 2039 4097 3677 4170">
     <span class='ocr_line' id='line_1_84' title="bbox 2039 4097 3677 4170; baseline 0.004 -19"><span class='ocrx_word' id='word_1_654' title='bbox 2039 4113 2134 4152; x_wconf 85' lang='lat' dir='ltr'><strong>nos</strong></span> <span class='ocrx_word' id='word_1_655' title='bbox 2166 4097 2280 4152; x_wconf 84' lang='lat' dir='ltr'><strong>soli</strong></span> <span class='ocrx_word' id='word_1_656' title='bbox 2306 4113 2507 4152; x_wconf 89' lang='lat' dir='ltr'><strong>sumus</strong></span> <span class='ocrx_word' id='word_1_657' title='bbox 2536 4120 2556 4167; x_wconf 87' lang='lat'><strong>,-</strong></span> <span class='ocrx_word' id='word_1_658' title='bbox 2584 4102 2723 4153; x_wconf 90' lang='lat' dir='ltr'><strong>tunc</strong></span> <span class='ocrx_word' id='word_1_659' title='bbox 2755 4101 3078 4170; x_wconf 89' lang='lat' dir='ltr'><strong>respondet</strong></span> <span class='ocrx_word' id='word_1_660' title='bbox 3120 4098 3274 4154; x_wconf 90' lang='lat' dir='ltr'><strong>Elias</strong></span> <span class='ocrx_word' id='word_1_661' title='bbox 3314 4116 3324 4153; x_wconf 91' lang='lat'><strong>:</strong></span> <span class='ocrx_word' id='word_1_662' title='bbox 3360 4102 3496 4156; x_wconf 87' lang='lat' dir='ltr'><strong>Non</strong></span> <span class='ocrx_word' id='word_1_663' title='bbox 3519 4102 3677 4157; x_wconf 86' lang='lat' dir='ltr'><strong>vides</strong></span> 
     </span>
    </p>
   </div>
   <div class='ocr_carea' id='block_1_84' title="bbox 317 4182 1955 4259">
    <p class='ocr_par' dir='ltr' id='par_1_84' title="bbox 317 4182 1922 4259">
     <span class='ocr_line' id='line_1_85' title="bbox 317 4182 1922 4259; baseline -0.004 -19"><span class='ocrx_word' id='word_1_664' title='bbox 317 4188 450 4241; x_wconf 92' lang='grc' dir='ltr'>καθ’</span> <span class='ocrx_word' id='word_1_665' title='bbox 496 4190 689 4259; x_wconf 83' lang='grc' dir='ltr'>ἡμῶν,</span> <span class='ocrx_word' id='word_1_666' title='bbox 722 4192 831 4239; x_wconf 85' lang='grc' dir='ltr'>καὶ</span> <span class='ocrx_word' id='word_1_667' title='bbox 863 4190 1048 4258; x_wconf 81' lang='grc' dir='ltr'>ἡμεῖς</span> <span class='ocrx_word' id='word_1_668' title='bbox 1089 4206 1272 4259; x_wconf 87' lang='grc' dir='ltr'>μονοι</span> <span class='ocrx_word' id='word_1_669' title='bbox 1303 4188 1517 4257; x_wconf 70' lang='grc' dir='ltr'>ἐσμέν,</span> <span class='ocrx_word' id='word_1_670' title='bbox 1578 4191 1704 4237; x_wconf 86' lang='grc' dir='ltr'>Τότε</span> <span class='ocrx_word' id='word_1_671' title='bbox 1757 4182 1922 4236; x_wconf 86' lang='grc' dir='ltr'>ἀποκ-</span> 
     </span>
    </p>
   </div>
   <div class='ocr_carea' id='block_1_85' title="bbox 2041 4182 3679 4259">
    <p class='ocr_par' dir='ltr' id='par_1_85' title="bbox 2041 4186 3679 4256">
     <span class='ocr_line' id='line_1_86' title="bbox 2041 4186 3679 4256; baseline 0.004 -16"><span class='ocrx_word' id='word_1_672' title='bbox 2041 4186 2264 4241; x_wconf 76' lang='lat' dir='ltr'><strong>ordines</strong></span> <span class='ocrx_word' id='word_1_673' title='bbox 2276 4193 2328 4241; x_wconf 84' lang='lat' dir='ltr'><strong>et</strong></span> <span class='ocrx_word' id='word_1_674' title='bbox 2345 4186 2752 4242; x_wconf 79' lang='lat' dir='ltr'><strong>multitudines</strong></span> <span class='ocrx_word' id='word_1_675' title='bbox 2775 4190 3127 4256; x_wconf 81' lang='lat' dir='ltr'><strong>angelorum</strong></span> <span class='ocrx_word' id='word_1_676' title='bbox 3158 4189 3459 4245; x_wconf 84' lang='lat' dir='ltr'><strong>nobiscum</strong></span> <span class='ocrx_word' id='word_1_677' title='bbox 3484 4191 3547 4244; x_wconf 82' lang='lat' dir='ltr'><strong>in</strong></span> <span class='ocrx_word' id='word_1_678' title='bbox 3562 4190 3679 4246; x_wconf 85' lang='lat' dir='ltr'><strong>cir-</strong></span> 
     </span>
    </p>
   </div>
   <div class='ocr_carea' id='block_1_86' title="bbox 315 4272 1953 4350">
    <p class='ocr_par' dir='ltr' id='par_1_86' title="bbox 315 4272 1918 4350">
     <span class='ocr_line' id='line_1_87' title="bbox 315 4272 1918 4350; baseline -0.002 -21"><span class='ocrx_word' id='word_1_679' title='bbox 315 4283 510 4350; x_wconf 89' lang='grc' dir='ltr'>ρίνεται</span> <span class='ocrx_word' id='word_1_680' title='bbox 539 4276 714 4338; x_wconf 84' lang='grc' dir='ltr'>Ἠλίας</span> <span class='ocrx_word' id='word_1_681' title='bbox 747 4277 922 4348; x_wconf 77' lang='grc' dir='ltr'><strong>Ὀὐχ</strong></span> <span class='ocrx_word' id='word_1_682' title='bbox 953 4278 1108 4350; x_wconf 76' lang='grc' dir='ltr'>ὁρᾷς</span> <span class='ocrx_word' id='word_1_683' title='bbox 1135 4273 1541 4349; x_wconf 78' lang='grc' dir='ltr'>παρεμϐολὰς</span> <span class='ocrx_word' id='word_1_684' title='bbox 1570 4278 1679 4326; x_wconf 81' lang='grc' dir='ltr'>καὶ</span> <span class='ocrx_word' id='word_1_685' title='bbox 1713 4272 1918 4329; x_wconf 85' lang='grc' dir='ltr'>πλήθη</span> 
     </span>
    </p>
   </div>
   <div class='ocr_carea' id='block_1_87' title="bbox 2042 4272 3680 4350">
    <p class='ocr_par' dir='ltr' id='par_1_87' title="bbox 2042 4275 3680 4344">
     <span class='ocr_line' id='line_1_88' title="bbox 2042 4275 3680 4344; baseline 0.003 -14"><span class='ocrx_word' id='word_1_686' title='bbox 2042 4276 2201 4330; x_wconf 70' lang='lat' dir='ltr'><strong>cuitu</strong></span> <span class='ocrx_word' id='word_1_687' title='bbox 2255 4275 2420 4330; x_wconf 87' lang='lat' dir='ltr'><strong>nobis</strong></span> <span class='ocrx_word' id='word_1_688' title='bbox 2473 4276 2901 4344; x_wconf 75' lang='lat' dir='ltr'><strong>opitulantium</strong></span> <span class='ocrx_word' id='word_1_689' title='bbox 2933 4277 2980 4310; x_wconf 72' lang='lat'><strong>7‘</strong></span> <span class='ocrx_word' id='word_1_690' title='bbox 3009 4276 3038 4328; x_wconf 84' lang='lat'><strong>‘?</strong></span> <span class='ocrx_word' id='word_1_691' title='bbox 3063 4277 3234 4332; x_wconf 89' lang='lat' dir='ltr'><strong>Vides</strong></span> <span class='ocrx_word' id='word_1_692' title='bbox 3279 4279 3594 4334; x_wconf 90' lang='lat' dir='ltr'><strong>Dominum</strong></span> <span class='ocrx_word' id='word_1_693' title='bbox 3626 4286 3680 4336; x_wconf 92' lang='lat' dir='ltr'><strong>et</strong></span> 
     </span>
    </p>
   </div>
   <div class='ocr_carea' id='block_1_88' title="bbox 317 4362 1955 4439">
    <p class='ocr_par' dir='ltr' id='par_1_88' title="bbox 317 4362 1920 4439">
     <span class='ocr_line' id='line_1_89' title="bbox 317 4362 1920 4439; baseline -0.004 -21"><span class='ocrx_word' id='word_1_694' title='bbox 317 4365 602 4439; x_wconf 83' lang='grc' dir='ltr'>ἀγγέλων</span> <span class='ocrx_word' id='word_1_695' title='bbox 634 4367 766 4438; x_wconf 85' lang='grc' dir='ltr'>μεθ’</span> <span class='ocrx_word' id='word_1_696' title='bbox 807 4368 980 4438; x_wconf 83' lang='grc' dir='ltr'>ἡμῶν</span> <span class='ocrx_word' id='word_1_697' title='bbox 1022 4364 1236 4435; x_wconf 83' lang='grc' dir='ltr'>κύκλῳ</span> <span class='ocrx_word' id='word_1_698' title='bbox 1275 4362 1690 4436; x_wconf 82' lang='grc' dir='ltr'>βοηθούντων</span> <span class='ocrx_word' id='word_1_699' title='bbox 1725 4363 1920 4433; x_wconf 79' lang='grc' dir='ltr'>ἡμῖν;</span> 
     </span>
    </p>
   </div>
   <div class='ocr_carea' id='block_1_89' title="bbox 2047 4362 3685 4439">
    <p class='ocr_par' dir='ltr' id='par_1_89' title="bbox 2047 4363 3685 4433">
     <span class='ocr_line' id='line_1_90' title="bbox 2047 4363 3685 4433; baseline 0.005 -17"><span class='ocrx_word' id='word_1_700' title='bbox 2047 4363 2478 4418; x_wconf 74' lang='lat' dir='ltr'><strong>multitudinem</strong></span> <span class='ocrx_word' id='word_1_701' title='bbox 2493 4363 2842 4432; x_wconf 88' lang='lat' dir='ltr'><strong>angelorum</strong></span> <span class='ocrx_word' id='word_1_702' title='bbox 2859 4365 3066 4419; x_wconf 89' lang='lat' dir='ltr'><strong>adesse</strong></span> <span class='ocrx_word' id='word_1_703' title='bbox 3081 4367 3266 4421; x_wconf 89' lang='lat' dir='ltr'><strong>servis</strong></span> <span class='ocrx_word' id='word_1_704' title='bbox 3283 4368 3429 4421; x_wconf 89' lang='lat' dir='ltr'><strong>suis.</strong></span> <span class='ocrx_word' id='word_1_705' title='bbox 3451 4369 3685 4433; x_wconf 84' lang='lat' dir='ltr'><strong>Quanta</strong></span> 
     </span>
    </p>
   </div>
   <div class='ocr_carea' id='block_1_90' title="bbox 316 4446 1954 4529">
    <p class='ocr_par' dir='ltr' id='par_1_90' title="bbox 316 4450 1922 4529">
     <span class='ocr_line' id='line_1_91' title="bbox 316 4450 1922 4529; baseline -0.005 -20"><span class='ocrx_word' id='word_1_706' title='bbox 316 4455 472 4529; x_wconf 78' lang='grc' dir='ltr'>Ὁρᾷς</span> <span class='ocrx_word' id='word_1_707' title='bbox 490 4459 566 4508; x_wconf 85' lang='grc' dir='ltr'>ὅτι</span> <span class='ocrx_word' id='word_1_708' title='bbox 587 4459 611 4508; x_wconf 88' lang='grc' dir='ltr'><strong>ό</strong></span> <span class='ocrx_word' id='word_1_709' title='bbox 639 4458 924 4519; x_wconf 86' lang='grc' dir='ltr'>Δεσπότης,</span> <span class='ocrx_word' id='word_1_710' title='bbox 946 4461 1032 4506; x_wconf 79' lang='grc' dir='ltr'>καὶ</span> <span class='ocrx_word' id='word_1_711' title='bbox 1058 4457 1124 4506; x_wconf 78' lang='grc' dir='ltr'>τὰ</span> <span class='ocrx_word' id='word_1_712' title='bbox 1145 4452 1316 4510; x_wconf 77' lang='grc' dir='ltr'>πλήθη</span> <span class='ocrx_word' id='word_1_713' title='bbox 1341 4460 1438 4504; x_wconf 84' lang='grc' dir='ltr'>τῶν</span> <span class='ocrx_word' id='word_1_714' title='bbox 1458 4450 1683 4523; x_wconf 78' lang='grc' dir='ltr'>ἀγγέλων</span> <span class='ocrx_word' id='word_1_715' title='bbox 1713 4453 1922 4502; x_wconf 84' lang='grc' dir='ltr'>σύνεστι</span> 
     </span>
    </p>
   </div>
   <div class='ocr_carea' id='block_1_91' title="bbox 2038 4446 3676 4529">
    <p class='ocr_par' dir='ltr' id='par_1_91' title="bbox 2038 4453 3676 4524">
     <span class='ocr_line' id='line_1_92' title="bbox 2038 4453 3676 4524; baseline 0.005 -19"><span class='ocrx_word' id='word_1_716' title='bbox 2038 4453 2209 4521; x_wconf 89' lang='lat' dir='ltr'><strong>igitur</strong></span> <span class='ocrx_word' id='word_1_717' title='bbox 2221 4454 2544 4521; x_wconf 86' lang='lat' dir='ltr'><strong>estanima,</strong></span> <span class='ocrx_word' id='word_1_718' title='bbox 2566 4455 2878 4524; x_wconf 87' lang='lat' dir='ltr'><strong>etquantis</strong></span> <span class='ocrx_word' id='word_1_719' title='bbox 2897 4453 3226 4510; x_wconf 88' lang='lat' dir='ltr'><strong>honoribus</strong></span> <span class='ocrx_word' id='word_1_720' title='bbox 3243 4471 3274 4509; x_wconf 88' lang='lat' dir='ltr'><strong>a</strong></span> <span class='ocrx_word' id='word_1_721' title='bbox 3296 4458 3411 4510; x_wconf 91' lang='lat' dir='ltr'><strong>Deo</strong></span> <span class='ocrx_word' id='word_1_722' title='bbox 3425 4456 3640 4513; x_wconf 81' lang='lat' dir='ltr'><strong>aﬂecta</strong></span> <span class='ocrx_word' id='word_1_723' title='bbox 3665 4457 3676 4512; x_wconf 85' lang='lat' dir='ltr'><strong>l</strong></span> 
     </span>
    </p>
   </div>
   <div class='ocr_carea' id='block_1_92' title="bbox 318 4538 1956 4613">
    <p class='ocr_par' dir='ltr' id='par_1_92' title="bbox 318 4538 1925 4611">
     <span class='ocr_line' id='line_1_93' title="bbox 318 4538 1925 4611; baseline -0.005 -14"><span class='ocrx_word' id='word_1_724' title='bbox 318 4553 428 4606; x_wconf 86' lang='grc' dir='ltr'>τοῖς</span> <span class='ocrx_word' id='word_1_725' title='bbox 460 4542 666 4607; x_wconf 81' lang='grc' dir='ltr'>δούλοις</span> <span class='ocrx_word' id='word_1_726' title='bbox 696 4549 876 4598; x_wconf 75' lang='grc' dir='ltr'>αὐτοῦ.</span> <span class='ocrx_word' id='word_1_727' title='bbox 909 4550 1055 4601; x_wconf 88' lang='grc' dir='ltr'>Πόση</span> <span class='ocrx_word' id='word_1_728' title='bbox 1108 4538 1196 4594; x_wconf 80' lang='grc' dir='ltr'>οὖν</span> <span class='ocrx_word' id='word_1_729' title='bbox 1230 4541 1368 4594; x_wconf 81' lang='grc' dir='ltr'>ἐστιν</span> <span class='ocrx_word' id='word_1_730' title='bbox 1421 4542 1450 4598; x_wconf 81' lang='grc' dir='ltr'>ἡ</span> <span class='ocrx_word' id='word_1_731' title='bbox 1485 4540 1662 4611; x_wconf 70' lang='grc' dir='ltr'>ψυχή,</span> <span class='ocrx_word' id='word_1_732' title='bbox 1697 4544 1786 4591; x_wconf 85' lang='grc' dir='ltr'>καὶ</span> <span class='ocrx_word' id='word_1_733' title='bbox 1816 4547 1925 4597; x_wconf 87' lang='grc' dir='ltr'>πῶς</span> 
     </span>
    </p>
   </div>
   <div class='ocr_carea' id='block_1_93' title="bbox 2042 4538 3680 4613">
    <p class='ocr_par' dir='ltr' id='par_1_93' title="bbox 2042 4541 3680 4613">
     <span class='ocr_line' id='line_1_94' title="bbox 2042 4541 3680 4613; baseline 0.004 -18"><span class='ocrx_word' id='word_1_734' title='bbox 2042 4541 2343 4613; x_wconf 89' lang='lat' dir='ltr'><strong>Siquidem</strong></span> <span class='ocrx_word' id='word_1_735' title='bbox 2369 4548 2425 4597; x_wconf 89' lang='lat' dir='ltr'><strong>et</strong></span> <span class='ocrx_word' id='word_1_736' title='bbox 2457 4545 2610 4596; x_wconf 91' lang='lat' dir='ltr'><strong>Deus</strong></span> <span class='ocrx_word' id='word_1_737' title='bbox 2638 4547 2693 4597; x_wconf 87' lang='lat' dir='ltr'><strong>et</strong></span> <span class='ocrx_word' id='word_1_738' title='bbox 2722 4542 2916 4611; x_wconf 90' lang='lat' dir='ltr'><strong>angeli</strong></span> <span class='ocrx_word' id='word_1_739' title='bbox 2941 4543 3095 4598; x_wconf 90' lang='lat' dir='ltr'><strong>hanc</strong></span> <span class='ocrx_word' id='word_1_740' title='bbox 3122 4551 3435 4600; x_wconf 89' lang='lat' dir='ltr'><strong>accersunt</strong></span> <span class='ocrx_word' id='word_1_741' title='bbox 3457 4547 3514 4600; x_wconf 91' lang='lat' dir='ltr'><strong>in</strong></span> <span class='ocrx_word' id='word_1_742' title='bbox 3536 4562 3680 4601; x_wconf 90' lang='lat' dir='ltr'><strong>con-</strong></span> 
     </span>
    </p>
   </div>
   <div class='ocr_carea' id='block_1_94' title="bbox 320 4628 1958 4705">
    <p class='ocr_par' dir='ltr' id='par_1_94' title="bbox 320 4628 1926 4705">
     <span class='ocr_line' id='line_1_95' title="bbox 320 4628 1926 4705; baseline -0.004 -20"><span class='ocrx_word' id='word_1_743' title='bbox 320 4639 588 4705; x_wconf 84' lang='grc' dir='ltr'>τετίμηται</span> <span class='ocrx_word' id='word_1_744' title='bbox 622 4636 721 4686; x_wconf 86' lang='grc' dir='ltr'>ύπό</span> <span class='ocrx_word' id='word_1_745' title='bbox 749 4640 841 4686; x_wconf 89' lang='grc' dir='ltr'><strong>τοῦ</strong></span> <span class='ocrx_word' id='word_1_746' title='bbox 870 4639 996 4687; x_wconf 89' lang='grc' dir='ltr'>Θεοῦ</span> <span class='ocrx_word' id='word_1_747' title='bbox 1030 4632 1042 4685; x_wconf 80' lang='lat' dir='ltr'><strong>l</strong></span> <span class='ocrx_word' id='word_1_748' title='bbox 1072 4633 1153 4684; x_wconf 88' lang='grc' dir='ltr'>ὅτι</span> <span class='ocrx_word' id='word_1_749' title='bbox 1182 4632 1206 4683; x_wconf 91' lang='lat'><strong>6</strong></span> <span class='ocrx_word' id='word_1_750' title='bbox 1231 4635 1357 4692; x_wconf 86' lang='grc' dir='ltr'>Θεὸς</span> <span class='ocrx_word' id='word_1_751' title='bbox 1384 4635 1474 4681; x_wconf 84' lang='grc' dir='ltr'>καὶ</span> <span class='ocrx_word' id='word_1_752' title='bbox 1494 4631 1541 4681; x_wconf 81' lang='grc' dir='ltr'>οἱ</span> <span class='ocrx_word' id='word_1_753' title='bbox 1570 4628 1782 4700; x_wconf 83' lang='grc' dir='ltr'>ἄγγελοι</span> <span class='ocrx_word' id='word_1_754' title='bbox 1803 4630 1926 4678; x_wconf 80' lang='grc' dir='ltr'>ταύ-</span> 
     </span>
    </p>
   </div>
   <div class='ocr_carea' id='block_1_95' title="bbox 2051 4628 3689 4705">
    <p class='ocr_par' dir='ltr' id='par_1_95' title="bbox 2051 4631 3689 4704">
     <span class='ocr_line' id='line_1_96' title="bbox 2051 4631 3689 4704; baseline 0.004 -21"><span class='ocrx_word' id='word_1_755' title='bbox 2051 4631 2280 4685; x_wconf 80' lang='lat' dir='ltr'><strong>tortium</strong></span> <span class='ocrx_word' id='word_1_756' title='bbox 2310 4638 2364 4686; x_wconf 82' lang='lat' dir='ltr'><strong>et</strong></span> <span class='ocrx_word' id='word_1_757' title='bbox 2385 4646 2638 4700; x_wconf 90' lang='lat' dir='ltr'><strong>regnum</strong></span> <span class='ocrx_word' id='word_1_758' title='bbox 2664 4646 2860 4685; x_wconf 91' lang='lat' dir='ltr'><strong>suum.</strong></span> <span class='ocrx_word' id='word_1_759' title='bbox 2897 4633 3150 4686; x_wconf 89' lang='lat' dir='ltr'><strong>Satanas</strong></span> <span class='ocrx_word' id='word_1_760' title='bbox 3187 4649 3323 4688; x_wconf 88' lang='lat' dir='ltr'><strong>vero</strong></span> <span class='ocrx_word' id='word_1_761' title='bbox 3347 4639 3402 4688; x_wconf 89' lang='lat' dir='ltr'><strong>et</strong></span> <span class='ocrx_word' id='word_1_762' title='bbox 3429 4639 3689 4704; x_wconf 76' lang='lat' dir='ltr'><strong>potesta-</strong></span> 
     </span>
    </p>
   </div>
   <div class='ocr_carea' id='block_1_96' title="bbox 325 4715 1963 4792">
    <p class='ocr_par' dir='ltr' id='par_1_96' title="bbox 325 4715 1919 4789">
     <span class='ocr_line' id='line_1_97' title="bbox 325 4715 1919 4789; baseline -0.003 -17"><span class='ocrx_word' id='word_1_763' title='bbox 325 4740 416 4779; x_wconf 91' lang='grc' dir='ltr'><strong>την</strong></span> <span class='ocrx_word' id='word_1_764' title='bbox 438 4723 775 4782; x_wconf 75' lang='grc' dir='ltr'>ἐπιζητοῦσιν</span> <span class='ocrx_word' id='word_1_765' title='bbox 799 4723 870 4785; x_wconf 86' lang='grc' dir='ltr'><strong>εἰς</strong></span> <span class='ocrx_word' id='word_1_766' title='bbox 898 4726 1168 4774; x_wconf 86' lang='grc' dir='ltr'>κοινωνίαν</span> <span class='ocrx_word' id='word_1_767' title='bbox 1203 4716 1366 4785; x_wconf 73' lang='grc' dir='ltr'>ἰδίαν,</span> <span class='ocrx_word' id='word_1_768' title='bbox 1406 4724 1496 4771; x_wconf 85' lang='grc' dir='ltr'>καὶ</span> <span class='ocrx_word' id='word_1_769' title='bbox 1527 4718 1597 4779; x_wconf 82' lang='grc' dir='ltr'>εἰς</span> <span class='ocrx_word' id='word_1_770' title='bbox 1625 4715 1919 4789; x_wconf 82' lang='grc' dir='ltr'>βασιλείαν.</span> 
     </span>
    </p>
   </div>
   <div class='ocr_carea' id='block_1_97' title="bbox 2048 4715 3686 4792">
    <p class='ocr_par' dir='ltr' id='par_1_97' title="bbox 2048 4719 3686 4792">
     <span class='ocr_line' id='line_1_98' title="bbox 2048 4719 3686 4792; baseline 0.004 -20"><span class='ocrx_word' id='word_1_771' title='bbox 2048 4735 2116 4775; x_wconf 82' lang='lat' dir='ltr'><strong>;es</strong></span> <span class='ocrx_word' id='word_1_772' title='bbox 2144 4720 2272 4790; x_wconf 90' lang='lat' dir='ltr'><strong>ejus</strong></span> <span class='ocrx_word' id='word_1_773' title='bbox 2302 4736 2438 4776; x_wconf 89' lang='lat' dir='ltr'><strong>eam</strong></span> <span class='ocrx_word' id='word_1_774' title='bbox 2490 4719 2833 4776; x_wconf 88' lang='lat' dir='ltr'><strong>desiderant</strong></span> <span class='ocrx_word' id='word_1_775' title='bbox 2869 4721 2948 4775; x_wconf 90' lang='lat' dir='ltr'><strong>ad</strong></span> <span class='ocrx_word' id='word_1_776' title='bbox 2986 4736 3162 4776; x_wconf 88' lang='lat' dir='ltr'><strong>suam</strong></span> <span class='ocrx_word' id='word_1_777' title='bbox 3209 4727 3441 4792; x_wconf 90' lang='lat' dir='ltr'><strong>partem</strong></span> <span class='ocrx_word' id='word_1_778' title='bbox 3475 4723 3686 4780; x_wconf 86' lang='lat' dir='ltr'><strong>tradu-</strong></span> 
     </span>
    </p>
   </div>
   <div class='ocr_carea' id='block_1_98' title="bbox 320 4805 2185 4882">
    <p class='ocr_par' dir='ltr' id='par_1_98' title="bbox 320 4805 2185 4882">
     <span class='ocr_line' id='line_1_99' title="bbox 320 4805 2185 4882; baseline -0.003 -21"><span class='ocrx_word' id='word_1_779' title='bbox 320 4808 380 4861; x_wconf 83' lang='grc' dir='ltr'>Ὀ</span> <span class='ocrx_word' id='word_1_780' title='bbox 408 4806 466 4862; x_wconf 75' lang='grc' dir='ltr'>δε</span> <span class='ocrx_word' id='word_1_781' title='bbox 489 4816 716 4871; x_wconf 85' lang='grc' dir='ltr'>Σατανᾶς</span> <span class='ocrx_word' id='word_1_782' title='bbox 752 4815 842 4862; x_wconf 83' lang='grc' dir='ltr'>καὶ</span> <span class='ocrx_word' id='word_1_783' title='bbox 873 4812 927 4861; x_wconf 90' lang='grc' dir='ltr'>αἱ</span> <span class='ocrx_word' id='word_1_784' title='bbox 955 4807 1198 4882; x_wconf 75' lang='grc' dir='ltr'>δυνάμεις</span> <span class='ocrx_word' id='word_1_785' title='bbox 1233 4809 1392 4862; x_wconf 80' lang='grc' dir='ltr'>αὐτοῦ</span> <span class='ocrx_word' id='word_1_786' title='bbox 1423 4811 1617 4864; x_wconf 87' lang='grc' dir='ltr'>ταύτην</span> <span class='ocrx_word' id='word_1_787' title='bbox 1650 4805 1923 4865; x_wconf 77' lang='grc' dir='ltr'>ἑπιζητοῦ-</span> <span class='ocrx_word' id='word_1_788' title='bbox 2033 4823 2185 4864; x_wconf 84' lang='lat' dir='ltr'><strong>cere.</strong></span> 
     </span>
    </p>
   </div>
   <div class='ocr_carea' id='block_1_99' title="bbox 327 4895 942 4972">
    <p class='ocr_par' dir='ltr' id='par_1_99' title="bbox 327 4895 942 4972">
     <span class='ocr_line' id='line_1_100' title="bbox 327 4895 942 4972; baseline 0.002 -20"><span class='ocrx_word' id='word_1_789' title='bbox 327 4918 408 4952; x_wconf 87' lang='grc' dir='ltr'><strong>σιν</strong></span> <span class='ocrx_word' id='word_1_790' title='bbox 437 4899 506 4960; x_wconf 80' lang='grc' dir='ltr'><strong>εἰς</strong></span> <span class='ocrx_word' id='word_1_791' title='bbox 531 4901 588 4950; x_wconf 88' lang='grc' dir='ltr'>τὸ</span> <span class='ocrx_word' id='word_1_792' title='bbox 613 4895 748 4951; x_wconf 79' lang='grc' dir='ltr'>ἴδιον</span> <span class='ocrx_word' id='word_1_793' title='bbox 771 4903 942 4972; x_wconf 86' lang='grc' dir='ltr'>μέρος.</span> 
     </span>
    </p>
   </div>
   <div class='ocr_carea' id='block_1_100' title="bbox 396 5017 2034 5098">
    <p class='ocr_par' dir='ltr' id='par_1_100' title="bbox 396 5017 1922 5096">
     <span class='ocr_line' id='line_1_101' title="bbox 396 5017 1922 5096; baseline -0.004 -19"><span class='ocrx_word' id='word_1_794' title='bbox 396 5023 528 5077; x_wconf 86' lang='grc' dir='ltr'><strong>ΜΕ’.</strong></span> <span class='ocrx_word' id='word_1_795' title='bbox 583 5023 668 5085; x_wconf 76' lang='grc' dir='ltr'>Ὠς</span> <span class='ocrx_word' id='word_1_796' title='bbox 723 5025 824 5096; x_wconf 81' lang='grc' dir='ltr'>γὰρ</span> <span class='ocrx_word' id='word_1_797' title='bbox 865 5021 912 5074; x_wconf 75' lang='grc' dir='ltr'>ἐν</span> <span class='ocrx_word' id='word_1_798' title='bbox 980 5029 1088 5083; x_wconf 85' lang='grc' dir='ltr'>τοῖς</span> <span class='ocrx_word' id='word_1_799' title='bbox 1132 5025 1456 5094; x_wconf 77' lang='grc' dir='ltr'>φαινομένοις</span> <span class='ocrx_word' id='word_1_800' title='bbox 1500 5023 1525 5073; x_wconf 94' lang='lat'><strong>6</strong></span> <span class='ocrx_word' id='word_1_801' title='bbox 1568 5017 1815 5093; x_wconf 83' lang='grc' dir='ltr'>βασιλεὺς</span> <span class='ocrx_word' id='word_1_802' title='bbox 1863 5019 1922 5070; x_wconf 86' lang='grc' dir='ltr'><strong>ού</strong></span> 
     </span>
    </p>
   </div>
   <div class='ocr_carea' id='block_1_101' title="bbox 2046 5017 3684 5098">
    <p class='ocr_par' dir='ltr' id='par_1_101' title="bbox 2103 5021 3684 5098">
     <span class='ocr_line' id='line_1_102' title="bbox 2103 5021 3684 5098; baseline 0.004 -21"><span class='ocrx_word' id='word_1_803' title='bbox 2103 5022 2250 5077; x_wconf 85' lang='lat' dir='ltr'><strong>XLV.</strong></span> <span class='ocrx_word' id='word_1_804' title='bbox 2285 5021 2808 5087; x_wconf 87' lang='lat' dir='ltr'><strong>Quemadmodum</strong></span> <span class='ocrx_word' id='word_1_805' title='bbox 2833 5037 2971 5078; x_wconf 89' lang='lat' dir='ltr'><strong>vero</strong></span> <span class='ocrx_word' id='word_1_806' title='bbox 3003 5021 3061 5079; x_wconf 91' lang='lat' dir='ltr'><strong>in</strong></span> <span class='ocrx_word' id='word_1_807' title='bbox 3094 5022 3273 5079; x_wconf 87' lang='lat' dir='ltr'><strong>rebus</strong></span> <span class='ocrx_word' id='word_1_808' title='bbox 3307 5024 3459 5081; x_wconf 86' lang='lat' dir='ltr'><strong>visui</strong></span> <span class='ocrx_word' id='word_1_809' title='bbox 3489 5026 3684 5098; x_wconf 86' lang='lat' dir='ltr'><strong>subje-</strong></span> 
     </span>
    </p>
   </div>
   <div class='ocr_carea' id='block_1_102' title="bbox 328 5109 1966 5185">
    <p class='ocr_par' dir='ltr' id='par_1_102' title="bbox 328 5109 1922 5183">
     <span class='ocr_line' id='line_1_103' title="bbox 328 5109 1922 5183; baseline -0.004 -16"><span class='ocrx_word' id='word_1_810' title='bbox 328 5111 650 5167; x_wconf 85' lang='grc' dir='ltr'>διακονεῖται</span> <span class='ocrx_word' id='word_1_811' title='bbox 708 5113 807 5165; x_wconf 87' lang='grc' dir='ltr'>ύπὸ</span> <span class='ocrx_word' id='word_1_812' title='bbox 879 5110 1205 5182; x_wconf 87' lang='grc' dir='ltr'>ἀγελημαίων</span> <span class='ocrx_word' id='word_1_813' title='bbox 1282 5111 1584 5183; x_wconf 85' lang='grc' dir='ltr'>ἀνθρώπων,</span> <span class='ocrx_word' id='word_1_814' title='bbox 1663 5109 1770 5161; x_wconf 80' lang='grc' dir='ltr'>ἀλλ’</span> <span class='ocrx_word' id='word_1_815' title='bbox 1822 5110 1922 5160; x_wconf 79' lang='grc' dir='ltr'><strong>ὑπὸ</strong></span> 
     </span>
    </p>
   </div>
   <div class='ocr_carea' id='block_1_103' title="bbox 2047 5109 3685 5185">
    <p class='ocr_par' dir='ltr' id='par_1_103' title="bbox 2047 5109 3685 5185">
     <span class='ocr_line' id='line_1_104' title="bbox 2047 5109 3685 5185; baseline 0.004 -21"><span class='ocrx_word' id='word_1_816' title='bbox 2047 5110 2161 5174; x_wconf 78' lang='lat' dir='ltr'><strong>:tis,</strong></span> <span class='ocrx_word' id='word_1_817' title='bbox 2196 5125 2295 5164; x_wconf 87' lang='lat' dir='ltr'><strong>rex</strong></span> <span class='ocrx_word' id='word_1_818' title='bbox 2331 5109 2493 5164; x_wconf 91' lang='lat' dir='ltr'><strong>nulla</strong></span> <span class='ocrx_word' id='word_1_819' title='bbox 2525 5110 2850 5165; x_wconf 87' lang='lat' dir='ltr'><strong>ministeria</strong></span> <span class='ocrx_word' id='word_1_820' title='bbox 2882 5111 3178 5181; x_wconf 84' lang='lat' dir='ltr'><strong>recipitab</strong></span> <span class='ocrx_word' id='word_1_821' title='bbox 3195 5113 3540 5170; x_wconf 90' lang='lat' dir='ltr'><strong>hominibus</strong></span> <span class='ocrx_word' id='word_1_822' title='bbox 3559 5130 3685 5185; x_wconf 86' lang='lat' dir='ltr'><strong>gre-</strong></span> 
     </span>
    </p>
   </div>
   <div class='ocr_carea' id='block_1_104' title="bbox 329 5196 1967 5276">
    <p class='ocr_par' dir='ltr' id='par_1_104' title="bbox 329 5196 1923 5276">
     <span class='ocr_line' id='line_1_105' title="bbox 329 5196 1923 5276; baseline -0.004 -21"><span class='ocrx_word' id='word_1_823' title='bbox 329 5207 528 5276; x_wconf 80' lang='grc' dir='ltr'>ὡραίων</span> <span class='ocrx_word' id='word_1_824' title='bbox 564 5208 653 5256; x_wconf 82' lang='grc' dir='ltr'>καὶ</span> <span class='ocrx_word' id='word_1_825' title='bbox 708 5201 877 5264; x_wconf 85' lang='grc' dir='ltr'>καλῶς</span> <span class='ocrx_word' id='word_1_826' title='bbox 927 5196 1366 5271; x_wconf 83' lang='grc' dir='ltr'>πεπαιδευμένων,</span> <span class='ocrx_word' id='word_1_827' title='bbox 1414 5199 1547 5251; x_wconf 84' lang='grc' dir='ltr'>ούτω</span> <span class='ocrx_word' id='word_1_828' title='bbox 1604 5204 1690 5250; x_wconf 81' lang='grc' dir='ltr'>καὶ</span> <span class='ocrx_word' id='word_1_829' title='bbox 1750 5198 1815 5258; x_wconf 86' lang='grc' dir='ltr'><strong>εἰς</strong></span> <span class='ocrx_word' id='word_1_830' title='bbox 1865 5200 1923 5249; x_wconf 88' lang='grc' dir='ltr'><strong>τό</strong></span> 
     </span>
    </p>
   </div>
   <div class='ocr_carea' id='block_1_105' title="bbox 2033 5196 3671 5276">
    <p class='ocr_par' dir='ltr' id='par_1_105' title="bbox 2035 5197 3671 5272">
     <span class='ocr_line' id='line_1_106' title="bbox 2035 5197 3671 5272; baseline 0.004 -20"><span class='ocrx_word' id='word_1_831' title='bbox 2035 5214 2139 5269; x_wconf 88' lang='lat' dir='ltr'><strong>ges</strong></span> <span class='ocrx_word' id='word_1_832' title='bbox 2170 5197 3152 5271; x_wconf 88' lang='lat' dir='ltr'><strong>pascentibus,sedabspeciosiset</strong></span> <span class='ocrx_word' id='word_1_833' title='bbox 3182 5202 3404 5272; x_wconf 90' lang='lat' dir='ltr'><strong>optime</strong></span> <span class='ocrx_word' id='word_1_834' title='bbox 3444 5204 3671 5258; x_wconf 89' lang='lat' dir='ltr'><strong>institu-</strong></span> 
     </span>
    </p>
   </div>
   <div class='ocr_carea' id='block_1_106' title="bbox 325 5285 1963 5368">
    <p class='ocr_par' dir='ltr' id='par_1_106' title="bbox 325 5285 1925 5368">
     <span class='ocr_line' id='line_1_107' title="bbox 325 5285 1925 5368; baseline -0.004 -23"><span class='ocrx_word' id='word_1_835' title='bbox 325 5296 628 5368; x_wconf 77' lang='grc' dir='ltr'>ἓπουράνιον</span> <span class='ocrx_word' id='word_1_836' title='bbox 684 5293 934 5346; x_wconf 89' lang='grc' dir='ltr'>παλάτιον</span> <span class='ocrx_word' id='word_1_837' title='bbox 991 5290 1172 5343; x_wconf 73' lang='grc' dir='ltr'>ἐκεῖνοι</span> <span class='ocrx_word' id='word_1_838' title='bbox 1229 5285 1539 5342; x_wconf 79' lang='grc' dir='ltr'>διακονοῦσι</span> <span class='ocrx_word' id='word_1_839' title='bbox 1577 5296 1649 5359; x_wconf 85' lang='grc' dir='ltr'>τῷ</span> <span class='ocrx_word' id='word_1_840' title='bbox 1707 5287 1925 5359; x_wconf 71' lang='grc' dir='ltr'>ἐπουρα-</span> 
     </span>
    </p>
   </div>
   <div class='ocr_carea' id='block_1_107' title="bbox 2047 5285 3685 5368">
    <p class='ocr_par' dir='ltr' id='par_1_107' title="bbox 2047 5286 3685 5357">
     <span class='ocr_line' id='line_1_108' title="bbox 2047 5286 3685 5357; baseline 0.003 -15"><span class='ocrx_word' id='word_1_841' title='bbox 2047 5287 2108 5342; x_wconf 76' lang='lat' dir='ltr'><strong>tis</strong></span> <span class='ocrx_word' id='word_1_842' title='bbox 2144 5303 2155 5339; x_wconf 90' lang='lat'>:</span> <span class='ocrx_word' id='word_1_843' title='bbox 2187 5288 2270 5340; x_wconf 89' lang='lat' dir='ltr'><strong>sic</strong></span> <span class='ocrx_word' id='word_1_844' title='bbox 2307 5287 2442 5341; x_wconf 90' lang='lat' dir='ltr'><strong>etin</strong></span> <span class='ocrx_word' id='word_1_845' title='bbox 2482 5286 2702 5341; x_wconf 75' lang='lat' dir='ltr'><strong>cmlesti</strong></span> <span class='ocrx_word' id='word_1_846' title='bbox 2744 5287 2962 5357; x_wconf 91' lang='lat' dir='ltr'><strong>palatio</strong></span> <span class='ocrx_word' id='word_1_847' title='bbox 2994 5287 3075 5342; x_wconf 90' lang='lat' dir='ltr'><strong>illi</strong></span> <span class='ocrx_word' id='word_1_848' title='bbox 3110 5290 3685 5347; x_wconf 75' lang='lat' dir='ltr'><strong>ministrantcmlesti</strong></span> 
     </span>
    </p>
   </div>
   <div class='ocr_carea' id='block_1_108' title="bbox 329 5374 1967 5456">
    <p class='ocr_par' dir='ltr' id='par_1_108' title="bbox 329 5377 1925 5456">
     <span class='ocr_line' id='line_1_109' title="bbox 329 5377 1925 5456; baseline -0.004 -22"><span class='ocrx_word' id='word_1_849' title='bbox 329 5387 417 5454; x_wconf 85' lang='grc' dir='ltr'><strong>νίῳ</strong></span> <span class='ocrx_word' id='word_1_850' title='bbox 449 5382 684 5456; x_wconf 85' lang='grc' dir='ltr'>βασιλεῖ,</span> <span class='ocrx_word' id='word_1_851' title='bbox 744 5382 792 5434; x_wconf 85' lang='grc' dir='ltr'>οἰ</span> <span class='ocrx_word' id='word_1_852' title='bbox 835 5383 1065 5454; x_wconf 81' lang='grc' dir='ltr'>ἄμωμοι,</span> <span class='ocrx_word' id='word_1_853' title='bbox 1121 5381 1170 5432; x_wconf 84' lang='grc' dir='ltr'>οἱ</span> <span class='ocrx_word' id='word_1_854' title='bbox 1204 5377 1560 5442; x_wconf 85' lang='grc' dir='ltr'>ἀνεπίληπτοι,</span> <span class='ocrx_word' id='word_1_855' title='bbox 1616 5380 1663 5429; x_wconf 85' lang='grc' dir='ltr'>οἱ</span> <span class='ocrx_word' id='word_1_856' title='bbox 1704 5379 1925 5448; x_wconf 82' lang='grc' dir='ltr'>καθαροὶ</span> 
     </span>
    </p>
   </div>
   <div class='ocr_carea' id='block_1_109' title="bbox 2044 5374 3682 5456">
    <p class='ocr_par' dir='ltr' id='par_1_109' title="bbox 2044 5374 3682 5446">
     <span class='ocr_line' id='line_1_110' title="bbox 2044 5374 3682 5446; baseline 0.002 -16"><span class='ocrx_word' id='word_1_857' title='bbox 2044 5377 2179 5445; x_wconf 88' lang='lat' dir='ltr'><strong>regi,</strong></span> <span class='ocrx_word' id='word_1_858' title='bbox 2212 5374 2315 5446; x_wconf 91' lang='lat' dir='ltr'><strong>qui</strong></span> <span class='ocrx_word' id='word_1_859' title='bbox 2346 5376 2509 5430; x_wconf 90' lang='lat' dir='ltr'><strong>omni</strong></span> <span class='ocrx_word' id='word_1_860' title='bbox 2540 5375 2717 5445; x_wconf 92' lang='lat' dir='ltr'><strong>culpa</strong></span> <span class='ocrx_word' id='word_1_861' title='bbox 2741 5382 2798 5430; x_wconf 89' lang='lat' dir='ltr'><strong>et</strong></span> <span class='ocrx_word' id='word_1_862' title='bbox 2820 5377 3280 5446; x_wconf 90' lang='lat' dir='ltr'><strong>reprehensione</strong></span> <span class='ocrx_word' id='word_1_863' title='bbox 3306 5385 3588 5434; x_wconf 87' lang='lat' dir='ltr'><strong>vacantes</strong></span> <span class='ocrx_word' id='word_1_864' title='bbox 3612 5395 3682 5434; x_wconf 89' lang='lat' dir='ltr'><strong>ac</strong></span> 
     </span>
    </p>
   </div>
   <div class='ocr_carea' id='block_1_110' title="bbox 332 5463 1970 5548">
    <p class='ocr_par' dir='ltr' id='par_1_110' title="bbox 332 5467 1926 5548">
     <span class='ocr_line' id='line_1_111' title="bbox 332 5467 1926 5548; baseline -0.004 -24"><span class='ocrx_word' id='word_1_865' title='bbox 332 5477 425 5532; x_wconf 87' lang='grc' dir='ltr'><strong>τήν</strong></span> <span class='ocrx_word' id='word_1_866' title='bbox 463 5470 717 5548; x_wconf 76' lang='grc' dir='ltr'>καρδίαν.</span> <span class='ocrx_word' id='word_1_867' title='bbox 751 5477 852 5526; x_wconf 80' lang='grc' dir='ltr'><strong>Καὶ</strong></span> <span class='ocrx_word' id='word_1_868' title='bbox 905 5473 1078 5545; x_wconf 86' lang='grc' dir='ltr'>ὥσπερ</span> <span class='ocrx_word' id='word_1_869' title='bbox 1112 5468 1160 5522; x_wconf 83' lang='grc' dir='ltr'>ἐν</span> <span class='ocrx_word' id='word_1_870' title='bbox 1215 5476 1285 5541; x_wconf 83' lang='grc' dir='ltr'>τῷ</span> <span class='ocrx_word' id='word_1_871' title='bbox 1332 5467 1591 5540; x_wconf 84' lang='grc' dir='ltr'>παλατίῳ,</span> <span class='ocrx_word' id='word_1_872' title='bbox 1623 5467 1810 5540; x_wconf 82' lang='grc' dir='ltr'>ὡραῖαι</span> <span class='ocrx_word' id='word_1_873' title='bbox 1843 5469 1926 5518; x_wconf 87' lang='grc' dir='ltr'>κό-</span> 
     </span>
    </p>
   </div>
   <div class='ocr_carea' id='block_1_111' title="bbox 2048 5463 3686 5548">
    <p class='ocr_par' dir='ltr' id='par_1_111' title="bbox 2048 5463 3686 5539">
     <span class='ocr_line' id='line_1_112' title="bbox 2048 5463 3686 5539; baseline 0.004 -20"><span class='ocrx_word' id='word_1_874' title='bbox 2048 5463 2172 5536; x_wconf 79' lang='lat' dir='ltr'><strong>puri</strong></span> <span class='ocrx_word' id='word_1_875' title='bbox 2202 5463 2401 5520; x_wconf 89' lang='lat' dir='ltr'><strong>cordis</strong></span> <span class='ocrx_word' id='word_1_876' title='bbox 2440 5469 2596 5520; x_wconf 88' lang='lat' dir='ltr'><strong>sunt.</strong></span> <span class='ocrx_word' id='word_1_877' title='bbox 2626 5465 2693 5518; x_wconf 87' lang='lat' dir='ltr'><strong>Et</strong></span> <span class='ocrx_word' id='word_1_878' title='bbox 2715 5465 3232 5536; x_wconf 88' lang='lat' dir='ltr'><strong>quemadmodum</strong></span> <span class='ocrx_word' id='word_1_879' title='bbox 3259 5466 3319 5522; x_wconf 92' lang='lat' dir='ltr'><strong>in</strong></span> <span class='ocrx_word' id='word_1_880' title='bbox 3343 5467 3562 5539; x_wconf 89' lang='lat' dir='ltr'><strong>palatio</strong></span> <span class='ocrx_word' id='word_1_881' title='bbox 3594 5482 3686 5525; x_wconf 83' lang='lat' dir='ltr'><strong>ve-</strong></span> 
     </span>
    </p>
   </div>
   <div class='ocr_carea' id='block_1_112' title="bbox 419 5632 2723 5713">
    <p class='ocr_par' dir='ltr' id='par_1_112' title="bbox 419 5632 2723 5713">
     <span class='ocr_line' id='line_1_113' title="bbox 419 5632 2723 5713; baseline -0.004 -15"><span class='ocrx_word' id='word_1_882' title='bbox 419 5643 468 5679; x_wconf 82' lang='grc'>⁷²</span> <span class='ocrx_word' id='word_1_883' title='bbox 500 5643 674 5702; x_wconf 83' lang='lat' dir='ltr'><strong>Joan.</strong></span> <span class='ocrx_word' id='word_1_884' title='bbox 715 5657 800 5713; x_wconf 82' lang='grc' dir='ltr'>ιιι,</span> <span class='ocrx_word' id='word_1_885' title='bbox 828 5643 896 5698; x_wconf 81' lang='grc'><strong>16</strong></span> <span class='ocrx_word' id='word_1_886' title='bbox 930 5656 945 5709; x_wconf 87' lang='grc'>;</span> <span class='ocrx_word' id='word_1_887' title='bbox 987 5643 1158 5700; x_wconf 82' lang='lat' dir='ltr'><strong>Rom.</strong></span> <span class='ocrx_word' id='word_1_888' title='bbox 1202 5638 1326 5706; x_wconf 83' lang='lat' dir='ltr'><strong>vni,</strong></span> <span class='ocrx_word' id='word_1_889' title='bbox 1353 5637 1440 5694; x_wconf 84' lang='lat'><strong>32.</strong></span> <span class='ocrx_word' id='word_1_890' title='bbox 1519 5635 1565 5670; x_wconf 84' lang='grc'><strong>⁷³</strong></span> <span class='ocrx_word' id='word_1_891' title='bbox 1606 5633 1801 5693; x_wconf 77' lang='lat' dir='ltr'><strong>Matth.</strong></span> <span class='ocrx_word' id='word_1_892' title='bbox 1829 5650 1982 5702; x_wconf 74' lang='lat' dir='ltr'><strong>xxxv,</strong></span> <span class='ocrx_word' id='word_1_893' title='bbox 2010 5637 2096 5692; x_wconf 83' lang='lat'><strong>27.</strong></span> <span class='ocrx_word' id='word_1_894' title='bbox 2174 5633 2222 5669; x_wconf 72' lang='lat'><strong>7‘</strong></span> <span class='ocrx_word' id='word_1_895' title='bbox 2248 5632 2316 5690; x_wconf 74' lang='grc' dir='ltr'><strong>ιν</strong></span> <span class='ocrx_word' id='word_1_896' title='bbox 2347 5635 2484 5704; x_wconf 85' lang='lat' dir='ltr'><strong>Reg.</strong></span> <span class='ocrx_word' id='word_1_897' title='bbox 2516 5650 2592 5702; x_wconf 71' lang='grc' dir='ltr'>γι,</span> <span class='ocrx_word' id='word_1_898' title='bbox 2638 5637 2723 5689; x_wconf 81' lang='lat' dir='ltr'><strong>I7.</strong></span> 
     </span>
    </p>
   </div>
  </div>
