4148 6262
536 291 640 347 607

1836 274 1897 332 S.
1939 271 2245 332 MACARII
2283 265 2590 329 IEGYP’I‘II

3784 283 3890 345 608

536 422 726 472 nustte
764 404 1642 485 quaequepuellmpmnislabis
1674 419 1744 459 ac
1769 399 2165 473 reprehensio-

2302 417 2410 469 ραι,
2440 403 2529 452 καὶ
2579 405 2649 472 μὴ
2683 404 2907 472 ἔχουσαι
2958 409 3136 476 μῶμον
3186 424 3318 470 τινα,
3377 405 3739 463 εύειδέσταται
3768 409 3901 464 ἰκεῖ-

535 505 629 560 nis
645 508 935 575 expertes.
955 497 1412 571 speciosissimte
1425 494 1661 558 scilicet,
1676 491 1853 560 regias
1882 488 2174 545 societatis

533 593 854 665 participes
876 591 1025 644 ﬁunt
1058 606 1070 643 :
1107 589 1189 642 sic
1219 601 1458 658 quoque
1506 584 1564 637 in
1593 579 1886 653 spirituali
1921 577 2164 650 palatio,

536 683 774 745 animae,
805 696 940 751 quae
968 677 1130 732 omni
1160 675 1438 729 virtutum
1469 672 1764 727 bonarum
1793 684 2006 738 genere
2033 670 2178 721 sunt

536 775 856 833 exornatae,
886 767 1228 822 societatem
1261 763 1464 817 ineunt
1494 777 1629 815 cum
1663 757 1888 813 caelesti
1914 771 2070 826 rege.
2108 758 2170 809 In

535 860 735 926 rebus,
767 872 901 929 quae
951 854 1098 908 visui
1126 857 1350 924 patent,
1379 851 1426 904 si
1458 849 1536 904 ad
1566 849 1817 903 domum
1845 843 2178 917 quamdam

532 945 990 1004 inhabitandam
1019 943 1294 1014 princeps
1334 939 1529 1002 abeat,
1573 953 1708 1008 quae
1737 934 2016 990 sordibus
2055 932 2182 1003 qui-

533 1037 791 1093 busdam
824 1033 1138 1089 contractis
1172 1031 1410 1100 impura
1453 1029 1542 1092 sit,
1575 1023 2076 1097 praaparaturilla,
2111 1037 2181 1077 ac

531 1128 698 1182 vario
746 1131 993 1181 ornatus
1043 1136 1256 1194 genere
1310 1118 1641 1181 instruitur,
1690 1115 1893 1170 effusis
1938 1128 2180 1184 quoque

533 1215 902 1273 aromatibus
937 1233 948 1266 :
983 1218 1208 1284 quanto
1241 1208 1453 1279 majori
1476 1206 1694 1260 domus
1713 1205 1951 1267 animae,
1985 1202 2181 1272 inqua

535 1306 821 1361 Dominus
852 1295 1676 1373 requiescit,ornatuindiget,
1693 1292 1930 1348 utillam
1948 1291 2180 1360 ingredi

490 1422 492 1426 ν
533 1394 741 1467 possit,
803 1398 858 1447 et
902 1391 982 1445 ibi
1030 1388 1398 1459 requiescere
1453 1386 1519 1447 is,
1561 1383 1668 1454 qui
1716 1381 2179 1453 reprehensione

532 1484 718 1547 nulla,
755 1498 864 1537 nec
909 1478 1166 1540 macula,
1197 1492 1305 1532 nec
1336 1475 1471 1530 labe
1503 1489 1606 1528 seu
1639 1487 1810 1528 naevo
1843 1471 2033 1525 notari
2076 1485 2180 1541 po-

532 1577 645 1628 test
678 1572 689 1625 ε
722 1575 783 1625 In
836 1567 1183 1639 hujusmodi
1243 1565 1402 1620 enim
1444 1562 1622 1618 corde
1661 1566 1786 1616 tum
1844 1563 2016 1623 Deus,
2051 1563 2178 1614 tum

534 1661 813 1716 universa
839 1655 1096 1713 caelestis
1118 1653 1375 1709 Ecclesia
1401 1649 1736 1724 requiescit.

601 1786 782 1842 XLVI.
823 1787 1102 1839 Praeterea
1155 1780 1215 1834 in
1257 1778 1455 1841 rebus,
1487 1793 1621 1848 quae
1671 1775 1817 1830 aciei
1865 1773 2176 1830 oculorum

532 1879 752 1947 patent,
785 1873 832 1927 si
861 1876 1025 1943 pater
1055 1868 1353 1940 quispiam
1385 1864 1685 1936 possideat
1724 1863 1906 1927 bona,
1941 1866 1996 1917 et
2027 1862 2177 1916 inter

525 1965 654 2019 haec
679 1960 1020 2017 diademata
1038 1958 1255 2013 habeat
1281 1972 1349 2010 ac
1376 1953 1606 2024 lapides
1629 1952 1938 2024 pretiosos,
1958 1951 2085 2006 haec
2115 1951 2174 2006 in

527 2051 860 2108 conditoria
888 2049 1136 2119 reponit,
1174 2051 1226 2099 et
1247 2047 1510 2098 reservat
1530 2041 1648 2096 ﬁlio
1682 2058 1814 2108 suo,
1849 2041 1939 2095 cui
1976 2040 2174 2096 ealar-

528 2143 756 2211 giturus
786 2145 900 2194 est:
920 2139 1004 2190 sic
1018 2150 1258 2206 quoque
1291 2133 1442 2186 Deus
1470 2131 1908 2202 possessionem
1923 2130 2174 2199 quicum

524 2231 706 2286 rebus
747 2229 869 2282 suis
903 2225 1174 2296 pretiosis
1190 2220 1556 2276 concredidit
1577 2219 1814 2273 animae.
1835 2217 2172 2273 Tandemin

523 2319 704 2374 rebus
733 2314 1084 2377 visibilibns,
1103 2312 1149 2366 si
1177 2310 1475 2366 exoriatur
1497 2307 1740 2371 bellum,
1757 2313 1809 2361 et
1835 2307 2174 2362 veneritrex

526 2425 662 2463 cum
692 2405 949 2461 exercitu
982 2418 1089 2457 suo
1112 2402 1186 2455 ad
1225 2398 1675 2461 decertandum,
1709 2396 1943 2466 sintque
1975 2401 2173 2466 partes

525 2497 643 2566 66
658 2496 785 2565 ejus
801 2495 1184 2555 minores,aut
1200 2485 1927 2550 imbecilliores,continuo
1941 2484 2170 2553 legatos

524 2585 718 2648 mittit,
753 2583 825 2637 ad
861 2579 1196 2650 rogandum
1242 2592 1310 2630 ea
1349 2591 1483 2647 quae
1533 2574 1759 2629 faciunt
1810 2573 1885 2628 ad
1934 2589 2167 2645 pacem.

527 2674 583 2729 Si
625 2689 763 2727 vero
790 2686 934 2739 gens
952 2667 1214 2724 maxima
1227 2681 1364 2720 cum
1387 2663 1602 2734 aequali
1619 2661 1961 2717 conﬂictum
1989 2664 2166 2728 ineat,

525 2762 720 2832 sitque
738 2776 837 2815 rex
864 2775 996 2812 cum
1032 2771 1187 2825 rege,
1220 2769 1340 2818 rex,
1375 2753 1646 2823 inquam,
1684 2753 1996 2805 Persarum
2031 2768 2167 2808 cum

522 2866 659 2919 rege
691 2852 1111 2909 Romanorum,
1145 2839 1939 2915 oportetomninohosreges
1954 2841 2029 2895 ad
2045 2840 2169 2896 bel-

520 2939 645 2993 lum
687 2934 1046 2992 commoveri
1079 2948 1213 2987 cum
1249 2929 1414 2984 omni
1444 2929 1704 2983 exercitu
1734 2943 1802 2983 ac
1824 2928 2003 2982 milite
2030 2944 2155 2984 suo.

521 3027 822 3098 Perpende
853 3038 993 3092 ergo
1015 3026 1236 3093 quanta
1272 3023 1369 3073 tua
1411 3018 1482 3072 sit
1521 3017 1803 3086 dignitas,
1830 3032 1969 3071 cum
2017 3019 2164 3072 Deus

2291 509 2378 540 ναι
2434 489 2505 550 εἰς
2549 496 2816 543 κοινωνίαν
2861 491 3120 564 βασιλέων
3165 494 3489 571 ἀπέρχονται
3519 516 3532 529 ·
3583 499 3748 561 οὕτως
3807 505 3898 554 καὶ

2293 577 2365 639 εἰς
2394 581 2451 630 τὸ
2482 584 2845 651 πνευματικὸν,
2879 581 3059 653 ψυχαὶ
3117 586 3170 636 αἱ
3219 583 3267 636 ἐν
3319 591 3454 638 πᾶσι
3511 592 3723 661 τρόποις
3763 588 3900 661 ἀγα-

2297 669 2407 729 θοίς
2464 675 2869 742 κεκοσμημέναι,
2930 672 3085 724 αὗται
3129 682 3437 727 κοινωνοῦσι
3486 684 3556 748 τῷ
3605 681 3896 750 ξπουρανίῳ

2295 754 2524 827 βασιλεῖ.
2566 758 2654 819 Εἰς
2694 763 2752 811 τὸ
2793 765 3111 833 φαινόμενον,
3173 764 3300 815 ὅπου
3361 763 3650 837 ἀπέρχεται
3712 766 3895 840 ἅρχων

2291 853 2482 916 μεῖναι,
2539 853 2627 899 καὶ
2672 849 2946 920 συμϐαίνει
2998 853 3192 910 ἐκείνην
3251 858 3343 912 τὴν
3380 855 3548 906 οἰκίαν
3588 858 3730 927 ἔχειν
3769 856 3895 910 ἀκα-

2297 937 2515 1005 θαρσίαν
2560 939 2693 1002 τινὰ,
2746 941 3120 1012 εύτρεπίζέται,
3183 946 3274 994 καὶ
3325 940 3683 1016 διακόσμησις
3729 946 3889 1005 πολλὴ

2293 1027 2512 1093 γίνεται,
2547 1031 2636 1078 καὶ
2677 1027 2927 1101 ἀρώματα
2980 1031 3239 1102 ἐκχεῖται.
3286 1037 3440 1104 Πόσῳ
3479 1034 3670 1106 μᾶλλον
3695 1037 3720 1087 6
3751 1033 3892 1097 οἶκος

2292 1119 2388 1172 τῆς
2417 1114 2624 1185 ψυχῆς,
2668 1116 2738 1178 εἰς
2766 1117 2820 1168 ὃν
2873 1120 2897 1170 6
2932 1122 3114 1191 Κύριος
3146 1119 3487 1188 ἀναπαύεται,
3540 1123 3733 1186 πολλῆς
3766 1121 3891 1178 δια-

2292 1209 2603 1274 κοσμήσεως
2673 1207 2888 1280 χρῄζει,
2952 1210 3033 1260 ῖνα
3105 1207 3306 1283 δυνηθῇ
3363 1213 3466 1264 ἐκεῖ
3513 1212 3753 1266 εἰσελθεῖν
3800 1215 3892 1266 καί

2293 1289 2590 1351 ἀναπαῆναι
2620 1295 2645 1345 6
2683 1295 2926 1363 ἄσπιλος,
2981 1299 3006 1349 6
3057 1299 3317 1372 ἄμωμοςί
3375 1301 3442 1361 εἰς
3490 1303 3592 1374 γὰρ
3641 1306 3890 1361 τοιαύτην

2291 1377 2514 1452 καρδίαν
2555 1385 2579 1434 ὁ
2643 1388 2794 1450 Θεὸς,
2859 1390 2949 1438 καὶ
2996 1387 3086 1445 ὅλη
3137 1390 3166 1446 ἡ
3225 1388 3545 1462 ἐπουράνιος.
3607 1391 3896 1450 Ἐκκλησία

2289 1488 2694 1526 επαναπαυεται.

2215 1743 2254 1796 Β
2357 1772 2485 1837 Μς-’.
2521 1772 2601 1825 Ἐν
2641 1781 2750 1836 τοῖς
2789 1779 3130 1847 φαινομένοις,
3183 1778 3266 1829 ἑαν
3323 1779 3423 1850 ἔχῃ
3475 1783 3646 1852 πατὴρ
3678 1786 3885 1853 κτήμα-

2286 1881 2369 1926 τα,
2413 1864 2512 1934 ἔχῃ
2547 1859 2605 1914 δὲ
2644 1868 2732 1915 καὶ
2764 1860 3075 1936 διαδήματα
3130 1870 3219 1918 καὶ
3248 1865 3422 1929 λίθους
3462 1873 3682 1939 τιμίους,
3716 1878 3887 1924 ταῦτα

2287 1951 2357 2011 εἰς
2423 1954 2592 2011 οἴκους
2659 1951 2939 2014 ἀποθέτους
2996 1956 3231 2027 κρύπτει,
3287 1961 3376 2007 καὶ
3455 1959 3754 2028 ταμιεύεται
3811 1968 3884 2029 τῷ

2287 2038 2542 2110 ἀγαπητῷ
2591 2041 2750 2093 αὐτοῦ
2799 2044 2916 2112 υἱῷ,
2969 2046 3187 2114 κάκείνῳ
3251 2039 3476 2097 δίδωσιν
3517 2045 3651 2098 αύτά
3683 2064 3696 2078 ·
3749 2048 3884 2101 οὕτω

2285 2134 2374 2180 καὶ
2404 2130 2427 2180 6
2456 2133 2583 2191 Θεὸς
2615 2134 2707 2188 τὴν
2739 2130 2924 2183 ἑαυτοῦ
2973 2140 3162 2191 κτῆσιν
3205 2137 3332 2204 μετά
3384 2143 3482 2186 τῶν
3518 2132 3666 2187 ἰδίων
3696 2143 3884 2208 τιμίων

2285 2216 2614 2270 ἑνεπίστευσε
2640 2226 2700 2290 τῇ
2743 2217 2920 2291 ψυχῇ.
2983 2221 3067 2281 Εἰς
3124 2223 3182 2273 τὸ
3231 2227 3551 2294 φαινόμενον,
3785 2229 3882 2277 πό-

2283 2305 2451 2378 λεμος,
2513 2312 2601 2359 καὶ
2649 2308 2765 2379 ἔλθῃ
2828 2305 3075 2379 βασιλεὺς
3105 2313 3236 2382 μετά
3272 2318 3363 2362 τοῦ
3396 2309 3760 2385 στρατοπέδου
3796 2313 3886 2367 ἰπὶ

2284 2399 2340 2447 τὸ
2375 2396 2688 2467 πολεμῆσαι,
2729 2401 2816 2448 καὶ
2857 2399 3074 2472 ὑπάρχῃ
3134 2402 3190 2452 τὸ
3243 2405 3392 2474 μέρος
3445 2402 3604 2454 αὐτοῦ
3649 2402 3880 2470 ἔλαττον,

2284 2489 2312 2541 ἢ
2383 2483 2766 2558 ἀσθενέστερον,
2836 2487 3020 2549 εὐθέως
3072 2486 3371 2542 ἀποστελλει
3426 2490 3701 2563 πρεσϐείαν
3762 2491 3884 2565 ἐρω-

2282 2578 2373 2643 τᾷν
2412 2576 2478 2626 τά
2505 2578 2630 2646 πρὸς
2684 2574 2910 2646 εἰρήνην.
2965 2576 3026 2631 Εἰ
3059 2574 3116 2629 δὲ
3172 2581 3312 2640 ἔθνος
3344 2584 3590 2651 μέγιστον
3616 2585 3742 2654 πρὸς
3767 2585 3881 2634 ἶσον

2283 2658 2335 2733 ᾖ,
2368 2667 2454 2714 καὶ
2496 2664 2521 2713 6
2551 2661 2799 2734 βασιλεὺς
2847 2669 2974 2739 πρὸς
3028 2664 3272 2737 βασιλέα,
3308 2667 3440 2738 λέγω
3472 2666 3540 2727 δὴ
3590 2671 3614 2721 6
3666 2677 3878 2746 Περσῶν

2279 2757 2368 2802 καὶ
2391 2753 2415 2802 6
2444 2751 2733 2823 Ῥωμαίων,
2786 2753 2985 2824 ἀνάγκη
3040 2760 3186 2807 πᾶσά
3243 2760 3366 2817 τοὺς
3397 2753 3496 2809 δύο
3537 2755 3768 2830 βασιλεῖς
3797 2780 3878 2811 κιο

2278 2843 2495 2900 νηθῆναι
2529 2845 2660 2913 μετὰ
2697 2850 2795 2894 τῶν
2829 2841 3195 2914 στρατοπέδων
3235 2844 3380 2900 ὅλων.
3425 2846 3579 2900 Βλέπε
3633 2844 3717 2899 οὖν
3759 2850 3871 2908 οἷόν

2283 2933 2376 2982 σού
2409 2933 2520 2982 ἐστι
2553 2934 2609 2982 τὸ
2636 2929 2858 3002 ἀξίωμα,
2889 2934 2968 2984 ὅτι
2989 2934 3014 2984 6
3037 2939 3161 2993 Θεὸς
3191 2937 3402 2993 ἐκινήθη
3436 2938 3565 3006 μετά
3591 2944 3687 2988 τῶν
3717 2934 3868 2990 ἰδίων

2281 3015 2668 3091 στρατοπέδων,
2723 3019 2852 3092 λέγω
2906 3017 2974 3079 δή
3023 3030 3122 3074 τῶν
3164 3021 3390 3094 ἀγγέλων
3431 3030 3520 3076 καὶ
3550 3028 3870 3096 πνευμάτων.

519 3095 722 3171 motus
763 3115 837 3169 sit
885 3129 1021 3166 cum
1080 3108 1246 3164 omni
1303 3123 1410 3162 suo
1457 3106 1738 3170 exercitu,
1789 3106 2161 3174 angelorum,

2277 3107 2555 3178 συμκαλείν
2584 3116 2654 3178 τῷ
2709 3108 3058 3181 ἀντικειμένῳ,
3114 3113 3196 3163 ἵνα
3249 3131 3306 3164 σε
3333 3113 3663 3188 λυτρώσηται
3703 3113 3758 3166 ἐκ
3783 3123 3876 3168 τοῦ

507 3208 892 3278 inquam,aut
915 3197 1336 3272 spirituum,ad
1369 3195 1862 3251 committendum
1893 3211 2159 3266 pugnam

513 3312 653 3352 cum
686 3292 1049 3353 adversario,
1085 3293 1217 3343 utte
1247 3286 1565 3342 redimeret
1586 3300 1622 3339 a
1651 3290 1858 3340 morte.
1888 3287 2040 3341 Deus
2061 3286 2162 3356 igi-

510 3390 609 3441 tur
637 3383 799 3438 venit
833 3380 914 3435 tui
940 3394 1144 3434 causa.

590 3506 793 3561 XLVII.
821 3502 1072 3557 Perinde
1121 3515 1189 3556 ac
1238 3499 1287 3553 si
1328 3499 1398 3553 sit
1441 3514 1560 3563 rex,
1592 3497 1695 3569 qui
1736 3498 1794 3552 in
1833 3513 2161 3570 pauperem

510 3595 859 3670 quemdam,
891 3591 1061 3660 cujus
1081 3587 1744 3657 membraomnialepra
1773 3589 2049 3658 pervasit,
2074 3590 2161 3644 in-

512 3686 691 3749 cidat,
726 3680 1163 3738 necerubescat
1187 3676 1625 3730 medicamenta
1652 3676 1782 3745 ejus
1817 3676 2162 3733 vulneribus

513 3775 855 3834 admovere,
897 3785 963 3825 ac
1016 3767 1167 3822 adeo
1227 3770 1387 3819 curet
1423 3764 1553 3834 ejus
1599 3764 2161 3838 plagaszillumque

512 3868 692 3936 potea
723 3862 885 3931 regia
909 3873 1120 3914 mensa
1151 3860 1489 3925 exceptum,
1522 3869 1790 3924 purpura
1831 3855 2058 3924 induat,
2092 3873 2160 3912 ac

510 3969 712 4022 regem
742 3949 921 4005 faciat
963 3968 974 4006 :
1011 3948 1346 4017 sicquoque
1366 3946 1514 3997 Deus
1531 3959 1594 3998 se
1617 3942 2160 4000 exhibuitbumano

511 4036 1111 4114 generi:abluitillius
1145 4033 1411 4096 vulnera,
1445 4037 1500 4087 et
1530 4033 1756 4087 sanavit
1791 4033 1956 4102 illud,
1982 4041 2159 4106 atque

507 4130 838 4188 introduxit
867 4129 924 4182 in
966 4125 1263 4180 caelestem
1307 4121 1658 4176 thalamum.
1700 4123 1952 4177 Maxima
1984 4123 2161 4192 igitur

507 4227 594 4278 est
645 4217 1116 4276 Christianorum
1165 4211 1446 4281 dignitas,
1517 4215 1684 4264 tanta
1747 4211 2015 4282 quidem,
2096 4217 2161 4267 ut

509 4309 674 4383 quod
701 4323 838 4362 cum
869 4321 941 4359 ea
971 4305 1368 4372 comparetur,
1399 4314 1520 4352 non
1562 4299 1654 4353 sit.
1692 4299 1747 4354 Si
1780 4315 1918 4355 vero
1959 4301 2036 4355 ad
2061 4301 2159 4356 de-

504 4400 821 4455 fectionem
849 4388 1579 4458 exciteturetsubripiatur
1608 4404 1641 4442 a
1679 4388 1926 4453 malitia,
1963 4390 2157 4459 perin-

505 4490 579 4544 de
609 4492 715 4551 est,
745 4501 813 4540 ac
846 4482 894 4536 si
923 4482 994 4535 sit
1025 4479 1259 4542 civitas,
1301 4493 1434 4548 quas
1466 4476 1654 4530 muris
1687 4476 1879 4531 cincta
1912 4485 2155 4544 nonest,

505 4594 690 4651 quam
725 4573 1018 4629 invadunt
1045 4572 1329 4628 latrones,
1363 4580 1724 4636 quacunque
1747 4569 1914 4634 parte
1930 4565 2153 4631 volunt,

507 4667 674 4724 nulla
712 4661 964 4720 omnino
995 4674 1056 4712 re
1089 4656 1380 4727 impediti,
1409 4669 1666 4725 eamque
1705 4653 2004 4709 desertam
2029 4656 2157 4710 red-

503 4759 673 4819 dunt,
709 4769 778 4808 ac
817 4747 1094 4804 incendio
1116 4742 2156 4813 ﬂammisquetradunt:sicdumne-

511 4844 684 4914 gligis
712 4849 763 4897 te
794 4833 1309 4910 ipsum,etfrigide
1333 4832 1434 4886 tibi
1459 4831 1876 4900 ipseattendis,
1895 4831 2155 4889 subeunt

507 4941 564 4989 te
583 4932 824 5002 spiritus
840 4925 1100 4991 malitiae,
1123 4926 1300 4993 atque
1314 4919 1841 4990 deformantatque
1855 4920 2152 4977 desertam

505 5021 770 5079 reddunt
804 5019 1064 5070 mentem
1106 5009 1722 5079 tuam,dispergentes
1763 5010 2154 5079 cogitationes

507 5119 643 5168 tuas
683 5109 740 5162 in
779 5105 892 5161 hoc
919 5101 1226 5158 saeculum.

581 5231 808 5289 XLVIII.
847 5226 1000 5283 Multi
1030 5225 1206 5286 enim.
1244 5221 1518 5294 quicirca
1550 5225 1926 5277 externarum
1956 5239 2151 5279 rerum

502 5321 949 5397 inquisitionem
989 5317 1288 5382 satagunt,
1324 5316 1378 5365 et
1419 5311 1727 5366 scientiam
1755 5311 2049 5378 excolunt,
2083 5329 2152 5369 ac

505 5428 712 5473 curam
745 5413 898 5464 recte
930 5403 1167 5458 vivendi
1200 5401 1441 5462 habent,
1469 5400 1627 5454 hunc
1667 5405 1944 5472 reputant
1969 5402 2152 5473 perfe-

504 5511 686 5569 ctum,
720 5515 840 5555 non
872 5493 1257 5566 inspicientes
1287 5491 1344 5545 in
1381 5505 1500 5555 cor,
1547 5505 1653 5543 nec
1685 5488 1952 5544 videntes
1989 5491 2153 5547 mali-

501 5596 647 5650 tiam
661 5590 928 5646 animam
944 5583 1365 5640 involventem.
1383 5578 1689 5650 Siquidem
1704 5593 1872 5632 mens
1888 5579 2148 5646 interior,

501 5680 732 5743 malitia
770 5681 1026 5742 scatens,
1066 5671 1298 5730 radices
1321 5667 1492 5725 mittit
1513 5666 1574 5722 in
1590 5665 1821 5738 reliqua
1839 5668 2146 5725 membra:

2275 3199 2514 3252 θανάτου.
2539 3197 2597 3250 Ὀ
2624 3201 2744 3261 Θεὸς
2774 3206 2861 3252 οῦν
2893 3204 3195 3275 παρεγένετο
3238 3198 3331 3254 διὰ
3362 3208 3436 3256 σέ.

2343 3498 2472 3553 ΜΖ’.
2504 3499 2700 3574 Ὥσπερ
2733 3500 2815 3553 ἐὰν
2956 3500 3205 3574 βασιλεὺς
3234 3507 3322 3556 καὶ
3355 3503 3474 3577 εὕρῃ
3508 3508 3724 3576 πτωχὸν
3755 3524 3871 3556 τινα

2273 3588 2464 3657 ἔχοντα
2492 3587 2680 3660 λέπραν
2729 3589 2796 3649 εἰς
2823 3589 2917 3642 ὅλα
2966 3593 3031 3642 τὰ
3081 3591 3228 3663 μέλη,
3262 3596 3351 3644 καὶ
3400 3596 3472 3663 μὴ
3509 3591 3868 3665 ἐπαισχυνθῇ,

2275 3674 2381 3726 ἀλλ’
2422 3675 2572 3748 ἐπιθῇ
2631 3680 2879 3749 φάρμακα
2916 3684 3005 3731 καὶ
3072 3680 3121 3732 ἐν
3161 3687 3264 3740 τοῖς
3325 3683 3622 3753 τραύμασιν
3685 3683 3866 3746 αὐτοῦ,

2271 3768 2360 3814 καὶ
2393 3764 2609 3822 ἰάσηται
2657 3765 2816 3818 αὐτοῦ
2851 3768 2944 3827 τὰς
3001 3767 3226 3838 πληγὰς,
3258 3773 3346 3820 καὶ
3376 3768 3554 3821 λοιπὸν
3581 3768 3648 3828 εἰς
3678 3772 3872 3842 τράπε-

2275 3853 2366 3912 ξαν
2399 3851 2678 3924 βασιλικὴν
2711 3854 2958 3928 ἀπαγάγῃ
2988 3856 3162 3922 αύτόν,
3195 3862 3284 3910 καὶ
3335 3860 3521 3930 περιθῇ
3565 3858 3707 3930 αὐτῷ
3747 3878 3875 3934 πορ-

3379 3948 3542 4008 οὖτως
3573 3953 3661 4000 καὶ
3690 3949 3714 3999 6
3744 3952 3874 4010 Θεὸς

2272 4031 2484 4089 ἐποίησε
2537 4041 2608 4103 τῷ
2646 4037 2778 4104 γένει
2834 4043 2933 4086 τῶν
2991 4034 3293 4108 ἀνθρώπων.
3343 4036 3650 4090 Ἀπέπλυνεν
3699 4037 3872 4090 αὐτῶν

2272 3944 2455 4014 φύραν,
2485 3947 2574 3994 καὶ
2624 3949 2821 4017 ποιήσῃ
2879 3945 3031 3997 αὐτὸν
3063 3943 3283 4017 βασιλέα
3322 3962 3334 3975 ·

2268 4124 2560 4192 τραύματα,
2609 4128 2698 4174 καὶ
2755 4123 2940 4176 ἰάσατο
2989 4124 3197 4190 αὐτοὺς,
3245 4129 3334 4177 καὶ
3374 4125 3648 4196 εἰσήγαγεν
3679 4127 3752 4188 εἰς
3782 4131 3870 4179 τὸν

2270 4210 2569 4284 ἐπουράνιον
2622 4220 2884 4283 νυμφῶνα.
2953 4216 3101 4284 Μέγα
3154 4214 3241 4265 οὖν
3271 4213 3382 4266 ἰστι
3420 4218 3478 4266 τὸ
3528 4214 3733 4287 ἀξίωμα
3767 4225 3870 4269 τῶν

2271 4304 2619 4369 Χριστιανῶν,
2675 4310 2942 4371 τοσοῦτον,
3014 4306 3081 4364 ὡς
3161 4300 3299 4375 μηδὲ
3359 4309 3653 4378 συγκρίνειν
3702 4308 3868 4377 ἔχειν.

2271 4389 2386 4440 Ἐὰν
2463 4385 2522 4440 δε
2585 4393 2902 4464 μετεωρισθῇ
2962 4397 3051 4444 καὶ
3102 4391 3273 4464 κλαπῇ
3334 4394 3434 4445 ὑπὸ
3497 4401 3594 4456 τῆς
3657 4400 3865 4466 κακίας,

2269 4480 2400 4529 ἔοικε
2430 4481 2644 4550 τοιούτῳ
2668 4484 2787 4545 τινὶ,
2825 4482 2997 4552 ὥσπερ
3031 4483 3114 4533 εάν
3234 4481 3376 4543 πόλις
3429 4486 3499 4554 μὴ
3534 4485 3739 4554 ἔχουσα
3769 4492 3870 4536 τεῖ-

2267 4585 2386 4637 χος,
2425 4572 2514 4619 καὶ
2541 4569 2589 4617 οἱ
2618 4567 2810 4639 λῃσταὶ
2859 4568 3190 4644 εἰσέρχονται
3217 4566 3289 4621 δι’
3332 4570 3510 4635 αὐτῆς,
3553 4572 3663 4624 ὅθεν
3698 4573 3869 4625 θέλου-

2271 4674 2343 4720 σι,
2372 4660 2443 4727 μη
2481 4653 2898 4729 ἐμποδιζόμενοι,
2959 4664 3048 4710 καὶ
3106 4658 3382 4731 ἐρημοῦσι,
3423 4665 3512 4712 καὶ
3551 4660 3871 4736 ἐμπυρίζου-

2269 4764 2351 4796 σιν
2397 4744 2558 4803 αύτην
2591 4763 2602 4776 ·
2666 4747 2828 4808 οὕτως
2886 4746 3193 4820 ἀμελοῦντος
3259 4768 3377 4816 σου,
3433 4753 3517 4801 καὶ
3567 4755 3639 4823 μη
3701 4751 3870 4822 ἐαυτῷ

2263 4838 2634 4904 προσέχοντος,
2689 4838 3085 4909 ἐπεισέρχονται
3133 4841 3199 4890 τά
3264 4841 3532 4908 πνεύματα
3579 4848 3676 4903 τῆς
3704 4859 3872 4900 πονη-

2263 4927 2401 4996 ρίας,
2465 4928 2554 4975 καὶ
2599 4922 2912 4996 ἀφανίζουσι
2968 4931 3054 4977 καὶ
3093 4925 3350 5001 ἐρημοῦσι
3399 4931 3481 4980 τὸν
3519 4936 3661 4994 νοῦν,
3715 4948 3871 5005 σκορ-

2263 5011 2499 5072 πίζοντες
2520 5017 2638 5074 τοὺς
2661 5012 2945 5086 λογισμοὺς
2975 5015 3042 5076 εἰς
3067 5019 3153 5068 τὸν
3185 5016 3346 5069 αἰῶνα
3374 5023 3574 5070 τοῦτον.

2335 5224 2471 5276 MH'.
2526 5224 2712 5278 Πολλοί
2750 5228 2850 5299 γὰρ
2903 5229 3021 5298 περὶ
3051 5231 3116 5280 τὰ
3153 5227 3333 5290 ἔξωθεν
3373 5229 3739 5304 ὴκριϐωμένοι,
3773 5238 3864 5286 καὶ

2265 5311 2558 5384 ἐπιστήμην
2612 5313 2905 5383 ἀσκοῦντες,
2956 5321 3043 5368 καὶ
3103 5316 3224 5388 βίου
3258 5317 3412 5392 ὀρθοῦ
3452 5321 3860 5392 ἐπιμελούμενοι,

2265 5410 2444 5454 τοῦτον
2492 5403 2799 5474 νομίζουσιν
2854 5402 2983 5458 εἶναι
3029 5405 3239 5473 τιλειον,
3287 5411 3360 5478 μὴ
3418 5407 3757 5479 ἰγκύπτοντες
3794 5411 3865 5473 εἰς

2263 5496 2354 5549 τὴν
2384 5488 2628 5564 καρδίαν,
2682 5498 2772 5546 καὶ
2825 5496 3037 5567 ὁρνῶτες
3065 5498 3130 5547 τὰ
3185 5498 3288 5548 ἐκεῖ
3317 5500 3608 5568 συνέχοντα
3640 5504 3729 5557 τὴν
3757 5500 3862 5570 ψυ-

2261 5585 2370 5654 χὴν
2417 5583 2574 5634 κακά.
2631 5578 2843 5641 Ἐπειδή
2899 5585 3035 5636 κατὰ
3079 5587 3165 5637 τὸν
3229 5593 3321 5645 τῆς
3369 5591 3558 5649 κακίας
3613 5590 3859 5661 ἐσώτερον

2265 5677 2401 5735 νοῦν,
2427 5671 2555 5744 ῥίζα
2609 5669 2749 5724 ἐστὶν
2789 5671 2836 5724 ἰν
2889 5679 2998 5736 τοῖς
3027 5673 3234 5746 μέλεσιν
3258 5693 3270 5706 ·
3321 5679 3410 5729 καὶ
3441 5677 3465 5728 ὁ
3492 5675 3692 5750 λῃστὴς
3721 5677 3769 5731 ἓν
3795 5686 3855 5752 τῇ
