4148 6262
296 249 402 304 609

292 372 436 443 οἰκίᾳ
493 370 626 436 ἐστὶ,
684 376 950 424 τουτέστιν
997 375 1026 430 ἡ
1081 372 1285 426 ἐναντία
1332 371 1574 446 δύναμις.
1627 375 1898 429 Ἀντιστα-
1930 381 1968 432 Α

290 466 410 520 τικὴ
464 458 552 513 οὖν
599 466 687 513 καὶ
736 463 883 534 νοερά
913 461 1063 514 ἐστι·
1099 468 1189 514 καὶ
1242 462 1324 514 ἐὰν
1355 467 1425 535 μή
1476 484 1552 525 τις
1607 467 1666 537 θῇ
1725 465 1899 536 ἀγῶνα

289 553 427 604 κατά
453 558 545 613 τῆς
589 550 875 625 ἁμαρτίας,
922 554 1059 604 κατά
1101 556 1250 624 μέρος
1301 554 1658 625 ύπεκχεομένη
1713 556 1741 611 ἡ
1796 558 1897 607 ἔσω

289 645 451 693 κακία
504 637 597 693 διὰ
645 643 732 692 τόν
776 639 1119 714 πλεονασμὸν,
1168 647 1305 715 φέρει
1361 645 1447 695 τόν
1499 643 1768 718 ἄνθρωπον
1827 645 1898 708 εἰς

291 731 508 802 φανερὰς
561 729 840 803 ἁμαρτίας,
899 729 981 782 ἐπὶ
1019 734 1076 782 τὸ
1125 731 1542 804 κατεργάζεσθαι
1591 732 1774 794 αὐτάς.
1819 733 1896 787 Τό

286 822 389 892 γὰρ
446 822 604 871 κακὸν
668 821 840 891 ὥσπερ
919 829 1092 891 πηγῆς
1172 820 1434 893 ὀφθαλμός
1495 821 1606 874 ἐστι
1679 825 1896 879 πάντοτε

290 906 480 981 βρύων.
517 913 618 962 Καὶ
660 913 725 960 σὺ
764 905 851 960 οὖν
889 914 1035 980 γίνου
1076 909 1158 962 ἐπὶ
1189 913 1246 961 τὸ
1287 911 1530 982 ἐπισχεῖν
1569 914 1632 963 τὰ
1660 912 1896 986 ῥεύματα

290 1005 382 1059 τῆς
436 1001 643 1061 κακίας,
703 999 785 1050 ἵνα
836 1002 907 1069 μὴ
966 997 1036 1060 εἰς
1089 1005 1254 1072 μυρία
1320 1003 1457 1052 κακά
1505 999 1772 1071 ἐμπίπτων
1825 1004 1895 1063 ὡς

288 1085 638 1159 θαμϐούμενος
679 1084 755 1158 ᾖς.
800 1087 892 1139 “Ov
933 1092 1120 1160 τρόπον
1174 1088 1258 1140 ἐὰν
1387 1109 1466 1149 τις
1507 1090 1715 1160 εὐγενὴς
1775 1089 1894 1162 ἀμέ-

283 1195 466 1249 ριμνος
495 1176 742 1238 πλούσιος
767 1194 780 1206 °
822 1183 911 1229 xui
950 1186 1130 1229 τοῦτον
1162 1181 1211 1230 οἱ
1244 1175 1483 1230 διάκονοι
1509 1187 1600 1230 τοῦ
1633 1180 1892 1249 ἄρχοντος

283 1270 373 1317 καὶ
426 1268 474 1318 οἱ
528 1266 780 1329 ταξεώται
831 1267 1162 1339 ἁρπάσωσιν,
1211 1266 1551 1341 ἀποφέροντες
1608 1271 1739 1340 πρός
1797 1268 1893 1318 αύ-

285 1358 392 1420 τόν,
425 1354 675 1425 λέγοντες,
727 1356 807 1406 ὅτι
845 1361 1189 1428 κατηγορὴ
1217 1359 1330 1416 θης
1369 1360 1470 1408 ἐπὶ
1505 1357 1887 1428 ἐγκλήματι,

281 1448 393 1494 καὶ
435 1445 686 1512 θανάτῳ
726 1445 1098 1497 ύπόκεισαι.
1151 1448 1345 1496 Λοιπὸν
1377 1447 1430 1496 Ex
1461 1453 1551 1504 τῆς
1590 1449 1766 1517 φήμης
1801 1454 1890 1498 τοῦ

285 1530 444 1603 φόϐου
479 1530 723 1583 ἀπόλεσεν
765 1533 925 1584 αὑτοῦ
957 1535 1129 1593 πάσας
1168 1535 1259 1595 τὰς
1293 1532 1618 1606 ἐνθυμήσεις,
1660 1540 1750 1587 καὶ
1791 1537 1890 1587 ὧσ-

282 1637 378 1693 περ
421 1617 804 1692 τεθαμϐημένος
835 1623 996 1674 ἐστίν.

1931 1739 1969 1790 Β

356 1831 493 1887 ΜΘ¹.
524 1831 874 1905 ’Υπολάμϐανε
922 1831 1008 1886 οὖν
1062 1837 1226 1896 οὕτως
1276 1839 1365 1887 καὶ
1425 1840 1543 1907 περὶ
1598 1844 1695 1888 τῶν
1742 1857 1889 1888 πνευ-

282 1925 458 1992 μάτων
496 1929 590 1982 τῆς
619 1928 890 1996 πονηρίας.
935 1923 993 1975 Ὀ
1035 1926 1136 1997 γὰρ
1192 1929 1493 1996 φαινόμενος
1543 1931 1740 1997 κόσμος
1788 1925 1887 1978 ἀπὸ

284 2007 539 2082 βασιλέων
598 2011 689 2072 ἕως
746 2020 994 2083 πτωχῶν,
1030 2010 1077 2063 ἐν
1133 2011 1336 2084 θορύϐῳ
1382 2013 1507 2076 εἰσι,
1552 2018 1640 2066 καὶ
1690 2014 1890 2066 ἀκατα-

287 2103 499 2170 στασία,
540 2104 629 2150 καὶ
669 2102 847 2172 μάχῃ,
880 2107 969 2153 καὶ
1004 2098 1183 2163 οὐδεὶς
1209 2101 1376 2154 αὐτῶν
1403 2099 1514 2154 οἶδε
1536 2107 1628 2161 τὴν
1659 2106 1826 2155 αἰτίαν
1869 2119 1884 2134 ·

284 2188 444 2258 ἤγουν
496 2191 794 2259 φαινόμενον
829 2192 888 2240 τὸ
927 2193 1108 2255 κακόν,
1162 2194 1219 2242 τὸ
1274 2191 1610 2265 παρεισελθόν
1665 2188 1760 2244 διὰ
1798 2202 1887 2254 τῆς

283 2284 552 2349 παρακοῆς
614 2284 702 2328 τοῦ
756 2274 953 2348 Ἀδὰμ,
1005 2283 1062 2330 τὸ
1124 2283 1330 2351 κέντρον
1378 2288 1468 2332 τοῦ
1525 2282 1767 2332 θανάτου.
1826 2281 1886 2335 Ἡ

282 2367 382 2438 γὰρ
414 2364 650 2437 ἁμαρτία
679 2367 707 2422 ἡ
762 2366 1116 2437 παρελθοῦσα,
1173 2363 1397 2439 δύναμίς
1435 2387 1510 2427 τις
1538 2365 1671 2421 οὖσα
1711 2369 1888 2440 λογικὴ

280 2461 373 2504 τοῦ
427 2460 648 2518 Σατανᾶ,
707 2459 796 2506 καὶ
846 2454 1022 2518 ούσία,
1079 2459 1336 2527 ἐνέσπειρε
1379 2458 1445 2508 τά
1496 2460 1634 2509 κακὰ
1683 2461 1883 2510 πάντα·

282 2539 462 2600 ἓπειδὴ
521 2542 807 2605 λεληθότως
848 2544 918 2605 εἰς
959 2547 1046 2596 τόν
1095 2548 1196 2598 ἔσω
1245 2547 1513 2620 ἄνθρωπον
1565 2552 1653 2598 καὶ
1706 2548 1770 2608 εἰς
1804 2552 1890 2599 τόν

281 2638 399 2683 νοῦν
451 2629 628 2704 ένερεῐ,
683 2638 772 2684 xui
821 2635 1055 2703 μάχεται
1097 2641 1206 2695 τοῖς
1247 2635 1540 2706 λογισμοῖς.
1597 2636 1707 2687 Οῦκ
1736 2640 1892 2688 ἴσασι

284 2716 344 2773 δε
396 2723 444 2772 οἱ
491 2722 772 2793 ἄνθρωποι,
832 2723 909 2774 ὃτι
959 2722 1060 2774 ἀπὸ
1112 2722 1382 2794 ἀλλοτρίας
1441 2728 1574 2784 τινὸς
1627 2722 1892 2798 δυνάμεως

283 2807 610 2882 ἐλαυνόμενοι
666 2818 835 2862 ταῦτα
886 2814 1232 2885 πράττουσιν,
1288 2811 1418 2866 ἀλλά
1468 2815 1746 2886 νομίζουσι
1803 2830 1894 2887 φυ-

287 2901 411 2950 σικά
450 2907 618 2950 ταῦτα
671 2896 820 2966 εἶναι,
875 2906 965 2953 καὶ
1029 2900 1129 2952 ἀπό
1189 2898 1326 2962 ἰδίας
1372 2908 1664 2974 φρονήσεως
1727 2912 1894 2955 ταῦτα

285 2994 472 3041 ποιεῖν.
519 2990 585 3039 Οἱ
634 2985 693 3039 δὲ
748 2993 838 3045 τὴν
899 2989 1104 3061 εἰρήνην
1156 2999 1248 3041 τοῦ
1298 2999 1532 3064 Χριστοῦ
1589 2994 1798 3062 ἔχοντες
1840 2992 1890 3042 ἐν

289 3073 430 3144 αύτῷ
465 3082 535 3144 τῷ
582 3083 672 3145 νῷ,
727 3082 816 3129 καὶ
866 3081 951 3129 τὸν
995 3082 1259 3150 φωτισμόν
1309 3080 1488 3145 αὐτοῦ,
1545 3084 1698 3133 ἴσασι
1739 3082 1891 3132 πόθεν
1931 3081 1970 3135 C

288 3171 456 3214 ταῦτα
492 3170 729 3218 κινεῖται.

357 3268 438 3322 Ν’.
486 3271 696 3341 Πάσχει
742 3271 843 3341 γὰρ
884 3271 908 3321 ό
953 3276 1148 3344 κόσμος
1196 3274 1359 3336 πάθος
1421 3279 1621 3338 κακίας,
1663 3278 1753 3327 καὶ
1798 3274 1891 3326 οὐκ

283 3354 414 3412 οἶδε.
470 3362 570 3410 Καὶ
628 3361 740 3410 ἔστι
793 3367 895 3431 πῦρ
950 3359 1265 3435 ἀκάθαρτον,
1333 3365 1453 3437 ὅπερ
1522 3364 1735 3416 ἀνάπτει
1799 3369 1891 3421 τὴν

282 3443 530 3519 καρδίαν,
584 3451 672 3498 καὶ
712 3445 847 3498 οὕτω
895 3445 1170 3523 διατρέχει
1215 3451 1307 3503 ὅλα
1355 3453 1420 3502 τά
1448 3451 1596 3522 μέλη,
1640 3457 1727 3504 καὶ
1768 3472 1892 3525 προ-

281 3538 522 3606 τρέπεται
567 3538 688 3595 τούς
750 3533 1052 3608 ἀνθρώπους
1116 3538 1186 3600 εἰς
1239 3538 1526 3611 ἀσελγείας,
1585 3545 1674 3592 καὶ
1729 3546 1892 3612 μυρία

279 3626 436 3675 κακά.
495 3625 560 3674 Oi
608 3619 694 3674 οὖν
747 3624 1184 3697 γαργαλιζόμενοι
1240 3633 1328 3680 καὶ
1389 3625 1754 3701 συνηδόμενοι,
1804 3631 1890 3680 ἔν-

283 3708 373 3764 δον
430 3711 477 3763 έν
523 3719 584 3784 τῇ
615 3709 815 3785 καρδίᾳ
845 3712 1139 3768 ἐπιτελοῦσι
1169 3722 1264 3775 τὴν
1320 3723 1580 3790 πορνείαν,
1610 3723 1699 3771 καὶ
1730 3719 1890 3779 οὕτως

281 3804 562 3872 νεμομένου
617 3809 708 3854 τοῦ
755 3811 938 3867 κακοῦ,
992 3811 1384 3859 καταπίπτουσι
1432 3813 1520 3860 καὶ
1563 3809 1632 3870 εἰς
1672 3811 1890 3882 φανερὰν

283 3895 541 3963 πορνείαν.
590 3893 659 3943 Τό
723 3891 848 3944 αύτό
906 3898 1009 3945 νόει
1053 3900 1142 3946 καὶ
1195 3901 1313 3968 περὶ
1377 3904 1473 3957 τῆς
1525 3896 1889 3970 φιλαργυρίας,

284 3975 604 4044 κενοδοξίας,
665 3982 848 4051 τύφου,
905 3981 1087 4048 ζήλου,
1148 3986 1332 4055 θυμοῦ.
1388 3983 1585 4056 ’Ὠσπερ
1645 3987 1765 4037 ὅταν
1813 4005 1891 4046 τις

288 4066 453 4138 κληθῇ
516 4067 586 4126 εἰς
643 4069 878 4140 ἄριστον,
933 4075 1022 4121 καὶ
1084 4074 1346 4144 παρατεθῇ
1418 4073 1554 4142 αύτῷ
1627 4070 1895 4144 ἐδέσματα

289 4155 476 4224 πολλὰ,
527 4155 704 4208 λοιπόν
763 4159 792 4214 ἡ
867 4157 1100 4232 ἁμαρτία
1151 4159 1428 4212 ὑποϐάλλει
1491 4164 1694 4213 πάντων
1751 4162 1894 4232 ἀψα-

296 4247 454 4297 σθαι’
493 4251 582 4297 καὶ
620 4245 778 4306 οὕτως
806 4247 834 4304 ἡ
867 4246 1021 4318 ψυχὴ
1059 4245 1384 4321 συνηδομένη
1419 4249 1719 4322 βαρύνεται.
1756 4251 1891 4325 ’Ὸρη

292 4336 394 4406 γὰρ
437 4331 820 4387 δυσϐάστακτά
866 4335 980 4388 ἐστι
1036 4339 1100 4389 τὰ
1135 4341 1300 4406 πάθη,
1333 4340 1399 4390 ὧν
1452 4338 1500 4390 ἐν
1549 4345 1690 4411 μέσῳ
1737 4359 1896 4393 ποτα-

291 4428 381 4493 μοὶ
439 4419 735 4496 δρακόντων
793 4429 882 4477 xui
953 4425 1161 4478 ἰοϐόλων
1226 4430 1417 4500 θηρίων
1475 4434 1563 4481 καὶ
1620 4428 1843 4502 έρπετῶυ
1879 4451 1890 4463 ·

293 4513 465 4586 ὥσπερ
516 4515 598 4565 ἐὰν
695 4523 872 4580 κῆτος,
927 4523 1016 4568 καὶ
1046 4521 1275 4590 καταπίῃ
1308 4520 1391 4570 τὸν
1431 4519 1698 4593 ἄνθρωπον
1752 4517 1799 4570 ἐν
1829 4527 1889 4591 τῇ

293 4599 501 4670 κοιλίᾳ·
543 4601 678 4652 ούτω
708 4607 797 4655 καὶ
851 4605 880 4662 ἡ
934 4604 1166 4678 ἁμαρτία
1205 4611 1476 4659 καταπίνει
1527 4610 1616 4669 τὰς
1676 4607 1883 4678 ψυχάς.

295 4687 484 4756 Φλόγες
530 4693 686 4760 πυρός
739 4691 841 4743 εἰσι
890 4700 1296 4759 κατακαίουσαι,
1351 4700 1440 4747 καὶ
1486 4694 1610 4767 βέλη
1659 4715 1896 4769 πεπυρω-

295 4778 425 4848 μένα
455 4782 550 4825 τοῦ
580 4786 828 4849 πονηροῦ.
862 4785 1014 4851 Λέγει
1042 4785 1143 4857 γὰρ
1186 4785 1211 4834 ό
1247 4784 1581 4848 Ἀπόστολος,
1629 4789 1785 4856 Πρός
1827 4789 1894 4837 τὸ

298 4860 668 4921 δυνηθῆναι
708 4867 870 4937 ὑμᾶς
910 4872 984 4920 τὰ
1022 4869 1174 4942 βέλη
1216 4880 1324 4924 τοῦ
1365 4882 1650 4946 πονηροῦ
1689 4879 1762 4927 τά
1801 4895 1895 4927 πε-

294 4956 643 5026 πυρωμένα
683 4952 938 5011 σϐέσαι.
972 4958 1224 5031 Ἐνεμηθη
1258 4963 1358 5034 γὰρ
1391 4967 1448 5014 τὸ
1478 4966 1657 5028 κακόν,
1701 4969 1788 5016 καὶ
1819 4983 1892 5016 τεο

299 5040 605 5112 θεμελέωται
636 5047 752 5116 περὶ
783 5047 876 5102 τὴν
906 5044 1113 5118 ψυχήν.

366 5146 495 5201 NA"
531 5150 596 5200 Οἱ
626 5145 684 5202 δὲ
715 5153 972 5222 φρόνιμοι,
1025 5153 1142 5206 ὃταν
1174 5151 1435 5227 ἐπαναστῇ
1482 5159 1547 5208 τὰ
1585 5159 1748 5224 πάθη,
1790 5159 1895 5230 οὐχ

295 5239 670 5306 ὑπακούουσιν,
741 5238 846 5290 ἀλλ’
911 5240 1213 5313 ὀργίζονται
1283 5251 1398 5306 ταῖς
1479 5254 1662 5307 κακαῖς
1719 5251 1895 5300 ἒπιθυ-

295 5331 459 5398 μίαις,
513 5332 601 5379 καὶ
648 5327 830 5402 ἐχθροὶ
864 5329 1056 5382 ἑαυτῶν
1103 5336 1384 5403 γίγνονται.
1413 5332 1472 5385 εΟ
1511 5338 1611 5409 γὰρ
1667 5343 1895 5396 Σατανᾶς

296 5414 426 5468 πολὺ
460 5415 589 5468 θέλει
643 5416 1004 5478 έπαναπαῆναι
1060 5429 1121 5495 τῇ
1150 5421 1329 5495 ψυχῇ,
1376 5428 1465 5475 καὶ
1513 5424 1894 5496 ὶφαπλωθῆναι,

369 5615 415 5648 ⁷⁵
451 5615 664 5686 Ephes.
696 5633 774 5682 v1,
814 5619 894 5673 l6.

582 5721 821 5780 PATROL.
861 5724 965 5783 Gn.
1009 5727 1256 5784 XXXIV.

1546 249 1887 306 HOMILLE.
1930 283 1996 293 —
2040 252 2216 308 HOM.
2256 256 2376 310 XV.

3557 259 3664 312 610

2009 382 2065 434 et
2095 378 2264 448 latro,
2291 379 2406 435 hoc
2446 383 2552 445 est,
2597 380 2942 437 adversaria
2974 383 3258 453 potestas,
3282 381 3534 437 domum
3568 382 3661 437 in-

2007 481 2248 536 gressus
2290 475 2396 524 est.
2433 470 2734 531 Contraria
2765 469 2941 539 igitur
2987 475 3248 542 potestas
3289 469 3467 525 etiam
3494 469 3658 525 intel-

2005 555 2273 614 lectualis
2334 564 2442 613 est.
2473 558 2539 614 Et
2591 559 2702 613 nisi
2735 559 2869 630 quis
2913 558 3137 614 bellum
3180 559 3337 614 ineat
3368 559 3660 614 adversus

2005 651 2338 717 peccatum,
2354 646 2644 717 paulatim
2659 646 2885 702 malitia
2909 647 3068 702 intus
3091 646 3298 712 latens,
3318 645 3511 702 effusa
3538 663 3659 718 prae

2005 733 2191 790 nimia
2205 735 2955 803 copiaabducithominem
2981 736 3056 791 ad
3081 735 3660 806 manifestapeccata

2005 824 2454 879 committenda.
2494 824 2707 880 Malitia
2738 824 2897 879 enim
2940 823 3096 878 velut
3131 823 3308 878 fontis
3359 825 3658 894 scaturigo

2002 916 2088 966 est
2129 911 2518 984 undiquaque
2550 912 2898 968 scaturiens.
2925 912 3199 981 Tuigitur
3225 928 3368 966 cura
3408 912 3660 983 diligen-

2002 1003 2106 1064 ter,
2135 1005 2193 1054 ut
2251 1001 2533 1057 cohibeas
2583 1001 2740 1057 rivos
2792 1002 3048 1066 malitiae,
3088 1017 3162 1056 ne
3195 1000 3439 1056 inﬁnitis
3480 1002 3657 1057 malis

2000 1087 2252 1143 obrutus
2281 1091 2736 1145 velutattonitus
2754 1090 2993 1145 evadas.
3029 1089 3576 1154 Quemadmodum,
3604 1089 3655 1144 si

2000 1176 2297 1248 quispiam
2331 1179 2406 1233 sit
2439 1179 2679 1243 nobilis,
2711 1179 2835 1250 qui,
2871 1195 3016 1234 cura
3073 1179 3238 1233 omni
3297 1177 3550 1248 abjecta,
3593 1178 3652 1232 in

2001 1265 2310 1322 afﬂuentia
2340 1284 2536 1323 rerum
2575 1269 2728 1324 vivat
2762 1284 2977 1340 ;quem
3007 1268 3257 1322 ministri
3293 1267 3574 1338 principis
3592 1272 3648 1322 et

1999 1355 2371 1426 apparitores
2399 1357 2738 1428 abreptum,
2768 1357 2846 1413 ad
2871 1373 3009 1413 eum
3047 1356 3418 1427 protrahant,
3448 1356 3648 1411 dicen-

1999 1448 2084 1499 tes
2116 1467 2128 1498 :
2155 1446 2484 1501 Accusatus
2513 1461 2570 1502 es
2602 1447 2671 1501 ob
2721 1445 2944 1502 crimen
2976 1445 3244 1518 aliquod,
3305 1461 3374 1501 ac
3397 1443 3648 1514 capitati

1998 1533 2292 1603 supplicio
2314 1534 2594 1605 subjaces.
2625 1536 2910 1590 Caeterum
2941 1535 3032 1589 ille
3066 1551 3186 1606 prae
3213 1540 3369 1590 metu
3385 1550 3457 1589 ex
3487 1533 3654 1590 fama

2001 1627 2322 1687 contracto,
2340 1623 2533 1694 perdit
2553 1639 2764 1679 omnes
2790 1623 3177 1693 cogitationes
3209 1639 3368 1687 suas,
3403 1639 3472 1678 ac
3495 1623 3656 1678 velut

1999 1709 2248 1765 attonito
2281 1717 2522 1782 stupore
2564 1716 2760 1784 pavet.

2072 1835 2260 1888 XLIX.
2297 1836 2582 1890 Eamdem
2623 1836 2799 1904 igitur
2821 1837 3176 1891 sententiam
3195 1851 3436 1908 quoque
3456 1837 3649 1891 conci-

1999 1921 2131 1992 pias
2145 1923 2218 1976 de
2231 1923 2536 1994 spiritibus
2551 1923 3080 1979 malitimMundus
3110 1924 3269 1979 enim
3293 1925 3656 1996 conspicuus

1997 2027 2033 2066 ο.
2065 2011 2302 2079 regibus
2329 2012 2406 2067 ad
2437 2011 2678 2067 intimos
2709 2013 2768 2066 in
2797 2012 3075 2076 tumultu,
3107 2013 3558 2084 perturbatione
3582 2028 3653 2068 ac

1998 2116 2204 2172 pugna
2235 2103 2588 2158 constitutus
2601 2107 2711 2170 est,
2727 2117 2834 2156 nec
2850 2101 3002 2156 ullus
3030 2101 3268 2158 illorum
3284 2117 3535 2156 causam
3550 2117 3651 2157 no-

1999 2189 2081 2244 vit
2115 2206 2126 2242 :
2161 2190 2446 2244 nimirum
2495 2195 2770 2260 apertum
2803 2189 3053 2254 malum,
3100 2190 3264 2261 quod
3297 2190 3482 2245 subiit
3521 2205 3653 2261 pro-

1999 2285 2129 2349 pter
2179 2278 2648 2334 inobedientiam
2676 2278 2836 2343 Adae,
2870 2285 2925 2332 et
2958 2278 3238 2333 stimulus
3299 2285 3385 2334 est
3415 2279 3645 2334 mortis.

2000 2367 2312 2422 Peccatum
2334 2369 2491 2422 enim
2515 2367 2680 2438 quod
2707 2365 2906 2434 subiit,
2930 2383 3068 2422 cum
3099 2368 3170 2421 sit
3201 2368 3465 2437 potentia
3493 2383 3657 2439 quae-

1999 2455 2140 2511 dam
2169 2462 2225 2511 et
2257 2456 2588 2510 substantia
2602 2456 2903 2511 rationalis
2927 2457 3184 2522 Satanae,
3212 2457 3424 2511 insevit
3449 2457 3655 2512 omnia

2003 2544 2187 2600 mala.
2219 2544 2527 2615 Siquidem
2554 2543 2783 2599 occulte
2804 2550 2857 2598 et
2885 2543 3136 2600 latenter
3171 2546 3229 2599 in
3259 2545 3520 2600 interiori
3556 2545 3654 2600 ho-

2003 2634 2161 2688 mine
2192 2648 2261 2688 ac
2293 2640 2489 2688 mente
2519 2638 2820 2703 operatur,
2853 2640 3032 2705 atque
3068 2633 3533 2702 cogitationibus
3564 2649 3658 2688 re-

2003 2727 2250 2794 pugnat.
2269 2724 2758 2778 Neseiunttamen
2783 2723 3077 2783 homines,
3103 2723 3266 2794 quod
3289 2723 3483 2779 aliena
3508 2739 3654 2794 qua-

2001 2811 2147 2866 dam
2179 2811 2232 2866 vi
2264 2811 2503 2882 impulsi
2529 2811 2658 2866 haec
2673 2816 2875 2880 agant,
2898 2811 3002 2866 sed
3026 2812 3378 2882 putanthaec
3402 2827 3531 2867 esse
3550 2827 3657 2867 na-

2002 2900 2236 2966 turalia,
2276 2907 2331 2955 et
2386 2901 2627 2970 propria
2656 2900 2940 2970 quasdam
2996 2900 3181 2954 animi
3226 2900 3653 2956 deliberatione

2002 3005 2066 3041 se
2118 2989 2246 3043 haec
2277 3003 2471 3056 agere.
2508 2988 2614 3052 Qui
2649 3003 2788 3042 vero
2817 2987 3024 3042 Christi
3057 3003 3267 3058 pacem
3318 2988 3542 3044 habent
3593 2989 3652 3043 in

2003 3077 2205 3132 animo
2237 3075 2393 3147 ipso,
2420 3081 2478 3130 et
2509 3074 2586 3130 ab
2613 3090 2682 3131 eo
2735 3081 2874 3129 sunt
2922 3075 3260 3140 illuminati,
3304 3075 3384 3132 illi
3436 3083 3659 3132 norunt

2001 3165 2160 3220 unde
2185 3165 2312 3219 haec
2350 3163 2634 3219 oriantur.

2071 3272 2129 3326 L.
2161 3271 2420 3327 Sustinet
2450 3271 2606 3326 enim
2635 3271 2898 3325 mundus
2935 3270 3277 3326 affectiones
3301 3270 3566 3340 vitiosas,
3599 3275 3656 3327 et

2000 3362 2112 3432 6'7
2145 3361 2205 3415 id
2220 3361 2409 3416 nescit
2441 3375 2604 3430 :qure
2621 3360 2869 3431 quidem
2886 3365 3024 3415 sunt
3045 3359 3200 3429 ignis
3227 3361 3517 3431 impurus,
3548 3361 3654 3433 qui

2000 3451 2406 3516 aceenditcor,
2434 3455 2489 3504 et
2514 3449 2786 3520 pervadit
2814 3448 3021 3503 omnia
3040 3449 3332 3514 membra,
3363 3456 3541 3520 atque
3569 3451 3652 3504 in.

2000 3541 2138 3595 citat
2166 3538 2530 3594 hominesad
2552 3537 2824 3592 libidines
2846 3542 2900 3592 et
2930 3537 3160 3593 inﬁnita
3183 3537 3360 3593 mala.
3393 3539 3650 3603 Quicun-

1999 3644 2117 3701 que
2148 3627 2666 3698 igiturtitillantur,
2701 3631 2757 3681 et
2813 3626 3112 3697 voluptate
3144 3626 3512 3695 afﬁciuntur,
3565 3628 3653 3681 in-

2001 3724 2096 3773 tus
2127 3717 2186 3772 in
2215 3717 2393 3772 corde
2430 3715 2882 3770 fornicationem
2915 3716 3316 3779 committunt,
3352 3720 3533 3787 atque
3567 3717 3651 3771 sic

1999 3805 2308 3877 paulatim,
2342 3805 2488 3860 dum
2520 3803 2751 3859 fovetur
2783 3804 3029 3868 malum,
3073 3804 3340 3858 incidunt
3370 3806 3430 3858 in
3463 3804 3652 3860 maui-

2000 3895 2216 3950 festum
2245 3901 2541 3965 stuprum.
2570 3893 2731 3947 ldem
2763 3892 2982 3947 sentias
3012 3908 3255 3963 quoque
3285 3892 3358 3947 de
3385 3893 3654 3955 avaritia,

2001 4001 2159 4039 vana
2194 3983 2400 4052 gloria,
2435 3982 2613 4049 fastu,
2647 3981 3026 4036 temulatione
3066 3987 3122 4036 et
3152 3982 3256 4035 ira.
3307 3981 3550 4035 Perinde
3583 3997 3650 4035 ac

2002 4073 2051 4127 si
2080 4074 2214 4143 quis
2239 4071 2315 4127 ad
2344 4070 3131 4142 prandiumfueritvocatus,
3152 4070 3243 4123 cui
3267 4076 3651 4140 apponantur

2003 4162 2168 4216 varia
2180 4161 2453 4214 ciborum
2466 4174 2715 4228 genera;
2749 4163 2873 4212 tum
2889 4173 3021 4213 vero
3036 4162 3349 4228 peccatum
3368 4158 3651 4226 suggerit,

2005 4255 2067 4304 ut
2094 4249 2299 4304 omnia
2319 4249 2592 4317 degustet
2623 4264 2634 4300 :
2671 4248 2753 4301 sic
2778 4261 3020 4317 quoque
3041 4245 3648 4301 animadelectatione

2003 4344 2179 4408 capta
2195 4343 2495 4392 oneratur.
2529 4336 2752 4391 Montes
2778 4336 2936 4390 enim
2963 4333 3295 4389 ditﬁcillimi
3346 4340 3485 4389 sunt
3513 4333 3654 4390 aﬁ'e-

1929 4435 1973 4489 D
2004 4428 2228 4482 ctiones
2252 4425 2382 4496 illae,
2422 4440 2681 4496 quorum
2713 4426 2771 4479 in
2807 4424 3002 4478 medio
3033 4423 3358 4478 decurrunt
3401 4422 3654 4479 ﬂumina

2003 4516 2358 4578 draconum,
2373 4528 2809 4568 venenosarum
2824 4511 3084 4567 ferarum
3099 4527 3168 4566 ac
3182 4511 3500 4582 reptilium.
3521 4512 3649 4566 Per-

2004 4605 2141 4660 inde
2164 4619 2304 4659 vero
2332 4619 2400 4658 ac
2434 4604 2482 4656 si
2515 4601 2751 4658 halama
2781 4601 3088 4656 hominem
3138 4600 3381 4655 devoret
3417 4601 3476 4654 in
3517 4615 3652 4654 ven-

2005 4699 2174 4757 trem,
2209 4693 2294 4748 sic
2307 4709 2547 4763 quoque
2561 4695 2874 4761 peccatum
2900 4689 3448 4744 absorbetanimas.
3471 4689 3657 4744 Flam-

2007 4799 2121 4837 mae
2153 4780 2742 4849 suntignisardentes
2775 4779 2884 4835 illae
2910 4777 3273 4842 affectiones,
3308 4777 3490 4832 ettela
3517 4777 3656 4832 mali

2004 4871 2214 4941 ignita.
2241 4870 2436 4941 lnquit
2468 4870 2626 4924 enim
2655 4867 2972 4939 Apostolus
2998 4883 3008 4919 :
3046 4867 3116 4922 Ut
3146 4867 3382 4934 possitis
3409 4881 3506 4922 vos
3533 4882 3658 4921 om-

2006 4961 2109 5017 nia
2134 4960 2251 5015 teta
2282 4959 2428 5014 mali
2456 4958 2645 5029 ignita
2677 4956 3059 5025 exstinguere
3091 4957 3138 4989 ⁷⁵
3170 4955 3466 5011 ?Fovetur
3496 4956 3656 5010 enim

2006 5050 2236 5114 vitium,
2264 5064 2334 5102 ac
2364 5047 2825 5102 fundamentum
2859 5045 3026 5116 ponit
3056 5043 3118 5098 in
3145 5045 3368 5099 amina.

2082 5158 2162 5211 LI.
2189 5153 2512 5209 Prudentes
2544 5157 2744 5208 autem
2774 5150 3217 5221 insurgentibus
3239 5149 3655 5206 affectionibus

2006 5261 2126 5300 non
2141 5241 2682 5313 obtemperant,sed
2701 5242 2850 5296 iram
2864 5240 3207 5310 concipiunt
3221 5239 3511 5294 adversus
3528 5254 3659 5308 pra-

2008 5350 2116 5389 vas
2143 5331 2522 5402 cupiditates,
2545 5335 2722 5401 atque
2743 5329 2943 5384 hostes
2972 5328 3063 5382 sui
3087 5327 3369 5392 evadunt,
3405 5328 3656 5381 Satanas

2012 5423 2173 5479 enim
2206 5419 2380 5477 valde
2424 5418 2588 5491 cupit
2616 5420 2676 5474 in
2725 5417 2932 5475 anima
2960 5416 3354 5489 requiescere,
3383 5431 3452 5471 ac
3476 5413 3653 5468 cuble
