4148 6262
513 292 609 347 6H
1464 254 1471 259 “
1813 267 1869 323 s.
1914 259 2216 320 MACARII
2255 257 2562 317 EGYPTII
3760 243 3869 301 642

510 434 685 472 suum
702 412 1081 475 constituere,
1096 404 1448 474 etaﬂligitur
1469 400 1879 469 actorquetur,
1909 388 2148 465 quando

2266 391 2356 438 xui
2401 384 2629 437 θλίϐεται
2654 387 2745 434 καὶ
2791 381 3193 450 στενοχωρεῖται
3239 377 3310 446 μὴ
3358 369 3734 431 ύπακουούσης
3776 378 3877 429 τῆς

2563 473 2570 475 .
2699 468 2748 475 -,
3154 467 3164 475 .
3377 463 3389 473 .
3451 465 3460 475 .
3520 462 3592 475 Α.
3722 454 3746 475 ει
3832 460 3842 473 .

510 454 1439 475 sua...w............-,--____o_-__
1664 454 1684 469 _
1866 454 1877 461 ,
1929 454 1948 465 _

510 520 632 563 non
672 503 1048 572 obtemperat
1094 496 1318 552 anima.
1360 492 1490 547 Non
1538 498 1739 544 tamen
1779 484 2013 545 desunt,
2056 478 2148 551 qui

2269 476 2455 546 ψυχῆς
2513 473 2637 528 Εἰσὶ
2687 468 2749 523 δέ
2788 487 2920 529 τινες
2978 467 3318 539 κρατούμενοι
3368 463 3469 513 ὑπὸ
3518 462 3652 519 θείας
3711 454 3879 509 δυνά-

2472 560 2491 571 .
2600 558 2640 572 ιι
2726 551 2786 572 ..ει
2881 558 2889 568 ι
2945 571 2960 572 η
3028 571 3050 572 η
3102 552 3222 572 ,,-_3_
3268 548 3509 572 -.--....-.:-
3550 548 3656 572 ..ξιιμ
3730 543 3875 572 -3--.

510 543 632 563 υυμ
672 543 1047 572 υυινιμννη.-
1095 543 1316 552 ....-__.
1545 543 1550 544 ,
2002 543 2006 545 ,
2079 543 2093 551 _

510 594 711 650 divina
742 592 952 646 virtute
976 586 1371 646 continentur,
1401 579 1563 651 quia,
1588 592 1723 631 cum
1758 573 1997 627 videant
2023 582 2148 623 cum

2271 578 2419 632 μεως,
2467 560 2546 610 ὅτι
2593 558 2679 608 ἐὰν
2726 551 2889 607 ἴδωσί
2938 571 3053 604 τινα
3094 552 3225 621 μετὰ
3268 548 3509 618 γυναικὸς
3550 548 3682 610 νέον,
3729 543 3880 594 οὗτοι

513 683 759 738 muliere
786 678 1245 736 adolescentem,
1274 670 1409 725 licet
1428 667 1710 739 quietiam
1739 661 2014 731 cogitent,
2039 656 2151 711 illo-

2272 648 2316 700 εἰ
2365 652 2454 699 καὶ
2505 643 2895 716 διαλόγίζονταί
2947 660 3081 702 τινα,
3138 640 3276 710 ὅμως
3301 639 3358 687 ού
3407 638 3670 707 μιαίνεται
3705 633 3730 682 ό
3763 639 3881 692 νοῦς

2560 738 2575 739 ,,
2702 736 2710 739 -
2836 731 2850 739 -
2906 738 2911 739 ,
2990 732 3005 739 -
3051 724 3073 739 .
3196 725 3207 737 ρ
3372 728 3381 739 .
3524 720 3663 739 ..ην
3771 724 3794 737 κ

514 720 759 738 manu...
786 720 1245 736 we...-..-.-.-_,
1274 720 1406 725 ---μ
1436 720 1545 739 τη
1814 720 1846 731 ν
2000 720 2011 728 ,

514 786 651 827 rum
682 775 883 824 tamen
902 766 1141 819 animus
1164 776 1285 815 non
1304 757 1604 829 polluitur,
1626 766 1822 823 neque
1847 751 2005 803 intus
2032 761 2152 817 pec-

2274 740 2460 802 αύτῶν,
2518 738 2634 787 οὔτε
2696 731 2912 786 ἐπιτελεί
2984 724 3129 781 ἔνδον
3186 725 3466 797 ἁμαρτίαν.
3524 720 3663 775 Ἀλλ’
3733 724 3882 773 οῦπω

2281 825 2292 829 -
2654 826 2663 829 -
2800 824 2815 829 -
2942 826 2959 829 μ
3129 814 3186 829 ..ς
3232 819 3241 829 .
3310 810 3345 829 ο..
3388 810 3465 829 ..μ
3589 810 3601 824 ς
3722 809 3739 827 ιι

515 809 651 827 mu.
686 809 883 824 ...ιμνμ
902 809 1140 819 ......-...-
1164 809 1284 815 _-_
1306 809 1334 829 τ
1593 809 1603 820 ,
1724 809 1745 823 ⁵
2034 809 2050 817 _

514 866 716 917 catum
753 852 1086 911 committit.
1128 852 1341 904 Verum
1375 847 1645 901 nondum
1672 840 1811 895 huic
1848 844 1936 893 est
1974 835 2152 890 ﬁden-

2273 825 2384 878 ἐστὶ
2416 833 2485 894 τῷ
2526 826 2744 894 τοιούτῳ
2795 824 3083 893 θαρσῆσαι.
3128 814 3250 867 Εἰσὶ
3299 810 3358 865 δε
3385 810 3529 864 ἄλλοι
3560 810 3632 871 εἰς
3685 809 3770 871 οὓς
3801 828 3883 862 τε-

2276 916 2281 917 ,
2898 915 2903 917 Α
3154 905 3206 917 η,
3254 906 3274 917 -
3467 905 3476 917 .
3567 900 3612 917 ,ν
3708 902 3777 917 ,η
3861 915 3873 917 _

514 949 683 1005 dum.
744 946 889 1001 Sunt
947 956 1090 996 vero
1140 938 1261 1002 alii,
1309 937 1369 991 in
1418 933 1637 1006 quibus
1686 928 1872 985 libido
1914 939 2152 997 prorsus

2272 916 2416 977 λείως
2487 918 2767 979 πέπαυται,
2826 915 2915 962 καὶ
2985 905 3336 968 κατεσϐέσθη,
3395 905 3485 953 καὶ
3559 900 3813 973 ἐξηράνθη
3859 915 3874 927 ·

2285 1004 2316 1006 ,γ
2341 1005 2347 1006 κ
3037 997 3064 1006 ,ι
3221 995 3233 1006 ς
3286 998 3295 1006 ι
3374 991 3432 1006 ἸΑ
3622 986 3653 1006 δι
3745 991 3756 1002 ν
3791 990 3810 1003 υ

514 986 683 1005 αμα..
744 986 889 1001 νυ...
961 986 1087 996 ,νη
1142 986 1261 1002 ____,
1309 986 1369 991 __
1920 986 1932 997 _

513 1036 804 1093 exstincta
835 1037 1015 1103 atque
1041 1028 1301 1084 arefacta
1329 1027 1526 1080 cessat
1553 1043 1566 1075 :
1609 1034 1815 1075 verum
1839 1016 1899 1072 hi
1938 1013 2151 1085 gradus

2277 1004 2404 1057 ἀλλὰ
2448 1006 2514 1056 τὰ
2566 1006 2730 1077 μέτρα
2775 1008 2874 1053 τῶν
2913 997 3146 1071 μεγάλων
3193 995 3343 1047 εἰσίν.
3374 991 3573 1064 ’Ὠσπερ
3610 986 3667 1042 δὲ
3712 991 3759 1041 οἱ
3787 990 3881 1059 ἔμ-

2652 1097 2661 1103 .
2830 1094 2840 1103 ,
3153 1084 3163 1101 μ
3243 1081 3271 1103 0
3317 1084 3383 1103 ns,
3460 1078 3732 1103 n-A-£__---
3808 1077 3881 1103 -2-

515 1077 804 1093 unum..-
835 1077 1014 1103 an,"
1042 1077 1300 1084 _.-__-___
1338 1077 1353 1080 -
1375 1077 1421 1079 _,
1474 1077 1481 1078 ,
1939 1077 1971 1085 ν

515 1108 2153 1182 suntsummorum.Quemadmodumautemmercatores

2274 1113 2428 1165 ποροι
2481 1097 2670 1164 γυμνοὶ
2716 1094 3069 1160 κατέρχονται
3123 1084 3190 1145 εἰς
3238 1081 3401 1155 βυθὸν
3459 1078 3753 1142 θαλάσσης,
3807 1077 3886 1137 εἰς

513 1214 661 1270 nudi
707 1213 765 1266 in
806 1207 1178 1281 profundum
1214 1204 1417 1267 maris,
1463 1216 1531 1256 ac
1573 1206 1825 1254 mortem
1857 1209 2031 1265 aquae
2070 1190 2151 1245 de-

2278 1186 2494 1235 θάνατον
2549 1188 2640 1232 τοῦ
2672 1176 2887 1242 ὕδατος,
2937 1178 3019 1228 ἶνα
3049 1175 3154 1227 ἐκεῖ
3201 1172 3392 1244 εὐρωσι
3450 1172 3777 1241 μαργαρίτας
3809 1164 3882 1226 εἰς

2361 1275 2369 1281 .
2708 1276 2727 1281 ..
2901 1264 2925 1281 n
3032 1265 3051 1281 κ
3129 1267 3137 1278 η
3312 1266 3321 1277 ι
3389 1279 3441 1281 κ-
3461 1279 3473 1281 -
3492 1261 3576 1281 ηιξ-
3594 1278 3644 1281 ,με
3721 1255 3851 1281 -.Ἷ--.
3869 1273 3882 1281 .

516 1255 661 1270 μω..
811 1255 1178 1281 r---_____
1217 1255 1362 1259 _ﬁ__
1405 1255 1417 1267 ,
1489 1255 1492 1256 ν
1914 1255 1934 1265 ⁸

516 1300 830 1365 scendunt,
857 1295 1052 1351 utillic
1077 1294 1375 1363 accipiant
1398 1288 1754 1357 margaritas
1777 1284 1854 1340 ad
1880 1297 2154 1338 coronam

2281 1275 2524 1343 στέφανον
2577 1276 2853 1329 ποιοῦντας
2901 1264 3196 1339 βασιλικὸν,
3239 1266 3331 1313 καὶ
3382 1261 3663 1331 πορφύραν,
3719 1255 3888 1314 οὕτως

514 1391 745 1460 regiam
776 1395 832 1442 et
862 1400 1193 1457 purpuram
1225 1380 1579 1436 commodas
1607 1394 1620 1442 ;
1658 1376 1741 1429 sic
1772 1388 2031 1446 quoque,
2065 1386 2152 1441 qu

2278 1366 2367 1412 xui
2421 1361 2468 1411 oi
2525 1359 2848 1430 μονάζοντες,
2901 1358 3091 1426 γυμνοὶ
3146 1351 3449 1424 ἐξέρχονται
3506 1354 3597 1399 τοῦ
3654 1350 3886 1416 κόσμου,

2352 1454 2359 1460 _
2520 1453 2529 1460 ,
2835 1446 2845 1456 η
2921 1441 2945 1460 n
2999 1446 3044 1460 Αι
3118 1443 3141 1460 Λ
3182 1441 3201 1460 ἡ
3234 1442 3384 1460 977,7,
3427 1444 3520 1460 __~_'_
3550 1440 3738 1460 _‘____'__‘
3792 1436 3885 1460 .._‘§.

516 1436 745 1460 ’νο-νη-
780 1436 831 1442 ﬂ
867 1436 1007 1457 r“'r
1032 1436 1081 1439 νη
1105 1436 1127 1437 η
1607 1436 1616 1442 ν
1792 1436 1808 1446 .
1918 1436 1933 1444 -
2085 1436 2102 1441 -

516 1478 843 1534 solitariam
873 1476 1053 1529 vitam
1090 1476 1297 1540 agunt,
1326 1468 1470 1523 nudi
1503 1472 1720 1521 exeunt
1754 1462 2000 1525 mundo,
2026 1465 2082 1513 et
2109 1459 2154 1513 in

2278 1454 2368 1501 xui
2406 1453 2755 1522 κατέρχονται
2806 1446 2875 1506 εἰς
2921 1441 3081 1518 βυθὸν
3117 1441 3387 1500 θαλάσσης
3425 1444 3521 1499 τῆς
3550 1440 3759 1498 κακίας,
3792 1436 3890 1484 xui.

2308 1539 2314 1540 κ
2569 1536 2616 1540 η-
3035 1536 3042 1540 .
3322 1532 3331 1540 .
3404 1525 3416 1540 9
3479 1528 3487 1539 ι
3586 1532 3604 1540 α
3681 1520 3706 1540 Α
3761 1523 3811 1540 Λι

517 1520 843 1534 -v..........-.
887 1520 1053 1529 ...ων
1092 1520 1297 1540 πεπρ,
1514 1520 1521 1521 ,
1988 1520 1997 1525 ,

517 1566 886 1639 profundum
953 1561 1133 1616 maris
1196 1558 1452 1625 malitiae,
1514 1561 1692 1624 atque
1744 1552 1803 1606 iu
1870 1550 2155 1619 abyssum

2280 1539 2350 1599 εἰς
2406 1542 2499 1596 τήν
2551 1536 2785 1588 ἄϐυσσον
2829 1541 2920 1586 τοῦ
2955 1536 3191 1595 σκότους,
3250 1532 3339 1580 xui
3395 1525 3495 1578 ἀπὸ
3540 1532 3639 1576 τῶν
3681 1520 3887 1595 βαθέων

2277 1626 2294 1639 α
2390 1626 2451 1639 Δ,
2722 1629 2731 1639 ι
2805 1622 2816 1635 ν
2944 1625 2953 1636 ι
3272 1622 3375 1639 ’-με
3430 1616 3609 1639 \3D--.-
3673 1630 3863 1639 ..-Α-.-ι

521 1616 883 1639 τ-ν------νην
1439 1616 1450 1625 ,
1596 1616 1612 1624 -
1954 1616 1967 1619 _

518 1656 901 1711 tenebrarum
976 1647 1418 1703 descendunt:
1496 1658 1527 1697 e
1592 1656 1716 1713 qua
1781 1644 2026 1694 sumunt
2100 1652 2156 1691 ac

2277 1626 2603 1697 λαμϐάνουσι
2651 1629 2740 1676 καὶ
2795 1622 3110 1693 ἀναφέρουσι
3168 1622 3376 1690 τιμίους
3430 1616 3610 1674 λίθους
3672 1630 3891 1683 προχω-

516 1746 827 1813 reportant
875 1737 1166 1809 pretiosos
1218 1732 1471 1804 lapides,
1524 1699 1696 1800 δρίος
1753 1727 1831 1782 ad
1883 1739 2154 1781 coronat:

2279 1723 2495 1788 ροῦντας
2548 1714 2615 1774 εἰς
2675 1716 2917 1784 στέφανον
2948 1717 3042 1762 τοῦ
3080 1713 3336 1781 Χριστοῦ,
3392 1703 3465 1765 εἰς
3516 1707 3609 1760 τὴν
3666 1699 3888 1756 Ἐκκλη-

2329 1810 2335 1813 .
2500 1807 2510 1813 .
2605 1805 2619 1813 .
2786 1804 2795 1813 ο
3019 1798 3030 1813 9
3158 1797 3206 1813 ν..
3463 1796 3472 1809 π
3594 1794 3678 1813 ηυξ
3738 1787 3888 1813 __'\--.

521 1787 827 1813 ’νείκη-νη·-
877 1787 1161 1809 ε--τ--νίνί
1221 1787 1301 1804 *ηι
1458 1787 1469 1795 ι
1567 1787 1583 1800 ι

521 1830 748 1893 Christi,
818 1828 895 1883 ad
958 1823 1285 1880 Ecclesiam
1351 1820 1668 1879 cmlestem,
1733 1816 1809 1872 ad
1884 1813 2159 1869 saeculum

2282 1810 2399 1857 σίαν
2456 1807 2548 1861 τὴν
2602 1804 2923 1874 ἐπουράνιον,
2990 1798 3062 1859 εἰς
3117 1797 3281 1849 αἰῶνα
3334 1796 3530 1860 καινὸν,
3593 1794 3681 1842 xui
3735 1787 3888 1841 πόλιν

519 1888 765 1985 novum,
798 1917 877 1973 ad
908 1914 1202 1971 civitatem
1232 1908 1613 1982 splendidam
1653 1910 1708 1961 et
1737 1904 2031 1978 populum
2071 1918 2157 1957 an‘

1555 1924 1613 1962 m
1653 1910 1708 1961 el
1737 1904 2031 1978 populum
2071 1918 2172 1957 an-
2281 1897 2547 1967 φωτεινὴν,
2576 1897 2665 1944 καὶ
2694 1888 2863 1963 δῆμον
2897 1888 3188 1960 ἀγγελικόν.

520 2009 797 2081 gelicum.

591 2134 700 2188 LII.
740 2130 984 2187 Perinde
1013 2143 1155 2182 vero
1196 2141 1265 2181 ac
1304 2125 1362 2180 in
1396 2137 1684 2193 sagenam
1728 2119 1916 2175 multa
1954 2132 2175 2189 genera

2350 2125 2471 2181 NB'.
2521 2123 2720 2196 Ὠσπερ
2759 2120 2806 2173 ἐν
2838 2129 2899 2193 τῇ
2956 2123 3159 2191 σαγήνῃ
3212 2115 3378 2169 πολλὰ
3415 2111 3530 2171 εἴδη
3567 2112 3768 2185 ἰχθύων
3798 2110 3890 2183 ἰμ-

519 2223 774 2294 piscium
807 2219 1096 2284 incidunt,
1126 2221 1181 2271 et
1213 2215 1412 2269 minus
1452 2212 1624 2266 utiles
1654 2210 1855 2265 denuo
1887 2209 2085 2263 statim
2114 2207 2157 2261 ir

2282 2220 2479 2280 πίπτει,
2533 2218 2624 2264 καὶ
2678 2213 2745 2263 τὰ
2789 2209 3161 2285 ἀχρηστότερα
3187 2206 3341 2258 πάλιν
3366 2205 3550 2264 εὐθέως
3591 2201 3662 2262 εἰς
3695 2199 3890 2252 θάλασ-

522 2327 687 2367 mare
711 2310 1132 2381 projiciuntur:
1156 2306 1239 2359 sic
1253 2317 1495 2375 quoque
1519 2315 1747 2371 sagena
1767 2298 1975 2367 gratiae
1995 2312 2160 2367 supei

2283 2323 2377 2356 σαν
2422 2304 2698 2377 ῥίπτουσιν
2733 2316 2745 2328 ⁸
2780 2299 2943 2359 οὕτως
2970 2302 3058 2349 καὶ
3106 2297 3135 2354 ἡ
3173 2298 3374 2365 σαγήνη
3407 2300 3504 2352 τῆς
3532 2293 3761 2364 χάριτος
3800 2290 3887 2359 ἓφ-

521 2415 733 2455 omnes
757 2412 1025 2468 expansa
1051 2399 1161 2461 est,
1185 2409 1253 2447 ac
1274 2390 1487 2463 quaerit
1507 2390 1796 2460 requiem.
1816 2389 2029 2441 Verum
2054 2400 2159 2440 nor

2283 2392 2535 2445 απλοῦται
2584 2389 2668 2442 ἰπὶ
2720 2391 2933 2451 πάντας,
2988 2390 3075 2438 xui
3109 2386 3256 2445 ζητεῖ
3298 2382 3613 2435 ἀνάπαυσιν.
3649 2377 3793 2431 Ἀλλ’
3840 2378 3889 2428 οἱ

521 2483 1232 2558 obtemperanthomines
1258 2487 1571 2551 propterea
1595 2478 1794 2531 denuo
1812 2478 1871 2531 in
1898 2475 2159 2531 eamdem

2283 2484 2546 2555 ἅνθρωποι
2584 2479 2688 2550 οὐχ
2718 2479 3047 2529 ὑπακούουσι
3079 2494 3091 2506 ’
3130 2470 3222 2525 διὰ
3251 2479 3402 2524 τοῦτο
3433 2470 3587 2522 πάλιν
3621 2467 3694 2529 εἰς
3732 2466 3888 2518 αὐτὸν

520 2553 991 2648 profunditatem
1057 2572 1438 2626 tenebrarum
1501 2566 1918 2637 conjiciuntur.
1993 2563 2154 2618 Velut

2282 2574 2367 2621 τόν
2432 2568 2650 2641 βόθυνον
2708 2573 2800 2618 τοῦ
2852 2568 3066 2622 σκότους
3136 2559 3606 2635 καταρῥίπτονται.
3686 2553 3887 2626 Ὠσπερ

523 2666 683 2720 enim
721 2679 935 2719 aurum
979 2677 1014 2716 a
1057 2660 1303 2731 copiosa
1342 2672 1524 2713 arena
1562 2656 1817 2711 dilutum
1855 2654 2161 2717 invenitur1

2282 2660 2383 2729 γὰρ
2429 2660 2453 2708 6
2504 2659 2712 2727 χρυσὸς
2761 2652 2861 2704 ἀπὸ
2902 2651 3094 2711 πολλῆς
3146 2651 3324 2721 ἄμμου
3377 2646 3694 2716 πλυνόμενος
3750 2642 3890 2714 εὐρί-

526 2757 786 2823 suntque
836 2766 1026 2819 grana
1073 2749 1289 2817 exigua
1334 2748 1518 2801 instar
1559 2745 1704 2799 milii
1748 2761 1759 2798 :
1804 2744 1886 2798 sic
1934 2758 2164 2815 quoque

2286 2766 2483 2811 σκεται,
2546 2750 2637 2796 xui
2686 2750 2854 2795 ταῦτα
2914 2740 3174 2811 ἐλάχιστα
3221 2741 3285 2798 ὡς
3341 2730 3661 2809 κεγχρίδες·
3720 2732 3884 2791 οὕτως

525 2858 596 2896 ex
651 2840 853 2895 multis
919 2836 1099 2909 pauci
1149 2834 1585 2908 probabuntur.
1638 2832 1746 2900 Qui
1795 2832 1957 2887 enim
2007 2830 2163 2899 regni

2284 2841 2374 2888 καὶ
2430 2835 2529 2887 ἀπὸ
2592 2833 2788 2886 πολλῶν
2842 2831 3009 2901 ὀλίγοι
3059 2829 3163 2881 εἰσὶ
3221 2825 3457 2898 δόκιμοι.
3518 2828 3614 2877 Καὶ
3675 2824 3772 2894 γὰρ
3834 2822 3883 2871 οἱ

524 2946 679 3001 opus
716 2928 963 2990 habent,
1005 2925 1308 2981 manifesti
1352 2928 1508 2987 sunt,
1540 2928 1597 2977 et
1633 2922 1736 2993 qui
1768 2921 2019 2975 verbum
2047 2919 2162 2990 ejus

2284 2928 2487 2996 ἔχοντες
2536 2926 2592 2975 τὸ
2628 2924 2774 2993 ἔργον
2815 2928 2904 2980 τῆς
2946 2918 3239 2992 βασιλείας,
3292 2918 3500 2989 φανεροί
3532 2913 3650 2975 εἰσι,
3694 2915 3785 2961 καὶ
3832 2911 3884 2961 οἱ

523 3022 834 3081 exornant,
861 3014 1165 3086 conspicui
1189 3017 1344 3068 sunt.
1370 3014 1591 3068 Eadem
1614 3010 1845 3066 ratione
1878 3007 2161 3064 manifest:

2250 3021 2597 3096 :xoapoﬁvrs;
2652 3015 2740 3063 τὸν
2792 3010 2941 3081 λόγον
2996 3008 3155 3067 αὐτῆς
3204 3011 3485 3078 φαίνονται.
3549 3000 3770 3073 Ὁμοίως
3827 2994 3888 3051 δε

522 3113 679 3173 sunt,
730 3107 835 3179 qui
900 3105 1023 3160 sale
1080 3104 1300 3158 caelesti
1358 3107 1492 3157 sunt
1548 3100 1791 3165 conditi,
1840 3104 1896 3154 et
1952 3099 2056 3170 qui
2101 3113 2160 3153 ex

2284 3108 2373 3155 καὶ
2404 3106 2453 3154 οὶ
2496 3103 2775 3176 ἠρτυμένοι
2825 3106 2897 3168 τῷ
2952 3097 3105 3149 ἅλατι
3161 3102 3234 3165 τῷ
3266 3096 3553 3165 ἐπουρανίῳ
3598 3093 3886 3161 φαίνονται,

524 3178 819 3252 thesauris
873 3194 1123 3265 Spiritus
1159 3191 1509 3264 loquuntur.
1554 3192 1861 3260 Apparent
1905 3204 2071 3252 vasa,
2113 3188 2162 3241 in

2285 3197 2374 3244 xui
2417 3192 2466 3244 οἰ
2522 3190 2575 3243 ἐκ
2627 3199 2725 3241 τῶν
2776 3190 3050 3261 θησαυρῶν
3094 3192 3186 3238 τοῦ
3245 3186 3542 3254 ῘΙνεύματος
3584 3178 3876 3236 λαλοῦντες,

520 3285 746 3357 quibus
774 3262 1201 3353 complacitum
1228 3262 1318 3335 est
1339 3283 1476 3345 Deo,
1502 3278 1845 3349 quibusque
1867 3293 2038 3332 suam
2065 3276 2158 3332 lar

2286 3286 2524 3335 Φαίνεται
2568 3283 2630 3332 τὰ
2676 3281 2833 3335 σκεύη
2877 3276 2925 3329 ἐν
2966 3277 3043 3336 οἷς
3073 3276 3098 3326 6
3126 3276 3254 3335 Θεὸς
3294 3268 3517 3333 εὐδοκεῖ,
3564 3271 3655 3319 καὶ
3687 3262 3887 3318 δίδωσι

523 3373 680 3442 gitur
722 3373 998 3440 gratiam.
1027 3370 1174 3424 Sunt
1212 3384 1455 3440 quoque
1498 3366 1619 3434 alii,
1652 3367 1755 3437 qui
1803 3365 1991 3421 multa
2035 3380 2161 3419 cum

2284 3375 2379 3427 τὴν
2410 3371 2594 3422 ἑαυτοῦ
2632 3370 2794 3441 χάριν
2829 3384 2839 3394 ·
2883 3370 2971 3417 καὶ
3018 3363 3163 3416 ἄλλοι
3207 3362 3338 3433 μετὰ
3387 3358 3575 3417 πολλῆς
3622 3358 3889 3426 ὑπομονῆς

521 3461 807 3533 patientia
890 3458 1190 3528 accipiunt
1270 3458 1546 3511 virtutem
1638 3454 2159 3518 sanctiticatricem1

2288 3457 2539 3531 δέχονται
2595 3462 2689 3515 τὴν
2738 3456 3054 3527 ἁγιαστικὴν
3100 3449 3341 3521 δύναμιν,
3395 3449 3563 3507 καθὼς
3612 3446 3638 3496 6
3693 3444 3889 3515 Κύριος

521 3530 699 3620 prout
754 3548 1039 3602 Dominus
1072 3546 1194 3599 vult
1232 3547 1460 3600 ratione
1494 3543 1823 3613 multiplici.
1876 3543 1986 3607 Qui
2034 3558 2159 3612 crgc

2289 3530 2418 3602 θέλει
2467 3546 2820 3621 πολυτρόπως.
2847 3543 2906 3595 Ὀ
2946 3539 3033 3594 οὖν
3084 3540 3269 3604 λαλῶν,
3321 3537 3365 3590 εἰ
3405 3541 3476 3609 μὴ
3594 3530 3888 3605 ὁδηγούμε-

518 3637 804 3708 loquitur,
855 3636 966 3689 nisi
1012 3634 1301 3700 dirigatur
1342 3650 1378 3688 a
1428 3632 1646 3687 caelesti
1695 3631 1917 3685 lumine
1958 3647 2027 3686 ac
2081 3647 2156 3686 sat

2286 3657 2369 3699 νος
2417 3637 2516 3688 ὐπὸ
2554 3638 2717 3707 φωτός
2746 3633 2988 3704 οὐρανίου
3018 3634 3108 3682 καὶ
3161 3632 3368 3699 σοφίας,
3409 3624 3467 3677 οὐ
3508 3621 3730 3676 δύναται
3760 3620 3888 3678 πλη-

524 3726 763 3796 pientia,
782 3723 1255 3793 uniuscujusque
1270 3727 1528 3776 mentem
1544 3720 1603 3774 in
1624 3720 1931 3791 plenaﬁde
1960 3720 2162 3775 consti.

2285 3732 2519 3800 ροφορεῖν
2573 3726 2658 3774 τὸν
2708 3722 2929 3774 ἑκάστου
2983 3726 3120 3784 νοῦν,
3177 3712 3355 3773 ἐπειδὴ
3412 3712 3599 3766 πολλαί
3653 3711 3784 3763 εἰσιν
3835 3712 3886 3761 ui

523 3819 686 3869 tuere
744 3815 1005 3884 nequit;
1057 3812 1199 3883 quia
1260 3811 1424 3865 varia
1477 3817 1611 3864 sunt
1665 3809 1981 3865 hominum
2040 3812 2161 3864 vita

2285 3818 2638 3888 προαιρέσεις,
2696 3814 2751 3864 αἱ
2789 3813 2879 3882 μὲν
2931 3808 2979 3860 ἐν
3017 3807 3241 3879 πολέμῳ,
3293 3803 3443 3856 οἷλλαι
3472 3800 3521 3853 ἐν
3561 3800 3878 3853 ἀναπαύσει.

519 3902 818 3967 instituta;
837 3902 1083 3973 quidam
1098 3903 1257 3957 enim
1279 3900 1458 3965 bello,
1482 3898 1735 3954 aliivero
1757 3902 1959 3970 quieta
1977 3900 2173 3969 magis

521 3991 891 4047 delectantur
915 3992 1052 4045 vita.

596 4118 725 4172 LIII.
769 4116 1013 4172 Perinde
1040 4132 1108 4171 ac
1149 4114 1250 4186 qui
1282 4114 1580 4169 civitatem
1622 4112 1748 4169 solo
1796 4118 2172 4185 exaequatam

2355 4114 2476 4170 NI".
2528 4113 2726 4184 Ὠσπερ
2768 4113 2888 4164 ὅταν
2996 4108 3311 4181 ἠρημωμένη
3362 4103 3530 4165 πόλις,
3562 4105 3651 4154 καὶ
3688 4099 3883 4170 θελήσῃ

520 4207 753 4262 aedibus
786 4205 1025 4261 reﬁcere
1054 4204 1212 4272 velit,
1246 4205 1531 4258 continuo
1562 4202 1795 4258 ruinam
1831 4218 1901 4258 ac
1930 4202 2158 4273 lapsun:

2282 4222 2357 4264 τις
2400 4205 2591 4260 ταύτην
2638 4205 2934 4265 ἀνακτίσαι,
2982 4198 3167 4257 εὐθέως
3212 4197 3278 4247 τὰ
3317 4191 3746 4266 καταῤῥεύσαντα
3794 4192 3883 4239 xui

520 4294 814 4351 minantia
843 4294 1089 4349 omnino
1116 4291 1315 4361 dejicit
1338 4308 1407 4347 ac
1433 4292 1699 4355 destruit,
1736 4292 1938 4363 sicque
1969 4290 2158 4361 incipii

2285 4297 2506 4344 πεσόντα
2556 4290 2763 4351 τελείως
2812 4286 3143 4350 καταϐάλλει,
3175 4289 3263 4336 καὶ
3305 4282 3464 4341 οὕτως
3503 4282 3728 4355 ἄρχεται
3758 4284 3883 4329 σκά-

517 4385 739 4451 fodere,
781 4387 838 4438 et
875 4384 933 4437 in
974 4381 1104 4437 loco
1130 4380 1373 4435 defosso
1414 4379 1806 4434 fundamenta
1849 4380 2068 4449 jacere,
2102 4394 2155 4432 at

2242 4400 2445 4447 mrsu,
2495 4385 2585 4432 xui
2634 4379 2681 4430 ἐν
2735 4387 2805 4449 τῷ
2840 4378 3113 4449 σκάμματι
3169 4376 3288 4434 τοῦς
3345 4369 3606 4441 θεμελίους
3660 4368 3880 4430 τιθέναι,

517 4473 639 4543 68
669 4472 989 4527 (editicium
1010 4476 1451 4541 superstruere:
1488 4484 1593 4523 nec
1618 4469 1763 4522 dum
1784 4483 1921 4521 vero
1953 4473 2041 4521 est
2071 4468 2155 4522 dot

2281 4476 2370 4522 xui
2422 4468 2803 4543 προϐάλλεσθαι
2850 4470 2944 4523 τὴν
3002 4460 3310 4534 οἰκοδομὴν,
3364 4455 3571 4511 οὐδέπω
3626 4452 3686 4509 δέ
3741 4454 3883 4506 ἐστιν

517 4580 670 4616 mus.
705 4562 934 4624 Itidem,
964 4560 1067 4631 qui
1094 4560 1330 4615 hortum
1354 4563 1805 4613 constructurus
1826 4556 1989 4611 estin
2024 4556 2155 4610 locis

2282 4560 2435 4613 οἰκία.
2493 4562 2593 4611 Καὶ
2637 4560 2662 4609 ὁ
2710 4556 2861 4608 θελων
2911 4549 3234 4628 παράδεισον
3302 4556 3521 4607 ποιῆσαι
3573 4545 3646 4607 εἱς
3692 4548 3884 4603 τόπους

514 4651 763 4705 desertis
816 4666 883 4704 ac
925 4648 1333 4718 graveolentia
1382 4647 1597 4712 fetidis,
1643 4646 1905 4716 primum
1963 4645 2152 4716 incipi?

2280 4646 2499 4720 ἐρήμους
2536 4651 2621 4698 καὶ
2672 4642 2950 4707 δυσώδεις,
3002 4649 3207 4716 πρῶτον
3268 4640 3492 4713 ἄρχεται
3557 4632 3880 4708 καθαρίζειν,

514 4756 792 4812 purgare,
824 4756 892 4793 ac
925 4738 1323 4807 sepimentum
1351 4737 1820 4807 circumponere,
1849 4742 1901 4789 et
1932 4750 2152 4806 praepa-

2276 4743 2366 4789 xui
2433 4739 2667 4809 φραγμὸν
2733 4735 3071 4807 περιτιθέναι,
3139 4734 3228 4781 καὶ
3286 4726 3575 4799 ἑτοιμάζειν
3642 4723 3881 4794 ὀχετούς,

513 4810 644 4883 rare
671 4828 1086 4899 aquaeductus,
1106 4832 1160 4880 et
1192 4828 1275 4880 sic
1305 4827 1547 4879 tandem
1575 4825 1827 4896 plantat,
1861 4832 1915 4879 et
1949 4824 2151 4895 planta

2276 4830 2365 4878 xui
2423 4826 2585 4886 οὕτως
2627 4826 2851 4896 φυτεύει,
2892 4824 2982 4874 κάὶ
3026 4819 3269 4882 αὔξονται
3306 4818 3371 4868 τὰ
3419 4817 3572 4887 φυτὰ,
3608 4814 3689 4865 ἳνα
3719 4810 3884 4871 οὕτως

510 4918 947 4971 incrementum
964 4919 1229 4979 sumunt,
1262 4920 1323 4967 ut
1341 4914 1452 4967 hoc
1470 4915 1651 4968 modo
1673 4914 1851 4982 longo
1870 4918 2006 4984 post
2023 4920 2148 4969 tem-

2275 4917 2405 4986 μετὰ
2447 4914 2605 4966 πολὺν
2667 4917 2857 4985 χρόνον
2900 4914 3075 4981 ἐνέγκῃ
3131 4908 3364 4981 καρποὺς
3407 4906 3431 4956 6
3485 4898 3812 4977 παράδεισος
3860 4913 3872 4924 ·

512 5022 654 5077 pore
674 5004 878 5058 hortus
899 5002 1158 5074 proferat
1173 5002 1425 5055 fructus:
1451 5002 1535 5056 sic
1550 5018 1790 5073 quoque
1808 5002 2150 5058 intentiones

2274 5004 2438 5064 οὕτως
2484 5009 2573 5054 καὶ
2620 5004 2674 5053 αἱ
2726 5005 3055 5075 προαιρέσεις
3106 5006 3204 5049 τῶν
3256 4993 3558 5068 ἀνθρώπων,
3606 4992 3736 5063 μετά
3790 4993 3883 5045 τὴν

510 5094 824 5148 hominum
845 5099 979 5163 post
995 5090 1531 5159 transgressionem
1548 5091 1813 5157 desertae,
1834 5092 2148 5147 devastatu

2273 5092 2572 5167 παράϐασιν
2628 5094 3018 5164 κεχερσωμέναι
3065 5087 3190 5155 εἰσὶ,
3244 5089 3334 5136 καὶ
3383 5085 3744 5157 ἠρημωμέναι,
3794 5082 3883 5129 xui

510 5189 688 5254 atque
742 5182 1003 5251 spinosa;
1048 5187 1202 5235 sunt.
1267 5179 1416 5234 Dixit
1452 5180 1611 5234 enim
1662 5179 1893 5235 homini
1948 5184 2099 5235 Deus
2144 5198 2148 5235 :

2273 5179 2614 5242 ἀκανθώδεις.
2652 5177 2782 5234 Εἶπε
2808 5181 2906 5253 γὰρ
2936 5179 2961 5229 ὁ
2994 5180 3122 5239 Θεὸς
3152 5183 3223 5245 τῷ
3264 5172 3540 5247 ἀνθρώπῳ,
3569 5168 3883 5226 Ἀκάνθας

508 5252 731 5341 δρίηαε
753 5286 823 5326 ac
838 5270 1087 5325 tribulos
1110 5270 1216 5324 tibi
1238 5276 1398 5325 terra
1411 5270 1773 5338 producet”.
1804 5272 1966 5341 Opus
1984 5270 2146 5341 igitur

2273 5277 2383 5323 xui
2424 5269 2772 5343 τριϐόλους
2811 5252 3112 5319 ἀνατελεί
3172 5270 3274 5315 σόι
3322 5264 3351 5319 ἡ
3414 5268 3511 5332 γῆ.
3564 5261 3731 5333 Χρεία
3796 5252 3882 5307 οὖν

509 5368 594 5416 est
630 5360 837 5415 labore
866 5376 935 5413 ac
968 5359 1184 5413 sudore
1228 5358 1435 5423 multo,
1468 5364 1532 5413 ut
1572 5360 1710 5429 quis
1742 5361 2058 5431 conquirat
2089 5376 2147 5415 ac

2273 5360 2509 5432 καμάτου
2545 5362 2634 5410 καὶ
2664 5362 2827 5409 κόπου
2880 5354 3090 5417 πολλοῦ,
3126 5354 3209 5405 ἴνα
3257 5370 3336 5411 τις
3382 5352 3589 5419 ζητήσῃ
3630 5350 3720 5398 καὶ
3749 5343 3883 5396 ἁπο-

502 5450 686 5523 jaciat
713 5448 1196 5518 fundamentum,
1230 5447 1423 5503 donec
1446 5447 1643 5505 veniat
1673 5448 1733 5503 in
1764 5430 1947 5503 corda
1972 5448 2136 5504 homi

2276 5430 2431 5521 θῆταί
2459 5451 2565 5518 τόν,
2600 5445 2848 5519 θεμέλιον,
2879 5444 2973 5506 ⁸ἐως
3003 5445 3085 5496 ὅτε
3117 5441 3236 5514 ἔλθη
3288 5439 3361 5501 εἰς
3392 5440 3486 5498 τὰς
3522 5430 3749 5509 καρδίας
3782 5440 3883 5485 τῶν

584 5665 632 5703 ⁷⁵
660 5666 801 5721 Gen.
828 5681 908 5734 III,
954 5663 1039 5725 18.
