4148 6262
256 308 391 364 6l3'

1513 306 1854 389 HOMILLE.
1894 339 1963 350 —
2008 310 2182 367 HOM.
2225 312 2363 368 xvr.

3510 312 3615 369 6M

254 431 539 506 ἀνθρώπων
628 439 750 505 πῦρ,
825 437 914 485 καὶ
993 432 1217 506 ἄρξηται
1304 435 1690 506 περικαθαίρειν
1763 435 1855 496 τὰς

1988 451 2116 491 ium
2154 437 2331 507 ignis,
2364 438 2464 511 qui
2507 438 2823 495 comburat
2848 454 2917 495 ac
2956 438 3245 510 depurgat
3278 438 3522 509 spinas;
3565 444 3622 495 et

253 520 484 583 ἀκάνθας
515 538 528 551 ·
561 526 650 574 καὶ
674 522 836 585 οὕτως
867 523 1129 595 ἄρχονται
1176 521 1512 592 ἁγιάζεσθαι,
1549 519 1857 586 δοξάζοντες

253 615 482 683 Πατέρα,
528 616 616 664 καὶ
663 614 803 677 Υἰὸν,
851 616 937 665 καὶ
971 611 1120 683 ἅγιον
1171 618 1397 683 Πνεῦμα,
1458 612 1533 674 εἰς
1583 616 1703 674 τοὺς
1735 613 1856 665 αἰώ-

250 720 362 762 νας.
396 700 587 773 Ἀμήν.

863 794 1107 843 ΟΜΙΛΙΛ
1149 795 1246 855 Ις-¹.

251 882 414 941 Τοὺς
460 882 943 951 πνευματικοὺς
1021 879 1396 951 ἀνθρώπους
1464 880 1858 933 ὑποκεῖσθαι

321 976 458 1029 τοῖς
504 976 907 1042 πειρασμοῖς
946 973 1055 1022 καὶ
1098 969 1391 1041 θλίψεσι,
1434 977 1578 1033 ταῖς
1610 969 1671 1022 ἐκ
1703 975 1860 1042 πρώ-

323 1077 437 1119 της
469 1058 799 1131 ἁμαρτιας
841 1058 1231 1132 βρυούσαις.

326 1148 406 1202 A'.
450 1152 627 1200 Πᾶσαι
659 1150 714 1201 αἱ
744 1152 912 1221 νοεραὶ
943 1148 1143 1215 οὐσίαι,
1191 1148 1321 1219 λέγω
1363 1145 1430 1207 δὴ
1491 1148 1739 1220 ἀγγελων,
1772 1168 1861 1217 καὶ

252 1236 466 1308 ψυχῶν,
496 1240 585 1289 καὶ
629 1234 912 1309 δαιμόνων,
964 1236 1197 1309 ἀκέραιοι
1241 1242 1330 1290 καὶ
1370 1236 1720 1290 ἁπλούστατοι
1760 1238 1861 1289 ὑπὸ

252 1332 345 1378 τοῦ
376 1332 709 1399 Δημιουργοῦ
764 1325 1086 1385 ἐκτίσθησαν
1120 1346 1132 1358 ⁸
1195 1329 1253 1378 τὸ
1314 1322 1372 1378 δὲ
1402 1345 1542 1386 τινας
1590 1324 1642 1388 ἐξ
1692 1325 1861 1378 αὐτῶν

252 1423 518 1489 τραπῆναι
556 1415 623 1475 εἰς
664 1418 719 1466 τὸ
774 1417 953 1479 κακὸν,
1003 1417 1058 1467 ἔκ
1094 1422 1184 1467 τοῦ
1245 1414 1583 1477 αὐτεξουσίου
1616 1420 1862 1488 προσεγέ-

251 1523 367 1556 νετο
424 1503 623 1564 αὐτοῖς.
680 1500 824 1573 ’ἰδίῳ
878 1505 979 1575 γὰρ
1058 1503 1309 1575 θελήματι
1360 1503 1715 1577 ἐξετράπησαν
1770 1512 1859 1556 τοῦ

254 1595 617 1664 προσήκοντος
654 1591 931 1664 λογισμοῦ.
987 1592 1046 1645 Εἰ
1104 1589 1164 1644 δέ
1219 1612 1376 1665 φαμεν
1426 1593 1589 1654 οὕτως
1630 1594 1728 1644 ὑπὸ
1769 1602 1861 1646 τοῦ

260 1687 592 1754 Δημιουργόῦ
649 1683 950 1751 κτισθῆναι,
1011 1678 1198 1734 ἄδικον
1273 1686 1456 1756 κριτὴν
1519 1682 1728 1755 λέγομεν
1772 1687 1860 1736 τὸν

1969 526 2055 580 sic
2107 527 2401 599 incipiant
2453 529 2727 585 homines
2786 528 3164 592 sanctiﬁcari,
3221 528 3620 598 gloriﬁcantes

1969 617 2216 684 Patrem,
2244 623 2301 672 et
2332 617 2565 682 Filium,
2590 622 2647 673 et
2670 617 2952 689 Spiritum
2980 622 3256 674 sanctum
3286 618 3347 674 in
3378 617 3618 675 saecula.

1965 703 2174 760 Amen.

2558 795 2854 853 HOMILIA
2894 796 3022 852 XVI.

1968 879 2325 950 Spirituales
2345 882 2605 940 homines
2628 885 2913 941 obnoxios
2940 898 3060 940 esse
3086 883 3507 939 tentatiom’bus
3530 889 3624 939 at-

2043 986 2153 1041 que
2187 972 2638 1041 afﬂictionibus,
2672 988 2747 1029 ex
2770 972 2967 1042 primo
3008 978 3247 1042 peccato
3291 972 3625 1029 scaturien-

2046 1060 2220 1115 tibus.

2045 1151 2084 1202 1.
2129 1148 2348 1205 Omnes
2397 1150 2694 1207 intellectu
2728 1150 2992 1223 praeditas
3034 1150 3406 1215 substantiae,
3442 1164 3626 1219 ange-

1972 1236 2192 1302 lorum,
2214 1239 2486 1311 inquam,
2521 1241 2864 1296 animarum
2886 1256 2955 1296 ac
2985 1240 3355 1305 daemonum,
3380 1239 3625 1294 sinceras

1974 1343 2043 1383 ac
2057 1326 2514 1399 simplicissimus
2530 1328 2894 1385 aConditore
2913 1334 3121 1385 creatae
3135 1328 3471 1394 sunt.Quod
3486 1342 3625 1383 vero

1970 1417 2277 1473 nonnullae
2308 1434 2380 1473 ex
2406 1418 2475 1472 iis
2519 1418 2596 1474 ad
2627 1419 2916 1474 malitiam
2957 1418 3207 1489 dilapsus
3238 1424 3393 1484 sunt,
3428 1422 3626 1473 ortum

1972 1511 2062 1561 est
2100 1505 2156 1561 id
2200 1522 2235 1562 a
2285 1506 2472 1563 libero
2532 1508 2794 1563 arbitrio.
2830 1508 3070 1579 Propria
3119 1507 3275 1563 enim
3321 1507 3627 1563 voluntate

1971 1594 2341 1651 deﬂexerunt
2358 1613 2391 1651 a
2417 1602 2576 1651 recta
2594 1597 2841 1652 ratione.
2865 1597 2921 1652 Si
2948 1612 3086 1652 vero
3114 1612 3458 1652 asseramus
3480 1595 3627 1651 tales

1973 1698 2009 1738 a
2054 1686 2170 1738 Deo
2211 1684 2516 1740 conditore
2564 1691 2798 1741 creatas
2838 1701 2985 1749 esse,
3033 1686 3322 1756 injustum
3363 1685 3629 1755 judicem

261 1773 412 1835 Θεὸν,
471 1774 738 1842 πέμποντα
782 1770 849 1831 εἰς
877 1778 979 1843 πῦρ
1025 1775 1111 1824 τόν
1160 1778 1407 1825 Σατανᾶν.
1449 1771 1569 1825 Εἰσὶ
1599 1773 1701 1844 γάρ
1730 1791 1863 1833 τινες

1988 1786 2109 1828 asse
2144 1775 2327 1827 Deum
2370 1772 2706 1838 statuimus,
2735 1774 2838 1845 qui
2866 1773 3153 1829 Satanam
3186 1774 3243 1828 in
3270 1773 3471 1842 ignem
3492 1788 3629 1829 con-

262 1867 362 1912 τῶν
439 1861 732 1934 αἰρετικῶν,
818 1859 1045 1931 λέγοντες
1097 1860 1223 1919 ὕλην
1280 1862 1533 1935 ἄναρχον,
1597 1866 1686 1913 καὶ
1738 1861 1863 1919 ὕλην

259 1948 437 2020 ῥίζαν,
485 1954 574 2001 καὶ
620 1950 772 2023 ῥίζαν
859 1945 1102 2021 δύναμιν,
1178 1954 1266 2002 καὶ
1316 1946 1683 2020 ἰσοδυναμίαν.
1728 1953 1863 2023 Πρὸς

264 2039 430 2108 τούτῳ
496 2038 583 2090 οὖν
637 2040 775 2109 ἔχεις
826 2038 1047 2110 εὐλόγως
1096 2038 1395 2104 ἀντιθεῖναι,
1448 2040 1527 2091 ὅτι
1588 2044 1715 2091 ποία
1752 2037 1864 2091 ἐστὶ

262 2126 439 2178 λοιπὸν
469 2129 498 2185 ἡ
531 2134 732 2178 νικῶσα
762 2124 986 2200 δύναμις
1016 2144 1029 2194 ;
1077 2126 1273 2198 ἀνάγκη
1309 2124 1366 2180 δὲ
1397 2129 1474 2180 ὅτι
1512 2130 1541 2186 ἡ
1584 2136 1675 2180 τοῦ
1708 2135 1861 2183 Θεοῦ.

264 2218 465 2268 Λοιπὸν
514 2215 686 2268 οὐκέτι
733 2218 869 2268 ἐστὶν
921 2217 1219 2290 ἰσόχρονος,
1272 2220 1302 2275 ἦ
1366 2214 1682 2289 ἰσοδυναμος
1713 2219 1738 2268 6
1778 2221 1866 2276 ἡτ-

262 2310 501 2376 τώμενος.
554 2306 621 2357 Οἱ
671 2304 902 2375 λέγοντες
957 2308 1305 2358 ἓνυπόστατον
1370 2310 1427 2357 τό
1481 2310 1659 2371 κακὸν,
1715 2304 1863 2359 οὐδὲν

261 2395 434 2446 ἴσασι.
471 2401 583 2463 Θεῷ
612 2397 713 2467 γὰρ
771 2391 921 2447 οὐδέν
976 2397 1091 2447 ἐστι
1148 2398 1307 2447 κακὸν
1339 2394 1702 2460 ἐνυπόστατον,
1734 2398 1867 2448 κατὰ

262 2486 327 2535 τὸ
354 2481 545 2543 ἀπαθὲς
599 2482 758 2534 αὐτοῦ
798 2488 887 2535 καὶ
950 2485 1114 2535 θείκὸν
1144 2500 1155 2513 ⁸
1190 2485 1317 2555 ἡμῖν
1377 2480 1436 2535 δέ
1465 2482 1604 2535 ἐστιν
1636 2482 1865 2557 ἐνεργοῦν

264 2571 313 2624 ἐν
343 2574 497 2644 πάσῃ
546 2568 764 2644 δυνάμει
818 2576 908 2625 καὶ
957 2572 1226 2638 αἰσθήσει,
1274 2574 1451 2633 πάσας
1482 2573 1759 2644 ἐπιθυμίας
1778 2573 1869 2646 ῥυ-

264 2663 435 2735 παρὰς
483 2660 791 2730 ὑποθείλλον,
848 2661 906 2713 οῦ
942 2664 1231 2736 συνεκράθη
1276 2658 1335 2714 δὲ
1375 2661 1553 2726 οὕτως,
1589 2663 1641 2713 ὃν
1680 2666 1867 2736 τρόπον

263 2753 393 2811 τινες
423 2749 637 2822 λέγουσι
681 2755 777 2809 τὴν
820 2750 961 2822 μίξιν
1013 2759 1104 2803 τοῦ
1145 2754 1282 2803 οἴνου
1328 2757 1417 2803 καὶ
1464 2759 1557 2803 τοῦ
1616 2747 1809 2811 ὓδατος
1846 2763 1859 2775 ·

264 2837 369 2890 ἀλλ’
401 2840 467 2899 ὡς
496 2840 635 2891 ἔστιν
684 2838 733 2890 ἐν
782 2846 881 2912 μιᾷ
910 2844 1069 2914 ximat
1116 2841 1141 2891 6
1174 2846 1320 2901 σῖτος
1375 2840 1494 2892 καθ’
1550 2838 1753 2905 ἑαυτὸν,
1782 2841 1868 2890 καὶ

264 2930 332 2979 τὰ
359 2927 571 2987 ζιζάνια
627 2928 743 2979 καθ’
792 2928 992 2980 ἑαυτὰ·
1043 2932 1114 2989 ὡς
1160 2932 1297 2982 ἔστιν
1350 2930 1398 2980 ἐν
1451 2930 1575 2995 οἰκῳ
1606 2930 1631 2979 6
1669 2927 1872 3001 λῃστής

268 3016 381 3066 κατ’
416 3012 578 3082 ἰδίαν,
610 3020 698 3067 καὶ
730 3017 755 3067 6
788 3013 1165 3077 οἰκοδεσπότης
1190 3017 1305 3071 κατ’
1336 3014 1496 3069 ἰδίαν.

268 3118 396 3175 quo
447 3103 653 3157 vinum
695 3120 855 3175 aqua
894 3105 1040 3160 dilui
1080 3106 1341 3173 tradunt,
1386 3105 1734 3176 permistum
1777 3109 1915 3158 est:

1970 1861 2155 1931 jiciat.
2187 1864 2311 1916 Non
2328 1861 2543 1916 desunt
2560 1862 2716 1917 enim
2736 1862 2984 1933 quidam
3012 1862 3291 1927 haeretici,
3307 1862 3409 1932 qui
3428 1861 3631 1918 dicant

1972 1951 2288 2006 materiam
2320 1950 2486 2005 initio
2511 1965 2731 2018 carere,
2760 1956 2814 2005 et
2838 1950 3147 2006 materiam
3179 1966 3310 2005 esse
3341 1949 3626 2014 radicem,

1975 2044 2030 2095 et
2056 2039 2320 2095 radicem
2352 2055 2480 2094 esse
2508 2040 2804 2104 virtutem,
2834 2045 2889 2095 et
2915 2039 3159 2111 quidem
3193 2042 3485 2111 potestate
3516 2041 3632 2094 Deo

1974 2143 2204 2200 parem.
2260 2128 2363 2183 Cui
2403 2127 2721 2183 commode
2780 2143 2849 2182 ac
2909 2129 3051 2183 scite
3111 2128 3365 2199 objicere
3412 2126 3628 2199 possis,

1975 2232 2255 2290 quaenam
2272 2231 2414 2286 ergo
2435 2216 2682 2272 demum
2706 2217 2984 2273 estvirtus
3005 2216 3269 2289 palmam
3285 2215 3633 2289 reportans?

1977 2308 2218 2378 Oportet
2254 2311 2454 2361 autem
2496 2306 2679 2361 dubio
2712 2306 2912 2376 procul
2940 2310 3292 2377 potestatem
3333 2305 3429 2361 Dei
3457 2320 3630 2371 esse;

1974 2400 2342 2467 quapropter
2360 2400 2624 2467 tempore
2656 2401 2758 2451 aut
2788 2400 3077 2466 potestate
3102 2410 3211 2465 par
3231 2410 3358 2449 esse
3390 2409 3508 2449 non
3533 2409 3635 2465 po-

1978 2490 2109 2548 test,
2151 2484 2255 2555 qui
2307 2484 2497 2539 victus
2546 2483 2906 2539 succumbit.
2950 2484 3061 2549 Qui
3114 2499 3254 2539 vero
3304 2482 3631 2548 afﬁrmant,

1980 2572 2205 2627 malum
2240 2572 2686 2628 subsistentiam
2728 2572 2787 2626 in
2830 2572 3033 2644 aliquo
3071 2571 3314 2627 habere.
3356 2570 3633 2626 omnium

1976 2676 2176 2716 rerum
2222 2660 2399 2715 rudes
2440 2667 2626 2715 sunt:
2670 2661 2729 2715 in
2764 2663 2876 2714 Deo
2925 2660 3086 2715 enim
3132 2659 3359 2715 nullum
3408 2658 3636 2714 malum

1980 2749 2271 2815 subsistit,
2305 2764 2443 2804 cum
2483 2750 2609 2821 ipse
2649 2749 3036 2820 passionibus
3081 2764 3202 2803 non
3232 2749 3307 2802 sit
3335 2747 3636 2805 obnoxius

1980 2843 2036 2894 et
2074 2837 2353 2893 deitatem
2386 2838 2693 2909 possideat
2734 2855 2747 2892 :
2789 2839 2848 2893 in
2889 2837 3063 2893 nobis
3116 2843 3318 2893 autem
3360 2843 3640 2908 operatur

1981 2942 2117 2982 cum
2151 2925 2316 2980 omni
2350 2931 2639 2995 potestate
2667 2931 2723 2980 et
2754 2942 2955 2989 sensu,
2987 2925 3285 2981 obscenas
3317 2926 3515 2980 omnis
3537 2941 3641 2995 ge-

1982 3013 2139 3068 neris
2169 3012 2525 3084 cupiditates
2555 3028 2919 3082 suggerens:
2952 3029 3071 3068 non
3107 3019 3309 3069 tamen
3342 3028 3411 3067 eo
3432 3013 3637 3081 modo,

1974 3117 2177 3156 verum
2222 3101 2469 3172 perinde
2519 3118 2589 3157 ac
2629 3107 2717 3157 est
2772 3102 2831 3156 in
2879 3117 3001 3156 una
3032 3101 3364 3171 eademque
3404 3100 3641 3169 regione

278 3191 530 3246 seorsim
561 3190 738 3247 situm
766 3192 1155 3259 frumentum,
1184 3198 1240 3249 et
1259 3195 1509 3249 seorsim
1538 3192 1679 3250 lolia
1709 3208 1719 3247 :
1755 3190 2001 3263 perinde
2019 3206 2089 3246 ac
2107 3195 2193 3247 est
2225 3191 2284 3245 in
2306 3190 2491 3246 domo
2523 3190 2773 3246 seorsim
2796 3189 2967 3255 latro,
2989 3194 3043 3246 et
3072 3190 3323 3245 seorsim
3354 3188 3640 3245 dominus

278 3281 517 3335 domus.

351 3403 427 3458 B'.
458 3403 609 3457 Ἐστι
662 3407 805 3475 πηγή
845 3404 1040 3478 ῥέουσα
1069 3401 1213 3479 ὕδωρ
1244 3407 1493 3480 καθαρὸν,
1535 3411 1624 3458 καὶ
1677 3406 1881 3459 ὑπόκει-
1908 3405 1949 3461 C

280 3514 367 3546 ται
400 3492 666 3568 βόρϐορός,
729 3494 846 3545 ὅταν
896 3494 1092 3567 ταράξῃ
1150 3515 1230 3557 τις
1276 3499 1360 3547 τὸν
1410 3495 1683 3568 βόρϐορον,
1724 3496 1812 3554 ὅλη
1846 3498 1875 3555 ἡ

276 3586 421 3653 πηγὴ
450 3582 712 3637 θολοῦται.
759 3581 910 3634 Οὒτω
961 3589 1049 3635 καὶ
1105 3585 1134 3642 ἡ
1177 3584 1332 3657 ψυχὴ
1376 3586 1495 3637 ὅταν
1547 3588 1880 3658 ταράσσηται

277 3676 366 3724 καὶ
417 3677 657 3746 κιρνᾶται
714 3679 775 3744 τῇ
808 3676 969 3744 κακίᾳ
1013 3687 1025 3699 ⁸
1065 3678 1154 3725 καὶ
1193 3674 1242 3725 ἕν
1283 3694 1335 3726 τι
1372 3680 1570 3746 γίνεται
1600 3676 1625 3727 6
1652 3682 1880 3738 Σατανᾶς

275 3763 408 3834 μετὰ
458 3768 550 3822 τῆς
608 3760 815 3833 ψυχῆς,
901 3763 1170 3833 πνεύματα
1235 3761 1516 3839 ἀμφότερα,
1585 3767 1721 3816 κατὰ
1785 3769 1878 3823 τὴν

275 3851 534 3924 πορνείαν,
565 3850 593 3908 ἦ
620 3854 705 3902 τὸν
737 3855 886 3922 φόνον
912 3870 925 3882 ι
971 3847 1064 3903 διὰ
1091 3858 1244 3904 τοῦτο
1284 3853 1308 3903 6
1352 3853 1753 3925 κολλώμενος
1806 3860 1874 3925 τῇ

278 3942 474 4010 πόρνῃ
517 3936 574 3988 ἒν
632 3938 811 4008 σῶμά
871 3939 1034 3988 ἐστι.
1068 3938 1208 3997 Πλὴν
1238 3938 1288 3989 ἐν
1318 3939 1445 4012 ἄλλη
1480 3941 1587 4012 ὥρᾳ
1618 3940 1733 3991 καθ’
1766 3939 1880 3991 ἑαυ-

276 4032 369 4085 τήν
401 4026 541 4078 ἐστιν
572 4026 601 4084 ἡ
636 4025 790 4097 ψυχὴ
824 4027 1189 4096 ἐνυπόστατος,
1248 4028 1660 4101 μεταμελουμένη
1699 4026 1771 4099 ἐφ’
1804 4026 1880 4089 οἷς

276 4113 481 4187 ἔπραξε,
544 4116 630 4165 καὶ
687 4112 873 4179 κλαίει,
934 4119 1023 4166 καὶ
1091 4116 1323 4185 εὔχεται,
1414 4120 1503 4167 καὶ
1573 4118 1880 4187 μνημονεύει

280 4206 434 4255 Θεοῦ.
487 4201 548 4253 Εἰ
589 4204 691 4273 γὰρ
721 4204 944 4253 πάντοτε
976 4198 1036 4259 ἧν
1084 4204 1113 4260 ἡ
1141 4201 1296 4274 ψυχὴ
1333 4201 1683 4276 βεϐυθισμένη
1725 4203 1792 4263 εἰς
1820 4206 1879 4255 τὸ

278 4293 457 4356 κακόν,
490 4298 594 4351 πῶς
637 4286 866 4348 ἠδύνατο
919 4298 1085 4343 ταῦτα
1135 4294 1399 4366 πράττειν,
1432 4300 1523 4345 τοῦ
1555 4298 1755 4345 Σατανᾶ
1782 4311 1882 4365 μη-

283 4373 469 4430 δέποτε
505 4378 733 4439 θέλοντος
781 4378 853 4441 εἰς
903 4381 1177 4451 μετάνοιαν
1219 4382 1474 4454 ἔρχεσθαι
1520 4385 1638 4443 τοὺς
1686 4379 1878 4453 ἀνθρώ-

279 4486 425 4532 πους,
480 4467 819 4540 ἄσπλαγχνος
871 4470 972 4543 γὰρ
1037 4470 1295 4543 ὑπάρχει.
1340 4476 1441 4523 Καὶ
1494 4472 1523 4528 ἡ
1584 4474 1714 4541 γυνὴ
1746 4471 1882 4522 κατὰ

285 4558 623 4610 συντίθεσθαι
681 4566 752 4628 τῷ
796 4554 965 4630 ἀνδρὶ,
1023 4558 1073 4610 ἓν
1130 4559 1239 4631 μετ’
1291 4560 1471 4629 αὐτοῦ,
1524 4559 1650 4617 ἄλλη
1685 4557 1744 4612 δὲ
1774 4562 1883 4635 ὥρᾳ

282 4654 667 4720 κεχωρισμένοι
710 4650 840 4703 εἰσίν
874 4668 887 4681 ·
944 4652 1020 4704 ὅτι
1080 4652 1329 4715 πολλάκις
1382 4656 1407 4705 6
1442 4652 1512 4716 εἷς
1539 4653 1702 4706 αὐτῶν
1751 4652 1881 4706 ἀπο-

2064 3405 2131 3459 Il.
2174 3404 2255 3461 Sit
2294 3404 2446 3473 fons,
2478 3405 2581 3476 qui
2614 3421 2826 3477 puram
2856 3420 3079 3479 aquam
3120 3406 3370 3470 emittat,
3400 3420 3470 3460 ac
3501 3404 3644 3461 sub-

1983 3494 2207 3565 jectum
2234 3494 2453 3549 habeat
2481 3510 2721 3549 caenum
2756 3515 2767 3553 :
2802 3511 2940 3550 cum
2971 3511 3112 3565 ergo
3154 3494 3371 3566 aliquis
3399 3509 3640 3549 caenum

1991 3584 2337 3647 turbaverit,
2367 3588 2521 3639 totus
2562 3582 2693 3638 fons
2724 3584 3107 3656 inquinatur:
3140 3585 3221 3638 sic
3246 3599 3487 3656 quoque
3506 3582 3643 3638 ani-

1989 3688 2109 3737 ma,
2131 3674 2175 3728 si
2198 3671 2371 3728 fuerit
2401 3673 2761 3745 perturbata,
2795 3673 3144 3745 inquinatur
3170 3680 3225 3727 et
3256 3672 3645 3745 permiscetur

1989 3762 2255 3817 malitiae:
2274 3762 2457 3834 ﬁtque
2477 3765 2726 3818 Satanas
2741 3778 3037 3818 consensu
3055 3778 3240 3817 unum
3256 3778 3394 3816 cum
3412 3761 3639 3826 anima,

1988 3855 2307 3922 utrumque
2334 3851 2577 3922 quidem
2603 3851 2864 3921 spiritus.
2882 3852 2959 3906 ad
2984 3854 3399 3922 stuprum,aut
3416 3849 3642 3904 caedem

1988 3940 2513 3994 committendum.
2538 3941 2883 4005 Quorcirca:
2914 3940 3028 4005 Qui
3039 3939 3302 3994 adhaeret
3317 3938 3639 4003 meretrici,

1990 4043 2175 4083 unum
2204 4043 2416 4096 corpus
2434 4034 2515 4083 est
2539 4029 2606 4079 ⁷⁷.
2638 4029 2850 4082 Verum
2875 4027 2989 4082 alia
3001 4026 3151 4082 hora
3173 4026 3419 4081 seorsim
3439 4025 3645 4081 anima

1991 4116 2279 4181 subsistit,
2322 4121 2500 4188 atque
2532 4116 2878 4188 poenitentia
2909 4131 3114 4171 eorum
3166 4131 3301 4187 quas
3344 4114 3645 4169 commisit

1989 4206 2189 4269 ducta,
2230 4205 2389 4273 luget
2420 4212 2473 4260 et
2507 4210 2803 4275 precatur,
2848 4210 3028 4275 atque
3056 4205 3157 4259 Dei
3189 4203 3558 4259 recordatur.
3586 4202 3643 4258 Si

1990 4310 2146 4350 enim
2170 4294 2373 4350 anima
2389 4309 2625 4365 semper
2640 4294 2915 4349 demersa
2937 4299 3089 4349 esset
3110 4294 3166 4347 in
3193 4293 3495 4357 malitiam,
3522 4306 3643 4363 quo

1990 4388 2165 4455 pacto
2180 4388 2378 4454 posset
2390 4383 2518 4438 haec
2535 4383 2726 4438 facere
2740 4384 2767 4439 7
2780 4398 2918 4438 cum
2940 4383 3193 4438 Satanas
3224 4396 3537 4452 nunquam
3552 4395 3647 4435 ve-

1990 4474 2071 4539 lit,
2099 4473 2258 4529 ut.ad
2280 4472 2693 4545 paenitentiam
2718 4476 3091 4527 revertantur
3110 4471 3386 4527 homines
3412 4486 3425 4538 ;
3451 4470 3530 4524 im
3543 4469 3645 4524 mi-

1993 4563 2246 4619 sericors
2279 4561 2575 4634 siquidem
2607 4566 2713 4617 est.
2738 4560 2948 4615 Itidem
2973 4558 3207 4626 mulier,
3236 4559 3483 4631 quando
3508 4573 3645 4613 cum

1989 4654 2117 4707 viro
2158 4651 2346 4707 foedus
2377 4649 2662 4706 connubii
2692 4650 2818 4715 init,
2856 4654 2943 4704 est
2977 4664 3160 4704 unum
3195 4664 3332 4703 cum
3373 4646 3493 4713 illo,
3528 4646 3647 4702 alia

287 4735 521 4799 θνήσκει,
567 4742 655 4789 καὶ
708 4739 734 4788 ὁ
790 4738 957 4811 ἔτερος
1012 4740 1097 4813 ζῇ.
1133 4746 1374 4795 Τοιοῦτόν
1424 4747 1476 4794 τί
1515 4742 1629 4794 ἐστι
1667 4746 1753 4794 καὶ
1796 4741 1873 4794 έπί

1992 4758 2129 4798 vero
2162 4741 2306 4797 hora
2349 4738 2629 4811 disjuncti
2656 4744 2811 4804 sunt,
2849 4754 2986 4793 cum
3014 4737 3235 4809 saepius
3276 4752 3432 4791 unus
3472 4751 3543 4790 ex
3574 4735 3646 4791 iis

281 4830 349 4895 τῇ
393 4829 632 4895 κοινωνίᾳ
685 4833 776 4877 τοῦ
827 4826 979 4897 ἁγίου
1032 4832 1345 4903 Πνεῦματος,
1398 4831 1446 4884 ἓν
1489 4838 1689 4905 πνεῦμα
1714 4836 1879 4903 γίνον-

283 4931 392 4965 ται.
421 4910 479 4963 Ὀ
528 4913 925 4986 κολλώμενος
960 4920 1076 4993 γὰρ
1130 4920 1209 4989 τῷ
1268 4926 1482 4996 Κυρίῳ
1536 4922 1593 4973 ἓν
1637 4922 1883 4992 πνεῦμά

280 5001 445 5055 ἐστι.
476 5009 641 5055 Τοῦτο
697 4999 755 5056 δὲ
806 5008 1019 5075 γίνεται,
1074 5008 1194 5061 ὅταν
1225 5012 1495 5083 καταποθῇ
1561 5012 1586 5062 6
1618 5012 1884 5085 ἄνθρωπος

280 5094 329 5144 ἓν
352 5091 483 5165 αὐτῇ
516 5100 578 5166 τῇ
607 5094 815 5166 χάριτι.

352 5270 425 5326 I".
460 5271 579 5324 Εἰσὶ
610 5267 674 5326 δέ
695 5290 827 5334 τινες
852 5273 1058 5344 ἔχοντες
1096 5281 1276 5346 γεῦσιν
1317 5282 1472 5342 Θεοῦ,
1538 5278 1613 5329 ἔτι
1654 5276 1886 5353 ἐνεργού-

275 5379 416 5432 μενοι
462 5362 562 5413 ὑπό
620 5368 712 5413 τοῦ
764 5360 1137 5435 ἀντικειμένου,
1172 5369 1260 5417 καὶ
1293 5364 1600 5431 ξενίζονται,
1679 5368 1885 5440 ἄπειροι

281 5449 441 5515 ὄντες,
493 5450 570 5503 ὃτι
618 5453 750 5523 μετὰ
800 5456 892 5511 τὴν
944 5450 1220 5525 ἐπίσκεψιν
1278 5460 1372 5507 τοῦ
1434 5462 1566 5507 Θεοῦ
1618 5458 1886 5529 ἐνεργοῦσι

353 5689 394 5725 ⁷⁷
430 5693 449 5745 l
481 5689 612 5748 Cor.
646 5706 725 5760 Vl,
766 5696 847 5747 t7.
927 5694 973 5729 ⁷⁸
1004 5693 1153 5754 Ibid.

1992 4831 2113 4886 vita
2144 4830 2523 4898 defungatur,
2554 4829 2698 4884 alter
2728 4843 2867 4883 vero
2900 4831 3198 4898 superstes
3230 4829 3491 4881 maneat.
3521 4826 3645 4881 Non

1993 4920 2159 4976 aliter
2190 4936 2252 4973 se
2291 4934 2383 4974 res
2427 4919 2606 4973 habet
2637 4919 2694 4972 in
2738 4917 3017 4973 societate
3052 4916 3301 4987 Spiritus
3344 4913 3554 4980 sancti,
3586 4914 3648 4968 in

1998 5024 2181 5063 unum
2203 5007 2475 5079 spiritum
2500 5006 2905 5073 evadunt.Qui
2923 5005 3075 5061 enim
3100 5005 3349 5060 Domino
3362 5003 3646 5067 adhwret,

1995 5113 2150 5154 unus
2176 5098 2422 5166 spiritus
2444 5101 2525 5153 est
2542 5098 2613 5149 τε.
2630 5096 2802 5161 Quod
2826 5095 2910 5161 ﬁt,
2930 5110 3066 5151 cum
3082 5095 3266 5149 homo
3288 5092 3653 5149 absorbetur

1996 5204 2031 5243 a
2071 5187 2283 5256 gratia.

2071 5276 2190 5347 69
2208 5276 2294 5329 ΙΙΙ.
2315 5273 2767 5338 Suntnonnulli,
2786 5273 2886 5345 qui
2902 5273 3033 5329 licet
3050 5276 3294 5342 gustum
3324 5267 3653 5325 divinitatis

1999 5363 2601 5437 perceperint,adhuc
2615 5368 2813 5419 tamen
2829 5363 2906 5418 ab
2920 5361 3269 5418 adversario
3284 5360 3585 5428 agitantur
3600 5357 3655 5410 et

1997 5458 2308 5519 vexantur,
2328 5454 2478 5510 adeo
2496 5458 2557 5509 ut
2572 5452 3019 5525 obstupescant,
3043 5450 3201 5507 velut
3221 5448 3420 5505 adhuc
3439 5442 3653 5516 ignari,
