4148 6262
568 305 674 358 615

556 536 729 574 suam
744 526 1019 574 exserant
1034 519 1109 573 ad
1128 517 1407 588 mysteria
1424 516 1765 571 Christiana;
1782 513 2212 583 religionis.0ui

553 622 695 662 vero
725 611 780 661 in
802 608 867 661 iis
887 622 1274 670 consenuere,
1294 605 1457 659 nulla
1480 604 1874 658 admiratione
1888 603 2211 658 ducuntur.

553 697 633 750 Ac
665 696 910 767 perinde
945 701 1006 750 ut
1048 696 1326 763 agricolae
1359 694 1551 764 periti,
1585 709 1656 747 ex
1683 692 1860 763 longa
1897 698 2212 747 consuetu-

550 783 710 848 dine,
754 786 800 838 si
828 784 1076 839 feracior
1107 801 1176 837 ac
1210 783 1448 838 uberior
1477 781 1652 836 fuerit
1690 782 1831 836 anni
1861 787 2208 852 tempestas,

555 887 672 927 non
709 873 885 944 plane
918 873 1146 943 absque
1185 888 1330 927 cura
1366 872 1584 936 vivunt,
1628 870 1730 925 sed
1758 875 2102 940 exspectant
2129 870 2211 926 fa-

552 977 711 1016 mem
739 968 794 1016 et
817 963 1161 1031 angustiam
1191 978 1202 1014 :
1237 976 1345 1016 nec
1370 976 1398 1014 e
1422 960 1675 1024 diverso,
1701 960 1748 1013 si
1772 959 1962 1014 fames
1984 965 2084 1014 aut
2108 975 2212 1014 an.

550 1051 745 1118 gustia
773 1067 874 1105 eos
893 1051 1217 1122 opprimat,
1248 1066 1418 1122 spem
1443 1064 1686 1104 omnem
1711 1048 2038 1119 deponunt,
2071 1064 2206 1103 cum

550 1140 1021 1194 vicissitudinem
1058 1141 1283 1210 optime
1316 1138 1617 1207 cognitam
1651 1138 1912 1193 habeant
1945 1153 1957 1191 :
1993 1138 2204 1192 eodem

549 1229 732 1282 modo
751 1245 812 1282 se
839 1245 930 1283 res
953 1229 1134 1283 habet
1157 1231 1214 1282 in
1241 1227 1653 1299 spiritualibus
1682 1244 1694 1292 ;
1721 1227 1820 1280 ubi
1849 1227 2007 1280 enim
2030 1227 2204 1280 variis

549 1317 978 1372 tentationibus
1002 1334 1292 1387 oppressa
1322 1317 1493 1371 fuerit
1521 1316 1747 1378 anima,
1780 1332 1898 1371 non
1929 1315 2205 1386 obstupe-

553 1407 680 1471 scit,
714 1421 900 1478 neque
929 1423 1096 1476 spem
1129 1406 1330 1476 abjicit
1360 1423 1372 1470 ;
1405 1407 1546 1476 quia
1580 1407 1738 1459 novit
1769 1421 1830 1459 se
1858 1421 1926 1459 ex
1962 1406 2205 1475 permis-

554 1497 718 1550 sione
742 1496 1078 1565 expositam
1110 1511 1236 1550 esse
1265 1495 1745 1566 probationibus,
1767 1512 1834 1550 ac
1868 1495 2145 1564 castigari
2168 1510 2204 1548 a

546 1584 804 1638 malitia:
829 1600 936 1638 nec
955 1583 1220 1638 vicissim
1239 1583 1487 1654 quando
1506 1599 1701 1637 rerum
1727 1583 1998 1638 omnium
2029 1583 2202 1653 cepia

543 1678 599 1728 et
624 1673 827 1743 requie
861 1673 1069 1737 afﬂuit,
1104 1689 1246 1727 cura
1274 1677 1463 1735 vacat,
1498 1672 1604 1726 sed
1637 1675 1940 1742 exspectat
1979 1671 2199 1726 vicissi-

543 1762 834 1815 tudinem.
877 1767 1066 1832 Atque
1113 1759 1202 1815 sol
1244 1777 1380 1815 cum
1425 1762 1498 1815 sit
1526 1776 1741 1830 corpus
1773 1765 1828 1815 et
1865 1760 2172 1831 opificium

2312 1759 2444 1817 σίαι,
2478 1753 2627 1807 οὐδὲν
2683 1754 2966 1829 βλάπτεται
3005 1757 3033 1814 ἦ
3068 1757 3342 1828 μολύνεται

539 1849 886 1904 illuminans
934 1865 1175 1920 quoque
1206 1849 1337 1904 loca
1367 1849 1568 1914 fetida,
1596 1865 1767 1904 coeno
1812 1865 1881 1904 ac
1919 1850 2196 1904 sordibus

540 1938 740 2008 plena,
777 1938 921 1993 nihil
953 1939 1187 1993 laeditur
1219 1946 1320 1992 aut
1342 1938 1707 1992 infuscatur:
1745 1946 1971 2009 quanto
2005 1939 2194 2006 magis

538 2042 726 2097 purus
751 2033 805 2081 et
839 2033 1083 2081 sanctus
1114 2027 1388 2097 Spiritus,
1415 2026 1772 2096 conjunctus
1793 2029 2030 2092 animm,
2057 2043 2191 2098 qua;

538 2115 738 2170 adhuc
767 2132 798 2170 a
823 2115 980 2169 malo
1012 2114 1316 2182 afﬂigitur,
1351 2113 1497 2168 nihil
1531 2114 1666 2168 inde
1694 2115 1990 2169 contrahit
2021 2113 2192 2168 vitii?

540 2205 766 2258 Etenim
791 2220 802 2255 :
838 2205 967 2259 Lux
989 2203 1053 2256 in
1079 2203 1332 2258 tenebris
1362 2204 1603 2267 lucet,et
1635 2203 1889 2258 tenebrae
1916 2218 2042 2258 eam
2071 2219 2188 2258 non

536 2293 1109 2362 comprehenderunt
1138 2293 1212 2348 7°.

606 2436 691 2489 IV.
724 2435 1008 2500 Quamvis
1040 2434 1217 2502 igitur
1251 2433 1433 2488 homo
1468 2435 1525 2488 in
1560 2434 1961 2505 profunditate
1993 2435 2083 2503 sit,
2117 2451 2186 2490 ac

535 2525 782 2578 ditescat
805 2523 1014 2590 gratia,
1043 2523 1430 2577 nihilominus
1456 2523 1626 2578 adest
1648 2524 1698 2577 ei
1731 2524 1860 2578 olus
1882 2525 1956 2579 ad
1986 2523 2185 2578 foven-

533 2611 673 2666 dam
704 2612 1012 2666 malitiam.
1058 2611 1240 2666 Habet
1267 2628 1403 2666 vero
1432 2617 1823 2682 protectorem
1857 2613 1968 2666 sibi
1998 2613 2185 2684 opitu-

531 2699 778 2755 lantem.
804 2702 995 2764 Quare
1023 2701 1216 2772 siquis
1239 2699 1658 2756 afﬂictionibus
1683 2700 2182 2756 autaffectionum

531 2789 812 2844 ﬂuctibus
837 2791 1087 2844 obrutus
1120 2790 1314 2854 fuerit,
1353 2806 1521 2860 spem
1558 2805 1676 2844 non
1700 2790 1954 2860 abjicere
1985 2791 2180 2846 debet.

532 2879 716 2947 Magis
759 2880 916 2934 enim
959 2881 1070 2934 hoc
1111 2879 1295 2933 modo
1335 2884 1644 2950 peccatum
1677 2880 2091 2935 accumulatur
2128 2885 2185 2935 et

532 2968 855 3024 subintrat.
894 2969 947 3023 Si
975 2969 1108 3039 quis
1138 2984 1274 3022 vero
1299 2974 1580 3038 perpetuo
1600 2983 1766 3038 spem
1792 2985 1964 3024 suam
1987 2971 2044 3023 in
2068 2972 2182 3025 Deo

529 3057 850 3115 collocarit.
884 3061 1224 3112 attenuatur
1253 3057 1721 3126 quodammodo,
1760 3063 1815 3112 et
1852 3059 2182 3114 exsiccatur

526 3147 772 3202 malum.
794 3146 963 3211 Quod
983 3145 1420 3217 igiturquidam
1442 3162 1513 3200 ex
1529 3146 1813 3217 paralysi,
1829 3163 1900 3202 ex
1923 3149 2177 3218 partium

525 3237 929 3307 quarumdam
981 3235 1368 3298 mutilatione,
1419 3251 1489 3289 ex
1525 3235 1692 3298 febri,
1728 3240 1783 3290 et
1830 3252 1901 3290 ex
1955 3236 2180 3291 morbis

524 3324 822 3392 laborent,
870 3324 984 3377 hoc
1026 3330 1213 3378 totum
1246 3340 1281 3379 a
1311 3330 1557 3394 peccato
1614 3325 2027 3394 proficiscitur.
2063 3328 2180 3381 Hoc

525 3413 820 3483 siquidem
837 3413 1002 3466 radix
1018 3414 1392 3467 estomnium
1412 3413 1737 3472 malorum:
1757 3419 1811 3469 et
1833 3414 2178 3470 affectiones

523 3502 1144 3571 concupiscentiarum
1179 3501 1418 3568 animae,
1445 3508 1500 3555 et
1524 3517 1847 3573 pravarum
1877 3504 2178 3572 cogitatio-

523 3606 782 3656 num,ex
811 3606 877 3643 eo
904 3591 1252 3643 scaturiunt.
1282 3590 1524 3644 Perinde
1545 3607 1612 3644 ac
1631 3590 1676 3643 si
1713 3591 1845 3646 fons
1877 3591 2173 3658 decurrat,

523 3681 615 3733 cui
640 3680 768 3733 loca
793 3678 1062 3749 proxime
1086 3678 1355 3748 subjecta
1379 3679 1490 3732 sint
1519 3678 1807 3750 uliginosa
1826 3679 2172 3736 ethumida:

520 3769 716 3823 calore
743 3769 1222 3836 veroingruente,
1241 3774 1357 3822 tam
1376 3767 1726 3839 fons,quam
1757 3769 1888 3824 loca
1904 3772 2176 3840 proxima

520 3858 934 3923 exsiccantur;
989 3857 1072 3911 sic
1124 3873 1366 3928 quoque
1421 3857 1609 3911 servis
1668 3859 1763 3912 Dei
1820 3860 2053 3928 accidit,
2111 3861 2172 3915 in

517 3948 735 4018 quibus
768 3947 1035 4002 abundat
1075 3947 1299 4016 gratia;
1329 3948 1593 4001 exsiccat
1621 3946 1780 4002 enim
1813 3964 1932 4002 non
1975 3949 2169 4003 solum

512 4037 1027 4108 concupiscentias
1078 4051 1112 4090 a
1141 4037 1378 4099 Satana,
1420 4051 1628 4089 verum
1671 4038 1849 4092 etiam
1882 4053 1916 4091 a
1955 4045 2170 4094 natura

512 4132 823 4198 suggestas
866 4146 876 4180 :
921 4141 991 4180 eo
1040 4125 1202 4196 quod
1251 4140 1411 4179 nunc
1444 4125 1548 4179 viri
1591 4126 1687 4180 Dei
1726 4127 2167 4198 praestantiores

514 4215 631 4271 sint
662 4217 854 4286 primo
887 4213 1033 4269 Ada.

583 4360 648 4412 V.
670 4362 818 4413 Deus
839 4357 1388 4427 incircumscriptus
1414 4362 1498 4412 est
1515 4362 1570 4412 et
1600 4357 2160 4429 incomprehensus,

1863 294 1922 352 S.
1971 295 2265 352 MACARII
2307 292 2610 351 EGYP’I‘II

556 431 722 501 quod
754 435 890 502 post
936 429 1336 486 visitationem
1373 427 1636 482 divinam
1668 426 2055 496 cogitationes
2095 425 2179 478 vin

2324 423 2568 494 λογισμοὶ
2594 423 2663 484 εἰς
2719 425 2784 474 τὰ
2831 426 3102 494 μυστήριὰ
3139 430 3228 475 τοῦ
3277 429 3706 494 ’Χριστιανισμοῦ

3831 295 3966 352 616

3741 444 3753 455 ⁸
3810 443 3864 475 οι
3899 444 3968 476 εη.

2324 512 2502 572 αὐτοῖς
2542 509 2600 564 δὲ
2655 513 2974 582 γηράσαντες
3029 512 3087 562 ού
3129 510 3430 573 ξενίζονται.
3505 517 3605 564 Καὶ
3668 513 3849 586 ὥσπερ
3902 514 3966 564 οἱ

2323 604 2556 673 ἔμπειροι
2621 605 2841 672 γεωργοὶ
2913 602 2967 652 ἐκ
3038 609 3130 661 τῆς
3183 600 3370 660 πολλῆς
3447 602 3746 667 συνηθείας,
3815 603 3964 653 ὅταν

2321 694 2534 761 γένηται
2601 690 2835 763 εύφορία,
2905 689 2964 741 ού
3028 689 3226 751 τελείως
3301 689 3576 763 ἁμέριμνοί
3619 690 3773 754 εἰσιν,
3829 689 3961 742 ἀλλ’

2322 776 2632 851 ἐκδέχονται
2661 784 2749 831 καὶ
2795 779 2943 850 λιμόν
2975 782 3064 831 καὶ
3093 784 3447 851 στενοχωρίαν
3479 799 3490 810 ·
3527 783 3643 831 οὗτε
3667 776 3725 832 δὲ
3749 780 3953 845 πάλιν,

2321 870 2441 921 ὅταν
2473 867 2738 940 καταλάϐῃ
2801 868 2992 927 αὐτοὺς
3043 867 3213 939 λιμός,
3252 871 3281 926 ἦ
3320 872 3665 942 στενοχωρία,
3708 867 3952 920 ἐπιπολὺ

2321 957 2692 1025 ἀπελπίζουσι,
2777 958 3109 1031 γνωρίζοντες
3194 961 3286 1015 τὴν
3374 957 3704 1028 μεταϐολήν·
3760 957 3953 1020 ούτως

2319 1049 2407 1096 καὶ
2455 1045 2528 1106 εἰς
2585 1048 2640 1096 τό
2695 1049 3061 1117 πνευματικόν,
3118 1045 3239 1097 ὅταν
3294 1052 3612 1116 πειρασμοῖς
3673 1045 3948 1107 ποικίλοις

2317 1138 2569 1206 περιπέσῃ
2628 1136 2655 1192 ἠ
2707 1135 2886 1205 ψυχὴ,
2941 1135 3000 1186 ού
3083 1134 3356 1197 ξενίζεται,
3439 1137 3555 1186 οῦτε
3629 1132 3938 1201 ἀπελπίζει,

2317 1219 2496 1280 ἐπειδὴ
2528 1219 2687 1288 οἶδεν,
2730 1223 2811 1274 ὃτι
2863 1227 2996 1276 κατά
3060 1228 3405 1298 συγχώρησιν
3461 1222 3665 1294 ἀφίεται
3696 1220 3945 1295 δοκιμα-

2320 1313 2526 1374 σθῆναι,
2578 1317 2666 1364 καὶ
2719 1310 3071 1371 παιδευθῆναι
3129 1314 3228 1364 ύπό
3283 1320 3378 1373 τῆς
3421 1317 3630 1374 κακίας.
3682 1316 3819 1365 Ούτε
3870 1310 3941 1366 δὲ

2315 1401 2483 1466 πάλιν,
2534 1401 2616 1452 ὅτε
2673 1400 2720 1451 ἐν
2782 1401 2987 1473 πλούτῳ
3071 1401 3237 1471 πολλῷ
3311 1401 3428 1453 ἐστι
3477 1407 3566 1453 καὶ
3629 1400 3940 1455 ἀναπαύσει

2315 1487 2601 1562 ἀμεριμνεῑ,
2679 1487 2787 1541 ἀλλ’
2859 1487 3136 1561 ἐκδέχεται
3212 1495 3306 1548 τήν
3372 1489 3680 1562 μεταϐολήν,
3735 1496 3838 1544 Καὶ
3908 1493 3936 1544 ὁ

2314 1575 2456 1638 ἣλιος
2512 1586 2664 1649 σῶμα
2717 1583 2806 1630 καὶ
2861 1576 3245 1653 δημιούργημα
3299 1580 3387 1642 ὢν,
3457 1578 3808 1652 καταλάμπων
3867 1577 3936 1634 δὲ

2311 1666 2382 1727 εἰς
2409 1671 2599 1728 τόπους
2633 1664 2917 1736 δυσώδεις,
2950 1671 3072 1720 ἔνθα
3119 1667 3229 1721 ἐστὶ
3262 1665 3518 1741 βόρϐορος
3545 1674 3633 1721 καὶ⁵
3674 1668 3931 1742 ἀκαθαρ-

3374 1771 3388 1785 '
3447 1762 3594 1829 πόσῳ
3633 1758 3827 1830 μᾶλλον
3865 1762 3929 1810 τὸ

2306 1846 2534 1916 καθαρόν
2577 1850 2661 1896 καὶ
2695 1845 2842 1916 ἅγιον
2884 1853 3094 1918 Πνεῦμα
3147 1865 3298 1898 συνον
3361 1855 3422 1918 τῇ
3468 1846 3623 1917 ψυχῇ
3681 1849 3754 1898 ἔτι
3783 1849 3930 1921 ἐνερ-

2303 1938 2527 2004 γουμένη
2592 1936 2692 1986 ύπὸ
2751 1943 2842 1986 τοῦ
2896 1943 3150 2010 πονηροῦ,
3209 1932 3359 1988 οὐδὲν
3431 1935 3925 2010 συμπεριλαμϐάνει

2305 2020 2391 2073 ἀπ’
2420 2023 2754 2086 αύτῶνςκαὶ
2778 2027 2878 2096 γὰρ
2906 2027 2982 2076 Τό
3016 2027 3210 2096 φῶςὲν
3263 2033 3334 2096 τῇ
3393 2029 3628 2097 σκοτίᾳ
3677 2029 3919 2097 φαίνει,

2302 2115 2408 2162 καὶ
2439 2113 2467 2169 ἡ
2504 2117 2734 2164 σκοτία
2759 2113 2912 2165 αὐτὸ
2953 2113 3019 2165 ού
3049 2111 3380 2166 κατέλαϐε.

2368 2429 2444 2487 Δ’.
2485 2435 2582 2484 Καὶ
2637 2432 2719 2484 ὅτε
2766 2430 2853 2484 οὖν
2885 2432 2932 2483 ἐν
2961 2432 3116 2505 βάθει
3165 2433 3296 2499 ἐστὶ,
3349 2439 3437 2487 καὶ
3467 2434 3678 2488 πλουτεῖ
3705 2445 3767 2508 τῇ
3804 2441 3912 2509 χάο

2294 2539 2401 2590 ριτι
2456 2521 2480 2570 ό
2529 2522 2816 2593 ἄνθρωπος,
2874 2524 2986 2573 ἔστι
3034 2522 3262 2593 λάχανον
3321 2525 3394 2574 ἔτι
3442 2525 3565 2596 παρ’
3621 2529 3762 2596 αὐτῷ
3811 2535 3908 2587 τῆς

2294 2613 2481 2670 κακίας
2522 2624 2532 2634 ·
2617 2611 2730 2680 ἔχει
2802 2630 2884 2662 τον
2957 2609 3308 2683 ἀντιληπτορα
3371 2609 3668 2684 βοηθοῦντα
3733 2615 3899 2685 αύτῷ.

2293 2697 2452 2749 Ὀταν
2507 2695 2593 2750 οὖν
2647 2719 2721 2760 τις
2770 2699 2817 2750 ἐν
2870 2700 3104 2770 θλίψεσιν
3243 2707 3330 2753 καὶ
3362 2705 3541 2754 παθῶν
3579 2710 3896 2778 τρικυμίαις,

2295 2787 2388 2837 οὐκ
2421 2787 2604 2859 ὀφείλει
2655 2788 2940 2841 ἀπελπίσαι
2975 2809 2986 2820 ·
3045 2789 3129 2841 ἐπὶ
3177 2791 3346 2843 πλεῖον
3399 2794 3501 2865 γὰρ
3542 2793 3673 2844 οὕτω
3718 2798 3896 2864 παχύ-

2292 2896 2432 2928 νεται
2459 2880 2486 2934 ἡ
2523 2877 2755 2949 ἁμαρτία
2806 2884 2896 2930 καὶ
2950 2877 3334 2952 ἐπεισέρχεται.
3389 2881 3546 2933 Ὀταν
3585 2878 3641 2933 δὲ
3679 2884 3776 2954 ἔχη
3809 2901 3893 2943 τις

2291 2969 2507 3019 πάντοτε
2555 2971 2648 3024 τὴν
2707 2965 2897 3019 ἐλπίδα
2937 2976 3028 3020 τοῦ
3062 2977 3216 3036 Θεοῦ,
3272 2971 3444 3043 ὥσπερ
3476 2970 3774 3023 λεπτύνεται
3798 2977 3892 3024 καὶ

2292 3053 2636 3128 ἐξυδαροῦται
2666 3060 2722 3108 τό
2757 3062 2936 3110 κακόν.
2999 3060 3068 3110 Τό
3118 3053 3204 3110 οὖν
3246 3055 3375 3111 εἷναί
3413 3079 3549 3120 τινας
3604 3059 3891 3133 παραλελυ·

2291 3150 2486 3217 μένους,
2557 3149 2585 3203 ἣ
2655 3145 3054 3218 λελωϐημένους,
3129 3167 3483 3221 πυρεσσοντας
3563 3155 3654 3200 καὶ
3739 3149 3890 3202 ἀσθε-

2289 3241 2521 3298 νοῦντας,
2563 3243 2714 3286 τοῦτο
2773 3234 2828 3286 ἐκ
2879 3244 2974 3296 τῆς
3033 3236 3289 3309 ἁμαρτίας
3332 3242 3685 3311 προσεγένετο.
3747 3237 3885 3296 Αύτη

2288 3326 2389 3397 γὰρ
2432 3325 2558 3398 ῥίζα
2607 3325 2718 3376 ἐστὶ
2769 3326 2972 3376 πάντων
3033 3334 3130 3376 τῶν
3187 3334 3378 3391 κακῶν,
3421 3332 3510 3378 καὶ
3549 3329 3616 3379 τὰ
3657 3329 3796 3385 πάθη
3833 3324 3890 3381 δι

2288 3421 2388 3464 τῶν
2428 3412 2714 3484 ἐπιθυμιῶν
2770 3421 2865 3474 τῆς
2912 3413 3116 3486 ψυχῆς,
3178 3419 3266 3467 καὶ
3343 3424 3441 3467 τῶν
3493 3425 3664 3467 κακῶν
3719 3413 3891 3469 διαλο-

2287 3510 2490 3572 γισμῶν
2543 3501 2596 3563 ἓξ
2641 3502 2802 3564 αὐτῆς
2853 3502 3003 3554 εἰσιν.
3059 3502 3259 3578 Ὠσπερ
3320 3503 3403 3555 ἐὰν
3502 3509 3645 3576 πηγὴ
3677 3506 3886 3579 ῥέουσα,

2287 3595 2376 3640 καὶ
2432 3593 2531 3662 ἔχῃ
2587 3595 2701 3651 τούς
2762 3597 3166 3666 παρακειμένους
3252 3597 3441 3654 τόπους
3501 3591 3748 3668 διῦγρους
3801 3601 3886 3648 καὶ

2287 3683 2519 3753 νοτερούς
2553 3697 2564 3709 ·
2647 3683 2838 3753 θέρμης
2889 3679 2947 3733 δε
3007 3686 3302 3754 γενομένης,
3363 3688 3452 3734 καὶ
3503 3683 3635 3742 αύτὴ
3698 3690 3787 3736 καὶ
3839 3687 3886 3736 οἱ

2285 3769 2504 3838 ἔγγιστα
2561 3776 2710 3821 τόποι
2766 3771 3093 3843 ξηραίνονται
3121 3788 3134 3801 ⁸
3195 3771 3358 3832 οὓτως
3389 3778 3477 3824 καὶ
3508 3774 3579 3835 εἰς
3623 3777 3740 3834 τοῦς
3770 3771 3887 3826 δού-

2283 3856 2401 3918 λους
2431 3865 2522 3908 τοῦ
2571 3863 2723 3926 Θεοῦ,
2757 3859 2828 3919 εἰς
2888 3859 2976 3919 οὓς
3028 3860 3295 3920 πλεονάζει
3346 3863 3375 3919 ἠ
3411 3864 3595 3935 χάρις,
3659 3862 3885 3936 ξηραίνει

2282 3950 2374 4003 τὴν
2405 3955 2495 3999 τοῦ
2544 3956 2770 4023 πονηροῦ
2813 3951 3111 4020 ἐπιθυμίαν,
3167 3951 3355 4022 ὁμοίως
3415 3948 3474 4003 δὲ
3519 3956 3607 4002 καὶ
3653 3957 3741 4009 τὴν
3797 3973 3885 4024 φυ-

2282 4041 2451 4105 σικὴν,
2497 4034 2674 4095 ἐπειδὴ
2728 4045 2816 4088 νῦν
2868 4040 2916 4089 οἱ
2976 4046 3067 4090 τοῦ
3127 4046 3259 4092 Θεοῦ
3314 4041 3579 4115 ἄνθρωποι
3649 4045 3876 4113 μείζονες

2276 4130 2543 4196 γίγνονται
2568 4134 2660 4179 τοῦ
2691 4132 2897 4202 πρώτου
2929 4124 3130 4199 Ἀδάμ,

2344 4358 2417 4412 E’.
2467 4357 2521 4416 Ὀ
2571 4362 2696 4420 Θεὸς
2743 4358 3124 4433 ἀπερίγραπτός
3167 4359 3280 4413 ἐστι
3332 4367 3420 4414 καὶ
3479 4361 3854 4430 ἁκατάληπτος,

509 4447 735 4518 ubique
774 4463 1094 4518 apparens,
1137 4450 1193 4500 et
1223 4448 1280 4500 in
1333 4445 1660 4511 montibus,
1701 4454 1756 4501 et
1797 4446 1855 4500 in
1906 4449 2074 4511 mari,
2107 4455 2161 4504 et

2290 4455 2545 4517 πανταχοῦ
2598 4447 2998 4520 ἐπιφαινόμενος,
3048 4455 3136 4501 καὶ
3189 4449 3237 4500 έν
3288 4459 3394 4511 τοῖς
3445 4456 3586 4523 ὄρεσι
3611 4451 3853 4525 καὶέντῇ

508 4538 713 4591 subter
734 4537 1020 4608 abyssum
1040 4555 1052 4604 ;
1070 4535 1192 4590 etid
1208 4535 1450 4606 quidem
1478 4551 1595 4589 non
1613 4535 1840 4590 ratione
1857 4538 2156 4605 transitus,

504 4625 655 4680 sicut
686 4625 880 4694 angeli
906 4624 1278 4678 descendunt
1299 4640 1328 4676 e
1361 4624 1510 4677 ccelo
1533 4623 1589 4677 in
1617 4630 1854 4678 terram.
1879 4624 1974 4678 Est
1996 4628 2155 4680 enim

503 4714 564 4768 in
598 4715 767 4778 coelo,
792 4720 878 4768 est
900 4728 1142 4783 quoque
1175 4713 1288 4765 hic.
1324 4711 1541 4766 Verum
1568 4711 1812 4781 objicics
1838 4713 2003 4779 mihi,
2033 4730 2154 4784 quo

501 4810 677 4873 pacto
710 4809 902 4873 potest
937 4805 1085 4855 Deus
1118 4817 1251 4854 esse
1281 4803 1337 4854 in
1366 4801 1661 4869 gehenna,
1694 4808 1795 4856 aut
1825 4818 1946 4874 quo
1978 4809 2152 4874 pacto

496 4900 687 4964 potest
717 4895 773 4945 in
807 4890 1064 4946 tenebris
1095 4906 1248 4955 esse,
1287 4898 1388 4944 aut
1417 4891 1476 4944 in
1510 4892 1748 4953 Satana,
1783 4897 1885 4945 aut
1916 4891 1972 4946 in
2005 4891 2149 4947 locis

495 4979 894 5050 graveolentia
928 4979 1118 5033 {elidis
1165 4978 1192 5030 ‘?
1232 4977 1584 5048 Respondeo
1614 4979 1738 5046 tibi,
1797 4979 1918 5049 pati
1948 4981 2145 5050 ipsum

494 5086 610 5124 non
629 5075 1008 5139 posse,atque
1026 5067 1231 5122 omnia
1245 5068 1545 5121 continere
1565 5083 1576 5120 :
1595 5067 2144 5140 incircumscriptus

489 5160 648 5213 enim
675 5163 765 5212 est
794 5174 806 5220 ;
853 5160 1103 5211 Satanas
1141 5173 1301 5220 vero,
1332 5173 1432 5226 qun
1474 5163 1558 5210 est
1599 5157 1727 5226 ejus
1761 5162 2050 5223 creatura,
2081 5159 2142 5214 li-

485 5253 676 5318 gatur.
710 5249 936 5300 Bonum
971 5250 1167 5300 autem
1199 5245 1395 5315 ipsum
1429 5260 1536 5299 nec
1560 5245 1838 5300 sordibus
1868 5247 2140 5318 inquina-

485 5341 598 5401 tur,
635 5350 740 5390 nec
787 5334 1037 5389 tenebris
1097 5332 1446 5387 offunditur.
1481 5333 1648 5397 Quod
1691 5334 1738 5387 si
1780 5349 1959 5403 neges
2000 5352 2138 5392 eum

480 5426 687 5482 omnia
712 5424 1036 5492 continere,
1055 5429 1110 5477 et
1137 5423 1497 5491 gehennam,
1519 5428 1574 5476 et
1597 5424 1905 5484 Satanam.
1938 5424 2136 5495 ipsum

479 5515 625 5570 facis
674 5512 1210 5585 circumscriptum,
1251 5511 1448 5590 quoad
1497 5527 1635 5566 eum
1665 5512 1862 5568 locum
1915 5514 1972 5568 in
2012 5529 2135 5584 quo

551 5694 597 5732 7°
636 5693 803 5750 Joan.
840 5709 874 5760 ι,
925 5695 1004 5749 15.

2272 4535 2534 4598 θαλάσση,
2582 4541 2670 4588 καὶ
2729 4539 2972 4590 ὑποκάτω
3003 4546 3094 4599 τῆς
3137 4537 3375 4591 ἀϐύσσου
3413 4558 3424 4569 ·
3458 4546 3547 4593 καὶ
3573 4541 3698 4613 ούχὶ
3730 4545 3856 4594 κατὰ

2265 4624 2574 4694 μετάϐασιν,
2615 4626 2667 4677 ὃν
2718 4633 2905 4700 τρόπον
2977 4631 3026 4680 οἱ
3089 4628 3296 4699 ἄγγελοι
3381 4635 3755 4703 κατερχόμενοι
3805 4631 3855 4695 ἐξ

2265 4714 2484 4786 ούρανοῦ
2516 4715 2597 4768 ἐπὶ
2633 4721 2726 4774 τὴν
2774 4726 2893 4786 γῆν.
2933 4716 3086 4770 Ἔστι
3137 4721 3238 4792 γὰρ
3273 4718 3326 4770 έν
3356 4719 3579 4790 οὐρανῷ,
3613 4725 3700 4772 καὶ
3725 4724 3850 4773 ἔστιν

2262 4800 2391 4857 ὧδε.
2426 4803 2558 4855 Ἀλλ’
2589 4803 2717 4878 ἐρεῖς
2767 4825 2857 4876 μοι
2905 4815 3009 4866 πῶς
3060 4803 3281 4858 δύναται
3308 4809 3332 4858 ὁ
3362 4816 3495 4870 Θεος
3527 4807 3574 4860 έν
3603 4816 3663 4880 τῇ
3689 4813 3844 4882 γεέννῃ

2261 4888 2408 4958 εἶναι,
2441 4897 2470 4949 ἤ
2519 4902 2627 4953 πῶς
2667 4891 2886 4945 δύναται
2927 4893 2974 4946 έν
3034 4903 3105 4966 τῷ
3169 4900 3342 4948 σκότει
3403 4895 3549 4964 εἶναι,
3616 4898 3644 4955 ἦ
3701 4896 3745 4949 ἐν
3785 4908 3849 4969 τῷ

2259 4987 2479 5051 Σατανᾷ,
2512 4986 2541 5040 ἤ
2591 4987 2767 5045 τόποις
2816 4983 2943 5035 όπου
2989 4987 3101 5036 ἐστὶ
3144 4981 3430 5051 dvo-mdia;
3483 4985 3846 5059 Ἀποκρίνομαί

2258 5089 2342 5121 σοι
2386 5072 2552 5141 κάγὼ,
2633 5072 2714 5123 ὃτι
2763 5071 2969 5134 ἀπαθής
3020 5073 3142 5125 ἐστι
3196 5080 3283 5126 καὶ
3339 5077 3508 5127 πάντα
3563 5079 3832 5149 περιέχει·

2253 5157 2644 5233 ἀπερίγραπτος
2686 5164 2786 5234 γὰρ
2848 5160 2982 5227 ἐστι,
3033 5168 3121 5215 καὶ
3181 5164 3206 5214 ό
3265 5170 3492 5224 Σατανᾶς
3539 5169 3606 5214 ὧν
3655 5169 3842 5236 κτίσμα

2252 5248 2413 5299 αὑτοῦ
2446 5245 2736 5319 δεσμεῖται.
2796 5255 2864 5304 Τό
2923 5248 2982 5303 δε
3038 5253 3233 5322 ἀγαθόν
3274 5254 3386 5304 οὔτε
3424 5254 3703 5326 ρυποῦται,
3735 5257 3839 5307 οὗτε

2254 5338 2573 5397 σκοτίζεται.
2611 5339 2667 5391 Εἰ
2697 5335 2756 5391 δὲ
2782 5340 2840 5391 ού
2889 5340 3054 5411 λέγεις
3083 5340 3236 5393 αὐτόν
3263 5345 3525 5413 περιέχειν
3555 5344 3621 5393 τόι
3658 5343 3834 5407 πάντα,

2249 5433 2338 5478 καὶ
2392 5432 2485 5485 τὴν
2523 5431 2745 5498 γέενναν,
2793 5433 2878 5480 καὶ
2933 5433 3019 5481 τόν
3073 5436 3321 5495 Σατανᾶν,
3356 5438 3521 5491 ποιεῖς
3578 5430 3732 5483 αὐτὸν
3760 5451 3835 5484 πε-

2250 5520 2534 5589 ρίγραπτον
2583 5517 2654 5578 εἰς
2693 5516 2877 5570 ἐκεῖνον
2925 5521 3010 5570 τόν
3065 5523 3239 5589 τόπον,
3297 5518 3345 5571 ἐν
3501 5518 3640 5572 ἐστιν
3691 5521 3716 5571 ό
3751 5539 3830 5574 πο-
