4148 6262
306 263 412 317 617

1558 262 1895 318 HOMILIE.
1932 293 2000 303 —
2042 263 2215 318 HOM.
2258 265 2411 322 XVI.

3553 263 3658 316 618

302 393 481 464 νηρὸς,
518 391 598 440 ἱνα
650 388 886 459 ζητῶμεν
932 386 1080 438 ἄλλον
1137 385 1383 462 ἀνώτερον
1442 387 1621 442 αὐτοῦ.
1681 387 1897 461 Ἀνάγκη

2017 388 2251 446 habitat
2279 391 2372 446 ille
2404 408 2688 464 nequam,
2713 396 2775 447 ut
2808 393 2946 448 inde
2989 391 3367 464 inquiramus
3393 389 3574 444 alium
3600 403 3670 443 eo

303 482 407 552 γὰρ
438 482 525 530 τὸν
575 482 703 531 Θεόν
743 483 1019 548 πανταχοῦ
1079 476 1327 552 ἀνώτερον
1381 478 1532 530 αὐτόν
1577 476 1705 531 εἶναι
1746 494 1756 504 ·
1815 476 1909 532 διά

307 565 367 620 δὲ
415 572 472 620 τό
504 572 794 641 μυστήριον
841 573 933 628 τῆς
993 567 1235 627 θεότητος
1273 571 1359 618 καὶ
1399 571 1485 618 τὸν
1538 568 1829 626 λεπτότητα
1859 568 1906 620 ἐν

306 656 447 727 αὐτῷ
478 659 844 729 περιεχόμενον
895 657 952 705 τό
1005 658 1210 724 σκότος,
1267 655 1324 706 ou’
1383 656 1766 728 καταλαμϐάνει
1819 663 1908 708 αό-

306 751 394 798 τόν
429 767 441 778 ·
489 749 602 798 οὔτε
661 742 881 798 δύναται
931 746 986 796 τό
1035 747 1194 794 κακὸν
1247 748 1483 816 μετέχειν
1536 756 1626 806 τῆς
1684 749 1906 820 καθαρό-

306 854 478 901 τητος,
514 838 542 894 ἦ
574 837 622 887 ἐν
654 835 794 905 αὐτῷ
844 834 976 888 ἐστι.
1028 843 1110 906 Τῷ
1150 833 1236 888 οὖν
1295 845 1408 908 Θεῷ
1459 833 1608 889 οὐδὲν
1638 841 1796 888 κακὸν
1827 836 1909 888 έν-

312 929 627 990 υπόστατον,
662 923 768 976 ἐπεὶ
801 921 950 977 οὐδὲν
983 921 1265 982 ἀδικεῖται.

381 1119 451 1184 ς·’.
483 1120 634 1192 Ἡμῖν
689 1116 748 1172 δέ
799 1122 912 1172 ἔστι
941 1123 1099 1173 κακόν
1165 1119 1258 1174 διά
1295 1125 1353 1174 1'6
1384 1122 1570 1174 οἰκεῖον
1601 1121 1651 1174 ἐν
1683 1130 1743 1193 τῇ
1787 1142 1908 1194 καρ-

313 1204 425 1279 δίᾳ,
480 1213 569 1260 καὶ
601 1207 840 1282 ἐνεργεῖν,
896 1209 1183 1261 ὑποϐάλλον
1213 1210 1497 1282 λογισμοὺς
1528 1213 1786 1282 πονηροὺς
1819 1214 1906 1261 καὶ

308 1299 598 1371 ῥυπαροὺς,
657 1303 746 1349 καὶ
803 1302 874 1368 μὴ
939 1306 1253 1371 συγχωροῦν
1305 1302 1548 1372 καθαρῶς
1615 1301 1904 1371 προσεύχε-

314 1389 459 1452 σθαι,
490 1386 596 1438 ἀλλ⁹
637 1385 1031 1458 αἰχμαλωτίζον
1089 1391 1176 1439 τόν
1229 1396 1345 1439 νοῦν
1379 1388 1448 1450 εἰς
1487 1392 1573 1439 τὸν
1603 1388 1765 1439 αἰῶνα
1794 1396 1908 1439 τοῦο

309 1495 416 1530 τον.
453 1471 762 1528 Ἐνδέδυται
816 1473 902 1527 οὖν
955 1479 1049 1537 τάς
1099 1477 1296 1547 ψυχὰς,
1331 1477 1503 1548 ἣψατο
1535 1473 1594 1529 δέ
1623 1482 1711 1529 καὶ
1738 1477 1906 1529 αὐτῶν

301 1573 403 1616 τῶν
431 1563 621 1615 ὀστέων
665 1563 848 1635 μελῶν,
897 1563 1097 1638 ’Ὠσπερ
1140 1565 1228 1616 οὖν
1278 1567 1425 1618 ἐσσιν
1475 1567 1545 1626 εἰς
1603 1570 1688 1618 τόν
1717 1566 1841 1641 ἀέρα
1880 1568 1905 1618 6

302 1657 548 1715 Σατανᾶς,
612 1657 702 1704 καὶ
765 1654 790 1703 ό
842 1657 972 1714 Θεός
1015 1659 1194 1726 παρὼν
1248 1654 1352 1706 ἐκεῖ
1408 1651 1558 1707 οὐδὲν
1616 1651 1904 1726 ἀδικεῖται,

2017 480 2404 549 superiorem.
2437 483 2689 537 Necesse
2714 487 2800 537 est
2822 482 2982 536 enim
3014 482 3198 535 Deum
3224 480 3423 551 ipsum
3454 479 3671 549 ubique

2019 570 2385 640 superiorem
2427 587 2574 625 esse.
2611 573 2824 626 Verum
2863 577 3103 642 propter
3135 570 3420 642 mysteria
3456 567 3670 620 divini-

2019 658 2152 712 tatis
2171 663 2224 712 et
2247 659 2630 714 subtilitatem
2652 660 2799 730 ejus,
2817 661 3210 731 tenebraequaa
3234 658 3311 713 ab
3331 673 3399 712 eo
3422 656 3668 728 capiun-

2019 753 2129 812 tur,
2165 763 2303 804 eum
2336 765 2453 804 non
2490 750 3049 820 comprehendunt:
3085 765 3192 802 nec
3223 746 3387 819 quod
3430 746 3655 800 malum

2019 842 2126 900 est,
2156 839 2454 910 particeps
2490 855 2620 894 esse
2648 844 2842 910 potest
2873 839 3167 909 puritatis,
3205 854 3339 908 quae
3371 841 3457 891 est
3501 834 3667 906 apud

2017 924 2224 980 Deum.
2275 930 2334 982 In
2370 931 2484 982 Deo
2534 943 2675 996 ergo
2711 928 2852 983 nihil
2898 927 3037 984 mali
3091 926 3380 988 subsistit,
3426 924 3570 996 quia
3608 938 3670 977 re

2017 1015 2266 1070 omnino
2298 1017 2462 1072 nulla
2488 1017 2624 1072 laedi
2657 1021 2867 1088 potest.

2089 1140 2207 1210 7o
2231 1140 2321 1193 VI.
2349 1142 2408 1195 In
2433 1141 2605 1196 nobis
2624 1158 2759 1196 vero
2773 1141 2958 1196 haeret
2977 1140 3222 1204 malum,
3240 1154 3310 1193 eo
3325 1136 3488 1209 quod
3502 1136 3576 1190 ha
3589 1135 3672 1190 bi-

2019 1231 2099 1281 tet
2127 1229 2186 1282 in
2218 1230 2416 1294 corde,
2451 1236 2508 1284 et
2548 1231 2697 1285 vires
2742 1247 2882 1285 suas
2915 1230 3136 1284 ibidem
3171 1233 3425 1296 exserat,
3459 1239 3672 1294 sugge-

2016 1331 2153 1370 rens
2167 1318 2554 1387 cogitationes
2569 1335 2788 1389 pravas
2807 1319 3305 1385 etobscenas,nec
3322 1314 3668 1387 permittens

2017 1420 2220 1476 preces
2246 1406 2550 1461 effundere
2574 1424 2773 1478 puras,
2800 1408 2904 1462 sed
2929 1408 3228 1478 captivam
3257 1407 3483 1460 ducens
3506 1419 3668 1457 men-

2017 1497 2134 1548 tem
2176 1495 2234 1548 in
2265 1495 2378 1550 hoc
2409 1496 2716 1550 saeculum.
2753 1496 2946 1550 Induit
2977 1496 3156 1564 igitur
3196 1494 3452 1557 animas,
3482 1497 3663 1563 atque

2016 1584 2208 1653 attigit
2233 1601 2474 1657 quoque
2500 1602 2673 1641 ossea
2698 1585 2987 1640 membra.
3011 1583 3539 1649 Quemadmodum
3563 1581 3670 1650 igi-

2015 1677 2110 1727 tur
2135 1677 2384 1729 Satanas
2409 1675 2582 1729 estin
2612 1690 2768 1738 aere,
2795 1680 2849 1729 et
2879 1677 3046 1737 Deus,
3067 1674 3167 1745 qui
3189 1678 3403 1743 praesto
3436 1670 3515 1724 ibi
3547 1675 3656 1734 est,

300 1741 468 1802 οὕτως
496 1745 584 1792 καὶ
643 1740 691 1793 ἐν
747 1750 808 1814 τῇ
842 1741 996 1814 ψυχῇ
1055 1742 1195 1795 ἐστιν
1245 1746 1273 1801 ἠ
1336 1744 1585 1816 ἁμαρτία,
1630 1744 1814 1815 ὁμοίως
1847 1743 1897 1798 δὲ

2014 1762 2160 1816 nihil
2186 1762 2417 1817 laeditur
2441 1765 2722 1817 omnino:
2758 1764 2842 1817 sic
2881 1770 3192 1832 peccatum
3225 1767 3313 1814 est
3345 1760 3402 1813 in
3439 1759 3664 1825 anima,

294 1835 384 1882 καὶ
436 1833 598 1902 χάρις
654 1836 780 1884 Θεοῦ
835 1834 1048 1884 σύνεστι
1086 1835 1252 1904 μηδὲν
1304 1830 1646 1906 ἀδικουμένη.
1703 1842 1899 1911 Ὥσπερ

295 1922 379 1972 ἒάν
421 1916 663 1992 ᾔδοῦλος
707 1923 864 1992 ἔγγὺς
913 1929 1004 1972 τοῦ
1059 1918 1318 1974 δεσπότου
1351 1923 1532 1986 αὐτοῦ,
1575 1924 1726 1986 οὗτος
1766 1928 1900 1977 πάν-

290 2028 406 2061 τοτε
450 2011 672 2080 ἔγγιστα
713 2010 873 2061 αὐτοῦ
903 2014 970 2061 ῶν
1025 2012 1124 2063 ὑπὸ
1181 2011 1334 2083 φόϐον
1387 2013 1523 2079 ἐστὶ,
1575 2010 1741 2084 μηδὲν
1780 2016 1898 2066 ἄνευ

294 2097 456 2150 αὐτοῦ
489 2094 931 2171 διαπραττόμενος
965 2115 977 2128 ⁶
1037 2101 1202 2162 οὕτως
1231 2104 1320 2151 καὶ
1357 2102 1508 2172 ἡμεῖς
1550 2110 1622 2172 τῷ
1663 2109 1897 2175 Δεσπότη

294 2195 510 2261 Χριστῷ
551 2197 622 2258 τῷ
661 2185 1065 2262 καρδιογνώστη
1119 2195 1239 2251 τοὺς
1276 2189 1559 2263 λογισμοὺς
1599 2194 1743 2264 ἡμῶν
1776 2192 1899 2244 ἀνα-

293 2278 490 2329 τιθέναι
527 2281 619 2328 καὶ
643 2285 888 2351 φανεροῦν
938 2277 1218 2350 ὀφείλομεν,
1263 2284 1351 2331 καὶ
1406 2283 1548 2351 ἔχειν
1588 2286 1680 2338 τὴν
1712 2279 1900 2335 ἐλπίδα

296 2370 386 2418 καὶ
409 2370 502 2423 τὴν
543 2369 858 2423 πεποίθησιν
902 2366 1161 2432 ἒπάῦτόν,
1203 2370 1279 2419 ὅτι
1336 2369 1537 2430 Αὐτός
1590 2373 1706 2442 μού
1759 2374 1900 2423 ἐστι

296 2451 478 2520 δόξα,
534 2460 642 2506 καὶ
685 2460 874 2516 αὑτός
904 2458 1022 2528 μού
1081 2459 1220 2510 ἐστι
1271 2463 1510 2531 Πατὴρ,
1555 2465 1661 2510 καὶ
1712 2460 1902 2522 αὐτός

294 2547 414 2616 μού
476 2544 615 2597 ἔστι
657 2545 948 2606 πλοῦτος.
1004 2547 1228 2598 Πάντοτε
1259 2548 1346 2598 οὖν
1401 2547 1447 2598 ἐν
1480 2556 1540 2619 τῇ
1601 2547 1902 2608 συνειδήσει

296 2633 504 2705 ὁφεᾶεις
535 2636 673 2705 ἔχειν
700 2638 792 2692 τὴν
824 2639 1074 2707 μέριμναν
1106 2638 1306 2687 καὶτὸν
1357 2637 1532 2708 φόϐον.
1569 2637 1683 2689 Ἐἀν
1717 2635 1774 2689 δὲ
1815 2645 1903 2691 καὶ

299 2743 379 2784 τις
416 2727 487 2795 μὴ
549 2726 648 2795 ἔχῃ
707 2729 800 2782 τὴν
845 2726 1008 2796 χάριν
1054 2732 1148 2776 τοῦ
1208 2731 1340 2777 Θεοῦ
1394 2731 1774 2798 πεφυτευμένην
1815 2735 1903 2781 καὶ

297 2816 634 2884 πεπηγμένην
678 2812 726 2864 ἐν
793 2812 980 2883 ἐαυτῷ,
1033 2815 1165 2865 ἔστω
1219 2818 1396 2874 νυκτός
1446 2819 1534 2866 καὶ
1591 2817 1784 2890 ἡμέρας
1838 2822 1901 2878 ὡς

296 2905 514 2973 φυσικόν
569 2899 696 2954 εἶναι
744 2903 1256 2975 προσκεκο).λημένον
1325 2911 1385 2976 τῇ
1438 2903 1617 2976 ψυχῇ,
1657 2909 1714 2957 τό
1781 2907 1898 2958 καθ’

295 2992 430 3062 ὥραν
458 2987 687 3060 όδηγοῦν
721 2991 876 3042 αὐτὸν
929 2995 1019 3043 καὶ
1074 2988 1371 3056 διῦπνίζον,
1413 2997 1502 3044 καὶ
1531 2995 1789 3065 ὑπορθοῦν
1829 2996 1900 3056 εἰς

2013 1850 2278 1905 similiter
2307 1867 2548 1922 quoque
2571 1853 2762 1919 gratia
2786 1852 3010 1914 divina,
3045 1867 3154 1904 nec
3183 1857 3381 1904 tamen
3409 1847 3663 1902 laeditur.

2015 1939 2256 1994 Perinde
2281 1956 2349 1994 ac
2369 1940 2415 1993 si
2447 1941 2520 1994 sit
2552 1955 2760 1994 servus
2788 1940 2961 2009 juxta
2987 1938 3303 1993 dominum
3339 1953 3536 2000 suum,
3563 1935 3668 2005 qui

2011 2044 2149 2083 cum
2172 2034 2476 2098 perpetuo,
2503 2029 2648 2082 dum
2673 2028 2750 2083 ab
2769 2031 2898 2097 ejus
2922 2027 3102 2082 latere
3116 2032 3222 2091 est,
3249 2026 3322 2079 sit
3344 2025 3456 2078 sub
3481 2030 3662 2089 metu,

2010 2117 2156 2171 nihil
2201 2116 2429 2188 absque
2472 2117 2598 2187 ejus
2623 2118 2798 2186 jussu
2843 2116 3127 2185 suscipit:
3164 2117 3249 2168 sic
3279 2129 3516 2185 quoque
3552 2128 3664 2166 nos

2012 2206 2266 2260 Domino
2307 2206 2530 2260 Christo
2563 2205 2834 2260 cordium
2872 2203 3233 2274 exploratori
3277 2202 3667 2270 cogitationes

2010 2299 2244 2348 nostras
2257 2309 2554 2364 exponere
2568 2300 2740 2365 atque
2760 2294 3009 2364 aperire,
3027 2308 3096 2347 ac
3116 2307 3280 2363 spem
3299 2296 3352 2345 et
3375 2289 3661 2344 ﬁduciam

2009 2383 2069 2436 in
2101 2399 2168 2437 eo
2207 2382 2560 2437 collocatam
2591 2382 2812 2437 habere
2843 2381 3155 2446 debemus,
3199 2381 3460 2434 dicentes
3488 2395 3498 2431 :
3534 2379 3666 2445 Ipse

2011 2477 2094 2527 est
2130 2471 2325 2541 gloria
2373 2486 2521 2537 mea,
2558 2472 2682 2538 ipse
2715 2476 2792 2526 est
2831 2471 3007 2525 Pater
3046 2484 3226 2534 meus,
3276 2469 3402 2537 ipse
3441 2467 3665 2522 divitia:

2012 2574 2171 2615 meae.
2203 2562 2554 2630 Perpetuam
2578 2560 2753 2628 igitur
2778 2558 2836 2613 in
2860 2557 3208 2613 conscentia
3233 2556 3455 2610 habere
3481 2554 3665 2608 debes

2016 2648 2476 2703 sollicitudinem
2506 2665 2573 2702 ac
2605 2653 2847 2702 metum.
2873 2646 3044 2712 Quod
3067 2649 3112 2700 si
3141 2645 3274 2718 quis
3301 2646 3554 2713 gratiam
3579 2643 3667 2697 di-

2014 2738 2216 2793 vinam
2260 2738 2590 2809 plantatam
2621 2743 2676 2793 et
2709 2737 2956 2791 inﬁxam
2996 2737 3054 2791 in
3101 2752 3228 2790 sese
3259 2751 3380 2789 non
3419 2733 3663 2800 habeat,

2012 2834 2195 2882 noctu
2225 2827 2448 2897 diuque
2478 2831 2658 2894 curet,
2693 2831 2773 2890 ut,
2809 2831 3101 2898 tanquam
3134 2823 3402 2879 naturale
3436 2823 3524 2888 sit,
3555 2821 3664 2877 ad-

2011 2916 2235 2972 haereat
2275 2918 2491 2971 animae
2529 2917 2609 2985 id,
2644 2916 2807 2987 quod
2847 2914 2925 2970 ad
2969 2916 3182 2970 horam
3233 2914 3432 2983 ipsum
3478 2911 3663 2980 ducit,

2010 3006 2226 3060 excitat
2272 3010 2450 3075 atque
2495 3003 2696 3073 dirigit
2738 3004 2814 3058 ad
2867 3019 2937 3058 ea
2984 3019 3120 3073 quin
3173 3001 3334 3057 bona
3384 3005 3543 3063 sunt,
3604 3004 3665 3053 ut

295 3079 362 3128 τά
387 3077 600 3148 ἀγαθά·
649 3081 731 3129 ἶνα
776 3085 900 3148 γοῦν
954 3083 1046 3136 τὴν
1101 3083 1351 3150 μέριμναν
1406 3083 1527 3153 ἔχῃ,
1584 3085 1669 3132 τόν
1725 3082 1897 3158 φόϐον⁵

2013 3093 2223 3149 saltem
2247 3109 2453 3148 curam
2478 3092 2719 3159 habeat,
2737 3097 2962 3147 metum
2979 3090 3354 3154 aclaborem,
3372 3093 3663 3158 tanquam

294 3169 381 3218 τόν
421 3170 594 3232 πόνον,
639 3168 707 3227 ὡς
738 3170 957 3238 φυσικόν
1009 3172 1099 3219 καὶ
1162 3169 1412 3240 ἄτρεπτον
1459 3173 1547 3221 τόν
1580 3176 1899 3244 συντριμμόν

295 3263 386 3316 τῆς
417 3251 643 3326 καρδίας
672 3257 890 3307 πάντοτε
925 3259 1282 3326 πεπηγμίνον.

363 3361 438 3416 Z'.
480 3361 679 3434 ’Ὠσπερ
737 3359 795 3414 δὲ
862 3361 1090 3434 μέλισσα
1136 3371 1378 3437 κρυπτῶς
1441 3363 1762 3437 ἐργαζομένη
1844 3371 1900 3419 τό

292 3456 473 3525 κηρίον
539 3449 587 3502 ἐν
632 3460 702 3522 τῷ
740 3471 987 3522 κοσκινῳ,
1049 3452 1212 3514 οὕτως
1261 3457 1350 3504 καὶ
1380 3454 1410 3511 ἡ
1453 3457 1616 3528 χάρις
1656 3465 1898 3528 κρυπτῶς

292 3540 569 3614 ἐργάζεται
609 3537 656 3590 ἐν
713 3547 829 3600 ταῖς
881 3536 1126 3613 καρδίαις
1177 3544 1270 3598 τὴν
1315 3541 1502 3604 ἑαυτῆς
1538 3541 1766 3613 ἀγαπην,
1810 3550 1898 3597 καὶ

290 3627 596 3700 μεταϐάλλει
626 3627 726 3680 ἀπὸ
766 3632 1094 3701 πικρότεητος
1163 3628 1233 3689 εἰς
1262 3629 1578 3699 γλυκύτητα,
1636 3631 1734 3684 ἀπό
1775 3653 1897 3705 τρα-

289 3719 521 3788 χύτητος
566 3716 631 3777 εἰς
683 3716 943 3774 λειότητα.
1012 3717 1212 3792 ’Ὠσπερ
1271 3714 1328 3770 δὲ
1388 3718 1746 3793 ἀργυροκόπος
1804 3729 1894 3774 καὶ

290 3806 674 3879 ἀναγλυφάριος
714 3805 1015 3878 ἀναγλύφων
1084 3805 1269 3860 δίσκον
1314 3812 1449 3860 κατά
1514 3815 1663 3884 μέρος
1704 3815 1893 3864 σκεπά-

294 3899 368 3958 ζει
398 3896 526 3968 ἃπερ
557 3896 736 3967 γλύφει
768 3892 997 3967 διάφορα
1027 3893 1220 3962 ζώδια,
1262 3895 1384 3948 ἒπάν
1431 3895 1490 3951 δὲ
1541 3899 1740 3972 τελέσῃ,
1781 3906 1893 3953 τότε

289 3993 498 4058 φανεροῖ
559 3984 714 4036 αὐτὸν
757 3983 1180 4058 ἐξαστράπτοντα
1231 3994 1303 4056 τῷ
1361 3992 1537 4057 φωτί·
1601 3989 1764 4050 οὕτως
1803 3991 1892 4040 καί

288 4075 314 4124 6
348 4076 534 4145 Κύριος
592 4072 830 4133 ἀληθινός
879 4078 1124 4144 τεχνίτης
1194 4072 1472 4146 ἀναγλύφει
1517 4078 1603 4136 τάς
1668 4074 1892 4150 καρδίας

286 4164 455 4234 ἡμῶν,
515 4166 603 4214 καὶ
667 4161 987 4222 ἀνακαινίζει
1043 4161 1090 4212 ἐν
1147 4168 1443 4234 μυστηρίῳ,
1485 4165 1576 4224 ἕως
1632 4162 1690 4216 οὖ
1732 4163 1888 4223 ἐκδη-

286 4257 530 4323 μήσωσιν
594 4251 650 4303 Ex
704 4259 795 4302 τοῦ
839 4256 1100 4322 σώματος,
1185 4256 1274 4302 καὶ
1333 4256 1447 4304 τότε
1510 4258 1743 4324 φαίνεται
1796 4265 1891 4317 τῆς

287 4339 474 4412 ψυχῆς
524 4343 582 4392 τὸ
613 4340 816 4401 κάλλος.
866 4342 932 4392 Οἱ
976 4344 1078 4411 γὰρ
1120 4340 1338 4401 θέλοντες
1397 4345 1555 4400 σκεύη
1600 4363 1889 4396 κατασκευ-

2010 3183 2344 3237 naturalem
2359 3189 2412 3236 et
2425 3179 2862 3237 immutabilem
2881 3178 3296 3235 contritionem
3312 3177 3509 3232 cordis
3533 3191 3664 3248 per-

2012 3275 2193 3342 petuo
2223 3270 2496 3325 inﬁxam.

2082 3376 2198 3431 VII.
2242 3376 2767 3442 Quemadmodum
2796 3380 2999 3432 autem
3040 3374 3170 3445 apis
3201 3376 3424 3428 secreto
3455 3371 3660 3427 favum

2009 3466 2182 3534 ﬁngit
2219 3483 2289 3521 ac
2321 3467 2608 3520 construit
2632 3466 2690 3519 in
2722 3465 2932 3528 alveo;
2967 3464 3049 3518 sic
3079 3478 3324 3535 quoque
3353 3460 3540 3531 gratia
3571 3476 3663 3514 se-

2008 3561 2167 3610 creto
2180 3555 2479 3610 exercetin
2498 3553 2778 3609 cordibus
2796 3553 3174 3608 dilectionem
3193 3567 3387 3614 suam,
3415 3557 3471 3604 et
3495 3549 3662 3621 quod

2008 3661 2285 3700 amarum
2307 3652 2394 3699 est
2418 3649 2606 3699 mutat
2634 3644 2692 3697 in
2720 3643 2912 3708 dulce,
2938 3642 3102 3713 quod
3125 3647 3322 3695 autem
3357 3655 3662 3710 asperum,

2005 3735 2062 3790 in
2095 3734 2155 3789 id
2182 3733 2346 3805 quod
2378 3734 2505 3788 leve
2537 3738 2646 3789 est.
2685 3732 2844 3789 Sicut
2873 3740 3073 3787 autem
3100 3731 3266 3785 faber
3291 3728 3663 3798 argentarius

2004 3823 2606 3895 etsculptor,quando
2621 3823 2856 3876 discum
2873 3820 3106 3891 sculpit,
3127 3819 3504 3889 aliquatenus
3525 3832 3663 3886 ope-

2002 3914 2076 3967 rit
2106 3914 2270 3967 varia
2305 3912 2577 3983 illa,quae
2601 3911 2816 3981 sculpit
2853 3908 3173 3964 animalia:
3205 3907 3305 3961 ubi
3338 3922 3474 3960 vero
3507 3921 3663 3974 opus

2000 4000 2222 4063 fecerit,
2245 4005 2382 4054 tunc
2411 3999 2628 4070 profert
2647 3998 2813 4053 illum
2844 3999 2902 4052 in
2929 3997 3060 4051 luce
3089 3996 3504 4063 splendentem
3531 4009 3542 4046 :
3578 3993 3662 4045 sic

2000 4104 2242 4158 quoque
2276 4088 2580 4155 Dominus,
2632 4102 2805 4140 verus
2835 4085 2928 4140 ille
2962 4084 3193 4148 artifex,
3228 4082 3443 4152 sculpit
3473 4081 3662 4136 corda

2001 4185 2220 4240 nostra,
2254 4195 2323 4234 ac
2353 4180 2585 4232 occulte
2613 4183 2874 4241 renovat,
2905 4176 3096 4231 donec
3124 4192 3153 4228 e
3185 4189 3434 4244 corpore
3473 4172 3658 4225 disce-

1999 4267 2164 4332 dant,
2191 4272 2370 4336 atque
2394 4272 2518 4321 tum
2551 4267 2878 4336 conpiscua
2911 4265 2971 4319 fit
3006 4264 3221 4318 animae
3256 4260 3656 4334 pulchritudo.

1999 4356 2110 4426 Qui
2138 4355 2297 4410 enim
2329 4354 2750 4426 supellectilem
2779 4369 2986 4424 parare
3011 4353 3067 4406 in
3087 4367 3275 4423 eaque
3300 4348 3662 4405 animalcula

289 4433 438 4497 άσαι,
500 4435 585 4482 καὶ
656 4432 886 4502 ἒνυφάνει
941 4426 1134 4493 ζώδια,
1185 4438 1386 4503 πρῶτον
1434 4432 1886 4502 κηροπλαστοῦσι,

2012 4446 2329 4517 exprimere
2362 4445 2587 4509 volunt,
2622 4444 2882 4513 primum
2925 4459 3124 4497 ceram
3158 4440 3444 4510 eﬂigiant,
3479 4445 3660 4509 atque

287 4525 377 4572 καὶ
417 4520 574 4580 οῦτως
633 4519 881 4592 ἐκχέουσι
929 4519 1047 4572 καθ’
1093 4522 1376 4591 ὁμοιότητα
1415 4519 1626 4586 ἐκείνου,
1669 4524 1802 4574 ὥστε
1833 4527 1888 4574 τὸ

292 4612 438 4681 ἔργον
491 4612 603 4662 κατ’
656 4613 815 4662 ἐκεῖνο
866 4609 1275 4669 ἀποτελεσθῆναι
1325 4612 1380 4662 1'6
1436 4619 1630 4683 σχῆμα
1671 4630 1683 4643 ·
1726 4613 1888 4673 οὕτως

292 4702 382 4748 καὶ
413 4699 442 4754 ἡ
488 4698 717 4770 ἁμαρτία
771 4707 974 4772 πνεῦμα
1029 4699 1165 4750 οὖσα
1206 4699 1376 4751 εἰκόνα
1421 4702 1553 4771 ἔχει,
1597 4704 1686 4752 καὶ
1731 4720 1890 4771 μετα-

294 4784 532 4837 ϐάλλεται
600 4786 671 4847 εἰς
726 4790 929 4858 μορφὰς
975 4787 1182 4849 πολλάς.
1241 4788 1459 4860 Ὁμοίως
1515 4785 1573 4840 δὲ
1603 4795 1692 4840 καὶ
1732 4790 1888 4841 όέσω

292 4873 562 4946 ἀνθρωπος
599 4871 789 4936 ζὼδιόν
828 4874 940 4926 ἐστί
970 4895 1042 4939 τι,
1099 4879 1221 4947 ἔχον
1261 4876 1430 4928 εἰκόνα
1459 4883 1548 4929 καὶ
1599 4883 1884 4950 μόρφωσιν.

289 4963 562 5035 Ὀμοίωμα
615 4965 716 5036 γὰρ
771 4963 881 5014 ἐστι
934 4971 1022 5014 τοῦ
1071 4965 1164 5026 ἔξω
1217 4964 1486 5037 ἀνθρώπου
1528 4968 1553 5018 6
1593 4970 1713 5019 ἔσω.
1742 4971 1891 5036 Μέγα

293 5053 379 5106 οὖν
411 5055 526 5105 ἐστι
581 5055 636 5105 τό
689 5059 872 5112 σκεῦος
929 5057 1018 5103 καὶ
1051 5057 1243 5123 τίμιον,
1299 5052 1478 5113 ἐπειδὴ
1537 5054 1638 5107 ἀπὸ
1685 5057 1888 5106 πάντων

290 5151 390 5194 τῶν
456 5144 758 5212 κτισμάτων
841 5139 946 5192 ἐκεῖ
1028 5137 1310 5197 εὐδόκησεν
1359 5144 1384 5193 ό
1433 5146 1644 5216 Κύριος.
1703 5149 1803 5196 Καὶ
1842 5145 1890 5195 οἱ

293 5235 383 5304 μέν
415 5230 604 5302 ἀγαθοὶ
642 5229 887 5301 λογισμοὶ
940 5236 1033 5289 τῆς
1060 5227 1248 5299 ψυχῆς
1273 5229 1476 5282 ἐοίκασι
1500 5231 1663 5293 λίθοις
1702 5236 1891 5303 τιμίοις

291 5326 381 5372 καὶ
445 5323 818 5392 μαργαρίταις,
885 5319 933 5370 οἱ
983 5314 1041 5369 δὲ
1097 5316 1381 5391 ἀκάθαρτοι
1439 5319 1687 5391 λογισμοὶ
1736 5339 1891 5392 μεμε-

297 5412 548 5480 στωμένοι
601 5409 731 5461 εἰσὶν
796 5406 988 5460 ὀστέων
1048 5415 1238 5481 νεκρῶν
1287 5412 1376 5460 καὶ
1442 5411 1618 5470 πάσης
1659 5410 1894 5483 ἀκαθαρ-

297 5503 438 5562 σίας,
472 5504 560 5551 καὶ
589 5494 882 5558 δυσωδίας.

372 5624 445 5678 Πλ
498 5626 563 5676 Oi
619 5621 705 5676 οὖν
758 5630 1063 5697 Χριστιανοὶ
1125 5623 1278 5677 ἄλλου
1337 5623 1520 5683 αἰῶνός
1581 5622 1731 5686 εἰσιν,
1791 5624 1894 5673 υἱοὶ

2001 4543 2123 4589 tum
2138 4535 2214 4590 ad
2231 4535 2557 4603 imaginem
2580 4533 2742 4587 illam
2761 4531 3040 4594 fundunt,
3064 4536 3123 4584 ut
3152 4547 3305 4600 opus
3324 4528 3659 4583 secundum

1998 4624 2255 4694 efﬁgiem
2276 4623 2439 4678 illam
2466 4622 2807 4678 absolutum
2838 4620 3155 4676 reddatur:
3193 4634 3314 4673 non
3337 4617 3503 4672 aliter
3529 4631 3661 4687 pec-

1999 4719 2220 4780 catum,
2262 4729 2397 4768 cum
2449 4712 2521 4766 sit
2561 4710 2821 4782 spiritus,
2865 4709 3191 4777 imaginem
3242 4706 3444 4770 habet,
3489 4721 3557 4760 ac
3600 4704 3658 4758 in

2000 4805 2189 4858 varias
2209 4805 2426 4858 formas
2440 4801 2818 4856 convertitur.
2844 4798 3121 4854 Similiter
3145 4795 3388 4850 interior
3413 4809 3656 4865 quoque

1997 4893 2181 4947 homo
2212 4890 2643 4946 animalculum
2676 4887 2986 4960 quoddam
3019 4891 3127 4952 est,
3155 4885 3414 4956 imagine
3451 4887 3507 4936 et
3535 4881 3656 4936 for-

2000 4998 2100 5036 ma
2129 4981 2466 5052 praditum,
2513 4978 2809 5048 siquidem
2862 4974 3187 5030 similitudo
3227 4979 3314 5027 est
3355 4971 3661 5027 exterioris

1997 5070 2256 5126 hominis
2280 5068 2539 5122 interior.
2568 5065 2919 5120 Praeclarum
2950 5080 3089 5132 ergo
3112 5079 3181 5117 ac
3207 5063 3529 5133 pretiosum
3553 5075 3660 5113 vas

1999 5159 2263 5230 est,quia
2280 5173 2402 5229 prae
2430 5155 2711 5210 omnibus
2733 5154 3018 5209 creaturis
3044 5153 3101 5207 in
3127 5169 3196 5206 eo
3226 5151 3474 5206 Domino
3499 5164 3658 5204 com-

2000 5249 2287 5322 placitum
2317 5251 2420 5300 est.
2449 5247 2512 5298 Et
2533 5244 2707 5298 bonae
2730 5242 2978 5313 quidem
3001 5242 3389 5309 cogitationes
3417 5237 3656 5294 assimi-

1999 5337 2198 5394 lantur
2230 5335 2533 5406 lapidibus
2570 5331 2840 5403 pretiosis
2892 5339 2945 5387 et
2990 5331 3326 5399 margaritis
3357 5347 3369 5393 ;
3406 5330 3658 5397 impurae

2001 5442 2139 5481 vero
2179 5424 2566 5493 cogitationes
2604 5421 2789 5492 plenae
2825 5426 2963 5476 sunt
2999 5421 3226 5475 ossium
3263 5424 3658 5475 mortuorum,

2004 5522 2059 5572 et
2092 5515 2288 5570 omnis
2319 5511 2618 5585 spurcitiei
2651 5527 2720 5566 ac
2747 5509 2971 5564 fetoris.

2079 5622 2210 5675 VIII.
2255 5619 2571 5675 Christiani
2617 5633 2757 5690 ergo
2798 5616 3036 5671 alterius
3101 5619 3240 5668 sunt
3283 5610 3502 5672 saeculi,
3556 5606 3656 5661 lilii
