4148 6262
453 276 563 330 619
1754 270 1816 325 S.
1855 266 2158 325 MACARII
2198 263 2505 321 IEGYPTII
3711 271 3823 325 620

451 400 593 457 Adae
624 398 897 463 caelestis,
928 412 1171 468 germen
1202 412 1448 459 novum,
1480 396 1583 453 ﬁlii
1610 395 1864 468 Spiritus
1894 392 2105 458 sancti,

2230 385 2392 461 Αδὰμ
2429 397 2521 441 τοῦ
2578 389 2905 464 ἐπουρανίου,
2960 395 3193 466 γέννημα
3232 398 3429 462 καινὸν,
3472 398 3625 447 τέκνα
3663 401 3828 448 Πνευ-

450 489 709 545 illustres
736 488 945 544 fratres
973 486 1205 551 Christi,
1232 486 1453 541 similes
1471 485 1655 541 Patris
1686 483 1797 549 sui,
1828 483 1967 538 AdtB
1996 482 2112 554 spi-

445 578 703 640 ritualis,
738 582 793 632 et
825 577 1063 631 illustris
1090 575 1245 630 illius
1282 574 1551 639 civitatis,
1584 573 1741 628 illius
1778 572 2010 642 generis
2042 586 2112 625 ac

454 666 612 722 illius
642 666 905 732 virtutis;
934 680 1323 737 nequaquam
1356 669 1490 719 sunt
1518 664 1697 733 hujus
1742 661 1973 729 mundi,
2009 659 2113 714 sed

454 756 696 813 alterius
720 754 927 810 mundi
952 760 1108 809 sunt.
1134 758 1260 824 Ipse
1285 754 1443 807 enim
1468 754 1578 808 ait:
1604 753 1740 807 Non
1759 752 1895 807 estis
1920 751 1991 806 de
2006 751 2115 805 hoc

454 845 692 910 mundo,
709 844 984 915 quoniam
1000 859 1106 898 nec
1117 858 1218 913 ego
1231 858 1354 897 sum
1371 844 1443 898 de
1455 841 1565 897 hoc
1579 842 1802 896 mundo
1819 841 1888 895 ⁸ο.
1904 842 2114 894 Verum

455 934 700 1006 perinde
721 949 791 987 ac
824 939 1115 988 mercator
1138 948 1208 987 ex
1225 931 1404 1001 longa
1426 931 1902 1002 peregrinatione
1924 944 2117 984 rever-

451 1039 573 1088 sus,
614 1028 907 1093 auctaque
947 1036 1057 1075 sua
1102 1021 1501 1091 negotiatione
1542 1020 1619 1075 ad
1662 1035 1803 1074 suos
1835 1018 2007 1081 mitit,
2053 1022 2116 1073 ut

452 1116 802 1167 construant
824 1110 934 1165 sibi
955 1110 1170 1165 domos
1191 1117 1246 1165 et
1267 1110 1490 1175 hortos,
1507 1124 1577 1164 ac
1600 1108 1954 1163 vestimenta
1976 1122 2117 1161 con-

457 1200 660 1255 ﬁciant
685 1200 1059 1256 necessaria:
1093 1204 1147 1253 et
1181 1214 1320 1254 cum
1356 1198 1689 1270 pervenerit
1715 1196 1791 1251 ad
1821 1212 1952 1263 sua,
1988 1201 2114 1250 tum

457 1304 713 1359 magnas
735 1288 974 1343 divitias
996 1287 1165 1343 affert
1191 1304 1203 1353 ;
1237 1301 1461 1355 magna
1493 1302 1631 1342 vero
1653 1285 1956 1357 excipiunt
1976 1301 2115 1340 eum

455 1376 678 1440 laetitia,
730 1383 854 1431 tum
886 1376 1215 1441 domestici,
1261 1381 1384 1429 tum
1436 1374 1676 1444 cognati
1707 1391 1720 1439 ;
1751 1374 1839 1430 sic
1869 1389 2112 1445 quoque

462 1483 525 1522 se
546 1482 640 1522 res
662 1465 844 1520 habet
870 1468 927 1520 in
956 1464 1362 1536 spiritualibus
1389 1465 1591 1528 rebus,
1622 1464 1669 1517 si
1695 1462 1943 1535 quidam
1970 1478 2117 1517 mer-

459 1556 574 1612 cati
602 1555 816 1610 fuerint
832 1554 1094 1609 emlestes
1113 1554 1368 1618 divitias,
1391 1558 1609 1607 norunt
1627 1551 1689 1607 id
1710 1567 1916 1606 eorum
1937 1551 2113 1617 cives,

459 1646 574 1702 hoc
632 1649 737 1709 est,
799 1643 1039 1715 spiritus
1108 1646 1454 1697 sanctorum
1516 1647 1571 1696 et
1628 1640 2005 1709 angelorum,
2064 1646 2119 1697 et

2220 498 2375 550 ματος
2417 479 2590 550 ἁγίου,
2625 477 2838 552 ἀδελφοὶ
2863 489 3099 555 Χριστοῦ
3131 489 3386 555 φωτεινοὶ,
3420 486 3592 556 ὅμοιοι
3627 492 3698 555 τῷ
3727 504 3829 536 πα-

2221 573 2304 642 τρὶ
2336 568 2525 637 αὐτῶν,
2552 566 2728 641 Ἀδὰμ
2758 578 2829 640 τῷ
2855 581 3186 644 πνευματικῷ
3214 578 3304 625 καὶ
3336 581 3584 646 φωτεινῷ,
3628 573 3830 635 ἐκείνης

2223 665 2321 720 τῆς
2349 658 2556 723 πόλεως,
2582 657 2773 711 ἐκείνου
2801 667 2894 712 τοῦ
2931 665 3132 731 γένους,
3169 661 3368 723 ἐκείνης
3412 671 3501 725 τῆς
3531 660 3825 733 δυνάμεως,

2224 751 2318 799 οὐκ
2350 747 2452 799 εἰσὶ
2477 754 2568 799 τοῦ
2599 752 2799 820 κόσμου
2825 752 3033 815 τούτου,
3077 750 3204 803 ἀλλά
3228 751 3383 804 ἄλλου
3410 756 3613 825 κόσμου
3646 752 3779 805 εἰσίν
3815 769 3827 783 ·

2226 835 2377 895 αὐτὸς
2397 839 2497 907 γὰρ
2524 836 2678 906 λέγει,
2712 837 2840 889 Ούκ
2873 837 3013 891 ἐστε
3044 838 3107 891 ἐκ
3132 846 3241 892 τοῦ
3282 845 3530 913 κόσμου
3570 845 3826 907 τούτου,

2226 927 2428 985 καθὼς
2468 924 2582 997 ἐγὼ
2622 926 2733 977 ούκ
2786 928 2922 999 εἰμί
2983 927 3047 980 ἐκ
3102 936 3214 981 τοῦ
3279 934 3527 1002 κόσμου
3572 933 3826 983 τούτου.

2227 1013 2364 1068 Ἀλλ’
2392 1016 2563 1087 ὥσπερ
2596 1017 2818 1090 ἔμπορος
2858 1015 2959 1069 ἀπὸ
3012 1016 3211 1070 πολλῶν
3243 1027 3409 1090 μονῶν
3451 1018 3826 1094 ἀπερχόμενος,

2226 1108 2315 1155 καὶ
2346 1103 2785 1164 πολυπλασιάζων
2850 1105 3008 1159 αὐτοῦ
3062 1110 3156 1165 τὴν
3214 1106 3486 1180 ἐμπορίαν,
3530 1108 3831 1161 ἀποστέλλει

2226 1195 2350 1267 πρὸς
2396 1195 2515 1255 τοὺς
2564 1190 2735 1256 ἰδίους
2782 1193 2866 1247 ἐπὶ
2896 1203 2967 1265 τῷ
2996 1199 3280 1255 κτισθῆναι
3335 1197 3476 1269 αύτῷ
3506 1201 3695 1264 οἴκους,
3724 1218 3828 1250 πα-

2226 1277 2526 1353 ραδείσους,
2562 1279 2829 1354 ἐνδύματα
2862 1281 3123 1356 ἀναγκαῖα
3151 1305 3163 1318 ’
3222 1290 3312 1338 καὶ
3342 1288 3462 1338 ὅταν
3497 1284 3727 1359 ἀναλύσῃ
3757 1287 3832 1347 εἰς

2227 1372 2293 1422 τὰ
2330 1368 2466 1435 ἴδια,
2504 1391 2618 1423 τοτε
2669 1373 2888 1425 πλοῦτον
2938 1374 3096 1426 πολὺν
3157 1375 3448 1449 ἐπιφέρεται
3489 1395 3500 1407 ·
3544 1377 3675 1447 μετά
3702 1374 3832 1428 πολ-

2226 1459 2314 1519 λῆς
2342 1456 2401 1511 δε
2429 1466 2606 1531 χαρᾶς
2636 1458 3031 1533 προσδέχονται
3079 1462 3235 1515 αὐτὸν
3291 1466 3339 1515 οἱ
3380 1460 3510 1517 ’ίδιοι
3548 1464 3706 1517 αὐτοῦ
3738 1469 3829 1516 καὶ

2227 1557 2560 1622 προσγενεῖς·
2622 1550 2755 1601 οὕτω
2808 1550 2902 1603 κάν
2966 1559 3079 1614 τοῖς
3155 1560 3545 1624 πνευματικοῖς,
3595 1556 3637 1604 εἰ
3695 1572 3833 1615 τινες

2229 1636 2598 1711 ἐμπορεύονται
2681 1642 2767 1690 τὸν
2831 1642 3134 1714 ἐπουράνιον
3206 1641 3443 1709 πλουτον,
3534 1646 3712 1695 ἴσασιν
3780 1645 3831 1695 οἱ

459 1733 856 1791 admiratione
878 1732 1057 1797 ducti,
1086 1731 1326 1787 dicunt:
1356 1731 1681 1787 Immensas
1710 1730 1953 1793 divitias
1977 1746 2116 1786 con-

2232 1727 2569 1799 συμπολῖται,
2627 1734 2869 1782 τουτέστι
2918 1732 2983 1782 τὰ
3034 1733 3303 1804 πνεύματα
3358 1740 3459 1785 τῶν
3526 1732 3687 1803 ἁγίων
3737 1737 3830 1785 καὶ

457 1822 1033 1891 secutisuntfratres
1054 1820 1261 1885 nostri,
1284 1821 1389 1890 qui
1410 1821 1469 1874 in
1494 1821 1672 1874 terris
1698 1824 1857 1873 sunt.
1882 1819 1948 1873 Hi
1979 1835 2116 1889 ergo

460 1912 509 1982 7
529 1912 571 1981 1
592 1926 726 1965 cum
754 1925 960 1964 secum
974 1908 1233 1964 habeant
1259 1906 1599 1978 Dominum,
1615 1923 1753 1963 cum
1776 1907 2115 1971 discedunt,

461 2015 521 2054 m
532 2014 688 2069 agna
699 2014 833 2052 cum
849 1998 1050 2052 laetitia
1063 1996 1307 2052 veniunt
1321 1997 1396 2051 ad
1411 1996 1676 2051 cmlestes
1692 1995 1919 2051 incolas
1936 2014 1948 2062 ;
1965 2012 2118 2067 quos

462 2087 781 2159 excipiunt,
828 2087 931 2158 qui
981 2091 1118 2141 sunt
1162 2101 1198 2140 a
1241 2085 1419 2141 latere
1450 2084 1702 2149 Domini,
1738 2100 1808 2140 ac
1838 2086 1943 2156 qui
1998 2084 2119 2143 illic

460 2177 544 2232 eis
574 2175 788 2230 domos
806 2179 863 2230 et
889 2175 1095 2229 hortos
1118 2178 1175 2229 et
1203 2172 1521 2245 splendida
1547 2178 1725 2245 atque
1759 2178 2120 2244 sumptuosa

463 2264 815 2320 vestimenta
842 2268 1204 2335 prasparant,
1225 2262 1544 2334 excipiunt.

533 2478 621 2533 IX.
658 2477 982 2533 Sobrietate
1029 2478 1207 2547 igitur
1248 2478 1307 2532 in
1357 2477 1639 2533 omnibus
1682 2492 1836 2548 opus
1868 2481 1973 2543 est,
2020 2492 2115 2541 ne,

463 2582 597 2638 qua:
612 2566 882 2621 videmur
894 2567 1202 2638 possidere
1216 2566 1398 2632 bona,
1419 2567 1476 2621 in
1503 2565 1825 2637 perniciem
1852 2572 2120 2621 nostram

464 2661 784 2710 vertantur.
814 2659 959 2711 Nam
1010 2656 1112 2727 qui
1160 2661 1375 2711 natura
1415 2661 1551 2711 sunt
1598 2654 1862 2724 benigni,
1905 2656 1964 2709 ni
2006 2654 2120 2710 sibi

467 2751 733 2808 caveant,
768 2760 981 2814 parum
1015 2745 1201 2809 abest,
1233 2744 1369 2816 quin
1408 2745 1484 2799 ab
1516 2746 1647 2816 ipsa
1679 2745 1941 2800 bonitate
1974 2745 2121 2799 sub-

469 2832 811 2888 trahantur:
843 2837 896 2887 et
918 2834 1331 2904 quisapientia
1358 2833 1600 2903 pollent,
1623 2834 1768 2903 quin
1792 2833 1869 2888 ab
1896 2849 1965 2888 ea
1988 2833 2121 2904 ipsa

468 2922 881 2992 surripiantur.
920 2923 1158 2991 Oportet
1206 2937 1347 2991 ergo
1391 2922 1449 2976 in
1500 2922 1780 2977 omnibus
1824 2923 2117 2994 partibus,

464 3015 862 3081 temperatum
893 3026 1017 3065 esse
1066 3010 1393 3075 hominem,
1427 3025 1643 3081 nempe
1682 3010 2116 3066 humanitatem

2228 1826 2326 1870 τῶν
2358 1815 2603 1889 ἀγγέλων,
2656 1823 2745 1870 xui
2781 1820 3119 1891 θαυμάζουσι
3157 1819 3405 1891 λέγοντες,
3460 1820 3569 1883 Εἰς
3630 1825 3829 1894 μέγαν

2228 1903 2501 1958 πλοῦτον
2536 1906 2838 1966 εἰσῆλθον
2878 1911 2935 1960 οἱ
2976 1906 3251 1981 ἀδελφοὶ
3284 1907 3461 1981 ημῷν
3500 1912 3557 1962 οἰ
3596 1908 3831 1973 iniri;

2227 2002 2302 2064 γῆ
2325 2014 2364 2055 ς.
2396 1993 2639 2066 Ἔχοντες
2668 1993 2756 2048 οὖν
2788 1997 2929 2049 οὗτοι
2979 1998 3093 2069 μεθ’
3120 1997 3312 2050 ἑαυτῶν
3336 2001 3422 2050 τὸν
3459 2002 3647 2073 Κύριον
3687 2001 3735 2051 ἓν
3763 2007 3827 2071 τῇ

2230 2081 2491 2148 ἀναλύσει,
2548 2085 2596 2135 ἐν
2644 2086 2842 2157 μεγάλη
2896 2092 3046 2161 χαρᾴ
3096 2088 3339 2160 ἔρχονται
3381 2089 3507 2158 πρὸς
3555 2090 3672 2150 τοὺς
3702 2089 3829 2156 οῖνω,

2228 2176 2317 2223 καὶ
2350 2168 2601 2243 δέχονται
2659 2173 2843 2235 αὐτοὺς
2873 2177 2921 2226 οἱ
2968 2182 3059 2228 τοῦ
3116 2182 3333 2247 Κυρίου,
3366 2175 3470 2229 ἐκεῖ
3497 2176 3833 2251 εὐτρεπίσαν-

2228 2280 2310 2321 τες
2335 2260 2507 2322 αὐτοῖς
2537 2264 2710 2324 οἴκους
2740 2268 2829 2315 καὶ
2859 2260 3237 2337 παραδείσους,
3297 2270 3384 2319 καὶ
3415 2262 3689 2339 ὶνδύματα
3715 2266 3833 2319 ὁλό-

2228 2348 2444 2423 λαμπρα
2470 2355 2560 2403 καὶ
2585 2351 2831 2411 πολυτελῆ
2849 2396 2862 2410 .

2308 2482 2386 2530 8'.
2420 2476 2643 2548 Νήψεως
2694 2473 2780 2529 οὖν
2820 2476 2866 2529 έν
2897 2484 3031 2531 πᾶσι
3072 2483 3253 2554 χρεία,
3298 2481 3379 2533 ἵνα
3426 2484 3497 2552 μὴ
3554 2484 3641 2532 καὶ
3674 2480 3709 2532 ἅ
3748 2477 3838 2534 δο-

2229 2571 2415 2637 κοῦμεν
2467 2568 2606 2638 ἔχειν
2664 2566 2857 2637 ἀγαθὰ,
2932 2571 3059 2641 πρός
3116 2567 3314 2641 βλάϐην
3359 2571 3504 2641 ἡμῶν
3567 2574 3833 2642 γένωνται.

2234 2659 2333 2706 Καὶ
2382 2658 2481 2727 γὰρ
2536 2656 2585 2706 οἱ
2628 2661 2863 2729 χρηστοὶ
2933 2659 3067 2708 κατά
3125 2660 3301 2729 φύσιν,
3364 2657 3447 2710 ἐὰν
3494 2663 3563 2729 μὴ
3619 2658 3837 2731 ἀσφαλί-

2233 2761 2447 2809 σωνται,
2510 2746 2645 2795 κατά
2699 2747 2884 2819 μικρὸν
2948 2742 3021 2797 δι’
3096 2746 3259 2808 αὐτῆς
3322 2754 3413 2807 τῆς
3465 2752 3833 2821 χρηστότητος

2231 2832 2605 2905 ύποσύρονται,
2659 2837 2746 2885 xui
2794 2835 2843 2885 οἱ
2892 2835 3103 2904 ἔχοντες
3158 2840 3362 2906 σοφίαν,
3423 2832 3493 2888 δι’
3541 2836 3694 2895 αὐτῆς
3724 2845 3825 2898 τῆς

2233 2923 2418 2991 σοφίας
2473 2920 2795 2976 κλέπτονται.
2857 2929 2939 2974 Δεῖ
2996 2920 3083 2974 οὖν
3144 2923 3191 2974 ἐν
3266 2930 3401 2977 πᾶσι
3466 2931 3563 2984 τοῖς
3619 2928 3820 2997 μέρεσι,

2232 3013 2645 3083 συγκεκραμένον
2677 3008 2806 3063 εἶναι
2851 3014 2935 3063 τὸν
2990 3013 3277 3083 ἄνθρωπον,
3331 3017 3389 3065 τὸ
3432 3016 3667 3086 χρηστὸν
3698 3016 3830 3085 μετὰ

464 3115 601 3155 cum
631 3100 934 3156 severitate
957 3100 1303 3171 permistam
1327 3099 1569 3165 habere,
1600 3100 1956 3171 sapientiam
1979 3117 2116 3155 cum

2228 3104 2319 3149 τοῦ
2362 3097 2647 3170 ἀποτόμου,
2687 3104 2745 3152 τὸ
2797 3103 2949 3173 σοφόν
2989 3103 3119 3173 μετά
3176 3099 3509 3176 διακρίσεως,
3562 3106 3647 3155 τόν
3676 3103 3830 3175 λόγον

458 3189 698 3259 jucicio,
720 3204 1054 3244 sermonem
1088 3204 1225 3243 cum
1253 3204 1452 3260 opere,
1485 3193 1664 3260 atque
1695 3189 1943 3244 omnino
1970 3189 2121 3243 ﬁdu-

463 3278 617 3333 ciam
633 3295 801 3333 snam
826 3278 881 3331 in
911 3279 1185 3341 Domino,
1216 3294 1334 3332 non
1362 3279 1565 3348 seipso
1596 3277 1907 3333 collocare.
1928 3278 2119 3333 Virtus

463 3367 622 3422 enim
645 3367 920 3422 conditur
944 3366 1123 3421 variis
1148 3366 1365 3431 modis,
1384 3366 2118 3438 tanquamcibusquidam

468 3457 841 3510 necessarius
882 3455 1125 3510 conditu
1157 3462 1257 3510 aut
1291 3454 1408 3511 alio
1439 3456 1729 3526 quodam,
1763 3462 1819 3511 et
1856 3457 1970 3512 hoc
1998 3472 2118 3513 non

467 3548 701 3598 tantum
740 3542 933 3610 melle,
966 3544 1069 3597 sed
1121 3543 1299 3598 etiam
1351 3544 1573 3616 pipere,
1617 3550 1672 3600 et
1698 3544 1778 3601 ita
1820 3546 2121 3616 reperitur

463 3630 654 3687 utilis.

539 3758 597 3810 X.
632 3754 738 3820 Qui
784 3758 1059 3810 asserunt
1089 3770 1211 3810 non
1244 3770 1374 3810 esse
1405 3760 1718 3827 peccatum
1763 3756 1824 3812 in
1852 3757 2116 3825 homine,

464 3844 709 3917 perinde
743 3848 898 3909 sunt,
929 3860 998 3899 ac
1021 3844 1122 3915 qui
1148 3843 1543 3899 inundatione
1574 3846 1905 3913 ingentium
1938 3863 2119 3919 aqua-

462 3950 597 3989 rum
619 3934 897 3998 demersi,
925 3932 1039 3987 hoc
1067 3933 1264 4003 ipsum
1284 3932 1451 3989 fateri
1476 3941 1770 4001 verentur,
1788 3936 1890 3990 sed
1916 3937 2115 3993 aiunt:

460 4023 678 4079 Sanum
718 4039 1014 4093 aquarum.
1054 4022 1425 4079 audivimus.-
1456 4023 1551 4077 Sic
1594 4039 1835 4094 quoque
1874 4025 2116 4096 profun-

460 4112 551 4167 dis
582 4111 825 4168 malitiaa
857 4111 1139 4167 ﬂuctibus
1172 4111 1449 4176 demersi,
1485 4119 1705 4183 negant
1734 4113 1791 4167 in
1823 4119 2019 4169 mente
2047 4131 2117 4170 ac

460 4201 923 4272 cogitationibus
973 4201 1095 4255 suis
1152 4206 1467 4270 peccatum
1521 4201 1766 4256 haerere.
1821 4202 1929 4257 Alii
1981 4208 2119 4258 sunt

458 4291 659 4360 igitur,
691 4290 796 4361 qui
828 4304 1102 4344 sermone
1138 4288 1380 4360 quidem
1424 4289 1641 4355 valent,
1671 4296 1727 4346 et
1766 4290 2113 4363 loquuntur,

461 4395 582 4435 non
614 4384 812 4434 tamen
846 4378 968 4433 sale
1005 4376 1225 4433 ccelesti
1267 4378 1488 4432 conditi
1523 4384 1660 4434 sunt
1692 4398 1710 4450 ;
1753 4386 2120 4453 narrantque

462 4467 649 4523 multa
673 4469 744 4522 de
773 4482 979 4523 mensa
998 4466 1163 4536 regia
1198 4482 1373 4532 ;cum
1407 4472 1607 4523 tamen
1649 4468 1792 4523 nihil
1846 4471 2119 4525 comede-
2154 4460 2195 4513 D

458 4558 594 4621 rint,
632 4572 741 4612 nec
767 4556 1102 4628 quidquam
1143 4556 1341 4627 adepti
1370 4556 1505 4611 sint.
1540 4557 1704 4613 Alius
1737 4574 1873 4614 vero
1912 4562 2117 4631 estqui

456 4652 777 4718 conspecto
809 4662 964 4716 rege.
1002 4647 1343 4715 apertisque
1374 4647 1485 4701 sibi
1518 4646 1833 4714 thesauris,
1866 4650 2121 4720 ingredi-

458 4741 553 4791 tur
570 4777 585 4800 ,
619 4752 688 4791 ac
712 4735 1115 4790 haereditatem
1135 4735 1339 4799 cernit,
1359 4735 1544 4791 edens
1564 4742 1618 4791 et
1634 4736 1848 4793 bibens
1879 4738 1952 4793 de
1974 4738 2119 4794 cibis

458 4824 571 4879 illis
597 4822 1072 4895 pretiosissimis.

534 5037 615 5093 XI.
651 5036 897 5092 Perinde
928 5052 1063 5092 vero
1094 5052 1165 5091 ac
1204 5042 1479 5107 matrem,
1512 5038 1834 5097 habentem
1874 5041 2118 5099 unicum

457 5126 672 5190 ﬁlium,
703 5124 1237 5195 formosissimum,
1266 5127 1595 5199 sapientem
1624 5131 1910 5201 omnique
1931 5131 2118 5186 bono-

457 5232 591 5272 rum
615 5230 828 5285 genere
851 5220 1227 5280 exornatum,
1252 5217 1310 5272 in
1335 5233 1457 5288 quo
1485 5233 1728 5273 omnem
1755 5234 1922 5290 spem
1942 5220 2117 5276 sitam

457 5306 655 5375 habet,
706 5304 749 5359 si
794 5320 931 5360 eum
978 5306 1285 5375 contingat
1331 5305 1408 5361 ab
1450 5306 1548 5361 illa
1593 5308 1760 5362 terris
1818 5308 2113 5380 mandari,

458 5395 607 5452 nihil
640 5395 756 5450 nisi
787 5394 959 5450 dolor
990 5394 1296 5460 assiduus,
1323 5402 1378 5450 et
1420 5395 1614 5451 luctus
1637 5396 2115 5453 consolationem

458 5501 581 5543 non
613 5484 935 5541 admittens
959 5488 1248 5555 occupat:
1282 5485 1365 5540 sic
1393 5500 1633 5557 quoque
1661 5502 1849 5554 mens,
1881 5486 2057 5559 quasi
2083 5502 2119 5544 a

540 5639 587 5674 ⁸ο
612 5639 778 5695 Joan.
813 5653 947 5709 xvn,
984 5636 1071 5692 16.

2228 3190 2358 3258 μετὰ
2388 3196 2478 3240 τοῦ
2509 3190 2683 3263 ἔργου,
2732 3192 2790 3241 τὸ
2852 3190 2964 3241 ὅλον
3011 3193 3309 3243 πεποιθέναι
3363 3192 3449 3243 ἐπὶ
3500 3194 3711 3264 Κύριον,
3739 3197 3829 3245 καὶ

2228 3282 2299 3347 μὴ
2353 3277 2428 3351 ἐφ’
2467 3277 2665 3333 ἑαυτὸν.
2697 3278 2753 3331 Ἠ
2808 3280 2908 3350 γὰρ
2968 3281 3117 3352 ἀρετὴ
3172 3275 3264 3331 διὰ
3320 3279 3517 3333 πολλῶν
3558 3278 3829 3354 ἀρτύεται,

2229 3368 2401 3438 ὥσπερ
2435 3364 2634 3440 ἔδεσμά
2664 3387 2715 3420 τι
2768 3376 2863 3419 τῶν
2922 3367 3214 3440 ἀναγκαίων
3266 3365 3359 3422 διὰ
3389 3367 3634 3423 κονδίτου
3666 3371 3695 3429 ἡ
3727 3370 3827 3423 ἑτέ-

2228 3474 2321 3529 ρου
2353 3460 2509 3521 τινὸς,
2569 3462 2659 3509 καὶ
2704 3464 2856 3509 τοῦτο
2887 3456 2945 3509 οὐ
2975 3461 3128 3529 μόνον
3170 3454 3262 3510 διὰ
3304 3458 3526 3530 μέλιτος,
3583 3459 3710 3512 ἀλλά
3740 3464 3830 3512 καὶ

2229 3549 2503 3620 πεπέρεως,
2533 3550 2616 3597 καὶ
2646 3545 2807 3607 οὓτως
2837 3547 3132 3619 εὑρίσκεται
3154 3552 3446 3621 χρήσιμον.

2304 3756 2362 3811 l’.
2435 3758 2500 3808 Οἱ
2543 3756 2774 3828 λέγοντες
2827 3762 2897 3831 μὴ
2948 3754 3077 3811 εἶναι
3130 3763 3223 3817 τὴν
3257 3759 3515 3832 ἁμαρτίαν
3556 3759 3604 3812 ἐν
3640 3768 3712 3831 τῷ
3748 3760 3834 3814 ἀν-

2234 3846 2443 3919 θρώπῳ,
2504 3848 2663 3907 οὕτως
2710 3847 2861 3914 εἰσὶν,
2916 3851 2983 3910 ὡς
3040 3850 3139 3901 ύπὸ
3219 3849 3539 3924 πλημμύρας
3620 3847 3831 3903 ύδάτων

2229 3934 2424 3987 πολλῶν
2506 3940 3058 4009 καταπεποντισμένοι,
3136 3942 3225 3990 καὶ
3296 3946 3449 3992 τοῦτο
3508 3944 3579 4012 μὴ
3650 3940 3830 4012 ὁμολο·

2228 4024 2857 4097 γοῦντες,ἀλλὰλέγοντες,
2880 4025 2902 4044 ’
2924 4032 3095 4098 Ηχον
3130 4022 3383 4079 ὑδάτων
3424 4028 3825 4100 ἠκούσαμεν·

2231 4114 2364 4165 οὕτω
2412 4120 2500 4166 καὶ
2554 4114 2702 4167 αὐτοὶ
2772 4121 3305 4188 καταπεποντισμένοι
3359 4118 3458 4169 ὑπό
3508 4125 3599 4169 τοῦ
3660 4116 3831 4189 βυθοῦ

2229 4211 2327 4253 τῶν
2358 4205 2600 4275 κυμάτων
2632 4211 2725 4264 τῆς
2755 4210 2959 4272 κακίας,
3010 4204 3068 4256 οὗ
3116 4204 3355 4277 λέγουσιν
3407 4204 3536 4258 εἶναι
3580 4205 3627 4257 ἐν
3654 4214 3726 4276 τῷ
3759 4213 3829 4275 νῷ

2229 4296 2318 4343 καὶ
2375 4299 2483 4352 τοῖς
2538 4292 2808 4365 λογισμοῖς
2860 4292 3027 4345 αὐτῶν
3081 4297 3174 4351 τὸν
3214 4294 3507 4366 ἁμαρτίαν
3557 4294 3703 4345 ἄλλοι
3740 4288 3830 4344 οὖν

2232 4380 2378 4446 εἰσιν,
2439 4383 2486 4433 οἱ
2536 4380 2687 4452 λόγον
2732 4385 2822 4451 μὲν
2857 4384 3069 4453 ἔχοντες
3106 4387 3198 4434 καὶ
3246 4382 3539 4453 λαλοῦντες,
3568 4387 3638 4455 μὴ
3670 4384 3832 4455 ἠρτυ-

2230 4473 2371 4541 μένοι
2421 4466 2481 4521 δὲ
2518 4478 2589 4540 τῷ
2642 4469 2927 4544 ἐπουρανίῳ
2985 4472 3155 4536 ἅλατι,
3216 4477 3306 4523 καὶ
3364 4468 3673 4544 διηγοῦνται
3710 4476 3831 4545 περὶ

2231 4560 2494 4630 τραπέζης
2544 4558 2824 4631 βασιλικῆς
2862 4556 3027 4633 μηδὲν
3084 4565 3350 4632 φαγόντες,
3406 4562 3435 4620 ἣ
3484 4563 3828 4633 κτησάμενοι.

2231 4647 2415 4709 Ἄλλος
2456 4645 2515 4701 δέ
2550 4648 2691 4701 ἐστιν
2720 4651 2745 4700 ό
2784 4651 3097 4722 θεασάμενος
3144 4650 3297 4703 αὐτόν
3345 4654 3429 4703 τὸν
3464 4648 3704 4724 βασιλέα,
3736 4655 3831 4703 xui

2232 4735 2531 4808 ἀνοιγέντων
2587 4738 2724 4809 αύτῷ
2785 4740 3085 4811 θησαυρῶν,
3134 4739 3396 4806 εἰσελθὼν,
3447 4745 3535 4793 καὶ
3578 4739 3832 4813 κληρονο-

2230 4832 2407 4899 μησας
2459 4833 2548 4879 xui
2593 4832 2766 4899 φαγὼν
2808 4834 2898 4879 καὶ
2940 4833 3066 4880 πιὼν
3120 4830 3175 4881 ἐκ
3231 4838 3329 4882 τῶν
3369 4826 3670 4903 ἐδεσμάτων
3702 4827 3831 4881 ἐκει-

2230 4936 2325 4969 νων
2352 4926 2449 4969 τῶν
2481 4917 2788 4972 πολυτελῶν,

2302 5040 2410 5096 ΙΑ’.
2457 5040 2657 5113 Ὥσπερ
2713 5040 2795 5093 ἐὰν
2846 5038 3084 5115 ᾖμήτηρ
3142 5044 3347 5115 ἔχουσα
3399 5063 3509 5096 υιον
3553 5052 3829 5116 μονογενῆ,

2231 5127 2610 5198 εύειδίστατον,
2693 5134 2870 5202 σοφὸν,
2944 5137 3077 5184 πᾶσι
3140 5135 3526 5204 κεκοσμημένον
3584 5131 3827 5204 ἀγαθοῖς,

2230 5219 2303 5291 ἐφ’
2454 5218 2566 5291 ἔχει
2609 5221 2779 5280 πάσας
2823 5222 2909 5281 τὰς
2948 5216 3206 5288 ἐλπιδας;
3266 5226 3357 5274 xui
3416 5220 3591 5295 συμϐῇ
3643 5228 3827 5274 τοῦτον

2228 5316 2449 5379 ταφῆναι
2501 5309 2587 5359 ὑπ’
2647 5309 2825 5369 αὐτῆς,
2861 5308 3038 5361 λοιπόν
3085 5316 3426 5382 προσγίνεται
3484 5311 3614 5384 αὐτῇ
3674 5315 3833 5372 πόνος

2230 5398 2518 5461 ἄπαυστος,
2566 5401 2657 5448 καὶ
2714 5399 2890 5459 πένθος
2966 5397 3375 5471 ἀπαραμύθητον
3411 5417 3422 5428 ·
3467 5401 3626 5460 οὕτως
3679 5401 3828 5451 καὶὸ

2228 5494 2342 5547 νοῦς
2398 5489 2461 5547 ὡς
2505 5484 2868 5551 ἀποθανούσης
2919 5486 3019 5540 ἀπὸ
3070 5496 3201 5543 Θεοῦ
3244 5497 3337 5550 τῆς
3381 5489 3591 5562 ψυχῆς,
3633 5486 3829 5561 ὀφείλει

4112 242 4138 347 i

4110 3008 4134 3119 ἱ
