4148 6262
330 260 432 318 621

1595 259 1933 317 ΗΟΜΙΙᾸᾹΞ.
1974 290 2043 302 -
2086 260 2261 317 HOM.
2303 262 2448 317 XVI.

3596 262 3703 321 622

327 386 509 444 πένθος
547 381 813 436 ἀναλαϐεῖν
852 386 942 435 καὶ
982 379 1207 455 δάκρυα,
1266 387 1418 436 πόνον
1457 386 1748 450 ἄπαυστον,
1806 404 1931 436 συν-

2056 387 2172 439 Deo
2204 389 2443 442 mortua
2482 388 2555 443 sit
2584 386 2808 454 anima,
2842 388 3043 460 lugere
3072 388 3272 451 debet,
3306 404 3375 445 ac
3398 388 3701 460 lacrymas

326 476 668 546 τετριμμένην
724 475 864 544 ἒχειν
912 468 1157 547 καρδίαν,
1208 473 1307 525 ὑπὸ
1339 472 1491 545 φόϐον
1539 471 1669 527 εἶναι
1719 480 1810 526 καὶ
1841 477 1931 546 μέ·

327 582 533 636 ριμναν,
580 564 721 633 ἔχειν
768 558 828 613 δὲ
874 565 962 613 καὶ
989 565 1081 619 τὴν
1107 568 1282 613 πεῖναν
1335 567 1423 614 καὶ
1458 560 1620 633 δίψαν
1677 571 1770 615 τοῦ
1806 564 1932 635 ἀγα-

327 658 419 703 τοῦ
455 653 715 703 πάντοτε·
764 654 849 703 τὸν
900 657 1131 702 τοιοῦτον
1186 650 1366 703 λοιπὸν
1416 648 1729 723 διαδέχεται
1767 656 1931 725 χάρις

328 748 462 795 Θεοῦ
486 745 575 793 καὶ
614 739 775 803 ἐλπὶς,
810 744 899 791 καὶ
927 740 1101 792 οὐκέτι
1152 742 1294 792 εστὶν
1334 743 1382 792 ἓν
1440 748 1510 810 τῷ
1540 744 1760 813 τοιούτῳ
1817 746 1932 795 πέν-

333 831 439 892 θος,
486 827 615 881 ἀλλά
664 832 848 902 χαίρει
876 831 946 889 ὡς
997 830 1023 879 6
1081 830 1237 902 εὑρὼν
1290 831 1573 901 θησαυρόν,
1633 836 1719 882 καὶ
1778 831 1931 883 πάλιν

330 923 504 992 τρέμει
534 922 606 990 μὴ
654 937 762 979 πως
820 916 1045 989 ἀπολέσῃ
1107 918 1282 970 αὐτόν.
1339 920 1684 991 Ἐπέρχονται
1736 922 1838 993 γὰρ
1883 922 1932 972 oi

329 1006 543 1079 λῃσταί,
574 1006 774 1076 “Ωσπερ
830 1004 913 1057 ἐάν
944 1025 1019 1067 τις
1053 1006 1124 1067 εἰς
1174 1006 1363 1067 πολλὰς
1414 1008 1787 1081 λῃστουργίας,
1843 1014 1931 1061 καὶ

330 1096 527 1168 ζημίας
592 1095 846 1167 ἐμπεσὼν,
916 1097 1044 1165 μετὰ
1109 1095 1297 1147 πολλοῦ
1354 1098 1593 1167 καμάτου
1671 1094 1929 1168 διαφύγῃ,

328 1188 419 1236 καὶ
450 1186 582 1256 μετὰ
605 1192 774 1236 ταῦτα
829 1184 950 1255 εὑρη
1005 1190 1312 1256 περιουσίαν
1368 1185 1618 1256 μεγάλην,
1669 1190 1757 1237 καὶ
1808 1187 1933 1239 ὑπό-

331 1291 519 1325 στασιν
572 1273 782 1338 πολλὴν,
830 1276 920 1324 xui
968 1273 1140 1326 οὐκέτι
1185 1270 1394 1326 δέδοικε
1454 1274 1651 1345 ζημίαν
1706 1271 1799 1326 διὰ
1846 1279 1931 1327 τόν

330 1361 687 1413 πλεονάσαντα
742 1359 1001 1413 πλοῦτον·
1080 1362 1241 1423 οὕτως
1317 1366 1407 1414 xui
1457 1365 1505 1415 οἱ
1570 1368 1927 1434 πνευματικοὶ,

329 1458 533 1523 πρῶτον
591 1446 872 1509 διελθόντες
916 1451 963 1501 ἑν
1016 1449 1223 1510 πολλοῖς
1273 1458 1587 1524 πειρασμοῖς
1642 1456 1731 1503 καὶ
1782 1451 1932 1523 φοϐε-

330 1544 444 1608 ροῖς
506 1542 703 1598 τόποις.
770 1533 895 1590 Εἶτα
945 1539 1163 1611 χάριτος
1219 1538 1565 1612 πληρωθέντες
1621 1544 1711 1591 καὶ
1775 1560 1931 1612 μεμε-

336 1628 587 1697 στωμένοι
634 1634 733 1677 τῶν
779 1624 1009 1697 ἀγαθῶν,
1053 1627 1225 1680 οὐκέτι
1275 1624 1555 1681 δεδοίκασι
1606 1632 1723 1689 τοὺς
1768 1629 1929 1682 θέλον-

2043 473 2371 540 effundere,
2413 477 2817 548 continuoque
2868 494 3124 533 mmrore
3162 477 3339 543 afﬁci,
3379 477 3698 533 contritum

2041 561 2263 618 habere
2293 580 2414 631 cor,
2441 580 2577 619 cum
2599 569 2761 621 metu
2791 571 2847 621 et
2869 566 3262 622 sollicitudine
3289 567 3477 621 vitam
3500 582 3698 635 agere,

2042 657 2096 707 et
2127 653 2577 708 continuafame
2606 670 2676 709 ac
2699 654 2789 709 siti
2819 654 3007 725 ipsius
3030 655 3173 709 boni
3195 654 3699 711 laborare.Talem

2044 742 2427 810 postmodum
2445 742 2820 812 amplectitur
2834 743 3023 812 gratia
3037 744 3134 797 Dei
3152 748 3209 798 et
3236 761 3393 812 spes,
3422 759 3531 799 nec
3544 743 3699 799 ultra

2042 836 2129 883 est
2151 829 2211 883 in
2242 829 2424 894 luctu,
2451 830 2550 885 sed
2573 832 2794 899 gaudio
2818 830 3209 903 perfunditur,
3236 831 3484 902 perinde
3517 848 3587 888 ac
3605 832 3701 887 ille

2042 918 2144 988 qui
2191 918 2535 974 thesaurum
2581 922 2814 991 reperit,
2856 936 2926 974 ac
2968 935 3172 974 rursus
3216 920 3587 986 intremiscit,
3626 935 3700 975 ne

2043 1013 2372 1077 quo_pacto
2410 1024 2548 1063 eum
2583 1008 2812 1078 perdat.
2853 1009 3177 1077 lnsurgunt
3219 1008 3375 1063 enim
3415 1007 3699 1065 latrones.

2044 1096 2289 1151 Perinde
2322 1112 2460 1150 vero
2490 1113 2559 1151 ac
2581 1098 2764 1168 quiin
2799 1097 3017 1153 multas
3052 1096 3353 1153 latronum
3380 1096 3623 1167 rapinas
3645 1102 3701 1152 et

2041 1185 2307 1258 pericula
2334 1185 2601 1257 illapsus,
2622 1203 2743 1242 non
2755 1188 2987 1259 absque
3003 1203 3228 1256 magno
3243 1186 3446 1242 labore
3473 1186 3699 1255 evadit,

2042 1290 2111 1331 ac
2141 1280 2365 1346 postea,
2389 1275 2728 1345 ingentibus
2744 1277 2962 1347 opibus
2984 1292 3053 1332 ac
3082 1275 3466 1332 facultatibus
3492 1275 3697 1331 inven-

2042 1363 2133 1431 tis,
2156 1379 2277 1418 non
2298 1364 2555 1434 amplius
2573 1365 2864 1420 damnum
2890 1365 3037 1420 illud
3062 1370 3303 1437 propter
3324 1363 3699 1419 afﬂuentiam

2040 1451 2383 1508 divitiarum
2414 1453 2650 1508 metuit:
2671 1454 2754 1509 sic
2776 1470 3021 1525 quoque
3044 1453 3379 1525 spirituales
3398 1452 3695 1517 homines,

2040 1543 2142 1612 qui
2195 1542 2357 1612 prius
2402 1557 2505 1612 per
2541 1542 2761 1598 multas
2802 1543 3155 1598 tentationes
3191 1546 3248 1597 et.
3295 1540 3699 1596 formidabilia

2038 1631 2173 1686 loca
2199 1630 2559 1686 transierunt
2600 1648 2611 1685 :
2648 1631 2866 1686 deinde
2905 1631 3096 1701 gratia
3123 1631 3370 1701 impleti,
3402 1630 3699 1701 bonisque

329 1733 423 1774 τας
478 1713 665 1776 αὐτοὺς
732 1714 981 1780 συλῆσαι,
1045 1713 1226 1775 ἐπειδὴ
1290 1718 1316 1769 6
1362 1716 1578 1777 πλοῦτος
1634 1717 1727 1769 οῦκ
1788 1721 1927 1770 ἔστιν

2045 1719 2326 1774 cumulati
2357 1726 2513 1784 sunt,
2558 1735 2678 1775 non
2723 1720 2982 1790 amplius
3023 1719 3159 1774 illos
3199 1719 3544 1783 formidant,
3595 1718 3698 1790 qui

325 1801 499 1862 αὐτοῖς
530 1802 735 1873 ὀλίγος·
798 1806 989 1875 ἔχουσι
1042 1801 1101 1857 δὲ
1131 1810 1220 1857 xui
1283 1804 1456 1876 φόϐον,
1500 1806 1557 1857 οὐ
1589 1815 1688 1858 τῶν
1739 1806 1929 1879 φοϐου-

324 1894 485 1961 μένων
538 1893 605 1943 τὰ
658 1894 860 1965 πονηρὰ
912 1896 1199 1964 πνεύματα,
1258 1893 1386 1947 ἀλλὰ
1442 1894 1596 1966 φόϐον
1648 1900 1737 1948 καὶ
1778 1902 1924 1969 μέρι-

324 1999 473 2050 μναν,
550 1988 656 2040 πῶς
721 1978 1064 2039 διοικήσουσι
1129 1986 1195 2035 τὰ
1270 1982 1676 2055 ἕμπιστευθέντα
1750 1985 1929 2047 αὐτοῖς

326 2072 651 2141 πνευματικὰ
673 2075 1009 2144 χαρίσματα.

397 2370 493 2425 lB’.
550 2378 705 2443 Ἔχει
761 2370 819 2426 δὲ
885 2376 911 2425 ό
976 2381 1211 2436 τοιοῦτος
1270 2371 1693 2447 ἓξουδενούμενον
1752 2376 1930 2430 ἑαυτὸν

329 2467 470 2537 παρά
534 2467 726 2526 πάντας
792 2466 1149 2542 ἁμαρτωλοὺς,
1208 2472 1299 2520 καὶ
1351 2470 1462 2539 ἔχει
1519 2468 1567 2520 ἕν
1629 2468 1791 2541 ἑαυτῷ
1844 2474 1931 2523 τόν

326 2562 559 2607 τοιοῦτον
624 2556 875 2627 λογισμὸν
950 2559 1329 2629 ἐμφυτευθέντα
1401 2561 1469 2619 ὡς
1529 2562 1769 2629 φυσικόν,
1848 2574 1932 2621 καὶ

327 2645 447 2695 ὅσον
478 2643 766 2716 εἰσέρχεται
824 2646 891 2707 εἰς
915 2654 1108 2716 γνῶσιν
1169 2655 1320 2708 Θιοῦ,
1375 2654 1625 2699 τοσοῦτον
1678 2651 1792 2719 ἔχει
1844 2650 1933 2700 αῦ-

324 2734 408 2784 τὸν
462 2729 700 2797 ἰδιώτην,
758 2740 848 2787 xui
908 2736 1029 2787 ὅσον
1091 2738 1353 2806 μανθάνει,
1426 2735 1498 2798 εἰς
1554 2733 1721 2808 μηδὲν
1784 2735 1932 2799 εἰδώς

326 2823 456 2875 ἐστι.
485 2829 662 2875 Ταῦτα
702 2819 761 2875 δε
791 2825 819 2881 ἡ
862 2825 1026 2896 χάρις
1057 2821 1400 2891 διακονοῦσα,
1432 2828 1501 2888 ὡς
1541 2829 1739 2896 φυσικά
1777 2827 1827 2878 ἐν
1867 2835 1927 2899 τῇ

324 2913 478 2981 ψυχῇ
513 2909 894 2982 ἀπεργάζεται.
938 2910 1137 2986 “Qa-mp
1178 2915 1263 2964 ἰὰν
1375 2911 1586 2966 παιδίον
1626 2916 1726 2966 ὑπὸ
1766 2921 1933 2968 νεανί-

329 3016 457 3049 σκου
514 2996 903 3070 βασταζόμενον
944 3006 1033 3052 καὶ
1080 3001 1105 3052 6
1154 2998 1454 3072 βαστάζων,
1505 3003 1629 3054 αὐτό
1674 3008 1932 3075 περιφέρει

2037 1808 2373 1878 όθρτωᾱᾶιτὶ
2388 1824 2491 1862 eos
2505 1808 3105 1880 volebant,quoniam
3131 1807 3289 1863 haud
3305 1807 3535 1875 exiguas
3562 1810 3699 1861 sunt

2039 1899 2305 1969 ipsorum
2338 1912 2520 1966 opes;
2546 1912 2665 1952 non
2699 1903 2896 1952 tamen
2922 1912 3167 1967 prorsus
3197 1900 3361 1950 metu
3389 1911 3459 1950 ac
3488 1896 3698 1950 timore

2037 1987 2201 2042 omni
2234 1990 2455 2055 carent,
2503 1991 2682 2052 metu,
2732 1985 3005 2057 inquam,
3040 2000 3160 2039 non
3201 1984 3394 2056 qualis
3435 1990 3543 2049 est,
3585 1983 3689 2054 qui

2037 2076 2431 2131 extimescunt
2460 2075 2652 2131 malos
2673 2074 2953 2145 spiritus;
2984 2078 3087 2129 sed
3108 2074 3223 2129 hoc
3258 2079 3419 2129 metu
3454 2090 3522 2127 ac
3546 2070 3699 2126 solli-

2038 2164 2299 2220 citudine
2318 2170 2621 2232 urgentur,
2653 2163 2957 2236 quomodo
2983 2164 3088 2219 rite
3113 2162 3537 2219 administrent
3560 2176 3700 2215 con-

2040 2252 2261 2309 credita
2288 2252 2399 2307 sibi
2432 2252 2760 2324 spiritualia
2798 2253 2980 2308 dona.

2110 2379 2224 2433 Xll.
2252 2380 2465 2432 Verum
2488 2377 2589 2448 qui
2613 2376 2910 2448 ejusmodi
2928 2379 3037 2445 est,
3065 2380 3304 2448 reputat
3332 2390 3393 2430 se
3416 2374 3699 2445 abjectio-

2040 2484 2167 2523 rem
2180 2466 2463 2522 omnibus
2484 2466 2918 2537 peccatoribus,
2940 2465 3237 2537 talemque
3252 2464 3695 2535 cogitationem,

2041 2556 2201 2611 velut
2244 2554 2601 2619 naturalem,
2644 2554 2757 2609 sibi
2806 2555 3047 2610 insitam
3094 2553 3316 2619 habet;
3374 2558 3431 2607 et
3471 2557 3699 2621 quanto

2043 2644 2316 2715 magisin
2348 2644 2555 2699 notitia
2580 2644 2678 2697 Dei
2712 2643 2963 2714 proficit,
2990 2648 3151 2698 tanto
3182 2641 3609 2713 simpliciorem
3638 2655 3700 2694 se

2043 2734 2341 2789 existimat
2374 2732 2622 2788 idiotam
2662 2745 2674 2784 :
2714 2737 2771 2786 et
2802 2737 3028 2803 quanto
3068 2731 3259 2801 magis
3299 2730 3588 2798 didicerit,
3630 2745 3699 2785 eo

2042 2823 2347 2878 rudiorem
2386 2837 2449 2875 se
2488 2826 2739 2891 reputat.
2780 2824 2912 2876 Haec
2951 2826 3150 2877 autem
3191 2821 3381 2892 gratia
3424 2818 3700 2875 directrix

2043 2911 2204 2966 velut
2218 2910 2424 2965 innata
2440 2910 2677 2974 animae,
2694 2910 2946 2980 peragit.
2965 2910 3232 2974 Quemad
3243 2909 3381 2964 mod
3394 2925 3491 2962 um
3515 2909 3565 2978 7
3581 2909 3630 2977 2
3648 2907 3699 2962 si

2044 3000 2115 3054 sit
2140 3000 2362 3063 infans,
2397 2999 2556 3069 quia
2583 2998 2803 3066 juvene
2821 3003 3101 3067 gestetur,
3136 2997 3184 3051 is
3205 2997 3461 3065 quicum
3480 3001 3695 3067 portat,

326 3087 454 3137 ὅπου
500 3086 647 3149 θελει,
704 3088 838 3139 οὕτω
868 3092 957 3140 καὶ
1010 3090 1146 3139 κατὰ
1176 3086 1333 3160 βάθος
1386 3090 1722 3163 ἐνεργουμένη
1772 3094 1931 3162 χάρις

2045 3086 2383 3143 circumfert
2406 3086 2687 3141 eumdem
2728 3101 3089 3156 quocunque
3128 3085 3364 3139 libuerit
3392 3100 3403 3138 :
3431 3084 3515 3138 sic
3554 3098 3700 3155 quo-

328 3172 585 3247 βαστάζει
629 3178 715 3227 τὸν
769 3183 906 3241 νοῦν,
957 3181 1048 3228 καὶ
1094 3175 1330 3248 ἀναφέρει
1374 3177 1444 3239 εἰς
1496 3183 1611 3238 τοὺς
1665 3179 1928 3253 οὐρανοὺς,

325 3262 392 3323 εἰς
440 3266 525 3315 τόν
568 3263 753 3316 τέλειον
805 3268 1023 3335 κόσμον,
1070 3264 1142 3325 εἰς
1189 3270 1282 3323 τὴν
1326 3266 1531 3319 αἰώνιον
1575 3270 1927 3323 κατάπαυσιν.

326 3352 430 3407 Καὶ
460 3354 510 3403 ἐν
554 3352 684 3425 αὐτῇ
720 3350 778 3405 δὲ
809 3361 869 3425 τῇ
926 3355 1115 3427 χάριτί
1146 3353 1246 3405 εἰσι
1290 3359 1455 3427 μίτρα
1498 3360 1588 3408 καὶ
1636 3354 1928 3427 ἀξιώματα.

323 3440 508 3503 Ἀλλος
563 3440 703 3494 ἐστὶν
762 3444 787 3494 ό
838 3443 1201 3515 στρατηλάτης
1250 3444 1386 3513 ἔχων
1448 3443 1748 3519 παρρησίαν
1805 3450 1931 3520 πρὸς

327 3533 411 3581 τόν
460 3527 700 3602 βασιλέα,
756 3536 846 3583 xui
893 3532 918 3582 6
973 3531 1125 3592 ἄλλος
1178 3530 1318 3583 ἐστὶν
1371 3533 1396 3583 6
1450 3534 1673 3605 ἡγεμών.
1729 3534 1928 3610 Ὠσπερ

325 3616 465 3680 οἶκος
518 3619 914 3693 πεπληρωμένος
976 3628 1173 3672 καπνοῦ
1240 3621 1523 3691 ὑπερεκχεῐ
1578 3630 1780 3688 τουτον,
1839 3631 1929 3676 καὶ

330 3708 395 3768 εἰς
433 3711 519 3759 τὸν
554 3707 649 3770 ἔξω
689 3707 813 3782 ἀέρα
839 3726 852 3737 ·
904 3709 1066 3769 οὕτως
1110 3708 1205 3759 κάν
1250 3716 1312 3780 τῇ
1354 3708 1509 3781 ψυχῇ
1562 3717 1927 3783 μεμεστωμένη

326 3799 357 3855 ἠ
413 3804 573 3849 κακία
616 3799 985 3873 ῦπερεκχείται
1033 3798 1213 3861 ἔξωθεν
1261 3804 1349 3851 καὶ
1402 3798 1621 3852 ἐπιτελεῖ
1674 3806 1926 3875 καρπούς.

268 3884 273 3889 ’
326 3881 414 3948 Ὠς
465 3888 515 3939 οἱ
570 3885 1018 3960 ἐγκεχειρισμένοι
1078 3886 1251 3958 ἀρχὰς
1310 3886 1687 3960 ἰπαρχότητος,
1748 3891 1776 3948 ἦ
1841 3893 1929 3949 θη-

332 3978 525 4049 σαυρὸν
554 3972 850 4048 βασιλικόν,
892 3978 1060 4027 πάντα
1096 3978 1183 4027 τόν
1224 3981 1414 4047 χρόνον
1454 3976 1502 4027 ἐν
1542 3983 1759 4049 μερίμνη
1803 3982 1928 4044 εἰσὶ,

331 4069 513 4135 μήπως
550 4066 657 4136 ἄρα
700 4067 1110 4138 προσκρούσωσι
1140 4072 1211 4133 τῷ
1255 4062 1459 4135 βασιλεῖ
1494 4083 1505 4093 ·
1559 4065 1693 4117 οὓτω
1742 4072 1829 4118 xui
1883 4070 1932 4118 οἱ

331 4155 749 4224 ἑμπιστευθέντες
812 4156 958 4226 ἔργον
1033 4155 1377 4223 πνευματικόν
1452 4151 1529 4205 ἀεὶ
1594 4153 1642 4205 ἐν
1708 4159 1927 4228 μερίμνῃ

333 4242 455 4307 εἰσὶ,
502 4248 589 4295 καὶ
645 4245 853 4313 ἔχοντες
901 4243 1212 4305 ἀνάπαυσιν,
1264 4243 1436 4313 ὥσπερ
1483 4244 1576 4292 οὔκ
1629 4243 1758 4295 εἰσιν
1814 4245 1932 4296 ἀνα-

332 4328 669 4400 πεπαυμένοι.
716 4327 773 4379 Ἠ
826 4324 1068 4400 βασιλεία
1118 4328 1218 4397 γὰρ
1265 4333 1355 4378 τοῦ
1411 4330 1625 4388 σκότους
1678 4329 1706 4385 ἠ
1764 4331 1931 4381 ἐπεισ-

2043 3192 2160 3247 que
2178 3175 2390 3243 gratia,
2424 3174 2483 3229 in
2516 3172 2821 3244 profundo
2847 3174 2999 3228 vires
3029 3189 3167 3228 suas
3189 3188 3486 3237 exserens,
3512 3175 3703 3241 gestat

2043 3266 2336 3329 animum,
2369 3278 2630 3334 eumque
2666 3261 2854 3317 defert
2895 3261 2973 3317 ad
3036 3262 3237 3325 caelos,
3274 3260 3353 3315 ad
3403 3260 3699 3315 mundum

2043 3353 2392 3425 perfectum,
2427 3351 2504 3407 ad
2552 3356 2838 3409 aeternam
2870 3350 3160 3421 requiem.
3193 3350 3410 3405 Verum
3463 3349 3521 3403 in
3571 3349 3700 3419 ipsa

2042 3443 2234 3515 gratia
2275 3449 2413 3496 sunt
2450 3440 2674 3511 gradus
2715 3444 2770 3494 et
2808 3439 3150 3509 dignitates.
3195 3438 3357 3494 Alius
3400 3438 3560 3493 enim
3610 3441 3701 3493 est

2044 3531 2355 3603 praefectus
2381 3526 3516 3601 militum,quiliberamhabetadeundi
3538 3525 3697 3596 regis

2042 3619 2613 3693 potestatem:alius
2655 3634 2793 3673 vero
2847 3624 2937 3673 est
2976 3618 3118 3672 dux.
3173 3617 3415 3673 Perinde
3465 3633 3601 3672 vero
3632 3621 3697 3670 ut

2041 3712 2259 3766 domus
2282 3709 2448 3764 fumo
2470 3708 2714 3780 repleta,
2748 3723 2887 3762 eum
2920 3706 3173 3762 effundit
3194 3707 3254 3761 in
3294 3722 3493 3761 aerem
3515 3710 3703 3759 exter-

2040 3816 2185 3855 num
2214 3817 2227 3866 ;
2271 3799 2355 3853 sic
2385 3799 2561 3852 etiam
2585 3798 2646 3851 in
2676 3796 2879 3852 anima
2894 3795 3481 3851 redundansmalitia
3510 3794 3704 3849 effun-

2042 3888 2199 3943 ditur
2226 3888 2403 3950 foras,
2428 3903 2497 3940 ac
2529 3885 2755 3942 fructus
2784 3884 3079 3956 producit.
3104 3887 3167 3938 Et
3198 3885 3347 3937 sicut
3389 3882 3444 3947 ii,
3478 3883 3701 3953 quibus

2043 3970 3499 4045 gerendaepraefecturaa,autcustodiendithesauri
3532 3970 3699 4040 regii,

2042 4080 2185 4120 cura
2202 4064 2526 4119 commissa
2548 4067 2656 4130 est,
2688 4076 3000 4133 nunquam
3026 4061 3185 4116 curis
3216 4064 3451 4123 vacant,
3473 4075 3546 4113 ne
3578 4074 3699 4129 quo

2046 4158 2217 4225 pacto
2253 4168 2455 4222 regem
2487 4150 2796 4205 offendant
2837 4166 2847 4202 :
2895 4150 2979 4203 sic
3005 4165 3246 4221 quoque
3277 4164 3534 4220 quorum
3559 4146 3695 4202 fidei

2043 4258 2197 4312 opus
2230 4239 2476 4311 aliquod
2508 4238 2813 4309 spirituale
2837 4237 3226 4293 commissum
3271 4242 3379 4301 est,
3413 4237 3701 4291 continua

2043 4329 2436 4387 sollicitudine
2474 4332 2748 4383 tenentur
2780 4345 2792 4396 ;
2826 4332 2883 4382 et
2907 4327 2985 4382 ita
3022 4327 3217 4397 quiete
3249 4326 3544 4392 fruuntur,
3569 4340 3705 4396 per-

338 4415 557 4469 ιλθοῦσα
584 4424 645 4488 τῇ
694 4416 856 4481 πόλει,
887 4419 1129 4469 τουτέστι
1155 4423 1217 4487 τῇ
1272 4414 1449 4486 ψυχῇ,
1482 4421 1571 4467 καὶ
1612 4418 1659 4467 οἱ
1716 4414 1930 4468 διακατ-

2046 4421 2183 4475 inde
2214 4435 2282 4473 ac
2314 4418 2360 4472 si
2394 4434 2462 4473 ea
2489 4420 2777 4471 carerent.
2816 4418 3083 4485 Regnum
3106 4416 3264 4470 enim
3308 4415 3691 4470 tenebrarum

336 4504 539 4577 ἔχοντες
582 4503 838 4581 βάρϐαροι
905 4508 994 4566 τὰς
1057 4507 1218 4578 νομὰς
1272 4503 1456 4572 αὐτῆς,
1510 4504 1791 4568 ἔξωθῦνται
1848 4506 1934 4561 ἀπ’

339 4594 467 4653 αὖτῆ
481 4615 519 4656 ς.

409 4733 509 4788 II".
551 4734 879 4788 Ἀποστίλλει
916 4738 1017 4809 γὰρ
1057 4737 1082 4787 ό
1123 4733 1370 4809 βασιλεὺς
1408 4738 1638 4807 Χριστός
1685 4736 1752 4797 εἰς
1791 4734 1938 4789 ἐκδί-

337 4841 496 4880 κησιν
548 4829 642 4883 τῆς
696 4822 900 4887 πόλεως,
949 4830 1039 4877 xui
1096 4822 1289 4896 δεσμοῖ
1336 4828 1453 4886 τοὺς
1498 4829 1798 4897 τυράννους,
1847 4831 1936 4878 xui

341 4915 662 4984 στρατηγίαν
728 4909 1050 4984 ἐπουρανίον,
1116 4920 1205 4966 xui
1279 4918 1566 4987 παράταξιν
1633 4916 1934 4986 πνευμάτων

339 5005 502 5071 ἁγίων
555 4998 656 5052 ἐκεῖ
707 5000 1016 5065 κατοικίζει,
1074 5003 1246 5074 ὥσπερ
1305 5004 1539 5078 πατρίδα
1601 5002 1775 5056 ἰδίαν·
1846 5008 1935 5055 καὶ

337 5091 514 5143 λοιπὸν
563 5090 779 5161 φαίνειὸ
828 5087 971 5149 ἣλιος
1018 5088 1065 5140 ἓν
1113 5098 1174 5160 τῇ
1228 5090 1444 5164 καρδίᾳ,
1486 5100 1575 5146 καὶ
1630 5096 1684 5145 αἱ
1737 5092 1936 5151 ἀκτῖνες

340 5180 500 5233 αὐτοῦ
532 5176 912 5250 διατρέχουσιν
966 5178 1036 5238 εὶς
1065 5177 1158 5229 ὅλα
1207 5182 1272 5230 τὰ
1318 5182 1466 5251 μέλη.
1500 5187 1599 5235 Καὶ
1630 5186 1769 5235 ἔστιν
1837 5181 1939 5232 ἐκεῖ

340 5268 517 5322 λοιπόν
576 5265 762 5341 βαθεῖα
831 5265 1005 5340 εἷρήνη
1060 5269 1089 5325 ἡ
1146 5264 1515 5339 βασιλεύουσα.
1574 5270 1631 5321 Ὀ
1687 5267 1745 5322 δὲ
1800 5269 1937 5339 ἁγὼν

336 5366 432 5410 τοῦ
482 5356 750 5430 ἀνθρώπου
788 5360 877 5408 καὶ
925 5358 953 5415 ἡ
997 5357 1234 5421 ἄθλησις,
1281 5363 1370 5410 xui
1415 5357 1726 5431 δοκιμασία,
1771 5366 1859 5410 καὶ
1905 5360 1935 5415 ἡ

341 5450 466 5521 πρὸς
528 5449 656 5500 Θεὸν
713 5448 882 5497 εὔνοια
931 5449 1046 5497 τότε
1110 5450 1365 5517 φαίνεται,
1429 5449 1511 5499 ὅτε
1572 5457 1667 5509 τῆς
1719 5453 1942 5520 χάριτος

342 5536 773 5607 ὑποστελλομενης
847 5530 1153 5609 ἀνδρίσεται
1226 5540 1315 5587 καὶ
1390 5533 1575 5608 βοήσει
1649 5540 1773 5608 πρός
1855 5542 1942 5587 τόν

350 5630 476 5679 Θεόν
501 5642 513 5654 ·
559 5623 687 5678 ἀλλὰ
731 5627 796 5677 σὺ
826 5622 1047 5690 ἁκούων,
1081 5627 1161 5678 ὅτι
1206 5625 1307 5679 εἰσὶ
1343 5629 1571 5697 ποταμοὶ
1622 5621 1940 5699 δρακόντων,

2047 4509 2391 4565 subintrans
2414 4508 2733 4571 civitatem,
2758 4506 2870 4560 hoc
2900 4510 3011 4569 est,
3040 4506 3327 4568 animam,
3354 4508 3409 4559 et
3446 4503 3691 4559 barbari

2048 4603 2412 4670 occupantes
2436 4597 2565 4667 ejus
2592 4610 2837 4667 pascua,
2867 4610 2937 4649 ex
2960 4593 3060 4649 illa
3102 4592 3497 4665 expelluntur.

2122 4740 2257 4794 Xlll.
2291 4738 2453 4795 Mittit
2482 4736 2641 4792 enim
2682 4751 2784 4790 rex
2815 4735 3098 4800 Christus,
3132 4735 3232 4805 qui
3262 4733 3585 4789 vindictam
3626 4733 3701 4788 de

2046 4829 2282 4884 civitate
2309 4826 2407 4881 illa
2424 4831 2683 4889 sumant,
2703 4830 2756 4879 et
2784 4828 3070 4896 tyrannos
3102 4823 3163 4877 in
3178 4822 3417 4877 vincula
3438 4821 3698 4892 conjicit,

2047 4932 2118 4972 ac
2147 4916 2463 4971 exercitum
2491 4914 2812 4976 cmlestem,
2847 4918 2903 4968 et
2930 4912 3168 4968 ordines
3208 4911 3526 4980 spirituum
3566 4927 3702 4965 san-

2046 5011 2277 5060 ctorum
2321 5003 2437 5058 illic
2464 5002 2731 5069 collocat,
2775 5008 3067 5072 tanquam
3100 5000 3162 5054 in
3200 4998 3391 5071 patria
3425 4999 3692 5070 propria.

2047 5096 2195 5149 Tum
2223 5108 2360 5146 vero
2402 5080 2489 5145 sol
2516 5092 2572 5145 in
2594 5091 2772 5145 corde
2787 5089 3080 5160 splendet,
3106 5093 3162 5143 et
3184 5087 3329 5143 radii
3366 5088 3494 5158 ejus
3526 5103 3700 5159 pene-

2049 5187 2207 5238 trant
2234 5180 2436 5235 omnia
2462 5179 2947 5249 membra,atque
2967 5178 3078 5232 sibi
3105 5193 3347 5232 summa
3378 5193 3495 5247 pax
3513 5176 3697 5247 impe-

2048 5270 2206 5326 rium
2249 5274 2425 5324 tenet.
2464 5269 2677 5321 Verum
2721 5272 3022 5322 certamen
3064 5282 3133 5321 ac
3172 5282 3380 5337 pugna
3418 5265 3699 5331 hominis,

2050 5358 2349 5430 probatio,
2378 5363 2433 5412 et
2451 5372 2593 5425 erga
2626 5356 2810 5411 Deum
2830 5356 3242 5411 benevolentia
3269 5360 3407 5409 tunc
3430 5356 3699 5423 apparet,

2051 5446 2320 5519 quando,
2346 5445 2537 5517 gratia
2564 5461 2625 5500 se
2657 5445 3046 5509 subducenle,
3078 5446 3271 5498 virum
3290 5459 3353 5496 se
3376 5446 3627 5512 priestat,
3648 5443 3705 5493 et

2006 5538 2007 5541 “
2054 5536 2276 5591 clamat
2306 5535 2379 5590 ad
2411 5534 2752 5589 Dominum.
2786 5536 2929 5588 Cum
2976 5548 3112 5587 vero
3144 5531 3316 5585 audis
3335 5529 3548 5584 ﬂuvios
3569 5541 3701 5581 esse

2058 5625 2412 5693 draconum,
2438 5640 2544 5681 ora
2561 5624 2824 5689 leonum,
2849 5628 2906 5679 et
2924 5627 3241 5695 potestates
3260 5620 3373 5675 sub
3397 5618 3545 5673 coelo
3563 5616 3697 5671 cali-
