4148 6262
412 298 519 355 623
1731 286 1790 342 S.
1834 283 2133 342 MACARII
2172 279 2484 337 EGYPTII
3665 276 3775 333 624

411 420 884 495 ginosas,ignem
913 420 1264 484 urentem,et
1279 413 1683 486 strepitantem
1699 412 1756 468 in
1776 410 2056 468 omnibus

2172 410 2262 460 xui
2295 408 2531 477 στόματα
2571 401 2801 468 λεόντων,
2856 406 2947 456 καὶ
3006 399 3256 476 δυνάμεις
3306 404 3362 456 αἱ
3414 403 3515 456 ύπὸ
3563 403 3650 455 τὸν
3693 402 3777 455 ού-

412 511 700 569 membris
730 510 816 581 (ut
854 508 1000 565 nihil
1031 507 1143 564 tale
1182 510 1337 562 terra
1375 502 1757 574 continet),et
1796 501 2060 572 ignoras,

412 601 525 657 nisi
564 599 863 671 acceperis
890 596 1292 653 arrhabonem
1321 592 1571 665 Spiritus
1601 590 1848 654 sanctis,
1867 589 2062 645 dume

413 706 662 761 corpore
691 687 988 753 discedis;
1032 685 1297 740 animam
1328 682 1452 737 haec
1475 686 1641 737 tuam
1672 679 2060 751 comprehen-

411 779 581 843 dunt,
597 793 707 833 nec
720 776 794 832 ad
808 776 991 831 caelos
1007 773 1109 829 tibi
1137 786 1456 827 ascensum
1478 769 1833 825 concedunt.
1850 768 2060 823 Itidem
2076 812 2079 815 .

409 867 485 924 de
507 867 795 937 dignitate
816 866 1030 920 animae
1057 862 1157 917 ubi
1180 860 1665 932 audieris,quam
1688 856 1975 929 praeclara
1989 855 2062 910 sit

412 957 746 1012 substantia
784 953 883 1009 illa
921 952 1219 1008 intellectu
1268 948 1539 1022 praedita,
1583 962 1705 1003 non
1755 943 2056 1014 intelligis,

411 1044 577 1117 quod
600 1046 751 1099 Deus
783 1057 902 1098 non
931 1040 1005 1097 de
1037 1038 1283 1110 angelis,
1320 1037 1425 1094 sed
1456 1036 1531 1092 de
1552 1041 1768 1092 natura
1792 1035 2060 1094 humana

407 1131 783 1189 dixeritillud
808 1148 821 1187 :
854 1132 1168 1188 Faciamus
1196 1128 1276 1184 ad
1297 1127 1617 1197 imaginem
1649 1129 1701 1182 et
1724 1123 2059 1181 similitudi-

407 1238 541 1279 nem
578 1226 845 1278 nostram
863 1222 1001 1287 8ﬁet
1030 1217 1195 1291 quod
1217 1216 1435 1274 cmlum
1458 1220 1513 1272 et
1546 1220 1699 1271 terra
1730 1216 2055 1277 transeant,

407 1316 469 1368 tu
497 1327 636 1368 vero
668 1310 744 1367 ad
773 1308 1279 1366 immOrtalitatem
1310 1310 1558 1361 vocatus
1579 1304 1682 1369 sis,
1702 1302 1858 1359 utsis
1876 1301 2057 1371 ﬁlius,

408 1399 589 1457 frater
623 1404 681 1455 et
709 1415 933 1471 sponsa
962 1398 1117 1467 regis
1139 1396 1167 1451 ‘I
1198 1398 1261 1451 In
1289 1394 1468 1451 rebus
1489 1394 1647 1449 enim
1675 1409 1809 1465 qua:
1850 1392 1911 1446 in
1944 1391 2059 1447 hoc

407 1489 626 1545 saeculo
652 1488 948 1553 videntur,
967 1487 1173 1542 omnia
1201 1501 1337 1557 quas
1367 1488 1503 1538 sunt
1524 1481 1753 1553 sponsi,
1784 1481 1861 1536 ad
1879 1496 2056 1552 spon-

409 1593 541 1634 sam
572 1576 892 1649 pertinent;
912 1575 996 1630 sic
1009 1589 1249 1647 quoque
1272 1572 1479 1629 omnia
1492 1587 1627 1643 quas
1642 1574 1783 1624 sunt
1800 1569 2055 1634 Domini,

406 1671 636 1739 quanta
663 1670 889 1738 quanta
929 1665 1063 1729 sint,
1087 1662 1404 1718 committit
1433 1660 1529 1716 ille
1555 1665 1670 1716 tuae
1710 1658 1865 1714 ﬁdei.
1895 1660 2062 1713 Venit

2171 498 2322 570 ρανὸν
2384 496 2666 557 ποτειναὶ,
2723 496 2813 543 xui
2864 500 2967 565 πῦρ
3026 493 3205 566 φλέγον
3265 496 3355 545 καὶ
3404 492 3675 565 καχλάζον
3729 490 3780 544 ἓν

2168 592 2272 646 τοῖς
2322 583 2546 655 μέλεσιν,
2577 584 2647 642 ὡς
2695 577 2846 634 ούδὶν
2895 583 2925 639 ἠ
2970 589 3065 654 γῆ,
3115 587 3187 654 μὴ
3241 578 3391 644 εἰδὼς
3444 583 3524 635 ὅτι
3572 580 3657 633 ἐὰν
3702 585 3776 653 μή

2173 671 2296 746 δέξῃ
2339 676 2424 724 τὸν
2469 669 2743 746 ἀρραϐῶνα
2791 676 2883 722 τοῦ
2934 672 3227 743 Πνεύματος
3280 678 3373 722 τοῦ
3402 669 3552 742 ἁγίου
3602 672 3650 722 ἓν
3702 678 3777 740 τῷ

2171 761 2479 835 έξέρχεσθαι
2517 767 2605 812 τοῦ
2643 764 2900 831 σώματος,
2942 763 3234 832 κατέχουσί
3275 778 3368 812 σου
3421 764 3515 818 τὴν
3562 758 3776 831 ψυχὴν,

2169 856 2241 924 μὴ
2301 852 2474 910 ἑῶντές
2537 867 2595 900 σε
2652 847 2872 901 ἀνελθεῖν
2934 849 3005 911 εἰς
3058 852 3179 911 τοὺς
3228 848 3492 923 ούρανούς.
3553 848 3782 921 Ὀμοίως

2172 937 2230 993 δὲ
2260 944 2349 992 καὶ
2386 943 2502 1011 περὶ
2542 945 2632 990 τοῦ
2682 935 2975 1010 ἀξιώματος
3010 945 3104 1001 τῆς
3143 937 3335 1011 ψυχῆς
3373 936 3595 1008 ἀκούων,
3663 946 3780 1000 πῶς

2171 1029 2282 1083 έστι
2331 1033 2485 1101 τιμία
2525 1029 2555 1085 ἡ
2601 1029 2752 1101 νοερά
2796 1027 2972 1094 ούσία,
3013 1027 3073 1080 ού
3129 1034 3341 1097 συνιεῖς,
3392 1029 3473 1080 ὅτι
3528 1027 3623 1080 οὐκ
3668 1023 3782 1080 εἶπε

2170 1123 2287 1192 περὶ
2355 1116 2602 1189 ἀγγέλων,
2663 1115 2791 1169 ἀλλά
2840 1121 2959 1189 περὶ
3009 1124 3106 1179 τῆς
3163 1116 3489 1192 ἀνθρωπίνης
3548 1118 3776 1189 φύσεως,

2171 1212 2251 1273 τό,
2321 1212 2708 1278 Ποιήσωμεν
2773 1205 2909 1258 κατ’
2985 1205 3208 1259 εἰκόνα
3271 1209 3591 1279 ἡμετέραν
3665 1210 3781 1258 καὶ

2173 1299 2511 1369 ὁμοίωσιν·
2544 1299 2652 1361 καὶ,
2681 1296 2799 1347 ὄτιό
2823 1298 3138 1368 οὓρανὸςκαὶ
3157 1297 3187 1354 ἡ
3218 1302 3286 1368 γῆ
3315 1300 3640 1369 παρέρχεται
3668 1311 3681 1324 δ
3708 1298 3776 1347 σύ

2173 1383 2231 1439 δὲ
2261 1385 2333 1447 εἰς
2360 1386 2644 1452 υἱοθεσίαν,
2677 1384 2747 1446 εἰς
2778 1381 3125 1457 ἀδελφότητα,
3160 1384 3232 1447 εἰς
3257 1388 3460 1457 νύμφην
3493 1382 3775 1457 βασιλέως,

2171 1475 2251 1529 Ἐν
2280 1480 2388 1537 τοῖς
2441 1478 2756 1546 φαινομένοις
2804 1476 2905 1549 γὰρ
2937 1475 3108 1527 πάντα
3155 1476 3219 1527 τὰ
3285 1481 3377 1526 τοῦ
3404 1477 3627 1546 νυμφίου
3679 1481 3783 1535 τῆς

2168 1568 2368 1637 νύμφης
2426 1564 2549 1629 εἰσὶ,
2601 1568 2687 1615 καὶ
2746 1566 2917 1616 πάντα
2971 1567 3035 1616 τά
3086 1570 3179 1616 τοῦ
3236 1567 3431 1633 Κυρίου
3487 1564 3588 1615 ὅσα
3638 1562 3773 1615 εἰσὶν

2171 1653 2468 1726 ἐμπιστεύει
2536 1672 2638 1707 σοι.
2702 1652 2860 1706 Ἦλθε
2917 1655 3019 1727 γὰρ
3074 1652 3145 1715 εἰς
3202 1651 3477 1726 πρεσϐείαν
3542 1655 3639 1710 σὴν
3704 1648 3764 1704 δι

405 1737 533 1828 ipse
556 1756 633 1811 ad
654 1737 1013 1825 legationem
1040 1753 1125 1808 tui
1155 1767 1340 1807 causa
1356 1749 1723 1814 obeundam,
1746 1753 1808 1804 ut
1826 1752 1878 1803 te
1897 1762 2056 1802 revo-

2171 1743 2375 1811 ἑαυτοῦ,
2423 1746 2510 1794 ἵνα
2559 1761 2616 1795 σε
2659 1741 3044 1801 ἀνακαλέσηται
3075 1756 3090 1772 ⁸
3138 1746 3225 1795 xui
3289 1746 3354 1795 σὺ
3408 1737 3559 1795 οὐδὲν
3610 1748 3763 1807 νοεῖς,

408 1850 584 1902 caret.
604 1847 686 1901 Tu
710 1859 851 1899 vero
873 1842 1019 1898 nihil
1061 1839 1363 1910 intelligis,
1398 1854 1586 1911 neque
1615 1837 1873 1910 percipis
1891 1835 2061 1892 nobi-

409 1934 633 1988 litatem
667 1949 678 1988 :
722 1948 789 1988 ac
821 1931 1029 1987 merito
1069 1944 1211 2000 ergo
1242 1927 1513 2000 deplorat
1531 1942 1740 1983 casum
1769 1932 1939 1983 tuum
1964 1925 2056 1981 ille

406 2021 630 2092 Spiritu
645 2019 1160 2093 plenus,inquiens
1179 2036 1193 2073 :
1209 2018 1398 2073 Homo
1412 2032 1544 2073 cum
1566 2018 1631 2072 in
1656 2015 1879 2073 honore
1890 2020 2057 2080 esset,

406 2126 526 2167 non
563 2109 854 2166 intellexit
894 2125 906 2161 :
948 2112 1328 2176 comparatus
1357 2114 1439 2162 est
1458 2108 1748 2175 jumentzs
1778 2104 2061 2172 insipien-

407 2199 582 2264 tibus,
598 2206 651 2255 et
666 2198 876 2253 similis
884 2198 1085 2267 factus
1100 2202 1187 2253 est
1200 2196 1323 2251 illis
1335 2196 1404 2249 ⁸⁸.
1421 2194 1621 2251 Gloria
1636 2194 1808 2258 Patri,
1825 2198 1880 2250 et
1896 2192 2057 2261 Filio,

405 2292 462 2344 et
491 2286 733 2360 Spiritui
759 2291 985 2350 sancto,
1028 2287 1087 2340 in
1122 2284 1358 2341 saacula.
1394 2287 1607 2340 Amen.

998 2374 1288 2431 HOMILIA
1309 2373 1463 2429 XVII.

409 2466 484 2522 De
513 2464 821 2534 spirituali
853 2463 1336 2519 Christianorum
1366 2461 1638 2517 unctione
1675 2467 1727 2516 et
1758 2461 1990 2530 gloria:
2005 2468 2059 2517 et

477 2537 635 2608 quod
663 2537 883 2617 absque
910 2534 1147 2617 Chiisto
1172 2535 1419 2617 salvari,
1450 2534 1752 2589 autvitam
1779 2541 2060 2589 aeternam

478 2605 754 2677 consequi
777 2605 1137 2676 impossibile
1161 2605 1256 2660 sit.

476 2785 518 2839 Ι.
553 2783 871 2841 Christiani
913 2782 1174 2854 perfecti,
1203 2782 1306 2855 qui
1355 2781 1525 2852 digni
1562 2781 1861 2837 habentur
1890 2781 2061 2838 attin-

2169 1829 2292 1885 οῦδε
2359 1839 2585 1892 συνῆκας
2644 1836 2735 1890 τὴν
2798 1831 3049 1903 εὐγένειάν
3124 1848 3259 1897 σου;
3324 1835 3541 1891 Δικαίως
3594 1827 3681 1882 οὖν
3746 1833 3775 1883 ό

2168 1927 2580 1994 πνευματοφόρος
2628 1922 2796 1973 πενθεί
2846 1938 2941 1972 σου
2996 1923 3086 1978 τήν
3137 1928 3358 1986 πτσῶιν,
3412 1919 3590 1992 λέγων,
3634 1917 3775 1972 "Av-

2171 2012 2418 2084 θρωπος
2468 2012 2525 2062 ἓν
2586 2016 2743 2082 τιμῇ
2808 2009 2885 2060 ὢν
2941 2008 3011 2061 ού
3071 2016 3336 2067 συνῆκε·
3384 2007 3780 2081 παρεσυνεϐ-

2167 2099 2325 2158 λήθη
2359 2106 2494 2160 τοῖς
2531 2104 2796 2155 κτήνεσι
2826 2104 2964 2160 τοῖς
3003 2096 3300 2158 ἀνοήτοις
3328 2102 3438 2150 καὶ
3467 2098 3774 2170 ὡμοιώθη

2170 2190 2410 2248 αύτοις.
2447 2186 2578 2250 Δόξα
2604 2192 2793 2260 Πατρὶ,
2828 2192 2919 2240 καὶ
2949 2192 3078 2258 Υίῷ,
3101 2192 3190 2240 καὶ
3220 2186 3354 2259 ἁγίῳ
3386 2188 3670 2259 Πνεύματι,
3706 2185 3780 2249 εἰς

2168 2281 2286 2340 τούς
2318 2276 2727 2349 αἰῶνας.Ἀμήν.

2772 2366 3022 2420 ΟΜΙΛΙΑ
3063 2364 3165 2423 ΙΖ’.

2171 2460 2322 2528 Περὶ
2361 2463 2483 2517 τῆς
2523 2462 2973 2528 πνευματικῆς
3030 2462 3149 2507 τῶν
3188 2461 3605 2528 Χριστιανῶν
3636 2458 3779 2526 χρί-

2243 2522 2401 2588 σεως
2474 2532 2582 2578 καὶ
2634 2522 3038 2600 ,δόξηςηκαὶ
3108 2527 3204 2578 ὃτι
3247 2522 3411 2578 ’ἄνευ
3481 2522 3776 2600 Χριστοῦ

2243 2600 2528 2669 σωθῆναι
2561 2596 2800 2669 ἣᾉζωῆς
2839 2596 3106 2650 αἰωνίου
3146 2600 3432 2669 μέτοχον
3469 2596 3774 2669 γίνεσθαι

2241 2667 2563 2722 ἀδύνατόν
2602 2667 2760 2724 ἐστι.

2238 2776 2321 2831 Α’.
2374 2778 2437 2829 Οἱ
2482 2774 2661 2829 τέλειοι
2709 2779 3020 2848 Χριστιανοὶ
3060 2777 3108 2827 οἱ
3160 2775 3563 2838 καταξιωθέντες
3607 2773 3763 2828 ἐλθεῖν

404 2888 543 2944 gere
574 2872 830 2942 gradum
863 2872 1351 2945 perfectionis,ac
1375 2870 1503 2926 ﬁeri
1530 2870 1655 2941 regi
1686 2870 1961 2942 proximi,
1999 2870 2056 2925 hi

2167 2866 2235 2928 εἰς
2285 2871 2451 2942 μέτρα
2503 2865 2842 2933 τελειότητος,
2902 2870 2990 2918 καὶ
3049 2866 3290 2937 γενέσθαι
3346 2864 3613 2937 έγγύτατοι
3669 2861 3763 2937 βα·

401 2962 562 3017 cruci
594 2960 804 3018 Christi
864 2966 1153 3033 perpetuo
1190 2960 1521 3015 consecrati
1565 2964 1722 3014 sunt.
1758 2958 2056 3023 Quemad-

2168 2957 2359 3018 σιλέως,
2430 2955 2573 3007 οὗτοι
2646 2962 2719 3026 τῷ
2795 2962 3005 3029 σταυρῷ
3078 2960 3171 3007 τοῦ
3245 2962 3479 3028 Χριστοῦ
3548 2958 3767 3007 πάντοτε

402 3050 653 3107 modum
672 3049 831 3106 enim
858 3048 1286 3123 prophetarum
1316 3048 1690 3120 temporibus
1720 3048 1917 3103 unctio
1936 3052 2056 3104 erat

2168 3044 2502 3120 ἀφιερωμένοι
2559 3043 2708 3097 εἰσίν.
2766 3043 2966 3118 Ὠσπερ
3022 3046 3124 3119 γάρ
3188 3046 3271 3096 ἓπὶ
3328 3051 3427 3095 τῶν
3492 3050 3770 3116 προφητῶν

400 3154 495 3196 res
535 3138 784 3195 omnino
828 3140 1106 3210 pretiosa,
1149 3154 1286 3193 cum
1327 3136 1387 3191 in
1434 3151 1603 3206 reges
1642 3141 1699 3191 et
1732 3136 2056 3208 prOphetas

2168 3137 2225 3187 τό
2277 3139 2490 3208 χρίσμα
2547 3130 2606 3191 ἧν
2636 3133 2748 3185 ὅλον
2798 3137 3123 3206 τιμιώτερον,
3168 3128 3350 3191 ἐπειδὴ
3408 3132 3475 3193 εἰς
3528 3130 3771 3204 βασιλεῖς

398 3232 767 3299 ungerentur
800 3244 812 3283 :
847 3227 932 3283 sic
974 3242 1217 3300 quoque
1251 3242 1410 3281 nunc
1443 3224 1805 3297 spirituales,
1830 3224 2056 3281 caelesti

2167 3228 2256 3276 xui
2319 3228 2581 3299 προφήτας
2637 3221 2896 3294 ἐχρίοντο,
2961 3221 3097 3274 οὕτω
3162 3228 3249 3273 νῦν
3316 3223 3365 3273 οἰ
3421 3226 3769 3294 πνευματικοὶ

404 3318 684 3373 unctione
706 3318 996 3388 peruncti,
1026 3316 1285 3371 evadunt
1306 3314 1619 3370 Christiani
1642 3330 1746 3386 per
1777 3315 2053 3383 gratiam,

2167 3315 2219 3365 τὸ
2259 3311 2559 3385 ἐπουράνιον
2598 3316 2810 3385 χρίσμα
2846 3314 3138 3383 χριόμενοι,
3176 3313 3409 3381 γίνονται
3458 3316 3772 3383 Χριστιανοὶ

404 3405 593 3476 utipsi
618 3406 734 3459 sint
760 3420 932 3474 reges
961 3412 1016 3458 et
1048 3405 1351 3475 prophetae
1384 3402 1709 3459 cmlestium
1736 3403 2056 3474 mysterio-

2167 3403 2296 3453 κατά
2340 3404 2522 3477 χάριν,
2578 3402 2710 3453 ὥστε
2762 3397 2887 3452 εἶναι
2928 3398 3114 3459 αὐτοὺς
3165 3396 3401 3472 βασιλεῖς
3445 3404 3532 3451 xui
3577 3405 3778 3475 προφη-

400 3510 556 3551 rum.
591 3494 867 3559 Quinimo
896 3493 957 3548 hi
986 3499 1125 3547 sunt
1149 3492 1252 3546 ﬁlii
1292 3498 1347 3548 et
1376 3492 1603 3547 domini
1659 3498 1714 3547 et
1745 3492 1847 3559 dii,
1870 3492 2051 3548 vincti

2167 3509 2249 3551 τας
2290 3493 2604 3562 ἐπουρανίων
2648 3492 2973 3561 μυστηρίων.
3029 3484 3189 3540 Οὗτοί
3220 3488 3321 3540 εἰσι
3366 3492 3456 3540 καὶ
3500 3491 3628 3553 υἱοὶ,
3683 3493 3777 3541 καὶ

402 3598 473 3637 ac
520 3581 758 3653 captivi,
814 3580 1512 3651 abjectissimi,cruciﬁxi
1566 3597 1636 3636 ac
1697 3566 2050 3638 consecrati.

2167 3583 2354 3654 κύριοι,
2400 3584 2489 3631 καὶ
2543 3580 2669 3646 θεοὶ,
2725 3575 3014 3650 δεδεμένοι,
3073 3576 3561 3650 ᾐχμαλωτισμένοι,
3618 3576 3772 3652 βεϐυ-

399 3672 515 3742 73
546 3671 603 3725 Si
651 3670 810 3725 enim
864 3670 1059 3724 unctio
1104 3669 1237 3731 olei,
1269 3686 1305 3724 a
1352 3669 1559 3741 planta
1597 3670 1943 3741 aspectabili
1996 3677 2052 3728 et

2167 3671 2416 3740 θισμένοε,
2494 3666 2898 3742 ἐσταυρωμένοι,
2966 3665 3343 3740 ἀφιερωμένοι’
3425 3666 3469 3718 εἰ
3531 3670 3632 3742 γὰρ
3708 3670 3770 3720 τὸ

396 3759 562 3829 ligno
603 3757 819 3813 visibili
847 3757 1133 3829 profecta,
1163 3761 1391 3813 tantam
1418 3757 1628 3812 habuit
1658 3757 1953 3826 virtutem,
1987 3765 2050 3815 ut

2167 3762 2375 3830 χρίσμα
2425 3763 2517 3809 τοῦ
2568 3755 2760 3822 ἐλαίου,
2807 3758 2928 3830 ὅπερ
2980 3753 3041 3814 ἦν
3092 3763 3253 3828 φυτοῦ
3301 3760 3624 3828 φαινομένου,
3674 3763 3769 3811 καὶ

398 3863 469 3903 eo
495 3848 764 3919 peruncti
796 3846 1146 3916 dignitatem
1161 3846 1307 3901 citra
1325 3861 1567 3902 omnem
1582 3848 2050 3904 controversiam

2167 3846 2312 3899 Ξύλου
2374 3848 2583 3920 ὁρατοῦ,
2637 3848 2897 3903 τοσαύτην
2953 3842 3067 3916 εἶχε
3126 3841 3371 3916 δύναμιν,
3440 3848 3575 3898 ὥστε
3640 3850 3768 3910 τοὺς

397 3940 906 4008 consequerentur
933 3936 1153 4006 (ratum
1186 3936 1346 3990 enim
1380 3940 1594 4000 erat,ut
1621 3936 2050 3993 constitueren-

2167 3939 2466 4011 χρωμένους
2523 3933 2906 4009 ἀναντιρῥήτως
2959 3933 3165 4006 ἀξίωμα
3208 3934 3485 4007 λαμϐάνειν
3528 3932 3612 4007 (ἦν
3660 3940 3765 4011 γὰρ

394 4032 490 4084 tur
518 4025 633 4098 ipsi
652 4024 841 4097 reges)
863 4040 1017 4097 :quo
1043 4024 1223 4079 etiam
1243 4024 1429 4079 David
1460 4024 1738 4079 inunctus
1769 4026 2047 4088 ",statirn

2167 4029 2527 4099 κεκυρωμένον,
2574 4026 2708 4077 ὥστε
2745 4025 3095 4076 καθίστασθαι
3144 4021 3329 4084 αύτούς
3389 4023 3650 4095 βασιλεῖς)
3680 4046 3692 4059 ·
3735 4027 3767 4077 ὅ

392 4113 907 4186 persecutionibus
945 4118 1002 4168 et
1031 4112 1453 4169 afﬂictionibus
1493 4114 1799 4185 expositus
1839 4121 1944 4177 est.
1981 4133 2049 4171 ac

2167 4118 2245 4165 εαὶ
2292 4109 2459 4165 Δαϐὶδ
2506 4114 2748 4187 χρισθεὶς
2801 4113 2987 4173 εύθέως
3040 4108 3298 4185 διωγμοῖς
3347 4117 3614 4186 περιέπεσε
3670 4119 3764 4167 καὶ

394 4203 654 4274 septimo
697 4208 830 4272 post
871 4217 1031 4257 anno
1070 4217 1167 4255 rex
1195 4200 1382 4256 factus
1407 4201 1454 4236 ⁸⁴
1490 4218 1501 4256 :
1545 4207 1771 4273 quanto
1805 4204 2046 4273 magisii

2167 4201 2403 4267 ἰθλίϐετο,
2453 4208 2543 4254 καὶ
2589 4205 2718 4274 μετά
2778 4201 2909 4253 ἐτι·τά
2940 4203 3026 4259 ἔτη
3078 4201 3271 4273 ἐγένετο
3298 4199 3544 4274 βασιλεύς
3569 4219 3582 4231 ·
3610 4206 3763 4275 πόσῳ

390 4293 491 4363 qui
520 4292 854 4348 secundum
897 4294 1156 4345 mentem
1223 4296 1278 4345 et
1308 4290 1647 4346 interiorem
1706 4291 2038 4359 hominem,

2167 4290 2342 4343 κᾶλλον
2386 4291 2503 4343 ὅσοι
2548 4295 2793 4365 χρίονται
2831 4293 2967 4342 κατὰ
3000 4293 3094 4342 ρτόν
3124 4297 3241 4342 νοῦν
3272 4295 3361 4343 καὶ
3403 4295 3490 4344 τόν
3533 4294 3634 4344 ἔσω
3673 4293 3762 4344 οἶν-

390 4379 793 4436 sanctiﬁcante
819 4385 876 4434 et
900 4378 1233 4434 laetiﬁcante
1265 4378 1488 4435 cmlesti
1529 4395 1597 4436 ac
1616 4379 1909 4450 spirituali
1949 4398 2043 4437 ex-

2167 4382 2377 4455 ?pamov,
2444 4383 2503 4433 τὸ
2569 4380 2878 4451 ἀγιαστικόν
2939 4384 3027 4431 xui
3083 4382 3373 4452 χαροποιόν
3444 4380 3612 4433 ἔλαιον
3669 4389 3766 4443 τῆς

388 4468 724 4524 sultationis
764 4467 897 4523 oleo
918 4469 965 4503 ⁸⁵
1001 4468 1270 4540 peruncti
1300 4473 1456 4532 sunt,
1477 4469 1770 4540 recipiunt
1800 4469 2041 4539 signum

384 4558 552 4628 regni
604 4557 759 4613 illius
837 4557 1329 4630 incorruptibilis,
1384 4561 1740 4629 aeternaque
1810 4558 2038 4615 virtutis

381 4646 780 4703 arrhabonem
808 4646 1026 4702 scilicet
1066 4648 1336 4717 Spiritus,
1361 4647 1563 4717 ipsum
1596 4647 1876 4717 Spiritum
1898 4664 2038 4703 san-

380 4742 542 4792 ctum
576 4742 631 4792 et
681 4734 1103 4808 paraeletum?
1129 4734 1412 4807 (intellige
1452 4750 1593 4791 vero
1638 4735 2031 4803 Paracletum,

2152 4468 2526 4540 ἀγαλλιάσεως,
2582 4471 2640 4520 τό
2674 4468 2910 4541 οὐράνιον
2954 4472 3043 4521 xui
3093 4472 3462 4540 πνευματικὸν,
3506 4466 3763 4541 δέχονται

2149 4565 2205 4611 τὸ
2252 4564 2425 4630 σίγνον
2477 4565 2566 4618 τῆς
2618 4556 2896 4629 βασιλείας
2950 4556 3147 4619 έκείνης
3200 4565 3291 4619 τῆς
3348 4557 3611 4631 ἀφθάρτου
3668 4565 3761 4612 καὶ¹

2150 4645 2327 4701 ἀϊδίου
2382 4645 2667 4720 δυνάμεως,
2718 4650 2806 4699 τὸν
2853 4646 3127 4722 ἀρραϐῶνα
3176 4654 3266 4699 τοῦ
3326 4650 3639 4719 Πνεύματος,
3697 4652 3759 4701 τὸ

2149 4744 2356 4810 Πνεῦμα
2412 4741 2469 4789 τό
2524 4736 2674 4808 ἂγιον
2729 4740 2819 4788 καὶ
2874 4736 3244 4809 παράκλητον;
3296 4735 3485 4793 Ἄκουε
3544 4734 3603 4790 δε
3653 4758 3760 4791 πα-

377 4825 479 4896 qui
504 4824 862 4891 consoletur,
897 4828 952 4879 et
989 4824 1213 4894 gaudio
1254 4823 1575 4895 perfundat
1614 4823 2037 4882 afﬂictionibus

2167 4826 2421 4891 ιάκλητον,
2453 4830 2539 4879 καὶ
2585 4829 2644 4878 τό
2700 4824 3015 4898 παρακαλεῖν
3037 4830 3128 4878 καὶ
3158 4833 3467 4899 χαροποιείν
3525 4829 3641 4887 τοὺς
3703 4827 3758 4879 ἓν

376 4914 752 4986 oppressos).

2167 4915 2382 4987 θλίψεσιν
2409 4919 2574 4975 ὄντας.

448 5019 514 5073 II.
538 5020 605 5074 Hi
657 5024 962 5090 unguento
1006 5036 1077 5075 ex
1124 5019 1287 5089 ligno
1343 5019 1473 5076 vitae
1513 5020 1655 5077 Jesu
1704 5021 1934 5087 Christi,
1978 5027 2034 5078 et

2217 5022 2287 5078 B'.
2341 5020 2500 5076 Οὗτοι
2547 5020 2601 5074 ἐκ
2628 5028 2719 5075 τοῦ
2772 5019 2926 5084 ξύλου
2957 5028 3051 5084 τῆς
3084 5021 3226 5084 ζωῆς
3258 5022 3435 5081 Ἰησοῦ
3492 5030 3750 5096 Χριστοῦ,

373 5107 581 5180 planta
601 5108 820 5165 caelesti
854 5107 1105 5172 inuncti,
1134 5108 1333 5164 idonei
1364 5108 1681 5176 habentur,
1707 5110 1807 5182 qui
1832 5127 2033 5182 perve-

2167 5132 2196 5163 x
2241 5120 2331 5165 τοῦ
2381 5119 2539 5184 φυτοῦ
2589 5118 2680 5164 τοῦ
2732 5110 3038 5185 ἐπουρανίου
3095 5116 3390 5185 χριόμενοι,
3451 5112 3755 5176 καταξιοῦν-

370 5199 539 5253 niant
568 5198 647 5253 ad
692 5198 944 5265 gradum
1022 5199 1419 5269 perfectionis,
1458 5200 1642 5269 regni,
1677 5200 1946 5272 inquam,
1976 5208 2031 5257 et

2167 5221 2226 5254 ἀι
2273 5200 2432 5254 ἐλθεῖν
2480 5201 2551 5262 εἰς
2594 5204 2756 5274 μέτρα
2807 5208 2899 5261 τῆς
2948 5199 3287 5265 τελειότητος,
3342 5209 3438 5265 τῆς
3484 5198 3752 5275 βασιλείας

369 5285 753 5359 adoptionis;
784 5287 1007 5359 quippe
1030 5288 1133 5358 qui
1159 5291 1297 5342 sunt
1336 5288 1631 5344 secretarii
1664 5291 1819 5360 regis
1858 5290 2029 5347 caale-

2169 5296 2268 5362 έγω
2300 5295 2391 5343 καὶ
2419 5297 2515 5351 τῆς
2570 5292 2858 5354 υἱοθεσίας,
2888 5294 3024 5350 ὄντες
3074 5293 3385 5363 συμμύσται
3438 5294 3747 5363 ἐπουρανίου

367 5375 490 5440 stis,
527 5375 737 5432 acfreti
760 5375 983 5432 ﬁducia
1004 5375 1462 5445 Omnipotentis,
1484 5378 1900 5448 ingrediuntur
1926 5396 2029 5450 pa-

2167 5380 2398 5441 ιασιλέως
2462 5382 2665 5451 ἔχοντες
2730 5378 3029 5453 παῤῥησιαν
3100 5383 3229 5454 πρὸς
3294 5383 3381 5433 τόν
3446 5382 3745 5454 παντοκρά-

364 5463 576 5521 latium
608 5465 814 5537 ipsius,
837 5464 936 5520 ubi
954 5464 1301 5537 suntangeli
1325 5465 1637 5536 elspiritus
1653 5473 2021 5534 sanctorum,

2167 5489 2279 5543 ορα,
2330 5468 2687 5542 εἰσερχόμενοι
2737 5469 2808 5530 εἰς
2862 5470 2920 5520 τό
2973 5467 3223 5522 παλάτιον
3288 5469 3469 5534 αὐτοῦ,
3524 5470 3645 5522 ἔνθα
3677 5472 3728 5522 οἱ

441 5664 483 5699 ⁸1
511 5665 654 5720 Gen.
699 5682 734 5730 ι,
758 5664 845 5719 26.
925 5666 967 5701 3’
992 5664 1139 5723 Psal.
1165 5680 1315 5731 xcrx,
1355 5668 1442 5723 21.
1522 5665 1774 5735 8’lReg.
1809 5666 2035 5730 xv1,13.
2134 5667 2181 5702 εδ
2207 5667 2414 5736 llReg.
2458 5684 2513 5732 ιι,
2538 5669 2590 5721 4.
2669 5668 2716 5702 ⁸³
2748 5664 3055 5730 Psal.x1.v,
3086 5665 3143 5723 8.
