4148 6262
316 374 425 431 625

1610 372 1949 429 HOMILl/E.
1982 404 2051 413 —
2080 370 2252 427 HOM.
2299 370 2481 428 XVII.

3580 362 3687 419 626

314 497 525 572 ἄγγελοι
581 501 671 550 καὶ
719 497 785 549 τὰ
829 496 1095 568 πνεύματα
1125 502 1225 548 τῶν
1270 495 1450 568 ἁγίων,
1506 502 1596 550 καὶ
1654 501 1729 551 ἔτι
1784 501 1918 559 ὄντες

2032 504 2088 553 et
2109 498 2214 570 qui
2245 497 2443 554 adhuc
2473 498 2533 553 in
2571 497 2686 553 hoc
2716 502 2853 553 sunt
2884 496 3142 553 mundo.
3180 492 3331 551 Licet
3357 492 3518 548 enim
3541 491 3689 546 inte-

316 586 365 639 ἓν
393 596 463 660 τῷ
513 590 695 659 κόσμῳ
742 587 946 657 τούτῳ·
990 589 1149 657 μήπω
1204 587 1305 660 γὰρ
1354 591 1447 644 τὴν
1501 586 1694 640 τελείαν
1736 587 1919 661 κληρο,

312 682 496 752 νομίαν
533 674 773 738 λαϐόντες
817 679 909 734 τὴν
959 674 1362 747 εύτρεπισμένην
1430 676 1607 738 αὐτοῖς
1650 678 1700 729 ἐν
1750 680 1922 747 ἐκείνῳ

320 776 391 839 τῷ
444 767 612 831 αἰῶνι,
671 764 915 838 ἀσφαλεῖς
976 765 1106 817 εἰσιν
1165 766 1266 815 άπὸ
1336 772 1429 817 τοῦ
1488 764 1803 839 ἆρῥκϐῶνος,
1861 766 1921 819 οὗ

320 852 557 919 ἐδέξαντο
604 862 713 919 νῦν,
768 856 835 915 ὡς
888 849 996 911 ἤδη
1057 852 1479 925 ἐστεφανωμένοι,
1539 861 1630 908 καὶ
1680 853 1923 929 βασιλεύ-

321 963 477 1005 οντες.
551 948 651 997 Καὶ
733 942 793 995 ού
850 942 1134 1005 ξενίζονται
1189 943 1454 1014 μελλοντες
1524 944 1921 1017 συμϐασιλεύειν

325 1040 556 1108 Χριστῷ,
597 1031 681 1084 ἐπὶ
732 1039 804 1102 τῷ
853 1032 1183 1103 πλεονασμῷ,
1239 1038 1329 1085 καὶ
1382 1041 1443 1105 τῇ
1500 1032 1774 1109 παῤῥησίᾳ
1828 1040 1921 1085 τοῦ

322 1125 635 1195 Πνεύματος.
670 1123 765 1174 Διὰ
802 1125 854 1172 τί
884 1141 898 1188 ;
932 1117 1112 1180 ἐπειδὴ
1170 1124 1300 1182 ὄντες
1329 1124 1404 1175 ἔτι
1445 1121 1493 1173 έν
1523 1131 1586 1194 τῇ
1650 1128 1808 1196 σαρκὶ
1850 1121 1918 1174 εἶ-

320 1231 419 1284 χον
476 1215 563 1265 τόν
618 1215 801 1263 νόστον
854 1210 1039 1262 ἐκεῖνον
1065 1220 1156 1271 τῆς
1182 1211 1529 1283 γλυκύτητος,
1557 1218 1647 1264 καὶ
1673 1216 1766 1271 τὴν
1790 1211 1922 1285 ἐνέρ-

317 1319 462 1372 γειαν
492 1303 686 1357 ἑκείνην
714 1307 806 1360 τῆς
833 1295 1127 1372 δυνάμεως.

395 1424 466 1481 Γ’.
520 1424 615 1477 ⁸ον
672 1427 772 1496 γὰρ
821 1427 1008 1498 τρόπον
1058 1426 1178 1476 ὅταν
1310 1444 1391 1487 τις
1448 1424 1592 1497 φίλος
1645 1422 1918 1498 βασιλέως,

320 1514 601 1607 σχιολάζων
656 1522 726 1584 τῷ
777 1512 1028 1584 παλατίῳ,
1071 1514 1335 1588 γνωρίζων
1384 1515 1451 1565 τὰ
1487 1520 1779 1589 μυστήρια,
1832 1519 1921 1567 καὶ

319 1599 451 1675 ὁρῶν
508 1602 667 1653 αὐτοῦ
720 1605 815 1659 τὴν
867 1604 1134 1675 πορφύραν
1169 1618 1181 1631 ⁸
1220 1601 1393 1675 συμϐῇ
1446 1599 1506 1655 δὲ
1564 1611 1744 1655 τοῦτον
1786 1608 1921 1677 γενέ·

322 1692 448 1743 σθαι
479 1687 720 1762 βασιλέα,
761 1695 851 1742 καὶ
908 1693 1317 1763 στεφανωθῆναι,
1363 1699 1423 1743 οῦ
1481 1692 1748 1759 ξενίζεται,
1806 1697 1921 1746 οὔτε

318 1786 577 1847 πτοεῖται,
628 1775 807 1837 ἕπειδή
874 1778 922 1832 έν
976 1780 1145 1851 πολλῷ
1197 1785 1375 1852 χρόνῳ
1431 1781 1787 1854 ένεγυμνάσθη
1852 1782 1918 1843 εἰς

317 1871 383 1921 τὰ
438 1874 710 1942 μυστήρια
756 1877 846 1921 τοῦ
898 1871 1176 1922 παλατίου.
1226 1870 1300 1923 Ού
1331 1873 1432 1943 γὰρ
1487 1868 1756 1943 ἐνδέχεταί
1804 1892 1919 1924 τινα
1951 1849 1995 1904 Β

318 1966 419 2010 τῶν
462 1956 793 2030 άγελημαίων
843 1963 932 2011 καὶ
964 1956 1183 2011 ἰδιωτῶν
1238 1965 1327 2013 καὶ
1368 1960 1518 2023 ξένων
1572 1968 1669 2011 τὼν
1709 1980 1919 2032 μυστη-

314 2051 441 2122 ρίων
475 2046 740 2112 εἰσελθεῖν,
785 2052 874 2099 καὶ
925 2045 1262 2120 βασιλεῦσαι,
1297 2049 1341 2101 εἰ
1380 2054 1453 2121 μὴ
1486 2053 1602 2110 τούς
1645 2048 1917 2124 ἐμπείρους

317 2139 403 2188 καὶ
467 2132 909 2207 πεπαιδευμένους
951 2154 964 2166 ’
1026 2137 1187 2198 οὕτως
1241 2142 1331 2190 καὶ
1397 2140 1445 2190 οἱ
1500 2144 1813 2213 Χριστιανοὶ
1868 2138 1916 2191 έν

316 2223 492 2296 έκείνῳ
537 2233 608 2295 τῷ
655 2225 804 2277 αἰῶνι
848 2225 1111 2297 μέλλοντες
1142 2224 1458 2299 βασιλεύειν,
1516 2227 1574 2279 ού
1608 2226 1911 2293 ξενίζονται,

316 2310 423 2372 ἤδη
458 2320 833 2388 προεγνωκότες
866 2317 932 2368 τα
979 2321 1253 2390 μυστήρια
1284 2324 1375 2377 τῆς
1417 2318 1665 2391 χάριτος.
1699 2314 1913 2376 Ἐπειδὴ

314 2405 417 2476 γὰρ
468 2404 493 2455 ό
550 2404 822 2478 ἄνθρωπος
883 2403 1082 2476 παρέϐη
1149 2408 1241 2463 τὴν
1297 2404 1525 2469 ἐντολὴν,
1580 2407 1605 2457 ό
1668 2402 1912 2469 διάϐολος

316 2491 436 2551 ὅλην
484 2497 577 2549 τὴν
616 2491 802 2565 ψυχὴν
846 2493 1068 2564 ἐκάλυψε
1120 2492 1420 2567 καλύμματι
1470 2503 1736 2565 σκοτεινῷ.
1789 2503 1919 2549 Λοι-

314 2584 410 2633 πὸν
444 2576 532 2633 οὖν
563 2583 775 2655 ἔρχεται
796 2583 825 2639 ἡ
861 2584 1040 2656 χάρις,
1085 2587 1173 2635 καὶ
1204 2579 1521 2636 ἁπεκδύεται
1561 2584 1672 2636 ὅλον
1715 2588 1773 2637 1'6
1803 2589 1918 2637 σκέ-

314 2690 524 2743 πασμα,
575 2672 710 2723 ὥστε
751 2671 930 2724 λοιπόν
977 2675 1071 2729 τήν
1118 2671 1305 2744 ψυχὴν
1360 2675 1593 2745 καθαρὰν
1641 2677 1916 2745 γενομένην

312 2764 406 2813 καὶ
438 2757 803 2812 ἀπολαϐοῦσαν
837 2764 930 2819 τὴν
985 2756 1125 2812 ἰδίαν
1166 2764 1321 2833 φύσιν
1364 2765 1422 2813 1'6
1453 2766 1658 2834 κτίσμα
1688 2766 1744 2814 τὸ
1775 2763 1917 2835 οἶμω-

314 2867 409 2921 μον
458 2852 547 2901 καὶ
602 2852 849 2921 καθαρόν,
909 2851 1129 2903 πάντοτε
1186 2853 1363 2903 λοιπόν
1416 2853 1659 2924 καθαρῶς
1712 2850 1759 2903 ἐν
1808 2860 1917 2914 τοῖς

314 2940 561 3013 καθαροῖς
618 2938 894 3011 ὀφθαλμοῖς
950 2944 1044 2998 τὴν
1083 2935 1240 3003 δόξαν
1295 2948 1386 2993 τοῦ
1439 2944 1603 3013 φωτός
1655 2948 1746 2994 τοῦ
1796 2940 1918 3000 ἀλη-

318 3029 460 3079 θινοῦ
494 3029 744 3100 καθορᾴν,
778 3032 868 3080 καὶ
907 3031 994 3080 τόν
1037 3027 1281 3086 ἀληθινὸν
1304 3028 1482 3082 Ἥλιον
1513 3038 1609 3092 τῆς
1642 3027 1676 3083 δ
1683 3034 1917 3083 ικαιοσύ-

316 3133 405 3175 νης
444 3114 867 3187 ἰξαστράπτοντα
890 3116 1020 3189 αὐτῇ
1056 3125 1117 3189 τῇ
1160 3114 1380 3190 καρδίᾳ.

2033 604 2197 660 gram
2230 587 2657 650 haereditatem,
2683 586 2868 641 sibiin
2894 586 2995 642 ίΙΙο
3010 585 3232 641 saeculo
3260 588 3683 656 praaparatam,

2033 676 2302 732 nondum
2335 677 2607 744 adierint,
2636 675 2941 731 certissimi
2976 681 3176 731 tamen
3208 678 3344 728 sunt
3375 688 3446 727 ex
3477 671 3683 727 arrha-

2030 765 2189 822 bone
2220 782 2397 837 quem
2431 765 2614 821 modo
2647 770 3017 835 receperunt,
3056 781 3124 820 ac
3174 764 3219 818 si
3244 763 3371 833 jam
3420 759 3687 816 coronati

2031 862 2251 921 essent,
2293 860 2350 911 et
2378 854 2544 925 regni
2578 856 2814 909 clavum
2847 857 3148 918 tenerent;
3182 867 3376 922 neque
3406 850 3687 920 obstupe-

2032 949 2224 1013 scunt,
2255 945 2395 1001 utin
2429 960 2489 1000 re
2519 944 2758 999 insolita
2787 959 2857 998 ac
2884 958 3061 1007 nova,
3090 940 3256 1014 quod
3283 956 3419 995 cum
3453 938 3685 995 Christo

2031 1036 2330 1106 regnaturi
2382 1035 2520 1101 sint,
2561 1037 2804 1105 propter
2837 1031 3272 1088 abundantiam
3305 1033 3361 1084 et
3398 1028 3685 1083 ﬁduciam

2031 1123 2295 1194 Spiritus.
2340 1122 2746 1188 Quamobrem
2776 1121 2804 1176 ?
2858 1138 2928 1177 eo
2966 1119 3153 1192 quod,
3203 1135 3339 1173 cum
3394 1117 3593 1172 adhuc
3626 1116 3686 1170 in

2032 1226 2209 1267 carne
2254 1216 2472 1276 essent,
2528 1211 2817 1267 suavitate
2863 1209 2962 1265 illa
3007 1224 3077 1264 ac
3128 1206 3468 1276 dulcedine,
3504 1209 3686 1276 atque

2030 1300 2298 1356 efﬁcacia
2326 1300 2621 1356 facultatis
2648 1299 2801 1355 illius
2831 1299 3202 1354 tenebantur.

2106 1441 2194 1495 ΙΙΙ.
2226 1440 2752 1505 Quemadmodum
2783 1439 2965 1500 enim,
3001 1438 3050 1492 si
3076 1437 3293 1509 aliquis
3314 1439 3401 1491 est
3429 1434 3531 1507 qui
3565 1435 3691 1489 erat

2032 1530 2265 1587 amicus
2310 1530 2483 1599 regis,
2534 1537 2589 1585 et
2619 1529 2842 1600 palatio
2892 1529 2996 1583 dat
3040 1542 3311 1598 operam,
3360 1540 3430 1579 ac
3462 1529 3690 1579 secreta

2029 1621 2183 1691 regis
2212 1620 2540 1689 cognoscit,
2562 1624 2740 1690 atque
2769 1619 3001 1688 regiam
3023 1616 3685 1686 conspicitpurpuram;

2030 1725 2289 1780 eumque
2310 1709 2613 1779 contingat
2640 1707 2762 1764 ﬁeri
2780 1722 3003 1776 regem,
3028 1710 3083 1760 et
3100 1704 3398 1767 coronari,
3428 1702 3688 1758 novitate

2029 1813 2226 1853 rerum
2279 1813 2397 1852 non
2431 1795 2819 1867 obstupescit,
2851 1811 2960 1849 nec
3020 1800 3180 1849 metu
3228 1792 3581 1864 percellitur,
3615 1806 3686 1845 eo

2028 1887 2192 1957 quod
2233 1886 2413 1954 longo
2463 1891 2728 1955 tempore
2766 1884 2828 1939 in
2859 1882 3095 1939 arcanis
3138 1881 3342 1953 palatii
3385 1880 3681 1935 exercitus

2028 1974 2202 2029 fuerit
2247 1990 2260 2028 :
2316 1989 2702 2044 nequaquam
2750 1972 2909 2026 enim
2964 1971 3090 2025 fieri
3131 1970 3301 2033 solet,
3358 1973 3422 2023 ut
3469 1968 3605 2039 quis
3651 1984 3681 2022 e

2028 2062 2337 2133 gregariis,
2371 2061 2748 2132 simplicibus
2781 2066 2961 2131 atque
2993 2061 3414 2130 mysteriorum
3461 2056 3687 2125 ignaris

2026 2150 2397 2217 hominibus,
2414 2150 2662 2206 accedat
2676 2149 2754 2205 ad
2766 2151 2934 2217 regni
2958 2148 3554 2210 administrationem,
3581 2143 3689 2199 sed

2029 2240 2225 2296 solum
2258 2239 2295 2294 ii
2323 2240 2425 2312 qui
2457 2238 2730 2295 doctrina
2758 2243 2815 2294 et
2843 2235 3495 2309 experientiainstructi
3523 2238 3682 2289 sunt.

2029 2329 2121 2386 Sic
2174 2344 2418 2400 quoque
2449 2327 2818 2394 Christianis,
2861 2326 2959 2396 qui
2991 2325 3294 2395 regnaturi
3326 2330 3467 2379 sunt
3495 2324 3556 2379 in
3586 2321 3686 2378 illo

2028 2417 2262 2480 saeculo,
2299 2417 2445 2472 nihil
2494 2416 2630 2472 novi
2659 2423 2714 2471 et
2762 2415 3149 2485 inexspectati
3190 2414 3425 2479 accidit,
3458 2412 3685 2483 quippe

2026 2508 2131 2578 qui
2148 2514 2322 2563 antea
2339 2508 2468 2577 jam
2493 2513 2788 2561 noverunt
2807 2504 3095 2577 mysteria
3113 2503 3315 2571 gratias
3337 2520 3348 2556 :
3371 2506 3690 2573 propterea

2027 2597 2209 2661 enim,
2243 2595 2408 2667 quod
2437 2595 2622 2651 homo
2662 2600 3067 2665 transgressus
3099 2593 3174 2647 sit
3213 2591 3363 2646 ﬁnes
3395 2589 3684 2659 mandati,

2027 2686 2304 2742 diabolus
2338 2686 2682 2740 universam
2713 2685 2981 2739 animam
3022 2681 3351 2753 caliginoso
3384 2680 3681 2735 velamine

2027 2776 2262 2844 operuit
2315 2792 2328 2830 :
2381 2790 2585 2830 verum
2648 2772 3040 2845 postmodum
3099 2770 3327 2827 accedit
3381 2769 3589 2839 gratia,
3633 2772 3689 2823 et

2028 2864 2259 2920 exuitur
2282 2879 2526 2935 prorsus
2553 2862 2819 2918 velamen
2851 2860 3019 2929 illud,
3050 2861 3131 2916 ita
3155 2868 3214 2915 ut
3234 2864 3438 2930 postea
3460 2857 3685 2923 anima,

2029 2953 2293 3023 pristinas
2312 2951 2555 3023 puritati
2581 2957 2759 3022 atque
2775 2951 3053 3021 proprias,
3079 2949 3259 3004 statui
3281 2951 3510 3003 naturae
3529 2962 3691 3001 crea-

2031 3048 2176 3097 turas
2210 3040 2434 3095 scilicet
2460 3056 2626 3111 purae
2649 3043 2827 3111 atque
2854 3036 3380 3109 irreprehensibili,
3397 3035 3685 3103 restituta,

2031 3134 2318 3200 perpetuo
2371 3144 2442 3183 ac
2483 3142 2629 3199 pure
2692 3126 2973 3198 purisque
3032 3124 3218 3180 oculis
3262 3124 3514 3193 gloriam
3568 3122 3690 3178 veri

1956 3205 1997 3261 (ἶ
2032 3217 2277 3272 luminis
2333 3216 2683 3287 conspiciat,
2736 3228 3064 3285 verumque
3106 3212 3304 3269 Solem
3344 3211 3590 3284 justitias
3626 3209 3689 3265 in

395 3397 466 3453 A’.
524 3396 722 3473 Ὠσπερ
779 3400 880 3471 γὰρ
941 3401 988 3451 ἐν
1051 3406 1113 3471 τῇ
1172 3397 1440 3472 συντελείᾳ
1487 3403 1920 3475 περιαιρουμένου

317 3495 411 3541 τοῦ
440 3491 816 3562 περεὼματος,
855 3487 1033 3541 λοιπὸν
1064 3491 1112 3541 οἰ
1141 3486 1339 3542 δίκαιοι
1372 3491 1421 3541 ἂν
1451 3490 1516 3562 τῇ
1558 3486 1803 3562 βασιλείᾳ
1827 3494 1918 3543 καὶ

313 3582 384 3652 τῷ
415 3585 544 3653 φωτὶ
575 3585 665 3633 καὶ
701 3589 763 3654 τῇ
798 3578 926 3654 δόξῃ
964 3579 1235 3653 διάγουσι,
1276 3579 1443 3654 μηδὲν
1479 3585 1646 3654 ἕτερον
1677 3587 1914 3657 ὁρῶντες,

316 3671 347 3729 ἣ
382 3671 552 3730 καθὼς
591 3671 616 3721 ὁ
644 3674 875 3744 Χριστός
909 3669 956 3722 ἐν
990 3667 1121 3741 δόξῃ
1164 3670 1277 3724 ἐστὶ
1303 3674 1523 3725 πάντοτε
1554 3672 1602 3724 ἐν
1639 3669 1789 3744 δεξιᾷ
1826 3681 1916 3725 τοῦ

316 3765 518 3833 Πατρός
550 3776 563 3790 ⁰
596 3760 755 3820 οὕτως
805 3766 894 3813 καὶ
941 3760 1086 3813 οὗτοι
1112 3760 1213 3813 ἀπό
1260 3768 1351 3813 τοῦ
1377 3770 1465 3814 νῦν
1509 3762 1580 3825 εἰς
1611 3763 1798 3816 ἐκεῖνον
1826 3767 1915 3816 τόν

315 3849 478 3902 αἰῶνα
528 3847 869 3921 ἀπαχθέντες,
914 3854 1004 3903 καὶ
1051 3849 1585 3923 αἰχμαλωτισθέντες,
1636 3855 1807 3905 πάντα
1853 3856 1919 3906 τὰ

316 3937 420 3990 έκεῖ
470 3938 653 4003 κάλλη,
706 3943 795 3990 καὶ
854 3941 943 4000 τὰς
1002 3941 1430 4012 θαυματουργίας
1476 3943 1687 4016 ὁρῶσιν.
1740 3941 1916 4013 Ἡμεῖς

314 4029 416 4099 γὰρ
470 4029 553 4079 ἐπὶ
582 4034 678 4098 γῆς
717 4031 870 4093 ὄντες,
914 4026 961 4080 έν
1014 4029 1247 4103 οὐρανοῖς
1287 4031 1474 4101 ἔχομεν
1529 4034 1585 4082 τό
1616 4031 1914 4103 πιλίτευμα,

318 4116 386 4176 εἰς
436 4115 623 4167 ἐκεῖνον
671 4120 756 4168 τόν
783 4121 980 4188 κόσμον
1028 4119 1236 4188 ἔχοντες
1285 4122 1379 4176 τὴν
1407 4114 1679 4190 διαγωγὴν
1710 4126 1800 4173 καὶ
1825 4126 1918 4179 τὴν

317 4204 594 4268 πολιτείαν,
657 4207 790 4258 κατὰ
856 4209 942 4257 τόν
993 4214 1110 4257 νοῦν
1175 4211 1265 4258 καὶ
1321 4209 1407 4257 τόν
1461 4210 1562 4259 ἔσω
1628 4211 1915 4279 ανθρωπον.

319 4292 521 4366 Ὠσπερ
574 4297 675 4368 γὰρ
708 4296 734 4346 ὁ
765 4299 1063 4367 φαινόμενος
1120 4294 1377 4367 ὀφθαλμός
1426 4298 1657 4370 καθαρός
1687 4298 1774 4363 ὡν,
1826 4319 1918 4351 κα-

328 4386 493 4458 θαρῶς
524 4385 623 4456 ὁρᾷ
668 4403 887 4436 παντοτε
937 4388 1024 4436 τόν
1062 4384 1204 4443 ἣλιον
1236 4403 1247 4413 ·
1282 4384 1447 4447 οὕτως
1506 4388 1645 4437 καὶὸ
1676 4394 1788 4448 νοῦς
1840 4406 1919 4441 τε·

322 4470 470 4535 λείως
506 4475 868 4548 καθαρισθείς,
914 4476 1135 4526 πάντοτε
1164 4475 1261 4547 όρᾴ
1303 4479 1396 4533 τὴν
1429 4472 1587 4538 δόξαν
1631 4484 1722 4528 τοῦ
1753 4482 1921 4549 φωτός

321 4569 412 4616 τοῦ
442 4570 697 4634 Χριστοῦ,
754 4568 843 4616 καὶ
881 4566 1093 4616 σύνεστι
1121 4572 1193 4635 τῷ
1239 4568 1412 4637 Κυρίῳ
1441 4567 1625 4626 νυκτός
1678 4570 1766 4619 καὶ
1798 4568 1917 4638 ἠμέ-

320 4670 434 4723 ρας,
483 4652 538 4703 ὁν
592 4657 781 4725 τρόπον
830 4656 886 4705 1'6
947 4661 1101 4725 σῶμα
1154 4660 1246 4705 τοῦ
1306 4658 1500 4727 Κυρίου
1557 4657 1808 4727 συναφθὲν
1852 4664 1913 4729 τῇ

324 4740 545 4805 θεότητι,
590 4743 806 4794 πάντοτε
861 4745 1070 4795 σύνεστι
1116 4750 1187 4812 τῷ
1242 4741 1378 4814 ἁγίῳ
1438 4745 1719 4815 Πνεύματι.
1763 4744 1919 4799 Ἀλλὰ

320 4833 488 4879 ταῦτα
516 4830 581 4880 τὰ
618 4834 778 4902 μέτρα
824 4831 917 4882 ούκ
962 4832 1147 4894 εύθέως
1199 4830 1690 4904 καταλαμϐάνουσιν
1730 4836 1779 4886 οἱ
1830 4837 1915 4886 οἶν-

321 4917 536 4989 θρωποι,
587 4917 729 4989 εἰμὴ
778 4915 872 4971 διὰ
914 4923 1172 4992 καμάτου,
1228 4927 1317 4974 καὶ
1366 4921 1607 4994 θλίψεως,
1650 4929 1739 4977 καὶ
1771 4923 1915 4997 ἀγῶ-

316 5024 401 5068 νος
448 5005 656 5062 πολλοῦ.
715 5006 833 5059 Εἰσὶ
882 5016 982 5082 γάρ
1032 5028 1180 5073 τινες,
1232 5012 1312 5062 ὃτι
1363 5013 1604 5064 σύνεστιν
1654 5013 1832 5077 αὐτοῖς
1880 5017 1909 5073 ἡ

314 5097 475 5169 χάρις
526 5094 808 5170 ένεργοῦσα
850 5101 938 5148 καὶ
996 5096 1358 5165 ἁναπαύουσα,
1403 5104 1613 5154 σύνεστι
1660 5102 1717 5155 δὲ
1760 5109 1849 5156 καὶ
1879 5107 1909 5163 ἡ

315 5189 478 5237 κακία
527 5181 694 5251 ἔνδον,
728 5190 817 5237 καὶ
857 5187 922 5237 τα
952 5182 1049 5238 δύο
1098 5185 1448 5259 πολιτεύματα
1491 5190 1561 5253 εἰς
1607 5197 1731 5264 μίαν
1780 5194 1913 5267 ἐνερ-

310 5281 394 5346 γεῖ
416 5270 643 5347 καρδίαν
672 5283 763 5328 τοῦ
796 5278 982 5346 φωτός,
1013 5280 1103 5328 καὶ
1132 5283 1222 5328 τοῦ
1258 5281 1501 5339 σκότους.

385 5467 458 5523 Ε’.
516 5467 673 5523 Ἀλλὰ
725 5471 929 5531 πάντως
986 5468 1118 5545 ἐρεῖς
1168 5489 1281 5543 μοι,
1342 5476 1420 5533 τίς
1481 5479 1723 5528 κοινωνία
1779 5480 1909 5549 φωτὶ

313 5558 439 5629 πρὸς
492 5562 724 5627 σκότος;
768 5566 875 5613 Ποῦ
922 5562 1020 5633 γὰρ
1066 5562 1125 5611 τὸ
1179 5562 1310 5613 θεῖον
1361 5568 1467 5632 φῶς
1516 5564 1906 5625 ἑπισκοτίζεται

312 5649 403 5697 καὶ
466 5645 727 5714 θολοῦται,
807 5654 896 5702 καὶ
947 5653 1005 5701 τό
1068 5648 1315 5723 ἀμίαντον
1368 5655 1457 5703 καὶ
1522 5653 1752 5726 καθαρόν
1806 5661 1908 5705 ποῦ

310 5739 614 5806 μιαίνεται;
657 5741 950 5813 Γέγραπται
973 5741 1097 5814 γὰρ,
1129 5744 1249 5794 Καὶ
1287 5743 1353 5794 τό
1393 5748 1520 5813 φῶς
1556 5738 1613 5793 ἓν
1652 5749 1723 5815 τῇ
1770 5760 1907 5795 σκο-

2029 3305 2358 3361 visceribus
2385 3304 2601 3369 cordis,
2631 3303 2876 3373 fulgoris
2897 3304 2957 3357 in
2973 3302 3222 3357 modum
3246 3299 3683 3372 splendentem.

2105 3412 2195 3466 IV.
2221 3412 2380 3467 Sicut
2401 3411 2560 3468 enim
2594 3411 2652 3465 in
2681 3409 3201 3465 consummatione
3222 3406 3466 3478 perituri
3490 3406 3687 3460 ﬁrma-

2034 3503 2245 3572 menti,
2272 3501 2423 3573 justi
2454 3500 2514 3555 in
2544 3504 2852 3570 posterum
2883 3499 2943 3553 in
2982 3513 3188 3566 regno,
3236 3496 3460 3551 lumine
3510 3499 3688 3565 atque

2031 3590 2219 3659 gloria
2248 3590 2449 3644 victuri
2474 3594 2626 3651 sunt,
2651 3586 2799 3643 nihil
2829 3587 2991 3642 aliud
3019 3588 3333 3651 intuentes,
3360 3600 3544 3656 quam
3566 3598 3690 3655 quo

2031 3686 2206 3752 pacto
2237 3678 2497 3734 Christus
2528 3678 2586 3732 in
2626 3677 2815 3748 gloria
2846 3683 3129 3748 perpetuo
3161 3675 3235 3729 sit
3287 3674 3362 3729 ad
3413 3674 3686 3728 dextram

2029 3767 2216 3824 Patris
2247 3783 2259 3822 :
2296 3768 2378 3823 sic
2395 3783 2639 3839 quoque
2667 3766 2729 3821 hi
2753 3768 2854 3838 qui
2877 3782 2947 3820 ex
2974 3765 3087 3820 hoc
3119 3765 3177 3818 in
3211 3763 3371 3819 aliud
3400 3761 3688 3816 saeculum

2030 3858 2261 3928 abrepti
2276 3862 2455 3929 atque
2476 3856 2691 3927 captivi
2707 3855 2947 3912 abducti
2974 3859 3131 3917 sunt,
3149 3866 3527 3923 quaecunque
3551 3854 3691 3905 sunt

2026 3948 2107 4004 ibi
2142 3946 2390 4019 pulchra
2416 3950 2594 4016 atque
2626 3944 3016 4000 admiratione
3060 3942 3245 4011 digna
3276 3938 3692 4009 contemplan-

2028 4042 2141 4094 tur.
2174 4038 2288 4091 Nos
2321 4034 2504 4098 enim,
2537 4033 2638 4105 qui
2673 4034 2873 4088 adhuc
2904 4034 2962 4087 in
2995 4037 3149 4086 terra
3179 4045 3407 4092 sumus,
3436 4028 3496 4083 in
3524 4026 3688 4083 caelis

2028 4125 2327 4181 habemus
2377 4122 2918 4184 conversationem,
2963 4121 3023 4173 in
3078 4117 3179 4174 illo
3231 4116 3448 4172 saeculo
3497 4115 3686 4170 vitam

2028 4219 2295 4283 agentes,
2330 4218 2507 4284 atque
2531 4214 2952 4266 conservantes
2984 4207 3315 4263 secundum
3351 4210 3609 4260 mentem
3634 4208 3689 4259 et

2028 4302 2363 4358 interiorem
2395 4302 2723 4356 hominem.
2747 4296 3271 4363 Quemadmodum
3296 4294 3454 4350 enim
3478 4291 3687 4348 oculus

2029 4391 2295 4454 exterior,
2329 4390 2374 4444 si
2410 4404 2593 4461 purus
2627 4388 2721 4454 sit,
2757 4386 2945 4442 solem
2983 4401 3129 4455 pure
3164 4398 3400 4453 semper
3430 4382 3639 4452 aspicit
3670 4397 3681 4436 :

2029 4481 2111 4535 sic
2141 4494 2384 4552 quoque
2424 4492 2595 4532 mens
2624 4480 2828 4531 exacte
2860 4474 3100 4543 puritati
3124 4472 3414 4538 restituta,
3450 4484 3690 4540 semper

2029 4570 2291 4625 intuetur
2321 4567 2575 4638 gloriam
2610 4564 2854 4620 luminis
2883 4563 3112 4625 Christi,
3151 4560 3270 4632 74
3306 4565 3513 4630 estque
3549 4574 3689 4613 cum

2030 4658 2283 4714 Domino
2316 4662 2493 4713 noctu
2524 4654 2769 4724 diuque,
2804 4652 3050 4724 perinde
3081 4668 3151 4705 ac
3186 4665 3407 4720 corpus
3453 4646 3689 4702 Domini

2027 4747 2321 4803 divinitati
2376 4745 2764 4814 conjunctum
2814 4746 3100 4813 perpetuo
3151 4745 3239 4794 est
3288 4753 3426 4792 cum
3474 4735 3692 4807 Spiritu

2027 4842 2253 4893 sancto.
2274 4837 2489 4890 Verum
2508 4834 2688 4889 hosce
2720 4831 2940 4901 gradus
2975 4845 3097 4885 non
3128 4828 3329 4883 statim
3358 4838 3690 4896 assequun-

2024 4930 2118 4981 tur
2168 4924 2465 4989 homines,
2509 4921 2624 4976 nisi
2670 4936 2804 4975 cum
2862 4919 3088 4983 labore,
3138 4915 3458 4972 afﬂictione
3514 4919 3692 4984 atque

2023 5030 2231 5087 pugna
2280 5012 2484 5068 multa.
2536 5012 2659 5066 Non
2708 5009 2929 5064 desunt
2976 5007 3159 5069 enim,
3192 5006 3252 5061 in
3303 5004 3525 5076 quibus
3558 5001 3691 5057 licet

2023 5104 2214 5176 gratia
2243 5103 2357 5159 vim
2389 5117 2561 5156 suam
2594 5099 2653 5154 in
2680 5098 2829 5169 ipsis
2859 5100 3092 5152 exserat
3121 5101 3300 5166 atque
3328 5092 3688 5164 requiescat,

2022 5194 2179 5248 intus
2210 5198 2409 5247 tamen
2428 5189 2629 5261 aliqua
2654 5188 2794 5243 latet
2818 5185 3064 5249 malitia,
3085 5188 3265 5255 atque
3292 5183 3423 5237 dum
3471 5180 3692 5235 adsunt

2021 5278 2418 5337 conversandi
2448 5278 2727 5342 rationes,
2752 5274 2903 5331 lucis
2935 5273 3152 5329 scilicet
3187 5277 3243 5327 et
3274 5271 3686 5333 tenebrarum,

2020 5369 2081 5425 in
2114 5384 2232 5424 uno
2264 5368 2443 5423 corde
2475 5368 2594 5421 vim
2625 5381 2801 5421 suam
2823 5367 3193 5419 exercentes.

2092 5477 2157 5530 V.
2196 5475 2373 5546 Atqui
2398 5474 2662 5539 omnino,
2702 5472 2865 5528 dices
2904 5470 3069 5535 mihi,
3111 5485 3246 5541 quas
3289 5465 3541 5522 societas
3569 5462 3689 5519 luci

2020 5581 2159 5621 cum
2184 5564 2444 5619 tenebris
2467 5564 2495 5620 ?
2528 5562 2774 5619 ubinam
2792 5561 2895 5616 lux
2916 5560 3120 5615 divina
3138 5556 3395 5612 tenebris
3421 5551 3689 5609 offundi-

2019 5659 2113 5709 tur
2139 5658 2317 5725 atque
2366 5652 2734 5725 inquinatur,
2775 5654 2831 5706 et
2868 5648 2974 5704 ubi
3011 5646 3177 5719 quod
3206 5642 3583 5715 impollutum
3616 5654 3685 5694 ac

2025 5758 2243 5816 purum
2294 5746 2397 5809 est,
2457 5741 2739 5814 polluitur
2786 5744 2963 5810 atque
3020 5734 3293 5791 turbatur
3324 5732 3352 5787 ‘I
3381 5728 3683 5800 Scriptum
