4148 6262
480 274 587 330 627
1785 273 1844 327 S.
1887 271 2185 327 MACARII
2224 270 2536 326 IEGYPTII
3739 269 3859 328 628

478 400 639 456 enim
668 404 757 457 est
785 418 797 455 :
831 402 927 457 Ea:
958 402 1067 458 tua:
1090 401 1153 457 in
1176 400 1430 458 tenebris
1458 402 1630 465 lucet,
1665 404 1717 457 et
1745 399 1994 456 tenebrae
2014 412 2116 454 ean

2204 402 2357 468 ιτίᾳ
2401 400 2634 468 φαίνει,
2684 400 2791 449 καὶ
2840 398 2870 454 ἠ
2925 398 3157 449 σκοτία
3202 394 3356 447 αὐτὸ
3397 394 3464 448 οὐ
3505 394 3842 452 κατέλαϐε.

479 505 600 545 non
632 490 1203 560 comprehenderunt
1238 492 1303 540 ⁸⁸.
1339 494 1463 545 Non
1496 505 1637 559 ergo
1668 489 2011 559 simpliciter
2035 505 2117 542 [181

2253 491 2593 559 Μονοτρόπως
2637 482 2724 538 οὖν
2756 486 2814 537 οῦ
2845 490 2955 558 χρὴ
3003 487 3068 538 τὰ
3118 488 3406 559 πράγματα
3448 486 3699 549 νοεῖσθαι,
3734 488 3854 538 οὔτε

481 594 604 635 uno
637 579 819 634 modo
849 580 975 635 haec
1002 578 1563 649 suntintelligenda.
1600 579 1856 643 Quidam
1888 577 2045 633 enim
2080 577 2119 631 ii

2251 584 2564 648 μονομερῶς.
2635 575 2719 637 Εἰς
2763 581 3010 626 τοσοῦτον
3056 575 3158 647 γάρ
3234 593 3362 635 τινες
3405 572 3760 626 ἀναπαύονται
3800 571 3849 623 έν

480 670 717 722 tantum
754 668 1189 738 conquiescunt
1216 668 1270 721 in
1304 667 1491 737 gratia
1525 668 1642 731 Dei,
1672 666 1834 738 quod
1866 665 2118 721 fortiore:

2247 672 2310 735 τῇ
2366 672 2457 717 τοῦ
2503 671 2636 718 Θεοῦ
2684 666 2893 737 χάριτι,
2944 665 3023 715 ὅτι
3079 660 3431 735 ἀνδρειότεροι
3477 668 3711 734 γίνονται
3757 669 3853 721 τῆς

481 756 764 821 evadant,
807 772 991 827 quam
1034 761 1121 811 est
1159 757 1480 826 conjuncta
1510 755 1622 810 illis
1655 754 1877 811 malitia
1908 773 1925 820 ;
1958 760 2119 825 atque

2250 757 2510 816 συνούσης
2542 753 2713 813 αὐτοῖς
2759 756 2969 815 κακίας,
3014 756 3103 804 καὶ
3143 754 3358 823 ἔχοντες
3386 753 3572 823 εὐχὴν,
3603 755 3688 803 καὶ
3722 750 3853 803 ἀνά-

484 860 723 900 summa
789 860 931 913 erga
1006 847 1192 900 Deum
1250 844 1565 899 devotione
1630 849 1685 899 et
1745 843 2122 899 oblectatione

2245 861 2440 894 παυσιν
2494 842 2681 899 πολλὴν
2735 844 2861 915 πρός
2903 844 2989 892 τόν
3020 844 3165 903 Θεὸν,
3215 840 3343 913 ἄλλη
3377 841 3486 913 ὥρᾳ
3526 840 3853 912 ένεργοῦνται

484 936 799 988 teneantur
828 951 839 989 :
874 933 988 989 alia
1024 938 1226 989 tamen
1258 935 1405 989 hora
1444 933 1638 1004 pravis
1669 932 2122 1002 cogitationibus

2245 932 2345 982 ὑπὸ
2410 930 2675 1003 λογισμῶν
2731 938 2988 1001 πονηρῶν,
3057 934 3149 981 καὶ
3212 929 3517 982 κλέπτονται
3590 930 3690 981 ὑπό
3752 936 3848 988 τῆς

482 1022 803 1091 agitantur,
831 1039 901 1079 ac
924 1023 1336 1091 subripiuntur
1362 1039 1397 1077 a
1418 1027 1683 1095 peccato,
1712 1022 1910 1077 adhuc
1937 1027 2120 1077 tamen

2245 1018 2523 1093 ἁμαρτίας,
2575 1022 2652 1071 ἔτι
2699 1023 2835 1081 ὄντες
2885 1018 2933 1070 έν
2985 1026 3044 1090 τῇ
3098 1020 3286 1090 χάριτι
3338 1026 3430 1070 τοῦ
3471 1024 3623 1071 Θεοῦ.
3676 1020 3743 1070 Οἱ
3787 1012 3848 1069 δὲ

480 1111 832 1166 exsistentes
862 1112 921 1167 in
963 1112 1155 1182 gratia
1200 1112 1319 1166 Dei.
1353 1110 1755 1183 Simpliciores
1790 1126 1926 1166 vero
1955 1118 2118 1181 atque

2244 1107 2453 1183 ἐλαφροὶ
2504 1113 2592 1161 καὶ
2641 1104 2871 1173 ἰδιῶται,
2927 1116 3146 1180 μερικῶς
3196 1106 3507 1179 ὶνεργούσης
3557 1106 3603 1157 έν
3655 1108 3835 1166 αὐτοῖς

480 1200 701 1266 idiotas,
736 1200 836 1255 ubi
862 1201 1017 1255 vires
1049 1216 1190 1255 suas
1222 1200 1423 1271 aliqua
1443 1217 1513 1255 ex
1544 1205 1712 1270 parte
1742 1201 1800 1254 in
1833 1200 1942 1255 illis
1973 1216 2118 1254 exse

2242 1206 2335 1259 τῆς
2384 1204 2625 1270 χάριτος,
2666 1197 2945 1268 νομίξουσι
2997 1200 3184 1268 μηκέτι
3233 1193 3363 1249 εἶναι
3404 1201 3499 1254 τὴν
3539 1196 3797 1268 ἁμαρτίαν
3827 1211 3844 1227 ·

478 1290 660 1343 ruerit
696 1289 908 1358 gratia,
949 1305 1010 1343 se
1042 1304 1286 1360 prorsus
1323 1306 1357 1344 a
1396 1295 1643 1359 peccato
1682 1288 1903 1343 liberos
1934 1288 2116 1343 existi-

2243 1288 2291 1337 οἰ
2332 1282 2389 1338 δὲ
2436 1289 2644 1358 ἔχοντες
2692 1283 2984 1357 διάκρισιν,
3033 1290 3121 1337 καὶ
3176 1289 3306 1345 ὄντες
3344 1284 3668 1359 φρόνιμοι,οὐ
3721 1282 3844 1334 τολ-

482 1383 669 1432 mant.
698 1380 767 1432 At
795 1378 896 1449 qui
929 1377 1202 1433 acumine
1225 1378 1429 1448 judicii
1453 1394 1522 1433 ac
1549 1378 1863 1447 prudentia
1889 1377 2120 1448 pollent,

2242 1384 2409 1447 μῶσιν
2459 1375 2805 1450 ἀρνήσασθαι,
2862 1378 2942 1427 ὃτι
2971 1378 3176 1447 ἔχοντες
3207 1380 3300 1433 τὴν
3336 1376 3499 1448 χάριν
3546 1381 3637 1426 τοῦ
3686 1380 3844 1440 Θεοῦ,

481 1470 758 1520 verentur
797 1481 1037 1534 negare,
1084 1466 1266 1537 quod,
1302 1465 1431 1521 licet
1472 1466 1662 1535 gratia
1694 1466 1901 1520 divina
1931 1466 2119 1521 donati

2244 1465 2336 1517 οὐκ
2408 1465 2752 1540 ἕνεργούμεθα
2821 1466 2920 1516 ὑπὸ
2979 1464 3220 1537 αἰσχρῶν
3296 1470 3385 1515 καὶ
3458 1465 3703 1538 ῥυπαρῶν
3756 1461 3848 1513 λο-

480 1553 692 1619 simus,
717 1554 990 1626 turpibus
1018 1560 1195 1625 atque
1217 1554 1493 1610 obscenis
1522 1554 1981 1624 cogitationibus
2011 1570 2133 1610 non
2242 1562 2476 1626 γισμῶν.

480 1657 891 1698 exerceamur.

552 1786 637 1839 VI.
698 1787 1120 1857 Saapenumero
1170 1785 1328 1840 enim
1390 1787 1688 1858 quosdam
1740 1787 1797 1841 in
1857 1741 2190 1841 fratribusI

2209 1753 2211 1784 ὲ
2334 1776 2430 1850 ς’.
2461 1775 2712 1835 Πολλάκις
2747 1778 2848 1848 γὰρ
2894 1775 3103 1849 εὕρομεν
3134 1773 3182 1825 έν
3215 1782 3323 1835 τοῖς
3355 1770 3616 1846 ἀδελφοῖς,
3652 1774 3733 1825 ὅτι
3761 1775 3847 1823 τό-

474 1872 824 1944 reperimus,
861 1880 1091 1929 tantum
1124 1875 1286 1945 ipsos
1314 1875 1601 1945 gaudium
1639 1881 1693 1930 et
1718 1876 1967 1945 gratiam
2002 1892 2112 1931 οδες

2249 1877 2445 1932 σαύτην
2499 1874 2641 1946 εὗρον
2695 1875 2869 1947 χαρὰν
2894 1878 2983 1924 καὶ
3012 1874 3194 1946 χάριν,
3231 1875 3365 1924 ὥστε
3415 1872 3463 1924 ἐν
3503 1876 3648 1924 πέντε
3676 1875 3765 1922 καὶ
3794 1870 3847 1932 ἓξ

479 1969 855 2027 consecutos,
890 1970 953 2017 ut
995 1962 1071 2017 ad
1104 1963 1370 2034 quinque
1400 1970 1502 2018 aut
1538 1980 1638 2019 sex
1672 1979 1968 2019 annorum
2004 1980 2117 2035 spat

2246 1966 2383 2016 ἔτεσι
2426 1963 2588 2033 λέγειν
2648 1962 2855 2029 αὐτοὺς,
2901 1963 2978 2013 ὅτι
3040 1960 3293 2034 ἐξηράνθη
3344 1962 3376 2019 ἡ
3434 1962 3705 2030 ἐπιθυμία,
3755 1964 3846 2011 καὶ

476 2050 624 2106 tium
652 2052 1202 2123 concupiscentiam
1232 2054 1534 2108 exaruisse
1564 2058 1913 2116 assererent,
1955 2059 2114 2124 atquc

2245 2055 2375 2124 μετὰ
2426 2059 2593 2103 ταῦτα
2634 2054 2702 2111 ὡς
2760 2050 3004 2121 ἐνόμισαν
3059 2050 3449 2123 ἠλευθερῶσθαι
3513 2047 3599 2100 ἀπ’
3656 2047 3842 2113 αὐτῆς,

477 2138 538 2194 in
577 2145 882 2210 posterum
925 2139 1003 2195 ab
1039 2156 1109 2195 ea
1149 2157 1210 2195 se
1255 2140 1538 2195 liberatos
1584 2147 1880 2211 putarent.
1918 2141 2115 2195 Veruu

2245 2141 2557 2215 ἐγκρυϐεῖσα
2600 2142 2629 2197 ἡ
2690 2144 2850 2191 κακία
2893 2138 3170 2197 ἐπεκινήθη
3218 2138 3411 2203 αὐτοῖς,
3465 2142 3553 2190 καὶ
3594 2140 3845 2189 κατεκαύ-

476 2228 686 2283 vitium
704 2228 894 2283 latens
916 2228 1231 2284 insurrexit
1248 2230 1305 2283 in
1328 2228 1475 2293 illos,
1500 2236 1678 2301 atque
1708 2229 2114 2299 concupiscen-

2247 2233 2412 2288 θησαν
2463 2237 2523 2301 τῇ
2562 2228 2832 2301 ἐπιθυμίᾳ,
2884 2230 3018 2280 ὥστε
3063 2228 3354 2291 ξενίζεσθαι
3404 2228 3593 2288 αὐτοὺς
3631 2231 3721 2279 καὶ
3768 2226 3846 2278 λέ-

476 2316 571 2371 ἰὶεθ
594 2317 714 2385 igni
745 2317 897 2372 adeo
927 2317 1225 2373 combusti
1255 2323 1413 2382 sunt,
1440 2323 1500 2372 ut
1522 2319 1752 2373 attoniti
1777 2334 1845 2373 ac
1877 2317 2110 2390 perculs

2243 2339 2369 2391 γειν,
2423 2321 2502 2371 ὅτι
2552 2320 2681 2389 μετά
2723 2325 2971 2370 τοσοῦτον
3014 2322 3205 2390 χρόνον
3241 2319 3395 2369 πόθεν
3425 2318 3551 2388 ἡμῖν
3585 2317 3840 2373 ἐπανέστη

477 2404 759 2470 dicerent,
795 2406 1101 2461 Undenam
1136 2412 1298 2461 tanto
1330 2411 1467 2477 post
1498 2413 1755 2477 tempore
1793 2407 1968 2462 nobis
1996 2423 2115 2477 pro

2242 2412 2473 2465 τοσαύτη
2537 2412 2737 2473 κακία;
2772 2403 2948 2468 οὐδεὶς
3009 2403 3095 2458 οὖν
3151 2414 3250 2458 τῶν
3315 2408 3608 2479 ἓχιφρόνων
3679 2404 3845 2476 τολμᾷ

477 2494 585 2548 diit
610 2500 840 2549 tantum
871 2494 1075 2549 vitium
1094 2496 1121 2552 ?
1144 2498 1326 2551 Nemo
1348 2511 1489 2565 ergo
1511 2511 1672 2550 sanae
1701 2496 1915 2550 mentis
1936 2495 2115 2551 dicere

2243 2499 2398 2550 εἰπεῖν
2446 2500 2525 2549 ὅτι
2567 2500 2828 2558 συνούσης
2875 2515 2964 2567 μοι
3010 2503 3100 2555 τῆς
3131 2497 3355 2567 χάριτος
3394 2499 3449 2547 τό
3480 2494 3594 2547 ὅλον
3636 2494 3845 2552 ἠλευθέ-

478 2582 715 2645 audeat,
744 2582 896 2647 Quia
921 2589 1263 2638 mecumest
1292 2584 1502 2651 gratia,
1522 2600 1557 2639 a
1588 2585 1846 2653 peccatis
1885 2601 2116 2655 prorsus

2240 2607 2414 2661 ρωμαι
2457 2594 2550 2648 τῆς
2602 2585 2881 2659 ἁμαρτίας,
2939 2583 3065 2636 ἀλλά
3103 2588 3169 2636 τὰ
3217 2580 3315 2636 δύο
3367 2589 3624 2655 πρόσωπα
3672 2585 3720 2635 ἓν
3764 2591 3836 2653 τῷ

478 2669 764 2725 liberatus
812 2688 943 2726 sum
979 2689 992 2726 :
1037 2672 1139 2726 sed
1196 2672 1331 2727 duas
1372 2688 1645 2743 personae
1684 2674 1804 2728 vim
1848 2690 2017 2729 suam
2070 2675 2116 2730 in

2239 2683 2308 2745 νῷ
2362 2674 2659 2749 ἐνεργεῖται.
2713 2676 2778 2725 Οἱ
2823 2676 2924 2746 γὰρ
2978 2674 3182 2745 ἄπειροι
3232 2681 3330 2724 τῶν
3362 2674 3699 2744 πραγμάτων,
3738 2693 3835 2743 μι-

480 2764 677 2814 mente
707 2767 1001 2815 exercent.
1030 2762 1289 2831 Imperiti
1310 2763 1467 2816 enim
1491 2762 1592 2832 qui
1616 2768 1752 2816 sunt
1778 2779 1995 2831 rerum,
2027 2764 2118 2819 ub:

2240 2768 2361 2835 κρόν
2413 2783 2461 2815 τι
2517 2762 2871 2834 ένεργησάσης
2917 2762 2986 2824 εἰς
3035 2762 3225 2824 αὐτοὺς
3253 2770 3349 2823 τῆς
3396 2763 3638 2835 χάριτος,
3682 2765 3830 2830 νομί-

480 2848 788 2903 modicum
819 2850 963 2920 quid
995 2850 1052 2904 in
1076 2849 1188 2904 illis
1217 2857 1462 2921 operata
1479 2850 1651 2905 fuerit
1680 2852 1888 2920 gratia,
1924 2853 2118 2923 sejam

2242 2853 2444 2918 ζουσιν,
2482 2854 2561 2905 ὅτι
2587 2849 2695 2911 ἤδη
2728 2855 2991 2916 ἰνίκησαν,
3034 2857 3123 2903 καὶ
3155 2851 3254 2903 εἰσὶ
3282 2856 3585 2922 Χριστιανοὶ
3614 2850 3816 2904 τέλειοι.

476 2936 693 2991 vicisse
733 2944 913 3008 atque
945 2938 1237 3009 perfectos
1277 2939 1637 2994 Christianos
1669 2955 1800 2995 esse
1840 2945 2107 2997 statuunt

2238 2943 2372 3013 Ἐγὼ
2414 2938 2473 2994 δὲ
2511 2943 2669 3001 οὕτως
2708 2945 2840 3013 φημὶ
2877 2944 2940 2993 τὰ
2974 2942 3259 3014 πράγματα
3302 2936 3451 3005 εἶναι,
3498 2942 3665 3010 ὠσπερ
3712 2940 3830 2991 ὃταν

480 3027 594 3096 Ego
625 3041 768 3081 vero
804 3027 889 3081 sic
913 3043 975 3081 se
1005 3043 1129 3081 rem
1158 3027 1381 3082 habere
1416 3034 1581 3097 puto,
1616 3030 1859 3098 perinde
1889 3046 1959 3085 ac
1985 3030 2031 3084 si
2060 3032 2118 3085 sit

2196 3029 2269 3105 ,ᾗ
2330 3030 2378 3083 έν
2430 3030 2631 3103 οὐρανῷ
2694 3030 2840 3092 ἣλιος
2896 3028 2945 3081 έν
3011 3031 3224 3103 καθαρῷ
3290 3027 3402 3100 ἀέρι
3459 3027 3834 3100 καταλάμπων,

2196 3106 2209 3126 Ι
2313 3125 2316 3126 ,
2363 3121 2436 3126 μ--
2691 3124 2697 3126 _
2818 3120 2822 3125 .
2872 3121 2880 3126 .
3070 3118 3093 3126 .-
3308 3122 3316 3126 -
3432 3117 3486 3126 ι.
3793 3116 3806 3126 ε

480 3116 538 3169 in
580 3115 729 3170 caalo
755 3115 862 3179 sol,
895 3116 998 3188 qui
1028 3116 1088 3171 in
1116 3133 1267 3186 puro
1289 3132 1422 3171 aere
1452 3117 1626 3184 lucet,
1659 3124 1715 3172 et
1739 3118 1929 3174 nubes
1955 3120 2108 3174 adve

2204 3115 2329 3172 ’καὶ
2358 3121 2547 3171 ἔλθωσι
2590 3124 2708 3192 περὶ
2763 3120 2918 3169 αὐτόν
2963 3118 3184 3189 νεφέλαι,
3235 3122 3322 3170 καὶ
3363 3117 3695 3169 καλύπτωσιν
3746 3116 3842 3167 αὐ-

478 3205 707 3259 nientes
724 3221 861 3260 eum
884 3205 1177 3276 operiant,
1200 3211 1377 3276 atque
1399 3222 1596 3261 aerem
1624 3209 1975 3263 crassiorem
2000 3208 2116 3263 red-

2239 3214 2344 3274 τόν,
2395 3213 2484 3261 καὶ
2522 3210 2834 3276 παχύνωσιν
2878 3211 2965 3259 τὸν
3008 3206 3150 3279 ἀέρα,
3196 3203 3345 3259 οὐδὲν
3388 3203 3647 3265 ἠδίκηται
3685 3205 3841 3266 αὐτὸς

479 3292 648 3361 dant,
671 3293 837 3349 nullo
870 3301 1045 3363 pacto
1076 3295 1328 3366 (quippe
1358 3311 1494 3350 cum
1524 3296 1769 3351 interius
1801 3297 2000 3368 lateat)
2026 3314 2117 3353 nec

2240 3296 2503 3372 ἑνδότερος
2543 3298 2609 3348 ὠν
2648 3296 2701 3349 ἐκ
2742 3304 2833 3349 τοῦ
2874 3299 3041 3368 φωτός
3082 3296 3263 3361 αὐτοῦ,
3308 3300 3395 3348 καὶ
3426 3303 3522 3355 τῆς
3556 3292 3694 3355 ἰδίας
3718 3297 3842 3348 ὑπο-

478 3382 537 3435 in
567 3381 810 3445 lumine,
838 3398 945 3436 nec
967 3383 1025 3436 in
1050 3383 1385 3438 substantia
1403 3383 1670 3439 laeditur:
1703 3387 1785 3440 sic
1804 3402 1864 3441 re
1886 3387 2109 3442 habent

2243 3390 2473 3448 στάσεως
2506 3405 2517 3418 ·
2562 3386 2725 3447 οὕτως
2772 3386 2901 3438 εἰσὶν
2946 3386 2994 3437 οἱ
3044 3390 3115 3456 μὴ
3163 3384 3362 3444 τελείως
3402 3386 3833 3458 καθαρισθέντες.

482 3470 585 3540 qui
611 3469 781 3540 plene
810 3471 1078 3525 nondum
1106 3477 1241 3526 sunt
1266 3473 1558 3541 puriﬁcati
1585 3490 1599 3539 ;
1638 3475 1739 3545 qui
1770 3475 1903 3529 licet
1943 3476 2120 3544 gratia

2239 3476 2418 3538 ’⁷Οντες
2459 3472 2517 3529 δε
2551 3475 2599 3527 έν
2633 3482 2694 3547 τῇ
2730 3483 2819 3526 τοῦ
2857 3482 2991 3528 Θεοῦ
3032 3476 3242 3546 χάριτι,
3284 3479 3374 3526 καὶ
3404 3479 3751 3545 κατεχόμενοι
3792 3472 3839 3525 έν

482 3558 583 3613 Dei
617 3558 849 3629 praediti
893 3560 1028 3624 sint,
1072 3560 1129 3614 in
1181 3561 1316 3615 imis
1359 3567 1556 3635 tamen
1608 3568 1847 3633 peccato
1890 3565 2120 3623 detenti:

2242 3564 2397 3637 βάθει
2435 3566 2534 3617 ὑπό
2576 3572 2673 3624 τῆς
2711 3562 2985 3637 ἁμαρτίας,
3020 3566 3209 3635 ἔχουσι
3242 3565 3308 3615 τὰ
3337 3566 3536 3635 φυσικὰ
3579 3567 3843 3634 κινήματα

479 3645 707 3702 habent
729 3647 907 3701 simul
935 3653 1130 3703 motus
1153 3648 1478 3715 naturales,
1503 3655 1557 3704 et
1578 3652 1970 3719 cogitationes
1992 3670 2117 3724 erga

2239 3658 2329 3706 καὶ
2370 3658 2485 3714 τοὺς
2521 3652 2806 3724 λογισμοὺς
2848 3652 3037 3714 αὐτοὺς
3068 3652 3387 3726 ἐρρωμένους
3415 3656 3545 3728 πρὸς
3578 3655 3665 3704 τὸν
3696 3655 3841 3719 Θεὸν,

483 3736 667 3789 Deum
699 3735 929 3801 ﬁrmas,
963 3738 1187 3808 quippe
1220 3753 1255 3793 θ.
1288 3744 1453 3809 parte
1479 3738 1622 3795 boni
1656 3741 1927 3797 nondum
1961 3742 2121 3813 plene

1656 3741 1927 3797 nondum
1961 3742 2133 3813 plene
2241 3748 2330 3795 καὶ
2360 3747 2429 3814 μὴ
2474 3746 2609 3803 ὄντες
2640 3748 2729 3793 τοῦ
2758 3740 2958 3812 ἀγαθοῦ
2993 3740 3259 3803 όλοτελῶς.

483 3828 734 3881 stantes.

553 3966 670 4019 VII.
704 3966 797 4021 Sic
852 3983 882 4022 e
931 3982 1242 4038 converso,
1303 3968 1406 4039 qui
1460 3972 1789 4026 secundum
1846 3971 1986 4039 ima,
2022 3975 2133 4029 sub

2312 3976 2386 4028 Z'.
2425 3976 2601 4036 Οὕτως
2640 3976 2791 4028 πάλιν
2830 3977 2878 4028 οἱ
2914 3979 3257 4047 κατεχόμενοι
3315 3974 3364 4027 ἐν
3423 3975 3576 4047 βάθει
3620 3977 3721 4029 ὑπὸ
3751 3983 3843 4028 τοῦ

480 4055 643 4111 bona
659 4056 945 4127 portione,
958 4059 1169 4125 gratia,
1187 4059 1460 4128 inquam,
1481 4064 1768 4126 tenentur,
1785 4062 1976 4117 adhuc
1996 4081 2118 4118 sun

2242 4065 2442 4136 ἀγαθοῦ
2499 4070 2702 4137 μέρους,
2760 4072 2849 4125 τῆς
2907 4066 3123 4136 χάριτος
3150 4064 3300 4136 λέγω,
3364 4068 3439 4117 ἔτι
3499 4065 3602 4117 εἰσὶ
3665 4061 3844 4118 δοῦλοι

483 4145 631 4199 servi
672 4150 851 4217 atque
885 4146 1126 4201 obnoxii
1157 4148 1357 4218 pravis
1390 4150 1855 4215 cogitationibus
1887 4167 1956 4206 ac
1985 4160 2115 4221 part

2242 4161 2327 4207 καὶ
2372 4156 2669 4226 ὑποχείριοι
2706 4162 2809 4214 τοῖς
2846 4162 3088 4225 πονηροῖς
3128 4154 3422 4225 λογισμοῖς,
3466 4161 3555 4207 καὶ
3592 4164 3661 4225 τῷ
3703 4160 3844 4229 μέρει

484 4233 726 4288 vitiosas.
762 4235 1008 4289 Summo
1035 4235 1211 4305 igitur
1238 4237 1461 4305 judicio
1498 4252 1650 4307 opus
1676 4245 1780 4304 est,
1814 4245 1877 4294 ut
1906 4256 2012 4310 per
2039 4256 2122 4295 ex-

2242 4253 2333 4306 τῆς
2387 4249 2592 4306 κακίας.
2646 4244 2839 4303 Πολλῆς
2888 4239 2975 4294 οὖν
3024 4247 3184 4317 χρεία
3236 4240 3573 4316 διακρίσεως,
3622 4246 3704 4295 ἶνα
3752 4242 3845 4296 διὰ

481 4322 831 4393 perientiam
863 4323 998 4394 quis
1020 4330 1362 4392 cognoscat,
1389 4325 1513 4380 haec
1537 4342 1599 4380 se
1622 4326 1701 4382 ita
1723 4327 1965 4383 habere.
1998 4330 2119 4384 Dicc

2246 4339 2419 4408 πείρας
2458 4352 2533 4392 τις
2570 4341 2674 4403 γνῷ
2710 4340 2875 4383 ταῦτα
2910 4340 3090 4383 τοῦτον
3130 4334 3270 4403 ἔχειν
3312 4336 3399 4384 τόν
3445 4337 3652 4407 τρόπον.
3696 4338 3844 4405 Λέγω

482 4418 682 4465 autem
706 4410 831 4476 tibi,
851 4412 1027 4467 etiam
1052 4414 1611 4486 apostolos,quibus
1629 4424 1754 4471 erat
1771 4418 2120 4483 Paracletus,

2204 4419 2306 4474 ’δέ
2354 4442 2459 4487 σοι,
2498 4424 2577 4474 ὃτι
2612 4426 2700 4473 καὶ
2736 4424 2784 4473 οἰ
2838 4420 3120 4473 ἀπόστολοι
3180 4424 3389 4493 ἔχοντες
3432 4427 3517 4474 τόν
3570 4422 3842 4495 Παράκλη·

483 4514 606 4553 non
633 4499 816 4554 fuisse
849 4517 921 4555 ex
960 4502 1121 4556 omni
1147 4508 1312 4574 parte
1339 4520 1580 4559 securos
1608 4522 1619 4571 ;
1650 4506 1871 4574 gaudio
1896 4507 2054 4562 enim
2078 4514 2121 4562 el

2248 4531 2351 4576 τον,
2403 4510 2645 4572 όλοτελῶς
2694 4510 2785 4562 οὐκ
2857 4509 2991 4568 ἦσαν
3050 4510 3346 4585 ἀμέριμνοι.
3410 4519 3570 4570 Συνῆν
3626 4514 3727 4586 γὰρ

481 4589 859 4645 exsultationi
891 4590 1096 4647 aderat
1123 4592 1297 4647 timor
1323 4598 1378 4649 et
1400 4598 1639 4658 tremor,
1677 4594 1752 4649 ab
1784 4595 1917 4666 ipsa
1944 4597 2119 4665 gratia

2247 4606 2395 4673 χαρᾷ
2438 4604 2525 4651 καὶ
2576 4607 2634 4672 τῇ
2670 4598 2976 4670 ἀγαλλιάσει
3027 4599 3181 4671 φόϐος
3212 4605 3300 4652 καὶ
3343 4605 3531 4675 τρόμος
3580 4599 3631 4664 ἐξ
3684 4601 3848 4663 αὐτῆς

481 4694 601 4733 non
633 4694 703 4734 ex
728 4685 893 4750 parte
928 4680 1136 4735 vitiosa
1168 4681 1487 4751 profectus:
1529 4698 1729 4737 verum
1764 4684 1894 4755 ipsa
1926 4687 2112 4749 gratia

2248 4698 2337 4750 τῆς
2384 4691 2625 4760 χάριτος,
2680 4689 2737 4740 οὐ
2774 4697 2865 4741 τοῦ
2897 4693 3083 4762 μέρους
3116 4698 3211 4752 τῆς
3240 4696 3448 4757 κακίας,
3488 4690 3617 4743 ἀλλά
3647 4691 3777 4750 αὐτὴ
3812 4693 3841 4749 ἡ

484 4767 767 4822 tuebatur
798 4767 947 4831 illos,
990 4786 1062 4823 ne
1107 4770 1197 4824 vel
1232 4770 1545 4827 minimum
1585 4772 1732 4843 quid
1758 4773 2115 4829 diverterent

2248 4781 2410 4851 χάρις
2442 4776 2758 4848 ἠσφαλίζετο
2791 4777 3001 4841 αὐτοὺς,
3059 4779 3141 4830 ἵνα
3194 4783 3265 4849 μὴ
3325 4779 3419 4831 κάν
3464 4780 3531 4840 εἰς
3581 4785 3766 4855 μικρόν
3797 4800 3847 4832 τι

485 4856 735 4911 Perinde
764 4858 920 4910 enim
944 4873 1013 4911 ac
1050 4858 1094 4911 si
1122 4858 1257 4929 quis
1292 4858 1602 4914 frustulum
1632 4861 1847 4931 lapidis
1878 4864 2123 4934 projecc-

2249 4870 2592 4941 ἐκτραπῶσιν.
2633 4865 2831 4938 Ὠσπερ
2873 4869 2974 4940 γὰρ
3019 4870 3062 4919 εῖ
3100 4887 3180 4929 τις
3225 4866 3468 4939 βιζάκιον
3507 4868 3652 4921 λίθου
3690 4868 3847 4944 ῥίψας

484 4944 559 4998 rit
582 4944 641 4998 in
661 4960 923 5009 murum,
959 4961 1196 4999 murum
1222 4946 1558 5002 nullatenus
1577 4948 1824 5005 offendit
1855 4958 1955 5005 aut
1980 4968 2122 5007 com'

2251 4956 2316 5016 εἰς
2350 4963 2549 5026 τεῖχος,
2592 4951 2741 5007 οῦδὲν
2782 4953 2997 5025 ἔϐλαψεν
3042 4957 3069 5015 ἦ
3113 4962 3429 5029 παρεκίνησε
3468 4961 3523 5009 τὸ
3563 4966 3737 5029 τεῖχος
3766 4974 3779 4987 ⁵
3814 4959 3842 5016 ἡ

485 5032 700 5087 movit:
733 5038 835 5087 aut
864 5033 1014 5087 sicut
1039 5033 1221 5088 telum
1252 5037 1581 5107 projectum
1616 5044 1823 5093 contra
1860 5056 2015 5104 eum,
2038 5058 2118 5112 qu

2252 5046 2422 5114 ὥσπερ
2492 5043 2640 5116 βέλος
2709 5043 3141 5117 ἀποστελλόμενον
3206 5048 3341 5097 κατά
3401 5054 3492 5097 τοῦ
3572 5054 3849 5119 φοροῦντος

488 5121 597 5177 fert
634 5120 959 5186 clibanum,
995 5124 1157 5178 nullo
1204 5125 1385 5179 modo
1428 5124 1573 5180 liesit
1610 5143 1718 5182 nec
1767 5127 1991 5183 ferrum
2030 5147 2126 5186 nec

2250 5131 2510 5196 κλίϐανον,
2543 5129 2693 5185 οὐδὲν
2728 5130 2984 5191 ἠδίκησεν
3017 5134 3045 5192 ἦ
3087 5138 3171 5185 τόν
3206 5131 3449 5207 σίδηρον,
3483 5136 3512 5194 ἦ
3542 5139 3600 5187 τό
3640 5145 3791 5207 σῶμα
3828 5152 3840 5163 ·

488 5226 704 5281 corpus
734 5210 949 5282 (referit
984 5212 1143 5267 enim
1190 5229 1257 5267 ac
1293 5217 1634 5286 repercutit)
1670 5236 1681 5285 ;
1714 5218 1791 5272 ita
1826 5218 1959 5273 licet
1992 5219 2126 5290 quid

2251 5219 2541 5295 ἀντικρούει
2584 5224 2683 5292 γὰρ
2738 5228 2827 5274 καὶ
2875 5221 3211 5275 ἀντιπίπτει·
3250 5224 3413 5285 οὕτως
3465 5223 3508 5277 εἰ
3550 5230 3639 5276 καὶ
3688 5244 3851 5295 προσ-

486 5300 609 5355 vitii
641 5300 718 5355 ad
749 5301 1060 5370 apostolos
1088 5304 1618 5374 appropinquaret,
1654 5313 2124 5378 nequaquamta‘

2249 5311 2440 5381 ἠγγιζέ
2492 5329 2542 5360 τι
2585 5315 2735 5385 μέρος
2786 5316 2975 5373 κακίας
3025 5319 3133 5373 τοῖς
3194 5313 3501 5373 ἀποστόλοις
3558 5313 3651 5365 οὐκ
3706 5312 3850 5365 ἔϐλα-

486 5405 623 5445 men
638 5391 800 5463 ipsos
815 5389 1319 5463 laedebat,quippe
1337 5394 1436 5463 qui
1453 5400 1619 5450 erant
1642 5395 1903 5467 perfecta
1930 5397 2124 5454 Christ

2250 5418 2369 5451 πτεν
2428 5398 2635 5464 αὐτοὺς,
2692 5396 2869 5459 ἐπειδὴ
2922 5397 3055 5459 ἦσαν
3119 5398 3451 5474 ἐνδεδυμένοι
3498 5407 3590 5461 τὴν
3657 5402 3850 5455 τελείαν

559 5623 605 5657 εδ
640 5622 813 5679 Joan.
842 5638 881 5689 ι,
