4148 6262
1433 11 1458 14 ~—
1477 7 1560 20 νηίτην.
1595 2 1646 14 *ηπ
1690 0 1695 1 ⁷
1741 3 1746 6 ·
1775 5 1798 22 ~,_.
1983 1 1988 4 '
2011 3 2072 20 ..υς
2097 0 2245 23 ““ν⁴⁵”Ἶ
2288 0 2489 27 "TW
2376 0 2393 7 "
2442 0 2443 3 ‘

356 354 462 408 629

1598 350 1939 409 HOMIleE.
1982 380 2049 391 —
2090 349 2262 407 HOM.
2298 349 2470 405 XVll.

3609 347 3713 401 630

355 474 580 550 δύναμιν
610 485 701 531 τοῦ
730 487 964 551 Χριστοῦ
1003 484 1091 532 καὶ
1118 480 1261 533 οὗτοι
1303 477 1361 533 δὲ
1390 480 1539 533 αὐτοὶ
1576 480 1761 533 τελειοι
1792 481 1950 542 ὄντες,

2071 474 2276 530 virtute
2324 475 2441 546 75
2473 475 2700 531 induti:
2755 474 2957 547 illique
2988 490 3127 529 cum
3179 477 3380 530 essent
3433 471 3701 545 perfecti,

355 564 500 638 εἶχον
548 572 642 626 τὴν
690 566 973 642 ἐλευθερίαν
1012 577 1104 622 τοῦ
1145 568 1549 645 ἀπεργάσασθαι
1599 570 1687 629 τὰς
1749 564 1956 620 δικαιο-

357 658 542 718 σύνας,

426 762 503 817 Η’.
533 761 748 823 Ἐπειδὴ
784 762 870 818 οὖν
908 786 1043 828 τινες
1087 767 1350 839 λέγουσιν,
1383 768 1464 819 ὅτι
1511 770 1638 840 μετά
1667 769 1761 825 τὴν
1793 767 1953 837 χάριν

355 851 633 925 ἀμεριμνία
660 856 775 907 ἐστὶ
813 863 909 918 τῆς
944 856 1149 929 ψυχῆς,
1192 858 1217 909 ὁ
1246 861 1373 919 Θεὸς
1399 862 1489 909 καὶ
1520 858 1571 908 ἐν
1610 863 1718 916 τοῖς
1742 854 1951 915 τελείοις

353 939 586 1001 ἐπιζητεῖ
648 949 705 996 τὸ
769 945 964 1017 θέλημα
1018 954 1111 1007 τῆς
1176 946 1364 1019 ψυχῆς
1417 946 1482 1006 είς
1540 942 1811 998 διακονίαν
1858 950 1952 995 τοῦ

357 1034 669 1103 Πνεύματος,
725 1036 863 1095 ὅπως
911 1041 1327 1108 συμφωνήσωσι.
1376 1040 1530 1107 Λέγει
1578 1038 1679 1109 γὰρ
1723 1036 1747 1086 6
1794 1033 1951 1085 Ἀπό-

354 1119 551 1191 στολος,
602 1125 680 1175 T6
719 1131 967 1196 πνεῦμα
1004 1130 1081 1196 μὴ
1125 1124 1449 1180 σϐέννυτε.
1480 1128 1622 1185 Τινὲς
1662 1127 1750 1196 μὲν
1782 1119 1869 1174 οὖν
1902 1120 1949 1172 ἐν

351 1208 530 1272 αὐτοῖς
572 1210 666 1263 οὐκ
721 1213 898 1269 ἤθελον
958 1212 1212 1289 ἐπιϐαρείς
1264 1215 1437 1278 ἄλλοις
1498 1218 1757 1287 γίνεσθαι,
1822 1212 1949 1266 τινες

352 1294 411 1351 δὲ
459 1299 661 1362 ἑαυτοῖς
714 1300 992 1373 ἐστοίχουν
1026 1320 1037 1333 ·
1098 1304 1244 1355 ἄλλοι
1301 1302 1360 1357 δὲ
1398 1304 1744 1376 λαμϐάνοντες
1808 1306 1951 1375 παρὰ

349 1398 616 1461 κοσμικῶν
645 1386 957 1443 διεδίδοσαν
996 1399 1101 1453 τοῖς
1150 1401 1382 1464 πτωχοῖς
1413 1415 1425 1427 ’
1455 1401 1608 1446 τοῦτο
1649 1390 1706 1445 δὲ
1740 1391 1947 1454 ἀξιώτε-

348 1481 437 1550 ρόν
491 1480 651 1532 ἐστιν.
683 1482 749 1531 Οἱ
791 1483 879 1551 μεν
932 1483 1032 1552 γὰρ
1062 1484 1270 1552 ἔχοντες
1313 1491 1406 1541 τῆν
1438 1485 1620 1554 χάριν,
1666 1485 1723 1533 τό
1758 1482 1949 1534 ἑαυτῶν

353 1571 504 1637 μόνον
557 1576 873 1639 μεριμνῶσιν
906 1585 917 1595 ·
952 1570 1096 1622 calor.
1124 1567 1202 1635 δὲ,
1250 1576 1338 1622 καὶ
1388 1571 1560 1645 ἑτέρας
1602 1571 1787 1643 ψυχὰς
1827 1573 1950 1643 ὠφε-

351 1654 514 1712 λῆσαι
546 1654 943 1717 σπουδάζουσιν
984 1673 997 1684 ·
1038 1658 1181 1711 οὗτοι
1215 1659 1384 1730 πολλῷ
1424 1662 1621 1712 ἐκείνων
1662 1662 1951 1736 ὑπερέχου-

360 1762 467 1801 σιν,
508 1743 683 1798 ”Αλλοι
735 1743 792 1798 δὲ
827 1751 919 1805 τὴν
949 1749 1111 1821 χάριν
1143 1752 1346 1820 ἔχοντες
1378 1750 1503 1821 ύπερ
1555 1757 1644 1801 τοῦ
1702 1750 1951 1821 ὀνόματος

356 1840 446 1884 τοῦ
487 1841 620 1886 Θεοῦ
658 1837 723 1887 τὰ
771 1842 991 1908 σώματα
1030 1837 1197 1888 αὐτῶν
1251 1834 1641 1911 παραδιδόασιν
1673 1839 1744 1900 εἰς
1784 1838 1952 1913 ὕϐρεις

354 1926 443 1973 καὶ
496 1925 660 1989 πάθη,
708 1925 859 1976 πάλιν
908 1925 1053 1977 οὗτοι
1095 1924 1295 1978 ἐκείνων
1348 1925 1593 1998 ἀνώτεροί
1633 1927 1757 1982 εἶσι.
1806 1931 1951 1989 Τινες

356 2008 541 2084 ἀρετὴν
611 2018 871 2084 μετιόντες
944 2017 1151 2067 θέλουσι
1202 2016 1489 2084 κομπάζειν
1541 2020 1630 2068 καὶ
1695 2018 1954 2088 τιμᾶσθαι

356 2100 454 2152 ύπό
507 2110 605 2153 τῶν
658 2103 959 2177 ἀνθρώπων,
1012 2104 1243 2175 λέγοντες
1297 2111 1601 2178 Χριστιανοὶ
1665 2108 1814 2174 εἶναι,
1865 2110 1952 2157 καὶ

355 2195 591 2262 μετέχειν
659 2196 947 2265 Πνεύματος
994 2194 1146 2266 ἁγίου
1178 2211 1190 2224 ·
1232 2195 1376 2247 ἄλλοι
1427 2192 1483 2248 δὲ
1536 2198 1777 2269 κρύπτειν
1838 2195 1955 2247 ἐαυ-

355 2283 471 2340 τούς
535 2285 624 2333 καὶ
682 2280 782 2334 ἀπὸ
836 2289 1123 2356 συντυχίας
1178 2283 1458 2359 ἀνθρώπων
1506 2281 1903 2348 σπουδάζουσιν
1936 2303 1947 2315 ·

354 2364 499 2420 οὗτοι
554 2369 722 2442 πολλῷ
782 2374 981 2423 ἐκείνων
1026 2375 1401 2447 ὑπερέχουσιν,
1477 2373 1655 2447 Ὀρᾴς,
1702 2382 1806 2433 πῶς
1863 2378 1953 2425 καὶ

356 2453 404 2508 ἓν
458 2457 588 2531 αὐτῇ
649 2468 709 2531 τῇ
766 2460 1048 2519 τελειότητι
1102 2462 1393 2533 εὑρίσκεται
1460 2466 1631 2515 εὔνοια
1684 2466 1809 2535 πρὸς
1865 2465 1952 2513 τὸν

356 2548 484 2598 Θεὸν
543 2546 642 2599 ἀπὸ
692 2556 917 2620 φυσικοῦ
971 2549 1253 2622 θελήματος
1293 2549 1676 2623 ἐπιτελουμένη,
1728 2549 1955 2623 ἁνωτέρα

354 2639 443 2687 καὶ
481 2635 841 2697 πλεονάζουσα
865 2656 881 2710 ;

428 2743 515 2799 ϐ’.
575 2744 774 2817 ⁶Ωσπερ
815 2750 858 2799 εἴ
898 2767 973 2807 τις
1020 2750 1248 2821 πενιχρὰ
1285 2745 1553 2820 ἐνδύματα
1588 2748 1953 2824 περιϐεϐλημέ-

353 2850 437 2893 νος
493 2831 541 2884 ἕν
593 2835 818 2909 ὁράματι
848 2836 1027 2889 ἑαυτὸν
1074 2834 1165 2911 ἴδη
1216 2838 1487 2904 πλούσιον,
1539 2837 1769 2901 ἀναστὰς
1814 2835 1872 2891 δὲ
1900 2838 1954 2900 ἐξ

358 2922 518 2975 ὕπνου
572 2924 724 2976 πάλιν
762 2922 851 2997 ἲδη
901 2925 1081 2979 ἑαυτὸν
1121 2932 1318 2985 πένητα
1368 2934 1458 2980 καὶ
1508 2934 1741 3000 γυμνόν·
1795 2929 1953 2989 οὕτως

358 3016 448 3063 καὶ
503 3014 551 3063 οἱ
613 3013 762 3084 λόγον
824 3019 1171 3086 πνευματικόν
1227 3016 1495 3078 λαλοῦντες
1554 3026 1616 3089 τῇ
1675 3016 1957 3088 ἀκολουθίᾳ

363 3095 582 3151 δοκοῦσι
628 3099 794 3153 λαλεῖν
834 3121 846 3133 ·
886 3108 956 3173 μὴ
1002 3106 1202 3174 ἔχοντες
1230 3102 1288 3156 δὲ
1313 3109 1369 3156 τὸ
1410 3108 1557 3178 ἔργον
1587 3114 1684 3157 τῶν
1722 3106 1883 3176 λόγων
1909 3108 1956 3157 ἐν

362 3190 539 3257 γεύσει
583 3194 685 3241 τινὶ
740 3196 829 3241 καὶ
888 3188 1126 3262 δυνάμει,
1183 3197 1271 3243 καὶ
1314 3192 1659 3267 πληροφορίᾳ,
1710 3196 1758 3245 ἐν
1790 3201 1861 3263 τῷ
1891 3202 1959 3263 νῷ

363 3282 712 3349 κεκυρωμένον
744 3277 791 3329 ἐν
841 3285 1100 3351 φαντασίᾳ
1142 3285 1243 3332 τινὶ
1303 3286 1613 3339 στήκουσιν,
1677 3281 1743 3334 Ἢ
1784 3286 1957 3356 ὥσπερ

362 3370 491 3435 γυνὴ
543 3369 747 3438 ἔχουσα
794 3367 1101 3443 όλοσὴρικα,
1163 3373 1251 3421 καὶ
1290 3375 1616 3444 μαργαρίτας
1662 3370 1962 3443 περιϐεϐλη-

362 3473 508 3526 μενη,
582 3455 645 3517 εὶς
694 3464 923 3531 πορνεῖον
976 3462 1310 3532 προέστηκεν,
1372 3460 1531 3520 οὕτως
1581 3464 1667 3511 καὶ
1724 3458 1808 3512 ἐπὶ
1864 3468 1961 3512 τῶν

360 3547 605 3597 τοιούτων
652 3547 681 3603 ἡ
726 3543 925 3621 καρδία
979 3546 1144 3599 αὐτῶν
1183 3553 1414 3623 πορνεῖόν
1454 3548 1590 3601 ἐστιν
1649 3551 1960 3622 ἀκαθάρτων

359 3637 681 3706 πνευμάτων,
715 3639 802 3687 καὶ
847 3635 1013 3688 λαλεῖν
1070 3636 1274 3689 θέλουσι
1304 3643 1421 3712 περὶ
1471 3636 1837 3705 δικαιοσύνης,
1886 3644 1957 3711 μὴ

357 3723 758 3797 παρακύψαντις
785 3726 852 3786 εἷς
881 3728 945 3778 τὰ
969 3730 1278 3799 πράγματα.

431 3900 487 3956 l'.
519 3900 719 3973 Ὠσπερ
750 3904 848 3976 γὰρ
882 3902 975 3955 οῦκ
1014 3905 1126 3955 ἔστι
1172 3900 1390 3956 δυνατὸν
1426 3904 1582 3977 ἰχθύν
1613 3906 1731 3957 ἄνευ
1764 3902 1960 3968 ὕδατος

362 3990 547 4056 ζῆσαι,
605 3992 633 4049 ᾖ
694 3992 813 4043 ἄνευ
868 3989 1045 4044 ποδῶν
1114 3998 1476 4067 περιπατῆσαί
1543 4015 1679 4062 τινα,
1740 3996 1768 4053 ᾖ
1839 3997 1958 4047 οῖνευ

363 4077 634 4149 ὀφθαλμῶν
688 4076 815 4131 ἰδεῖν
870 4089 992 4151 φῶς,
1024 4081 1054 4139 ἢ
1097 4084 1214 4134 ἄνευ
1248 4083 1496 4153 γλώσσης
1538 4084 1727 4149 λαλεῖν,
1759 4085 1788 4143 ἡ
1839 4084 1957 4137 ἄνευ

362 4170 503 4217 ὤτων
548 4165 750 4219 ἰικούειν
793 4187 805 4199 ·
867 4170 1025 4229 οὕτως
1073 4172 1190 4222 ἄνευ
1243 4179 1334 4222 τοῦ
1388 4175 1585 4247 Κυρίου
1622 4174 1819 4239 Ἰησοῦ,
1868 4181 1959 4229 καὶ

360 4263 451 4316 τῆς
504 4257 753 4331 ἐνεργείας
796 4264 892 4319 τῆς
947 4259 1085 4320 θείας
1144 4255 1431 4330 δυνάμεως,
1484 4266 1576 4313 ούκ
1630 4262 1745 4315 ἔστι
1800 4272 1959 4335 γινώ-

363 4364 503 4397 σκειν
558 4349 830 4418 μυστήρια
883 4350 971 4398 καὶ
1004 4351 1186 4419 σοφίαν
1241 4356 1395 4414 Θεοῦ,
1441 4351 1470 4409 ἡ
1508 4349 1635 4402 εἶναί
1665 4371 1780 4404 τινα
1810 4353 1961 4405 πλού-

364 4453 473 4486 σιον
521 4438 609 4486 καὶ
662 4440 999 4508 Χριστιανὸν.
1036 4435 1191 4488 Οὗτοι
1224 4440 1325 4510 γάρ
1367 4438 1495 4489 εἰσιν
1528 4438 1731 4502 ἀληθῶς
1784 4447 1956 4513 σοφοὶ,

2063 570 2339 637 poterant
2365 564 2547 619 libere
2583 567 2813 636 operari
2840 566 3081 636 justitiae
3114 581 3317 637 opera.

2132 760 2273 814 VIII.
2292 760 2584 828 Quoniam
2614 762 2791 829 igitur
2816 759 3550 833 asseruntquidam,quod
3572 762 3714 831 post

2062 854 2370 920 acceptam
2392 850 2640 919 gratiam
2667 851 2830 905 nulla
2853 852 3068 906 animae
3083 850 3416 905 sollicitudo
3431 848 3711 920 supersit,

2059 937 2213 992 Deus
2242 954 2484 1010 quoque
2523 939 2583 993 in
2610 940 2882 1010 perfectis
2912 941 3153 1011 requirit
3184 940 3556 994 voluntatem
3584 937 3714 992 ani-

2062 1043 2174 1081 mae
2232 1027 2294 1081 in
2344 1027 2737 1083 ministerium
2785 1028 3056 1099 Spiritus,
3118 1035 3177 1082 ut
3209 1028 3428 1083 scilicet
3459 1041 3712 1081 consen-

2060 1116 2223 1170 tiant.
2254 1117 2453 1187 lnquit
2483 1117 2639 1170 enim
2672 1118 2991 1187 Apostolus
3024 1133 3036 1168 :
3070 1117 3361 1185 Spiritum
3394 1117 3579 1171 nolite
3608 1130 3710 1171 ea:-

2057 1204 2360 1275 stinguere
2377 1207 2445 1263 ⁸⁷.
2464 1206 2733 1260 Nonnulli
2759 1206 2939 1274 igitur
2959 1206 3192 1261 illorum
3217 1204 3566 1260 noluntaliis
3583 1221 3708 1258 mo-

2061 1293 2185 1348 lesti
2214 1309 2365 1362 esse,
2401 1294 2497 1350 alii
2527 1311 2664 1349 vero
2694 1295 2804 1349 sibi
2836 1296 2946 1366 ipsi
2968 1311 3209 1366 gressus
3240 1311 3381 1350 suos
3404 1294 3669 1362 dirigunt
3697 1315 3707 1357 ;

2060 1381 2269 1453 reliqui
2303 1399 2436 1438 vero
2465 1398 2500 1438 a
2543 1384 2934 1439 saecularibus
2986 1384 3342 1455 accipientes
3372 1383 3710 1451 largiuntur

2060 1473 2465 1542 pauperibus:
2500 1473 2663 1544 quod
2694 1474 2894 1545 utique
2908 1473 3291 1544 praestantius
3317 1480 3426 1528 est.
3457 1471 3711 1536 Quidam

2059 1560 2809 1633 enim,quigratiapriediti
2843 1568 2997 1626 sunt,
3031 1576 3238 1615 eorum
3254 1577 3389 1630 quae
3418 1576 3527 1615 sua
3551 1565 3709 1626 sunt,

2062 1650 2232 1704 unice
2252 1667 2459 1706 curam
2486 1659 2700 1721 gerunt
2728 1670 2740 1718 ;
2762 1653 2855 1708 alii
2879 1668 3017 1706 vero
3049 1651 3301 1707 aliorum
3324 1667 3564 1723 quoque
3589 1651 3713 1706 ani-

2061 1755 2193 1793 mas
2218 1740 2431 1810 juvare
2460 1741 2737 1797 laborant
2765 1759 2775 1796 :
2810 1742 2869 1797 hi
2924 1742 3053 1797 illos
3102 1741 3354 1796 multum
3387 1745 3710 1811 praestant;

1984 1829 2026 1882 Β
2062 1830 2157 1884 alii
2182 1846 2321 1883 vero
2341 1831 2591 1898 gratiam
2615 1832 2901 1887 habentes
2921 1851 3027 1903 pro
3050 1832 3293 1887 nomine
3332 1831 3427 1886 Dei
3459 1845 3715 1901 corpora

2065 1935 2172 1973 sua
2201 1920 2574 1974 contumeliis
2590 1926 2646 1975 et
2676 1921 3098 1977 afﬂictionibus
3130 1926 3475 1993 exponunt:
3509 1920 3568 1974 1n
3600 1918 3713 1973 illis

2064 2008 2275 2063 iterum
2332 2010 2667 2079 superiores
2718 2018 2871 2065 sunt.
2910 2011 3183 2066 Nonnulli
3214 2011 3487 2065 virtutem
3520 2024 3715 2081 perse-

2063 2103 2337 2168 quentes,
2370 2098 2632 2167 gloriari,
2657 2100 2807 2155 etab
2824 2100 3172 2156 hominibus
3206 2098 3537 2155 honoribus
3557 2096 3716 2152 afﬁci

2064 2186 2290 2251 volunt,
2324 2187 2587 2243 dicentes
2620 2205 2683 2242 se
2725 2188 3083 2244 Christianos
3116 2195 3171 2244 et
3219 2189 3467 2260 Spiritus
3526 2186 3714 2241 sancti

2064 2275 2382 2345 participes
2409 2292 2539 2331 esse
2567 2296 2578 2344 ;
2609 2277 2702 2332 alii
2738 2294 2873 2333 vero
2905 2294 2966 2333 se
2998 2278 3298 2333 occultare
3329 2282 3385 2332 et
3412 2276 3489 2332 ab
3520 2274 3711 2330 homi-

2062 2379 2207 2418 num
2263 2380 2516 2420 occursu
2548 2366 2848 2423 nituntur:
2882 2368 2987 2438 qui
3037 2366 3169 2421 illos
3201 2366 3377 2435 longe
3407 2368 3711 2435 superant.

2062 2452 2234 2507 Vides
2264 2455 2575 2524 quomodo
2611 2456 2699 2510 vel
2727 2457 2785 2510 in
2809 2457 2939 2528 ipsa
2969 2455 3324 2528 perfectione
3357 2453 3717 2509 benevolen-

2062 2541 2141 2596 tia
2171 2558 2312 2612 erga
2340 2544 2549 2609 Deum,
2583 2561 2718 2616 quas
2747 2561 2775 2599 a
2813 2545 3117 2600 voluntate
3153 2543 3404 2599 naturali
3439 2542 3715 2610 efﬁcitur,

2063 2634 2437 2701 praestantior
2468 2641 2646 2705 atque
2678 2634 3081 2689 abundantior
3130 2631 3505 2706 reperiatur?

2133 2737 2215 2793 1x.
2253 2740 2497 2794 Perinde
2526 2756 2596 2795 ac
2628 2741 2674 2795 si
2704 2741 2838 2812 quis
2870 2741 3350 2799 vilibusindutus
3381 2739 3722 2796 vestimen-

2063 2825 2252 2898 tisper
2274 2829 2471 2883 visum
2500 2830 2775 2899 seipsum
2807 2831 3395 2901 conspiciatdivitem
3422 2849 3438 2902 ;
3462 2845 3717 2900 surgens

2065 2922 2265 2972 autem
2292 2934 2322 2971 e
2354 2934 2589 2983 somno,
2641 2934 2880 2974 rursum
2939 2936 2999 2975 se
3040 2936 3367 2990 pauperem
3400 2924 3456 2974 et
3486 2919 3719 2973 nudum

2063 3004 2292 3061 videat:
2333 3006 2416 3061 sic
2443 3022 2704 3078 quoque,
2740 3009 2843 3079 qui
2875 3024 3215 3063 sermonem
3244 3009 3608 3079 spiritualem
3635 3006 3721 3061 lo-

2065 3098 2348 3164 quuntur,
2382 3095 2798 3150 convenienter
2822 3095 2985 3167 loqui
3020 3097 3330 3166 videntur;
3366 3097 3411 3149 si
3436 3112 3574 3150 vero
3598 3109 3721 3149 non

1993 3180 2032 3236 C
2066 3180 2677 3253 habeantremipsam
2697 3200 2832 3237 cum
2866 3184 3132 3254 quodam
3153 3184 3717 3253 gustu,potentiaac

2070 3269 2419 3325 certitudine
2446 3271 2605 3335 ﬁdei,
2642 3273 2695 3325 in
2758 3279 3015 3327 mentem
3072 3273 3391 3338 ﬁrmatam,
3450 3272 3507 3325 in
3556 3270 3721 3325 nuda

2070 3359 2335 3430 quadam
2364 3360 2644 3429 opinione
2676 3361 3024 3415 consistunt.
3085 3367 3197 3415 Aut
3247 3360 3426 3414 veluti
3477 3361 3719 3424 femina,

2070 3445 2538 3502 holosericorum
2595 3465 2664 3503 ac
2719 3450 3181 3517 margaritarum
3216 3448 3376 3503 cultu
3407 3455 3717 3516 exornata,

2071 3540 2297 3605 prostat
2326 3537 2386 3590 in
2419 3536 2692 3607 lupanari
2721 3555 2733 3592 :
2771 3538 2852 3593 sic
2882 3554 3122 3609 quoque
3149 3554 3251 3592 cor
3285 3536 3581 3607 ejusmodi
3615 3537 3723 3591 ho-

2068 3624 2181 3678 min
2195 3640 2292 3678 um
2307 3625 2560 3695 lupanar
2571 3627 2881 3698 quoddam
2896 3633 2980 3682 est
2994 3628 3250 3698 ipsorum
3266 3629 3410 3681 imm
3421 3626 3718 3680 undorum

2071 3712 2388 3783 spirituum
2420 3732 2433 3781 ;
2466 3732 2536 3771 ac
2563 3716 2769 3772 volunt
2798 3732 2940 3773 sane
2964 3732 3271 3772 sermones
3296 3714 3516 3772 habere
3542 3714 3726 3785 deju-

2069 3800 2247 3866 stitia,
2282 3819 2417 3859 cum
2455 3821 2638 3876 opera
2669 3807 2801 3877 ipsa
2832 3822 2949 3861 non
2983 3806 3301 3876 attigerint.

2148 3918 2204 3970 X.
2238 3914 2764 3984 Quemadmodum
2796 3915 2956 3970 enim
2986 3914 3114 3969 ﬁeri
3147 3930 3267 3969 non
3302 3918 3512 3984 potest,
3547 3917 3611 3969 ut
3639 3912 3725 3984 pi-

2068 4007 2183 4063 scis
2215 4006 2448 4077 absque
2480 4020 2634 4077 aqua
2656 4006 2835 4059 vitam
2850 4003 3049 4071 ducat,
3070 4010 3174 4059 aut
3203 4004 3433 4075 absque
3464 4003 3718 4074 pedibus

2068 4096 2283 4167 aliquis
2315 4093 2749 4166 progrediatur,
2783 4098 2887 4147 aut
2916 4093 3144 4164 absque
3182 4093 3366 4147 oculis
3397 4092 3600 4146 lumen
3629 4093 3722 4146 in-

2068 4190 2319 4248 tueatur,
2356 4188 2460 4237 aut
2492 4182 2723 4252 absque
2777 4181 2981 4251 lingua
3018 4180 3321 4253 loquatur,
3356 4187 3458 4235 aut
3487 4181 3717 4251 absque

2068 4274 2316 4330 auribus
2348 4272 2553 4327 audiat
2580 4289 2590 4326 :
2620 4270 2701 4324 sic
2728 4286 2972 4340 quoque
3016 4270 3246 4341 absque
3302 4270 3552 4324 Domino
3578 4270 3719 4324 Jesu

2068 4370 2123 4419 et
2158 4363 2382 4417 virtutis
2434 4359 2653 4414 divinm
2684 4357 2967 4424 efﬁcacia,
3030 4375 3149 4412 non
3196 4358 3327 4413 licet
3358 4372 3720 4425 cognoscere

2070 4451 2353 4523 mysteria
2402 4456 2455 4505 et
2486 4448 2840 4517 sapientiam
2898 4448 3017 4514 Dei,
3052 4452 3156 4500 aut
3199 4463 3330 4501 esse
3379 4447 3625 4501 divitem
3664 4451 3718 4501 et

361 4531 450 4575 καὶ
510 4522 840 4595 πολεμισταὶ,
896 4529 986 4577 καὶ
1041 4522 1292 4599 ἀνδρεῖοι,
1344 4532 1429 4579 καὶ
1481 4533 1753 4600 φιλόσοφοι
1801 4538 1952 4597 Θεοῦ,

2071 4522 2490 4595 Christianum.
2524 4538 2591 4591 Hi
2620 4537 2776 4592 enim
2813 4542 2950 4591 sunt
2979 4552 3186 4591 revera
3218 4536 3537 4606 sapientes,
3573 4535 3721 4590 mili-

362 4615 409 4663 οἱ
484 4609 834 4685 ὁδηγούμενοι
905 4620 993 4668 καὶ
1066 4620 1458 4687 ποιμαινόμενοι
1526 4620 1659 4669 κατά
1714 4620 1800 4668 τόν
1857 4621 1958 4670 ἔσω

363 4701 629 4771 ἄνθρωπον
665 4704 764 4755 ύπό
791 4710 881 4764 τῆς
923 4706 1092 4765 θεῐκῆς
1124 4702 1410 4777 δυνάμεως.
1452 4708 1520 4758 Οἱ
1548 4708 1646 4781 γὰρ
1689 4707 1959 4780 φιλόσοφοι

362 4796 463 4839 τῶν
513 4788 780 4856 Ἐλλήνων,
840 4792 1025 4864 λόγους
1072 4796 1395 4867 μανθάνουσι
1431 4812 1443 4824 ·
1476 4800 1565 4847 καὶ
1626 4796 1771 4847 ἄλλοι
1828 4797 1959 4849 εἰσὶν

366 4872 573 4928 ἰδιῶται
619 4885 690 4947 τῷ
728 4879 886 4951 λόγῳ,
939 4881 1322 4956 εὐφραινόμενοι
1355 4888 1441 4936 καὶ
1498 4884 1842 4955 ἀγαλλιῶντες
1874 4884 1958 4937 ἐπὶ

362 4972 426 5037 τῇ
450 4971 542 5017 τοῦ
569 4973 701 5019 Θεοῦ
726 4970 931 5040 χάριτι,
961 4968 1147 5042 ἄνδρες
1175 4972 1451 5035 θεοσεϐεῖς.
1488 4978 1839 5047 Διακρίνωμεν
1870 4982 1957 5026 νῦν

362 5058 504 5107 ποῖοί
528 5054 631 5107 εἰσι
658 5053 926 5128 βελτίονες.
982 5058 1071 5110 Ἐν
1100 5059 1280 5131 ἔργῳ,
1320 5067 1470 5133 φησὶ,
1515 5068 1624 5116 καὶ
1679 5060 1961 5135 δυνάμει

363 5142 540 5196 ἐστὶν
578 5145 608 5201 ἡ
646 5142 953 5217 βασιλεία
996 5154 1105 5199 τοῦ
1158 5152 1332 5216 Θεοῦ,
1393 5150 1505 5202 οὐκ
1551 5151 1608 5203 ἐν
1662 5151 1851 5223 λόγῳ.

436 5344 535 5400 ΙΑ’.
589 5348 659 5398 T6
710 5341 797 5397 οὖν
857 5344 1015 5397 εἰπεῖν
1051 5365 1184 5413 τινα,
1239 5349 1319 5399 ὅτι
1365 5349 1389 5400 6
1446 5351 1597 5423 ἄρτος
1664 5352 1813 5414 οὗτος
1860 5352 1962 5406 ἀπὸ

367 5438 514 5488 σίτου
607 5439 898 5507 γεγένηται,
980 5434 1185 5487 εὔκολόν
1244 5436 1357 5488 ἐστι
1405 5455 1417 5467 ο
1481 5448 1587 5502 πῶς
1656 5438 1713 5494 δὲ
1770 5442 1965 5506 λεπτῶς

364 5527 834 5591 κατασκευάζεται,
885 5530 976 5579 καὶ
1023 5530 1261 5579 πέττεται
1308 5529 1485 5603 ἄρτος,
1540 5536 1648 5605 χρὴ
1686 5531 1861 5585 εἰπεῖν.
1895 5539 1964 5587 Τὸ

439 5707 485 5742 ⁸⁷
512 5707 533 5763 Ι
558 5707 764 5765 Thess.
796 5722 853 5774 v,
886 5713 969 5765 to.
1048 5709 1094 5745 ⁸⁸
1126 5710 1147 5766 l
1179 5710 1306 5767 Cor.
1352 5725 1427 5780 ιν,
1465 5711 1555 5769 20.

2068 4635 2153 4684 tes
2186 4628 2365 4684 fortes
2400 4643 2468 4681 ac
2496 4626 2835 4698 philosophi
2888 4625 3006 4687 Dei,
3038 4625 3140 4696 qui
3174 4624 3517 4693 diriguntur
3541 4630 3595 4679 et
3619 4639 3723 4692 gn.

2068 4714 3094 4772 bernantursecunduminteriorem
3127 4713 3433 4767 hominem
3460 4730 3494 4768 a
3518 4720 3719 4784 poten-

2069 4805 2392 4860 tiadivina:
2418 4803 2928 4875 philosophienim
2947 4803 3288 4857 Graecorum
3313 4800 3717 4873 eloquentiam

2070 4894 2376 4957 ediscunt;
2410 4892 2506 4947 alii
2528 4909 2668 4947 vero
2718 4898 2855 4947 sunt
2881 4892 3056 4946 rudes
3085 4891 3457 4963 eloquentiae,
3489 4890 3590 4944 sed
3624 4891 3721 4945 lie-

2070 4988 2266 5039 tanlur
2284 4987 2339 5035 et
2363 4981 2652 5036 exsultant
2674 4981 2746 5035 de
2775 4983 2963 5049 gratia
2989 4981 3209 5045 divina,
3234 4979 3459 5051 quippe
3484 4977 3586 5052 qui
3607 4980 3724 5035 sint

2071 5070 2177 5127 viri
2197 5069 2375 5126 cultui
2400 5070 2603 5124 divino
2625 5068 2867 5124 addicti.
2901 5069 3238 5124 Iudicemus
3267 5069 3444 5137 igitur
3472 5071 3577 5141 qui
3608 5070 3723 5124 sint

2073 5160 2532 5232 praestantiores.
2550 5158 2621 5212 1η
2636 5172 2827 5227 opere,
2844 5158 3056 5229 inquit,
3072 5164 3125 5214 et
3155 5160 3370 5216 virtute
3381 5164 3720 5230 estregnum

2076 5250 2198 5315 Dei,
2232 5250 2437 5304 nonin
2464 5263 2731 5304 sermone
2762 5248 2830 5299 ⁸⁸.

2145 5360 2229 5415 XI.
2259 5356 2407 5423 Quid
2439 5372 2580 5425 ergo
2620 5361 2723 5422 est,
2767 5361 2829 5412 ut
2868 5356 3024 5411 dicat
3054 5355 3266 5427 aliquis
3306 5373 3525 5428 panem
3562 5357 3723 5411 hunc

2075 5467 2105 5505 e
2142 5449 2437 5504 frumento
2464 5462 2590 5501 esse
2616 5447 2954 5502 confectum
2982 5463 2994 5511 ;
3028 5462 3172 5501 nam
3198 5446 3257 5501 id
3285 5446 3457 5502 facile
3486 5450 3593 5500 est.
3619 5447 3723 5498 Ve-

2074 5554 2208 5595 rum
2243 5538 2358 5594 hoc
2385 5535 2662 5592 convenit
2682 5536 2899 5601 dicere,
2923 5552 3043 5609 quo
3074 5541 3249 5608 pacto
3275 5534 3550 5590 minutim
3578 5547 3725 5602 prae-
