4148 6262
485 289 585 346 631
1788 287 1845 342 S.
1890 282 2189 340 MACARII
2231 281 2537 338 EGYPTII

3736 285 3843 341 632

486 420 750 488 paretur,
774 417 830 470 et
859 417 1149 486 coquatur
1169 413 1362 484 panis.
1423 413 1738 484 Disputare
1768 426 1909 481 ergo
1939 410 2013 465 de
2045 409 2129 465 af-

2245 405 2330 460 οὗν
2381 407 2607 467 λαλῆσαι
2669 412 2786 482 περὶ
2838 409 3085 473 ἀπαθείας
3140 415 3226 464 καὶ
3260 409 3596 476 τελειότητος,
3657 409 3842 481 ὀλίγων

486 506 813 561 factionum
846 504 1142 558 vacuitate
1187 508 1242 557 et
1274 500 1649 573 perfectione,
1685 501 1892 571 paucis
1923 500 2132 554 datum

488 599 600 651 est.
624 593 1010 663 Evangelium
1035 593 1188 646 enim
1215 607 1449 645 concise
1480 591 1746 662 loquitur
1773 608 1785 645 :
1808 591 1898 645 Ne
1915 590 2135 643 irasca-

489 686 608 739 ris:
641 699 715 738 ne
745 681 1144 750 concupiscas.
1193 680 1260 736 Si
1287 680 1416 750 quis
1457 680 1769 750 impegerit
1800 681 2041 746 alapam
2072 677 2133 730 in

487 774 763 830 dextram
778 773 1112 835 maxillam,
1129 770 1321 839 praebe
1335 785 1565 842 quoque
1576 774 1628 825 et
1640 772 1912 825 alteram.
1929 767 1992 823 Si
2004 767 2133 838 quis

489 861 839 918 tetra/talin
843 859 1163 930 judicium,
1182 860 1519 915 ullunicam
1550 861 1746 924 tollat,
1776 859 1914 913 dato
1932 858 2133 928 eique-

487 967 600 1022 que
622 950 882 1022 pallium
914 951 981 1001 39.
1040 951 1247 1003 Verum
1305 949 1644 1019 Apostolus,
1696 949 1820 1003 haec
1849 947 2132 1009 imitatus,

486 1056 609 1112 qua
634 1039 862 1094 ratione
891 1037 1183 1111 paulatim
1211 1053 1362 1108 opus
1392 1038 1664 1109 puritatis
1685 1053 1823 1092 cum
1851 1035 2136 1108 patientia

489 1135 544 1185 et
575 1127 1026 1197 longanimitate
1067 1126 1190 1182 fieri
1235 1128 1447 1182 debeat
1490 1127 1758 1198 pluribus
1797 1126 1989 1191 docet,
2021 1124 2134 1195 pri-

492 1233 659 1273 mum
685 1217 803 1288 76
825 1216 974 1271 lacte
994 1216 1260 1271 nutriens
1281 1215 1432 1271 velut
1463 1215 1738 1279 infantes,
1760 1213 1977 1269 deinde
2003 1229 2134 1284 pro-

488 1322 734 1362 movens
764 1307 840 1361 ad
867 1306 1300 1360 incrementum
1327 1309 1381 1359 et
1402 1304 1845 1375 perfectionem.
1874 1305 2135 1372 Evange-

487 1395 633 1451 lium
649 1395 806 1450 enim
822 1395 1047 1448 dixitex
1063 1393 1336 1448 lanafieri
1353 1395 1768 1448 vestimentum
1790 1391 2135 1463 :Apostolus

487 1500 629 1540 vero
655 1484 1030 1552 signiﬁcavit,
1064 1499 1169 1554 per
1199 1483 1427 1537 minuta
1452 1483 1758 1553 quomodo
1790 1487 2130 1537 consuatur.

561 1629 665 1682 XII.
692 1627 801 1694 Qui
833 1627 1010 1696 igitur
1041 1625 1225 1680 verba
1261 1624 1591 1691 spiritualia
1623 1623 1948 1694 proferunt,
1982 1638 2132 1695 quo-

2245 496 2376 548 ἐστί.
2409 501 2476 549 Τὸ
2500 500 2600 569 γὰρ
2656 498 2966 570 Εύαγγέλιον
2998 500 3046 552 ἐν
3079 505 3317 573 συντόμῳ
3371 499 3690 572 ἀπεφήνατο,
3742 503 3839 557 Μή

2245 586 2581 659 ὀργισθῇς,
2658 592 2740 659 μὴ
2819 590 3235 662 ἐπιθυμήσῃς
3304 607 3316 619 '

2242 677 2483 749 ῥαπίση
2529 677 2616 738 εἰς
2655 682 2766 736 τὴν
2808 675 3027 740 δεξιάν
3069 699 3181 731 σου
3225 682 3518 750 σιαγόνα,
3560 680 3844 752 παράθες

2245 770 2351 817 καὶ
2397 770 2506 823 τὴν
2569 765 2760 825 ἀλλην
2799 782 2809 794 ·

3417 588 3520 641 ἐάν
3598 595 3697 652 τίς
3775 607 3845 641 σι

2854 767 2956 820 ἐάν
3018 788 3112 828 τις
3171 774 3352 841 κρίνῃ
3415 763 3566 841 ἀραί
3608 787 3718 820 σου
3775 769 3844 819 τὸ

2248 856 2523 924 ἱμάτιον,
2561 852 2672 916 δὸς
2711 856 2873 926 αύτῷ
2914 861 3163 910 καὶτὸν
3203 866 3474 929 χιτῶνα.
3516 856 3573 909 Ὀ
3602 853 3660 909 δὲ
3688 857 3846 910 Ἀπό-

2247 942 2426 1003 στολος
2457 944 2834 1010 ἐπακολουθῶν,
2862 954 2971 1006 πῶς
2992 951 3099 1021 χρὴ
3129 948 3264 999 κατὰ
3287 949 3472 1019 μικρὸν
3498 948 3556 998 τὸ
3583 948 3730 1018 ἔργον
3747 954 3846 1007 τῆς

2243 1034 2546 1105 καθάρσεως
2575 1037 2704 1104 μετά
2743 1036 3001 1106 ὑπομονῆς
3031 1039 3120 1087 καὶ
3171 1036 3540 1110 μακροθυμίας
3577 1035 3838 1106 γίνεσθαι,

2245 1118 2337 1173 διὰ
2410 1121 2606 1173 πολλῶν
2674 1118 2942 1187 διδάσκει,
3019 1132 3221 1195 πρῶτον
3286 1123 3719 1196 γαλακτοτροφῶν
3772 1125 3844 1185 ὡς

2243 1215 2477 1274 νηπίους,
2511 1210 2620 1263 εἶτα
2672 1216 2833 1286 φέρων
2860 1213 2926 1274 εἰς
2971 1212 3191 1276 αὔξησιν
3223 1219 3311 1265 καὶ
3359 1212 3672 1271 τελειότητα.
3717 1209 3842 1265 Εἶπε

2243 1302 2342 1374 γὰρ
2375 1304 2430 1352 τό
2457 1301 2766 1372 Εύαγγέλιον
2793 1305 3034 1372 γενέσθαι
3063 1304 3164 1354 ἀπὸ
3191 1301 3334 1375 ἐρέας
3363 1304 3641 1376 στιχάριον
3671 1321 3682 1333 ·
3713 1302 3738 1352 ὁ
3779 1297 3841 1353 δε

2245 1389 2555 1451 Ἀπόστολος
2604 1391 2828 1464 ἐμήνυσε
2856 1397 2949 1450 την
2997 1391 3307 1459 λεπτότητα,
3349 1401 3458 1454 πῶς
3511 1392 3844 1444 κατασκευά-

2247 1481 2416 1541 ζεται,

2317 1626 2419 1680 IB'.
2451 1628 2514 1677 Οἱ
2560 1623 2646 1676 οὑν
2677 1625 2863 1696 λόγους
2895 1629 3272 1697 πνευματικοῦς
3299 1625 3565 1687 λαλοῦντες
3597 1627 3714 1678 ἄνευ
3746 1635 3844 1689 τῆς

484 1733 620 1774 rum
659 1732 781 1771 non
838 1716 1063 1772 habent
1116 1719 1376 1784 gustum,
1450 1713 1672 1768 similes
1725 1718 1861 1767 sunt
1892 1712 1942 1767 ei
2007 1713 2128 1784 qui,

2243 1719 2486 1789 γεύσεως,
2563 1717 2781 1786 τοιούτῳ
2852 1720 2954 1767 τινὶ
3029 1718 3279 1782 ἐοίκασιν,
3357 1718 3530 1788 ὥσπερ
3609 1715 3692 1767 ἶνα
3766 1736 3846 1778 τις

484 1808 750 1862 maximo
772 1811 918 1861 testu
951 1810 1275 1875 premente,
1308 1804 1612 1858 desertum
1658 1818 1869 1872 agrum
1903 1817 2134 1872 peram-

484 1895 672 1958 bulat,
709 1901 762 1949 et
795 1894 1131 1948 sitibundus
1165 1892 1433 1964 depingit
1464 1892 1572 1946 sibi
1605 1891 1829 1948 fontem
1861 1894 2132 1945 emitten-

484 1987 600 2038 tem
630 2000 875 2055 aquam,
909 1983 1280 2038 adumbrans
1311 1998 1371 2036 se
1402 1983 1600 2053 ipsum
1645 1981 1960 2045 bibentem,
1993 1997 2128 2035 cum

484 2079 684 2130 tamen
710 2072 880 2128 labra
900 2073 1028 2142 ejus
1051 2072 1341 2140 aclingua
1372 2077 1721 2125 exarescant
1749 2086 1869 2141 prae
1897 2070 1985 2124 siti
2011 2086 2132 2141 qua

483 2167 714 2218 tenetur
743 2179 752 2212 :
789 2167 893 2217 aut
947 2162 990 2215 si
1022 2161 1158 2232 quis
1191 2161 1444 2215 disserat
1475 2161 1548 2214 de
1592 2159 1777 2214 mellis
1811 2159 2126 2224 suavitate,

482 2255 539 2306 et
597 2251 715 2304 vim
767 2250 1100 2304 dulcedinis
1130 2250 1278 2319 ejus,
1311 2264 1383 2303 eo
1430 2248 1595 2319 quod
1628 2263 1747 2302 non
1774 2247 2127 2316 degustarit,

485 2343 730 2407 gnoret:
767 2339 847 2392 sic
875 2354 936 2393 se
965 2337 1210 2402 habent,
1234 2338 1428 2407 quide
1456 2335 1837 2406 perfectione,
1872 2336 2128 2392 exsulta-

484 2427 642 2482 tione
700 2433 801 2482 aut
856 2427 1178 2482 affectuum
1234 2428 1529 2480 vacuitate
1569 2441 1908 2480 sermonem
1952 2427 2132 2481 susci-

485 2517 674 2586 piunt,
713 2516 768 2570 vi
796 2532 866 2570 ac
897 2514 1246 2569 certltudine
1278 2515 1414 2569 tidei
1466 2519 1768 2580 carentes;
1829 2519 1982 2570 certe
2012 2532 2132 2570 non

483 2605 710 2668 omnia,
747 2609 807 2658 ut
841 2605 1183 2675 loquuntur,
1241 2603 1321 2657 sic
1376 2619 1436 2658 se
1487 2603 1728 2657 habent.
1784 2605 1928 2659 Cum
1974 2605 2132 2659 enim

485 2692 784 2762 ejusmodi
804 2692 986 2747 homo
1007 2691 1226 2759 dignus
1251 2691 1576 2762 aliquando
1607 2691 2050 2756 fuerithabitus,
2075 2697 2136 2749 ut

484 2797 554 2837 ex
586 2786 752 2852 parte
783 2779 994 2835 saltem
1029 2781 1086 2835 in
1140 2797 1319 2852 opere
1371 2781 1501 2850 ipso
1527 2781 1871 2852 reperiatur,
1929 2798 2133 2838 secum

483 2871 610 2944 ipse
637 2869 992 2940 dijudicabit
1022 2889 1033 2927 :
1072 2870 1197 2924 Non
1228 2869 1746 2942 quemadmodum
1779 2869 2132 2940 arbitrabar,

484 2960 567 3015 sic
592 2959 820 3030 reperi;
877 2958 1041 3015 aliter
1089 2959 1243 3015 enim
1302 2959 1615 3030 loquebar,
1669 2959 1835 3016 aliter
1881 2961 2132 3032 Spiritus

481 3048 863 3121 operabatur.

552 3175 688 3231 XIII.
723 3174 1190 3230 Christianorum
1223 3174 1383 3230 enim
1424 3174 1616 3230 cultus
1672 3179 1762 3230 est
1789 3191 1924 3230 esus
1954 3181 2131 3248 atque

480 3269 692 3336 potus;
726 3269 781 3319 et
807 3268 1034 3334 quanto
1059 3263 1188 3334 plus
1219 3264 1356 3335 quis
1387 3279 1457 3318 ex
1489 3280 1558 3319 eo
1589 3264 1934 3331 comederit,
1969 3271 2130 3321 tanto

478 3353 892 3408 vehementius
914 3352 1204 3407 suavitate
1222 3352 1320 3408 illa
1343 3352 1594 3408 allicitur
1614 3353 1875 3418 animus,
1897 3354 2047 3409 adeo
2070 3360 2130 3410 ut

479 3442 848 3497 retineriaut
904 3441 1124 3512 expleri
1180 3448 1457 3512 nequeat,
1491 3447 1669 3512 atque
1719 3443 2131 3498 insatiabiliter

479 3528 744 3600 inquirat
774 3534 830 3583 et
857 3528 1151 3583 comedat.
1173 3531 1284 3582 Aut
1312 3530 1508 3594 veluti,
1530 3546 1664 3584 cum
1693 3533 1826 3602 quis
1846 3532 1936 3586 siti
1968 3532 2129 3587 labo-

479 3622 589 3679 rat,
622 3616 1076 3688 prtebeaturque
1108 3617 1159 3671 ei
1186 3623 1361 3687 potus
1381 3617 1601 3683 suavis,
1628 3620 1870 3690 ipseque
1901 3621 1999 3674 ubi
2032 3621 2130 3676 de-

481 3710 722 3775 gustare
748 3707 1014 3774 coeperit,
1045 3705 1289 3775 prOpius
1322 3707 1395 3760 ad
1428 3709 1709 3776 poculum
1743 3709 2005 3773 accedit;
2041 3726 2129 3764 ar-

479 3794 716 3848 dentius
740 3794 957 3848 scilicet
979 3810 1291 3849 accensus:
1329 3795 1408 3849 sic
1438 3802 1648 3864 gustus
1676 3798 1922 3868 Spiritus
1947 3797 2129 3853 ferme

480 3885 677 3938 sedari
697 3883 920 3954 nequit,
949 3888 1010 3938 ut
1040 3883 1384 3953 hujusmodi
1405 3884 1486 3938 rei
1512 3901 1630 3940 non
1655 3886 1948 3943 immerito
1972 3904 2130 3943 com-

479 3977 742 4045 paretur.
779 3976 841 4027 Et
862 3972 988 4028 haec
1015 3973 1256 4044 quidem
1284 3989 1401 4027 non
1437 3980 1572 4027 sunt
1604 3975 1784 4029 verba
1815 3977 1999 4044 nuda,
2025 3977 2128 4032 sed

479 4079 634 4134 Opus
673 4063 921 4134 Spiritus
977 4063 1188 4126 sancti,
1244 4079 1466 4118 arcana
1515 4065 1740 4118 ratione
1799 4065 2130 4121 inserviens

478 4153 703 4207 animo.
723 4151 1075 4206 Existimant
1093 4167 1230 4206 vero
1247 4152 1516 4207 nonnulli
1531 4169 1652 4218 eos,
1680 4153 1838 4223 quia
1863 4154 2125 4213 muliere,

480 4247 537 4296 et
565 4241 641 4295 ab
674 4240 983 4304 omnibus,
1013 4257 1147 4312 qua:
1182 4241 1325 4295 visui
1374 4248 1597 4312 patent,
1634 4241 1954 4310 abstinent,
1994 4259 2128 4299 esse

474 4331 601 4400 jam
637 4333 894 4384 sanctos.
927 4331 1141 4384 Verum
1173 4345 1292 4384 non
1325 4331 1402 4385 ita
1453 4347 1517 4386 se
1569 4347 1662 4385 res
1711 4332 1910 4385 habet.
1940 4333 2129 4387 Haeret

480 4420 642 4474 enim
672 4419 898 4474 malum
929 4419 988 4473 in
1021 4427 1239 4483 mente,
1274 4427 1450 4490 atque
1490 4421 1547 4474 in
1577 4421 1754 4475 corde
1784 4421 1922 4475 vivit
1947 4429 2002 4477 et
2028 4438 2129 4477 ex-

479 4507 719 4564 tollitur.
756 4507 855 4563 llle
902 4524 1039 4563 vero
1101 4515 1339 4563 sanctus
1392 4516 1496 4574 est,
1547 4509 1650 4581 qui
1701 4510 2043 4580 puriﬁcatus
2074 4517 2126 4566 et

477 4597 883 4653 sanctiﬁcatus
923 4604 1008 4652 est
1038 4597 1370 4653 secundum
1425 4599 1766 4654 interiorem
1797 4599 2123 4655 hominem.

478 4687 588 4744 Ubi
634 4689 791 4743 enim
848 4689 1067 4745 veritas
1121 4689 1425 4759 paulisper
1472 4690 1746 4760 inspexit,
1798 4690 1910 4745 illic
1967 4707 2128 4747 error

477 4784 705 4848 pugnat
739 4783 918 4850 atque
950 4794 1012 4833 se
1038 4778 1233 4833 velare
1263 4787 1318 4833 et
1343 4779 1620 4848 obtegere
1642 4784 1910 4835 conatur.

550 4904 681 4957 XIV.
713 4904 856 4957 Cum
887 4902 1080 4958 Judaei
1114 4903 1448 4958 sacerdotio
1508 4904 1855 4974 potirentur,
1889 4921 2033 4961 sane
2055 4923 2127 4961 ex

476 4990 575 5047 illa
596 4991 730 5061 ipsa
745 4997 915 5060 gente
943 4992 1415 5062 persecutionem
1431 4992 1833 5062 patiebantur,
1850 4995 2126 5064 graviter-

477 5095 594 5151 que
620 5078 1055 5148 aﬁligebantur,
1081 5097 1151 5135 eo
1173 5081 1412 5152 quodin
1437 5082 1679 5138 veritate
1709 5084 2121 5153 persistebant,

479 5168 786 5224 Eleazarus
814 5176 868 5225 et
891 5170 1229 5225 Machabzei.
1261 5173 1426 5226 Nunc
1461 5187 1616 5236 vero,
1638 5187 1775 5226 cum
1803 5189 1838 5226 a
1863 5179 2125 5242 tempore

475 5259 666 5313 crucis
690 5264 746 5312 et
770 5259 880 5313 veli
903 5261 1068 5314 scissi
1089 5261 1394 5315 recesserit
1433 5261 1510 5315 ab
1529 5261 1610 5314 eis
1636 5260 1918 5330 Spiritus;
1945 5267 2124 5334 atque

475 5347 575 5403 hic
606 5347 867 5403 revelata
890 5348 983 5415 sit,
1017 5354 1072 5403 et
1128 5355 1404 5419 operetur
1439 5350 1496 5404 in
1522 5349 1695 5404 nobis
1728 5352 1960 5415 veritas,
1994 5367 2123 5422 pro-

471 5442 673 5509 pterea
688 5454 924 5492 rursum
952 5437 1200 5510 quidam
1222 5437 1417 5493 exhac
1449 5445 1620 5508 gente
1646 5439 2125 5510 persecutionem

473 5527 789 5583 sustinent.
823 5527 902 5581 Ex
937 5526 1035 5583 illa
1063 5542 1203 5582 vero
1234 5532 1408 5597 gente
1439 5529 1848 5599 persecutione
1876 5535 1931 5584 et
1980 5528 2127 5587 afﬂi-

546 5664 590 5696 ⁸³
623 5663 761 5721 Luc.
795 5679 866 5738 v1,
904 5663 1006 5730 29;
1037 5662 1236 5719 Matth.
1272 5678 1326 5733 v,
1369 5664 1458 5718 40.

2243 1805 2572 1866 ἐπιϐαλόντος
2615 1808 2877 1865 καύσωνος
2905 1802 3214 1862 διοδεύηται
3239 1801 3404 1876 πεδίῳ
3434 1803 3633 1877 ἐρήμῳ,
3661 1809 3750 1857 xui
3775 1806 3846 1856 ὠν

2243 1891 2459 1965 ἔκδιψος
2492 1891 2755 1966 διαγράφῃ
2812 1899 2985 1965 πηγὴν
3023 1895 3243 1968 ῥέουσαν
3283 1891 3448 1967 ὕδωρ,
3511 1902 3846 1967 σκιογραφῶν

2243 1984 2420 2036 ἑαυτὸν
2451 1988 2681 2048 πίνοντα,
2716 1985 2868 2036 ὁπότε
2919 1985 2983 2035 τά
3012 1983 3164 2054 χείλη
3224 1983 3387 2034 αὑτοῦ
3441 1982 3844 2057 κατεξηρανται,

2241 2078 2329 2125 καὶ
2360 2074 2389 2130 ἡ
2442 2073 2678 2144 γλῶσσα,
2736 2073 2792 2124 ἐκ
2840 2081 2933 2134 τῆς
2989 2071 3385 2133 καταλαϐούσης
3439 2069 3607 2142 δίψης
3638 2089 3649 2100 ·
3686 2073 3715 2131 ἢ
3761 2074 3847 2124 ἵνα

2241 2182 2320 2222 τις
2368 2161 2568 2235 λαλήσῃ
2616 2168 2733 2238 περὶ
2773 2162 2996 2234 μέλιτος,
3047 2165 3124 2214 ὅτι
3152 2162 3314 2233 γλυκύ
3364 2161 3497 2226 ἐστι,
3531 2165 3602 2232 μὴ
3653 2166 3846 2232 γευσά-

2241 2271 2389 2323 μενος
2437 2248 2513 2315 δὲ,
2567 2252 2658 2303 ούκ
2715 2248 2828 2303 οἶδε
2878 2256 2972 2309 τὴν
3029 2248 3249 2322 δύναμιν
3319 2259 3408 2311 τῆς
3459 2252 3784 2321 γλυκύτητος
3831 2269 3842 2281 ³

2242 2343 2404 2402 οὑτως
2433 2346 2522 2392 καὶ
2575 2343 2624 2392 οἱ
2678 2339 2826 2411 λόγον
2875 2339 3142 2401 λαλοῦντες
3198 2345 3313 2411 περὶ
3368 2338 3707 2402 τελειότητος,
3757 2345 3847 2393 καὶ

2244 2430 2626 2501 ἀγαλλιασμοῦ,
2689 2433 2806 2487 ἤτοι
2857 2428 3122 2493 ἀπαθείας,
3189 2433 3259 2499 μὴ
3319 2431 3531 2499 ἔχοντες
3589 2428 3844 2502 ἐνέργειαν

2242 2526 2327 2572 xui
2397 2519 2763 2592 πληροφορίαν,
2840 2520 2907 2570 τὰ
2957 2519 3244 2590 πράγματα
3300 2517 3404 2588 οὑχ
3459 2520 3523 2577 ὡς
3573 2516 3841 2583 λαλοῦσιν,

2245 2611 2406 2670 οὑτως
2438 2609 2568 2662 εἰσὶν
2616 2608 2839 2661 ἅπαντα.
2869 2607 3030 2659 Ὀταν
3060 2610 3160 2681 γάρ
3193 2609 3218 2658 ὁ
3250 2614 3487 2668 τοιοῦτος
3541 2607 3839 2678 καταξιωθῇ

2245 2718 2367 2751 ποτε
2418 2706 2640 2773 μερικῶς
2713 2700 2760 2749 ἐν
2831 2700 2961 2770 ἔργῳ
3036 2697 3326 2770 εὑρεθῆναι,
3409 2692 3668 2770 διακρίνει
3727 2696 3846 2748 καθ’

2247 2788 2442 2854 ἑαυτὸν,
2497 2788 2575 2839 ὅτι
2652 2787 2709 2838 ού
2761 2788 2934 2846 καθὼς
3001 2783 3355 2858 ὑπελάμϐανον
3404 2785 3567 2847 οὕτως
3613 2785 3752 2856 εὗρον
3814 2801 3829 2814 ·

2246 2876 2408 2939 ἄλλως
2459 2880 2556 2951 γὰρ
2612 2875 2839 2941 ἐλάλουν,
2908 2880 2996 2927 καὶ
3047 2874 3209 2936 ἄλλως
3258 2878 3315 2927 τὸ
3369 2881 3564 2947 πνεῦμα
3618 2873 3832 2946 ἐργάζε-

2244 2986 2351 3018 ται.

2317 3176 2412 3231 ΙΓ’.
2442 3185 2500 3229 Ὁ
2529 3180 2629 3252 γὰρ
2662 3180 3082 3251 Χριστιανισμὸς
3111 3174 3309 3249 βρῶσίς
3359 3179 3473 3228 ἐστι
3512 3181 3601 3227 καὶ
3635 3179 3786 3236 πόσις
3824 3195 3836 3207 ·

2242 3274 2330 3321 καὶ
2369 3270 2488 3320 ὅσον
2520 3286 2595 3327 τις
2645 3266 2801 3319 ἐσθίει
2844 3265 2932 3318 ἀπ’
2981 3266 3161 3330 αὑτοῦ,
3199 3265 3252 3316 ἐκ
3303 3274 3394 3326 τῆς
3424 3261 3690 3326 ἡδύτητος
3739 3263 3844 3317 ἐπι.

2241 3359 2408 3412 πλεῖον
2459 3357 2742 3431 ἐρεθίζεται
2773 3357 2797 3407 ὁ
2827 3364 2945 3418 νοῦς
3003 3354 3364 3426 ἀκατάσχετος
3418 3361 3508 3406 καὶ
3567 3354 3848 3428 ἀκόρεστος

2241 3451 2517 3519 ὑπάρχων,
2571 3450 2660 3497 καὶ
2691 3445 2969 3506 ἀπλήστως
3033 3445 3294 3506 ἐπιζητῶν
3346 3448 3434 3496 καὶ
3483 3446 3669 3496 ἐσθίων
3703 3462 3715 3475 ·
3778 3443 3847 3496 Ἦ

2241 3541 2411 3610 ὥσπερ
2471 3537 2555 3587 ἐὰν
2687 3553 2765 3594 τις
2824 3531 3016 3604 διψῶν,
3078 3537 3166 3584 καὶ
3226 3529 3445 3604 ἐπιδοθῇ
3508 3533 3649 3601 αύτῷ
3701 3537 3849 3603 πόμα

2238 3626 2423 3697 γλυκὺ,
2505 3625 2615 3675 εἷτα
2672 3621 2952 3695 ἀρξάμενος
3016 3629 3107 3681 τῆς
3188 3623 3415 3693 γεύσεως
3477 3618 3846 3693 σφοδροτέρως

2240 3715 2436 3786 ἐγγίζει
2482 3720 2554 3782 τῷ
2598 3709 2759 3782 ποτῷ,
2809 3712 3056 3782 μειζόνως
3104 3718 3452 3782 εακαιόμενος,
3503 3714 3592 3762 καὶ
3646 3707 3846 3781 σχεδόν

2240 3804 2509 3863 ἄπαυστος
2557 3800 2696 3853 ἐστιν
2725 3803 2753 3859 ἡ
2805 3809 2986 3872 γεῦσις
3019 3806 3108 3851 τοῦ
3153 3801 3472 3870 Πνεύματος,
3507 3802 3570 3859 ὡς
3624 3801 3846 3871 τοιούτῳ

2241 3897 2341 3944 τινὶ
2399 3888 2620 3952 δικαίως
2680 3889 3058 3950 ἀπεικάζεσθαι
3110 3908 3122 3920 ·
3179 3894 3270 3939 καὶ
3336 3895 3503 3939 ταῦτα
3577 3888 3635 3939 ού
3699 3888 3848 3960 λόγοι

2239 3980 2404 4052 ψιλοι.
2465 3980 2720 4054 Ἐργασία
2765 3981 2865 4051 γὰρ
2921 3979 3034 4030 ἐστι
3090 3984 3182 4029 τοῦ
3234 3976 3386 4048 ἁγίου
3454 3979 3744 4049 Πνεύματος
3799 3976 3848 4028 ἐν

2241 4074 2518 4143 μυστηρίῳ
2565 4065 2887 4120 διακονοῦσα
2933 4074 3004 4137 τῷ
3035 4075 3122 4137 νῷ.
3178 4066 3478 4138 Νομίζουσι
3520 4062 3578 4117 δέ
3608 4071 3738 4126 τινές
3769 4067 3852 4118 ὅτι

2242 4158 2556 4229 ἀπεχόμενοι
2611 4160 2872 4227 γυναικός,
2922 4161 3010 4207 καὶ
3082 4156 3286 4206 πάντων
3355 4163 3454 4205 τῶν
3509 4158 3846 4226 φαινομένων,

2239 4246 2346 4306 ἤδη
2388 4248 2529 4319 οἶγιοί
2577 4247 2707 4298 εἰσιν
2742 4263 2753 4274 ο
2791 4245 2896 4296 ἀλλ’
2945 4245 3048 4316 οὑχ
3080 4245 3243 4304 οὕτως
3297 4247 3459 4296 ἐστίν.
3507 4243 3658 4296 ’Ἐστι
3687 4246 3789 4315 γὰρ
3815 4247 3845 4301 ἡ

2239 4342 2397 4388 κακία
2428 4336 2474 4388 ἐν
2505 4344 2577 4407 τῷ
2619 4345 2709 4406 νῷ,
2739 4340 2826 4386 καὶ
2859 4334 2909 4386 ἐν
2954 4342 3015 4406 τῇ
3046 4331 3244 4407 καρδίᾳ
3275 4333 3338 4405 ζῇ
3398 4337 3484 4385 καὶ
3535 4332 3806 4405 ἐπαίρεται
3833 4351 3844 4362 ·

2238 4424 2383 4486 οὗτος
2415 4423 2472 4478 δε
2499 4425 2637 4477 ἐστιν
2669 4425 2834 4496 ἅγιος,
2868 4425 2892 4475 ὁ
2943 4425 3219 4497 καθαρθεὶς
3268 4427 3356 4474 καὶ
3401 4422 3675 4493 ἁγιασθεὶς
3711 4423 3850 4473 κατὰ

2238 4519 2322 4567 τὸν
2349 4518 2450 4568 ἔσω
2497 4516 2788 4588 ἄνθρωπον.
2847 4512 3018 4564 ’Ὁπου
3069 4515 3169 4585 γὰρ
3206 4515 3234 4569 ἡ
3277 4510 3492 4569 ἀλήθεια
3539 4510 3844 4576 ἀνακύπτει,

2238 4603 2342 4656 ἐκεῖ
2385 4607 2617 4675 μάχεται
2667 4605 2695 4660 ἡ
2754 4602 2945 4665 πλάνη,
3031 4598 3416 4660 σπουδάζουσα
3464 4599 3696 4670 καλύψαι
3752 4604 3847 4652 καὶ

2239 4693 2489 4747 θολῶσαι.

2309 4906 2404 4962 IA’.
2459 4906 2582 4958 Ὀτε
2637 4907 2686 4958 οἱ
2749 4901 3001 4959 Ἰουδαῖοι
3079 4906 3326 4978 ἐκράτουν
3392 4908 3486 4961 τὴν
3537 4905 3843 4977 ἱερωσύνην,

2235 5001 2321 5049 καὶ
2368 4995 2420 5058 ἐξ
2477 4995 2636 5047 αὑτοῦ
2687 5001 2779 5046 τοῦ
2831 4997 3010 5055 ἔθνους
3065 4990 3341 5046 ἐδιώκοντο
3403 4998 3494 5044 καὶ
3558 4990 3844 5057 ἐθλίϐοντο,

2237 5081 2416 5142 ἐπειδὴ
2478 5087 2812 5142 εἱστήκεισαν
2866 5081 2914 5134 ἐν
2980 5091 3041 5155 τῇ
3105 5081 3341 5154 ἀληθείᾳ,
3398 5081 3703 5154 Ἐλεάζαρος
3750 5087 3844 5133 καὶ

2237 5175 2285 5224 οἱ
2315 5172 2636 5225 Μακαϐαῖοι.
2682 5180 2788 5224 Νῦν
2839 5169 2896 5225 δε
2944 5168 3124 5230 ἐπειδὴ
3177 5171 3277 5224 ἀπὸ
3332 5178 3421 5224 τοῦ
3474 5177 3704 5243 σταυροῦ
3751 5175 3844 5222 καὶ

2233 5269 2326 5314 τοῦ
2369 5263 2833 5334 καταπετάσματος
2890 5259 3226 5334 ἀνεχώρησεν
3279 5259 3332 5323 ἐξ
3384 5261 3553 5312 αὑτῶν
3584 5263 3641 5311 τὸ
3679 5265 3841 5311 Πνεῦ-

2235 5371 2328 5424 μα,
2384 5350 2560 5402 λοιπὸν
2592 5347 2695 5402 ὧδε
2745 5350 3078 5422 ἀπεκαλύφθη
3129 5355 3213 5401 xui
3261 5352 3454 5423 ἐνεργεῖ
3498 5350 3526 5406 ἡ
3581 5347 3824 5404 ἀλήθεια.

2238 5442 2396 5494 Πάλιν
2427 5439 2515 5490 οὖν
2565 5439 2616 5501 ἐξ
2649 5441 2807 5491 αὑτοῦ
2848 5447 2938 5491 τοῦ
2987 5441 3162 5501 ἔθνους
3206 5435 3505 5493 διώκονται.
3551 5436 3637 5500 Ἐξ
3675 5435 3836 5489 αὐτοῦ

2238 5526 2297 5584 δὲ
2327 5537 2418 5583 τοῦ
2473 5531 2647 5592 ἔθνους
2696 5526 2975 5582 ἐδιώκοντο
3021 5533 3114 5581 xui
3159 5527 3434 5598 ἐθλίϐοντο,
3480 5527 3561 5579 ἱνα
3589 5531 3838 5598 γίνωνται
