4148 6262
1163 21 1262 30 ...η-ε.-
1481 9 1526 30 ν-τ,
1555 9 1566 30 ·,
1597 7 1602 10 ·
1627 0 1712 20 ‘-~~~
1743 3 1748 26 ξ
1912 0 1951 28 -”
1974 2 1977 5 ‘
2083 21 2088 26 .
2126 0 2525 31 ""‘v'ar’wmw

551 48 554 50 .
619 48 626 50 .
699 44 712 50 -
838 40 873 45 Η
898 40 905 43 ν
933 31 1014 48 -’“·.
1057 31 1064 34 ·
1093 27 1150 48 ’.Τ
1187 45 1214 48 ..
1353 45 1356 48 .
1399 45 1408 48 .
1438 39 1467 51 ,
1489 39 1574 51 -.-.
1603 45 1606 48 .
1655 45 1660 48 .
1741 35 1762 50 .-
1815 27 1942 51 ξδ’
1992 50 1997 53 ,
2035 29 2126 53 ’⁸ὀι‹
2149 28 2481 55 νῑςευνίπῖεκὸὲόὶ
2498 38 2525 55 κ

392 361 498 423 633

367 492 627 566 μάρτυρες
675 490 724 542 οἱ
774 489 1092 563 φιλαλήθης.
1134 496 1245 550 Πῶς
1296 491 1397 561 γὰρ
1445 489 1787 561 φθήσεταίἠ
1840 487 1964 544 ἀλῆ-

2081 485 2273 540 ctione
2297 483 2815 557 opprimebantur,
2850 490 2910 540 ut
2933 492 3224 558 martyres
3257 488 3598 557 evaderent,
3629 493 3732 564 qui

370 581 502 645 θεία,
537 579 579 632 εἰ
608 583 680 652 μῆ
717 581 829 649 ἔχει
879 583 1002 640 τοὺς
1033 579 1368 637 ὑπεναντίους
1414 574 1628 648 ψευδεῖς
1682 580 1829 636 ὄντας
1880 580 1969 628 καὶ

365 671 501 721 κατά
531 667 772 731 ἀληθείας
802 671 1113 741 τρέχοντας;
1168 666 1287 719 Εἰσὶ
1344 662 1403 719 δε
1449 671 1539 718 καὶ
1589 666 1637 717 ἐν
1667 672 1777 726 τοῖς
1820 660 1969 717 ἀδελ-

367 752 476 829 φοῖς
505 754 858 829 βαστάζοντες
904 758 1046 814 πάθη
1080 760 1169 808 καὶ
1201 754 1400 827 θλίψεις
1429 770 1443 785 ⁸
1504 752 1697 815 πολλῆς
1749 749 1807 806 δε
1836 758 1970 827 χρῄ-

367 846 551 907 ζουσιν
601 844 903 919 ἀσφαλείας,
944 846 1028 898 ἵνα
1082 849 1153 918 μὴ
1184 848 1434 898 πέσωσιν.
1472 844 1559 905 Εἷς
1585 844 1686 918 γάρ
1739 863 1819 902 τις
1869 850 1970 894 τῶν

367 931 597 1007 ἀδελφῶν
651 939 1030 1008 συνευχόμενός
1069 953 1190 999 τινι,
1243 931 1633 1006 ᾐχμαλωτίσθη
1675 932 1775 984 ὑπὸ
1833 933 1971 993 θείας

372 1020 661 1097 δυνάμεως,
697 1029 788 1077 καὶ
832 1023 1129 1099 ἀρπαχθεὶς
1178 1019 1283 1076 εἶδε
1333 1026 1427 1080 τὴν
1452 1023 1557 1074 ἄνω
1603 1021 1750 1074 πόλιν
1788 1020 1971 1095 Ἰερου-

369 1112 564 1185 σαλὴμ,
606 1118 696 1166 καὶ
743 1113 942 1174 εἰκόνας
986 1114 1232 1185 φωτεινάς
1284 1117 1374 1164 καὶ
1420 1118 1525 1183 φῶς
1575 1112 1822 1184 ἄπειρον·
1882 1113 1971 1161 καὶ

364 1205 559 1261 ἤκουσε
584 1210 754 1275 φωνῆς
780 1202 1265 1274 λεγούσης,οὗτός
1305 1199 1480 1253 ἔστιν
1540 1201 1565 1251 ό
1609 1204 1797 1259 τόπος
1857 1206 1972 1259 τῆς

364 1294 834 1354 καταπαύσεως
872 1300 990 1344 τῶν
1031 1288 1304 1343 δικαίων
1328 1305 1340 1319 '
1378 1294 1467 1341 καὶ
1498 1291 1630 1361 μετὰ
1657 1290 1842 1360 μικρὸν
1874 1307 1968 1357 φυ-

366 1383 594 1447 σιωθεὶς,
663 1386 753 1434 καὶ
809 1386 1025 1452 νομίσας
1078 1385 1196 1452 περὶ
1250 1380 1434 1432 ἑαυτοῦ
1487 1378 1785 1450 ἑωρακέναι,
1840 1377 1971 1447 μετά

366 1478 518 1522 τοῦτο
571 1471 750 1543 εὑρέθη
806 1469 1039 1541 ἐμπεσὼν
1088 1469 1154 1529 εἰς
1201 1470 1267 1520 τὰ
1317 1465 1492 1521 ἄδυτα
1544 1470 1634 1518 καὶ
1695 1463 1971 1539 βαθύτατα

367 1567 460 1619 τῆς
482 1559 762 1631 ἁμαρτίας,
796 1558 868 1621 εἰς
888 1562 1053 1631 μυρία
1082 1559 1239 1613 κακά.

444 1877 542 1931 IE’.
597 1878 657 1930 Εἰ
706 1874 794 1931 οὖν
847 1879 872 1931 ὁ
921 1877 1167 1951 ίσώτερος
1222 1880 1313 1930 καὶ
1365 1875 1567 1948 ὑψηλὸς
1614 1878 1781 1941 ἔπεσε,
1858 1885 1966 1939 πῶς

369 1961 591 2019 δύναται
618 1966 780 2038 λέγειν
806 1968 831 2019 6
856 1971 1057 2039 τυχὼν,
1089 1966 1170 2018 ὃτι
1216 1973 1305 2023 Νη
1325 1968 1561 2019 στεύων
1632 1970 1741 2018 καὶ
1798 1965 1967 2028 ξενη-

366 2057 558 2107 τεύων
589 2060 696 2108 καὶ
734 2052 1233 2128 διασκορπίζων
1291 2057 1370 2106 τὰ
1408 2055 1797 2128 ὑπάρχοντα
1838 2052 1963 2115 ἤδη

366 2145 552 2216 ἅγιός
590 2144 755 2217 εἰμι;
797 2144 855 2197 ού
893 2147 994 2216 γὰρ
1028 2146 1056 2202 ἡ
1093 2142 1273 2215 ἀποχὴ
1322 2150 1420 2195 τῶν
1450 2152 1620 2195 κακῶν
1652 2142 1784 2202 αὕτη
1827 2144 1965 2197 ἐστὶν

363 2235 393 2292 ἡ
427 2233 707 2300 τελείωσις,
743 2233 848 2285 ἀλλ’
879 2233 923 2286 εἰ
945 2232 1181 2295 εἰσῆλθες
1212 2232 1278 2294 εἰς
1306 2235 1392 2285 τὸν
1417 2240 1534 2285 νοῦν
1566 2236 1652 2285 τόν
1684 2234 1967 2306 ἠφανισμέ-

360 2341 462 2388 νον,
491 2326 581 2374 καὶ
635 2322 935 2385 ἀπέκτεινας
982 2324 1069 2374 τὸν
1122 2326 1234 2393 ὅφιν
1266 2324 1352 2374 τόν
1397 2326 1684 2396 κατώτερον
1715 2330 1807 2374 τοῦ
1852 2330 1965 2397 νοῦ,

360 2415 450 2463 καὶ
503 2408 786 2485 βαθύτερον
838 2419 934 2464 τῶν
983 2410 1270 2483 λογισμῶν,
1337 2410 1405 2471 εἰς
1458 2413 1524 2464 τὰ
1579 2410 1827 2484 λεγόμενα
1880 2432 1966 2465 τα-

358 2506 503 2572 μιεῖα
565 2505 654 2553 καὶ
701 2499 970 2562 ἀποθήκας
1038 2509 1132 2561 τῆς
1177 2499 1366 2572 ψυχῆς
1430 2501 1707 2572 φονεύοντα
1764 2520 1821 2553 σε
1876 2506 1965 2554 καὶ

358 2589 681 2661 φωλεύοντα*
735 2588 971 2651 ἄϐυσσος
1021 2590 1120 2661 γάρ
1160 2588 1271 2641 im
1325 2591 1354 2647 ἡ
1402 2585 1637 2661 καρδία’
1700 2589 1743 2642 εἰ
1794 2595 1964 2642 τοίνυν

359 2678 547 2731 ἐκεῖνον
613 2677 907 2751 ἐφόνευσας,
984 2684 1072 2731 καὶ
1137 2684 1312 2730 πᾶσαν
1385 2682 1479 2736 τῆν
1555 2676 1603 2729 ἐν
1682 2683 1766 2731 σοὶ
1841 2678 1966 2733 ἀκα-

364 2769 585 2840 θαρσίαν
658 2766 926 2830 ἰξέϐαλες·
988 2767 1095 2820 ὅλοι
1163 2770 1264 2842 γάρ
1328 2769 1376 2819 οἱ
1449 2767 1721 2838 φιλόσοφοι
1783 2774 1873 2821 καὶ
1938 2772 1963 2821 ό

358 2861 512 2930 νόμος
540 2862 628 2909 καὶ
671 2859 720 2910 οἱ
775 2856 1078 2923 ἀπόστολοι,
1123 2861 1212 2910 καὶ
1256 2858 1285 2914 ἡ
1338 2863 1428 2909 τοῦ
1479 2864 1716 2932 Σωτῆρος
1766 2858 1964 2921 ἔλευσις

358 2950 476 3020 περὶ
515 2947 871 3019 καθαρότητος
912 2953 1206 3002 ποιοῦνται.
1240 2951 1348 3008 Πᾶς
1388 2948 1490 3017 γὰρ
1537 2944 1816 3018 ἀνθρώπων
1866 2951 1964 3001 εἶτε

356 3031 648 3100 Ἰουδαίων,
710 3038 810 3087 εἴτε
869 3033 1140 3100 Ἑλλήνων,
1210 3034 1389 3106 ἀγαπᾷ
1453 3039 1547 3093 τὴν
1604 3038 1959 3108 καθαρότητα,

359 3126 445 3174 καὶ
501 3123 560 3174 ού
622 3119 873 3175 δύνανται
929 3125 1254 3197 καθαρεύειν.
1315 3127 1427 3197 Χρὴ
1488 3120 1575 3175 οὖν
1619 3122 1961 3194 ἐπιζητῆσαι,

359 3219 465 3270 πῶς
502 3215 591 3263 καὶ
632 3207 724 3264 διὰ
754 3216 902 3263 τίνων
957 3194 1179 3264 δύναται
1229 3214 1287 3263 τὸ
1325 3194 1553 3285 καθαρὸν
1601 3219 1695 3274 τῆς
1741 3210 1964 3287 καρδίας
1999 3194 2038 3249 C

357 3302 617 3370 γενέσθαι.
671 3296 937 3372 Οὐδαμῶς
1002 3299 1261 3373 ἑτέρωθεν,
1321 3300 1365 3352 εἰ
1420 3304 1491 3372 μὴ
1550 3297 1643 3353 διὰ
1696 3309 1787 3354 τοῦ
1834 3303 1961 3377 ὑπὲρ

359 3390 503 3460 ἡμῶν
553 3391 938 3461 σταυρωθέντος
964 3408 976 3420 ·
1026 3389 1178 3451 αύτός
1206 3391 1308 3463 γάρ
1335 3388 1473 3442 ἔστιν
1504 3393 1533 3449 ἡ
1581 3387 1726 3456 ὁδὸς,
1767 3394 1797 3451 ἡ
1829 3392 1957 3459 ζωὴ,

358 3479 388 3535 ἡ
420 3478 657 3543 ἀλήθεια,
692 3480 719 3537 ὁ
780 3480 931 3551 θύρα,
964 3480 990 3531 ό
1020 3482 1374 3553 μαργαρίτης,
1408 3480 1433 3530 ό
1492 3479 1595 3540 ζῶν
1649 3485 1739 3533 καὶ
1797 3483 1822 3533 ό
1874 3482 1960 3534 ούο

353 3569 528 3641 ράνιος
580 3569 757 3637 οἰρτος.
820 3573 921 3622 Καὶ
982 3568 1074 3620 ούκ
1133 3566 1354 3641 ἔγχαρεῖ
1408 3587 1525 3620 τινα
1582 3569 1701 3621 ἄνευ
1767 3568 1962 3631 ὶκείνης

356 3664 452 3717 τῆς
498 3654 760 3721 ἀληθείας,
814 3654 1058 3715 ἀλήθειαν
1113 3665 1325 3728 γνῶναι,
1356 3660 1386 3715 ἦ
1449 3658 1703 3717 σωθῆναι.
1761 3656 1959 3732 Ὠσπερ

357 3743 447 3797 ούν
513 3744 584 3807 εἰς
646 3748 735 3798 τὸν
785 3745 882 3809 ἔξω
946 3747 1217 3820 ἄνθρωπον
1268 3750 1358 3799 καὶ
1424 3746 1497 3809 εἰς
1562 3749 1630 3799 τά
1685 3754 1963 3820 φαινόμενα

355 3836 656 3909 πράγματα,
711 3833 949 3897 ἀπετάξω
999 3841 1154 3900 πᾶσι,
1210 3838 1301 3887 καὶ
1334 3831 1596 3896 διίδωκας
1650 3841 1743 3895 τὴν
1798 3836 1962 3911 ὓπαρ-

358 3922 436 3986 ξίν
470 3942 563 3975 σου
592 3937 605 3952 ⁸
640 3923 775 3975 ούτω
804 3928 893 3976 καὶ
923 3922 971 3975 ἓν
1006 3931 1068 3996 τῇ
1105 3927 1264 3995 σοφίᾳ
1290 3931 1351 3995 τῆ
1392 3932 1645 3996 κοσμικῆ,
1688 3924 1731 3978 εἰ
1768 3934 1961 3996 γνῶσιν

359 4014 503 4083 ἔχεις
548 4015 637 4063 καὶ
688 4011 851 4083 λόγων
912 4011 1094 4082 ἰσχύν,
1154 4010 1555 4085 ἀποῤῥίψασθαι
1600 4015 1773 4065 πάντα
1822 4014 1962 4086 ὀφεί-

359 4098 475 4163 λεις,
532 4103 617 4151 καὶ
679 4096 844 4169 μηδεν
897 4100 1225 4171 ἡγήσασθαι,
1283 4099 1343 4150 ἶν’
1395 4099 1529 4151 οὕτω
1588 4096 1823 4173 δυνηθῇς
1878 4102 1963 4154 ἐπὶ

360 4194 421 4259 τῇ
449 4192 623 4259 μωρίᾳ
670 4194 761 4239 τοῦ
816 4190 1151 4260 κηρύγματος
1201 4184 1637 4260 οἰκοδομηθῆναι,
1697 4191 1816 4263 ὅπερ
1867 4194 1966 4247 κή-

362 4277 542 4348 ρυγμά
597 4278 737 4329 ἔστιν
790 4277 819 4334 ἡ
881 4274 1080 4338 ἀληθὴς
1134 4280 1311 4348 σοφία,
1367 4276 1459 4328 οὐκ
1508 4278 1712 4348 ἔχουσα
1764 4281 1963 4350 κόμπον

361 4362 542 4436 λόγων,
594 4363 720 4417 ἀλλά
768 4360 992 4436 δύναμιν
1044 4360 1118 4417 δι’
1171 4363 1327 4436 ἁγίου
1382 4372 1612 4441 σταυροῦ
1667 4364 1964 4441 ἐνεργουμέ-

359 4473 469 4512 νην.
537 4454 671 4518 Δόξα
733 4460 795 4528 τῇ
830 4455 856 4506 ό
896 4458 1100 4527 μουσίῳ
1159 4450 1351 4529 Τριάδι
1423 4454 1495 4516 εἰς
1561 4457 1682 4517 τοὺς
1748 4454 1957 4517 αἰῶνας.

364 4541 547 4616 Ἀμήν.

967 4672 1216 4722 OMIAIA
1250 4666 1354 4720 III'.

359 4794 513 4863 Περὶ
551 4799 658 4843 τοῦ
700 4793 1031 4863 θησαυροῦ
1068 4801 1185 4844 τῶν
1226 4799 1658 4866 Χριστιανῶν,
1702 4788 1956 4866 δηλαδὴ

428 4860 540 4914 τοῦ
579 4869 867 4937 ᾏριστοῦ
906 4860 1013 4916 καὶ
1054 4860 1427 4937 Πνεύματος
1461 4863 1676 4933 ἁγίου,
1710 4860 1959 4937 Ῠδιαφό-

425 4953 549 5011 ρως
588 4932 940 5011 ἀσκοῦντος
1001 4932 1234 4997 αὐτοὺς
1268 4939 1426 5011 πρὸς
1464 4932 1532 4987 τό
1596 4936 1835 5008 φθάναι
1869 4932 1959 4998 είς

425 5006 536 5064 τὴν
575 5006 872 5064 τελειότη
895 5024 989 5062 τα.

424 5129 502 5183 A'.
532 5133 591 5183 Ei
614 5149 692 5192 τις
732 5128 780 5182 ἓν
818 5136 891 5200 τῷ
921 5133 1102 5201 κόσμῳ
1156 5129 1404 5192 πλούσιος
1438 5126 1647 5204 σφόδρα
1672 5133 1952 5204 τυγχάνει,

350 5224 441 5272 καὶ
473 5222 737 5286 θησαυρὸν
767 5217 1062 5291 ἀπόκρυφον
1092 5223 1360 5284 κέκτηται,
1415 5221 1470 5271 ἑκ
1522 5228 1613 5273 τοῦ
1685 5222 1954 5293 θησαυροῦ

350 5314 440 5362 καὶ
486 5309 709 5361 πλούτου
760 5307 915 5380 οὗπερ
965 5309 1098 5379 ἔχει,
1158 5310 1328 5360 πάντα
1365 5307 1466 5360 ὃσα
1515 5308 1664 5376 θέλει,
1722 5315 1949 5361 κτᾶται*

350 5403 439 5450 καὶ
496 5398 580 5450 οἷα
632 5395 874 5470 βούλεται
930 5395 979 5449 ἐν
1035 5404 1109 5467 τῷ
1164 5400 1345 5467 κόσμῳ
1402 5401 1659 5468 κτήματα,
1721 5402 1952 5472 εὐχερῶς

348 5484 670 5558 επισυνάγει,
730 5495 802 5557 τῷ
867 5488 1117 5560 θησαυρῷ
1177 5486 1453 5549 πεποιθὼς,
1520 5484 1600 5539 ὃτι
1650 5482 1723 5538 δι’
1791 5485 1951 5538 αὐτοῦ

350 5582 525 5629 πᾶσαν
564 5578 776 5645 κτῆσίν,
822 5578 883 5634 ἤν
915 5575 975 5627 οἶν
1008 5574 1288 5648 βούληται,
1333 5573 1547 5636 εὐκόλως
1587 5580 1796 5629 κτᾶται.
1842 5575 1951 5627 Οὖ-

354 5683 456 5729 τως
485 5671 575 5720 καὶ
631 5668 679 5719 οἱ
706 5674 911 5741 πρῶτον
957 5664 1235 5727 ζητοῦντες
1293 5666 1437 5740 παρὰ
1483 5672 1617 5736 Θεῷ,
1667 5669 1756 5717 καὶ
1785 5665 1953 5739 εὗρόν-

353 5774 456 5825 τες,
486 5760 576 5809 καὶ
630 5758 840 5830 ἔχοντες
895 5759 982 5809 τὸν
1034 5755 1335 5830 ἐπουράνιον
1372 5762 1465 5808 τοῦ
1519 5755 1810 5827 Πνεύματος
1866 5756 1953 5814 θη-

1647 357 1990 417 HOMILIIE.
2031 388 2097 406 σ-
2144 358 2317 417 ΗΟΜ.
2362 358 2557 414 XVIII.

3629 366 3736 422 634

2083 574 2307 630 veritati
2336 574 2681 629 studebant.
2712 574 3025 639 Quomodo
3053 576 3213 631 enim
3237 579 3555 650 apparebit
3584 581 3732 638 veri-

2082 667 2193 728 tas,
2223 663 2336 717 nisi
2365 662 2639 719 habuerit
2686 660 3080 729 adversarios,
3107 664 3208 735 qui
3235 670 3291 721 et
3332 666 3447 723 sint
3489 669 3732 725 menda-

2080 757 2268 819 ces,et
2299 752 2601 807 veritatem
2628 750 3118 808 invadant‘iSunt
3145 757 3460 828 quoquein
3481 757 3732 814 fratrum

2080 857 2354 908 numero,
2374 840 2477 912 qui
2509 839 2921 896 affectionibus
2938 847 3039 897 aut
3053 841 3472 901 afﬂictionibus
3485 846 3733 904 obnoxii

2082 935 2236 985 sunt.
2253 930 2481 996 Quibus
2503 929 2750 1002 quidem
2784 944 3006 999 magna
3032 932 3228 988 cautio
3244 933 3591 992 adhibenda
3620 942 3731 1005 est,

2081 1034 2155 1075 ne
2181 1019 2479 1075 labantur.
2521 1018 2779 1087 Quidam
2806 1020 2965 1074 enim
2995 1035 3067 1074 ex
3106 1019 3406 1089 fratribus,
3441 1039 3577 1081 cum
3606 1041 3734 1096 pre-

2082 1112 2313 1163 caretur
2339 1123 2475 1162 cum
2506 1107 2644 1171 alio,
2673 1113 2883 1178 captus
2914 1113 3001 1163 est
3042 1109 3247 1165 divina
3264 1110 3500 1178 virtute,
3540 1129 3731 1186 eaque

2081 1196 2365 1267 abreptus
2410 1196 2554 1251 vidit
2593 1212 2918 1267 supernam
2955 1197 3254 1254 civitatem
3302 1200 3651 1269 Jerusalem,
3676 1207 3732 1260 et

2080 1300 2369 1357 personas
2419 1284 2696 1351 illustres,
2730 1284 3054 1358 lumenque
3114 1288 3523 1361 immensum;
3553 1297 3733 1364 atque

2080 1374 2312 1430 audivit
2351 1375 2872 1431 vocemdicentem
2904 1393 2916 1430 :
2953 1377 3733 1452 Hic-estlocusrequietisju-

2078 1468 2302 1519 storum
2330 1481 2348 1518 :
2383 1464 2684 1536 pauloque
2704 1464 3118 1535 postinflatus,
3134 1468 3553 1524 etexistimans
3580 1471 3653 1526 de
3671 1486 3733 1526 se

2077 1554 2209 1623 ipso
2257 1568 2329 1609 ea
2374 1553 2614 1618 vidisse,
2666 1558 2879 1625 postea
2930 1561 3197 1625 repertus
3233 1562 3319 1612 est
3361 1558 3420 1612 in
3449 1558 3633 1631 adyta
3679 1565 3736 1617 et

2077 1642 2552 1714 profundissima
2584 1647 2987 1715 peccatorum,
3018 1650 3198 1717 atque
3226 1645 3287 1701 in
3317 1646 3549 1706 inﬁnita
3571 1648 3733 1706 mala

2077 1731 2378 1788 incidisse.

2151 1876 2256 1930 XV.
2301 1875 2357 1931 Si
2387 1889 2529 1943 ergo
2568 1874 2837 1930 internus
2879 1878 2935 1930 et
2974 1875 3248 1931 sublimis
3295 1876 3480 1934 homo
3520 1879 3731 1951 lapsus

2076 1969 2182 2029 est,
2215 1979 2337 2034 quo
2380 1971 2554 2034 pacto
2580 1968 2771 2034 potest
2797 1964 2993 2018 dicere
3031 1966 3224 2036 quivis
3258 1965 3412 2022 alius
3442 1982 3473 2022 e
3514 1968 3729 2039 vulgo:

2078 2052 2229 2118 Quia
2248 2054 2482 2121 jejuno,
2517 2053 2979 2121 hospitali/atem
3018 2068 3277 2120 exerceo,
3308 2069 3380 2111 ac
3411 2057 3564 2113 bona
3603 2073 3732 2114 mea

2075 2141 2390 2208 distribuo,
2407 2143 2539 2210 jam
2568 2156 2672 2210 ego
2704 2147 2948 2197 sanctus
2977 2142 3284 2199 sum?Non
3318 2146 3474 2200 enim
3502 2162 3536 2202 a
3555 2147 3730 2201 malis

2075 2246 2137 2285 se
2165 2230 2444 2286 cohibere
2472 2231 2603 2302 ipsa
2642 2230 2932 2301 peafectio
2968 2234 3077 2297 est,
3112 2231 3218 2287 sed
3262 2231 3312 2287 si
3351 2233 3733 2305 inquinatam

2078 2323 2336 2374 mentem
2371 2324 2535 2375 tuam
2593 2320 2920 2389 ingressus.
2962 2319 3253 2376 occideris
3291 2328 3628 2394 serpentem
3673 2340 3733 2380 In

2074 2406 2454 2463 interioribus
2470 2409 2683 2463 mentis
2696 2424 2766 2464 ac
2779 2406 3271 2479 profundioribus
3297 2412 3731 2480 cogitationum

2079 2497 2442 2568 tuarum77
2464 2496 3240 2570 delitescentem,quippein
3265 2500 3647 2557 conclavibus
3677 2506 3734 2559 et

2074 2586 2447 2658 repositoriis
2462 2588 2681 2641 animae
2695 2587 2767 2642 ad
2789 2592 2841 2642 te
2857 2587 3319 2644 interimendum
3335 2590 3534 2645 nidum
3551 2608 3730 2648 suum

2074 2676 2382 2748 componit
2403 2678 2529 2747 (cor
2555 2678 2714 2731 enim
2742 2681 2830 2731 est
2847 2676 3150 2749 abyssus),
3171 2678 3240 2743 si,
3266 2678 3537 2751 inquam,
3562 2680 3730 2736 illum

2073 2764 2457 2833 interfeceris,
2487 2770 2543 2820 et
2566 2780 2833 2830 omnem,
2866 2781 2988 2836 qua
3008 2766 3361 2837 inquinatus
3392 2784 3475 2834 es,
3507 2770 3734 2840 spurci-

2077 2854 2214 2909 tiem
2254 2854 2522 2924 ejeceris.
2548 2855 2768 2910 Omnes
2794 2855 2955 2909 enim
2984 2854 3346 2927 philosophi,
3371 2856 3461 2912 lex
3496 2863 3551 2913 et
3581 2874 3732 2930 apo-

2075 2942 2204 2998 stoli
2237 2948 2415 3013 atque
2446 2944 2625 2998 etiam
2648 2943 2968 2998 Salvatoris
2997 2943 3288 3000 adventus
3317 2946 3474 3001 circa
3508 2948 3730 3018 purita-

2074 3035 2191 3085 tem
2261 3030 2555 3086 laborant.
2614 3032 2833 3087 Omnes
2896 3032 3192 3103 siquidem
3252 3034 3548 3101 homines,
3606 3036 3730 3092 sive

2071 3119 2283 3186 Judmi,
2304 3119 2427 3174 sive
2457 3120 2660 3183 Graeci,
2704 3120 3021 3190 puritatem
3058 3127 3364 3193 exoptant,
3395 3129 3451 3180 et
3488 3126 3731 3193 assequi

2073 3212 2395 3280 nequeunt.
2417 3209 3485 3283 Inquirendumigiturest,quomodo
3508 3217 3564 3268 et
3596 3214 3733 3286 qui-

2072 3295 2191 3352 bus
2232 3297 2427 3352 modis
2455 3298 2683 3368 puritas
2698 3298 2895 3353 cordis
2918 3301 3257 3370 comparari
3280 3300 3484 3372 possit.
3502 3304 3731 3374 Nequa-

2072 3402 2261 3459 quam
2299 3386 2764 3458 aliunde,quam
2795 3403 2899 3458 per
2937 3389 3343 3461 eum,quipro
3362 3391 3732 3447 nobiscruci-

2071 3474 2228 3529 ﬁxus
2269 3479 2378 3531 est.
2405 3476 2535 3547 Ipse
2575 3475 2733 3530 enim
2774 3480 2859 3531 est
2899 3476 3014 3541 via,
3048 3476 3188 3543 vita,
3214 3479 3453 3550 veritas,
3486 3479 3725 3547 ostium,

2074 3564 2419 3634 margarita,
2448 3564 2615 3619 vivus
2657 3580 2725 3621 ac
2739 3564 2993 3620 cmlestis
3013 3565 3344 3636 panis;uec
3369 3568 3501 3624 licet
3531 3568 3726 3635 alicui,

2072 3652 2302 3725 absque
2336 3653 2435 3708 illa
2470 3654 2731 3723 veritate,
2760 3654 3067 3709 veritatem
3102 3670 3488 3725 cognoscere,
3526 3663 3581 3714 et
3607 3674 3731 3714 ser-

2069 3743 2216 3799 vari.
2242 3743 2767 3808 Quemadmodum
2784 3743 2987 3815 quoad
3016 3745 3367 3801 exteriorem
3390 3746 3725 3813 hominem,

2071 3838 2127 3888 et
2165 3847 2236 3887 ea
2265 3847 2403 3905 quas
2450 3832 2762 3902 subjacent
2787 3831 2994 3897 oculis,
3029 3834 3314 3889 omnibus
3354 3835 3726 3902 renuntiasti,

2072 3925 2128 3977 et
2166 3921 2327 3977 bona
2354 3927 2455 3977 tua
2473 3920 2824 3976 distribuisti
2855 3943 2868 3975 :
2898 3920 2985 3975 sic
3018 3922 3352 3994 quoquead
3367 3924 3727 3996 sapientiam

2075 4009 2473 4070 mundanam,
2508 4009 2559 4063 si
2590 4025 2789 4064 rerum
2816 4009 3087 4065 notitiam
3121 4016 3223 4065 aut
3262 4010 3603 4069 facultatem
3643 4013 3729 4069 di-

2073 4097 2324 4151 cendies
2361 4097 2637 4168 adeptus,
2670 4098 2798 4152 haec
2827 4098 3107 4153 universa
3132 4099 3389 4170 abjicere
3415 4100 3621 4171 debes,
3658 4119 3728 4158 ac

2073 4199 2182 4255 pro
2248 4185 2432 4241 nihilo
2471 4186 2707 4255 ducere,
2754 4190 2816 4243 ut
2874 4186 2956 4242 ita
2998 4187 3195 4258 possis
3262 4204 3444 4260 super
3485 4190 3728 4247 stultitia

2074 4273 2516 4344 pradicationis
2532 4273 2981 4346 aadiﬁcari,quaa
3000 4274 3247 4347 quidem
3262 4277 3605 4347 praedicatio
3636 4283 3728 4334 est

2075 4376 2216 4418 vera
2234 4362 2551 4433 sapientia,
2589 4378 2800 4418 carens
2827 4368 3042 4422 ornatu
3074 4364 3416 4431 verborum,
3447 4366 3549 4422 sed
3579 4382 3727 4438 prae-

2072 4449 2199 4506 dita
2226 4451 2456 4517 virtute,
2490 4467 2595 4522 per
2620 4457 2891 4508 sanctam
2924 4468 3163 4508 crucem
3194 4459 3502 4525 operante.
3530 4456 3727 4514 Gloria

1995 4546 2042 4601 D
2073 4539 2567 4597 consubstantiali
2595 4540 2855 4596 Trinitati
2885 4541 2946 4596 in
2977 4542 3218 4597 saecula.
3242 4546 3452 4599 Amen.

2639 4664 2934 4722 HOMILIA
2959 4666 3147 4721 XVIII.

2070 4791 2155 4847 De
2167 4790 2446 4847 thesauro
2465 4789 2967 4864 Christianorum,
2985 4792 3490 4848 videticelChristo
3515 4799 3568 4849 et
3583 4793 3721 4864 Spi-

2140 4864 2501 4935 ritusanclo,
2536 4862 2926 4935 variis‘modis
2952 4870 3385 4931 exercenteeos,
3408 4865 3566 4921 utad
3584 4862 3719 4935 per-

2133 4932 2450 5002 fectionem
2476 4930 2851 5003 perveniant.

2135 5132 2174 5184 I.
2220 5129 2275 5185 Si
2325 5129 2460 5201 quis
2500 5128 2561 5184 in
2607 5128 2722 5184 hoc
2760 5130 2990 5185 mundo
3043 5130 3216 5187 valde
3255 5130 3574 5203 Opulentus
3623 5133 3716 5198 sit,

2062 5218 2561 5290 reconditumque
2618 5218 2965 5273 thesaurum
3028 5221 3355 5291 possideat,
3415 5237 3520 5292 per
3574 5238 3713 5278 eum

2063 5315 2243 5380 atque
2272 5308 2505 5363 divitias
2545 5308 2771 5372 omnia,
2804 5324 3178 5381 quaecunque
3216 5310 3474 5379 libuerit,
3507 5327 3717 5367 conse-

2063 5399 2264 5471 quitur
2300 5414 2313 5453 :
2343 5402 2401 5453 et
2428 5412 2820 5468 quascunque
2846 5397 3093 5453 voluerit
3120 5398 3182 5455 in
3216 5400 3445 5456 mundo
3480 5416 3713 5472 posses-

2063 5488 2281 5551 siones,
2311 5485 2540 5557 absque
2571 5486 2735 5541 omni
2765 5485 2991 5553 labore,
3033 5487 3313 5544 thesauro
3355 5504 3467 5544 suo
3505 5489 3709 5552 fretus,

2062 5573 2323 5631 corradit
2353 5590 2367 5643 ;
2401 5589 2473 5630 eo
2502 5573 2666 5646 quod
2693 5574 2824 5646 ejus
2844 5591 2959 5645 ope
2985 5591 3227 5632 omnem
3247 5577 3709 5648 possessionem,

2061 5677 2491 5737 quamcunque
2520 5662 2788 5730 voluerit,
2818 5662 2990 5721 facile
3029 5670 3448 5737 consequatur.
3485 5664 3577 5720 Sic
3607 5662 3711 5735 qui

2064 5754 2330 5827 primum
2361 5758 2418 5810 et
2446 5756 2582 5811 ante
2604 5752 2807 5811 omnia
2826 5759 3103 5825 quaerunt
3128 5769 3163 5815 a
3188 5753 3309 5818 Deo
3334 5752 3711 5817 etinveniunt
