4148 6262
497 266 604 323 635

1790 261 1848 318 S.
1892 262 2192 319 MACARII
2232 261 2535 319 IEGYPTII

3751 267 3861 325 636

496 409 565 449 ac
620 394 1070 463 consequuntur
1122 390 1420 445 caelestem
1468 388 1817 445 thesaurum
1874 388 2139 459 Spiritus,

2265 392 2479 461 σαυρόν,
2530 389 2685 441 αὑτὸν
2735 391 2821 442 τὸν
2881 391 3069 465 Κύριον
3121 390 3168 441 ἓν
3226 396 3340 452 ταῖς
3390 385 3635 463 καρδίαις
3692 391 3863 443 αῦτῶν

494 483 692 552 ipsum
721 481 943 535 scilicet
972 480 1311 543 Dominum,
1347 479 1404 533 in
1446 477 1730 533 cordibus
1768 476 2024 541 illorum,
2066 476 2147 532 illi

495 586 738 625 omnem
760 570 1048 638 justitiam
1090 568 1396 631 virtutum,
1430 582 1794 638 omnemque
1820 566 2148 636 possessio-

496 674 638 714 nem
686 658 971 713 bonitatis
1019 661 1455 728 praeceptorum
1527 655 1781 723 Domini,
1810 671 1922 726 ope
1988 654 2145 709 illius

494 747 897 818 thesauri,qui
930 746 1108 800 hieret
1137 746 1195 799 in
1227 744 1311 799 eis
1337 744 1592 811 Christo,
1619 745 2147 815 perﬁciunt,atque

496 837 625 907 ejus
678 851 791 906 ope
835 834 1103 890 caelestes
1148 833 1383 888 divitias
1424 832 1827 888 accumulant.
1860 833 2146 888 Thesauri

496 925 654 980 enim
684 924 937 979 ccelestis
976 923 1269 978 beneﬁcio
1300 938 1543 977 omnem
1577 923 1850 977 virtutem
1879 921 2143 992 justitiaa,

499 1014 631 1069 freti
663 1014 835 1084 copia
852 1013 1189 1067 divitiarum
1220 1012 1617 1082 spiritualium
1646 1028 1781 1082 quae
1812 1017 1951 1065 sunt
1973 1012 2031 1066 in
2054 1011 2143 1080 iis,

499 1109 845 1175 operantur,
877 1102 1163 1172 nulloque
1204 1101 1444 1170 negotio
1484 1117 1728 1155 omnem
1756 1101 2046 1170 justitiam
2077 1116 2147 1155 ac

497 1193 855 1247 mandatum
886 1191 1138 1255 Domini,
1156 1190 1547 1245 invisibilium
1563 1190 1904 1244 divitiarum
1922 1190 2142 1258 gratiae,

493 1297 629 1353 quae
656 1287 742 1333 est
767 1281 823 1334 in
850 1279 1015 1350 ipsis,
1039 1296 1175 1349 ope,
1211 1279 1404 1349 reipsa
1440 1283 1757 1348 peragunt.
1791 1279 2138 1349 lnquitvero

496 1370 878 1440 elApostolus
900 1384 1168 1439 quoque:
1200 1368 1492 1423 Habentes
1522 1368 2060 1423 thesaurume
2083 1369 2146 1421 in

498 1460 656 1516 vasis
682 1458 957 1527 ﬁctilibus
984 1460 1050 1526 9°,
1069 1458 1182 1511 hoc
1204 1462 1529 1527 est,quem,
1548 1457 1651 1528 qui
1674 1456 1731 1510 in
1758 1457 2147 1512 carneadhuc

494 1554 650 1613 sunt,
685 1548 973 1617 consequi
1005 1546 1167 1615 digni
1199 1546 1382 1600 habiti
1425 1551 1580 1609 sunt,
1617 1547 1889 1600 virtutem
1926 1546 2146 1600 scilicet

492 1637 744 1708 Spiritus
777 1636 1311 1690 sanctiﬁcatricem.
1333 1637 1396 1687 Et
1419 1651 1624 1689 rursus
1661 1651 1671 1687 :
1705 1634 1816 1700 Qui
1834 1635 2146 1702 factusno-

2262 476 2602 550 ἐλλάμποντα,
2658 484 2830 533 πᾶσαν
2887 476 3231 537 δικαιοσύνην
3291 478 3503 554 ἀρετῶν,
3551 484 3640 533 καὶ
3687 485 3863 532 πᾶσαν

2263 576 2449 627 κτῆσιν
2496 568 2823 639 ἀναϐάτητος
2869 578 2967 621 τῶν
3000 569 3208 622 ἐντολῶν
3256 578 3347 622 τοῦ
3408 573 3625 643 Κυρίου,
3659 572 3713 622 ἓκ
3772 576 3866 622 τοῦ

2264 659 2535 730 θησαυροῦ
2580 666 2668 710 τοῦ
2727 658 2774 710 ἐν
2825 663 3003 721 αὐτοῖς
3059 663 3197 720 ὄντος
3251 666 3488 733 Χριστοῦ
3545 658 3865 724 ἐπιτελοῦσι,

2260 751 2348 799 καὶ
2416 744 2488 799 δι’
2557 748 2716 801 αὑτοῦ
2778 748 2986 801 πλείονα
3046 749 3263 802 πλοῦτον
3351 748 3587 822 οὐράνιον
3654 747 3868 801 ἐπισυν-

2262 838 2474 906 άγουσι.
2547 840 2641 889 Διά
2688 840 2788 911 γὰρ
2846 845 2937 890 τοῦ
2999 839 3306 912 ἐπουρανίου
3365 840 3634 910 θησαυροῦ
3689 844 3868 890 πᾶσαν

2261 924 2447 1000 ἀρετὴν
2511 922 2851 987 δικαιοσύνης
2917 930 3345 1003 κατεργάζονται,
3420 929 3717 989 πεποιθότες
3783 926 3869 979 ἐπὶ

2258 1035 2331 1086 τῳ
2388 1015 2574 1073 πλήθει
2621 1022 2713 1066 τοῦ
2758 1015 2805 1067 ἐν
2857 1016 3031 1077 αὐτοῖς
3076 1017 3300 1069 πλούτου
3349 1024 3717 1088 πνευματικοῦ,
3776 1020 3869 1067 καὶ

2261 1104 2478 1165 εύκόλως
2532 1110 2705 1156 πᾶσαν
2755 1102 3097 1163 δικαιοσύνην
3143 1111 3234 1157 καὶ
3276 1106 3481 1163 ἐντολὴν
3531 1112 3619 1158 τοῦ
3669 1106 3866 1178 Κυρίου

2262 1189 2354 1244 διὰ
2383 1200 2475 1245 τοῦ
2523 1192 2745 1265 ἀοράτου
2777 1203 2871 1255 τῆς
2900 1198 3122 1270 χάριτος
3154 1198 3202 1247 ἐν
3234 1195 3407 1255 αὑτοῖς
3446 1194 3671 1247 πλούτου
3708 1195 3869 1269 ἐργά-

2259 1283 2457 1342 ζονται.
2518 1287 2655 1340 Φησὶ
2704 1279 2763 1335 δὲ
2811 1288 2900 1336 καὶ
2943 1286 2969 1335 ὁ
3016 1283 3336 1346 Ἀπόστολος
3369 1304 3381 1317 ο
3416 1282 3718 1356 Ἔχοντες
3762 1286 3867 1335 τὸν

2259 1374 2592 1446 θησαυρὸν
2650 1381 2881 1426 τοῦτον
2948 1373 3004 1425 ἐν
3062 1373 3487 1446 ὀστρακίνοις
3574 1374 3865 1435 σκεύεσι,

2258 1466 2543 1531 τουτέστιν,
2570 1463 2622 1515 ὃν
2656 1462 2701 1515 ἐν
2746 1467 2901 1536 σαρκὶ
2941 1466 3077 1524 ὅντες
3116 1464 3422 1520 κτήσασθαι
3459 1460 3507 1513 ἐν
3540 1463 3717 1522 αὑτοῖς
3740 1480 3866 1513 κατ-

2258 1549 2585 1615 ηξιώθησαν,
2606 1556 2701 1610 τὴν
2745 1551 3059 1622 ἀγιαστικὴν
3109 1547 3331 1622 δύναμιν
3380 1559 3472 1603 τοῦ
3532 1552 3864 1621 Πνεύματος·

2255 1639 2543 1693 καὶπάλιν.
2594 1638 2696 1701 ’⁷ος
2760 1641 3029 1711 ἓγενήθη
3100 1640 3251 1712 ἡμῖν
3316 1643 3512 1711 σοφία
3577 1629 3866 1691 ἀποτοῦ

498 1726 584 1781 bis
606 1732 690 1782 est
720 1740 754 1781 a
784 1728 899 1782 Deo
925 1724 1242 1793 sapientia,
1266 1724 1527 1793 justitia,
1561 1724 1955 1792 sanctiﬁcatio
1978 1731 2031 1779 et
2058 1739 2139 1780 re-

2258 1735 2438 1791 Θεοῦ,
2484 1726 2881 1787 δικαιοσύνη
2924 1748 2991 1781 τε
3041 1733 3153 1787 καὶ
3176 1728 3521 1801 ἁγιασμὸς,
3564 1731 3671 1779 καὶ
3708 1726 3867 1779 ἀπο-

495 1814 751 1883 demptio
774 1815 843 1871 ⁹¹.

566 1939 629 1993 ΙΙ.
665 1938 1015 2009 Quicunque
1046 1938 1222 2007 igitur
1248 1937 1463 2007 reperit
1498 1953 1567 1992 ac
1594 1936 1857 2007 possidet
1887 1937 2047 2008 apud
2083 1954 2143 1993 se

492 2027 791 2083 caelestem
837 2027 997 2081 hanc
1044 2027 1392 2081 thesaurum
1444 2026 1719 2097 Spiritus,
1758 2026 1851 2081 ille
1901 2042 2145 2082 omnem

485 2115 780 2186 justitiam
824 2120 1276 2185 praeceptorum,
1331 2130 1399 2169 ac
1440 2130 1682 2169 omnem
1731 2117 2143 2186 operationem

494 2206 795 2269 virtutum,
840 2205 1066 2276 absque
1090 2205 1253 2258 omni
1291 2204 1756 2273 reprehensione
1792 2210 1845 2259 et
1883 2204 2141 2270 macula,

491 2295 620 2365 ejus
651 2311 764 2365 ope
796 2296 1047 2365 peragit,
1076 2299 1131 2348 et
1159 2292 1403 2364 quidem
1421 2292 1583 2347 nullo
1616 2294 1874 2361 negotio,
1901 2309 2007 2347 nec
2026 2294 2144 2349 ulla

490 2385 569 2438 vi.
605 2384 998 2439 Obsecremus
1024 2383 1198 2452 igitur
1230 2397 1338 2436 nos
1369 2398 1612 2453 quoque
1647 2383 1852 2446 Deum,
1886 2382 2139 2453 postule-

494 2488 630 2526 mus
662 2488 731 2526 ac
771 2471 1158 2542 deprecemur
1189 2487 1349 2536 eum,
1385 2474 1446 2524 ut
1492 2470 1839 2525 thesaurum
1894 2470 2143 2540 Spiritus

492 2560 581 2613 sui
616 2559 789 2613 nobis
820 2559 1122 2627 largiatur,
1171 2564 1227 2611 ut
1257 2560 1367 2612 hoc
1399 2557 1579 2612 modo
1607 2561 1665 2611 in
1693 2558 1992 2613 mandatis
2014 2558 2143 2629 ejus

492 2648 776 2703 omnibus
806 2648 932 2701 sine
964 2646 1421 2716 reprehensione
1453 2651 1508 2700 et
1541 2646 1777 2701 macula
1810 2649 2054 2712 versari,
2089 2651 2145 2702 et

492 2753 734 2792 omnem
775 2736 1068 2806 justitiam
1114 2735 1361 2805 Spiritus
1413 2751 1556 2805 pure
1590 2751 1657 2789 ac
1687 2735 1944 2806 perfecte
1977 2751 2135 2791 com-

488 2826 671 2897 plere,
705 2825 957 2880 caelestis
990 2824 1270 2887 thesauri,
1300 2824 1511 2895 quiest
1544 2825 1824 2888 Christus,
1854 2824 2143 2879 beneﬁcio

495 2915 814 2986 possimus.
848 2917 1078 2984 Pauper
1108 2913 1265 2967 enim
1298 2928 1367 2967 ac
1403 2912 1809 2980 mendicus,et
1852 2914 1951 2985 qui
1986 2913 2144 2968 fame

489 3003 739 3063 labarat,
772 3002 832 3057 in
866 3002 1092 3057 mundo
1110 3000 1252 3055 nihil
1282 3006 1473 3071 potest
1494 3016 1866 3071 comparare,
1895 3019 2144 3074 pauper-

2254 1817 2589 1889 λύτρωσις.

2328 1942 2397 1995 Β¹.
2430 1943 2488 1995 Ὀ
2533 1940 2618 1995 οὑν
2662 1944 2820 2017 εὑρὼν
2867 1948 2956 1995 καὶ
3001 1946 3135 2015 ἔχων
3187 1945 3233 1995 ἐν
3279 1942 3443 2011 ἐαυτῷ
3498 1945 3597 1995 τὸ.
3643 1940 3865 2016 ἕκηυρά-

2254 2052 2358 2085 νιον
2416 2041 2506 2084 τοῦ
2571 2035 2866 2105 Πνεύματος
2920 2034 3206 2105 θησαυρὸν,
3270 2038 3445 2085 πᾶσαν
3514 2028 3864 2093 δικαιοσύιηυ

2254 2123 2483 2187 ἐντολῶν,
2543 2127 2627 2175 καὶ
2682 2128 2856 2174 πᾶσαν
2916 2121 3163 2194 ἐργασίαν
3226 2120 3435 2195 ἀρετῶν,
3491 2120 3714 2194 ἀμῶμως
3766 2126 3860 2172 καὶ

2255 2213 2495 2283 καθαρῶς
2550 2210 2598 2262 ἐν
2646 2214 2811 2281 τούτῳ
2877 2211 3273 2283 κατεργάζεται,
3345 2210 3605 2272 ἀϐιάστως
3671 2209 3857 2261 λοιπὸν

2253 2306 2342 2352 καὶ
2407 2299 2645 2361 εύκὸλως.
2716 2300 3160 2371 Παρακαλέσωμεν
3228 2296 3314 2353 οὖν
3393 2304 3483 2352 καὶ
3564 2301 3708 2371 ἡμεῖς
3771 2302 3859 2350 τὸν

2255 2395 2403 2455 Θεὸν,
2463 2394 2553 2441 καὶ
2626 2391 2992 2462 ἐκζητήσωμεν
3048 2394 3137 2441 καὶ
3207 2387 3471 2461 δεηθῶμεν
3544 2390 3727 2457 αὑτοῦ,
3776 2387 3864 2440 ἱνα

2253 2484 2339 2532 τὸν
2369 2482 2632 2553 θησαυρὸν
2666 2488 2754 2531 τοῦ
2798 2482 3097 2551 Πνεύματος
3150 2482 3309 2531 αὑτοῦ
3365 2483 3664 2551 χαρίσηται
3712 2481 3858 2550 ἡμῖν,

2253 2574 2341 2621 καὶ
2399 2570 2562 2630 οὑτως
2620 2567 2667 2619 ἐν
2724 2575 2835 2628 ταῖς
2888 2568 3110 2628 ἐντολαῖς
3161 2568 3321 2621 αὑτοῦ
3377 2572 3577 2629 πάσαις
3637 2566 3862 2639 ἀμωμως

2253 2664 2342 2710 καὶ
2413 2660 2653 2732 καθαρῶς
2738 2656 3131 2730 ἀναστραφῆναι
3206 2654 3530 2728 δυνηθῶμεν,
3598 2661 3686 2708 καὶ
3763 2660 3859 2713 τὴν

2255 2745 2597 2804 δικαιοσύνην
2644 2754 2735 2799 τοῦ
2786 2749 3082 2818 Πνεύματος
3133 2753 3308 2798 πᾶσαν
3364 2749 3605 2817 καθαρῶς
3642 2751 3727 2797 καὶ
3776 2765 3856 2797 τε·

2252 2836 2393 2896 λείως
2452 2835 2851 2907 ἀποπληρῶσαι,
2908 2831 3001 2886 διὰ
3051 2842 3140 2886 τοῦ
3198 2838 3504 2908 ἐπουρανίου
3564 2836 3848 2904 θησαυροῦ,

2254 2926 2308 2985 ὅς
2338 2925 2451 2976 ἐστι
2482 2930 2731 2999 Χριστός.
2765 2923 2824 2975 Ὀ
2854 2926 2954 2996 γὰρ
2982 2928 3137 2986 πένης
3174 2928 3261 2975 καὶ
3296 2927 3507 2995 πτωχὸς
3537 2927 3621 2975 καὶ
3657 2922 3850 2994 λιμώτ-

2252 3034 2372 3079 των,
2405 3013 2453 3065 ἐν
2492 3019 2673 3086 κόσμῳ
2712 3010 2863 3066 οὐδὲν
2912 3010 3134 3066 δύναται
3167 3015 3489 3077 κτήσασθαι,
3541 3020 3633 3073 τῆς
3678 3016 3855 3073 πενίας

492 3096 606 3147 tate
630 3108 766 3147 eum
800 3096 1122 3163 premente.
1163 3091 1271 3155 Qui
1297 3106 1437 3146 vero
1465 3090 1815 3146 thesaurum
1850 3093 2136 3162 possidet,

2254 3104 2406 3156 αὑτὸν
2439 3106 2786 3175 συνεχούσης.
2843 3101 2902 3155 Ὀ
2944 3098 3003 3154 δε
3056 3106 3192 3175 ἔχων
3227 3104 3510 3177 θησαυρὸν,
3570 3104 3638 3164 ὡς
3689 3105 3861 3175 προεί-

493 3187 554 3237 ut
583 3182 933 3251 praedictum
962 3180 1080 3250 78
1107 3179 1458 3250 est,absque
1486 3180 1906 3247 omninegotio
1928 3186 1982 3235 et
2018 3197 2141 3238 mo-

490 3271 678 3334 lestia,
718 3284 1112 3341 quascunque
1151 3268 1442 3338 exoptarit
1480 3270 1903 3338 possessiones,
1940 3286 2144 3325 conse-

491 3360 692 3430 quitur
721 3376 733 3412 :
765 3358 846 3412 sic
867 3372 1107 3427 quoque
1130 3358 1332 3411 anima
1364 3356 1545 3424 nuda,
1562 3371 1631 3410 ac
1662 3358 1939 3412 societate
1968 3359 2141 3425 Spiri-

493 3452 586 3502 tus
624 3447 923 3509 destituta,
957 3451 1012 3499 et
1050 3444 1127 3498 ad
1179 3446 1392 3499 duram
1453 3450 1865 3515 paupertatem
1914 3449 2141 3518 peccati

491 3536 755 3598 redacta,
786 3534 1015 3588 nullum
1060 3539 1271 3603 potest,
1300 3538 1667 3604 Quantopere
1710 3534 1981 3604 voluerit,
2013 3536 2143 3608 Spi-

489 3626 635 3678 ritus
668 3623 906 3693 justitiae
938 3622 1191 3676 fructum
1219 3637 1424 3675 revera
1448 3622 2140 3695 producere,antequam

498 3713 750 3783 Spiritus
783 3711 1077 3781 particeps
1110 3711 1265 3765 facta
1286 3710 1376 3765 sit.

562 3836 654 3891 Ill.
684 3838 1103 3892 Verumtamen
1137 3835 1193 3890 vi
1220 3834 1484 3906 quadam
1544 3851 1604 3890 se
1626 3852 1927 3908 quemque
1972 3854 2138 3893 com-

486 3927 704 4000 pellere
764 3931 1016 3997 oportet,
1045 3925 1118 3980 ad
1180 3924 1512 3994 rogandum
1574 3926 1778 3989 Deum,
1814 3932 1874 3980 ut
1918 3926 2137 3996 dignus

482 4017 799 4088 judicetur,
842 4015 945 4085 qui
999 4018 1402 4085 consequatur
1440 4018 1493 4066 et
1546 4013 1808 4069 inveniat
1835 4015 2135 4071 cmlestem

485 4106 838 4162 thesaurum
864 4104 1131 4175 Spiritus,
1159 4119 1226 4157 ac
1243 4101 1667 4174 possitabsque
1681 4104 1843 4158 omni
1866 4103 2137 4161 molestia

486 4201 543 4250 et
564 4195 769 4250 labore
798 4194 1075 4264 perﬁcere
1102 4193 1307 4247 omnia
1339 4199 1636 4263 praecepta
1669 4193 1922 4255 Domini,
1968 4209 2137 4264 pure-

486 4300 556 4340 ac
611 4285 735 4339 sine
778 4282 1261 4353 reprehensione,
1295 4296 1429 4352 quae
1465 4282 1651 4352 prius,
1684 4297 1757 4336 ne
1788 4282 1841 4335 vi
1889 4283 2134 4354 quidem

486 4373 779 4443 adhibita,
812 4388 929 4427 non
962 4376 1190 4443 poterat
1222 4381 1373 4425 recte
1396 4371 1696 4440 perﬁcere.
1717 4374 1945 4442 Pauper
1974 4372 2129 4426 enim

485 4478 623 4517 cum
653 4467 805 4516 esset
845 4466 900 4516 et
930 4461 1149 4528 nudus,
1177 4476 1243 4514 ac
1278 4460 1555 4514 societate
1599 4460 1847 4529 Spiritus
1886 4460 2131 4514 destitu-
2168 4450 2211 4505 ί)

488 4557 579 4607 tus
609 4568 751 4623 ,qua
800 4551 1027 4606 ratione
1058 4550 1216 4605 bona
1269 4553 1395 4603 haec
1454 4548 1787 4619 spiritualia
1846 4550 2131 4621 consequi

485 4642 694 4713 potuit,
720 4641 947 4712 absque
988 4640 1266 4694 thesauro
1306 4645 1360 4692 et
1400 4638 1805 4709 spiritualibus
1844 4638 2067 4692 divitiis
2106 4640 2133 4694 ?

486 4734 698 4786 Verum
728 4731 1095 4799 anmia,qute
1122 4730 1459 4789 Dominum,
1485 4743 1590 4798 per
1618 4727 2129 4797 investigationem

488 4820 758 4890 Spiritus,
776 4818 953 4871 ﬁdem
978 4832 1037 4870 re
1054 4815 1299 4869 multam
1316 4816 1899 4885 patientiam,verum
1915 4832 2131 4887 nempe

487 4908 833 4963 thesaurum
895 4906 1127 4976 reperit,
1174 4904 1394 4957 fructus
1446 4903 1699 4973 Spiritus
1746 4904 2039 4973 producit,
2069 4912 2133 4960 ut

481 4998 709 5051 dictum
738 5002 843 5057 est,
882 4994 1111 5065 absque
1138 4992 1301 5046 omni
1334 4992 1553 5057 labore,
1588 4995 2132 5065 omnemquejusti-

483 5088 649 5149 tiam,
677 5101 743 5140 ac
770 5086 1066 5155 praecepta
1092 5080 1342 5144 Domini,
1376 5097 1510 5152 quae
1536 5082 1782 5152 Spiritus
1800 5083 2128 5149 mandavit,

480 5176 539 5229 in
600 5190 680 5237 se,
711 5177 766 5227 et
787 5187 893 5242 per
936 5186 1015 5235 se,
1050 5186 1197 5242 pure
1224 5176 1279 5225 et
1302 5172 1546 5241 integre,
1573 5176 1626 5225 et
1653 5170 1780 5225 sine
1809 5172 2126 5242 reprehen-

485 5264 651 5318 sione
678 5260 924 5333 perﬁcit.

553 5370 640 5423 IV.
667 5370 778 5423 Aut
831 5383 1040 5421 rursus
1081 5366 1196 5421 alio
1225 5370 1462 5421 utamur
1502 5366 1797 5438 exemplo.
1829 5367 2132 5432 Quemad-

484 5459 737 5516 modum
761 5457 809 5512 si
839 5456 913 5512 sit
940 5455 1156 5528 aliquis
1185 5455 1367 5520 dives,
1397 5454 1495 5526 qui
1521 5471 1657 5510 cum
1672 5472 1907 5511 coenam
1931 5457 2133 5528 exqui-

552 5674 602 5713 9°
633 5673 681 5730 ll
708 5674 837 5730 Cor.
871 5676 946 5743 iv,
976 5673 1029 5727 6.
1110 5672 1150 5707 ⁹¹
1188 5671 1208 5726 1
1241 5670 1369 5727 Cor.
1401 5685 1440 5740 1,
1471 5668 1558 5725 30.

2251 3213 2429 3268 ρηται,
2458 3193 2707 3264 εὐχερῶς,
2736 3192 2820 3244 οἷα
2865 3189 3105 3264 βούλεται
3148 3197 3413 3263 κτήματα,
3444 3196 3534 3244 καὶ
3582 3188 3862 3253 ἀνωδύνως

2251 3289 2459 3335 κτᾶται.
2508 3281 2680 3341 Ούτως
2727 3286 2814 3333 καὶ
2861 3280 3015 3353 ψυχὴ
3067 3283 3097 3339 ἡ
3147 3285 3317 3353 γυμνὴ
3372 3285 3461 3332 καὶ
3510 3283 3698 3355 ἔρημος
3756 3279 3859 3332 ἀπὸ

2251 3377 2515 3431 κοινωνίας
2574 3373 2882 3442 Πνεύματος,
2930 3374 3015 3421 καὶ
3065 3371 3163 3422 ὑπὸ
3214 3374 3306 3427 τὴν
3366 3366 3539 3428 δεινὴν
3589 3374 3859 3441 πτωχείαν

2251 3470 2341 3521 τῆς
2406 3460 2667 3532 ἁμαρτίας
2726 3456 2878 3525 οὖσα,
2932 3456 3080 3511 οῦδὲν
3132 3456 3375 3525 δύναται,
3441 3460 3537 3510 κᾶν
3603 3458 3716 3531 θέλῃ
3769 3462 3859 3511 τὸν

2250 3554 2447 3625 καρπὸν
2495 3556 2586 3601 τοῦ
2638 3550 2931 3619 Πνεύματος
2984 3557 3077 3609 τῆς
3127 3544 3470 3609 δικαιοσύνης
3514 3548 3569 3611 ἐξ
3619 3547 3861 3609 ἀληθείας

2252 3647 2493 3705 ποιῆσαι,
2527 3641 2624 3711 πρὸ
2652 3645 2741 3697 τῆς
2769 3636 3097 3710 μεταληψεως
3126 3645 3216 3690 τοῦ
3248 3640 3566 3709 Πνεύματος.

2321 3834 2394 3887 Γ’.
2426 3834 2601 3907 Ὀμως
2649 3833 2929 3907 βιάζεσθαι
2973 3839 3082 3908 χρὴ
3138 3837 3355 3886 ἕκαστον
3408 3834 3588 3887 ἑαυτὸν
3640 3834 3710 3895 εἰς
3760 3838 3856 3891 τὴν

2249 3927 2461 3982 αἱτησιν
2500 3932 2591 3976 τοῦ
2635 3929 2848 3998 Κυρίου,
2887 3925 2970 3976 ἱνα
3006 3923 3300 3996 καταξιωθῇ
3330 3922 3522 3990 λαϐεῖν,
3560 3928 3648 3975 καὶ
3690 3924 3855 3996 εὑρεῖν

2247 4017 2333 4066 τὸν
2382 4013 2684 4087 ἐπουράνιον
2731 4021 2823 4066 τοῦ
2866 4017 3154 4083 Πνεύματος
3200 4015 3484 4087 θησαυρὸν,
3540 4014 3675 4065 ὥστε
3725 4011 3853 4064 ἀκο-

2247 4105 2483 4163 πιάστως
2520 4108 2609 4154 καὶ
2660 4102 2889 4177 εὐχερῶς
2929 4099 3222 4160 δυνηθῆναι
3252 4109 3475 4160 ποιῆσαι
3528 4103 3699 4161 πάσας
3758 4104 3855 4163 τὰς

2247 4190 2449 4253 ἐντολὰς
2497 4198 2589 4244 τοῦ
2640 4196 2854 4264 Κυρίου,
2903 4191 3131 4263 ἀμώμως
3185 4196 3274 4244 καὶ
3325 4193 3583 4264 καθαρῶς,
3629 4190 3686 4251 οἷς
3729 4195 3852 4263 πρὶν

2246 4285 2376 4353 μετὰ
2414 4279 2535 4355 βίας
2577 4281 2672 4333 ούκ
2730 4278 2955 4339 ἠδύνατο
3008 4282 3361 4352 κατορθῶσαι.
3406 4284 3565 4340 Πένης
3615 4282 3716 4353 γὰρ
3760 4283 3851 4333 καὶ

2244 4374 2440 4442 γυμνὸς
2503 4374 2603 4423 ἀπὸ
2680 4374 2945 4431 κοινωνίας
3004 4372 3298 4442 Ιινεύματος
3382 4370 3658 4441 ὑπάρχων,
3739 4376 3852 4431 πῶς

2245 4457 2475 4517 ἠδύνατο
2541 4468 2759 4512 τοιαῦτα
2824 4462 3150 4531 πνευματικά
3214 4463 3459 4529 κτήματα
3521 4459 3845 4528 κτήσασθαι,

2244 4550 2361 4601 ἄνευ
2391 4552 2660 4622 θησαυροῦ
2694 4554 2779 4602 καὶ
2807 4549 3031 4601 πλούτου
3058 4556 3409 4620 πνευματικοῦ
3437 4564 3449 4613 ;
3495 4547 3553 4599 Ἡ
3587 4544 3645 4600 δὲ
3673 4550 3849 4618 εὑροῦ-

2246 4658 2313 4691 σα
2337 4639 2490 4711 ψυχὴ
2524 4641 2606 4690 τὸν
2642 4641 2849 4711 Κύριον,
2878 4635 2969 4691 διὰ
3001 4641 3268 4699 ζητήσεως
3298 4640 3616 4709 Πνεύματος,
3648 4641 3736 4689 καὶ
3765 4640 3852 4688 πί-

2244 4748 2400 4788 στεως
2424 4733 2507 4780 καὶ
2557 4730 2819 4800 ὑπομονῆς
2869 4727 3080 4791 πολλῆς,
3113 4732 3200 4778 τὸν
3260 4725 3502 4784 ἀληθινὸν
3557 4728 3847 4799 θησαυρὸν,

2242 4821 2356 4877 τούς
2435 4821 2666 4889 καρπούς
2746 4824 2835 4868 τοῦ
2904 4819 3199 4887 Πνεύματος
3285 4816 3683 4889 κατεργάζεται,
3780 4816 3852 4875 ὡς

2240 4911 2563 4981 προείρηται,
2619 4910 2868 4979 εὐχερῶς,
2932 4908 3105 4957 πᾶσάν
3149 4923 3203 4956 τε
3254 4900 3565 4961 δικαιοσύνη
3630 4908 3720 4957 καὶ
3772 4906 3850 4955 ἓν·

2242 4995 2395 5056 τολάς
2424 5002 2515 5046 τοῦ
2568 5000 2783 5069 Κυρίου,
2826 4996 2886 5055 οἷς
2942 4993 3217 5045 ἐνετείλατο
3263 4997 3320 5045 τὸ
3350 5000 3559 5065 Πνεῦμα
3585 4992 3633 5044 ἒν
3689 4992 3847 5065 αὐτῇ,

2242 5088 2331 5135 καὶ
2390 5080 2463 5135 δι’
2508 5083 2672 5144 αύτής
2723 5089 2860 5135 ποιεῖ
2916 5084 3160 5157 καθαρῶς
3201 5087 3291 5135 καὶ
3322 5082 3520 5142 τελείως
3567 5086 3655 5134 καὶ
3700 5080 3850 5153 ἀμῶ-

2242 5192 2372 5247 μως-

2315 5366 2384 5421 A’.
2418 5365 2486 5419 ’11
2513 5366 2665 5419 πάλιν
2720 5369 2870 5439 ἑτέρῳ
2913 5364 3261 5441 ὑποδείγματι
3308 5368 3657 5440 χρησώμεθα.
3708 5364 3849 5418 Ὠσ-

2242 5476 2333 5533 περ
2401 5455 2485 5509 ἐάν
2539 5475 2619 5517 τις
2749 5456 3000 5519 πλούσιος
3047 5462 3137 5510 καὶ
3188 5460 3386 5529 ποιήσῃ
3441 5452 3647 5509 δεῖπνον
3689 5454 3850 5507 πολυ-
