4148 6262
295 262 405 319 637

1620 256 1957 314 HOMILIIE.
1997 288 2065 298 —
2109 256 2282 313 HOM.
2325 256 2523 313 XVIII.

3559 261 3664 317 638

296 387 451 450 τελες,
511 386 567 437 ἐκ
624 391 716 437 τοῦ
772 383 997 436 πλούτου
1048 382 1203 436 αὐτοῦ
1259 387 1351 436 καὶ
1427 386 1699 455 θησαυροῦ
1739 383 1894 456 οὗπερ

2019 382 2308 438 sitissimis
2344 384 2524 438 rebus
2559 383 2916 441 instructam
2973 389 3291 457 praeparet,
3319 401 3391 442 ex
3442 386 3663 442 divitiis

297 476 433 546 ἔχει,
465 472 754 538 ἀναλίσκει,
786 479 875 526 xui
926 473 985 524 οὐ
1038 470 1267 543 δέδοικε,
1327 477 1397 544 μή
1458 492 1595 534 τινος
1628 472 1769 542 αύτῷ
1827 470 1900 523 ἐν·

298 559 481 621 δεήσει
519 563 739 616 πλοῦτον
804 566 983 634 ἔχοντι
1039 567 1201 633 μέγαν
1235 578 1249 593 ⁸

297 657 417 715 τοὺς
468 648 790 723 δαιτυμονας
844 650 1134 712 πολυτελῶς
1190 656 1279 703 καὶ
1311 650 1558 725 λαμπρῶς
1612 653 1727 710 τοὺς
1780 649 1903 706 κλη-

1292 568 1381 614 xui
1418 562 1582 623 οὕτως
1640 561 1899 636 εῦφράινει

304 743 480 802 θέντας
535 742 623 793 ὑπ’
668 740 850 807 αὐτοῦ,
923 737 1153 814 διάφορα
1206 744 1296 791 xu'i
1347 744 1622 822 καινότερα
1650 738 1899 812 παρέχων

303 830 479 892 αὐτοῖς
535 827 820 901 ἐδέσματα.
861 827 919 881 Ὀ
978 825 1036 879 δὲ
1089 832 1247 888 πένης
1284 832 1373 880 καὶ
1428 826 1603 887 ἐνδεὴς
1646 826 1896 894 πλούτου,

302 918 384 971 ἐὰν
417 918 651 992 βουληθῇ
688 916 894 971 δεῖπνον
925 921 1323 971 κατασκευάσαι
1354 924 1471 984 τινὶ,
1510 921 1683 971 πάντα
1706 923 1898 990 κιχρᾶ-

302 1028 408 1076 ται,
440 1014 528 1061 καὶ
560 1009 696 1061 αύτά
747 1011 813 1060 τὰ
854 1010 1037 1072 σκεύη,
1069 1012 1157 1060 καὶ
1185 1010 1388 1080 ἱμάτια,
1434 1012 1524 1059 καὶ
1562 1007 1693 1058 ἄλλα
1731 1004 1846 1063 εἴδη
1884 1025 1895 1037 ·

300 1102 388 1149 xui
420 1097 510 1150 εἶθ’
566 1098 728 1159 οὕτως
796 1099 927 1169 μετά
993 1101 1049 1149 τό
1108 1094 1393 1155 δειπνῆσαι
1442 1100 1562 1157 τοὺς
1601 1096 1897 1159 κληθέντας,

302 1189 366 1248 ὡς
424 1195 470 1239 εν
526 1185 721 1258 δείπνῳ
760 1190 998 1252 πένητος,
1051 1185 1266 1260 ὕστερον
1320 1186 1392 1238 ἐνὶ
1440 1185 1643 1256 ἑκάστῳ
1710 1180 1903 1235 ἀποδί-

304 1273 488 1345 δωσιν,
545 1276 657 1329 ὃθεν
717 1279 987 1348 ἐχρήσατο
1043 1284 1222 1335 σκεῦος
1269 1274 1548 1347 ἀργυροῦν,
1589 1278 1619 1331 ἦ
1674 1275 1899 1345 ἱμάτιον,

304 1369 334 1423 ἤ
377 1368 541 1441 ἕτερον
572 1362 713 1428 εἶδος
742 1383 754 1395 ⁸
796 1370 887 1417 καὶ
940 1364 1098 1425 οὕτως
1128 1365 1327 1434 ἑκάστῳ
1385 1360 1742 1415 ἀποδοθέντων
1772 1364 1905 1415 πάν-

304 1473 426 1519 των,
485 1454 641 1515 αὐτὸς
709 1458 863 1515 πένης
912 1458 1001 1505 καὶ
1072 1455 1267 1524 γυμνὸς
1337 1454 1600 1523 ἀπομένει,
1642 1456 1713 1524 μὴ
1766 1452 1903 1523 ἔχων

304 1538 443 1594 ἴδιον
473 1542 693 1594 πλοῦτον
721 1542 773 1603 ἐξ
802 1541 862 1594 οὗ
901 1541 1273 1615 εὐφραίνεσθαι
1304 1536 1545 1595 δύναται.

378 1861 452 1916 Ε’.
495 1861 674 1923 Οὕτως
717 1881 807 1912 και
857 1862 907 1913 οἱ
936 1860 1179 1913 πλούσιοι
1225 1880 1297 1932 τῳ
1338 1861 1599 1933 Πνεύματι
1641 1866 1710 1929 τῷ
1746 1859 1899 1930 ἁγίῳ,

310 1953 520 2022 ἔχοντες
565 1953 650 2002 τόν
704 1950 923 2001 πλοῦτον
956 1953 1043 2002 τόν
1088 1949 1395 2022 ἐπουράνιον
1447 1948 1495 2000 ἐν
1550 1946 1781 2020 ἀληθείᾳ,
1818 1951 1908 1999 καὶ

311 2044 577 2091 κοινωνίαν
639 2041 935 2110 Πνεύματος
1000 2040 1048 2090 ἓν
1093 2039 1294 2103 αὐτοῖς,
1368 2036 1492 2090 ἐπάν
1548 2056 1663 2089 τισι
1711 2035 1909 2096 λαλῶσι

309 2132 396 2181 τόν
436 2129 587 2199 λόγον
619 2135 712 2190 τῆς
746 2127 1009 2191 ἀληθείας,
1062 2130 1150 2178 καὶ
1189 2125 1313 2178 ἐπάν
1360 2146 1472 2178 τισι
1508 2134 1794 2178 κοινωνῶσι
1823 2124 1909 2176 λό-

307 2238 397 2289 γον
446 2221 814 2290 πνευματικόν,
895 2222 985 2268 xui
1044 2216 1289 2291 εὐφρᾶναι
1350 2214 1533 2287 ψυχὰς
1599 2214 1905 2279 θελήσωσιν,

309 2306 362 2359 ἐκ
392 2315 483 2360 τοῦ
525 2304 664 2359 ἰδίου
694 2306 917 2359 πλούτου
968 2310 1058 2357 καὶ
1104 2306 1159 2356 ἐκ
1189 2313 1282 2357 τοῦ
1338 2302 1479 2357 ἰδίου
1522 2306 1815 2378 θησαυροῦ,
1850 2299 1909 2354 οὗ

307 2400 581 2454 κέκτηνται
611 2398 659 2448 ἓν
690 2395 913 2461 ἑαυτοῖς,
973 2394 1026 2457 ἐξ
1065 2394 1224 2446 αὑτοῦ
1252 2392 1492 2459 λαλοῦσι,
1548 2397 1637 2444 καὶ
1666 2392 1720 2455 ἒξ
1749 2392 1909 2443 αὐτοῦ

309 2489 642 2559 εὐφραίνουσι
702 2487 794 2546 τάς
848 2484 1029 2556 ψυχὰς
1069 2491 1169 2534 τῶν
1230 2481 1518 2533 ἀκουόντων
1559 2485 1645 2533 τὸν
1683 2501 1911 2553 πνευμα-

308 2578 451 2626 τικόν
480 2574 652 2645 λόγον,
702 2579 793 2625 xui
846 2574 905 2625 ού
962 2570 1240 2625 δεδοίκασι
1291 2576 1362 2643 μὴ
1398 2568 1682 2629 ἐνδεήσειεν
1714 2571 1908 2633 αὐτοῖς,

310 2663 390 2715 ὅτι
420 2667 692 2722 κέκτηνται
748 2666 796 2714 ἐν
850 2663 1030 2722 αὐτοῖς
1062 2663 1326 2732 θησαυρόν
1365 2660 1602 2731 οὐράνιον
1636 2658 1911 2730 ἀγαθωσύ-

309 2771 420 2817 νης,
455 2751 506 2814 ἐξ
537 2752 597 2804 οὗ
624 2755 947 2826 προφέρουσι
994 2755 1083 2802 καὶ
1131 2749 1467 2824 εὐφραίνουσι
1514 2751 1629 2808 τοὺς
1680 2766 1912 2815 πνευμα-

310 2848 469 2902 τικῶς
517 2840 881 2912 ἑστιωμένους.
945 2838 1002 2895 Ὀ
1054 2835 1111 2891 δὲ
1168 2842 1323 2899 πένης
1362 2840 1451 2889 καὶ
1487 2841 1558 2908 μὴ
1600 2840 1911 2907 κεκτημένος

314 2932 369 2980 ix
424 2934 513 2980 τοῦ
564 2928 792 2980 πλούτου
841 2935 932 2979 τοῦ
993 2933 1248 2999 Χριστοῦ,
1315 2930 1445 2998 μήτε
1493 2927 1629 2997 ἔχων
1692 2924 1910 2977 πλοῦτον

312 3021 658 3088 πνευματικόν
712 3016 760 3068 ἕν
812 3024 873 3088 τῇ
916 3015 1096 3087 ψυχῇ,
1163 3019 1249 3066 τόν
1299 3012 1528 3088 βρύοντα
1577 3020 1752 3067 πᾶσαν
1783 3013 1909 3085 ἀγα-

319 3106 556 3162 θωσύνην
582 3105 750 3175 λόγων
790 3124 842 3156 τε
882 3106 971 3156 κᾶἱ
1001 3107 1183 3176 ἔργων,
1214 3108 1303 3155 καὶ
1333 3105 1708 3176 ἐνθυμημάτων
1741 3106 1907 3167 θείων,

315 3198 406 3244 καὶ
439 3199 742 3264 μυστηρίων
774 3192 1063 3257 ἀλαλήτων,
1122 3192 1165 3243 εἰ
1193 3197 1282 3243 xui
1312 3190 1550 3264 βούλετάι
1581 3194 1730 3254 οὗτος
1756 3193 1909 3264 λόγον

320 3281 565 3342 ἀληθείας
626 3282 815 3347 λαλεῖν,
857 3287 947 3332 xui
999 3280 1286 3353 εὐφραίνειν
1339 3283 1483 3340 τινας
1538 3290 1636 3332 τῶν
1701 3280 1909 3334 ἀκουόν-

317 3390 436 3439 των,
471 3370 578 3422 ἀλ).’
610 3370 657 3421 ἐν
690 3366 907 3441 δυνάμει
950 3374 1040 3421 καὶ
1080 3367 1294 3440 ἀληθείᾳ
1340 3372 1425 3419 τόν
1473 3367 1623 3438 λόγον
1654 3377 1744 3420 τοῦ
1778 3377 1909 3421 Θεοῦ

316 3464 387 3532 μὴ
475 3463 781 3532 κεκτημένος
847 3458 894 3510 ἐν
967 3458 1151 3529 ἐαυτῷ,
1250 3456 1377 3509 ἀλλὰ
1454 3462 1606 3528 μόνον
1673 3456 1909 3528 ἀπομνη-

314 3551 537 3620 μονεύων
578 3555 665 3601 xui
695 3553 1024 3622 κιχρὼμενος
1057 3549 1236 3618 λόγους
1276 3545 1327 3608 ἐξ
1357 3545 1583 3606 ἑκάστης
1619 3554 1844 3618 γραφῆς,
1876 3548 1905 3605 ᾖ

314 3640 456 3712 παρὰ
497 3646 855 3710 πνευματικῶν
910 3633 1113 3711 ἀνδρῶν
1172 3635 1397 3695 ἀκούσας
1436 3640 1524 3687 καὶ
1570 3631 1911 3708 διηγούμενος

310 3732 399 3779 xui
441 3724 736 3791 διδάσκων,
774 3723 891 3779 ἰδοὺ
921 3726 1108 3788 ἄλλους
1143 3729 1233 3799 μὲν
1282 3722 1431 3777 δοκεῖ
1459 3724 1764 3797 εὐφραίνειν,
1820 3731 1909 3777 xui

310 3816 455 3868 ἄλλοι
508 3815 829 3869 ἀπολαύουσι
884 3823 983 3867 τῶν
1056 3815 1219 3886 λόγων
1252 3832 1264 3845 ·
1315 3817 1447 3887 μετὰ
1505 3810 1563 3866 δὲ
1605 3818 1664 3867 τό
1718 3811 1909 3885 διηγή-

314 3908 513 3957 σασθαι
564 3906 739 3972 αὐτόν,
796 3906 1010 3965 ἕκαστος
1066 3905 1215 3975 λόγος
1266 3908 1397 3979 πρὸς
1444 3907 1511 3956 τὰ
1565 3900 1682 3956 ῖδια
1722 3902 1804 3976 ἀφ’
1841 3904 1908 3955 ὧν

311 3995 471 4065 ἤρθη,
514 3992 823 4067 ἀπέρχεται,
884 3998 973 4045 καὶ
1012 3993 1165 4052 αὐτὸς
1212 3994 1365 4044 πάλιν
1413 3997 1611 4064 γυμνός
1667 3992 1910 4063 ἀπομένει

310 4085 399 4132 καὶ
465 4084 638 4145 πένης,
698 4086 768 4151 μὴ
857 4082 993 4151 ἔχων
1070 4076 1206 4130 ἴδιον
1276 4082 1538 4154 θησαυρόν
1594 4084 1905 4152 Πνεύματος,

311 4166 478 4241 ἀφόὗ
527 4173 788 4243 προφέρει,
838 4175 927 4220 xui
985 4168 1183 4239 ὠφελεῖ,
1233 4173 1323 4219 xui
1376 4168 1633 4240 εὐφραίνει
1684 4169 1908 4245 ἐτέρους,

310 4260 466 4320 αὐτὸς
504 4267 709 4332 πρῶτος
758 4262 828 4330 μὴ
866 4257 1277 4330 εὐφραινόμενος,
1335 4253 1475 4329 μηδὲ
1532 4257 1909 4331 ἀγαλλιώμενος

308 4356 381 4419 τῷ
414 4355 700 4421 Πνεῦματι.

381 4474 451 4539 q’.
514 4476 607 4527 Διά
653 4473 803 4526 τοῦτο
851 4476 960 4546 χρὴ
1014 4479 1218 4544 πρῶτον
1272 4471 1505 4532 ζητῆσαι
1566 4473 1708 4543 παρὰ
1775 4478 1908 4525 Θεοῦ

309 4561 355 4615 ἕν
389 4582 523 4634 πόνῳ
552 4560 775 4638 καρδίας
798 4567 887 4613 xui.
939 4566 1135 4626 πίστει,
1195 4561 1277 4611 ἵνα
1308 4557 1385 4630 δῷ
1437 4561 1565 4632 ἡμῖν
1615 4561 1778 4632 εὑρεῖν
1825 4565 1909 4613 τὸν

309 4650 526 4702 πλοῦτον
556 4652 736 4718 αὐτοῦ,
793 4658 878 4703 τόν
931 4649 1171 4709 ἀληθινόν
1223 4651 1487 4722 θησαυρόν
1527 4656 1618 4701 τοῦ
1674 4657 1908 4722 Χριστοῦ

310 4737 359 4789 ἐν
405 4746 519 4800 ταῖς
576 4736 822 4809 καρδίαις
899 4740 1063 4810 ημῶν,
1120 4738 1168 4790 ἐν
1228 4734 1451 4811 δυνάμει
1534 4743 1623 4790 xui
1681 4738 1907 4811 ἐνεργείᾳ

311 4830 625 4898 Πνεύματος.
674 4833 772 4880 Καὶ
825 4828 988 4889 οὕτως
1036 4832 1280 4903 πρότερον
1334 4828 1574 4899 ὡφελειαν
1601 4826 1649 4878 ἐν
1682 4827 1902 4894 ἑαυτοῖς,

309 4922 399 4968 xui
424 4920 703 4987 σωτηρίαν,
756 4921 845 4967 καὶ
876 4916 1013 4975 ζωὴν
1045 4916 1247 4968 αἰώνιον
1277 4918 1522 4991 εὑρόντες,
1562 4919 1647 4969 τόν
1688 4918 1900 4990 Κύριον,

310 5010 426 5058 τότε
453 5009 544 5056 xui
570 5003 773 5069 ἄλλους,
833 5005 899 5064 ὡς
948 5001 1165 5057 δυνατόν
1218 5011 1307 5057 xui
1350 5008 1550 5077 ἐφικτόν
1581 5005 1744 5073 ἐστιν,
1777 5005 1903 5077 ὠφε-

308 5095 567 5166 λήσωμεν,
599 5093 700 5145 ἀπὸ
747 5099 839 5144 τοῦ
868 5088 1013 5143 ἔνδον
1058 5094 1324 5167 θησαυροῦ
1378 5103 1469 5146 τοῦ
1506 5102 1742 5168 Χριστοῦ
1780 5113 1906 5167 προ-

310 5188 538 5257 φέροντες
625 5188 802 5235 πᾶσαν
857 5180 1202 5252 ἀγαθωσύνην
1272 5181 1436 5253 λόγων
1512 5193 1899 5255 πνευματικῶν,

308 5278 399 5325 xui.
437 5276 742 5347 μυστηρίων
782 5272 1095 5343 ἐπουρανίων
1142 5272 1438 5343 ποιούμενοι
1482 5268 1758 5342 διήγησιν.
1803 5276 1904 5325 Οὕ-

309 5383 409 5424 τως
434 5365 534 5437 γὰρ
562 5359 890 5419 εὐδόκησενὴ
921 5357 1185 5429 ἀγαθότης
1205 5367 1297 5411 τοῦ
1326 5360 1614 5431 θελήματος
1642 5369 1735 5413 τοῦ
1764 5368 1906 5415 Πατ-

309 5456 414 5525 ρός,
441 5458 534 5504 τοῦ
558 5457 875 5509 κατοικῆσαι
914 5451 962 5501 ἓν
1011 5453 1167 5501 παντὶ
1196 5456 1269 5520 τῷ
1292 5451 1585 5501 πιστεύοντι
1612 5456 1702 5502 καὶ
1732 5450 1905 5502 αἰτου-

309 5545 445 5613 μένῳ
470 5541 647 5595 αύτόν.
672 5538 732 5592 '0
777 5542 895 5611 γὰρ
928 5536 1185 5611 ἀγαπῶν
1236 5557 1328 5611 με,
1364 5541 1543 5610 φησὶν,
1573 5537 1904 5610 ἀγαπηθή-

312 5648 496 5686 σεται
538 5631 657 5683 ύπὸ
703 5635 815 5683 τοῦ
859 5630 1113 5703 Πατρός
1162 5646 1302 5699 μου,
1368 5625 1537 5699 κάγὼ
1589 5626 1904 5699 ἀγαπήσω

2011 472 2134 527 suis
2180 476 2238 526 et
2290 472 2589 537 thesauro,
2624 488 2805 543 quem
2850 474 3139 544 possidet,
3176 481 3453 546 sumptus
3505 475 3667 544 facit,

2008 576 2118 615 nec
2167 562 2394 625 metuit,
2430 576 2503 615 ne
2544 562 2656 615 sibi
2698 561 2925 633 aliquid
2969 564 3140 628 desit,
3174 564 3412 619 divitias
3446 564 3665 621 multas

2010 650 2345 721 possidenti
2375 666 2387 704 :
2423 650 2629 721 sicque
2658 650 2815 705 laute
2846 652 3235 723 etsplendide
3252 654 3539 709 convivas
3557 669 3669 710 ase

2010 744 2255 794 vocatos
2284 738 2792 802 exhilarat,variis
2812 756 2880 795 ac
2903 741 3075 795 novis
3100 742 3356 797 subinde
3371 743 3665 814 appositis

2010 826 2265 882 cibis.At
2296 843 2524 899 pauper
2554 830 2658 899 qui
2698 830 3106 901 est,omnique
3120 846 3319 886 rerum
3351 832 3668 887 abundan-

2013 915 2089 971 tia
2111 916 2446 983 destitutus,
2482 918 2529 971 si
2561 917 2812 972 voluerit
2829 918 3204 989 quibusdam
3226 936 3462 975 ccenam
3483 936 3668 992 appa-

2011 1021 2161 1070 rare,
2204 1013 2513 1062 mutuatur
2557 1009 2782 1072 omnia,
2825 1007 2915 1061 vel
2970 1008 3166 1078 ipsam
3212 1010 3663 1080 supellectilem,

2009 1100 2224 1159 vestes,
2268 1112 2337 1150 ac
2395 1096 2653 1168 reliquas
2716 1096 2944 1168 species
2988 1117 3001 1153 :
3046 1098 3253 1168 sicque
3292 1105 3518 1169 postea,
3565 1099 3671 1154 ubi

2012 1185 2396 1249 coenaverint,
2428 1189 2530 1256 qui
2572 1190 2742 1240 erant
2772 1187 2982 1251 vocati,
3009 1192 3071 1241 ut
3101 1186 3227 1241 ﬁeri
3260 1186 3410 1242 solet
3437 1188 3501 1242 in
3522 1202 3672 1243 con-

2010 1272 2169 1327 vivio
2208 1275 2511 1344 pauperis,
2553 1274 2809 1346 denique
2860 1276 3198 1348 unicuique,
3245 1276 3401 1331 unde
3456 1284 3665 1332 mutuo

2012 1368 2371 1432 sumpserat,
2406 1364 2654 1418 restituit
2688 1363 3119 1435 supellectilem
3155 1371 3524 1434 argenteam,
3569 1380 3667 1420 ve—

2013 1456 2129 1504 stes
2169 1466 2239 1504 ac
2278 1451 2573 1522 reliquum
2613 1458 2889 1507 ornatum
2918 1471 2930 1507 :
2955 1454 3177 1524 quibus
3217 1454 3500 1510 omnibus
3542 1453 3670 1509 uni-

2014 1540 2227 1611 cuique
2253 1541 2335 1595 sic
2356 1542 2658 1606 restitutis,
2676 1541 2805 1612 ipse
2826 1558 3054 1612 pauper
3068 1559 3138 1597 ac
3168 1544 3365 1598 nudus
3380 1549 3666 1609 remanet,

2014 1642 2134 1683 non
2166 1628 2398 1684 habens
2446 1630 2721 1701 proprias
2762 1629 3091 1699 facultates,
3122 1647 3193 1687 ex
3232 1632 3453 1703 quibus
3483 1632 3675 1704 possit

1938 1729 1977 1784 Β
2017 1718 2288 1773 recreari.

2090 1862 2152 1911 V.
2196 1859 2291 1915 Sic
2317 1875 2579 1931 quoque,
2614 1860 2872 1932 quisunt
2906 1861 3124 1932 Spiritu
3153 1866 3359 1917 sancto
3398 1862 3673 1933 locuple-

2020 1952 2127 2014 tes,
2169 1964 2239 2003 ac
2265 1947 2528 2003 cmlestes
2568 1949 2803 2004 divitias
2842 1965 3048 2005 revera
3073 1952 3375 2005 consecuti
3405 1966 3674 2007 commu-

2019 2036 2263 2091 nionem
2298 2036 2547 2108 Spiritus
2582 2038 2639 2092 in
2672 2054 2731 2092 se
2763 2038 3069 2105 habent,si
3095 2039 3465 2111 quibusdam
3492 2041 3674 2097 verba

2020 2125 2278 2180 veritatis
2306 2125 2652 2197 loquantur,
2682 2132 2736 2181 et
2757 2142 3099 2182 sermonem
3133 2128 3505 2198 spiritualem
3537 2128 3674 2201 qui-

2019 2213 2279 2268 busdam
2310 2215 2777 2279 communicent,
2812 2231 2883 2270 ac
2921 2216 3158 2271 animas
3180 2215 3421 2272 reﬁcere
3453 2222 3674 2272 statue-

2020 2308 2177 2369 rint;
2210 2318 2281 2357 ex
2326 2304 2581 2373 propriis
2612 2303 2850 2374 opibus,
2884 2309 2940 2359 et
2969 2320 3039 2359 ex
3082 2306 3326 2376 proprio
3369 2305 3668 2372 thesauro,

2020 2408 2200 2462 quem
2234 2392 2715 2463 possidentapud
2743 2408 2908 2457 sc,ex
2926 2394 3671 2466 eo,inquam,loquuntur.

2021 2495 2088 2534 ex
2115 2496 2304 2551 eoque
2334 2480 2601 2535 reﬁciunt
2633 2481 2866 2536 animas
2895 2482 3262 2537 audientiam
3301 2484 3674 2553 spiritualem

2022 2585 2382 2633 sermonem,
2413 2586 2520 2625 nec
2546 2570 2990 2640 pertimescunt,
3008 2572 3241 2643 nequid
3262 2572 3374 2627 sibi
3397 2572 3550 2627 desit
3571 2595 3583 2625 :
3603 2588 3674 2629 eo

2020 2659 2183 2730 quod
2214 2659 2564 2730 possideant
2592 2661 2649 2715 in
2692 2677 2753 2715 se
2794 2660 3092 2716 caelestem
3131 2661 3413 2717 bonitatis
3441 2663 3673 2719 thesau-

2021 2765 2174 2813 rum,
2205 2765 2235 2803 e
2260 2765 2382 2820 quo
2403 2749 2711 2821 proferunt
2740 2755 3079 2806 etrecreant
3118 2768 3219 2807 eos
3247 2752 3349 2823 qui
3380 2752 3673 2823 spirituali

2022 2836 2154 2892 cibo
2181 2844 2517 2893 vescuntur.
2541 2839 2766 2910 Pauper
2795 2855 2950 2905 vero,
2980 2840 3081 2911 qui
3115 2856 3223 2895 nec
3255 2840 3490 2896 divitias
3513 2842 3674 2896 Chri-

2020 2927 2088 2981 sti
2116 2926 2401 2998 possidet,
2431 2943 2539 2981 nec
2558 2926 2893 2998 spirituales
2917 2928 3147 2983 obtinet
3177 2930 3235 2983 in
3266 2931 3471 2984 anima
3500 2945 3666 3001 opes,

2019 3016 2416 3086 producentes
2434 3015 2811 3087 scaturiginis
2837 3018 3022 3072 instar
3062 3033 3305 3072 omnem
3336 3017 3669 3074 bonitatem

2020 3121 2386 3168 sermonum.
2429 3121 2701 3176 operum,
2744 3106 3171 3173 cogitationum
3214 3106 3574 3173 divinarum,
3617 3111 3674 3162 et

2022 3196 2440 3267 mysteriorum
2476 3193 2888 3261 inetfabilium,
2929 3194 3024 3248 hic
3060 3196 3330 3267 inquam,
3358 3195 3490 3250 licet
3533 3196 3674 3251 velit

2019 3284 2271 3337 verbum
2298 3284 2554 3338 veritatis
2580 3282 2803 3354 eloqui,
2836 3298 2906 3337 ac
2944 3298 3212 3337 recreare
3239 3284 3541 3354 quosdam
3564 3301 3670 3340 au-

2019 3371 2267 3437 dientes,
2296 3387 2434 3426 cum
2466 3377 2666 3426 tamen
2692 3374 3028 3425 secundum
3063 3372 3331 3425 virtutem
3367 3372 3671 3427 acinveri-

2022 3464 2134 3513 tate
2167 3476 2506 3515 sermonem
2540 3460 2639 3514 Dei
2666 3475 2785 3514 non
2817 3459 3470 3525 obtineat;verumillos
3488 3461 3670 3516 modo

2021 3554 2627 3621 sermones,quos.aut
2657 3565 2691 3603 a
2730 3564 3093 3620 quacunque
3120 3551 3415 3619 scriptura
3437 3554 3670 3606 mutua-

2022 3640 2133 3698 tur,
2163 3642 2262 3690 aut
2289 3637 2365 3691 ab
2407 3638 2536 3692 aliis
2585 3638 2994 3709 spiritualibus
3044 3638 3291 3703 audivit,
3324 3646 3586 3709 exponat
3616 3645 3672 3695 et

2020 3723 2374 3792 doceat;en
2406 3726 2636 3781 videtur
2666 3728 2913 3798 quidem
2972 3727 3066 3781 ille
3125 3726 3273 3782 alios
3323 3744 3569 3798 recrere,
3617 3732 3672 3784 et

2021 3830 2166 3870 sane
2196 3814 2577 3870 fruunturalii
2596 3817 2977 3871 sermonibus
3013 3833 3024 3870 :
3064 3816 3163 3870 ubi
3200 3832 3337 3872 vero
3369 3833 3507 3871 eum
3551 3833 3670 3871 ser-

2021 3918 2263 3957 monem
2294 3904 2640 3967 recitaverit,
2674 3906 3149 3976 unumquodque
3180 3905 3433 3960 verbum
3452 3906 3525 3959 ad
3542 3922 3670 3971 sua,

2021 3992 2179 4046 unde
2221 3992 2574 4046 translatum
2627 3998 2771 4057 erat,
2802 3995 3115 4048 revertitur
3148 4010 3159 4047 :
3192 4000 3315 4048 tum
3344 3992 3437 4048 ille
3469 3994 3670 4048 denuo

2020 4080 2220 4135 nudus
2251 4096 2320 4135 ac
2353 4096 2580 4151 pauper
2610 4088 2895 4147 remanet,
2913 4097 3121 4137 carens
3136 4082 3377 4153 proprio
3392 4082 3671 4138 thesauro

2023 4169 2293 4240 Spiritus,
2314 4185 2343 4223 e
2370 4185 2492 4240 quo
2522 4176 2779 4240 promat,
2808 4171 2976 4240 juvet
3031 4177 3086 4225 et
3132 4176 3353 4226 recreet
3407 4172 3573 4235 alios,
3603 4187 3672 4227 ac

2022 4258 2252 4329 primus
2282 4259 2409 4330 ipse
2443 4273 2560 4313 non
2592 4258 2872 4328 reﬁcitur,
2906 4274 3013 4315 nec
3040 4260 3259 4331 Spiritu
3292 4260 3568 4316 exsultat.

2092 4472 2208 4542 79
2240 4472 2325 4526 VI.
2357 4473 2668 4542 Propterea
2698 4472 2754 4526 in
2797 4471 3007 4543 primis
3046 4472 3474 4544 postulandum
3514 4479 3603 4530 est
3630 4490 3667 4530 a

2022 4561 2142 4617 Deo
2173 4578 2308 4616 cum
2345 4561 2720 4617 contentione
2747 4561 2940 4616 cordis
2968 4577 3037 4616 ac
3068 4560 3205 4625 ﬁde,
3247 4562 3347 4617 det
3378 4563 3575 4627 nobis,
3609 4568 3672 4617 ut

2019 4651 2397 4707 inveniamus
2426 4650 2660 4705 divitias
2686 4651 2835 4720 ejus,
2861 4665 3070 4704 verum
3089 4651 3432 4705 thesaurum
3449 4650 3671 4706 Christi

2017 4740 2075 4794 in
2107 4740 2386 4795 cordibus
2419 4739 2633 4793 nostris
2658 4738 2716 4794 in
2751 4740 2958 4794 virtute
2989 4756 3058 4793 ac
3084 4739 3352 4794 efﬁcacia
3394 4739 3667 4810 Spiritus.

2017 4831 2082 4884 Et
2110 4829 2235 4883 haec
2266 4829 2512 4892 ratione,
2549 4829 2647 4883 ubi
2679 4830 2839 4899 prius
2868 4828 2926 4882 in
2948 4828 3118 4883 nobis
3136 4829 3554 4894 commodum,
3576 4844 3668 4883 sa-

2013 4916 2197 4971 lutem
2243 4933 2311 4971 ac
2342 4916 2525 4972 vitam
2566 4922 2874 4980 aeternam,
2907 4918 3223 4973 Dominum
3262 4917 3502 4982 scilicet,
3523 4932 3669 4973 con-

2014 5005 2198 5061 secuti
2228 5005 2539 5069 fuerimus,
2568 5006 2954 5077 postmodum
2996 5022 3238 5078 quoque
3261 5006 3409 5062 alios
3441 5022 3548 5078 pro
3577 5007 3664 5063 fa-

2015 5094 2230 5149 cultate
2267 5100 2324 5149 et
2349 5094 2578 5149 viribus
2628 5096 2847 5150 nostris
2879 5095 3258 5165 adjuvemus,
3289 5112 3361 5151 ex
3400 5096 3664 5153 interiori

2016 5184 2223 5239 Christi
2237 5184 2515 5239 thesauro
2529 5192 2869 5255 promentes
2887 5200 3130 5240 omnem
3147 5185 3474 5241 bonitatem
3497 5185 3666 5257 spiri-

2014 5273 2263 5328 tualium
2279 5287 2715 5337 sermonum,ac
2728 5273 3044 5329 caelestium
3064 5275 3473 5332 mvsteriorum
3489 5290 3665 5329 enar-

2013 5361 2306 5417 rationem
2365 5361 2759 5417 instituentes.
2790 5363 2883 5417 Sic
2948 5364 3107 5417 enim
3139 5362 3359 5434 placuit
3409 5362 3663 5418 bonitati

2015 5450 2331 5506 voluntatis
2363 5450 2569 5515 Patris,
2601 5450 2867 5507 habitare
2898 5452 3063 5523 apud
3081 5468 3324 5507 omnem
3351 5452 3449 5523 qui
3476 5450 3664 5505 credit

2015 5539 2077 5595 in
2130 5555 2267 5595 eum
2321 5555 2580 5613 eumque
2632 5540 2912 5611 postulat.
2948 5540 3061 5607 Qui
3103 5544 3258 5596 enim
3306 5540 3500 5609 diligit
3552 5553 3661 5607 me,

2018 5628 2234 5701 inquit,
2257 5628 2544 5701 diligetur
2567 5643 2605 5686 a
2632 5630 2814 5687 Patre
2837 5643 2982 5695 meo,
2999 5634 3168 5699 etego
3196 5628 3445 5699 diligam
3460 5630 3663 5704 cum,“
