4148 6262
535 251 642 308 639

1839 247 1900 301 S.
1943 245 2042 302 MA
2051 242 2244 302 GABII
2282 240 2591 299 IEGYPTII

3799 245 3914 301 640

538 377 938 447 mani/astabo
969 376 1023 433 ei
1046 390 1136 433 me
1166 376 1361 447 ipsum
1380 375 1448 440 ",
1482 376 1547 429 Et
1586 373 1797 429 iterum
1835 390 1847 425 :
1885 372 2194 429 Vcniemus

2308 370 2520 436 αὐτὸν,
2552 372 2659 421 καὶ
2687 365 3006 440 ἓμφανῖσω
3045 365 3213 437 αὐτῷ
3257 367 3550 439 ἒμαυτόν.
3590 372 3691 422 Καὶ
3720 368 3907 422 πάλιν·

542 483 646 539 ego
676 472 729 524 et
763 469 943 523 Pater
967 481 1148 531 meus,
1179 469 1231 521 et
1271 465 1641 520 mansionem
1663 463 1830 531 apud
1860 477 1989 519 eum
2014 461 2196 531 facie-

535 572 666 613 mus
706 558 775 612 9³.
806 556 899 611 Sic
930 554 1174 610 inﬁnitae
1222 553 1557 608 clementia;
1605 551 1792 608 Patris
1834 552 2031 607 visum
2086 553 2191 613 est,

540 646 623 701 sic
666 643 1253 715 incomprehensibili
1313 642 1588 698 charitati
1639 641 1845 697 Christi
1899 639 2126 711 placuit
2178 658 2191 697 :

543 736 627 790 sic
654 733 975 790 ineﬁabilis
1014 733 1254 788 bonitas
1294 732 1545 803 Spiritus
1588 730 1881 802 promisii.
1911 729 2097 785 Gloria
2124 728 2199 783 sit

536 823 853 880 ineﬂ'ahilis
885 821 1305 878 misericordiae
1346 826 1565 876 sanctas
1588 818 1901 875 Trinitatis.

608 1004 721 1061 VII.
754 1003 862 1067 Qui
907 1002 1067 1056 enim
1122 999 1374 1055 evadere
1424 998 1551 1055 Filii
1600 997 1720 1061 Dei,
1749 1000 1806 1051 et
1852 1012 1923 1051 ex
1982 994 2200 1067 Spiritu

537 1097 740 1147 sancto
783 1093 1040 1161 desuper
1089 1088 1320 1144 renasci
1377 1087 1537 1158 digni
1592 1092 1733 1141 sunt
1782 1083 1991 1151 habiti,
2020 1089 2198 1154 atque

539 1181 837 1238 Christum
891 1179 1330 1234 illuminantem
1362 1193 1431 1232 ac
1484 1179 1851 1231 recreantem
1904 1189 2005 1228 eos
2046 1173 2103 1226 in
2138 1186 2198 1226 se

536 1269 867 1341 possident,
895 1268 1073 1323 variis
1122 1283 1191 1322 ac
1221 1266 1471 1321 diversis
1518 1265 1710 1320 modis
1738 1280 1774 1319 a
1810 1262 2025 1334 Spiritu
2055 1261 2195 1315 diri-

539 1363 779 1428 guntur,
815 1362 872 1412 et
900 1356 1275 1412 invisibiliter
1298 1355 1356 1409 in
1385 1354 1563 1410 corde
1603 1371 1740 1409 cum
1783 1352 1986 1425 requie
2026 1349 2199 1423 spiri-

537 1445 679 1501 tuali
712 1463 747 1501 a
799 1446 988 1514 gratia
1029 1444 1350 1500 ducuntur.
1386 1442 1764 1498 Proferamus
1814 1456 1957 1497 vero
1989 1455 2061 1494 ex
2105 1440 2193 1502 iis,

539 1550 674 1607 quae
688 1535 747 1589 in
782 1534 1010 1589 mundo
1026 1532 1523 1603 suntconspicua,
1542 1546 1930 1603 personarum
1946 1529 2193 1599 ﬁguras,

538 1628 624 1689 ut,
656 1639 777 1695 qua
800 1624 1026 1678 ratione
1053 1622 1245 1691 gratia
1276 1621 1333 1676 in
1363 1621 1568 1677 anima
1599 1636 1663 1676 se
1685 1626 1870 1691 gerat,
1898 1618 2105 1690 aliqua
2124 1632 2195 1672 ex

2310 459 2737 531 Ἐλευσόμεθα
2768 457 2882 528 ἐγὼ
2921 457 3084 509 καὶὸ
3116 460 3334 531 Πατήρ
3387 476 3528 529 μου,
3556 462 3667 511 καὶ
3705 462 3906 531 μονὴν

2311 548 2451 622 παρ’
2484 549 2650 619 αὐτῷ
2687 550 3069 619 ποιήσομεν.
3109 546 3285 608 Ούτως
3311 548 3340 605 ἠ
3365 545 3577 621 ἄπειρος
3601 553 3914 623 χρηστότης

2309 646 2399 691 τοῦ
2452 642 2656 712 Πατρός
2708 636 2978 703 ἠθέλησεν,
3037 635 3199 699 οὕτως
3246 637 3276 694 ἠ
3326 635 3652 698 ἀνεννότητος
3716 637 3898 709 ἀγάπη

2308 735 2400 780 τοῦ
2458 735 2693 800 Χριστοῦ
2748 723 3053 791 εὐδόκησεν,
3100 725 3256 787 οὐτως
3307 728 3337 785 ἡ
3379 726 3601 801 ἄρῥητος
3642 726 3907 799 ἀγαθὸτης

2309 825 2401 870 τοῦ
2455 820 2751 890 Πνεύματος
2795 816 3165 889 ἐπηγγείλατο.
3249 816 3380 880 Δόξα
3430 825 3493 888 τῇ
3548 816 3755 892 ἀρῥήτῳ
3833 818 3920 871 εὐ-

2314 906 2621 979 σπλαγχνίᾳ
2642 914 2730 978 τῇς
2757 905 2909 977 ἁγίας
2932 902 3183 978 Τριάδος.

2380 996 2456 1047 Z'.
2509 997 2575 1047 Οἱ
2626 998 2727 1069 γὰρ
2798 994 3196 1058 καταξιωθέντες
3254 998 3408 1048 τέκνα
3456 997 3701 1067 γενέσθαι
3754 1004 3914 1064 Θεοῦ,

2309 1090 2398 1137 καὶ
2450 1084 2504 1136 ix
2560 1087 2852 1158 Πνεύματος
2893 1083 3046 1157 ἁγίου
3087 1085 3279 1137 ἄνωθεν
3316 1086 3647 1156 γεννηθῆναι,
3690 1092 3779 1139 xui
3826 1090 3911 1139 τὸν

2312 1176 2540 1247 Χριστόν
2572 1176 2776 1245 ἔχοντες
2828 1177 2877 1226 iv
2931 1173 3137 1236 ἑαυτοῖς
3190 1173 3512 1247 ελλάμποντα
3558 1180 3647 1227 xui
3684 1175 3912 1228 ἀναπαύ-

2309 1282 2432 1315 οντα
2503 1263 2713 1329 αὐτοὺς,
2768 1266 2816 1316 iv
2872 1263 3128 1325 uotxﬂm;
3203 1268 3292 1317 xui
3361 1260 3628 1337 διαφόροις
3699 1269 3913 1338 τρόποις

2310 1355 2604 1424 Πνεύματός
2668 1352 2799 1404 εἰσιν
2848 1348 3216 1425 ὁδηγούμενοι,
3294 1372 3384 1405 και
3446 1352 3678 1425 ἀοράτως
3738 1356 3786 1406 iv
3844 1362 3911 1427 τῇ

2307 1438 2525 1513 καρδίᾳ,
2571 1444 2620 1493 ἓν
2676 1442 2969 1493 ἀναπαύσει
3020 1449 3341 1514 πνευματικῇ
3381 1442 3481 1494 ὐπό
3543 1451 3631 1503 τῆς
3685 1444 3917 1519 χάριτος

2306 1532 2677 1605 ἑνεργούμενοι.
2730 1535 2997 1605 Πρόσωπα
3055 1532 3114 1583 δε
3145 1533 3199 1583 ix
3239 1539 3338 1583 τῶν
3375 1536 3687 1604 φαινομένων
3730 1536 3779 1585 ἓν
3818 1537 3915 1585 κό-

2308 1638 2424 1691 σμῳ
2508 1618 2839 1672 ἀπολαύσεων
2910 1617 3206 1693 ένέγκωμεν,
3267 1624 3357 1673 καὶ
3440 1620 3489 1673 iv
3546 1620 3700 1695 ψυχῇ
3790 1620 3918 1674 ἀνα-

540 1716 707 1783 parte
756 1711 1045 1783 exemplis
1094 1710 1268 1765 veluti
1300 1712 1776 1765 demontremus.
1810 1710 1955 1765 Sunt
2016 1706 2193 1762 inter-

2308 1710 2535 1782 στροφὰς
2616 1716 2711 1770 τῆς
2776 1711 3000 1781 χάριτος
3054 1708 3111 1760 ἐκ
3189 1705 3632 1782 παραδειγμάτων
3686 1718 3913 1786 μερικῶς

539 1801 707 1865 dum,
741 1800 843 1871 qui
875 1816 909 1855 a
931 1799 1121 1869 gratia
1160 1799 1485 1862 ducuntur,
1517 1803 1579 1853 ut
1617 1798 1720 1869 qui
1749 1797 1807 1851 in
1836 1812 2008 1852 caena
2032 1795 2196 1866 regia

538 1888 837 1954 laetantur,
865 1896 921 1945 et
952 1887 1249 1944 exsultant
1281 1887 1676 1942 exsultatione
1699 1903 1768 1941 ac
1798 1885 1998 1941 laetitia
2054 1882 2197 1939 inef-

538 1977 703 2034 fabili
739 1995 749 2032 :
791 1979 907 2033 alia
949 1993 1089 2033 vero
1130 1977 1279 2032 hora
1318 1976 1539 2031 similes
1580 1981 1719 2031 sunt
1758 1991 2018 2047 sponsae,
2058 1988 2195 2044 qua;

538 2067 751 2124 fruitur
781 2068 838 2122 in
880 2067 1162 2137 conjugio
1203 2082 1339 2120 cum
1378 2080 1604 2136 sponso
1632 2081 1741 2119 suo
1774 2064 2077 2134 voluptate
2109 2062 2195 2116 di-

536 2155 701 2211 vina.
731 2156 1067 2227 Aliquando
1098 2156 1248 2210 ﬁunt
1280 2154 1459 2208 veluti
1508 2154 1706 2224 angeli
1738 2152 2092 2223 incorporei,
2133 2150 2192 2205 in

539 2248 702 2301 tanta
734 2244 971 2301 levitate
1003 2261 1073 2300 ac
1107 2242 1427 2299 subtilitate
1450 2258 1571 2297 una
1606 2259 1743 2298 cum
1775 2256 2023 2313 corpore
2056 2255 2195 2295 con-

541 2334 745 2389 stituti.
780 2333 1084 2389 Interdum
1111 2339 1271 2398 sunt,
1308 2333 1489 2403 utqui
1523 2339 1664 2402 patu
1693 2331 2038 2385 inebriatiet
2069 2328 2193 2400 Spi-

538 2424 652 2479 ritu
699 2423 1087 2486 delectantur,
1123 2421 1515 2488 iuebriantur,
1544 2420 1825 2475 ebrietate
1857 2420 2078 2474 scilicet
2110 2418 2194 2473 di-

540 2512 817 2566 vinorum
847 2528 917 2565 ac
942 2510 1338 2582 spiritualium
1365 2509 1808 2581 mysteriorum.

616 2600 747 2654 VIII.
786 2601 1086 2654 Interdum
1114 2604 1249 2653 sunt
1280 2598 1439 2653 velut
1490 2600 1546 2652 in
1586 2597 1748 2653 luctu
1801 2603 1857 2653 et
1909 2597 2194 2653 lamenta-

542 2690 702 2745 tione
747 2695 988 2760 propter
1023 2704 1212 2760 genus
1263 2688 1619 2751 humanum,
1648 2703 1716 2742 ac
1769 2686 2038 2759 precibus
2084 2702 2193 2758 pro

543 2780 665 2835 toto
693 2793 907 2847 genere
928 2777 1198 2832 humano
1222 2776 1444 2841 effusis,
1468 2777 1543 2831 ad
1570 2776 1890 2847 lacrymas,
1921 2783 1976 2831 et
2006 2775 2083 2830 ad
2110 2775 2194 2830 lu-

544 2872 707 2923 ctum
736 2865 1151 2938 prolabuntur,
1181 2866 1493 2921 dilectione
1508 2865 1801 2935 spirituali
1824 2880 1965 2934 erga
1982 2865 2194 2921 huma-

540 2971 689 3012 num
712 2972 901 3027 genus
932 2955 1501 3011 accensi.lnterdum
1541 2971 1681 3010 vero
1713 2954 1788 3010 ad
1832 2960 2057 3010 tantam
2097 2970 2194 3009 ex-

543 3044 927 3101 sultationem
960 3060 1029 3099 ac
1055 3044 1437 3099 dilectionem
1466 3060 1501 3100 a
1527 3044 1741 3115 Spiritu
1762 3042 2189 3110 inﬂammatur,
2229 3073 2268 3128 ρ

542 3138 630 3203 ut,
655 3135 701 3187 si
729 3133 852 3189 ﬁeri
888 3134 1094 3205 possit,
1127 3149 1339 3188 omnes
1371 3132 1647 3188 homines
1696 3134 1755 3188 in
1800 3149 1910 3188 sua
1968 3133 2193 3188 viscera

542 3222 1102 3294 conjicerent,nulla
1130 3238 1238 3277 nec
1268 3221 1563 3277 bonorum
1603 3237 1711 3276 nec
1750 3221 2046 3277 malorum
2089 3222 2196 3277 ha-

543 3312 668 3369 bita
719 3312 970 3366 ratione.
1022 3310 1326 3365 Interdum
1397 3326 1535 3364 vero
1590 3310 1983 3365 demittuntur
2042 3310 2195 3365 infra

542 3417 754 3458 omnes
778 3400 1050 3454 homines
1078 3401 1135 3454 in
1182 3398 1515 3454 humilitate
1558 3398 1796 3469 Spiritu,
1839 3405 1902 3453 ut
1934 3415 1996 3453 se
2030 3398 2195 3469 ipsos

543 3490 818 3546 omnium
842 3487 1261 3557 abjectissimae
1292 3502 1362 3542 ac
1387 3488 1609 3542 intimae
1641 3487 1997 3543 conditionis
2028 3503 2197 3559 repu-

545 3583 688 3635 tent.
716 3577 1017 3630 Interdum
1048 3577 1106 3629 in
1149 3576 1370 3643 gaudio
1402 3576 1689 3630 ineffabili
1729 3593 1764 3631 a
1804 3578 2019 3647 Spiritu
2060 3592 2199 3631 con-

548 3670 883 3722 servantur.
913 3664 1215 3720 Interdum
1261 3668 1402 3719 sunt
1452 3665 1609 3719 velut
1662 3664 1827 3720 fortis
1864 3664 2195 3735 quispiam,

545 3754 671 3827 qui,
699 3754 1033 3808 universam
1083 3758 1448 3809 armaturam
1506 3753 1660 3825 regis
1717 3753 1993 3818 induens,
2035 3758 2091 3809 et
2137 3754 2196 3808 in

545 3843 819 3917 praelium
869 3842 1263 3906 descendens,
1315 3843 1609 3898 adversus
1660 3842 1862 3898 hostes
1906 3842 2069 3899 fortis
2113 3842 2197 3898 di-

543 3933 747 3989 micat.
802 3948 1027 4003 eosque
1084 3932 1279 3987 vincit.
1348 3932 1566 3987 Eodem
1634 3932 1814 3988 modo
1875 3932 2197 4004 spiritualis

541 4022 748 4086 homo,
784 4020 1112 4092 assumptis
1144 4020 1486 4075 coelestibus
1506 4021 1688 4076 armis
1710 4020 2195 4093 Spiritus,hostes

540 4111 789 4176 invadit,
824 4109 1151 4182 praelioque
1177 4111 1501 4166 commisso
1524 4110 1909 4181 subjicitillos
1941 4110 2195 4182 pedibus

548 4200 673 4255 suis
712 4200 778 4251 οδ.

616 4290 701 4343 IX.
734 4274 1035 4343 Interdum
1077 4286 1138 4343 in
1192 4304 1433 4343 summo
1483 4287 1735 4357 silentio,
1773 4287 2193 4360 tranquillitate

544 4383 602 4433 et
639 4393 786 4449 pace
815 4377 1132 4449 requiescit
1172 4378 1395 4445 anima,
1424 4379 1480 4432 in
1538 4378 1665 4432 sola
1704 4378 1993 4450 spirituali
2024 4377 2191 4433 volu-

544 4471 724 4540 ptate,
755 4471 810 4523 et
852 4465 1138 4522 ineffabili
1190 4467 1393 4539 requie
1452 4467 1721 4538 atquein
1754 4467 1981 4537 optimo
2036 4472 2192 4522 statu

546 4555 857 4612 exsistens.
880 4555 1180 4610 Interdum
1215 4556 1271 4610 iu
1305 4555 1691 4626 intelligentia
1720 4555 1988 4626 quadam
2003 4571 2073 4611 ac
2104 4571 2187 4611 sa-

542 4645 768 4718 pientia
803 4643 1110 4708 ineﬂabili,
1138 4650 1195 4699 et
1234 4645 1441 4699 notitia
1473 4643 1721 4715 Spiritus
1760 4643 2194 4701 inscrutabilia

545 4734 737 4801 gratia
760 4733 1100 4797 instituitur,
1136 4733 1293 4787 circa
1323 4748 1413 4801 ea,
1446 4749 1580 4803 qum
1610 4732 2068 4803 neclinguanec
2091 4748 2193 4789 ore

545 4822 737 4878 eﬁerri
777 4826 1024 4890 queunt.
1070 4821 1369 4875 Interdum
1413 4827 1472 4876 ut
1506 4823 1701 4892 quivis
1740 4822 2055 4878 hominum
2097 4823 2184 4880 tit.

547 4911 634 4966 Ita
682 4909 841 4963 varie
882 4910 1068 4980 gratia
1110 4915 1372 4964 versatur
1410 4910 1467 4963 in
1522 4911 1613 4975 iis,
1648 4927 1717 4966 ac
1758 4911 1960 4966 multis
2000 4912 2195 4967 modis

546 4998 711 5054 ducit
736 4998 1317 5060 animam.recreans
1338 4997 1508 5067 juxta
1524 4999 1885 5055 voluntatem
1902 5000 2192 5061 divinam.

546 5092 899 5156 exercetque
941 5102 1072 5140 eam
1113 5086 1541 5153 diversimode,
1575 5095 1635 5143 ut
1673 5088 1831 5144 illam
1876 5088 2186 5159 integram,

547 5176 667 5247 80
716 5175 1299 5246 irreprehensibilem
1330 5182 1509 5248 atque
1552 5193 1766 5248 puram
1806 5178 1970 5250 apud
2016 5179 2189 5235 coele-

548 5269 701 5321 stem
728 5265 960 5319 Patrem
982 5264 1317 5320 constituat.

615 5357 677 5411 X.
708 5354 998 5409 Caeterum
1032 5353 1329 5425 praedictae
1364 5354 1457 5411 hm
1502 5356 1752 5427 Spiritus
1795 5357 2193 5429 operationes,

2228 4424 2272 4479 D

2305 1792 2725 1858 ύποδεικνύντες.
2782 1802 2964 1850 Ἔστιν
3017 1798 3100 1850 ὅτε
3146 1802 3376 1869 γίνονται
3424 1799 3494 1861 ὡς
3537 1797 3585 1850 iv
3637 1797 3910 1872 βασιλικῷ

2307 1882 2497 1958 δείπνῳ
2582 1886 2986 1959 εὐφραινόμενοι,
3047 1892 3137 1939 καὶ
3216 1886 3552 1958 ἀγαλλιῶντες
3597 1887 3909 1961 ἀγαλλιάσει

2304 1981 2393 2028 καὶ
2450 1976 2735 2050 εὐφροσύνῃ
2779 1976 3105 2048 ἀνεκλαλήτῳ
3143 1994 3156 2006 ο
3206 1977 3333 2050 ἄλλῃ
3393 1980 3503 2048 ὥρᾳ
3554 1977 3684 2030 εἰσὶν
3728 1979 3911 2052 ὥσπερ

2304 2070 2473 2138 νύμφη
2543 2071 3005 2139 συναναπαυομένη
3102 2071 3151 2119 ἐν
3218 2075 3461 2142 κοινωνίᾳ
3537 2078 3609 2140 τῷ
3697 2075 3909 2143 νυμφίῳ

2306 2155 2469 2217 αὐτῆς
2521 2154 2814 2209 ἀναπαύσει
2860 2159 3025 2229 θεῑκῇ.
3061 2157 3273 2211 Ἀλλοτε
3323 2163 3553 2230 γίνονται
3590 2159 3763 2233 ὧσπερ
3810 2160 3910 2230 οἶγ-

2303 2243 2444 2315 γελοι
2494 2243 2787 2317 ἀσώματοι,
2846 2248 2895 2298 ἓν
2952 2248 3182 2320 τοσαύτῃ
3241 2252 3527 2319 κουφότητι
3579 2251 3717 2310 ὅντες
3774 2252 3913 2321 μετά

2304 2339 2396 2383 τοῦ
2452 2338 2695 2404 σώματος
2726 2350 2739 2364 ’
2792 2333 2967 2387 ἂλλοτέ
3014 2335 3144 2388 εἰσιν
3203 2338 3377 2409 ὥσπερ
3429 2336 3479 2388 iv
3531 2338 3663 2408 μέθη
3715 2344 3904 2403 ποτοῦ,

2304 2420 2691 2494 εὐφραινόμενοι
2756 2429 2845 2475 καὶ
2915 2426 3187 2496 μεθύοντες
3256 2426 3327 2495 τῷ
3395 2428 3676 2497 Πνεύματι,
3742 2428 3909 2498 μέθην

2308 2512 2454 2563 θείων
2484 2515 2789 2583 μυστηρίων
2815 2522 3195 2584 πνευματικῶν.

2380 2598 2458 2654 H'.

2304 2689 2430 2761 ύπερ
2486 2696 2576 2741 τοῦ
2623 2694 2799 2761 γένους
2849 2699 2944 2742 τῶν
2999 2690 3299 2763 ἀνθρώπων,
3346 2696 3437 2744 καὶ
3481 2688 3721 2764 δεόμενον
3773 2694 3905 2767 ὑπὲρ

2304 2776 2422 2828 ὅλου
2495 2786 2587 2830 τοῦ
2636 2775 2836 2851 Ἀδὰμ,
2895 2782 3076 2841 πένθος
3131 2784 3218 2833 καὶ
3276 2780 3540 2854 κλαυθμὸν
3598 2780 3903 2854 ἀναλαμϐά-

2303 2884 2481 2916 νουσιν
2536 2868 2636 2917 ὑπὸ
2694 2875 2788 2929 τῆς
2842 2866 3048 2940 ἀράπης
3104 2877 3195 2921 τοῦ
3256 2872 3553 2941 Πνεύματος
3583 2869 3651 2931 εἰς
3703 2874 3793 2929 τὴν
3814 2869 3899 2921 ἀν-

2306 2955 2619 3028 θρωπότητα
2669 2957 3011 3029 έκκαιόμενοι.
3069 2956 3278 3010 ’Ἄλλοτε
3334 2956 3382 3009 ἐν
3450 2961 3681 3032 τοσαύτῃ
3738 2956 3897 3028 ἀγαλ-

2302 3040 2474 3095 λιασει
2521 3049 2610 3096 καὶ
2664 3043 2838 3118 ἀγάπῃ
2902 3047 3002 3098 ὐπὸ
3051 3053 3141 3099 τοῦ
3198 3049 3487 3119 Πνεύματος
3537 3046 3903 3120 έκπυροῦνται,

2535 2599 2748 2653 Ἀλλοτέ
2799 2602 2931 2654 εἰσιν
3011 2604 3080 2664 ὡς
3138 2605 3186 2654 ἓν
3245 2600 3494 2675 κλαυθμῷ
3547 2622 3637 2656 και
3685 2599 3908 2676 ὀδυρμῷ

2304 3133 2392 3197 ὡς,
2471 3132 2515 3185 εἰ
2586 3129 2828 3199 δυνατὸν,
2894 3136 3065 3188 πάντα
3126 3138 3395 3209 ἄνθρωπον
3449 3139 3497 3188 iv
3554 3144 3665 3199 τοῖς
3745 3134 3908 3200 ἰδίοις

2310 3221 2638 3293 σπλάγχνοις
2704 3221 2958 3294 ἐμϐαλεῖν,
3042 3228 3113 3295 μὴ
3184 3222 3535 3297 διακρίνοντες
3585 3228 3744 3277 κακὸν
3804 3224 3908 3277 ἀπὸ

2307 3309 2545 3382 ἀγαθοῦ’
2614 3311 2793 3364 ἄλλοτε
2872 3321 3121 3366 τοσοῦτον
3196 3322 3558 3367 ταπεινοῦνται
3656 3316 3907 3367 ὑποκάτω

2308 3403 2498 3459 παντὸς
2548 3400 2818 3475 ἀνθρώπου
2868 3401 2915 3453 ἐν
2966 3407 3410 3477 ταπεινοφροσύνῃ
3461 3410 3551 3457 τοῦ
3609 3407 3911 3477 Πνούματος

2308 3491 2374 3550 ὡς
2406 3488 2616 3552 έαυτούς
2659 3492 2863 3543 πάντων
2905 3490 3301 3565 ἐσχατωτέρους
3356 3498 3445 3545 καὶ
3494 3492 3735 3554 ἐλάττους
3762 3498 3910 3565 νομί-

2311 3580 2435 3640 ζειν.
2469 3576 2683 3632 ”Αλλοτε
2725 3578 2773 3631 iv
2821 3586 2969 3652 χαρᾷ
2995 3581 3319 3654 ἀνεκλαλήτῳ
3358 3584 3459 3634 ύπό
3488 3590 3580 3634 τοῦ
3610 3584 3909 3655 Πνεύματος

2310 3661 2703 3741 διατηροῦνται.
2732 3668 2947 3722 Ἂλλοτέ
2973 3669 3103 3723 εἰσιν
3146 3673 3321 3744 ὥσπερ
3352 3690 3434 3733 τις
3458 3668 3702 3738 δυνατὸς,
3736 3671 3914 3724 λαϐὼν

2306 3755 2593 3808 πανοπλίαν
2644 3756 2950 3829 βασιλικὴν,
3014 3764 3104 3812 καὶ
3146 3760 3401 3813 κατελθὼν
3451 3760 3498 3814 iv
3560 3760 3765 3834 πολέμῳ
3827 3761 3913 3814 ἐπὶ

2308 3847 2425 3905 τούς
2476 3844 2697 3920 ἐχθρούς
2740 3846 2974 3922 ἰσχυρῶς
3018 3855 3434 3920 καταγωνίσεται
3482 3854 3699 3912 τούτους
3759 3856 3908 3908 νική-

2310 3951 2431 3993 σας.
2491 3940 2716 4007 Ὁμοίως
2769 3938 2871 4011 γάρ
2932 3942 3023 3989 xui
3075 3942 3422 4008 πνευματικὸς
3478 3938 3728 4012 λαμϐάνει
3774 3938 3912 3992 ὃπλα

2308 4020 2590 4097 ἐπουράνια
2635 4032 2726 4076 τοῦ
2800 4029 3115 4098 Πνεύματος,
3184 4032 3274 4080 καὶ
3352 4027 3436 4080 ἐπὶ
3504 4032 3625 4091 τούς
3686 4031 3912 4101 έχθρούς

2306 4117 2621 4187 κατέρχεται
2665 4117 2749 4166 καὶ
2788 4114 3018 4187 πολεμεῖ,
3074 4121 3162 4168 καὶ
3195 4118 3525 4170 ύποστάσσει
3571 4117 3755 4178 αὐτοὺς
3804 4118 3907 4170 ύπό

2303 4205 2422 4264 τοὺς
2452 4200 2619 4264 πόδας
2663 4203 2846 4259 αὐτοῦ.

2377 4290 2455 4345 9'.
2516 4290 2729 4345 Ἀλλοτε
2775 4291 2823 4344 iv
2882 4293 3041 4366 πολλῇ
3089 4313 3191 4347 τινι
3252 4296 3482 4368 ἠσυχίᾳ,
3536 4302 3626 4349 καὶ
3676 4296 3904 4370 γαλήνῃ,

2304 4380 2517 4452 ἡψυχὴ
2571 4380 2911 4449 ἀναπαύεται,
2969 4384 3039 4445 εἰς
3091 4388 3251 4454 μόνην
3300 4382 3495 4444 ἡδονὴν
3549 4391 3905 4458 πνευματικὴν

2303 4475 2393 4521 καὶ
2432 4468 2728 4524 ἀνάπαυσιν
2780 4471 3004 4546 ἄρρητον
3050 4468 3201 4540 οὖσα,
3255 4479 3343 4526 xui
3392 4474 3650 4533 εὐθηνίαν.
3692 4474 3907 4529 ’Ἃλλοτε

2306 4556 2353 4610 iv
2400 4564 2603 4611 συνέσει
2650 4565 2754 4612 τινὶ
2801 4567 2890 4613 καὶ
2930 4567 3084 4634 σοφίᾳ
3116 4560 3344 4637 ἀρρήτῳ,
3391 4569 3480 4616 καὶ
3521 4570 3710 4635 γνώσει
3741 4567 3905 4617 Πνεύ-

2304 4667 2468 4719 ματος
2539 4647 2928 4723 ἀνεξερεύνητον
3006 4653 3107 4704 ὐπό
3169 4660 3263 4713 τῆς
3316 4654 3542 4727 χάριτος
3609 4654 3901 4726 σοφίζεται,

2305 4736 2433 4809 οἷπερ
2484 4734 2577 4790 διὰ
2626 4738 2868 4810 γλώσσης
2914 4745 3002 4793 καὶ
3048 4746 3309 4813 στόματος
3354 4741 3581 4800 λαλῆσαι
3611 4739 3893 4799 ἀδύνατον.

2306 4824 2520 4879 Ἀλλοτε
2575 4829 2747 4901 ὥσπερ
2821 4825 2893 4890 εἷς
2947 4836 3046 4881 τῶν
3116 4828 3396 4903 ἀνθρώπων
3438 4836 3692 4903 γίγνεται.
3748 4832 3902 4885 Οὒτω

2304 4915 2553 4978 ποικίλως
2605 4915 2654 4968 iv
2694 4916 2867 4977 αὐτοῖς
2918 4919 2947 4976 ἡ
3000 4920 3162 4990 χάρις
3220 4917 3616 4994 ἀναστρέφεται,
3670 4925 3759 4974 καὶ
3808 4941 3901 4974 πο·

2304 5000 2573 5077 λυτρόπως
2597 5000 2786 5075 ὁδηγεῖ
2834 5009 2926 5063 τὴν
2956 5005 3143 5077 ψυχὴν
3192 5005 3537 5061 ἀναπαύουσα
3572 5011 3708 5062 κατὰ
3731 5013 3791 5062 τὸ
3824 5012 3902 5063 θέ-

2303 5090 2446 5163 λημα
2488 5100 2579 5145 τοῦ
2628 5101 2779 5164 Θεοῦ,
2823 5099 2912 5146 καὶ
2961 5096 3218 5167 γυμνάζει
3267 5097 3429 5156 αὐτὴν
3481 5095 3759 5171 διαφόρως,
3817 5100 3903 5153 ἵνα

2307 5180 2497 5233 τελείαν
2565 5186 2653 5235 xui
2704 5184 2919 5255 ἄμωμον
2979 5190 3069 5238 καὶ
3140 5186 3374 5261 καθαρὰν
3453 5194 3525 5258 τῷ
3604 5187 3900 5263 ἕπουρανίῳ

2306 5275 2475 5345 Πατρὶ
2510 5270 2946 5346 ἀποκαταστήσῃ.

2381 5360 2435 5415 I’.
2492 5367 2673 5415 Ταῦτα
2726 5358 2785 5415 δι
2834 5364 2900 5415 τὰ
2955 5368 3302 5439 προειρημένα
3352 5371 3443 5418 τοῦ
3474 5368 3769 5438 Πνεύματος
3823 5365 3898 5419 iv-

620 5621 667 5660 ⁹²
698 5619 868 5678 Joan.
892 5631 989 5685 xu,
1027 5619 1117 5672 2t.
1195 5616 1242 5652 ⁸³
1270 5616 1439 5673 Joau.
1472 5630 1589 5679 xvx,
1624 5615 1713 5672 23.
1792 5615 1839 5652 ⁹⁴
1871 5615 2083 5699 Ephes.
2114 5632 2197 5684 γι,
2224 5620 2287 5673 t2
2319 5632 2445 5691 seq.
