4148 6262
1553 13 1556 16 .
1589 5 1652 16 ν-ν-
1673 7 1692 14 --
1707 1 1772 22 νὴ...
1795 7 1804 10 -
1845 9 1898 22 __.--
1944 0 1949 1 ⁷
2091 5 2174 18 Ρ,’¹¹
2199 1 2228 6 “’
2321 5 2334 22 ;
2393 0 2437 22 ω’
2461 1 2477 17 ,

753 53 916 70 -----.1"""
937 54 942 56 '
1003 55 1008 60 ο
1057 55 1060 58 ’
1149 57 1156 64 ι
1269 55 1296 64 -.-
1343 55 1346 58 ~
1371 55 1374 58 ~
1415 55 1422 58 -
1457 55 1468 60 ..
1551 55 1554 58 .
1629 55 1655 59 ,
1693 55 1702 58 _

330 402 426 457 6H
1582 385 1923 446 HOMILUE.
1965 414 2033 428 —
2074 383 2248 442 HOM.
2290 387 2435 445 XIX.

325 530 617 602 εργήματα,
694 519 928 593 μεγάλων
1002 522 1199 590 μέτρων
1256 516 1360 569 εἰσι
1432 524 1530 568 τῶν
1604 514 1758 587 ἐγγὺς
1830 520 1921 573 τῆς

2039 512 2114 566 ad
2130 529 2433 571 summum
2450 516 2705 587 gradum
2726 519 3024 588 pertinent
3038 535 3267 585 eorum,
3291 519 3394 592 qui
3416 519 3686 591 proxime

3586 395 3689 450 642

322 615 633 673 τελειότητος
663 613 838 663 ὄντων.
892 609 956 660 Αἱ
984 609 1085 681 γὰρ
1138 608 1510 681 προειρημέναι
1558 612 1650 664 τῆς
1700 605 1927 676 χάριτος

322 702 559 757 ποικίλαι
597 699 933 763 ἀναπαύσεις,
983 693 1249 770 διαφόρως
1303 698 1392 767 μεν
1421 693 1718 758 λαλοῦνται,
1767 689 1927 744 ἀδια-

320 793 538 854 λείπτως
635 786 694 844 δε
768 789 841 851 εἰς
942 787 1129 847 αύτούς
1225 785 1569 860 ἐνεργοῦνται,
1668 783 1924 857 ἐνέργειαν

322 881 571 957 ἐνεργείας
626 875 1034 950 διαδεχομένης.
1065 882 1225 928 Ὀταν
1277 876 1378 947 γὰρ
1411 875 1441 933 ἡ
1475 872 1630 945 ψυχὴ
1666 874 1796 943 πρός
1832 874 1923 928 τὴν

318 971 614 1029 τελειότητα
665 975 757 1021 τοῦ
816 969 1108 1038 πνεύματος
1154 969 1474 1035 καταντήσῃ,
1545 964 1747 1022 τελείως
1800 960 1924 1011 πάν-

320 1081 418 1115 των
478 1068 579 1113 τῶν
631 1060 811 1111 παθῶν
862 1055 1369 1128 ἀποκαθαρισθεῖσα,
1410 1056 1502 1104 καὶ
1540 1058 1611 1121 τῷ
1644 1047 1921 1121 Παρακλή-

319 1169 390 1221 τῳ
442 1151 705 1221 Πνεύματι
763 1142 858 1199 διὰ
918 1153 1014 1206 τῆς
1073 1142 1301 1218 ἀρρήτου
1356 1144 1625 1201 κοινωνίας
1680 1138 1926 1190 ἑνωθείσα

318 1244 407 1291 καὶ
475 1237 847 1306 ἀνακραθείσα,
920 1238 1007 1287 καὶ
1067 1233 1361 1304 καταξιωθῇ
1428 1236 1630 1301 πνεῦμα
1683 1227 1925 1298 γενέσθαι

321 1330 710 1400 συγκεκραμένη
810 1331 882 1395 τῷ
959 1325 1241 1395 Πνεύματι,
1314 1324 1427 1373 τότε
1473 1319 1562 1376 ὅλη
1640 1325 1765 1389 φῶς,
1832 1313 1921 1371 ὅλη

320 1416 603 1490 ὀφθαλμὸς,
657 1414 746 1472 ὅλη
777 1420 996 1484 πνεῦμα,
1050 1411 1162 1464 ὅλον
1214 1412 1382 1483 χαρὰ,
1444 1407 1557 1461 ὅλον
1606 1405 1919 1468 ἀνάπαυσις,

319 1508 431 1560 ὅλον
490 1504 820 1577 ἀγαλλίασις,
880 1503 992 1554 ὅλον
1043 1500 1244 1571 ἀγάπη,
1300 1499 1412 1551 ὅλον
1454 1496 1756 1567 σπλάγχνα,
1810 1493 1923 1546 ὅλον

320 1595 581 1667 ἀγαθότης
602 1597 691 1644 καὶ
713 1594 1017 1663 χρηστότης
1046 1594 1265 1660 γίνεται.
1296 1586 1497 1658 Ὠσπερ
1526 1587 1627 1657 γὰρ
1659 1586 1707 1635 ἓν
1749 1582 1910 1634 ἀϐύσ-

324 1703 398 1756 σῳ
455 1683 726 1742 θαλάσσης
776 1680 919 1741 λίθος
970 1679 1305 1749 πανταχόθεν
1363 1672 1519 1728 ύδατι
1570 1676 1872 1746 περιέχεται
1906 1688 1918 1701 ·

322 1773 490 1833 οὕτως
545 1770 710 1837 οὗτοι,
777 1772 933 1821 παντὶ
988 1771 1163 1841 τρόπῳ
1230 1768 1492 1836 Πνεύματι
1547 1762 1679 1834 ἁγίῳ
1738 1760 1922 1812 ἀνακε-

320 1865 591 1934 κραμένοι,
693 1858 1065 1930 ἀφομοιοῦνται
1123 1863 1197 1926 τῷ
1255 1861 1495 1928 Χριστῷ,

321 1958 417 2010 τῆς
466 1945 734 2020 δυνάμεως
791 1952 882 1998 τοῦ
936 1946 1237 2015 Πνεύματος
1291 1941 1555 2014 ἀτρέπτως
1606 1939 1655 1992 έν
1719 1939 1924 2000 ἑαυτοῖς

320 2041 547 2111 ἔχοντες,
622 2037 811 2089 ἔσωθεν
882 2038 1024 2097 ὄντες
1090 2034 1320 2106 ἄμωμοι,
1395 2036 1483 2084 καὶ
1555 2028 1769 2083 εἶσπιλοι
1832 2033 1921 2081 καὶ

320 2130 563 2203 καθαροί.

393 2217 497 2271 IA’.
549 2218 645 2269 Διὰ
693 2217 795 2288 γὰρ
844 2221 933 2267 τοῦ
994 2213 1288 2284 Πνεύματος
1334 2211 1782 2281 καταρτισθέντες,
1814 2215 1920 2268 πῶς

322 2305 571 2360 δύνανται
623 2308 824 2377 καρπόν
884 2303 1066 2365 ἔξωθεν
1105 2305 1294 2362 κακίας
1348 2306 1712 2372 προαγαγεῑν;
1763 2295 1923 2350 Ἀλλά

322 2400 542 2450 πάντοτε
600 2392 695 2447 διὰ
745 2394 969 2457 πάντων,
1022 2392 1073 2443 οἱ
1128 2393 1321 2464 καρποὶ
1368 2396 1460 2441 τοῦ
1528 2389 1826 2459 Πνεύματος
1873 2384 1921 2436 έν

324 2488 498 2548 αὐτοῖς
585 2481 973 2556 διαλάμπουσι.
1052 2478 1498 2552 Παρακαλέσωμεν
1565 2481 1736 2529 τοίνυν
1831 2480 1919 2527 καὶ

322 2577 469 2648 ἡμεῖς
493 2577 578 2627 τὸν
628 2576 775 2633 Θεὸν,
819 2575 909 2623 καὶ
938 2571 1300 2640 πιστεύσωμεν
1331 2566 1379 2619 έν
1408 2564 1585 2638 ἀγάπη
1618 2570 1708 2617 καὶ
1752 2559 1899 2616 ἐλπίδ
1906 2583 1922 2614 ι

322 2664 509 2735 πολλῇ,
585 2662 669 2713 ’ἱνα
722 2656 832 2732 δῴη
890 2660 1012 2731 ἡμῖν
1089 2661 1183 2715 τὴν
1241 2656 1542 2729 ἐπουράνιον
1615 2656 1776 2726 χάριν
1827 2660 1921 2714 τῆς

323 2749 519 2827 δωρεᾶς
548 2760 639 2804 τοῦ
671 2752 988 2822 Πνεύματος,
1045 2748 1128 2799 ἶνα
1178 2750 1264 2798 καὶ
1293 2747 1429 2818 ἡμᾶς
1459 2744 1585 2797 αύτό
1624 2747 1681 2795 τό
1716 2750 1924 2815 Πνεῦμα

319 2841 612 2915 κυϐερνήση
654 2844 745 2892 καὶ
786 2835 1034 2910 όδηγήσῃ
1069 2836 1142 2898 εἰς
1169 2842 1269 2888 πᾶν
1313 2838 1371 2887 τό
1422 2833 1617 2906 θέλημα
1656 2840 1745 2885 τοῦ
1772 2837 1918 2898 Θεοῦ,

317 2938 409 2985 καὶ
467 2931 742 3003 ἀναπαύσῃ
795 2930 933 3001 ἡμᾶς
963 2925 1011 2979 ἐν
1067 2933 1126 2999 τῇ
1159 2923 1490 2982 ποικιλότητι
1546 2930 1636 2983 τῆς
1688 2921 1923 2975 ἀναπαύ-

323 3040 447 3082 σεως
478 3020 659 3085 αὐτοῦ,
714 3020 797 3070 ἶνα
850 3013 944 3069 διὰ
994 3024 1089 3076 τῆς
1140 3016 1382 3073 τοιαύτης
1427 3010 1782 3085 κυϐερνήσεως
1832 3015 1922 3062 καὶ

320 3118 412 3162 τοῦ
453 3114 765 3181 γυμνασμοῦ
794 3115 885 3165 τῆς
940 3106 1182 3177 χάριτος,
1237 3108 1328 3155 καὶ
1392 3108 1661 3174 προκοπῆς
1699 3119 1921 3172 πνευμα-

322 3206 496 3264 τικῆς,
536 3196 936 3266 καταξιωθῶμεν
990 3194 1061 3255 εἰς
1108 3196 1201 3250 τὴν
1248 3191 1546 3248 τελειότητα
1573 3198 1666 3242 τοῦ
1711 3189 1923 3261 πληρώ-

324 3306 483 3358 ματος
523 3293 616 3339 τοῦ
644 3291 881 3357 Χριστοῦ
926 3283 1145 3354 φθάσαι,
1195 3281 1264 3341 ὥς
1310 3298 1467 3352 φησιν
1495 3281 1521 3331 ὁ
1569 3277 1917 3338 Ἀπόστολος·

321 3374 451 3428 Ἵνα
486 3373 872 3447 πληρωθῆτε
912 3370 1003 3432 εἰς
1040 3374 1163 3422 πᾶν
1192 3371 1260 3420 τό
1289 3367 1601 3443 πλήρωμα
1628 3373 1734 3419 τοῦ
1774 3374 1922 3439 Χρι-

327 3472 483 3517 στοῦ
510 3481 522 3494 ·
566 3467 655 3515 καὶ
684 3460 858 3531 πάλιν,
890 3463 1103 3533 Μέχρι
1139 3462 1641 3529 καταντήσωμεν
1681 3458 1738 3508 οἱ
1774 3457 1923 3508 πάν-

320 3572 419 3615 τες
458 3552 547 3615 εἰς
581 3547 789 3623 ἄνδρα
826 3549 1088 3612 τέλειον,
1129 3547 1222 3609 εἰς
1258 3551 1486 3622 μέτρον
1524 3546 1774 3607 ἡλικίας
1812 3551 1921 3597 τοῦ

320 3642 749 3715 πληρώματος
785 3646 895 3692 τοῦ
935 3644 1255 3712 Χριστοῦ.
1288 3635 1710 3708 Ἐπηγγείλατοό
1734 3637 1922 3709 Κύριος

320 3739 452 3785 πᾶσι
480 3738 591 3793 τοῖς
616 3731 955 3783 πιστεύουσιν
979 3727 1137 3798 αύτῷ,
1165 3731 1251 3779 καὶ
1281 3726 1607 3798 αἰτουμένοις
1630 3725 1681 3777 ἐν
1708 3723 1922 3796 ἀληθείᾳ

320 3819 668 3896 δωρήσασθαι
714 3822 781 3872 τὰ
808 3823 1079 3892 μυστήρια
1107 3824 1203 3879 τῆς
1259 3815 1488 3892 ἀῤῥήτου
1519 3819 1786 3877 κοινωνίας
1827 3822 1918 3867 τοῦ

318 3914 632 3985 Πνεύματος,
713 3914 815 3963 Καὶ
886 3911 1036 3981 ἡμεῖς
1093 3902 1180 3959 οὖν
1271 3906 1510 3969 όλοτελῶς
1589 3906 1795 3965 ἑαυτοὺς
1844 3911 1917 3975 τῷ

322 4006 498 4077 Κυρίῳ
542 4000 810 4062 ἀναθέντες
879 4006 979 4051 τῶν
1039 4000 1421 4070 προειρημένων
1483 3995 1690 4067 ἀγαθῶν
1742 4002 1922 4067 τυχεῖν

323 4092 649 4161 σπεύσωμεν,
716 4087 870 4159 ψυχῇ
940 4091 1031 4138 καὶ
1109 4090 1313 4157 σώματι
1383 4086 1764 4156 ἀφιερωθέντες,
1832 4084 1923 4134 καὶ

321 4185 394 4249 τῷ
452 4184 661 4251 σταυρῷ
708 4183 801 4228 τοῦ
852 4181 1089 4248 Χριστοῦ
1148 4172 1587 4247 προσηλωθέντες,
1640 4172 1779 4235 ἄξιοι
1835 4180 1925 4232 τῆς

323 4265 533 4319 αἰωνίου
602 4263 877 4336 βασιλείας
952 4263 1236 4333 γενώμεθα,
1307 4257 1615 4323 δοξάζοντες
1693 4262 1921 4333 Πατέρα,

322 4360 413 4409 καὶ
442 4356 581 4421 Υίόν,
613 4359 704 4407 καὶ
759 4352 908 4425 ἅγιον
940 4357 1168 4424 Πνεῦμα,
1218 4350 1289 4413 εἰς
1326 4354 1445 4413 τοὺς
1486 4350 1696 4413 αἰῶνας.
1733 4351 1920 4423 Ἀμήν.

927 4480 1174 4530 ΟΜῙΛΙΔ
1216 4473 1323 4529 ΙΘ’.

2037 615 2073 656 a
2105 602 2465 672 perfectione
2495 604 2742 664 absunt.
2774 606 2889 662 Illa:
2930 608 3110 673 enim,
3144 624 3402 679 quarum
3435 608 3683 663 mentio-

2036 704 2173 745 nem
2220 690 2491 758 fecimus,
2546 695 2724 750 varim
2773 695 3211 752 moderationes
3251 696 3472 767 gratias,
3524 696 3686 751 varie

2034 780 2278 851 quidem
2319 782 2755 854 exprimuntur,
2789 786 3032 842 assidue
3071 793 3267 842 tamen
3309 786 3370 841 in
3408 786 3686 842 homines

2034 876 2242 938 agunt,
2303 871 2533 929 actione
2593 874 2885 930 actionem
2941 877 3291 948 excipiente.
3352 874 3459 932 Ubi
3525 874 3685 930 enim

2035 960 2239 1016 anima
2256 961 2332 1016 ad
2354 962 2777 1033 perfectionem
2796 964 3040 1035 spiritus
3059 967 3409 1036 pervenerit,
3430 964 3684 1037 perfecte

2035 1047 2113 1103 ab
2138 1050 2420 1105 omnibus
2451 1050 2761 1107 aﬂ‘ectibus
2787 1059 3136 1125 expurgata,
3168 1059 3224 1109 et
3244 1054 3485 1126 Spiritui
3513 1054 3684 1108 Para-

2035 1136 2185 1193 cleto
2199 1154 2419 1195 arcana
2434 1141 2714 1198 societate
2728 1142 2892 1198 unita
2906 1148 2961 1199 et
2974 1144 3350 1214 permista,ac
3364 1147 3683 1213 temperata

2035 1243 2172 1282 cum
2210 1229 2423 1300 Spiritu
2447 1230 2630 1301 digna
2658 1231 2917 1287 habetur
2935 1233 3061 1288 ﬁeri
3088 1232 3367 1304 spiritus;
3403 1237 3527 1287 tum
3565 1235 3685 1286 tota

2032 1315 2156 1383 lux,
2189 1322 2313 1373 tota
2340 1318 2567 1385 oculus,
2612 1325 2733 1376 tota
2764 1321 3026 1393 spiritus,
3063 1327 3184 1378 tota
3209 1321 3520 1392 gaudium,
3563 1323 3686 1374 tota

2034 1404 2367 1467 delectatio.
2398 1413 2519 1464 tota
2549 1409 2880 1473 exsultatio,
2918 1416 3038 1467 tota
3062 1411 3321 1475 dilectio,
3350 1414 3471 1466 tota
3501 1410 3684 1463 visce-

2032 1511 2119 1558 ra,
2153 1500 2279 1552 tota
2307 1496 2547 1553 bonitas
2587 1503 2644 1554 et
2673 1498 2990 1556 clementia
3025 1500 3110 1557 ﬁt.
3144 1500 3304 1557 Sicut
3339 1500 3500 1555 enim
3530 1497 3685 1569 lapis

2034 1584 2095 1639 in
2117 1585 2419 1657 profundo
2445 1588 2626 1642 maris
2654 1587 2918 1661 undique
2944 1605 3104 1662 aqua
3127 1588 3531 1644 circumdatur
3555 1603 3566 1641 :
3598 1586 3683 1641 sic

2032 1673 2114 1738 hi,
2155 1677 2321 1730 omni
2369 1677 2551 1732 modo
2597 1677 2833 1749 Spiritui
2883 1685 3086 1734 sancto
3124 1678 3414 1750 permisti,
3461 1675 3683 1732 similes

2033 1762 2185 1819 ﬁunt
2211 1764 2440 1828 Christi,
2470 1766 2716 1821 virtutes
2753 1768 3031 1837 potentiae
3064 1768 3313 1839 Spiritus
3339 1771 3684 1823 constanter

1578 1854 1674 1911 τὰς
1743 1850 1923 1923 ἀρετὰς
1956 1867 2002 1923 Β
2033 1852 2092 1907 in
2118 1868 2179 1907 se
2201 1852 2347 1924 ipsis
2376 1853 2734 1920 obtinentes,
2762 1855 2919 1910 intus
2944 1856 3316 1921 exsistentes,
3336 1855 3534 1912 omnis
3557 1871 3682 1912 ma-

2032 1940 2179 1997 culae
2221 1958 2290 1998 ac
2318 1942 2795 2013 reprehensionis
2827 1950 3094 2016 expertes
3133 1948 3314 2017 atque
3344 1944 3499 2016 puri.

2104 2210 2187 2265 ΧΙ.
2216 2209 2361 2265 Cum
2393 2211 2554 2267 enim
2580 2227 2687 2283 per
2706 2212 2989 2284 Spiritum
3017 2214 3135 2270 sint
3162 2216 3495 2283 restaurati,
3526 2232 3682 2290 quo-

2030 2297 2215 2353 modo
2235 2305 2399 2354 extra
2421 2305 2671 2370 possunt
2691 2300 2949 2357 fructum
2980 2302 3218 2358 malitiae
3239 2304 3506 2375 proferre
3522 2305 3549 2360 ?
3584 2308 3681 2361 Ve-

2030 2402 2163 2442 rum
2195 2392 2481 2459 perpetuo
2500 2404 2605 2459 per
2636 2390 2843 2446 omnia
2864 2389 3091 2447 fructus
3115 2393 3364 2465 Spiritus
3382 2394 3442 2449 in
3467 2395 3538 2450 iis
3559 2396 3682 2450 eni-

2032 2482 2285 2531 tescunt.
2320 2478 2569 2532 Oremus
2602 2479 2779 2547 igitur
2806 2495 3047 2553 quoque
3076 2496 3187 2536 nos
3220 2484 3426 2549 Deum,
3469 2488 3525 2539 et
3552 2499 3679 2539 cre-

2033 2581 2168 2620 mus
2223 2566 2285 2620 in
2341 2565 2652 2622 dilectione
2709 2584 2779 2623 ac
2828 2584 2931 2640 spe
2980 2585 3224 2639 magna,
3282 2576 3344 2626 ut
3393 2572 3681 2642 largiatur

2032 2653 2208 2709 nobis
2248 2654 2547 2711 crelestem
2588 2656 2842 2725 gratiam
2873 2657 3016 2712 doni
3068 2659 3339 2730 Spiritus,
3378 2666 3439 2715 ut
3473 2667 3529 2716 et
3569 2677 3679 2716 nos

2032 2742 2159 2814 ipse
2190 2743 2443 2815 Spiritus
2466 2744 2774 2815 gubernet,
2809 2751 2863 2801 et
2883 2746 3064 2802 ducat
3090 2748 3169 2803 ad
3198 2764 3442 2804 omnem
3477 2749 3681 2805 volun-

2033 2837 2211 2889 tatem
2233 2832 2523 2901 divinam,
2548 2850 2618 2889 ac
2640 2850 2750 2889 nos
2771 2834 2996 2891 reﬁciat
3016 2836 3193 2892 variis
3214 2837 3442 2909 requiei
3463 2839 3679 2906 modis,

2032 2928 2096 2977 ut
2111 2938 2225 2993 ope
2241 2922 2419 2992 hujus
2442 2923 2913 2993 gubernationis,
2929 2930 2986 2980 et
2998 2926 3438 2982 exercitationis
3452 2929 3676 2997 gratias,

2032 3027 2103 3067 ac
2148 3012 2542 3082 promotionis
2601 3012 2946 3084 spiritualis,
2997 3015 3161 3085 digni
3210 3015 3546 3073 habeamur
3599 3019 3679 3075 ad

2032 3101 2456 3172 perfectionem
2488 3101 2874 3171 plenitudinis
2903 3102 3113 3158 Christi
3143 3106 3474 3176 pervenire,
3504 3117 3566 3161 ut
3594 3106 3681 3161 in-

2032 3189 2161 3262 quit
2178 3188 2525 3260 Apostolus:
2558 3190 2629 3245 Ut
2651 3191 3020 3259 impleamim'
3034 3192 3096 3247 in
3112 3209 3341 3250 omnem
3361 3195 3681 3263 plenitudi-

2032 3293 2165 3334 nem
2215 3277 2435 3333 Christi
2470 3279 2537 3330 ’5.
2573 3279 2637 3334 Et
2684 3294 2964 3335 rursum:
3020 3280 3217 3338 Donec
3261 3284 3679 3352 perveniamus

2032 3381 2229 3422 omnes
2250 3366 2311 3421 in
2327 3366 2520 3422 virum
2536 3368 2888 3437 perfectum,
2911 3369 2974 3424 in
2991 3384 3329 3427 mensuram
3353 3374 3543 3429 aetatis
3558 3374 3682 3443 pte-

2030 3455 2323 3511 nitudz’nis
2358 3455 2665 3512 Christi".
2694 3456 2965 3513 Promisit
2998 3460 3288 3515 Dominus
3309 3461 3592 3518 omnibus
3617 3461 3679 3518 in

2032 3561 2097 3600 se
2132 3545 2532 3615 credentibus,
2554 3550 2609 3601 et
2631 3544 2692 3600 in
2717 3547 2961 3602 veritate
2989 3548 3456 3620 postulantibus,
3485 3568 3547 3607 se
3568 3551 3680 3609 lar-

2031 3635 2295 3706 giturum
2315 3635 2599 3707 mysteria
2612 3634 2925 3691 ineﬂ'abilis
2942 3639 3387 3695 communionis
3405 3641 3679 3714 Spiritus.

2032 3728 2401 3795 Quapropter
2440 3723 2674 3795 penitus
2713 3740 2821 3780 nos
2856 3724 3022 3796 ipsos
3072 3728 3323 3785 Domino
3368 3745 3681 3786 consecre-

2031 3830 2188 3879 mus,
2208 3817 2263 3868 et
2280 3813 2356 3868 ad
2378 3813 2662 3884 praedicta
2682 3813 2845 3871 bona
2856 3817 3283 3888 consequenda
3305 3818 3679 3886 festinemus,

2033 3917 2281 3973 corpore
2347 3902 2670 3974 animoque
2730 3904 3077 3968 consecrati,
3137 3910 3192 3960 et
3238 3908 3394 3961 cruci
3466 3908 3676 3963 Christi

2034 3990 2216 4057 afﬁxi,
2268 3990 2435 4059 digni
2478 4006 2665 4059 regno
2717 3997 2939 4047 esterno
2983 3992 3223 4058 ﬁamus,
3280 3995 3682 4065 gloriﬁcantes

2036 4083 2288 4145 Patrem,
2331 4079 2537 4134 Filium
2576 4084 2632 4136 et
2673 4079 2957 4152 Spiritum
3001 4088 3279 4139 sanctum
3333 4084 3392 4140 in
3441 4085 3685 4142 smcula.

2036 4173 2245 4223 Amen.

2628 4472 2916 4530 HOMILIA
2957 4474 3084 4531 XIX.

326 4607 402 4659 Οἱ
441 4608 860 4677 Χριστιανοὶ,
898 4604 1292 4677 προκόπτει-ν
1358 4604 1464 4652 καὶ
1523 4600 1915 4677 αύξάνεσθαι

2040 4595 2367 4677 Christiani
2394 4597 2681 4677 proﬁcere
2710 4604 2760 4653 et
2792 4613 3053 4677 creseere
3081 4601 3351 4677 scientes,
3380 4602 3584 4659 debent
3624 4619 3685 4661 se

398 4670 782 4748 βουλόμενοι
836 4670 1208 4748 ὀφείλουσιν
1248 4673 1532 4748 ἑαυτούς
1565 4670 1921 4748 βιάζεσθαι

398 4744 551 4834 πρὸς
606 4744 748 4800 ’πᾶν
817 4744 889 4799 τό
966 4745 1228 4818 ἀγαθόν,
1295 4747 1463 4831 ὥστε
1521 4744 1920 4816 λυτροῦσθαι

399 4815 632 4877 αὖτοὺς
671 4817 794 4870 ἀπὸ
824 4826 946 4891 Δτῆς
984 4815 1383 4891 ἐνοικούσηςγ
1411 4815 1756 4891 ἁμαρτίας,
1802 4822 1913 4870 καὶ

400 4890 768 4959 Πνεύματος
812 4888 998 4959 ἁγίου
1052 4889 1491 4963 πληροῦσθαι.

400 5009 474 5065 Α’.
507 5009 565 5062 Ὀ
618 5008 924 5082 βουλόμενος
954 5013 1249 5084 προσελόεῐν
1296 5020 1369 5085 τῷ
1404 5017 1598 5088 Κυρίῳ,
1648 5018 1739 5065 καὶ
1789 5017 1922 5076 ζωῆς

329 5099 541 5153 αἰωνίου
570 5099 958 5162 καταξιωθῆναι
1004 5106 1094 5154 καὶ
1119 5106 1521 5177 κατοικητήριον
1567 5110 1659 5155 τοῦ
1686 5110 1923 5178 Χριστοῦ

325 5192 589 5262 γενεσθαι,
665 5193 756 5242 καὶ
821 5192 1115 5261 Πνεύματος
1175 5190 1328 5262 ἁγίου
1406 5191 1763 5266 πληρωθῆναι,
1844 5193 1926 5245 ἵνα

325 5284 450 5342 τοὺς
522 5282 757 5353 καρπούς
835 5285 927 5331 τοῦ
988 5281 1299 5351 Πνεύματος,
1390 5285 1480 5333 καὶ
1558 5283 1647 5341 τὰς
1725 5279 1926 5343 ἐντολὰς

324 5376 418 5422 τοῦ
470 5376 706 5443 Χριστοῦ
738 5365 939 5441 δυνηθῇ
968 5375 1190 5427 ποιῆσαι
1244 5369 1485 5442 καθαρῶς
1538 5374 1627 5421 καὶ
1676 5366 1920 5442 ἀμώμως,

326 5459 472 5519 οὗτος
514 5458 702 5532 ὀφείλει
750 5458 1015 5532 ἄρξασθαι
1058 5464 1259 5529 πρῶτον
1312 5460 1574 5511 πιστεύειν
1625 5467 1698 5530 τῷ
1754 5462 1924 5530 Κυρίῳ

328 5545 568 5621 βεϐαίως,
620 5552 710 5601 καὶ
755 5544 1029 5601 ἐπιδοῦναι
1081 5546 1264 5599 ἑαυτὸν
1316 5546 1370 5609 ἐξ
1416 5546 1534 5599 ὅλου
1594 5554 1700 5607 τοῖς
1754 5546 1923 5617 λόγοις

325 5645 428 5690 τῶν
475 5636 685 5691 ἐντολῶν
747 5638 929 5705 αὐτοῦ,
994 5640 1087 5690 καὶ
1165 5635 1529 5700 ἀποτάξασθαι
1606 5642 1680 5707 τῷ
1740 5640 1922 5707 κόσμῳ

398 5791 446 5827 ’⁵
478 5789 696 5863 Ephes.
730 5805 811 5857 ιιι,
847 5793 934 5847 10.
1012 5792 1060 5827 ³⁸
1101 5790 1323 5862 Ephes.
1356 5805 1435 5856 IV,
1461 5789 1549 5847 13.

581 5891 822 5947 ΡΑτιιοι.
856 5890 957 5947 Gn.
990 5890 1231 5947 XXXIV.

2106 4669 2167 4742 ai
2195 4668 2541 4742 compellere
2567 4670 2649 4742 ad
2678 4685 2849 4742 omne
2872 4670 2935 4725 id
2956 4671 3114 4742 quod
3144 4673 3357 4728 bonum
3388 4679 3489 4741 est,
3522 4682 3585 4730 ut
3620 4677 3688 4731 ti-

2106 4740 2388 4815 berentur
2417 4741 2492 4795 ab
2518 4741 2894 4798 inhabitants
2909 4740 3171 4810 peccato,
3195 4750 3246 4800 et
3273 4740 3501 4815 Spiritu
3514 4762 3684 4803 sanc-

2102 4818 2159 4867 to
2188 4813 2559 4915 repleantar.

2102 5011 2145 5067 I.
2189 5009 2297 5075 Qui
2352 5014 2593 5080 exoptat
2621 5009 2903 5066 accedere
2946 5011 3024 5067 ad
3078 5014 3420 5084 Dominum,
3462 5023 3517 5071 et
3564 5018 3682 5074 vita

2032 5105 2257 5155 aeterna
2277 5098 2496 5169 dignus
2524 5098 2755 5163 haberi,
2788 5099 3159 5157 domicilium
3190 5103 3399 5159 Christi
3432 5105 3578 5175 ﬁeri,
3611 5124 3681 5164 ac

2037 5189 2251 5260 Spiritu
2301 5193 2509 5244 sancto
2550 5187 2784 5259 repleri,
2832 5190 3213 5261 quofructus
3246 5193 3495 5264 Spiritus
3544 5212 3685 5267 pro-

2034 5277 2272 5347 ducere,
2305 5283 2361 5332 et
2388 5276 2680 5333 mandata
2716 5279 2927 5334 Christi
2954 5279 3147 5335 facere
3181 5298 3327 5352 pure
3367 5288 3422 5340 et
3452 5285 3683 5357 absque

2034 5366 2494 5437 reprehensione
2543 5366 2750 5437 possit,
2784 5366 2877 5421 ille
2926 5367 3064 5424 hinc
3094 5370 3327 5428 initium
3361 5379 3576 5440 sumat,
3624 5379 3685 5430 ut

2036 5454 2098 5509 in
2148 5453 2357 5525 primis
2400 5453 2648 5510 ﬁrmiter
2687 5455 2941 5511 Domido
2989 5458 3212 5525 credat,
3267 5477 3452 5532 seque
3494 5468 3679 5517 totum

2036 5542 2233 5599 tradat
2276 5543 2588 5614 praaceptis
2635 5559 2704 5600 ac
2744 5545 3049 5601 mandatis
3092 5547 3242 5618 ejus,
3277 5565 3346 5605 ac
3392 5549 3685 5605 renuntiet

2039 5630 2267 5688 mundo
2311 5647 2417 5704 per
2465 5632 2689 5697 omnia,
2742 5649 2817 5690 ne
2849 5632 2968 5690 ullo
3003 5635 3185 5692 modo
3230 5638 3387 5695 circa
3416 5654 3505 5705 ea,
3547 5653 3682 5709 qua

3261 5886 3325 5943 21
