4148 6262
462 344 565 398 643
1762 328 1822 386 S.
1872 322 2175 386 MACARII

452 467 644 522 oculis
682 468 909 537 patent,
951 467 1076 520 tota
1119 462 1248 533 ejus
1278 475 1450 516 mens
1481 461 1826 529 occupetur.
1879 454 2103 511 Deinde
2136 455 2183 509 Α

451 570 697 627 quoque
722 557 1111 623 oporteteum
1142 554 1430 623 perpetuo
1456 548 1515 603 in
1544 547 1810 603 oratione
1832 560 2108 617 perseve-

448 660 602 710 rare,
641 644 699 699 in
744 643 862 698 ﬁde
901 658 1035 714 quae
1089 644 1391 711 exspectat
1437 637 1779 701 Dominum,
1820 634 2104 690 visitatio-

455 748 595 789 nem
634 738 691 787 et
716 731 1005 787 auxilium
1047 731 1173 799 ejus
1204 743 1439 799 semper
1464 729 1931 797 exspectantem,
1975 739 2107 778 sco-

452 837 720 893 pumqne
739 820 955 876 mentis
977 835 1101 874 suae
1124 834 1194 873 eo
1214 832 1453 888 semper
1475 815 1854 885 dirigentem.
1884 812 2104 868 Deinde

452 909 808 981 compellere
830 913 1065 979 oportet
1086 906 1366 977 seipsum
1390 906 1466 960 ad
1480 920 1659 959 omne
1681 919 1835 975 opus
1850 901 2103 969 bonum,

455 999 567 1070 81
607 1002 661 1054 et
690 998 767 1054 ad
798 997 1006 1053 omnia
1047 996 1336 1051 mandata
1366 993 1619 1060 Domini,
1653 996 1894 1064 propter
1934 992 2106 1045 inna-

452 1092 579 1144 tum
612 1087 723 1142 sibi
753 1091 1089 1157 peccatum.
1118 1084 1304 1139 Veluti
1344 1081 1663 1153 compellat
1702 1096 1763 1135 se
1795 1081 1993 1152 ipsum
2025 1079 2104 1134 ad

452 1176 883 1232 demissionem
907 1174 1089 1230 animi
1113 1189 1315 1229 coram
1339 1172 1623 1228 omnibus
1641 1170 2009 1237 hominibus,
2034 1185 2104 1224 ac

452 1282 514 1319 se
557 1265 896 1320 inferiorem
937 1271 993 1318 et
1017 1262 1401 1332 abjectiorem
1446 1261 1757 1325 existimet,
1792 1274 1913 1313 non
1943 1274 2105 1329 quaa-

448 1370 585 1409 rens
622 1353 933 1418 honorem,
983 1352 1247 1415 laudem,
1286 1357 1388 1405 aut
1431 1350 1682 1419 gloriam
1715 1366 1751 1405 a
1789 1363 2103 1419 quoquam

451 1442 790 1511 hominum,
817 1449 877 1497 ut
901 1443 959 1497 in
977 1440 1289 1509 Evangelio
1317 1441 1603 1510 scriptum
1630 1444 1753 1493 est:
1776 1439 1879 1492 sed
1905 1437 2103 1491 solum

456 1531 772 1585 Dominum
807 1545 1043 1599 semper
1080 1529 1158 1583 ob
1199 1527 1404 1582 oculos
1437 1527 1677 1589 habeat,
1721 1532 1777 1581 et
1819 1526 2105 1580 mandata

450 1618 600 1689 ejus,
652 1617 765 1689 ipsi
807 1618 913 1673 soli
962 1618 1192 1688 placere
1239 1616 1485 1671 studens
1529 1616 1587 1670 in
1642 1614 2103 1669 mansuetudine

451 1707 667 1771 cordis,
702 1713 764 1762 ut
792 1707 985 1779 inquit
1015 1708 1299 1762 Dominus
1330 1723 1343 1761 :
1384 1705 1602 1761 Discite
1630 1720 1667 1760 a
1697 1720 1788 1760 me
1816 1705 1975 1775 quod
2000 1704 2104 1758 mi-

452 1796 527 1851 tis
548 1813 675 1851 sum
704 1803 757 1852 et
787 1795 1028 1851 humilis
1059 1795 1247 1861 corde,
1272 1801 1326 1851 et
1347 1796 1657 1850 invenietis
1682 1794 1940 1865 requiem
1971 1793 2103 1849 ani—
2133 1811 2175 1865 Β

448 1886 656 1941 mabus
695 1884 905 1941 vestris
928 1886 995 1938 97.

518 1992 587 2045 II.
630 1992 836 2046 Itidem
887 1995 948 2048 ut
979 1991 1054 2046 sit
1101 1991 1461 2054 misericors,
1502 1990 1819 2061 benignus,
1872 2006 2099 2063 pronus

450 2080 526 2136 ad
544 2081 953 2136 miserandum
976 2097 1043 2135 ac
1069 2080 1285 2145 bonus,
1304 2096 1411 2152 pro
1433 2080 1658 2135 viribus
1677 2081 1801 2134 suis
1817 2097 1880 2135 se
1901 2097 2102 2135 assue-

446 2168 644 2234 faciat,
677 2175 737 2223 ut
764 2170 953 2241 inquit
987 2170 1307 2224 Dominus:
1343 2170 1541 2225 Estote
1572 2169 1707 2224 boni
1738 2185 1809 2224 ac
1841 2169 2098 2238 benigni,

447 2258 596 2313 sicut
624 2260 805 2313 Pater
832 2266 1021 2314 vester
1051 2260 1295 2313 caelestis
1324 2259 1658 2314 misericors
1680 2259 1845 2314 est”.
1874 2261 1937 2313 Et
1968 2275 2099 2312 rur-

450 2362 555 2400 sus
578 2347 795 2418 inquit:
830 2348 899 2402 Si
908 2347 1162 2417 diligitis
1184 2363 1293 2410 me,
1308 2355 1609 2417 praecepta
1631 2363 1760 2403 mea
1786 2352 2016 2403 servate
2028 2348 2095 2400 ⁸⁸.

450 2437 515 2490 Et
552 2452 796 2490 rursus:
831 2436 894 2491 Si
932 2437 1264 2493 contendite
1296 2437 1529 2493 intrare
1556 2452 1664 2505 per
1708 2444 1946 2505 portam
1986 2453 2097 2493 an-

444 2531 680 2594 gustam
696 2527 738 2578 1.
776 2528 894 2579 Prae
916 2527 1200 2580 omnibus
1227 2526 1629 2581 humilitatem
1653 2526 1906 2590 Domini,
1941 2527 2100 2597 ejus-

445 2629 564 2684 que
592 2614 827 2668 vivendi
854 2616 1166 2682 rationem,
1186 2615 1717 2670 mansuetudinem
1749 2631 1818 2670 ac
1848 2631 2097 2670 conver-

443 2702 761 2767 sationem,
814 2709 1102 2775 tanquam
1150 2704 1454 2775 exemplar
1497 2703 1556 2759 in
1597 2704 1765 2760 omni
1809 2706 2099 2761 memoria

446 2791 695 2845 minime
738 2791 1032 2847 obliviosa
1077 2793 1345 2857 retineat,
1379 2793 1439 2846 in
1487 2793 1858 2848 orationibus
1905 2810 2099 2865 perse-

445 2885 626 2945 veret,
648 2897 886 2952 semper
907 2897 1087 2937 orans
1110 2882 1168 2936 in
1192 2881 1330 2946 ﬁde,
1357 2887 1416 2936 ut
1439 2883 1726 2937 Dominus
1748 2882 1968 2948 veniat,
1990 2883 2098 2938 ha-

444 2969 591 3024 bitet
637 2969 697 3025 in
746 2986 839 3035 eo,
894 2977 1275 3026 consummet
1322 2987 1390 3026 ac
1449 2971 1791 3026 corroboret
1845 2988 1983 3026 eum
2039 2974 2097 3026 in

444 3058 727 3114 omnibus
753 3059 1053 3115 mandatis
1076 3062 1231 3126 suis;
1257 3066 1437 3132 atque
1460 3060 1636 3116 etiam
1660 3060 1789 3131 ipse
1812 3062 2101 3116 Dominus

442 3145 548 3202 ﬁat
587 3147 959 3203 domicilium
993 3149 1251 3216 animae;
1294 3155 1349 3203 et
1376 3150 1454 3204 ita
1487 3165 1623 3219 quae
1650 3164 1811 3204 nunc
1844 3151 1899 3204 vi
1934 3151 2099 3206 inviti
2134 3164 2173 3219 ι]

442 3238 641 3292 cordis
661 3237 817 3303 facit,
834 3242 1045 3309 sponte
1060 3237 1390 3310 aliquando
1405 3245 1671 3309 peragat,
1692 3238 2101 3295 assuefaciens

445 3341 508 3380 se
538 3326 729 3395 ipsum
768 3333 1052 3397 perpetuo
1081 3326 1157 3381 ad
1188 3326 1249 3381 id
1274 3328 1438 3398 quod
1462 3328 1691 3381 bonum
1723 3333 1830 3394 est,
1864 3328 2098 3383 Domini

443 3429 679 3484 semper
708 3415 1055 3479 recordans,
1083 3420 1139 3470 et
1164 3421 1520 3486 exspectans
1554 3432 1690 3470 eum
1720 3423 2006 3487 perpetuo
2038 3418 2097 3472 in

443 3517 684 3556 summa
732 3502 1068 3558 dilectione.
1118 3506 1263 3558 Tum
1312 3520 1450 3558 vero
1498 3504 1804 3569 Dominus,
1857 3506 2094 3575 cognito

445 3595 607 3644 tanto
648 3591 778 3659 ejus
819 3590 1127 3662 proposito
1158 3597 1211 3646 et
1239 3591 1490 3647 consilio
1522 3608 1591 3646 ac
1635 3592 1923 3647 laudabili
1964 3595 2094 3664 ejus

444 3679 660 3743 studio,
702 3680 957 3734 nimium
997 3684 1305 3751 quomodo
1337 3698 1397 3737 se
1429 3681 1750 3753 compellat
1800 3686 1863 3736 ut
1896 3685 2094 3739 Domi-

445 3781 593 3821 num
611 3766 672 3821 in
693 3768 983 3824 memoria
1004 3768 1271 3834 retineat,
1295 3775 1353 3824 et
1369 3769 1445 3825 ad
1468 3770 1526 3824 id
1550 3770 1712 3841 quod
1730 3770 1960 3827 bonum
1980 3778 2089 3829 est.

444 3855 521 3911 ad
556 3858 1076 3913 mansuetudinem
1099 3874 1168 3913 ac
1191 3859 1569 3914 dilectionem
1589 3875 1691 3914 cor
1718 3860 1812 3915 vel
1842 3861 2090 3916 invitum

442 3946 782 4018 compellat,
808 3963 877 4002 ac
907 3946 1124 4019 dirigat
1146 3964 1252 4020 pro
1286 3948 1509 4004 viribus
1533 3949 1659 4003 suis
1683 3950 1847 4005 omni
1869 3949 2089 4005 violen-

441 4036 559 4101 tia;
593 4040 824 4091 exercet
857 4036 916 4091 in
948 4052 1086 4092 eum
1120 4038 1595 4093 misericordiam
1627 4055 1825 4106 suam,
1859 4045 1913 4095 et
1939 4040 2092 4095 redi-

441 4124 549 4179 mit
579 4141 717 4180 eum
744 4125 820 4180 ab
860 4126 1113 4181 inimicis
1146 4127 1292 4196 suis,
1324 4132 1380 4181 et
1411 4127 1780 4183 inhabitante
1820 4135 2085 4200 peccato,

440 4214 658 4285 Spiritu
700 4231 839 4270 eum
884 4221 1092 4271 sancto
1140 4216 1423 4288 replens;
1476 4223 1533 4271 et
1579 4217 1661 4271 ita
1702 4219 2091 4289 postmodum

438 4302 669 4375 absque
702 4304 820 4359 ulla
841 4305 896 4360 vi
922 4321 990 4361 ac
1010 4305 1218 4360 labore
1243 4322 1379 4361 vere
1404 4305 1549 4361 facit
1568 4309 1775 4361 omnia
1803 4307 2090 4364 mandata

439 4393 696 4448 Domini.
719 4394 996 4459 Quinimo
1012 4394 1300 4450 Dominus
1322 4394 1381 4450 in
1403 4410 1473 4449 eo
1497 4412 1604 4449 sua
1628 4396 1914 4451 mandata
1927 4396 2085 4461 facit,

436 4489 493 4540 et
518 4482 745 4539 fructus
776 4483 1116 4555 spirituales
1148 4488 1290 4540 tunc
1317 4501 1465 4556 pure
1504 4485 1802 4557 producit.
2121 4519 2166 4573 D

505 4771 594 4825 Ill.
624 4771 863 4841 Oportet
889 4773 1089 4824 autem
1116 4770 1377 4839 primum
1417 4770 1766 4841 quempiam
1796 4770 1880 4825 sic
1914 4786 2087 4826 acce-

433 4859 673 4912 dentem
701 4858 777 4911 ad
822 4857 1141 4912 Dominum
1176 4859 1225 4912 vi
1276 4858 1632 4929 compellere
1674 4875 1737 4913 se
1767 4858 1965 4930 ipsum
2006 4859 2085 4915 ad

430 4946 681 5008 bonum,
711 4944 992 5015 quamvis
1030 4946 1317 5000 renitatur
1342 4945 1601 5008 animus,
1633 4953 2082 5016 “spectantem

426 5039 716 5107 perpetuo
748 5034 805 5087 in
828 5032 947 5088 ﬁde
970 5033 1311 5089 indubitata
1335 5036 1804 5091 misericordiam
1828 5036 1979 5105 ejus,
2011 5052 2082 5092 ac

428 5122 783 5194 compellere
824 5138 886 5176 se
911 5122 1107 5193 ipsum
1140 5123 1217 5177 ad
1257 5122 1653 5189 dilectionem,
1690 5125 1738 5178 si
1766 5124 2081 5181 dilectione

427 5212 743 5267 destitutus
772 5211 843 5265 sit
876 5228 887 5265 :
922 5211 1275 5282 compellere
1306 5228 1366 5266 se
1399 5213 1595 5283 ipsum
1626 5213 1703 5268 ad
1732 5219 2081 5270 mansuetu-

426 5301 651 5368 dinem,
672 5301 719 5353 si
749 5315 819 5353 ea
851 5306 1084 5355 careat:
1112 5300 1466 5371 compellere
1489 5318 1549 5355 se
1575 5301 1774 5372 ipsum
1795 5302 1871 5358 ad
1900 5305 2079 5359 mise-

425 5389 771 5455 ricordiam,
801 5394 855 5443 et
873 5390 949 5443 ad
968 5389 1240 5444 animum
1258 5388 1335 5444 ad
1353 5390 1763 5445 miserendum
1782 5407 2074 5462 pronum:

424 5496 556 5536 com
563 5479 809 5551 pellerre
823 5493 885 5533 se
902 5478 1103 5549 ipsum
1117 5478 1195 5534 ad
1208 5484 1618 5551 contemptum
1632 5481 2074 5552 perferendum,

494 5710 541 5745 9"
575 5709 772 5767 Matth.
802 5726 880 5776 XI,
912 5708 999 5765 29.
1079 5708 1127 5744 ³³
1160 5708 1297 5765 Luc.
1329 5725 1409 5773 v1,
1443 5710 1528 5765 36.
1608 5711 1655 5745 99
1686 5712 1855 5767 Joan.
1885 5716 2004 5777 xiv,
2042 5716 2124 5768 l5.

2223 321 2528 383 EGYPTII
3709 325 3819 384 644

2217 456 2353 505 κατὰ
2401 455 2589 517 πάντα,
2644 453 2727 503 ἱνα
2778 471 2850 523 μη
2909 454 3027 523 περί
3084 470 3136 502 τι
3190 458 3290 502 τῶν
3336 453 3649 522 φαινομένων
3703 450 3823 513 ὅλος

2216 544 2241 593 6
2263 549 2377 602 νοῦς
2408 540 2729 613 ἀσχολῆται.
2777 545 2878 593 Καὶ
2911 540 2978 600 εἰς
3032 543 3126 598 τὴν
3176 538 3332 609 εύχὴν
3369 544 3478 612 χρὴ
3506 539 3663 591 αύτόν
3694 544 3823 592 πάν-

2214 651 2325 684 τοτε
2354 636 2777 704 προσκαρτερεῖν,
2832 628 2878 681 ἐν
2917 634 3097 682 πίστει
3127 624 3460 703 προσδοκίας
3500 636 3590 682 τοῦ
3622 633 3820 703 Κυρίου

2214 725 2308 779 τήν
2353 719 2624 790 ἐπίσκεψιν
2673 725 2763 771 καὶ
2820 718 3068 791 βοήθειαν
3126 718 3286 770 αὐτοῦ
3328 720 3550 771 πάντοτε
3597 715 3824 791 ἐκδεχό-

2214 830 2382 881 μενον,
2445 812 2532 861 τόν
2578 812 2770 861 σκοπόν
2828 816 2919 860 τοῦ
2958 812 3073 870 νοός
3128 807 3288 860 αὐτοῦ
3318 807 3389 870 εἰς
3417 815 3571 859 τοῦτο
3624 811 3823 880 ἔχοντα

2217 896 2310 952 διὰ
2360 903 2571 960 παντός.
2658 894 2780 952 Εἶτα
2845 896 3132 970 βιάζεσθαι
3193 901 3301 970 χρὴ
3365 896 3544 950 ἑαυτὸν
3588 897 3659 958 εἰς
3714 904 3817 951 πᾶν

2214 990 2361 1063 ἔργον
2394 988 2588 1059 ἀγαθόν
2618 993 2706 1040 xui
2763 987 2833 1049 εἰς
2872 990 3050 1049 πάσας
3106 989 3201 1049 τὰς
3230 985 3429 1047 ἕντολὰς
3470 995 3563 1039 τοῦ
3597 992 3813 1061 Κυρίου,

2216 1074 2310 1129 διὰ
2356 1083 2449 1136 τήν
2506 1085 2764 1130 συνοῦσαν
2818 1076 2958 1147 αύτῷ
3009 1077 3271 1152 ἁμαρτίαν
3300 1098 3313 1110 ι
3364 1077 3489 1143 οἷον,
3549 1074 3815 1149 βιαζέσθω

2215 1166 2397 1218 ἑαυτὸν
2448 1167 2516 1227 είς
2544 1170 2602 1218 τὸ
2660 1173 3070 1241 ταπεινοφρονεῖν
3115 1165 3327 1219 ἐνώπιον
3374 1169 3568 1227 παντὸς
3622 1168 3815 1240 ανθρώ-

2224 1275 2347 1322 που,
2408 1262 2498 1308 καὶ
2555 1256 2734 1309 ἑαυτὸν
2788 1255 2979 1308 ἐλάττω
3026 1258 3273 1327 ἡγεῖσθαι
3325 1261 3411 1308 xui
3455 1260 3690 1331 χείρονα,
3738 1260 3813 1328 μή

2214 1345 2384 1404 ζητῶν
2441 1350 2618 1417 τιμὴν,
2670 1346 2699 1404 ή
2759 1348 2984 1412 ἔπαινον,
3027 1346 3055 1403 ή
3102 1342 3259 1407 δόξαν
3334 1344 3614 1418 ἀνθρώπων
3669 1348 3815 1418 παρά

2213 1454 2366 1499 τινος,
2429 1437 2604 1496 καθὼς
2660 1433 2707 1486 ἐν
2765 1442 2837 1503 τῷ
2916 1434 3215 1506 Εὐαγγελίῳ
3278 1438 3570 1508 γέγραπται
3613 1452 3629 1467 ⁶
3684 1433 3815 1486 ἀλλὰ

2213 1527 2365 1596 μόνον
2415 1522 2491 1576 ἀεὶ
2543 1527 2630 1576 τὸν
2686 1526 2874 1596 Κύριον
2928 1527 3028 1596 πρὸ
3085 1524 3359 1595 ὀφθαλμῶν
3407 1526 3546 1595 ἔχων
3584 1529 3671 1576 καὶ
3718 1526 3817 1584 τὰς

2213 1614 2412 1675 ἐντολὰς
2442 1614 2622 1679 αὐτοῦ,
2677 1614 2817 1683 αύτῷ
2847 1610 3149 1686 βουλόμενος
3185 1612 3422 1688 ἀρέσκειν
3457 1618 3596 1685 μόνῳ
3624 1613 3694 1673 εἰς
3720 1618 3817 1671 τὴν

2212 1709 2485 1774 πραότητα
2502 1712 2595 1765 τῆς
2615 1700 2860 1775 καρδίας,
2880 1706 2948 1764 ὦς
2965 1723 3121 1775 φησιν
3147 1704 3172 1754 ὁ
3197 1706 3384 1776 Κύριος
3399 1721 3409 1731 ·
3434 1706 3531 1756 Μά
3546 1705 3572 1754 θ
3592 1722 3685 1755 ετε
3714 1701 3817 1753 ἀπ’

2214 1790 2365 1863 ἐμοῦ
2404 1794 2501 1844 ὅτι
2539 1796 2740 1867 πραός
2779 1792 2910 1865 εἰμι
2950 1798 3059 1845 καὶ
3098 1796 3402 1852 ταπεινός
3438 1800 3508 1864 τῇ
3542 1788 3818 1866 καρδία,

2214 1886 2327 1932 καὶ
2373 1883 2682 1953 εὑρήσετε
2721 1880 3083 1933 ἀνάπαυσιν
3127 1889 3267 1942 ταῖς
3327 1881 3578 1953 ψυχαῖς
3624 1882 3817 1953 ὑμῶν.

2286 1987 2363 2043 B’.
2436 1988 2660 2060 Ὁμοίως
2721 1988 2790 2049 εἰς
2862 1992 2918 2040 τὸ
3000 1987 3129 2040 εἶναι
3203 1987 3469 2059 ἐλεήμονα,
3550 2007 3820 2061 χρηστον,

2214 2077 2595 2148 εὔσπλαγχνον,
2652 2076 2862 2148 ἀγαθόν,
2916 2079 3013 2135 ὅση
3051 2074 3290 2148 δύναμις,
3347 2082 3526 2129 εαυτὸν
3581 2077 3818 2143 ἐθιζέτω,

2213 2167 2281 2227 ὧς
2304 2185 2462 2237 φησιν
2489 2168 2513 2217 ό
2548 2169 2737 2241 Κύριος
2762 2183 2775 2195 ⁸
2800 2168 3068 2219 Γίνεσθε
3100 2165 3333 2237 ἀγαθοὶ
3364 2172 3471 2218 καὶ
3504 2172 3817 2241 χρηστοὶ,

2211 2257 2426 2317 καθὼς
2484 2260 2592 2307 καὶ
2623 2258 2648 2306 6
2690 2261 2904 2328 Πατήρ
2945 2258 3170 2328 ύμῶνό
3218 2255 3518 2328 ούράνιος
3573 2257 3827 2331 οἰκτίρ-

2436 1988 2660 2060 Ὀμοίως
2721 1988 2790 2049 εἰς
2862 1992 2918 2040 τὸ
3000 1985 3129 2040 εἶναι
3203 1987 3469 2059 ἐλεήμονα,

2211 2366 2336 2416 μων
2368 2347 2528 2399 ἐστί.
2565 2350 2664 2397 Καὶ
2694 2345 2846 2396 πάλιν
2879 2350 3035 2417 φησίν
3066 2363 3077 2373 ·
3109 2346 3243 2398 Ἐὰν
3276 2344 3555 2415 ἀγαπᾶτέ
3584 2366 3674 2418 με,
3709 2350 3823 2407 τὰς

2213 2433 2467 2494 ἐντολάς
2519 2454 2636 2506 μου
2681 2440 3059 2505 τηρήσατε·
3123 2440 3213 2486 καὶ
3242 2434 3439 2486 πάλιν·
3492 2436 3821 2497 Βιάζεσθε

2212 2523 2519 2575 εἰσελθεῖν
2562 2520 2678 2575 διὰ
2735 2531 2841 2584 τῆς
2889 2533 3114 2585 στενῆς
3164 2526 3372 2597 θύρας.
3421 2524 3537 2577 Ἐπὶ
3562 2544 3696 2577 πασί
3720 2529 3817 2584 τὴν

2210 2620 2298 2664 τοῦ
2332 2617 2525 2683 Κυρίου
2570 2617 2878 2664 ταπείνωσιν
2940 2618 3028 2664 καὶ
3059 2612 3337 2679 πολιτείαν,
3389 2618 3477 2665 καὶ
3530 2618 3623 2671 τὴν
3653 2619 3818 2686 πραό-

2210 2721 2363 2766 τητα,
2433 2706 2522 2753 καὶ
2574 2706 2668 2760 τήν
2717 2704 3071 2774 ἀναστροφήν,
3125 2704 3298 2776 ὥσπερ
3371 2703 3716 2775 ὑπογραμμὸν
3766 2702 3816 2755 ἓν

2209 2794 2351 2863 πάσῃ
2386 2796 2564 2863 μνήμη
2611 2789 2959 2865 ἀληθαργήτῳ
3015 2794 3202 2862 ἐχέτω,
3252 2798 3363 2852 ταῖς
3417 2792 3604 2864 εὐχαῖς
3651 2812 3815 2866 προσ-

2211 2885 2539 2953 καρτερείτω,
2620 2877 2712 2932 διὰ
2776 2885 2964 2941 παντὸς
3036 2877 3275 2951 δεόμενος
3357 2886 3446 2933 καὶ
3530 2884 3802 2948 πιστεύων,

2214 2968 2295 3018 ἵνα
2325 2967 2476 3020 ἐλθὼν
2505 2971 2529 3019 6
2582 2971 2767 3043 Κύριος
2798 2967 3041 3041 ἐνοικήση
3085 2968 3133 3020 ἐν
3164 2969 3326 3037 αύτῷ,
3385 2974 3475 3022 καὶ
3520 2974 3797 3042 καταρτίσῃ

2212 3062 2301 3109 καὶ
2342 3054 2627 3131 δυναμώσῃ
2677 3058 2833 3110 αὐτόν
2866 3057 2914 3110 ἐν
2944 3060 3141 3119 πάσα.ς
3180 3066 3290 3118 ταῖς
3342 3057 3570 3119 ἐντολαῖς
3604 3059 3757 3111 αὐτοῦ
3789 3075 3802 3087 ·

2212 3151 2300 3199 καὶ
2352 3148 2434 3200 ἱνα
2494 3148 2706 3209 αὐτόςὸ
2769 3150 2960 3220 Κύριος
3007 3152 3215 3218 γένηται
3269 3154 3675 3221 κατοικητήριον
3723 3157 3815 3208 τῆς

2211 3235 2394 3308 ψυχῆς
2426 3254 2439 3266 ·
2473 3242 2564 3288 καὶ
2594 3237 2752 3297 οὕτως
2782 3236 2817 3287 ἃ
2843 3244 2930 3287 νῦν
2962 3239 3092 3307 μετὰ
3125 3235 3249 3308 βίας
3299 3235 3533 3299 ἀκούσης
3562 3246 3657 3298 τῆς
3688 3257 3820 3311 καρ-

2212 3321 2331 3386 δίας
2378 3333 2535 3389 ποιεῖ,
2587 3326 2832 3385 ἑκουσιως
2866 3324 3055 3399 πράξει
3083 3327 3221 3389 ποτὲ,
3269 3322 3453 3384 ἐθίζων
3506 3325 3686 3378 ἑαυτόν
3721 3322 3819 3379 διὰ

2208 3417 2399 3474 παντὸς
2457 3415 2528 3476 εἰς
2565 3418 2623 3466 τὸ
2674 3413 2889 3485 ἀγαθόν,
2945 3418 3036 3466 καὶ
3090 3422 3181 3465 τοῦ
3233 3419 3427 3486 Κυρίου
3480 3418 3818 3487 μνημονεύων

2208 3501 2308 3571 ἀεὶ,
2361 3508 2449 3555 καὶ
2478 3500 2788 3577 προσδοκῶν
2843 3502 2921 3555 ἀεὶ
2951 3506 2999 3554 ἓν
3029 3502 3188 3574 πολλῇ
3248 3501 3426 3575 ἀγάπη
3458 3503 3635 3559 αὐτόν.
3685 3510 3818 3557 Τότε

2207 3593 2406 3666 θεωρῶν
2460 3594 2485 3643 6
2530 3596 2719 3664 Κύριος
2770 3596 2864 3649 τήν
2913 3594 3159 3649 τοιαύτην
3215 3596 3540 3664 προαίρεσιν,
3573 3597 3662 3645 xui
3720 3599 3817 3652 τὴν

2205 3679 2406 3751 ἀγαθήν
2465 3681 2624 3733 αὐτοῦ
2685 3677 2945 3744 σπουδήν,
3020 3688 3128 3740 πῶς
3190 3678 3433 3753 βιάζεται
3506 3681 3685 3734 ἑαυτὸν
3742 3682 3814 3743 εἰς

2203 3774 2409 3841 μνήμην
2465 3778 2556 3821 τοῦ
2601 3775 2818 3843 Κυρίου,
2873 3775 2962 3822 καὶ
3019 3770 3087 3830 εἰς
3114 3774 3172 3822 τὸ
3226 3770 3421 3841 ἀγαθὸν
3473 3768 3550 3823 ἀεὶ
3596 3776 3689 3823 καὶ
3746 3770 3812 3832 εἰς

2202 3864 2295 3916 τήν
2342 3861 2814 3932 ταπεινοφροσύνην
2843 3863 2932 3911 καὶ
2986 3864 3263 3934 πραότητα
3312 3865 3402 3912 xui
3437 3858 3647 3930 ἀγάπην
3691 3862 3816 3932 ἄγει

2202 3952 2392 4020 καὶμὴ
2447 3948 2695 4000 θέλουσαν
2748 3953 2842 4006 τὴν
2874 3945 3116 4021 καρδίαν,
3168 3954 3257 4001 καὶ
3298 3950 3412 4019 ἄγει
3443 3951 3541 4007 ὅση
3586 3946 3817 4022 δύναμις

2204 4039 2343 4109 αύτῷ
2374 4040 2505 4110 μετὰ
2551 4035 2708 4115 βίας,
2755 4044 2896 4090 ποιεῖ
2941 4039 3051 4108 μετ’
3115 4037 3274 4090 αὐτοῦ
3323 4038 3394 4099 εἰς
3439 4037 3570 4100 ἕλεος
3625 4040 3812 4105 αὐτοῦ,

2201 4134 2293 4181 καὶ
2341 4126 2625 4199 λυτροῦται
2682 4126 2837 4178 αὐτόν
2870 4125 2970 4179 ἀπὸ
3002 4135 3100 4179 τῶν
3154 4129 3359 4200 ἐχθρῶν
3404 4127 3567 4181 αὑτοῦ
3596 4134 3687 4181 καὶ
3717 4138 3818 4191 τῆς

2201 4216 2510 4277 ἐνοικούσης
2583 4215 2865 4289 ἁμαρτίας,
2946 4218 3246 4288 Πνεύματος
3313 4216 3465 4287 ἁγίου
3542 4218 3813 4289 ἐμπιπλῶν

2201 4307 2356 4358 αὐτόν
2410 4325 2422 4337 ·
2479 4310 2567 4357 xui
2620 4306 2755 4357 οὕτω
2826 4305 3002 4357 λοιπόν
3060 4306 3178 4357 ἄνευ
3252 4303 3374 4377 βίας
3426 4310 3516 4359 xui
3571 4308 3817 4379 καμάτου

2200 4402 2338 4447 ποιεῖ
2388 4397 2564 4456 πάσας
2622 4396 2715 4455 τὰς
2767 4393 2973 4455 ἐντολὰς
3022 4401 3114 4447 τοῦ
3166 4398 3363 4468 Κυρίου
3424 4395 3480 4458 ἐξ
3528 4394 3811 4457 ἀληθείας·

2199 4483 2389 4555 μᾶλλον
2441 4481 2499 4536 δὲ
2526 4484 2551 4534 6
2604 4486 2792 4557 Κύριος
2842 4490 2981 4536 ποιεῖ
3024 4486 3072 4536 ἓν
3101 4484 3240 4555 αύτῷ
3266 4487 3360 4546 τὰς
3411 4481 3553 4546 ἰδίας
3584 4484 3813 4553 ἐντολὰς,

2199 4579 2288 4625 xui
2340 4576 2461 4633 τοὺς
2512 4577 2741 4648 καρποὺς
2812 4580 2903 4625 τοῦ
2961 4577 3260 4647 Πνεύματος
3319 4578 3435 4626 τότε
3490 4581 3807 4647 καρποφορεῖ

2200 4666 2463 4738 καθαρῶς.

2270 4772 2342 4826 Γ¹.
2375 4776 2490 4841 Χρὴ
2546 4769 2605 4823 δὲ
2635 4774 2883 4846 πρότερον
2936 4772 3292 4844 προσελθόντα
3348 4773 3465 4823 τινὰ
3492 4779 3565 4842 τῷ
3600 4775 3794 4842 Κυρίῳ,

2196 4861 2330 4912 ούτω
2374 4858 2659 4932 βιάζεσθαι
2714 4860 2893 4912 ἑαυτὸν
2939 4860 3010 4920 εἰς
3059 4863 3117 4912 τὸ
3150 4858 3345 4930 ἀγαθὸν
3405 4864 3596 4931 καὶμὴ
3635 4860 3806 4913 θελού-

2199 4968 2299 5010 σης
2329 4958 2419 5009 τῆς
2475 4945 2718 5022 καρδίας,
2749 4944 3131 5020 προσδοκῶντα
3162 4945 3257 5000 διὰ
3305 4952 3496 5009 παντὸς
3539 4948 3590 5000 ἓν
3621 4954 3804 5003 πίστει

2194 5034 2502 5108 ἁδιστάκτῳ
2568 5040 2625 5089 τό
2667 5037 2802 5099 ἔλεος
2833 5037 3013 5103 αὐτοῦ,
3040 5042 3130 5090 xui
3185 5036 3473 5109 βιάζεσθαι
3528 5037 3709 5090 ἑαυτὸν
3738 5038 3808 5101 εἰς

2191 5130 2285 5184 τὴν
2336 5124 2560 5196 ἀγάπην,
2620 5130 2690 5197 μή
2744 5128 2935 5197 ἔχοντα
2974 5125 3182 5198 ἀγάπην
3232 5144 3245 5157 '
3300 5126 3589 5199 βιάζεσθαι
3619 5127 3805 5180 ἑαυτὸν

2192 5214 2262 5276 εἰς
2312 5219 2405 5273 τήν
2449 5220 2737 5286 πραότητα,
2790 5220 2860 5284 μή
2915 5218 3107 5286 ἔχοντα
3161 5220 3435 5290 πραότητα
3465 5214 3806 5288 ’βιάζεσθαι

2191 5303 2373 5356 ἑαυτόν
2433 5303 2499 5363 εἰς
2566 5307 2624 5355 τό
2672 5304 2961 5370 οἰκτείρειν,
3009 5310 3098 5357 xui
3156 5303 3404 5377 ἐλεήμονα
3475 5307 3615 5377 ἔχειν
3674 5325 3802 5379 καρ-

2193 5390 2312 5445 δίαν
2341 5411 2352 5422 ·
2399 5391 2686 5465 βιάζεσθαι
2718 5393 2899 5446 ἑαυτὸν
2931 5393 3004 5455 εἰς
3050 5397 3108 5446 τὸ
3140 5395 3587 5471 κατεφρονεῖσθαι,
3635 5393 3706 5456 εἰς
3738 5398 3797 5446 τὸ

2188 5485 2661 5555 καταφρονούμενον
2750 5485 3124 5558 μακροθυμεῖν,
3204 5489 3295 5537 καὶ
3371 5479 3794 5554 ἐξουδενούμενον

2204 5714 2219 5747 ¹
2264 5713 2401 5769 Luc.
2441 5728 2565 5779 xui,
2595 5713 2684 5771 24.
