4148 6262
1519 19 1526 22 _
1553 15 1562 18 _
1575 7 1694 20 ψ’,μλτ
1705 3 1764 24 ’συιδ
1792 4 1823 23 μιν
1860 6 1871 15 ι
1927 3 1934 14 τ
2023 13 2026 16 ἢ
2087 7 2110 18 φ
2129 13 2136 20 ἡ
2171 5 2184 12 ι
2197 1 2212 8 ρ.
2227 3 2252 18 .z
2291 21 2296 24 Ι
2313 3 2350 24 2,.
2393 3 2404 8 ς

1141 41 1150 46 1
1175 41 1178 44 ξ
1227 35 1234 38 _
1253 35 1256 38 ἤ
1355 29 1366 32 ..
1399 22 1456 38 v.—-r.;
1475 23 1480 26 -
1515 31 1518 34 .
1563 23 1598 30 me
1665 31 1668 34 .
1826 38 1827 41 η
1969 33 1978 40 ι
1999 43 2002 46 ξ
2023 27 2060 38 -~~r.
2093 35 2102 44 _.
2121 23 2198 46 ’.ΠΜ
2205 23 2212 32 τ
2225 23 2268 44 θλ.
2289 37 2294 42 .

851 57 914 64 _,-
977 53 1010 56 η-
1041 51 1046 54 -
1077 41 1134 50 “’“⁹”
1241 57 1314 68 _...
1405 53 1436 66 ._
1475 55 1478 58 .
1515 45 1702 64 _,___...;..
1733 39 1938 64 παπ-κ
1959 43 2064 58 υ-ο-ην
2099 43 2172 50 "“"
2251 49 2256 52 -
2398 40 2413 47 "

355 438 458 496 645

353 567 383 626 ἢ
438 564 815 639 ἀτιμαζόμενον
868 566 941 636 μὴ
1000 561 1327 635 ἀγανακτεῖν,
1380 562 1516 613 κατὰ
1555 562 1614 612 τό
1643 560 1938 636 εἰρημένονε

2065 561 2121 614 et
2145 558 2206 613 in
2232 573 2302 614 eo
2353 556 2577 613 fortiter
2604 556 3079 629 perdurandum,
3108 571 3184 613 ne
3210 556 3513 629 despectui
3535 559 3713 614 habi-

353 660 446 714 Μὴ
481 654 751 716 ἑαυτούς
813 649 1245 717 ἐκδικοῦντες,
1290 649 1632 722 ἀγαπητοί.
1666 650 1952 710 Βιάςεσθαι

351 746 530 798 ἑαυτὸν
556 744 626 805 εἰς
658 746 752 803 τὴν
783 742 967 814 εύχην,
1001 744 1074 815 μὴ
1125 744 1314 814 ἔχοντα
1360 740 1525 812 εύχὴν
1555 743 1904 811 πνευματικήν
1934 754 1948 767 ⁸

349 839 437 887 καὶ
478 833 694 895 οὖτωςό
749 834 898 897 Θεὸς,
953 834 1153 906 θεωρῶν
1203 834 1289 883 τόν
1342 830 1500 892 οὔτως
1549 828 1945 900 ἀγωνιζόμενον,

347 928 436 976 καὶ
464 920 559 996 βίᾳ
612 922 789 975 ἑαυτὸν
833 922 1094 993 ἄγχοντα,
1147 924 1218 992 μὴ
1255 919 1504 978 θελούσης
1552 925 1648 980 τῆς
1698 913 1943 992 καρδίας,

349 1009 575 1066 δίδωσιν
607 1013 771 1084 εὐχὴν
817 1009 1066 1068 ἀληθινὴν
1115 1011 1427 1081 Πνεύματος,
1463 1004 1688 1060 δίδωσιν
1739 1007 1947 1078 ἀγάπην

348 1100 615 1169 ἀληθινὴν,
672 1104 947 1173 πραότητα
996 1097 1257 1165 ἀληθείας,
1321 1096 1605 1168 σπλάγχνα
1641 1097 1942 1168 οἰκτιρμῶν,

346 1194 695 1263 χρηστότητα
774 1187 1046 1253 ἀληθινήν,
1125 1192 1211 1239 καὶ
1313 1186 1649 1251 ἁπαξαπλῶς,
1758 1184 1948 1259 πληροῖ

347 1278 502 1331 αύτόν
532 1287 632 1331 τῶν
657 1284 870 1352 καρπῶν
899 1284 991 1330 τοῦ
1020 1279 1337 1350 Πνεύματος.

419 1570 491 1624 A’.
527 1570 585 1624 Εἰ
610 1566 669 1623 δέ
698 1590 776 1632 τις
820 1570 892 1632 εἰς
921 1574 1015 1629 τὴν
1042 1569 1207 1641 εύχήν
1255 1571 1415 1641 μόνην
1467 1567 1648 1620 ἑαυτὸν
1681 1564 1943 1641 βιάζεται,

349 1664 420 1732 μὴ
477 1662 613 1731 ἔχων
653 1659 839 1730 εὐχὴν,
896 1660 979 1711 ἵνα
1026 1666 1136 1731 σχῇ
1193 1658 1356 1729 εὐχῆς
1408 1661 1592 1729 χάριν,
1623 1656 1694 1717 εἰς
1749 1651 1807 1708 δὲ
1852 1659 1945 1713 τὴν

346 1754 620 1823 πραότητα
674 1754 765 1801 καὶ
812 1750 1285 1821 ταπεινοφροσύνην
1335 1751 1424 1799 καὶ
1471 1746 1679 1818 ἀγάπην
1735 1750 1825 1798 καὶ
1853 1747 1945 1804 τὰς

345 1837 529 1900 λοιπὰς
554 1837 753 1899 ἱντολάς
794 1845 887 1891 τοῦ
936 1842 1131 1911 Κυρίου
1185 1836 1365 1890 ἑαυτὸν
1394 1836 1454 1888 ού
1513 1833 1775 1909 βιάζεται,
1829 1839 1947 1888 οὔτε

1627 432 1967 491 HOMILIAZ.
2009 463 2076 474 —
2118 431 2291 489 ΗΟΜ.
2332 430 2477 488 XIX.

3591 434 3697 490 646

2063 650 2159 702 tus
2193 654 2295 703 aut
2342 646 2768 702 dehonestatus
2822 645 3182 714 indignetur,
3220 645 3393 716 juxta
3442 647 3708 703 dictum:

2060 736 2194 791 Non
2217 735 2590 803 vosmetipsos
2611 734 2977 800 ulciscentes,
3007 734 3345 793 charissimi
3360 738 3381 771 ²
3406 752 3419 788 :
3450 735 3712 807 compel-

2059 825 2177 881 lere
2208 840 2270 880 se
2292 825 2490 897 ipsum
2519 825 2596 880 ad
2624 839 2850 895 preces,
2884 823 2933 878 si
2964 839 3168 895 preces
3221 824 3560 896 spirituales
3586 840 3709 880 non

2057 913 2297 970 habeat.
2329 913 2423 969 Sic
2442 914 2641 984 itaque
2671 916 2840 976 Deus,
2862 912 3239 983 conspiciens
3264 929 3424 979 eum,
3452 914 3555 986 qui
3578 919 3711 969 tan-

2060 1009 2261 1075 topere
2281 1003 2604 1066 contendit,
2629 1018 2699 1058 ac
2726 1001 2804 1067 vi,
2827 1002 3148 1058 reluctante
3175 1003 3399 1067 animo,
3422 1019 3485 1058 se
3506 1003 3708 1075 ipsum

2058 1093 2429 1163 constringit,
2456 1108 2661 1148 veram
2712 1092 2959 1163 Spiritus
3002 1091 3409 1163 precationem
3439 1093 3705 1163 largitur,

2055 1199 2257 1239 veram
2291 1182 2667 1238 dilectionem
2724 1181 3016 1245 concedit,
3066 1196 3268 1236 veram
3300 1183 3709 1238 mansuetudi-

2057 1288 2217 1336 nem,
2264 1271 2497 1327 viscera
2541 1269 2982 1335 misericordias,
3042 1269 3423 1326 clementiam
3480 1287 3706 1338 veram,

2057 1365 2257 1433 atque,
2291 1366 2353 1417 ut
2378 1360 2555 1417 unico
2608 1359 2788 1415 verbo
2844 1358 3063 1427 dicam,
3096 1358 3283 1432 replet
3330 1375 3468 1415 eum
3512 1359 3707 1416 fructu

2060 1450 2327 1523 Spiritus.

2127 1576 2219 1630 IV.
2250 1574 2421 1642 Quod
2450 1574 2499 1629 si
2519 1574 2679 1647 quis,
2712 1589 2849 1629 cum
2903 1572 3119 1629 affectu
3176 1572 3454 1645 precandi
3485 1578 3707 1641 careat,

2056 1664 2135 1721 ad
2160 1680 2365 1736 preces
2396 1663 2555 1719 solas
2586 1679 2647 1718 se
2685 1661 2887 1734 ipsum
2937 1662 3160 1732 adigat,
3196 1668 3259 1718 ut
3307 1668 3711 1736 consequatur

2056 1753 2415 1825 precationis
2470 1752 2777 1822 gratiam:
2839 1753 2916 1807 ad
2972 1751 3497 1808 mansuetudinem
3543 1768 3707 1821 vero,

2055 1841 2455 1898 humilitatem
2472 1842 2678 1907 animi,
2698 1841 3078 1896 dilectionem
3097 1848 3152 1897 et
3167 1840 3396 1913 reliqua
3419 1842 3708 1898 mandata

345 1931 597 2001 μέριμναν
646 1932 738 1979 καὶ
808 1931 963 1980 πόνον
1021 1932 1111 1979 καὶ
1143 1925 1318 1998 ἀγῶνα
1373 1928 1486 1997 ἔχει
1539 1925 1706 1977 ἐκεῖνα
1759 1944 1938 1997 κατορ-

2058 1931 2312 1998 Domini,
2348 1931 2547 1985 minus
2608 1946 2672 1984 se
2718 1931 2917 2002 ipsum
2971 1912 3315 2001 compellat,
3359 1946 3468 1985 nec
3525 1930 3710 1986 ullam

346 2017 534 2086 θῶσαι,
591 2016 715 2068 ὅσον
772 2018 830 2067 τὸ
891 2014 945 2067 ἐκ
1022 2019 1390 2089 προαιρέσεως,
1449 2019 1539 2067 καὶ
1606 2013 1943 2077 αύτεξουσίου

344 2104 644 2177 θελήματος,
681 2103 838 2157 ἐνίοτε
890 2100 1105 2156 δίδοται
1157 2104 1300 2175 αύτῷ
1346 2103 1507 2174 εὐχῆς
1536 2101 1768 2177 χάριςέν
1822 2102 1943 2154 ἀνα-

340 2196 531 2246 παύσει
568 2199 658 2247 καὶ
713 2193 1003 2267 εὐφροσύνῃ
1058 2200 1149 2245 τοῦ
1190 2194 1485 2264 Πνεύματος
1536 2201 1759 2265 μερικῶς
1811 2195 1945 2245 κατά

339 2286 397 2335 τὸ
451 2285 652 2356 αἴτημα
699 2282 879 2335 αὐτοῦ.
912 2290 1033 2345 Τοῖς
1064 2279 1124 2335 δε
1168 2286 1379 2356 τρόποις
1437 2282 1614 2354 ὅμοιός
1661 2280 1774 2333 ἐστι
1826 2284 1941 2334 καθ’

339 2372 364 2424 ὃ
394 2377 484 2425 καὶ
530 2377 652 2446 πρὶν
684 2368 766 2437 ἦν,
821 2373 916 2425 ούκ
958 2374 1073 2444 ἔχει
1103 2376 1396 2447 πραότητα,
1448 2372 1525 2424 ὅτι
1572 2371 1665 2423 ούκ
1718 2369 1944 2431 ἐζήτησε

335 2466 508 2527 πόνον,
566 2467 656 2514 καὶ
709 2466 1115 2536 προευτρέπισεν
1176 2460 1352 2513 ἑαυτὸν
1410 2460 1572 2522 οὕτως
1628 2462 1870 2532 γενέσθαι
1925 2477 1938 2489 ·

338 2551 430 2604 ούκ
486 2553 601 2623 ἔχει
655 2552 1149 2622 ταπεινοφροσύνην,
1207 2546 1389 2608 ἐπειδὴ
1459 2549 1554 2601 ούκ
1609 2553 1796 2623 ᾔτησε,
1853 2553 1941 2603 καὶ

339 2640 517 2694 ἑαυτὸν
586 2640 681 2693 ούκ
738 2639 985 2693 ἐϐιάσατο
1044 2640 1118 2701 εἰς
1162 2647 1337 2695 τοῦτο.
1393 2638 1504 2692 Ούκ
1562 2641 1674 2710 ἔχει
1732 2638 1940 2711 ἀγάπην

338 2733 463 2805 πρὸς
535 2731 750 2799 πάντας,
825 2725 1005 2787 ἐπειδὴ
1070 2733 1190 2801 περὶ
1260 2730 1446 2782 τούτου
1522 2732 1772 2801 μέριμναν
1850 2732 1941 2780 καὶ

336 2816 514 2889 ἀγῶνα
563 2818 658 2871 ούκ
706 2821 862 2890 ἔσχεν
910 2817 958 2869 ἐν
1008 2825 1070 2891 τῇ
1127 2817 1336 2877 αίτὰσει
1376 2825 1472 2879 τῆς
1519 2816 1684 2889 εὐχῆς
1714 2835 1725 2846 ·
1761 2821 1853 2869 καὶ
1890 2819 1939 2869 ἐν

337 2906 468 2980 αὐτῇ
500 2915 562 2980 τῇ
621 2904 957 2967 ἐπιτηδεύσει
999 2914 1092 2960 τοῦ
1118 2910 1288 2982 ἔργου,
1322 2906 1415 2959 ούκ
1462 2909 1575 2979 ἔχει
1622 2911 1798 2960 πίστιν
1848 2910 1937 2959 καὶ

333 2998 649 3054 πεποίθησιν
703 3000 833 3071 πρὸς
888 2999 976 3048 τὸν
1028 2999 1172 3062 Θεὸν,
1230 2993 1409 3054 ἓπειδη
1470 2998 1685 3067 ἔγνωκεν
1735 2996 1932 3060 ἑαυτὸν,

332 3084 426 3136 ούκ
482 3082 792 3157 ἐδοκίμασεν
838 3090 910 3157 μὴ
961 3088 1123 3156 ἔχειν,
1179 3090 1268 3138 καὶ
1306 3085 1401 3138 ούκ
1453 3088 1699 3143 ἑπόνησεν
1747 3084 1796 3136 ἐν
1829 3084 1937 3137 θλί-

330 3172 438 3243 ψει,
496 3177 665 3236 ζητῶν
742 3177 889 3247 παρὰ
946 3178 1141 3247 Κυρίου
1203 3180 1355 3245 σχεῖν
1434 3178 1526 3231 τὴν
1579 3177 1709 3247 πρὸς
1780 3174 1936 3226 αὐτόν

334 3257 547 3332 βεϐαίαν
577 3267 781 3329 πίστιν,
805 3266 896 3315 καὶ
920 3264 1234 3321 πεποίθησιν
1260 3261 1536 3320 ἀληθινήν,

402 3471 473 3527 Ε’.
514 3477 627 3547 Χρὴ
680 3474 782 3548 γὰρ
814 3473 1030 3527 ἕκαστον
1077 3475 1250 3548 ὥσπερ
1305 3474 1376 3537 εἰς
1415 3477 1510 3532 τὴν
1560 3474 1718 3547 εὐχὴν
1759 3472 1935 3547 βιάζε-

334 3563 458 3613 σθαι
514 3561 695 3614 ἑαυτὸν
748 3567 837 3615 καὶ
866 3564 1077 3635 ἄγχειν,
1122 3567 1195 3635 μὴ
1255 3562 1506 3626 θελούσης
1534 3571 1625 3624 τῆς
1664 3560 1885 3635 καρδίας
1919 3580 1931 3592 ·

330 3650 495 3712 οὕτως
550 3655 641 3703 καὶ
695 3651 768 3713 εἰς
816 3657 911 3710 τὴν
968 3654 1302 3722 πεποίθησιν,
1362 3653 1526 3713 οὕτως
1591 3657 1679 3705 καὶ
1728 3653 1795 3714 εἰς
1842 3658 1935 3712 τὴν

329 3742 825 3812 ταπεινοφροσύνην,
871 3741 1032 3801 ούτως
1091 3741 1162 3803 εἰς
1216 3746 1309 3800 τὴν
1368 3739 1599 3813 ἀγάπην,
1657 3742 1821 3805 οὓτως
1864 3743 1937 3806 είς

328 3832 422 3886 τὴν
450 3832 743 3903 πραότητα,
797 3828 1145 3904 ἀκεραιότητά
1184 3850 1237 3883 τε
1286 3836 1376 3883 καὶ
1422 3830 1692 3890 ἁπλότητα
1725 3849 1736 3861 ·
1776 3832 1937 3893 οὕτως

325 3916 396 3979 εἰς
450 3936 626 3970 πασαν
691 3918 955 3989 ὑπομονὴν
1002 3924 1092 3972 καὶ
1153 3922 1519 3994 μακροθυμίαν
1571 3939 1938 3996 καταγεγραμ-

324 4009 473 4077 μένον
517 4010 647 4077 μετά
699 4014 911 4079 χαρᾶς·
968 4008 1131 4071 οὕτως
1187 4006 1469 4081 βιάζεσθαι
1512 4008 1583 4071 εἰς
1636 4013 1693 4061 τὸ
1754 4013 1937 4062 ἑαυτὸν

330 4093 627 4157 ἐξουθενεῖν.
696 4102 797 4148 Καὶ
852 4100 1068 4169 πτωχὸν
1124 4103 1215 4150 καὶ
1270 4100 1497 4170 ἔσχατον
1552 4098 1859 4170 λογίζεσθαι
1920 4115 1932 4129 ·

330 4183 495 4243 οὕτως
537 4183 608 4245 εἰς
638 4186 696 4235 τό
748 4189 819 4256 μὴ
876 4184 1070 4257 ὁμιλεῖν
1121 4187 1188 4238 τὰ
1212 4190 1282 4257 μὴ
1339 4190 1459 4238 ὄντα
1509 4194 1781 4262 χρήσιμα,
1811 4188 1938 4241 ἀλλά

332 4269 411 4323 ἀεὶ
467 4273 534 4323 τὰ
585 4278 678 4323 τοῦ
743 4279 877 4326 Θεοῦ
922 4273 1150 4345 μελετᾷν,
1203 4279 1294 4326 καὶ
1345 4274 1513 4327 λαλεῖν
1573 4282 1797 4349 στόματι
1844 4282 1935 4329 καὶ

327 4356 547 4435 καρδίᾳ.
599 4360 775 4422 Ούτως
836 4360 905 4422 είς
958 4365 1017 4414 τὸ
1063 4366 1135 4435 μη
1195 4364 1512 4434 θυμοῦσθαι,
1565 4371 1654 4417 καὶ
1705 4368 1936 4440 κραυγά-

330 4448 437 4510 ζειν
466 4450 603 4502 κατὰ
632 4452 689 4502 τό
721 4449 1005 4525 εἰρημένον,
1044 4456 1227 4504 Πᾶσα
1262 4457 1522 4526 πικρία,
1564 4459 1670 4507 καὶ
1713 4456 1932 4527 θυμός,

332 4544 443 4591 καὶ
484 4538 669 4612 ὀργὴ,
711 4544 820 4592 καὶ
852 4543 1130 4613 κραυγὴ,
1175 4546 1283 4594 καὶ
1332 4540 1722 4616 βλασφημια
1751 4543 1936 4618 ἀρθή-

2055 2036 2286 2084 curam,
2316 2020 2586 2075 laborem
2617 2035 2687 2075 ac
2716 2018 2982 2073 studium
3028 2018 3331 2085 adhibeat,
3364 2023 3424 2074 ut
3453 2034 3523 2074 ea
3552 2026 3707 2075 recte

2056 2108 2171 2180 82
2189 2110 2509 2165 constituat
2535 2125 2547 2163 :
2571 2107 2775 2180 quoad
2802 2107 2960 2163 illius
2976 2108 3350 2179 propositum
3373 2124 3443 2164 ac
3457 2107 3709 2164 liberam

2054 2199 2446 2262 voluntatem,
2506 2196 2851 2252 conceditur
2918 2197 2998 2251 illi
3067 2196 3367 2252 interdum
3420 2197 3707 2269 precandi

2056 2286 2246 2355 gratia
2269 2301 2403 2340 cum
2424 2284 2810 2340 delectatione
2831 2300 2900 2340 ac
2918 2283 3121 2340 laetitia
3149 2284 3422 2355 Spiritus,
3447 2301 3518 2340 ex
3539 2291 3708 2356 parte

2056 2375 2442 2444 tamenjuxta
2463 2371 2812 2445 petitionem
2831 2374 2960 2443 ejus
2986 2386 2997 2424 :
3023 2372 3295 2428 moribus
3315 2378 3515 2429 tamen
3546 2374 3707 2429 idem

2055 2467 2163 2528 est,
2197 2462 2417 2534 quibus
2448 2466 2625 2517 antea
2654 2467 2797 2527 erat,
2852 2461 3170 2517 destitutus
3220 2461 3703 2527 mansuetudine,

2054 2568 2124 2608 eo
2152 2552 2317 2624 quod
2350 2567 2468 2606 non
2499 2550 2801 2615 laborarit,
2835 2566 2943 2605 nec
2977 2567 3039 2605 se
3082 2551 3451 2622 praepararit,
3482 2556 3543 2607 ut
3574 2550 3707 2606 talis

2054 2640 2368 2696 evaderet:
2403 2638 2722 2694 destitutus
2750 2638 3104 2703 humilitate,
3138 2654 3209 2694 eo
3234 2639 3399 2709 quod
3428 2654 3549 2693 non
3576 2654 3709 2711 pos-

2053 2728 2268 2793 tularit,
2291 2744 2401 2783 nec
2415 2727 2691 2798 seipsum
2724 2726 2799 2782 ad
2820 2742 2955 2782 eam
2977 2726 3361 2797 compulerit:
3391 2726 3708 2783 destitutus

2050 2818 2363 2874 dilectione
2385 2833 2528 2887 erga
2554 2832 2784 2882 omnes,
2810 2832 2880 2872 eo
2898 2817 3062 2888 quod
3090 2816 3163 2871 de
3185 2833 3255 2872 ea
3282 2816 3428 2872 nihil
3458 2817 3706 2873 omnino

2050 2906 2338 2962 sollicitus
2362 2905 2538 2961 fuerit
2557 2907 2617 2960 in
2641 2906 3043 2977 postulatione
3065 2905 3354 2961 orationis
3378 2920 3501 2959 sum
3530 2922 3541 2960 :
3576 2906 3706 2961 etin

2048 2996 2179 3066 ipsa
2205 2996 2403 3067 operis
2436 2994 2952 3049 administratione
2994 3010 3115 3051 non
3160 2994 3342 3050 habet
3370 2994 3574 3060 ﬁdem,
3598 3010 3707 3050 nec

2049 3084 2328 3140 ﬁduciam
2363 3099 2505 3153 erga
2534 3083 2743 3147 Deum,
2787 3100 2857 3139 eo
2887 3083 3052 3153 quod
3098 3083 3156 3137 in
3214 3082 3554 3153 cognitione
3612 3084 3707 3138 sui

2049 3188 2248 3228 carere
2279 3188 2341 3228 se
2368 3188 2488 3227 non
2515 3175 2793 3243 expertus
2847 3176 2953 3236 est,
3013 3188 3208 3244 neque
3240 3172 3547 3227 contendit
3568 3187 3706 3227 cum

1979 3259 2019 3314 C
2048 3259 2366 3316 afﬂictione
2386 3261 2705 3315 Dominum
2724 3259 3050 3331 postulare,
3074 3265 3137 3315 ut
3167 3259 3433 3316 obtineat
3463 3260 3707 3316 ﬁrmam

2047 3349 2107 3404 in
2140 3349 2307 3404 illum
2333 3348 2518 3405 ﬁdem
2549 3365 2617 3405 ac
2643 3364 2848 3404 veram
2872 3348 3177 3403 ﬁduciam.

2117 3474 2183 3528 V.
2218 3474 2461 3546 Oportet
2514 3473 2674 3528 enim
2721 3488 3222 3545 unumquemque
3252 3473 3499 3546 perinde
3541 3477 3603 3529 ut
3628 3472 3707 3530 ad

2046 3579 2252 3636 preces
2286 3579 2346 3619 se
2400 3562 2758 3634 compellere
2813 3567 2996 3633 atque
3031 3562 3297 3631 adigere,
3328 3567 3707 3634 repugnante

2048 3653 2252 3708 animo
2279 3673 2289 3717 ;
2321 3652 2405 3707 sic
2425 3666 2669 3724 quoque
2689 3651 2766 3707 ad
2792 3650 3102 3715 ﬁduciam,
3130 3652 3213 3706 sic
3233 3667 3478 3724 quoque
3496 3652 3574 3708 ad
3598 3651 3707 3707 hu-

2046 3741 2377 3807 militatem,
2414 3742 2499 3796 sic
2529 3756 2771 3813 quoque
2803 3739 2879 3795 ad
2915 3740 3317 3806 dilectionem,
3354 3740 3437 3796 sic
3460 3755 3707 3813 quoque

2047 3831 2124 3888 ad
2146 3830 2697 3895 mansuetudinem,
2721 3829 3121 3885 sinceritatem
3144 3834 3199 3884 et
3221 3828 3663 3901 simplicitatem
3689 3846 3702 3884 :

2047 3925 2133 3975 sic
2144 3935 2385 3992 quoque
2401 3918 2479 3974 ad
2492 3935 2734 3975 omnem
2750 3919 3100 3990 patientiam
3116 3925 3168 3973 et
3183 3918 3706 3989 longanimitatem

2047 4026 2186 4065 cum
2218 4010 2442 4079 gaudio
2474 4024 2545 4063 ac
2567 4013 2841 4079 prompte
2880 4007 3217 4063 collimare:
3254 4008 3337 4062 sic
3366 4023 3611 4079 quoque
3644 4023 3706 4063 se

2047 4097 2404 4169 compellere
2435 4097 2511 4151 ad
2543 4097 2631 4151 sui
2651 4097 2838 4167 ipsius
2871 4096 3244 4167 despectum,
3280 4112 3349 4152 ac
3381 4113 3441 4150 se
3473 4112 3703 4167 paupe-

2046 4202 2173 4241 rem
2206 4185 2550 4257 inﬁmmque
2565 4185 3220 4241 sortishomuncionem
3238 4190 3557 4255 reputare:
3592 4186 3698 4251 sic,

2045 4290 2119 4330 ne
2149 4275 2411 4330 intentus
2442 4275 2514 4329 sit
2540 4274 2720 4329 rebus
2781 4273 2979 4328 minus
3040 4273 3302 4339 utilibus,
3333 4275 3437 4329 sed
3464 4290 3703 4344 semper

2046 4379 2178 4435 quae
2212 4364 2311 4419 Dei
2347 4367 2487 4418 sunt
2518 4362 2853 4427 meditetur,
2889 4361 3228 4433 ctproferat
3274 4377 3375 4417 ore
3406 4370 3461 4418 et
3486 4362 3700 4418 corde:

2046 4452 2129 4507 sic
2156 4468 2229 4507 ne
2263 4453 2350 4507 ira
2371 4451 2771 4507 excandescat
2804 4457 2907 4507 aut
2950 4450 3229 4517 clamitet,
3265 4450 3441 4506 sicuti
3472 4451 3702 4508 dictum

2047 4547 2164 4598 est:
2202 4540 2403 4597 Omnis
2432 4541 2860 4604 amarulentia,
2893 4544 2947 4595 et
2989 4541 3234 4604 clamor,
3270 4543 3323 4596 et
3349 4540 3445 4595 ira
3474 4544 3529 4596 et
3554 4541 3704 4597 voci-

326 4647 409 4681 τω
449 4626 543 4700 ἀφ’
586 4629 758 4701 ύμῶν
799 4632 911 4682 σὺν
951 4631 1125 4703 πάσῃ
1166 4634 1382 4703 κακίᾳ.
1426 4632 1603 4693 Οὕτως
1648 4633 1713 4695 εἰς
1735 4636 1936 4696 πάντας

2054 4633 2285 4697 Feralia,
2316 4636 2369 4687 et
2402 4628 2822 4686 maledicentia
2849 4630 3103 4685 tollatur
3123 4645 3161 4685 a
3185 4629 3348 4685 vobis
3382 4645 3514 4685 cum
3543 4630 3706 4686 omni

328 4719 446 4777 τοὺς
476 4724 570 4771 τοῦ
623 4723 820 4791 Κυρίου
849 4723 1095 4794 τρόπους,
1136 4719 1203 4781 εἰς
1251 4726 1424 4773 πᾶσαν
1472 4723 1702 4781 ἄσκησιν
1730 4722 1934 4797 ἀρετῆς,

331 4808 422 4855 καὶ
492 4804 752 4868 πολιτείας
792 4807 993 4878 ἀγαθῆς
1045 4813 1135 4861 καὶ
1207 4810 1370 4873 καλῆς
1398 4830 1411 4843 ·
1455 4810 1528 4873 εἰς
1586 4819 1759 4865 πᾶσαν
1811 4812 1938 4865 ἀνα-

337 4894 564 4965 στροφὴν
643 4892 989 4964 ἆγαθότητος,
1069 4898 1141 4959 εἰς
1217 4906 1392 4951 πᾶσαν
1460 4904 1933 4975 ταπεινοφροσύνην

330 4983 647 5052 πραότητος,
681 4981 747 5042 εἰς
770 4986 829 5034 τὸ
887 4989 958 5056 μὴ
1024 4986 1352 5063 ἰπαίρεσθαι,
1404 4994 1494 5042 καὶ
1539 4990 1930 5067 ὑψηλοφρονεῖν,

325 5073 413 5122 καὶ
445 5072 785 5141 φυσιοῦσθαι,
816 5077 906 5125 καὶ
936 5072 1104 5127 λαλεῖν
1124 5079 1256 5130 κατά
1281 5096 1439 5140 τινος.

400 5282 472 5348 ς’,
509 5282 593 5344 Εἰς
640 5290 808 5337 ταῦτα
854 5287 1026 5339 πάντα
1078 5286 1264 5360 ὀφείλει
1318 5288 1601 5363 βιάζεσθαι
1650 5294 1848 5362 ἑαυτόν,
1904 5297 1929 5347 ό

330 5371 483 5425 θέλων
553 5369 908 5447 εὐδοκιμῆσαι
978 5381 1068 5429 καὶ
1124 5377 1478 5450 εὐαρεστῆσαι
1553 5389 1787 5454 Χριστῷ,
1867 5384 1929 5435 ἶν’

328 5460 488 5521 οὕτως
544 5462 571 5513 ό
625 5464 813 5535 Κύριος
877 5460 1002 5516 ἰδὼν
1086 5464 1247 5518 αὐτοῦ
1299 5472 1391 5526 τὴν
1468 5471 1779 5544 προθυμίαν,
1842 5476 1931 5523 καὶ

326 5554 654 5624 προαίρεσιν,
720 5560 811 5605 τοῦ
876 5554 1042 5617 οὕτως
1121 5555 1191 5618 είς
1266 5562 1441 5610 πᾶσαν
1496 5561 1798 5631 ἁγαθότητα
1844 5564 1932 5613 καὶ

328 5638 620 5708 ἁπλότητα,
679 5647 770 5695 καὶ
833 5649 1204 5719 χρηστότητα,
1268 5651 1359 5700 καὶ
1436 5652 1929 5722 ταπεινοφροσύνην,

402 5820 425 5855 ³
453 5820 622 5877 Rom.
650 5836 751 5887 xu,
786 5825 869 5879 l9.
948 5825 969 5859 ³
995 5824 1211 5897 Ephes.
1238 5842 1319 5895 ιγ,
1341 5830 1429 5884 3t.

2044 4721 2281 4777 malitia
2310 4724 2351 4770 ³.
2381 4719 2475 4775 Sic
2503 4718 2583 4774 ad
2612 4734 2823 4774 omnes
2856 4734 3052 4773 mores
3074 4718 3309 4773 Domini
3340 4718 3702 4788 induendos,

2045 4811 2123 4867 ad
2150 4825 2394 4865 omnem
2414 4808 2669 4878 virtutis,
2699 4807 2872 4879 probi
2910 4807 3267 4879 honestique
3295 4808 3427 4863 vitae
3454 4807 3707 4864 instituti

2045 4899 2551 4964 exercitationem,
2577 4896 2653 4952 ad
2676 4912 2917 4952 omnem
2931 4898 3451 4953 conversationem
3476 4897 3706 4954 bonita-

2045 4990 2141 5053 tis,
2174 4987 2250 5044 ad
2282 5002 2529 5043 omnem
2587 4986 2983 5041 humilitatem
3035 4986 3516 5041 mansuetudinis
3546 5009 3557 5051 ;
3593 5001 3704 5042 nec

2042 5077 2379 5142 extollatur,
2438 5091 2547 5131 nec
2593 5075 2779 5131 altum
2813 5076 3026 5146 sapiat,
3056 5079 3159 5131 aut
3184 5074 3442 5141 inﬂetur,
3476 5075 3569 5131 vel
3602 5093 3705 5131 cu-

2040 5167 2284 5239 jusdam
2316 5165 2544 5222 famam
2565 5165 2867 5221 detrectet.

2115 5291 2205 5347 Vl.
2234 5290 2320 5346 Ad
2348 5291 2476 5346 haec
2500 5289 2706 5346 omnia
2737 5306 2797 5344 se
2816 5288 3170 5361 compellere
3202 5289 3380 5345 debet
3408 5291 3508 5363 qui
3529 5291 3692 5361 cupit

2042 5379 2284 5453 probari
2315 5395 2386 5434 ac
2418 5379 2651 5451 placere
2683 5377 2938 5447 Christo,
2969 5378 3049 5433 ita
3097 5382 3160 5433 ut
3212 5378 3520 5445 Dominus,
3554 5394 3693 5433 con-

2041 5474 2244 5539 specta
2293 5468 2421 5539 ejus
2478 5466 2970 5539 promptitudine,
3030 5482 3100 5521 ac
3157 5467 3502 5530 intentione,
3538 5467 3688 5535 ejus,

2040 5558 2309 5630 inquam,
2325 5557 2519 5629 quiad
2532 5556 2912 5621 probitatem,
2929 5555 3391 5626 simplicitatem,
3412 5554 3690 5623 benigni-

2040 5654 2240 5718 tatem,
2294 5645 2709 5715 humilitatem,
2767 5643 3149 5701 dilectionem
3203 5649 3259 5699 et
3288 5642 3705 5715 precationem
