4148 6262
524 302 637 358 647

1829 294 1884 349 S.
1925 281 2227 349 MACARII
2264 281 2576 341 EGYPTII

3772 280 3878 340 648

526 447 591 486 se
616 433 815 503 ipsum
832 426 1153 499 compellit,
1177 443 1247 482 ac
1277 424 1334 480 vi
1364 423 1633 496 quadam
1659 421 1861 493 adigit,
1898 436 1961 474 se
1982 422 2150 474 totuu

2279 416 2369 463 xui
2444 410 2672 483 ἀγάπην,
2750 414 2838 463 καὶ
2914 410 3078 482 εύχήν
3153 412 3416 483 ἄγχοντος
3508 410 3710 479 ἱαυτόν,
3789 415 3881 462 καὶ

521 518 602 575 illi
629 519 868 575 olierat:
906 519 1054 589 ipse,
1109 516 1377 586 inquam,
1439 512 1742 575 Dominus,
1794 508 2051 580 implens
2079 521 2172 559 re-

519 625 662 665 vera
689 609 817 663 haec
846 607 1051 663 omnia
1083 606 1141 660 in
1175 620 1246 659 eo
1274 618 1422 675 pure
1454 601 1685 672 absque
1717 599 1838 654 ullo
1881 598 2085 652 labore
2116 598 2171 649 et

519 699 597 763 vi,
630 713 766 768 qua:
792 712 866 751 ne
914 695 971 749 vi
1002 693 1247 765 quidem
1281 690 1398 746 ulla
1451 696 1629 745 antea
1659 688 1979 743 observare
2009 688 2145 754 pote

517 791 629 851 rat,
664 790 907 857 propter
936 781 1279 838 inhabitans
1302 780 1364 834 in
1407 795 1478 834 eo
1517 783 1846 849 peccatum.
1881 775 2171 843 Fiuntque

516 874 598 930 illi
630 875 755 930 haec
786 873 990 928 omnia
1022 872 1303 926 virtutum
1335 868 1611 925 exercitia
1641 872 1697 923 et
1751 864 1970 928 studia,
2010 860 2172 917 velut

516 962 705 1019 altera
732 968 966 1017 natura.
998 959 1385 1016 Postmodum
1444 956 1732 1012 Dominus
1764 953 2089 1011 adveniens
2116 955 2171 1004 et

517 1056 786 1107 versatus
843 1068 979 1105 cum
1048 1065 1139 1115 eo,
1207 1053 1262 1103 et
1331 1047 1426 1102 ille
1490 1062 1625 1101 cum
1706 1044 1973 1105 Domino,
2043 1040 2170 1109 ipse

460 1124 463 1127 γ
515 1139 747 1211 perﬁcit
775 1140 835 1193 in
866 1154 937 1193 eo
968 1154 1078 1193 sua
1106 1137 1391 1193 mandata
1429 1135 1575 1190 citra
1604 1147 1847 1188 omnem
1875 1129 2165 1191 laborem,

514 1229 749 1300 replens
772 1243 909 1283 eum
942 1226 1135 1281 fructu
1157 1226 1429 1296 Spiritus.
1455 1222 1626 1288 Quod
1644 1222 1693 1277 si
1716 1235 1855 1276 vero
1871 1218 1947 1274 ad
1974 1216 2164 1272 solam

514 1318 919 1388 precationem
978 1330 1042 1369 se
1086 1315 1219 1386 quis
1279 1313 1485 1382 adigit,
1541 1311 1731 1366 donec
1763 1310 2168 1378 consequatur

514 1407 767 1475 gratiam
824 1405 979 1459 hanc
1012 1420 1047 1458 a
1094 1406 1247 1467 Deo;
1282 1402 1356 1456 ad
1416 1417 1485 1456 ea
1515 1416 1677 1464 vero,
1716 1415 1851 1470 quae
1883 1396 2167 1467 praedicta

516 1500 672 1559 sunt,
709 1510 770 1549 se
805 1510 926 1548 non
959 1492 1299 1565 compellat.
1356 1496 1532 1559 cogat
1573 1498 1630 1543 et
1660 1486 2034 1549 assuefaciat,
2071 1482 2164 1538 ille

515 1599 669 1649 vere,
702 1599 849 1655 pure
880 1599 947 1637 ac
989 1584 1114 1636 sine
1157 1581 1621 1651 reprehensione
1676 1576 1805 1632 haec
1836 1574 2162 1645 adimplere

511 1672 735 1744 nequit.
771 1674 982 1727 Verum
1016 1671 1097 1726 ita
1126 1670 1402 1725 convenit
1433 1685 1493 1723 se
1527 1681 1862 1739 praeparare
1888 1679 1997 1736 pro
2026 1662 2163 1716 viri-

508 1761 625 1815 bus
640 1761 789 1816 adid
805 1761 968 1831 quod
983 1761 1211 1815 bonum
1234 1765 1339 1813 est.
1372 1757 1678 1813 Interdum
1709 1755 1868 1811 enim
1895 1751 2150 1824 pervenit

2271 1752 2391 1803 ὅσον
2422 1748 2643 1803 δυνατὸν
2674 1753 2740 1812 εἰς
2784 1757 2840 1805 1'6
2882 1752 3076 1825 ἀγαθόν
3109 1775 3121 1786 ·

510 1850 585 1905 ad
603 1866 739 1904 eum
759 1840 1057 1921 petentem
1074 1865 1142 1905 ac
1156 1852 1502 1919 precantem
1516 1847 1708 1915 gratia
1721 1845 1945 1899 divina.
1966 1843 2159 1897 Bonus

507 1939 664 1993 enim
685 1944 740 1993 et
760 1939 1058 2007 benignus
1082 1944 1166 1992 est
1188 1940 1361 1999 Deus,
1382 1952 1451 1992 ac
1473 1934 1815 2007 petentibus
1844 1948 1879 1986 a
1899 1948 1962 1986 se
1984 1930 2155 1999 largi-

505 2032 601 2082 tur
630 2044 765 2098 quae
801 2027 1112 2099 petierant.
1147 2029 1360 2081 Verum
1391 2024 1496 2097 qui
1528 2029 1686 2080 caret
1713 2023 1804 2091 iis,
1839 2021 1911 2077 de
1937 2020 2158 2092 quibus

504 2116 685 2171 locuti
715 2134 923 2171 sumus
960 2122 1154 2179 antea,
1189 2131 1297 2170 nec
1351 2131 1411 2169 se
1471 2113 1547 2168 ad
1589 2130 1661 2168 ea
1691 2110 2010 2167 assuefacit
2057 2116 2158 2163 aut

504 2212 824 2277 prmparat,
846 2207 1098 2275 gratiam
1119 2221 1304 2276 quam
1335 2208 1689 2258 consecutus
1705 2202 1831 2271 jam
1864 2203 2009 2264 erat,
2028 2213 2156 2269 per-

506 2294 610 2357 dit,
638 2311 708 2349 ac
727 2295 885 2348 cadit
911 2310 1030 2365 prae
1050 2294 1234 2348 nimia
1260 2291 1601 2361 arrogantia
1633 2307 1645 2353 ;
1676 2295 1777 2345 aut
1807 2287 1948 2344 nihil
1974 2287 2157 2358 proﬁ-

504 2383 602 2447 cit,
638 2399 744 2437 nec
776 2388 1026 2451 augetur
1058 2383 1114 2435 in
1148 2382 1339 2450 gratia
1384 2380 1495 2434 sibi
1523 2395 1833 2447 concessa,
1866 2377 2154 2448 quoniam

507 2471 816 2526 mandatis
852 2472 1082 2526 Domini
1115 2470 1445 2525 deliberato
1473 2469 1675 2524 animo
1709 2484 1772 2523 se
1804 2482 1924 2522 non
1956 2466 2151 2520 dedit:

504 2559 725 2614 domus
784 2560 942 2615 enim
1002 2567 1056 2614 et
1106 2560 1341 2632 requies
1396 2558 1643 2629 Spiritus
1696 2563 1782 2612 est
1824 2555 2149 2617 humilitas,

504 2647 736 2703 dilectio
767 2654 821 2704 et
848 2649 1269 2712 mansuetudo,
1314 2651 1371 2702 et
1419 2647 1645 2719 reliqua
1705 2645 1935 2701 Domini
1986 2658 2152 2698 man-

502 2737 664 2793 data.

574 2952 689 3024 83
715 2953 821 3007 Vll.
854 2953 1215 3022 Debetergo,
1235 2953 1579 3025 quicunque
1607 2954 1726 3007 Deo
1755 2966 1889 3007 vere
1919 2949 2153 3022 placere

500 3044 681 3114 cupit,
706 3042 783 3098 ab
806 3058 995 3114 eoque
1018 3042 1275 3113 recipere
1299 3041 1597 3097 caelestem
1623 3042 1872 3112 Spiritus
1900 3040 2153 3109 gratiam

501 3138 555 3187 et
586 3133 645 3186 in
676 3132 893 3203 Spiritu
924 3138 1128 3187 sancto
1182 3148 1444 3187 crescere
1476 3148 1544 3186 ac
1576 3131 1799 3203 perﬁci,
1835 3130 1912 3186 ad
1947 3130 2153 3184 omnia

496 3226 798 3293 praecepta
832 3224 925 3275 Dei
961 3237 1024 3275 se
1051 3223 1249 3293 ipsum
1274 3220 1649 3293 compellere,
1682 3226 1735 3275 et
1788 3220 1876 3274 vel
1902 3220 2150 3273 invitum

496 3312 770 3365 animum
795 3311 1142 3380 subjugare,
1167 3310 1495 3365 secundum
1528 3310 1689 3380 quod
1723 3308 1966 3363 dicitur:
2003 3310 2152 3361 Pro-

494 3406 699 3468 pterea
715 3400 793 3454 ad
808 3402 1003 3454 omnia
1016 3400 1294 3455 mandata
1309 3406 1408 3455 tua
1422 3398 1755 3469 dirigebar:
1775 3414 1985 3453 omnem
2002 3398 2151 3453 viam

495 3488 767 3558 iniquam
789 3489 921 3542 odio
937 3488 1120 3543 habui
1136 3490 1174 3540 ⁵.
1192 3488 1717 3552 Quemadmodum
1753 3489 1911 3542 enim
1934 3486 2150 3558 aliquis

496 3576 573 3631 ad
594 3577 1103 3646 perseverandum
1134 3578 1193 3630 in
1217 3578 1557 3647 precatione
1577 3594 1635 3631 se
1663 3578 1861 3647 ipsum
1886 3575 2151 3647 compel-

495 3665 559 3719 lit
581 3672 762 3735 atque
784 3664 989 3733 adigit,
1020 3665 1211 3720 donec
1245 3665 1304 3720 id
1332 3672 1485 3720 recte
1507 3665 1874 3720 constituerit
1899 3678 1910 3717 :
1937 3666 2149 3720 eodem

496 3753 703 3818 modo,
730 3753 1050 3822 silibuerit,
1077 3754 1152 3809 ad
1183 3755 1388 3809 omnia
1409 3770 1649 3827 quoque
1680 3756 1962 3810 virtutum
1989 3770 2149 3809 exer-

496 3841 634 3897 citia
657 3859 717 3896 se
742 3842 940 3912 ipsum
955 3842 1446 3915 compellitatque
1472 3843 1674 3912 adigit,
1701 3844 1873 3898 bonae
1898 3858 2144 3898 consue-

495 3930 682 3985 tudini
708 3940 1183 3999 assuescens;et
1240 3933 1337 3995 sic,
1377 3932 1477 3987 ubi
1539 3930 1780 3987 assidue
1828 3933 2145 3987 Dominum

492 4020 823 4076 obtestatus
851 4038 921 4076 ac
951 4021 1324 4093 deprecatus,
1358 4030 1562 4092 etquae
1587 4022 1834 4092 petierit,
1893 4022 2145 4092 adeptus

497 4108 692 4173 fuerit,
721 4113 909 4165 Deum
940 4117 1181 4179 gustare
1209 4112 1408 4182 coepit,
1436 4128 1505 4165 ac
1534 4110 1782 4181 Spiritus
1804 4112 1990 4166 sancti
2014 4127 2142 4182 par-

494 4198 685 4270 ticeps
713 4199 903 4255 factus
932 4200 1125 4265 fuerit,
1177 4200 1290 4256 hoc
1322 4201 1462 4270 agit,
1492 4207 1555 4255 ut
1583 4206 1806 4256 crescat
1863 4208 1919 4255 et
1949 4200 2145 4256 foveat

489 4289 744 4357 gratiam
777 4289 888 4343 sibi
911 4304 1288 4354 concessam,
1318 4289 1790 4361 requiescentem
1822 4290 1881 4344 in
1912 4289 2142 4345 humili-

488 4383 627 4445 tate,
663 4378 723 4431 in
752 4377 1062 4434 dilectione
1096 4383 1151 4433 et
1179 4380 1643 4435 mansuetudine
1664 4381 1817 4449 ejus.

561 4589 696 4644 VIII.
727 4589 858 4657 Ipse
893 4591 1139 4661 Spiritus
1164 4592 1411 4662 largitur
1439 4591 1567 4647 haec
1598 4590 1670 4657 ei,
1700 4596 1876 4663 atque
1902 4592 2138 4650 instruit

484 4696 623 4734 cum
659 4694 796 4733 vera
824 4681 1106 4750 precandi
1160 4684 1408 4747 ratione,
1441 4697 1577 4736 vera
1608 4680 1943 4750 dilectione,
2001 4698 2136 4739 vera

483 4768 966 4834 mansuetudine,
1000 4770 1075 4823 ad
1124 4787 1260 4841 quas
1318 4779 1493 4825 antea
1528 4771 1580 4824 vi
1622 4787 1686 4825 se
1716 4771 2132 4842 compellebat,

480 4873 614 4928 quae
638 4857 999 4928 inquirebat,
1029 4860 1103 4913 de
1134 4860 1357 4931 quibus
1413 4860 1698 4915 sollicitus
1730 4866 1871 4927 erat,
1910 4877 1979 4916 ac
1999 4878 2133 4933 quae

478 4945 898 5012 meditabatur,
933 4964 1187 5019 quasque
1247 4949 1471 5004 donata
1515 4950 1759 5004 tandem
1788 4950 1838 5004 ei
1871 4956 2039 5006 sunt:
2077 4956 2133 5005 et

482 5034 565 5089 ita
587 5042 797 5090 auctus
815 5042 867 5090 et
890 5044 1343 5092 consummatus
1376 5038 1433 5091 in
1457 5040 1592 5103 Deo,
1620 5039 1724 5109 qui
1752 5039 1941 5094 haeres
1965 5041 2131 5110 regni

475 5124 708 5193 evadat,
744 5124 961 5193 dignus
1002 5126 1275 5180 habetur.
1333 5127 1578 5182 Humilis
1605 5129 1760 5182 enim
1814 5144 2131 5199 nunquam

472 5212 712 5267 labitur.
734 5214 897 5267 Unde
919 5213 1081 5268 enim
1110 5214 1230 5269 labi
1252 5215 1450 5271 liceret
1476 5216 1547 5281 ei,
1573 5216 1674 5288 qui
1709 5216 1818 5271 sub
1844 5218 2128 5273 omnibus

472 5302 606 5356 est?
636 5302 826 5357 Nimia
858 5302 1059 5374 itaque
1077 5305 1261 5359 animi
1304 5304 1479 5359 elatio
1512 5322 1753 5361 summa
1781 5314 1867 5361 est
1895 5307 2129 5362 humili-

472 5396 590 5446 tas:
628 5391 937 5446 humilitas
964 5407 1104 5446 vero
1136 5408 1357 5462 magna
1392 5399 1478 5448 est
1499 5394 1793 5466 exaltatio,
1828 5397 2128 5453 existima-

469 5480 551 5536 tio
583 5486 762 5553 atque
788 5480 1073 5552 dignitas.
1093 5484 1209 5537 Nos
1233 5498 1373 5553 ergo
1400 5498 1641 5556 quoque
1672 5500 1782 5540 nos
1810 5487 2126 5559 compella-

540 5667 561 5703 ⁴
593 5666 809 5724 Psalm.
865 5684 1035 5738 cxvu,
1074 5672 1198 5728 104.

2280 503 2496 571 οἶγοντος
2524 503 2654 573 μετὰ
2693 498 2834 573 βίας,
2887 496 3033 573 δὼση
3090 501 3269 553 ἑαυτὸν
3320 500 3431 553 ὃλον
3475 500 3635 571 αύτῷ,
3671 500 3829 562 αύτὸς
3855 502 3881 551 6

2281 592 2474 664 Κύριος
2525 598 2682 643 ποιῶν
2728 589 2779 652 ἐξ
2819 589 3060 652 ἀληθείας
3102 598 3269 642 ταῦτα
3323 592 3488 642 πάντα
3538 592 3783 661 καθαρῶς
3832 592 3882 641 ἐν

2280 680 2419 751 αύτῷ
2480 678 2682 740 ἀκόπως
2732 686 2821 733 καὶ
2870 679 3150 746 ἀϐιάστως,
3192 680 3227 731 ἃ
3257 685 3376 755 πρὶν
3424 676 3546 732 οὐδὲ
3590 682 3722 753 μετά
3763 677 3881 753 βίας

2281 768 2502 841 φυλάξαι
2532 766 2782 839 ἠδύνατο,
2839 766 2930 823 διὰ
2981 774 3073 829 τὴν
3118 769 3166 821 ἐν
3224 771 3364 841 αύτῷ
3410 770 3657 822 οἰκοῦσαν
3711 769 3882 843 αμαρ-

2279 862 2390 910 τίαν
2446 878 2458 890 ·
2516 864 2603 911 καὶ
2649 863 2847 930 γίνεται
2886 859 3025 931 αύτῷ
3056 862 3121 911 τὰ
3171 868 3263 922 τῆς
3317 858 3501 932 ἀρετῆς
3544 860 3715 911 πάντα
3758 863 3876 910 επι-

2278 944 2583 1019 τηδεύματα
2635 950 2702 1008 ὡς
2747 951 2920 1020 φύσις.
2976 951 3044 1004 Τὸ
3108 947 3287 1001 λοιπὸν
3355 946 3510 999 ἐλθὼν
3577 948 3602 999 ὁ
3664 950 3871 1021 Κύριος,

2280 1041 2364 1088 καὶ
2420 1041 2678 1109 γενόμενος
2744 1040 2791 1089 ἓν
2843 1037 3001 1108 αύτῷ,
3068 1042 3158 1090 καὶ
3227 1037 3385 1100 αὐτὸς
3438 1037 3486 1090 ἐν
3549 1046 3620 1109 τῷ
3677 1042 3869 1110 Κυρίῳ,

2280 1126 2433 1187 αύτὸς
2482 1134 2619 1178 ποιεῖ
2669 1125 2715 1177 ἐν
2757 1126 2914 1197 αύτῷ,
2962 1128 3055 1187 τὰς
3115 1122 3251 1188 ἰδίας
3283 1126 3483 1187 ἐντολὰς
3534 1128 3654 1178 ἄνευ
3708 1129 3874 1198 καμά-

2278 1234 2391 1282 του,
2450 1215 2658 1288 πληρῶν
2716 1215 2869 1267 αύτόν
2926 1219 3012 1267 τὸν
3060 1220 3259 1283 καρπὸν
3317 1223 3408 1269 τοῦ
3449 1219 3762 1287 Πνεύματος.
3813 1214 3875 1268 Εἰ

2279 1299 2337 1355 δὲ
2364 1303 2429 1365 εἰς
2469 1304 2632 1376 εὐχὴν
2671 1310 2822 1377 μόνον
2874 1303 3117 1377 βιάζεταί
3164 1326 3243 1368 τις
3273 1306 3474 1371 ἑαυτὸν,
3509 1307 3602 1367 ἕως
3648 1305 3708 1357 οὗ
3738 1303 3871 1376 λάϐῃ

2275 1394 2525 1465 χάρισμα
2575 1398 2718 1468 παρά
2774 1400 2921 1459 Θεοῦ,
2976 1396 3043 1455 εἰς
3094 1403 3261 1447 ταῦτα
3308 1392 3365 1447 δε
3422 1398 3489 1448 τὰ
3526 1399 3877 1468 προειρημένα

2276 1484 2467 1554 ὁμοίως
2517 1483 2697 1536 ἑαυτὸν
2752 1485 2810 1535 ού
2857 1483 3122 1555 βιάζεται,
3150 1491 3239 1537 καὶ
3269 1486 3431 1556 ἄγχει
3479 1490 3569 1537 καὶ
3599 1484 3777 1549 ἐθίζει,
3813 1484 3873 1535 ού

2277 1569 2493 1625 δύναται
2549 1573 2601 1636 ἐξ
2675 1575 2934 1638 ἀληθείας,
3007 1576 3250 1638 καθαρῶς
3312 1580 3403 1627 xui
3460 1573 3686 1647 ἀμώμως
3739 1574 3878 1625 αὐτὰ

2273 1670 2520 1719 ποιῆσαι.
2577 1662 2713 1716 Ἀλλ’
2781 1662 2915 1715 οὕτω
2973 1669 3083 1737 χρὴ
3163 1669 3583 1738 προευτρεπίςειν
3664 1662 3873 1728 ἑαυτὸν,

3174 1756 3329 1805 ἐνίοτε
3367 1756 3467 1827 γὰρ
3515 1757 3714 1825 γίνεται
3738 1756 3878 1823 πρὸς

2270 1841 2482 1899 αύτὸνὴ
2541 1844 2653 1894 θεία
2702 1845 2859 1916 χάρις
2916 1844 3159 1895 αἰτοῦντα
3196 1849 3285 1895 xui
3338 1839 3594 1915 δεόμενον.
3648 1843 3877 1914 Ἀγαθός

2266 1932 2368 2002 γὰρ
2412 1936 2501 1983 καὶ
2557 1937 2798 2006 χρηστός
2856 1932 2995 1985 ἐστιν
3034 1934 3059 1985 ὁ
3110 1936 3258 1999 Θεὸς,
3323 1937 3411 1985 καὶ
3471 1940 3574 1993 τοῖς
3629 1933 3874 1985 αἰτοῦσιν

2267 2020 2419 2071 αύτόν
2450 2023 2477 2078 ἡ
2524 2023 2635 2073 θεία
2682 2024 2843 2096 χάρις
2897 2022 3141 2075 αἰτοῦντα
3194 2027 3284 2075 xui
3329 2019 3587 2094 δεόμενον.
3639 2023 3876 2094 Ἀγαθός

2266 2114 2397 2180 μήτε
2473 2112 2672 2174 ἐθίσας,
2737 2116 2868 2184 μήτε
2940 2117 3351 2185 προευτρεπίσας
3422 2113 3599 2164 ἑαυτὸν
3653 2112 3723 2174 εἰς
3776 2115 3873 2174 τὰς

2264 2203 2653 2274 προειρημένας,
2727 2204 2831 2272 ε’ίγε
2911 2200 3079 2268 λάϐοι,
3138 2200 3319 2254 ἀπολεῖ
3398 2206 3490 2260 τὴν
3579 2204 3743 2275 χάριν
3808 2202 3874 2259 ἣν

2265 2287 2427 2351 ἔλαϐε,
2480 2293 2569 2341 καὶ
2624 2295 2799 2341 πίπτει
2855 2290 3312 2365 ὑψηλοφρονήσας,
3373 2292 3402 2349 ἢ
3461 2291 3519 2342 ού
3577 2296 3873 2364 προκόπτει

2264 2382 2353 2428 καὶ
2404 2378 2553 2438 αὔξει
2612 2378 2659 2430 ἐν
2716 2387 2777 2451 τῇ
2828 2381 3016 2453 χάριτι
3063 2387 3124 2452 τῇ
3180 2384 3305 2451 πρὸς
3381 2383 3536 2431 αὐτὸν
3594 2384 3869 2453 γενομένη,

2264 2464 2444 2525 ἐπειδὴ
2499 2476 2608 2528 ταῖς
2686 2469 2914 2530 ἐντολαῖς
2991 2477 3081 2521 τοῦ
3156 2474 3351 2542 Κυρίου
3406 2468 3460 2521 ἐκ
3515 2474 3873 2543 προαιρέσεως

2264 2554 2444 2607 ἑαυτὸν
2501 2556 2558 2609 ού
2619 2554 2814 2610 δίδωσι
2873 2574 2885 2584 ·
2960 2562 3017 2610 τὸ
3068 2561 3167 2633 γάρ
3230 2563 3633 2632 κατοικητήριον
3690 2565 3780 2612 καὶ
3833 2563 3865 2619 ἡ

2266 2643 2559 2708 ἀνάπαυσις
2618 2655 2710 2699 τοῦ
2769 2650 3085 2719 Πνεύματος,
3140 2650 3170 2706 ἠ
3204 2653 3643 2722 ταπεινοφροσύνη
3701 2648 3867 2718 ἐστὶν,

2263 2734 2293 2790 ἡ
2339 2732 2515 2804 ἀγάπη
2548 2754 2602 2787 τε
2656 2741 2746 2789 καὶ
2790 2738 3043 2812 πραότης,
3076 2742 3167 2790 καὶ
3201 2740 3257 2790 αἰ
3311 2738 3489 2791 λοιπαὶ
3541 2746 3634 2791 τοῦ
3664 2739 3866 2811 Κυρίου

2264 2823 2484 2880 ἐντολαί.

2334 2949 2408 3001 Ζ”.
2445 2950 2663 3023 Ὀφεῖλει
2717 2948 2804 3004 οὖν
2855 2953 2879 3003 6
2931 2949 3239 3025 βουλόμενος
3269 2953 3324 3017 ἐξ
3383 2954 3629 3016 ἀληθείας
3678 2953 3851 3023 εύαρε-

2266 3049 2462 3099 στῆσαι
2492 3043 2562 3111 τῷ
2612 3050 2745 3112 Θεῷ,
2788 3047 2877 3093 καὶ
2933 3039 3187 3105 δέξασθαι
3225 3044 3346 3117 παρ’
3378 3048 3539 3097 αύτου
3570 3049 3662 3102 τὴν
3704 3042 3859 3094 ἐπου-

2260 3130 2435 3200 ράνιον
2517 3138 2608 3182 τοῦ
2696 3134 2992 3203 Πνεύματος
3057 3134 3240 3206 χάριν,
3317 3139 3406 3187 καὶ
3482 3132 3712 3195 αὐξῆσαι
3770 3136 3867 3183 xui

2259 3218 2589 3277 τελειωθῆναι
2642 3219 2689 3271 ἐν
2751 3229 2823 3291 τῷ
2871 3220 3004 3291 ἁγίῳ
3067 3224 3347 3293 Πνεύματι,
3398 3223 3469 3285 εἰς
3535 3226 3708 3282 πάσας
3770 3224 3870 3284 τὰς

2260 3308 2464 3370 ἐντολὰς
2490 3317 2580 3361 τοῦ
2612 3317 2744 3363 Θεοῦ
2779 3307 3060 3383 βιάζεσθαι
3101 3310 3304 3376 ἑαυτὸν,
3360 3318 3449 3365 καὶ
3502 3318 3572 3384 μὴ
3610 3313 3869 3364 θέλουσαν

3748 3402 3871 3451 Διά

2259 3493 2448 3538 τοῦτο
2512 3492 2665 3559 πρὸς
2718 3491 2927 3549 πάσας
2972 3491 3081 3549 τὰς
3140 3488 3395 3549 ἐντολάς
3455 3509 3565 3541 σου
3623 3509 3870 3563 κατωρ-

2259 3401 2352 3454 την
2409 3394 2634 3472 καρδίαν
2682 3399 2999 3450 ύποτάσσειν
3074 3401 3208 3450 κατά
3253 3403 3311 3451 τὸ
3366 3400 3628 3473 εἰρημένον
3663 3421 3676 3433 ·

2262 3575 2523 3645 θούμην,
2586 3582 2793 3628 πᾶσαν
2842 3573 2992 3629 ὁδὸν
3032 3575 3265 3630 ἄδικον
3305 3580 3614 3650 ἐμίσησα.
3654 3586 3868 3654 Ὥσπερ

2256 3665 2357 3738 γάρ
2385 3684 2459 3724 τις
2512 3665 2578 3725 εἰς
2622 3670 2713 3723 τὴν
2744 3671 3200 3740 προσκαρτέρησιν
3253 3677 3346 3729 τῆς
3400 3668 3566 3740 εύχῆς
3611 3667 3867 3740 βιάζεται

2259 3752 2436 3804 ἑαυτὸν
2462 3759 2550 3806 καὶ
2578 3757 2747 3826 ἔγχει,
2772 3756 2866 3815 ἕως
2888 3757 2947 3807 οὗ
2977 3764 3127 3825 τοῦτο
3158 3759 3465 3830 κατορθώσῃ
3505 3775 3517 3787 ·
3552 3760 3745 3830 ὁμοίως
3778 3759 3859 3811 ea»

2259 3841 2374 3914 θέλῃ
2407 3847 2491 3894 xui
2536 3843 2605 3904 εἰς
2638 3846 2805 3896 πάντα
2850 3848 2916 3897 τά
2945 3854 3039 3907 τῆς
3079 3845 3267 3921 ἀρετῆς
3315 3844 3709 3920 ἐπιτηδεύματα
3744 3847 3863 3921 βιά-

2257 3931 2400 3991 ζεται
2453 3932 2633 3984 ἑαυτὸν
2677 3939 2767 3986 καὶ
2805 3936 2987 4006 ἄγχει,
3020 3939 3104 3986 καὶ
3153 3934 3311 3995 ἐθίζει
3354 3938 3466 3997 ἔθος
3514 3936 3735 4008 ἀγαθὸν,
3768 3945 3865 3992 καὶ

2254 4022 2408 4082 οὕτως
2448 4024 2751 4094 αἰτούμενος
2779 4029 2869 4075 καὶ
2896 4021 3134 4095 δεόμενος
3165 4034 3254 4076 τοῦ
3289 4029 3481 4100 Κύριον
3514 4022 3607 4078 δ’ιά
3640 4031 3859 4092 παντὸς,

2252 4116 2340 4163 καὶ
2366 4111 2544 4182 τυχών
2573 4121 2666 4173 τῆς
2688 4113 2963 4179 αἰτήσεως,
2995 4119 3083 4166 καὶ
3111 4113 3408 4186 μεταλαϐὼν
3438 4118 3666 4186 γεύσεως
3692 4124 3857 4182 Θεοῦ,

2251 4206 2340 4253 καὶ
2398 4204 2689 4273 Πνεύματος
2764 4201 2916 4273 ἁγίου
2999 4207 3226 4275 μέτοχος
3298 4209 3585 4277 γενόμενος,
3676 4206 3858 4268 αὔξειν

2250 4297 2389 4341 ποιεῖ
2442 4295 2531 4341 καὶ
2592 4290 2788 4343 θάλλειν
2832 4295 2889 4343 τὸ
2935 4293 3184 4367 χάρισμα
3226 4296 3284 4345 τὸ
3318 4290 3467 4346 δοθὲν
3521 4294 3680 4365 αύτῷ,
3728 4293 3859 4348 ἀνα-

2249 4385 2535 4451 παυόμενον
2624 4380 2673 4433 ἐν
2746 4388 2808 4453 τῇ
2887 4385 3327 4456 ταπεινοφροσύνῃ
3411 4384 3591 4452 αύτοῦ,
3670 4383 3718 4436 ἐν
3784 4393 3851 4457 τῇ

2172 4464 2216 4518 D
2250 4468 2449 4543 ἀγάπη,
2494 4473 2542 4522 ἐν
2567 4478 2628 4542 τῇ
2674 4476 2953 4545 πραότητι.

2320 4594 2399 4649 H'.
2460 4596 2600 4650 Αὐτὸ
2652 4599 2706 4649 τὸ
2748 4603 2956 4669 Πνεῦμα
3006 4597 3291 4672 χαρίζεται
3322 4598 3461 4669 αύτῷ
3516 4606 3703 4664 ταῦτα,
3748 4603 3837 4650 xui

2248 4681 2497 4737 διδάσκει
2549 4686 2703 4737 αὐτὸν
2763 4686 3010 4745 ἀληθινὴν
3076 4686 3260 4758 εὐχὴν,
3317 4686 3564 4746 ἀληθινὴν
3614 4687 3841 4760 ἀγάπην,

2245 4773 2492 4834 ἀληθινὴν
2541 4780 2833 4850 πραότητα,
2865 4775 2898 4826 ἄ
2943 4774 3292 4847 προεϐιάσατο
3344 4781 3432 4829 καὶ
3462 4776 3704 4843 ἐζήτησε,
3756 4784 3850 4830 καὶ

2243 4866 2575 4937 ἑμερίμνησε,
2631 4870 2719 4916 καὶ
2778 4864 3072 4935 ἐμελέτησε,
3150 4870 3239 4917 xui
3287 4861 3446 4924 ἐδόθη
3505 4865 3689 4937 αύτῷ·
3753 4873 3849 4919 καὶ

2243 4955 2406 5013 οὕτως
2458 4954 2695 5015 αὐξήσας
2747 4958 2837 5005 xui
2890 4953 3167 5014 τελειωθεὶς
3220 4953 3267 5006 ἐν
3327 4962 3459 5025 Θεῷ,
3527 4955 3849 5029 κληρονόμος

2242 5051 2331 5102 τῆς
2360 5042 2631 5114 βασιλείας
2661 5044 2897 5114 γενέσθαι
2952 5043 3310 5105 καταξιοῦται.
3366 5044 3423 5096 Ὀ
3453 5047 3554 5117 γάρ
3601 5050 3850 5108 ταπεινὸς

2240 5129 2489 5185 οὐδέποτε
2542 5138 2719 5185 πίπτει
2762 5150 2773 5162 ’
2835 5135 2987 5185 πόθεν
3046 5136 3145 5205 γάρ
3195 5140 3367 5186 πεσεῖν
3425 5136 3538 5205 ἔχει
3592 5135 3847 5188 ὑποκάτω

2238 5223 2441 5273 πάντων
2496 5226 2611 5288 ὧν;
2665 5222 2862 5295 μεγάλη
2913 5227 3243 5286 ταπείνωσις,
3296 5224 3325 5281 ἡ
3378 5221 3785 5296 ὑψηλοφροσύνη
3827 5242 3841 5255 ο

2238 5316 2326 5363 xui
2383 5311 2579 5383 μεγάλη
2631 5310 2856 5381 ύψωσις,
2911 5316 3001 5363 καὶ
3060 5317 3319 5383 τιμιότης,
3378 5315 3466 5363 καὶ
3522 5309 3750 5385 ἀξίωμα,
3806 5317 3839 5373 ἠ

2237 5402 2703 5475 ταπεινοφροσύνη.
2768 5404 2866 5452 Καὶ
2938 5402 3082 5471 ἡμεῖς
3136 5404 3307 5452 τοίνυν
3362 5398 3670 5473 βιασώμεθα
3746 5409 3842 5456 καὶ

2245 5492 2493 5563 ἄγχωμεν
2535 5489 2749 5553 ἑαυτοὺς
2799 5489 2871 5551 εἰς
2926 5495 3021 5547 τὴν
3068 5492 3561 5563 ταπεινοφροσύνην,
3618 5495 3708 5543 καὶ
3759 5499 3837 5565 μὴ
