4148 6262
484 268 582 324 651

1796 258 1856 314 S.
1895 254 2195 314 MACABJI
2234 251 2535 311 EGYPTII

3729 254 3834 310 652

473 397 703 465 quanto
733 392 984 463 majore,
1015 390 1290 463 inquam,
1321 388 1550 461 pudore
1577 392 1755 459 atque
1796 383 2129 456 ignominia

2254 382 2373 453 θείᾳ,
2438 380 2646 435 πλείονα
2696 387 2785 435 καὶ
2818 382 3083 455 αἰσχύνην
3138 386 3230 437 καὶ
3273 381 3483 455 ἀτιμίαν
3535 383 3713 435 παθῶν
3750 400 3839 435 πε·

477 482 864 539 aﬁ‘ectionum
894 480 1266 537 circumdata
1294 484 1348 534 et
1369 479 1590 535 amicta
1616 482 1700 533 est
1727 476 1754 530 ‘?
1779 476 2131 545 Quicunque

478 588 622 642 ergo
655 579 814 627 caret
843 570 1048 626 divina
1090 569 1190 625 illa
1215 569 1421 640 gloria,
1452 569 1535 624 ita
1582 568 1760 623 debet
1808 565 1900 620 sui
1943 564 2134 636 ipsius

476 662 707 733 pudore
729 660 887 726 duci,
917 665 1091 732 atque
1121 674 1451 728 agnoscere
1477 673 1650 713 suam
1676 654 2135 729 ipsiusignomi-

478 751 665 815 niam,
685 751 837 806 sicut
858 750 1046 805 Adam
1062 749 1297 803 erubuit
1318 763 1565 819 corpore
1583 747 1780 801 nudus
1793 761 1929 801 cum
1943 747 2124 798 esset.

484 839 769 908 Quamvis
782 837 1329 893 construxissetsibi
1344 853 1413 892 ex
1437 836 1593 891 foliis
1617 834 1766 891 ficus
1786 833 2075 889 amictum
2090 833 2135 893 ⁸,

482 927 869 984 nihilominus
913 926 1141 997 pudore
1199 926 1592 991 afﬁciebatur,
1652 922 2027 979 mendicitate
2082 926 2138 976 et

481 1018 751 1073 nuditate
777 1031 887 1070 sua
916 1016 1155 1085 cognita
1185 1021 1361 1087 atque
1384 1018 1710 1086 perspecta.
1737 1010 1995 1068 Postulet
2033 1010 2137 1081 igi-

482 1112 575 1163 tur
592 1104 895 1177 ejusmodi
941 1104 1145 1160 anima
1175 1121 1210 1159 a
1250 1104 1495 1170 Christo,
1531 1103 1635 1175 qui
1671 1102 1919 1172 largitur
1958 1108 2137 1173 atque

481 1201 731 1251 exornat
759 1210 895 1250 eam
927 1193 1116 1265 gloria
1137 1193 1438 1249 inlumine
1474 1208 1695 1248 arcano
1723 1208 1735 1246 :
1764 1207 1869 1246 nec
1888 1194 2138 1246 consuta

484 1284 605 1339 sibi
641 1290 799 1339 veste
840 1299 1134 1340 vanarum
1175 1283 1600 1353 cogitationum
1642 1282 1977 1345 arbitretur,
2004 1294 2130 1351 pro-

484 1373 629 1444 priae
650 1372 893 1446 justitiae
925 1372 1208 1443 opinione
1222 1372 1491 1443 decepta,
1509 1387 1571 1426 se
1587 1369 1809 1426 habere
1824 1368 2139 1424 vestimen-

490 1467 614 1518 tum
638 1462 824 1534 ipsius
852 1461 1151 1517 salutaris.

562 1586 659 1641 III.
687 1586 745 1641 Si
776 1587 934 1641 enim
987 1588 1047 1640 in
1099 1584 1457 1656 suajustitia
1496 1590 1677 1656 atque
1724 1581 2137 1654 redemptione

2239 470 2581 546 ριϐέϐληται;
2639 478 2728 525 καὶ
2765 480 2867 536 πᾶς
2906 493 2987 535 τις
3040 478 3107 525 ὧν
3158 477 3351 546 γυμνός
3391 473 3491 527 ἀπὸ
3540 482 3637 534 τῆς
3700 474 3843 536 θείας

2242 559 2431 622 ἐκείνης
2478 559 2658 628 δόξης,
2716 563 2882 625 οὕτως
2943 563 3129 636 ὀφείλει
3181 563 3365 616 ἑαυτὸν
3395 563 3839 635 ἐπαισχύνεσθαι,

2242 655 2331 702 καὶ
2381 657 2655 722 γινώσκειν
2722 650 2934 725 ἀτιμίαν
3005 654 3186 718 αὑτοῦ,
3271 655 3444 725 ὥσπερ
3530 660 3843 725 σωματικῶς

2242 737 2419 813 Ἀδὰμ
2449 743 2712 813 ησχύνιτο
2768 744 2965 813 γυμνὸς
3019 746 3109 807 ὤν,
3164 740 3257 792 κᾶν
3298 740 3538 799 ἐποίησεν
3590 741 3755 813 ἑαυτῷ
3787 744 3843 794 ἑκ

2247 838 2408 892 συκῆς
2462 830 2656 901 φύλλων
2706 830 3021 904 περίϐλημα,
3070 833 3211 904 ὅμως
3236 836 3329 891 τὴν
3370 831 3634 904 αἰσχύνην
3674 829 3842 903 ἐφόρει

2244 924 2338 978 τὴν
2389 925 2656 991 πτωχείαν
2708 919 2889 973 ἑαυτοῦ
2945 921 3302 993 ἐπιγινώσκων
3336 941 3348 954 ·
3399 920 3609 973 αἰτείτω
3662 916 3749 972 οὖν
3807 920 3837 978 ἦ

2244 1012 2461 1067 τοιαύτη
2512 1010 2668 1081 ψυχὴ
2727 1012 2870 1083 ποιρά
2922 1017 3013 1063 τοῦ
3067 1007 3311 1073 διδόντος
3360 1015 3449 1063 καὶ
3482 1008 3841 1082 ἀμφιεννύντος

2248 1094 2405 1161 δόξαν
2448 1106 2682 1171 Χριστοῦ
2734 1102 2782 1151 ἓν
2815 1104 2945 1172 φωτὶ
3003 1098 3229 1175 ἀρρήτῳ,
3287 1104 3357 1173 μὴ
3408 1106 3638 1152 ποιοῦσα
3684 1097 3833 1171 ἑαυτῇ

2249 1189 2452 1259 ἱμάτιον
2480 1187 2745 1261 λογισμῶν
2774 1193 3029 1261 ματαίων,
3069 1186 3289 1248 δοκήσει
3331 1185 3475 1251 ἰδίας
3500 1185 3843 1250 δικαιοσύνης

2248 1276 2556 1349 ἀπατωμένη
2589 1282 2678 1331 καὶ
2705 1282 2997 1350 νομίζουσα
3025 1281 3166 1352 ἔχειν
3198 1278 3387 1352 ἆμφιον
3423 1282 3706 1352 σωτηρίου.

2321 1581 2392 1634 I".
2426 1585 2487 1634 Ei
2515 1600 2595 1643 τις
2623 1584 2721 1654 γὰρ
2775 1580 2824 1634 ἐν
2871 1589 2934 1654 τῇ
2968 1580 3157 1633 ἑαυτοῦ
3198 1583 3350 1653 μόνον
3390 1578 3606 1633 ἲσταται
3636 1577 3851 1634 δικαιο-

490 1675 685 1731 solum
717 1675 849 1747 quis
903 1676 1235 1745 perstiterit,
1266 1673 1487 1730 frustra
1530 1691 1600 1729 ac
1640 1679 1859 1729 temere
1904 1671 2141 1728 labores

2254 1674 2379 1744 σύνη
2438 1676 2529 1724 καὶ
2586 1670 2966 1743 ἀπολυτρώσει,
3022 1674 3260 1743 ματαίως
3312 1675 3402 1723 καὶ
3449 1677 3606 1732 κενῶς
3663 1675 3847 1741 κοπιᾷ.

484 1763 579 1819 ille
611 1764 882 1834 suscipit.
906 1763 1109 1818 Omnis
1135 1763 1292 1817 enim
1319 1762 1783 1835 opiniojustitiea
1809 1762 1958 1833 ejus,
1984 1759 2142 1816 velut

485 1868 724 1926 pannus
765 1857 1145 1908 menstruata:
1185 1856 1433 1923 apparet
1475 1853 1534 1907 in
1592 1856 1859 1906 extremo
1911 1851 2026 1915 die,
2080 1852 2143 1904 ut

485 1942 679 2014 inquit
717 1943 1009 2014 propheta
1034 1942 1217 1998 Isaias
1254 1958 1266 1997 :
1300 1943 1486 1997 Facta
1515 1938 2143 2009 estuniversajustitia

491 2039 697 2088 nostra
727 2036 1011 2102 tanquam
1028 2046 1267 2098 pannus
1281 2036 1664 2087 menstruam
1679 2033 1723 2087 θ.
1746 2028 2141 2086 Obsecremus

490 2120 669 2190 igitur
711 2118 897 2175 Deum
931 2125 1112 2191 atque
1142 2135 1443 2188 rogemus,
1477 2124 1540 2173 ut
1577 2118 1934 2173 amiciamur
1970 2117 2142 2172 indu-

487 2212 689 2264 mento
714 2207 902 2278 ipsius
947 2207 1244 2272 salutaris,
1263 2207 1512 2262 Domino
1526 2207 1809 2261 nimirum
1834 2208 1969 2261 Jesu
1984 2205 2141 2262 Chri-

487 2302 598 2361 sto,
642 2311 864 2351 arcano
910 2295 1157 2361 lumine,
1191 2312 1372 2367 quem
1424 2301 1723 2365 gestantes
1761 2294 1979 2349 animae
2019 2309 2143 2349 non

487 2389 778 2441 exuentur
794 2386 854 2439 in
877 2384 1159 2440 saeculum
1190 2401 1202 2450 ;
1236 2385 1340 2440 sed
1361 2384 1421 2439 in
1444 2385 1874 2440 resurrectione
1888 2398 2143 2454 corpora

488 2489 731 2547 quoque
760 2488 967 2528 eorum
1000 2472 1493 2542 gloriﬁcabuntur
1513 2473 1701 2545 gloria
1721 2473 1986 2541 luminis,
2019 2488 2140 2543 quo

490 2565 725 2621 amictm
786 2579 947 2618 nunc
1002 2570 1139 2618 sunt
1182 2563 1387 2618 ﬁdeles
1432 2579 1503 2618 ac
1550 2578 1854 2632 generosm
1901 2564 2138 2629 animas,

491 2653 643 2707 sicut
670 2652 992 2723 Apostolus
1019 2654 1129 2706 ait:
1151 2652 1260 2718 Qui
1274 2652 1551 2708 excitavit
1568 2651 1871 2708 Christum
1895 2667 1969 2708 ex
1989 2667 2142 2708 mor-

492 2741 959 2808 tuis,viviﬁcabit
990 2747 1043 2797 et
1066 2742 1351 2796 mortalia
1374 2756 1628 2810 corpora
1657 2747 1885 2809 nostra,
1896 2748 2147 2812 propter

491 2831 675 2903 ipsius
701 2829 986 2899 Spiritum
1008 2829 1442 2887 inhabitantem
1474 2831 1539 2885 in
1568 2830 1734 2886 nobis
1766 2832 1832 2885 1°.
1868 2830 2061 2887 Gloria
2075 2830 2146 2886 sit

489 2918 779 2975 ineffabili
811 2919 939 2990 ejus
981 2919 1348 2975 miserationi
1391 2924 1569 2991 atque
1602 2919 1984 2976 inenarrabili
2034 2919 2147 2975 mi-

493 3008 833 3066 sericordiae
865 3009 1018 3079 ejus.

564 3136 654 3189 IV.
680 3133 748 3189 Et
770 3134 981 3189 iterum
1008 3152 1020 3188 :
1049 3133 1550 3201 Quemadmodum
1574 3135 1793 3192 mulier
1817 3136 1992 3205 ﬂuxu
2015 3150 2150 3191 san-

490 3223 691 3295 guinis
723 3224 1025 3286 laborans,
1043 3238 1172 3278 cum
1206 3224 1469 3280 crederet
1480 3224 1599 3292 ﬁde
1612 3224 2148 3292 vera,etﬁmbriam

494 3313 826 3369 vestimenti
856 3312 1096 3368 Domini
1114 3314 1481 3383 contingeret
1505 3316 1569 3384 ¹¹,
1606 3315 1802 3369 statim
1830 3316 2146 3369 sanitatem

493 3406 819 3457 consecuta
853 3406 960 3467 est,
991 3408 1168 3472 atque
1204 3403 1534 3458 exsiccatus
1574 3407 1661 3457 est
1698 3402 1897 3458 ﬂuxus
1928 3404 2148 3475 impuri

494 3489 672 3545 fontis
704 3488 1021 3557 sanguinis
1064 3505 1075 3542 ε
1112 3491 1195 3544 sic
1234 3491 1430 3545 omnis
1455 3491 1660 3547 anima
1690 3491 2150 3547 incurabilivul-

491 3593 633 3633 nere
664 3578 889 3648 peccati
907 3592 1213 3649 percussa,
1234 3594 1303 3633 ac
1334 3579 1494 3634 fonte
1523 3579 1920 3635 obscenarum
1936 3596 2148 3651 prava-

493 3681 749 3737 rumque
802 3666 1233 3733 cogitationum
1304 3665 1542 3731 obruta,
1585 3668 1634 3722 si
1683 3683 2002 3739 progressa
2070 3670 2146 3724 ad

497 3754 793 3811 Christum
827 3754 1125 3824 supplices
1147 3770 1353 3826 preces
1376 3754 1597 3821 fecerit,
1632 3757 1804 3829 eique
1854 3773 1989 3813 vere
2021 3774 2149 3814 cre-

497 3842 728 3911 diderit,
762 3844 1079 3899 sanitatem
1110 3844 1430 3899 salutarem
1459 3845 1849 3917 consequitur
1879 3847 1957 3903 ab
1987 3848 2151 3902 incu-

496 3932 668 3987 rabili
708 3931 869 3988 fonte
901 3931 1312 3998 affectionum,
1338 3939 1519 4005 atque
1538 3934 1867 3990 exsiccatur
1889 3936 2024 3991 fons
2056 3934 2151 3991 ille

497 4021 801 4089 deﬁciens,
823 4022 925 4095 qui
946 4022 1089 4076 imm
1102 4023 1291 4078 undas
1313 4023 1701 4093 cogitationes
1716 4026 2148 4095 ejaculabatur,

496 4114 708 4167 virtute
738 4112 922 4167 solius
949 4114 1121 4168 Jesu:
1153 4112 1307 4167 alius
1354 4129 1495 4168 vero
1535 4113 1651 4169 hoc
1684 4115 1898 4170 vulnus
1943 4132 2151 4171 curare

497 4217 742 4273 prorsus
768 4202 993 4274 nequit.
1026 4202 1274 4257 Tantam
1319 4202 1479 4257 enim
1505 4217 1748 4275 operam
1788 4220 1858 4258 ac
1896 4204 2152 4275 diligen-

497 4291 641 4347 tiam
696 4291 968 4346 adhibuit
1006 4291 1193 4346 hostis
1242 4291 1299 4345 in
1363 4292 1502 4347 Adae
1558 4294 2047 4362 transgressione,
2091 4302 2153 4353 ut

2253 1768 2407 1815 Πᾶσα
2433 1764 2535 1833 γὰρ
2561 1762 2591 1819 ἡ
2634 1764 2803 1821 οῖησις
2842 1768 2934 1821 τῆς
2991 1756 3332 1821 δικαιοσύνης
3384 1759 3546 1812 αύτόῦ
3589 1762 3654 1821 ὡς
3689 1760 3854 1834 ῥάκος

2252 1849 2655 1922 ἀποκαθημένης
2707 1857 3014 1923 φανεροῦται
3067 1848 3115 1901 ἐν
3170 1857 3233 1921 τῇ
3298 1847 3504 1922 ἐσχάτῃ
3550 1850 3739 1921 ἡμέρᾳ,
3781 1847 3854 1910 ὣς

2252 1959 2409 2012 φησιν
2436 1939 2657 2002 Ἠσαίας
2704 1941 3049 2014 όπροφὴτης,
3105 1938 3407 2009 Ἐγενηθη
3461 1943 3638 1991 πᾶσα
3684 1938 3715 1995 ἡ
3761 1933 3856 1989 δι-

2249 2032 2564 2087 καιοσύνη
2640 2031 2816 2101 ἡμῶν
2892 2031 2970 2089 ὡς
3034 2028 3231 2103 ῥάκος
3311 2025 3842 2098 ἀποκαθημένης.

2251 2118 2557 2190 Αἱτήσωμεν
2588 2114 2674 2169 οὖν
2706 2123 2795 2170 καὶ
2835 2114 3101 2188 δεηθῶμεν
3145 2123 3237 2169 τοῦ
3270 2123 3402 2170 Θεοῦ
3434 2113 3762 2169 ἐνδύσασθαι
3789 2118 3851 2167 τὸ

2253 2208 2456 2279 ἱμάτιον
2521 2214 2613 2258 τοῦ
2669 2211 2954 2279 σωτηρίου,
3017 2209 3104 2259 τὸν
3180 2208 3370 2279 Κύριον
3426 2205 3572 2277 ἡμῶν
3640 2205 3854 2262 Ἰησοῦν

2250 2298 2499 2369 Χριστὸν,
2533 2298 2591 2348 τὸ
2618 2294 2841 2370 ἄρρητον
2900 2304 3020 2367 φῶς,
3075 2296 3128 2347 ὅν
3181 2298 3475 2367 φορέσασαι
3518 2294 3697 2365 ψυχαὶ
3755 2292 3855 2346 ούκ

2251 2381 2676 2443 ἀποδυθόσονται
2728 2384 2796 2445 εἰς
2837 2387 2923 2437 τὸν
2963 2384 3159 2436 αἰῶναο
3214 2382 3322 2435 ἀλλ’
3354 2382 3401 2435 έν
3457 2392 3520 2457 τῇ
3563 2381 3856 2436 ἀναστάσει

2249 2478 2340 2526 καὶ
2369 2476 2434 2526 τὰ
2465 2478 2683 2543 σώματα
2720 2473 2889 2526 αὐτῶν
2943 2470 3370 2536 δοξασθήσονται
3407 2473 3507 2524 ύπό
3561 2479 3657 2533 τῆς
3692 2467 3853 2534 δόξης

2249 2572 2339 2617 τοῦ
2368 2567 2555 2637 φωτὸς,
2601 2564 2660 2616 οὗ
2698 2562 3093 2635 πιριϐίϐληνται
3139 2561 3241 2615 ἀπὸ
3289 2569 3381 2615 τοῦ
3425 2569 3513 2613 νῦν
3566 2564 3623 2614 αἱ
3660 2566 3853 2615 πισταὶ

2253 2658 2342 2705 καὶ
2396 2652 2611 2724 εύγενείς
2666 2651 2867 2723 ψυχαὶ,
2904 2653 3079 2713 καθώς
3128 2670 3286 2724 φησιν
3340 2652 3365 2703 ὁ
3400 2649 3718 2711 Ἀπόστολος
3751 2668 3764 2680 ·
3794 2650 3854 2703 Ὀ

2255 2745 2512 2814 ἐγείρας
2565 2745 2850 2815 Χριστὸν
2890 2740 2954 2793 ἐκ
2991 2749 3245 2813 νεκρῶν,
3298 2740 3703 2801 ζωοποιήσει
3744 2737 3853 2792 καὶ

2256 2833 2331 2884 τά
2370 2833 2566 2889 θνητὰ
2606 2836 2866 2903 σώματα
2905 2832 3078 2902 ἡμῶν
3124 2827 3238 2884 διά
3274 2838 3385 2882 τοῦ
3440 2828 3845 2888 ἕνοικοῦντος

3329 2920 3462 2983 Δόξα
3504 2927 3568 2993 τῇ
3647 2918 3839 2995 ἀῤῥὴτῳ

2258 3010 2643 3083 εὐσπλαγχνίᾳ,
2675 3014 2765 3062 καὶ
2802 3017 2872 3080 τῷ
2896 3007 3145 3083 ἀφράστω
3167 3008 3288 3062 ἐλέει
3315 3009 3496 3065 αὑτοῦ.

2258 2921 2454 2974 αὐτοῦ
2511 2923 2881 2993 Πνεύματος
2947 2919 3006 2972 ἐν
3067 2921 3245 2991 ἡμῖν,

2328 3135 2379 3188 Δ¹
2434 3140 2536 3188 Καὶ
2592 3133 2767 3199 πάλιν,
2819 3133 3055 3208 ⁸⁸Ωσπερ
3119 3134 3150 3191 ἡ
3236 3132 3855 3209 αἰμορῥοοῦσαγυνή

2258 3227 2683 3278 πιστεύσασα
2727 3226 2784 3277 ἓν
2859 3221 3153 3294 ἀληθείᾳ,
3211 3227 3320 3273 καὶ
3378 3222 3673 3293 ἁψαμένη
3745 3228 3860 3273 τοῦ

2259 3312 2633 3388 κρασπέδου
2666 3321 2775 3367 τοῦ
2818 3317 3079 3385 Κυρίου,
3118 3311 3304 3373 εὐθέως
3336 3311 3520 3374 ἰάσεως
3555 3314 3730 3384 ἔτυχε,
3767 3316 3861 3364 καὶ

2259 3404 2512 3477 ἐξηράνθη
2545 3406 2574 3462 ἡ
2605 3406 2760 3478 ῥύσις
2790 3412 2883 3465 τῆς
2928 3401 3230 3473 ἀκαθάρτου
3261 3408 3440 3473 πηγῆς
3468 3408 3561 3453 τοῦ
3589 3403 3810 3472 αἳματος
3847 3422 3860 3434 ·

2259 3494 2393 3545 οὓτω
2418 3500 2564 3545 πᾶσα
2591 3493 2746 3565 ψυχὴ
2780 3495 2986 3564 ἔχουσα
3016 3494 3074 3543 τό
3102 3488 3307 3543 ἀνίατον
3337 3496 3547 3563 τραῦμα
3566 3498 3663 3552 τῆς
3688 3491 3864 3563 ἅμαρ-

2257 3586 2388 3645 τίας,
2412 3587 2504 3639 τὴν
2529 3586 2703 3653 πηγὴν
2727 3589 2827 3633 τῶν
2854 3579 3161 3655 ἀκαθάρτων
3190 3584 3279 3632 καὶ
3307 3588 3543 3652 πονηρῶν
3566 3579 3859 3651 λογισμῶν,

2259 3670 2341 3722 ἐὰν
2396 3671 2656 3743 προσέλθῃ
2712 3678 2785 3740 τῷ
2835 3677 3074 3742 Χριστῷ,
3124 3674 3213 3721 καὶ
3244 3665 3407 3743 δεηθῇ
3440 3666 3856 3722 πιστεύσασαέν

2262 3760 2496 3832 ἀληθείᾳ,
2545 3760 2729 3821 ἰάσεως
2779 3763 3040 3831 σωτηρίου
3091 3759 3350 3831 τυγχάνει
3400 3757 3455 3810 ἐκ
3510 3766 3601 3819 τῆς
3642 3756 3850 3809 ἀνιάτου

2260 3859 2429 3922 πηγῆς
2498 3856 2597 3900 τῶν
2667 3850 2866 3912 παθῶν,
2932 3853 3020 3900 καὶ
3084 3846 3384 3921 ξηραίνεται
3463 3846 3780 3899 ἐκλείπουσα
3823 3847 3851 3903 ἠ

2259 3943 2401 4009 πηγὴ
2441 3942 2628 4004 εκείνη,
2672 3938 2702 3995 ἡ
2748 3941 2868 3999 τοὺς
2920 3936 3248 4010 ἀκαθάρτους
3287 3936 3564 4009 λογισμούς
3593 3933 3855 4009 βρύουσα,

2263 4025 2357 4080 διὰ
2380 4034 2472 4089 τῆς
2504 4025 2772 4100 δυνάμεως
2818 4026 2996 4084 Ἰησοῦ
3040 4029 3198 4099 μόνου
3232 4042 3243 4055 ·
3300 4026 3435 4097 ἄλλῳ
3482 4022 3540 4078 δὲ
3570 4045 3672 4077 τινι
3704 4025 3859 4077 ἰάσα-

2265 4120 2389 4170 σθαι
2442 4120 2498 4169 τὸ
2546 4124 2756 4189 τραῦμα
2806 4122 2957 4169 τοῦτο
3001 4112 3277 4168 ἀδύνατον.
3334 4115 3506 4176 Οὕτως
3543 4117 3644 4187 γὰρ
3677 4113 3861 4171 ἐπετή-

2264 4204 2444 4259 δευσεν
2478 4208 2503 4258 ό
2534 4208 2723 4280 ἐχθρὸς
2776 4204 2824 4257 ἐν
2882 4213 2943 4277 τῇ
2994 4212 3084 4257 τοῦ
3137 4202 3310 4276 Ἀδὰμ
3358 4203 3674 4277 παραϐάσει,
3722 4202 3861 4256 ὣστε

2264 4300 2616 4369 τραυματίσαι
2688 4299 2777 4347 καὶ
2831 4298 3076 4347 σκοτίσαι
3148 4296 3234 4345 τόν
3282 4295 3383 4346 ἔσω
3435 4295 3724 4366 ἄνθρωπον,
3772 4295 3859 4343 τόν

508 4381 849 4435 vulneraret
873 4395 943 4434 ac
969 4378 1223 4435 tenebris
1246 4379 1577 4436 offunderet
1598 4382 1935 4437 interiorem
1964 4383 2143 4439 homi-

2263 4387 2492 4457 ἡγεμόνα
2521 4392 2635 4436 νοῦν
2695 4387 2782 4435 τὸν
2830 4385 3030 4457 ὁρῶντα
3077 4387 3225 4437 Θεόν.
3282 4381 3558 4453 Διέϐλεψαν
3599 4380 3777 4434 λοιπὸν
3806 4383 3858 4432 οἱ

500 4484 659 4533 nem,
738 4473 996 4524 mentem
1050 4470 1332 4524 nimirum
1385 4469 1602 4525 ducem
1660 4470 1947 4537 hominis,
2016 4488 2151 4544 qum

496 4561 679 4614 Deum
720 4557 1082 4613 intuebatur.
1119 4560 1525 4629 Respexerunt
1573 4573 1714 4628 ergo
1758 4561 2152 4631 postmodum

492 4645 649 4703 oculi
681 4646 812 4716 ejus
845 4645 922 4701 ad
966 4647 1104 4702 vitia
1142 4651 1198 4702 et
1230 4646 1594 4712 affectiones,
1638 4664 1673 4703 a
1696 4648 1873 4703 bonis
1904 4649 2152 4707 coelesti-

491 4736 607 4792 bus
638 4734 886 4791 exclusi.

564 4860 681 4932 85
730 4859 1014 4915 V.Tantis
1056 4859 1234 4929 igitur
1283 4859 1630 4916 vulneribus
1675 4861 1923 4918 affectus
1953 4869 2062 4929 est,
2088 4870 2152 4919 ut

491 4950 716 5005 nemini
756 4948 966 5004 datum
997 4948 1160 5005 sitea
1198 4964 1430 5013 curare,
1458 4950 1572 5004 nisi
1603 4950 1713 5006 soli
1748 4952 2020 5018 Domino,
2054 4956 2149 5009 cui

490 5038 898 5110 solipossibile
921 5038 1163 5108 est.Ipse
1182 5038 1339 5093 enim
1359 5040 1885 5105 veniens,Sustutit
1903 5051 2149 5112 peccata

486 5127 699 5183 mundi
738 5129 805 5193 ¹²,
841 5127 955 5182 hoc
983 5134 1093 5192 est,
1118 5128 1424 5199 impurum
1448 5128 1611 5184 illum
1653 5130 1879 5186 fontem
1919 5132 2144 5201 cogita-

488 5217 716 5271 tionum
766 5216 986 5271 anima:
1042 5216 1938 5282 exsiccavit.Quemadmodum
1988 5220 2148 5275 enim

488 5304 609 5371 illa,
642 5321 778 5378 quae
801 5306 1111 5374 sanguinis
1129 5304 1768 5376 proﬂuviolaborabat.
1790 5324 1927 5363 cum
1941 5311 2149 5365 omnia

485 5412 594 5451 sua
625 5394 787 5451 bona
819 5395 877 5448 in
906 5394 1172 5450 medicos
1200 5394 1596 5466 impendisset
1623 5398 1743 5461 “,a
1770 5397 2147 5454 nullotamen

486 5502 695 5543 eorum
738 5488 944 5542 curata
971 5489 1057 5541 est
1083 5500 1095 5551 ;
1129 5483 1321 5541 donec
1343 5500 1663 5556 progressa
1689 5486 1767 5543 ad
1799 5488 2141 5558 Dominum,

570 5666 591 5700 ³
625 5666 769 5722 Gen.
818 5681 897 5732 ιιι,
932 5671 990 5722 7.

1073 5666 1095 5701 ο
1122 5665 1239 5724 Isa.
1270 5669 1494 5735 thv,6.
1580 5667 1626 5701 ιο
1651 5668 2023 5734 Βοω.νιιι,11
2044 5713 2057 5725 .

2142 5670 2412 5728 “Matth.
2458 5686 2533 5737 Ix,
2564 5674 2658 5730 20.

2263 4472 2514 4546 ὀφθαλμοὶ
2562 4472 2717 4525 αὐτοῦ
2769 4475 2837 4532 εἱς
2876 4475 2941 4525 τὰ
2995 4474 3131 4524 κακά
3179 4476 3267 4524 καὶ
3308 4473 3375 4524 τά
3424 4473 3587 4536 πάθη,
3623 4468 3857 4523 ἀποκλει-

2265 4565 2466 4624 σθέντες
2498 4571 2593 4614 τῶν
2625 4561 2938 4636 ἐπουρανίων
2965 4560 3198 4634 ἀγαθῶν.

2330 4865 2405 4924 Ε’.
2461 4866 2642 4926 Οὕτως
2694 4860 2781 4917 οὖν
2845 4865 3264 4936 ἓτραυματίσθη,
3324 4866 3459 4918 ὥστε
3514 4860 3702 4936 μηδενὶ
3759 4861 3859 4917 δυ-

2258 4958 2410 5007 νατὸν
2464 4952 2591 5007 εἶναι
2624 4954 2899 5018 ἰάσασθαι,
2947 4954 3088 5027 εἰμὴ
3132 4959 3269 5026 μόνῳ
3324 4962 3396 5024 τῷ
3440 4958 3634 5029 Κυρίῳ,
3691 4956 3860 5025 τούτῳ

2260 5050 2397 5117 μόνῳ
2420 5041 2640 5097 δυνάτον
2662 5042 2822 5097 ἐστιν.
2844 5043 3005 5105 Αύτος
3024 5046 3122 5118 γὰρ
3137 5042 3310 5110 ἐλθὼν,
3342 5043 3451 5118 Ἦρ
3466 5062 3487 5096 ε
3516 5048 3587 5102 τὴ
3602 5064 3626 5094 ν
3667 5042 3864 5118 ἀμαρο

2260 5139 2399 5187 τίαν
2472 5142 2580 5186 τοῦ
2675 5138 2948 5207 κόσμου,
3033 5138 3291 5204 τουτέστι,
3378 5139 3472 5192 τὴν
3562 5132 3862 5208 ἀκάθαρτον

2261 5228 2439 5295 πηγὴν
2469 5231 2567 5275 τῶν
2601 5220 2954 5296 διαλογισμῶν
3006 5232 3101 5284 τῆς
3129 5223 3313 5296 ψυχῆς
3356 5222 3613 5297 ἐξήρανεν.
3651 5221 3857 5296 Ὠσπερ

2259 5315 2360 5384 γὰρ
2420 5314 2583 5368 ἐκείνη
2628 5314 2658 5371 ἡ
2714 5314 3070 5388 αἱμορροοῦσα
3102 5315 3273 5365 πάντα
3328 5315 3393 5365 τά
3445 5312 3631 5371 ἑαυτῆς
3680 5308 3862 5363 δαπα-

2259 5407 2470 5461 νήσασα
2538 5409 2648 5462 τοῖς
2731 5402 3001 5475 ἰατρεῦσαι
3084 5400 3411 5476 δυναμένοις,
3469 5402 3588 5474 παρ’
3647 5396 3864 5463 οὐδενὸς

2264 5488 2578 5566 ἐθεραπεύθη
2633 5494 2847 5560 τούτων,
2903 5493 2994 5555 ἓως
3043 5492 3101 5547 οὗ
3154 5496 3486 5566 προσήγγισε
3530 5498 3601 5562 τῷ
3652 5489 3860 5563 Κυρίῳ,

2747 5673 2791 5709 ¹²
2830 5672 3004 5731 Joan.
3042 5690 3079 5740 ι,
3108 5675 3201 5731 20.
3307 5674 3353 5709 ³³
3394 5667 3596 5728 Matth.
3634 5684 3711 5726 ix.
3750 5671 3852 5728 20.
