4148 6262
400 373 505 427 653

394 587 577 652 αὐτοῦ,
626 592 715 639 xui
773 588 935 649 οὕτως
984 586 1167 648 εὐθέως
1223 588 1414 659 ᾔσθετο
1477 594 1567 645 τῆς
1624 585 1811 644 ἰάσεως
1844 600 1856 613 ·
1908 588 1997 636 καὶ

394 678 518 733 ἔστη
573 677 601 733 ἡ
659 676 813 750 ῥύσις
861 682 953 728 τοῦ
1012 678 1272 748 αἵματος⁸
1306 674 1437 727 οὕτω
1482 678 1574 732 τήν
1610 673 1790 743 ψυχήν
1842 691 1997 745 τραυο

392 767 738 838 ματισθείσαν
804 765 857 828 ἐξ
917 765 1090 839 ἀρχῆς
1142 772 1353 837 τραῦμα
1410 763 1615 816 ἀνίατον
1680 765 1856 815 παθῶν
1909 783 1998 814 κα-

392 859 530 919 κίας,
573 850 743 916 οὐδεὶς
792 859 908 907 οὔτε
957 851 1199 921 δικαίων,
1244 858 1361 906 οὔτε
1404 858 1666 927 Πατέρων,
1710 856 1826 904 οὔτε
1866 871 1998 926 προ-

395 952 586 1016 φητῶν,
621 947 735 997 οὔτε
758 952 1104 1019 πατριαρχῶν
1130 947 1334 1015 ἴσχυσε
1364 945 1697 1017 θεραπεῦσαι.

466 1176 536 1240 ς’.
575 1182 810 1238 Μωυσῆς
862 1172 1034 1241 ἦλθεν,
1090 1173 1196 1227 ἀλλ’
1248 1174 1341 1226 οὐκ
1399 1171 1640 1232 ἠδυνήθη
1673 1176 1815 1225 ἴασιν
1871 1193 1995 1225 παν-

391 1265 507 1323 τελῆ
562 1261 747 1318 δοῦναι
780 1282 792 1294 ·
841 1266 1011 1339 ἱερεῖς,
1073 1260 1238 1338 δῶρα,
1296 1260 1741 1327 ἀποδεκατώσεις,
1795 1261 1994 1314 σαϐϐα-

390 1359 592 1426 τισμοὶ,
654 1358 941 1425 νεομηνίαι,
1003 1351 1371 1424 βαπτίσματα,
1445 1354 1642 1415 θυσίαι,
1707 1350 1992 1403 όλοκαυτὼο

395 1462 523 1509 σεις,
578 1447 668 1495 καὶ
697 1448 846 1495 πᾶσα
873 1444 903 1499 ἡ
937 1441 1089 1499 λοιπή
1147 1437 1459 1498 δικαιοσύνη
1512 1439 1790 1492 ἐπετελεῖτο
1830 1442 1878 1491 ὲν
1921 1448 1993 1510 τῷ

391 1535 551 1603 νόμῳ,
606 1534 695 1583 καὶ
753 1532 781 1588 ἡ
813 1529 966 1601 ψυχή
1022 1530 1231 1588 ἰαθῆναι
1262 1527 1362 1580 ἀπὸ
1409 1536 1503 1589 τῆς
1558 1526 1855 1600 ἀκαθάρτου
1908 1530 1994 1602 ῥύ-

396 1640 525 1681 σεως
580 1629 678 1672 τῶν
726 1628 897 1672 κακῶν
942 1620 1205 1691 λογισμῶν
1259 1619 1350 1671 ούκ
1398 1615 1662 1683 ἠδυνήθη,
1717 1623 1806 1671 xui
1850 1625 1995 1671 πᾶσα

394 1711 423 1767 ἡ
460 1706 772 1766 δικαιοσύνη
820 1708 975 1767 αὐτῆς
1024 1711 1341 1782 θεραπεῦσαι
1399 1707 1553 1760 αὐτόν
1599 1708 1693 1759 οὐκ
1741 1711 1989 1779 ἴσχυσεν,

394 1794 505 1858 ἐῶς’
539 1799 599 1850 οὗ
649 1796 797 1856 ἦλθεν
827 1800 852 1850 ό
895 1802 1064 1869 Σωτήρ
1098 1799 1123 1848 6
1164 1796 1402 1858 ἀληθινὸς
1467 1798 1658 1868 ἰατρὸς,
1716 1798 1741 1849 6
1797 1794 1992 1871 δωρεὰν

398 1887 623 1958 ἰώμενος,
678 1888 703 1938 6
773 1887 951 1947 ἐαυτὸς
1005 1888 1131 1959 ὑπὲρ
1189 1893 1279 1938 τοῦ
1321 1891 1501 1957 γένους
1549 1894 1647 1937 τῶν
1712 1885 1993 1957 ἀνθρώπων

391 1974 575 2047 λύτρον
602 1972 748 2036 δούς.
795 1974 969 2036 Αὐτός
998 1980 1154 2046 μόνος
1206 1979 1298 2033 τήν
1352 1974 1578 2046 μεγάλην
1617 1978 1704 2027 καὶ
1748 1979 1997 2046 σωτήριον

392 2063 648 2137 λύτρωσιν
720 2068 811 2116 καὶ
870 2067 1014 2116 ἴασιν
1074 2072 1166 2124 τῆς
1240 2064 1430 2135 ψυχῆς
1491 2063 1732 2121 ἐποίησεν
1767 2083 1779 2095 ο
1842 2064 1999 2123 αύτὸς

395 2152 743 2227 ἠλευθέρωσεν
801 2152 963 2210 αὐτήν
1017 2152 1071 2204 ἐκ
1128 2160 1218 2213 τῆς
1280 2151 1536 2217 δουλείας,
1603 2156 1693 2204 καὶ
1750 2151 1997 2223 ἐξήγαγεν

398 2241 559 2299 αύτήν
608 2239 663 2293 ἐκ
713 2246 945 2310 σκοτίας,
1003 2237 1126 2313 ἰδίῳ
1157 2244 1287 2313 φωτὶ
1342 2237 1570 2303 δοξάσόις
1599 2240 1762 2297 αὐτήν
1794 2259 1806 2271 ·
1843 2240 1997 2300 αὐτὸς

397 2329 607 2402 ἐξήρανε
658 2335 750 2388 τήν
817 2331 865 2382 ἐν
929 2330 1059 2402 αὐτῇ
1115 2334 1291 2401 πηγήν
1344 2339 1442 2381 τῶν
1500 2329 1807 2402 ἀκαθάρτων
1861 2329 1996 2400 λογιο

399 2427 542 2491 σμῶν
576 2436 589 2450 ·
638 2415 802 2473 Ἰδοὺ
843 2422 984 2493 γὰρ,
1027 2424 1206 2492 φησὶν,
1256 2421 1281 2471 ό
1323 2420 1548 2491 Ἀμνός
1599 2426 1708 2472 τοῦ
1751 2425 1928 2484 Οεοῦ,
1972 2418 1997 2469 6

396 2512 593 2583 αἴρων
633 2513 744 2567 τήν
784 2508 1108 2581 ἁμαρτίαν
1146 2515 1253 2560 τοῦ
1292 2512 1566 2581 κόσμου.

466 2631 540 2684 Ζ¹.
604 2637 681 2685 Ού
733 2636 835 2706 γὰρ
893 2630 1125 2691 ήδύνατο
1177 2635 1243 2684 τὰ
1299 2629 1418 2685 ἴδιά
1464 2631 1519 2684 ἐκ
1572 2641 1670 2704 γῆς
1728 2633 1994 2704 φάρμακα,

397 2724 637 2774 τουτέστι
687 2724 753 2774 τὰ
820 2722 1005 2783 ἑαυτῆς
1074 2719 1411 2794 δικαιώματα
1468 2726 1620 2793 μόνον
1681 2724 1998 2796 θεραπεῦσαι

397 2814 487 2862 xui
557 2810 813 2864 ἰάσασθαι
878 2811 1041 2869 αὐτήν
1106 2814 1161 2862 ἐκ
1228 2819 1320 2871 τῆς
1391 2810 1711 2873 τηλικαύτης
1770 2810 1998 2882 ἀοράτου

399 2899 626 2971 πληγῆς,
680 2900 807 2953 ἀλλά
865 2897 958 2953 διὰ
1009 2909 1105 2961 τῆς
1158 2901 1401 2974 οὐρανίου
1451 2906 1540 2952 xui
1601 2902 1741 2962 θείας
1796 2904 2000 2973 φύσεως

399 2997 495 3050 τῆς
552 2986 744 3063 δωρεᾶς
785 2997 877 3041 τοῦ
907 2989 1062 3061 ἀγίου
1116 2992 1430 3061 Πνεύματος,
1462 2986 1556 3042 διὰ
1584 2993 1771 3042 τούτου
1797 2992 1998 3065 φαρμάο

400 3096 493 3128 κου
536 3082 695 3149 μόνου
740 3075 979 3136 ἠδυνήθη
1035 3078 1220 3138 ἰάσεως
1268 3086 1451 3149 τυχεῖν
1506 3080 1532 3129 6
1580 3079 1867 3150 ἄνθρωπος,
1910 3083 2000 3129 xui

1668 363 2013 420 HOMILUE.
2056 396 2124 407 -
2161 365 2336 423 HOM.
2380 369 2498 424 XX.

394 498 730 549 πιστεύσασα
765 496 815 548 ἓν
854 495 1086 568 ἀληθείᾳ,
1146 499 1236 547 xui
1292 493 1529 566 ἁψαμένη
1579 500 1669 546 τοῦ
1700 488 1997 567 κρασπέδου

2111 498 2167 549 et
2193 495 2443 551 credens
2472 496 2533 551 in
2565 496 2827 560 veritate,
2862 495 3046 565 tetigit
3090 495 3391 552 ﬁmbriam
3416 496 3750 553 vestimenti

105 0 2497 64 »θίγεν-
2512 4 2515 7 '
2532 2 2551 11 ‘
2572 0 2603 31 τ
2676 0 2725 41 ὶ-ἷέ
3296 14 3301 19 ι
3324 0 3327 1 ⁷

683 47 694 52 ,.
727 45 748 50 ..
769 42 834 50 .-—-
979 53 982 56 .
1145 51 1164 54 η
1365 45 1372 52 ,
1415 39 1428 52 ,-
1505 49 1530 54 ,ᾗ
1555 47 1564 52 ,
1627 45 1640 50 ,.
1663 45 1674 50 ..
1693 43 1726 50 .-
1841 41 1952 52 *ψαῦ’-τ’
1983 41 2040 48 --σ
2065 43 2072 48 ο
2141 37 2196 50 -ῑιν
2244 34 2407 51 λθνκνὲωνμί
2442 38 2523 51 ’,κην
2556 36 2691 49 ννκῚῌ-ω-
2898 46 2903 47 .
2942 44 2947 47 .
2996 44 2997 47 η
3036 44 3039 45 ν
3080 34 3129 47 τ’..ξη
3150 42 3345 49 ,γρ-νη.-

3639 368 3746 427 654

2111 585 2278 653 ejus;
2314 589 2369 640 et
2400 585 2484 640 sic
2544 602 2683 641 mox
2734 585 3049 642 sanitatem
3096 600 3157 639 se
3216 590 3599 641 consecutam
3632 602 3761 641 esse

2110 673 2317 738 sensit,
2350 690 2420 729 ac
2451 674 2608 729 stetit
2639 673 3000 745 proﬂuvium
3030 672 3341 742 sanguinis
3368 689 3379 727 :
3413 674 3495 728 sic
3519 689 3769 745 quoque

2109 759 2376 817 animam
2437 762 2771 818 sauciatam
2820 762 2897 816 ab
2950 762 3117 816 initio
3174 761 3417 817 vulnere
3448 761 3767 818 incurabili

2107 849 2463 906 vitiosarum
2489 850 2894 914 affectionum,
2928 849 3125 905 nullus
3152 866 3261 906 nec
3299 851 3621 921 justorum,
3654 868 3764 907 nec

2108 937 2371 1005 Patrum,
2425 957 2533 996 nec
2604 940 3057 1013 prophetarum,
3126 954 3236 995 nec
3288 940 3763 1011 patriarcharum

2106 1042 2316 1084 curare
2340 1029 2555 1101 potuit.

2180 1172 2267 1225 VI.
2286 1173 2479 1227 Moses
2501 1172 2749 1244 quidem
2766 1172 2945 1238 venit,
2964 1171 3070 1227 sed
3091 1171 3412 1228 sanitatem
3437 1172 3763 1243 perfectam

2104 1260 2375 1316 conferre
2405 1262 2687 1333 nequivit.
2755 1262 3125 1326 Sacerdotes,
3181 1276 3453 1327 munera,
3496 1261 3763 1316 decima-

2104 1350 2320 1414 tiones,
2350 1350 2724 1415 sabbatismi,
2759 1350 3114 1414 neomeniaa,
3163 1348 3519 1415 ablutiones,
3549 1349 3770 1405 sacriﬁ-

2104 1438 2216 1502 cia,
2231 1437 2602 1504 holocausta,
2618 1445 2674 1494 et
2689 1439 2967 1494 universa
2991 1438 3766 1509 reliquajustitiaconsum-

2105 1526 2384 1582 mabatur
2415 1528 2475 1582 in
2503 1527 2629 1596 lege
2655 1545 2668 1593 ;
2705 1544 2812 1582 nec
2844 1533 3043 1583 tamen
3091 1526 3295 1583 anima
3327 1527 3528 1582 sanari
3554 1544 3626 1583 ac
3657 1543 3765 1598 pu-

2104 1615 2322 1671 riﬁcari
2352 1616 2429 1671 ab
2462 1616 2702 1688 impuro
2754 1616 2923 1672 ﬂuxu
2979 1632 3302 1688 pravarum
3331 1615 3762 1685 cogitationum

2106 1707 2330 1776 potuit;
2365 1721 2473 1761 nec
2501 1706 2785 1761 universa
2837 1706 3067 1775 justitia
3119 1705 3247 1776 ejus
3308 1721 3515 1760 curare
3562 1706 3759 1775 ipsum

2105 1793 2307 1857 valuit,
2331 1796 2523 1849 donec
2549 1796 2706 1849 venit
2760 1794 3047 1859 Salvator,
3106 1810 3285 1848 verus
3336 1793 3625 1859 medicus,
3660 1795 3764 1866 qui

2106 1882 2291 1951 gratis
2322 1888 2531 1938 sanat:
2557 1884 2657 1954 qui
2693 1898 2754 1937 se
2781 1884 2978 1955 ipsum
3008 1898 3116 1955 pro
3152 1882 3423 1937 humano
3457 1898 3673 1951 genere
3701 1882 3764 1937 in

2107 1972 2363 2042 pretium
2394 1972 2825 2043 redemptionis
2853 1973 3115 2036 tradens,
3141 1970 3302 2026 solus
3329 1972 3453 2041 ipse
3475 1986 3759 2040 magnam

2106 2066 2163 2115 et
2187 2061 2507 2116 salutarem
2554 2061 3031 2132 redemptionem
3085 2077 3157 2115 ac
3187 2060 3507 2116 sanitatem
3543 2061 3761 2115 animae

2106 2153 2387 2221 operatus
2427 2155 2532 2204 est.
2589 2156 2720 2220 Ipse
2772 2149 3042 2204 liberavit
3071 2165 3206 2205 eam
3259 2164 3295 2205 a
3339 2150 3638 2211 servitute,
3698 2154 3754 2205 et

2106 2237 2307 2293 eduxit
2326 2253 2461 2292 eam
2476 2253 2547 2293 ex
2573 2238 2976 2304 tenebris,suo
3005 2237 3235 2293 lumine
3261 2237 3714 2293 eamillustrans
3741 2254 3753 2291 :

2105 2325 2232 2397 ipse
2258 2325 2575 2381 exsiccavit
2596 2327 2655 2381 in
2708 2344 2779 2382 ea
2806 2327 3028 2382 fontem
3061 2326 3509 2381 immundarum
3539 2327 3762 2393 cogita-

2106 2416 2369 2470 tionum:
2405 2416 2554 2471 Ecce
2583 2417 2759 2482 enim,
2792 2415 3002 2487 inquit,
3057 2418 3267 2485 Agnus
3294 2415 3421 2483 Dei,
3469 2416 3572 2486 qui
3602 2416 3764 2471 tollit

2104 2508 2349 2574 peccata
2384 2505 2595 2560 mundi
2628 2507 2694 2557 η.

2180 2638 2293 2692 VII.
2329 2638 2456 2693 Non
2487 2638 2647 2694 enim
2701 2643 3026 2710 potuerunt
3077 2643 3310 2694 terrena
3334 2638 3466 2710 ejus
3498 2637 3761 2694 medica-

2111 2732 2331 2791 menta,
2368 2727 2481 2783 hoc
2511 2735 2599 2783 est
2625 2727 3082 2799 justiﬁcationes
3119 2728 3250 2799 ejus
3277 2727 3436 2791 solm,
3472 2743 3679 2782 curare
3699 2733 3761 2783 et

2108 2832 2323 2871 sanare
2349 2815 2512 2872 illam
2543 2832 2579 2872 a
2611 2822 2773 2873 tanta
2799 2816 3083 2872 invisibili
3127 2815 3309 2887 plaga
3336 2832 3347 2870 :
3378 2815 3479 2871 sed
3504 2815 3759 2871 caelestis

2107 2911 2162 2961 et
2190 2904 2410 2961 divinae
2430 2911 2657 2961 naturae
2681 2905 2992 2971 beneficio,
3013 2905 3155 2961 doni
3185 2904 3472 2960 nimirum
3507 2905 3758 2976 Spiritus

2107 2995 2315 3059 sancti,
2338 2994 2519 3063 hujus
2552 2994 2975 3050 medicamenti
3034 2993 3218 3049 solius
3249 3009 3362 3065 ope
3386 2994 3577 3065 potuit
3608 2994 3764 3048 sani-

2108 3088 2288 3137 tatem
2347 3083 2632 3153 consequi
2689 3082 2894 3148 homo,
2954 3088 3011 3137 et
3058 3082 3135 3137 ad
3189 3082 3374 3138 vitam
3432 3081 3761 3152 pervenire,

405 3166 545 3227 ζωῆς
592 3166 880 3238 ἐφικέσθαι,
934 3168 1273 3239 καθαρισθεὶς
1339 3168 1439 3217 ύπό
1492 3175 1583 3218 τοῦ
1639 3166 1793 3237 ἁγίου
1845 3170 1997 3218 Πνεύ-

2111 3172 2422 3243 puriﬁcato
2452 3172 2629 3226 corde
2653 3188 2687 3226 a
2712 3172 2930 3242 Spiritu
2960 3177 3191 3227 sancto.
3221 3170 3534 3237 Craterum,
3559 3186 3768 3242 quem-

405 3274 562 3324 ματος
612 3260 698 3312 τήν
750 3252 993 3328 καρδίαν.
1050 3254 1188 3309 Ἀλλ’
1246 3258 1419 3326 ὥσπερ
1489 3257 1589 3306 ἐκεῖ
1637 3258 1666 3313 ἡ
1722 3260 1853 3326 γυνὴ
1906 3255 2001 3306 κᾶν

409 3341 618 3402 ἰαθῆναι
670 3344 765 3395 οὐκ
817 3341 1083 3410 ἠδυνήθη,
1139 3349 1229 3396 καὶ
1257 3347 1689 3419 τετραυμάτιστο,
1724 3344 1830 3397 ἀλλ’
1862 3347 1999 3416 ὅμως

403 3429 573 3494 πόδας
619 3430 732 3504 εἶχε
759 3440 850 3485 τοῦ
881 3432 1039 3485 ἐλθεῖν
1068 3438 1199 3507 πρὸς
1250 3437 1335 3486 τὸν
1394 3436 1607 3505 Κύριον,
1663 3440 1752 3487 xui
1783 3432 2005 3487 ἐλθοῦσα

403 3528 586 3592 τυχεῖν
642 3521 829 3583 ἰάσεως
872 3539 888 3552 ·
944 3524 1129 3594 ὁμοίως
1186 3528 1276 3575 καὶ
1320 3524 1345 3574 ό
1406 3522 1593 3595 τυφλὸς
1640 3522 1846 3587 ἐκεῖνος,
1908 3524 2002 3576 κᾶν

402 3609 687 3684 ὑπερϐῆναι
732 3611 824 3663 οὐκ
856 3607 1106 3678 ἠδύνατο,
1162 3617 1251 3664 καὶ
1306 3611 1465 3664 ἐλθεῖν
1516 3616 1647 3686 πρὸς
1692 3616 1779 3665 τόν
1814 3616 2000 3687 Κύριον

402 3694 496 3750 διὰ
532 3703 591 3751 τὸ
621 3704 691 3771 μή
744 3698 969 3771 βλέπειν,
1016 3700 1125 3753 ἀλλ’
1175 3700 1418 3774 ὀξυτέραν
1466 3700 1694 3772 ἀγγέλων
1735 3701 2001 3755 ἀπέστειλε

397 3793 491 3847 τήν
520 3794 709 3861 φωνήν.
752 3788 928 3861 Ἔλεγε
965 3793 1089 3865 γὰρ,
1142 3793 1247 3843 Υίί
1286 3787 1520 3858 Δαϐὶδ,
1563 3792 1833 3849 ἐλέησόν
1878 3812 1949 3864 με
1981 3809 1995 3821 ⁶

394 3884 484 3930 καὶ
532 3879 666 3930 οὕτω
728 3882 1036 3943 πιστεύσας,
1100 3880 1287 3941 ἰάσεως
1361 3883 1566 3953 ἔτυχεν,
1622 3881 1855 3941 ἐλθόντος
1907 3889 1998 3933 τοῦ

399 3972 593 4041 Κυρίου
650 3971 781 4038 πρὸς
845 3969 997 4020 αὐτόν
1053 3974 1141 4021 καὶ
1182 3965 1465 4039 διαϐλέψαι
1512 3975 1853 4032 ποιήσαντος,
1916 3970 1999 4021 ού-

400 4075 499 4116 τως
548 4060 638 4108 καὶ
695 4058 724 4113 ἡ
781 4056 960 4127 ψυχή,
1044 4057 1138 4109 κᾶν
1204 4062 1653 4130 τετραυμάτισται
1730 4062 1999 4131 τραύμασι

402 4147 499 4196 θῶν
550 4142 781 4215 ἀτιμίας,
836 4144 929 4196 κᾶν
988 4146 1303 4217 τετύφλωται
1338 4148 1438 4198 ὑπό
1490 4156 1580 4199 τοῦ
1632 4153 1846 4207 σκότους
1904 4156 2000 4209 τῆς

401 4234 675 4305 ἁμαρτίας,
724 4231 827 4284 ἀλλ’
910 4234 1043 4305 ὅμως
1094 4237 1206 4305 ἔχει
1266 4235 1461 4307 θελημα
1507 4244 1598 4287 τοῦ
1658 4234 1855 4309 βοῆσαι
1911 4242 2000 4289 καὶ

400 4322 616 4374 καλέσαι
656 4324 887 4391 Ἰησοῦν,
930 4322 1011 4375 ἶνα
1063 4322 1222 4385 αὐτὸς
1269 4322 1422 4376 ἐλθὼν
1486 4323 1742 4399 λύτρωσιν
1794 4325 1998 4377 αἰώνιον

399 4417 601 4486 ποιήσῃ
633 4409 696 4484 τῇ
725 4411 904 4484 ψυχῇ.

2112 3259 2441 3315 admodum
2491 3260 2571 3314 ibi
2625 3259 2856 3323 mulier,
2885 3260 3166 3332 quamvis
3193 3262 3529 3325 vulnerata,
3563 3259 3763 3315 curari

2114 3364 2233 3403 non
2266 3355 2528 3419 poterat;
2554 3348 2942 3405 nihilominus
2994 3348 3178 3420 pedes
3220 3348 3504 3415 habebat,
3540 3346 3762 3419 quibus

2113 3437 2421 3493 accederet
2472 3437 2549 3493 ad
2586 3437 2926 3502 Dominum,
2974 3442 3031 3492 et
3085 3438 3332 3493 veniens
3383 3437 3761 3493 sanationem

2112 3531 2605 3598 consequeretur:
2638 3526 2840 3581 itidem
2895 3533 2951 3581 et
2981 3542 3173 3582 ctecus
3227 3524 3344 3593 ille,
3369 3525 3650 3597 quamvis
3680 3526 3767 3580 in-

2112 3615 2321 3671 cedere
2346 3631 2465 3671 non
2490 3620 2742 3686 poterat,
2771 3621 2827 3671 et
2842 3616 3041 3670 venire
3059 3615 3137 3671 ad
3172 3615 3485 3671 Dominum
3505 3630 3576 3670 eo
3597 3614 3764 3687 quod

2111 3706 2241 3760 visu
2262 3704 2696 3769 destitueretur,
2721 3704 3046 3760 acutiorem
3080 3711 3279 3760 tamen
3311 3704 3540 3773 angelis
3570 3704 3766 3758 emisit

2110 3809 2340 3848 vocem.
2368 3794 2742 3849 Aiebateniun
2767 3810 2779 3848 :
2811 3794 3159 3858 FiliDavid,
3182 3794 3585 3849 misereremei
3606 3794 3650 3828 1⁵
3678 3810 3689 3847 :
3713 3799 3768 3847 et

2109 3882 2190 3937 ita
2215 3883 2484 3948 credens,
2518 3882 2837 3937 sanitatem
2864 3889 3218 3937 consecutus
3250 3887 3358 3948 est,
3386 3881 3659 3937 veniente
3687 3881 3765 3936 ad

2108 3969 2273 4024 illum
2300 3971 2575 4037 Domino,
2598 3971 2772 4040 eique
2796 3971 2991 4025 visum
3010 3971 3382 4024 restituente:
3416 3970 3497 4023 sic
3519 3985 3765 4041 quoque

2109 4058 2333 4119 anima,
2357 4059 2641 4129 quamvis
2665 4058 2933 4113 sauciata
2958 4058 3031 4112 sit
3058 4058 3594 4126 ignominiosarum
3625 4056 3764 4111 affe-

2110 4148 2374 4202 ctionum
2396 4147 2763 4214 vulneribus,
2782 4147 3065 4218 quamvis
3088 4147 3392 4201 obcaecata
3411 4146 3481 4201 sit
3504 4146 3762 4200 tenebris

2110 4234 2359 4305 peccati,
2380 4233 2773 4289 nihilominus
2795 4234 2976 4289 habet
2993 4232 3355 4289 voluntatem
3382 4233 3683 4288 clamandi
3708 4239 3765 4288 et

2110 4321 2433 4376 invocandi
2459 4324 2684 4389 losum,
2709 4328 2773 4377 ut
2804 4324 2932 4392 ipse
2962 4322 3208 4377 veniens
3225 4329 3509 4377 aeternam
3533 4321 3763 4377 redem-

2108 4409 2377 4481 ptionem
2411 4411 2630 4466 animus
2658 4415 2957 4482 procuret.

472 4535 551 4589 H'.
596 4536 796 4610 Ὠσπιρ
850 4538 950 4612 γὰρ
1006 4538 1191 4597 ἐκεῖνος
1238 4538 1263 4589 ό
1313 4536 1517 4609 τυφλὸς,
1575 4538 1617 4590 εἰ
1670 4544 1740 4611 μή
1793 4537 1996 4607 ἐϐόησε,

2182 4544 2318 4599 VIII.
2353 4544 2877 4610 Quemadmodum
2907 4543 3068 4599 enim
3113 4560 3305 4598 caecus
3340 4543 3454 4609 ille,
3502 4542 3617 4598 nisi
3648 4542 3763 4599 cla-

398 4627 566 4683 καὶὴ
632 4625 988 4701 αἱμορροοῦσα
1069 4626 1330 4701 προσῆλθε
1386 4627 1457 4697 τῷ
1531 4632 1725 4703 Κυρίῳ,
1786 4628 1877 4681 οὐκ
1940 4628 1999 4681 ἂν

402 4714 689 4787 ἐτύγχανον
733 4715 914 4776 ἰάσεως
949 4734 961 4746 ⁸
1014 4717 1197 4781 οὕτως,
1245 4715 1329 4768 ἐὰν
1355 4721 1426 4788 μή
1481 4737 1562 4777 τις
1600 4716 1655 4769 ἐκ
1707 4726 1798 4770 τοῦ
1858 4715 1997 4771 ἰδίου

405 4803 709 4875 θελήματος,
769 4810 855 4857 καὶ
906 4805 1030 4867 ὅλης
1080 4810 1432 4879 προαιρέσεως
1472 4805 1589 4880 ἔλθη
1626 4809 1753 4879 πρὸς
1788 4811 1995 4882 Κύριον,

402 4896 492 4943 καὶ
542 4894 671 4961 μετὰ
736 4893 1090 4967 πληροφορίας
1153 4900 1374 4957 πίστεως
1425 4892 1612 4967 δεηθῇ,

402 4982 673 5052 τυγχάνει.

1693 4897 1874 4958 ἰάσεως
1940 4898 1997 4949 ού

754 4988 848 5033 Δια
916 4988 967 5034 τί
1014 4986 1115 5055 γὰρ
1176 4982 1357 5035 ἐκεῖνοι
1424 4988 1793 5046 πιστεύσαντες
1851 4987 1998 5040 ἰῶντο

401 5070 600 5135 εὐθέως,
674 5072 824 5140 ἡμεῖς
900 5068 959 5123 δὲ
1009 5075 1151 5123 οὔπω
1228 5069 1567 5146 διεϐλέψαμεν
1634 5075 1687 5138 ἓξ
1736 5075 1993 5140 ἀληθείας,

399 5164 487 5211 καὶ
544 5159 639 5211 ούκ
694 5158 908 5230 ἰάθημεν
970 5159 1025 5211 ἐκ
1082 5170 1179 5211 τῶν
1240 5168 1466 5234 κρυφίων
1540 5167 1767 5231 παθῶν;
1826 5171 1997 5219 καίτοι

399 5247 587 5322 μᾶλλον
646 5250 671 5299 6
714 5250 905 5321 Κύριος
961 5245 1214 5322 φροντίδα
1262 5258 1489 5303 ποιεῖται
1543 5254 1669 5325 ὑπὲρ
1724 5261 1819 5313 τῆς
1869 5253 1995 5307 ἀθα-

397 5340 553 5389 νάτου
582 5336 789 5409 ψυχῆς,
816 5337 845 5395 ή
880 5338 1005 5410 ὑπὲρ
1039 5344 1129 5388 τοῦ
1163 5343 1404 5409 σώματος
1437 5356 1450 5369 ⁸
1488 5342 1604 5401 ήτις
1629 5340 1712 5392 ἐὰν
1736 5338 1991 5416 διαϐλέψη

399 5429 535 5479 κατά
561 5430 648 5478 τὸν
679 5426 911 5497 λέγοντα,
955 5425 1402 5497 Ἀποκάλυψον
1441 5432 1592 5490 τούς
1631 5429 1997 5503 ὀφθαλμούς

402 5536 541 5586 μου,
581 5516 753 5568 οὐκέτι
786 5515 856 5577 εἰς
898 5518 982 5568 τὸν
1035 5516 1197 5569 αἰῶνα
1226 5516 1645 5589 τυφλωθώσεται,
1674 5524 1762 5571 καὶ
1792 5520 1997 5573 ἰαθεῐσα

403 5603 573 5657 ούκέτι
640 5608 1182 5678 τραυματισθήσεται.
1238 5606 1300 5659 Εἰ
1362 5608 1461 5680 γὰρ
1533 5608 1822 5680 ἐπιμέλειαν
1894 5618 1995 5661 τῶν

476 5748 523 5783 ¹⁴
565 5749 735 5806 Joan.
771 5766 806 5815 ι,
835 5748 924 5804 29.
1002 5750 1047 5785 ³⁵
1079 5749 1273 5807 Matth.
1306 5765 1405 5816 xv,
1439 5749 1528 5805 22.

2113 4638 2359 4700 masset,
2390 4639 2445 4690 et
2465 4634 2576 4689 nisi
2601 4649 2735 4705 quae
2755 4632 3046 4704 proﬂuvio
3074 4633 3385 4702 sanguinis
3420 4632 3760 4700 laborabat,

2113 4725 2191 4780 ad
2218 4725 2538 4779 Dominum
2557 4723 2926 4789 accessisset,
2951 4722 3326 4778 sanationem
3361 4737 3480 4777 non
3508 4722 3761 4778 fuissent

2111 4812 2415 4868 consecuti
2441 4828 2451 4865 :
2487 4811 2700 4866 eodem
2725 4810 2906 4866 modo
2931 4811 3046 4865 nisi
3073 4812 3209 4883 quis
3238 4811 3478 4882 proprio
3504 4816 3668 4865 motu
3693 4826 3763 4865 ac

2108 4902 2338 4971 integro
2372 4901 2680 4972 proposito
2715 4900 2789 4955 ad
2844 4899 3163 4955 Dominum
3221 4900 3488 4962 accedat,
3521 4904 3576 4954 et
3625 4915 3763 4955 cum

2108 4990 2477 5062 plenitudine
2530 4990 2668 5044 ﬁdei
2728 5006 2866 5044 eum
2922 4990 3294 5059 deprecetur,
3357 4988 3521 5044 nullo
3579 4988 3761 5045 modo

2108 5078 2438 5135 sanationis
2496 5079 2561 5134 fit
2612 5078 2930 5149 particeps.
2989 5079 3100 5133 Cur
3147 5079 3306 5133 enim
3363 5078 3440 5132 illi
3484 5077 3664 5132 simul
3695 5094 3764 5133 ac

2108 5168 2415 5223 crederent
2441 5168 2836 5233 sanabuntur,
2862 5183 2972 5222 nos
3019 5174 3218 5222 autem
3250 5166 3522 5223 nondum
3557 5184 3762 5223 revera

2107 5258 2301 5312 visum
2342 5257 2696 5327 recepimus,
2750 5273 2858 5311 nec
2913 5256 2991 5310 ab
3044 5256 3290 5311 occultis
3348 5255 3763 5312 affectionibus

2107 5346 2300 5401 sanati
2324 5362 2533 5399 sumus
2558 5345 2585 5399 ‘I
2616 5348 2829 5401 Verum
2856 5345 3144 5401 Dominus
3176 5348 3471 5416 majorem
3500 5346 3645 5413 gerit
3667 5360 3765 5399 cu-

2105 5450 2234 5489 ram
2250 5433 2604 5488 immortalis
2618 5434 3048 5506 animae,quam
3063 5434 3499 5505 corporis.0ua3
3513 5432 3760 5503 quidem

2104 5521 2263 5578 visui
2293 5523 2581 5588 restituta,
2616 5523 2949 5578 secundum
2981 5538 3144 5586 eum,
3198 5522 3302 5594 qui
3337 5520 3511 5576 dicit:
3542 5521 3760 5576 Revela

2110 5612 2306 5667 oculos
2331 5627 2484 5668 meos
2511 5613 2580 5681 ¹⁶,
2605 5610 2664 5667 in
2692 5616 2981 5668 aeternum
3002 5626 3124 5667 non
3152 5609 3412 5681 amplius
3431 5606 3756 5663 excaacabi-

1606 5751 1653 5785 ¹⁶
1694 5749 1905 5807 Psalm.
1940 5766 2131 5821 cxvui,
2158 5754 2242 5809 18.
