4148 6262
403 294 511 349 655

1703 286 1763 342 S.
1805 283 2110 341 MACARII
2149 281 2458 337 EGYPTII

3651 277 3756 332 656

404 424 515 486 tur,
544 421 599 472 et
630 421 844 473 sanata
880 431 1002 470 non
1035 413 1296 486 amplius
1328 411 1757 467 vulnerabitur.
1800 409 1856 465 Si
1883 409 2042 464 enim

2161 409 2397 481 φθαρτῶν
2462 405 2714 477 σωμάτων
2765 406 2790 456 ό
2841 408 3032 478 Κύριος
3089 403 3394 470 ἐποιήσατο,
3469 403 3622 456 ἐλθὼν
3677 402 3762 455 επὶ

402 505 877 578 corruptibilium
896 520 1214 575 corporum
1238 518 1442 557 curam
1460 500 1718 570 suscepit
1736 500 2047 560 Dominus,

401 597 460 651 in
494 596 789 650 mundum
841 610 978 649 cum
1009 593 1292 656 venisset;
1324 594 1551 662 quanto
1605 589 1798 658 magis
1833 587 2049 642 animm

402 685 754 739 immortalis
778 683 894 753 86
919 688 973 737 et
996 680 1327 736 secundum
1348 678 1671 748 imaginem
1694 677 1824 747 ejus
1850 675 2051 730 condi-

403 780 476 829 tae
507 773 534 827 ‘l
566 776 808 842 Propter
829 770 1298 826 incredulitatem
1315 775 1513 823 autem
1537 773 1808 822 nostram
1830 771 1884 820 et
1902 765 2052 820 sedi-

403 865 621 918 tionem
649 870 942 924 nostram,
965 859 1130 930 quod
1159 875 1278 913 non
1307 857 1632 927 diligamus
1660 872 1796 910 eum
1827 871 1896 909 ex
1927 859 2049 908 toto

399 951 597 1019 corde,
615 965 808 1021 neque
823 965 951 1004 vere
965 950 1016 1004 ei
1030 948 1270 1003 credam
1283 964 1366 1011 us,
1384 945 1656 1001 nondum
1676 943 2048 1015 spiritualem

400 1041 712 1096 sanitatem
745 1054 813 1093 ac
841 1038 1093 1093 salutem
1127 1037 1426 1091 consecuti
1451 1051 1687 1090 sumus.
1721 1033 2047 1087 Credamus

397 1145 538 1199 ergo
559 1131 630 1195 ei,
665 1134 719 1184 et
751 1128 1113 1184 accedamus
1143 1128 1204 1182 in
1253 1126 1518 1189 veritate,
1555 1129 1618 1178 ut
1644 1122 1918 1178 velociter
1947 1137 2049 1176 ve-

396 1234 525 1273 ram
557 1217 928 1273 sanationem
948 1217 1004 1270 in
1032 1215 1205 1270 nobis
1225 1214 1573 1284 adimpleat.
1599 1210 2047 1267 Promisitenim

397 1323 457 1361 se
477 1305 1283 1375 largiturumpostulantibus
1306 1319 1341 1358 a
1359 1319 1418 1358 se
1431 1302 1726 1371 Spiritum
1749 1306 2046 1367 sanctum,

401 1412 473 1450 ac
486 1395 856 1463 pulsantibus
870 1398 1215 1462 aperturum
1226 1396 1296 1455 ,et
1308 1407 1343 1446 a
1356 1405 1584 1460 quaren
1595 1391 1747 1444 tibus
1760 1389 2048 1444 inventum

393 1485 474 1539 iri
499 1486 541 1518 ¹⁷
569 1490 756 1555 Atque
783 1500 792 1538 :
816 1484 949 1538 Non
972 1480 1386 1551 mentitur,qui
1401 1479 1672 1548 promisit
1699 1479 1766 1530 ίδ.
1787 1478 1902 1549 Ipsi
1927 1477 2048 1546 glo-

396 1572 488 1628 ria
515 1578 568 1628 et
595 1572 858 1644 potentia
889 1571 948 1625 in
983 1569 1222 1625 saecula.
1251 1577 1458 1623 Amen.

996 1678 1284 1734 HOMILIA
1314 1677 1456 1732 XXI.

2161 503 2250 555 τῆς
2288 504 2405 566 γῆς,
2447 498 2593 565 πόσῳ
2650 493 2842 564 μᾶλλον
2890 503 2985 555 τῆς
3034 491 3293 545 ἀθανάτου
3320 498 3409 545 καὶ
3452 494 3564 545 κατ’
3592 493 3764 545 εἰκόνα

2161 585 2317 636 αὑτοῦ
2369 587 2715 655 πεποιημένης
2745 583 2973 654 ψυχῆς,
3031 583 3190 637 Ἀλλά
3248 580 3341 636 διὰ
3371 588 3464 641 τὴν
3513 582 3762 634 ἀπιστίαν

2161 676 2325 745 ἡμῶν,
2361 670 2453 724 δια
2483 678 2576 730 την
2614 669 2976 743 διχοστασίαν
3008 674 3173 743 ἡμῶν,
3229 669 3321 723 διὰ
3351 675 3406 722 τὸ
3433 676 3502 744 μὴ
3555 670 3765 743 ἀγαπᾷν

2161 764 2312 815 αὐτόν
2368 763 2418 825 εξ
2475 763 2593 823 ὅλης
2674 759 2921 836 καρδίας,
3008 766 3139 833 μήτε
3189 761 3239 823 ἐξ
3318 760 3561 822 ἀληθείας
3623 761 3764 831 αύτῷ

2158 855 2438 917 πιστεύειν,
2468 848 2674 904 οὐδέπω
2702 859 2796 912 τῆς
2847 859 3203 922 πνευματικῆς
3237 850 3421 912 ἰάσεως
3466 855 3554 903 xui
3587 871 3763 908 σωτη-

2158 946 2274 1013 ρίας
2325 940 2597 1013 ἐτύχομεν.
2656 943 3024 1012 Πιστεύσωμεν
3087 936 3174 991 οὖν
3242 939 3404 1010 αύτῷ,
3456 945 3546 992 καὶ
3600 959 3764 1015 προσ-

2159 1030 2378 1101 ἐλθωμεν
2437 1029 2483 1081 ἐν
2561 1028 2790 1101 ἀληθείᾳ,
2856 1031 2936 1081 ἶνα
3012 1031 3059 1081 ἐν
3113 1031 3270 1099 τάχει
3341 1033 3429 1086 τὴν
3513 1028 3761 1088 ἀληθινὴν

2157 1122 2300 1171 ἴασιν
2370 1117 2417 1169 ἐν
2492 1121 2616 1190 ἡμῖν
2675 1123 2896 1190 ποιήσῃ.
2950 1118 3328 1190 Ἐπηγγείλατο
3385 1121 3485 1191 γὰρ
3551 1115 3763 1172 διδόναι

2158 1216 2293 1268 τοῖς
2333 1207 2634 1260 αἰτοῦσιν
2675 1208 2866 1260 αὐτόν
2908 1215 3170 1276 Πνεῦμα
3230 1208 3436 1278 ἅγιον,
3478 1213 3586 1259 καὶ
3624 1214 3763 1269 τοῖς

2158 1301 2512 1370 κρούουσιν
2553 1296 2862 1368 ἀνοίγειν,
2905 1302 3014 1349 καὶ
3053 1304 3185 1357 τοῖς
3226 1297 3538 1358 ζητοῦσιν
3594 1299 3758 1368 εὑρί-

2163 1389 2465 1438 σκεσθαι·
2508 1390 2596 1437 καὶ
2655 1382 2945 1455 ἀψευδής
2994 1388 3171 1438 ἐστιν
3212 1388 3237 1437 ό
3294 1384 3760 1458 ἐπαγγειλάμε-

2158 1496 2274 1537 νος.
2308 1479 2459 1547 Αὐτῷ
2476 1476 2505 1534 ἡ
2529 1473 2659 1539 δόξα
2687 1481 2777 1528 καὶ
2809 1480 2866 1528 τό
2891 1478 3082 1550 κράτος
3102 1477 3174 1539 εἰς
3195 1480 3311 1537 τοὺς
3327 1477 3536 1539 αἰῶνας.
3567 1476 3755 1549 Ἀμήν.

2762 1677 3006 1726 ΟΜΙΛΙΑ
3037 1670 3163 1726 ΚΑ’.

400 1787 744 1843 Christiano
760 1785 972 1842 homini
984 1786 1212 1855 duplex
1224 1784 1494 1838 incumbit
1511 1783 1736 1845 bellum,
1754 1783 2042 1855 internum

2159 1788 2250 1850 Τῷ
2311 1783 2683 1855 Χριστιανῷ
2747 1782 3055 1855 ἀνθρωπω
3114 1777 3766 1855 δισσὰς-πρόκειται

471 1859 738 1914 videlicet
770 1864 821 1913 et
849 1854 1180 1912 externum.
1211 1857 1338 1910 Hoc
1368 1855 1624 1926 quidem,
1658 1870 1790 1908 cum
1825 1854 2044 1926 recedit

465 1931 637 1998 ipsea
652 1929 1142 1984 distractiom‘bus
1156 1925 1405 1982 terrenis
1426 1943 1442 1990 ;
1466 1926 1626 1981 illud
1642 1941 1776 1981 vero
1791 1926 1852 1979 in
1872 1925 2048 1980 corde

467 2003 750 2057 adversus
782 2001 1164 2070 cogitationes
1194 1998 1515 2070 spirituum
1547 1999 1863 2052 malorum.

470 2198 514 2254 Ι.
538 2197 914 2268 Quicumque
938 2211 1074 2250 vere
1103 2195 1218 2250 Deo
1238 2193 1472 2266 placere
1494 2196 1755 2264 exoptat,
1782 2208 1851 2247 ac
1876 2207 2046 2246 veras

397 2286 689 2342 adversus
723 2285 1129 2340 adversariam
1157 2289 1386 2355 partem
1428 2283 1760 2336 inimicitias
1782 2280 2047 2351 suscipit,

395 2376 556 2430 hunc
568 2374 648 2429 du
660 2373 792 2444 plici
809 2373 1086 2428 conﬂictu
1109 2389 1178 2428 ac
1191 2372 1418 2443 duplici
1431 2372 1751 2426 certamine
1767 2371 2052 2424 dimicare

395 2468 664 2536 oportet:
731 2469 856 2517 tum
911 2463 970 2516 in
1020 2463 1198 2517 rebus
1229 2460 1563 2516 visibilibus
1612 2459 1792 2529 hujus
1832 2459 1984 2528 vitae,
2018 2474 2053 2514 a

395 2551 889 2607 distractionibus
918 2552 1185 2614 terrenis,
1221 2566 1289 2606 ac
1337 2549 1650 2604 dilectione
1678 2548 2050 2604 vinculorum

2231 1836 2521 1938 πόλεμος,
2567 1836 3675 1938 ἐσῶτεροςηδηλαδῆααὶἓξῶτερος.
3709 1852 3768 1905 Ὀ

2231 1927 2337 1995 μὲν
2380 1924 2441 1974 ἐν
2481 1931 2562 1992 τῷ
2605 1924 2998 1997 ξφί-στασθαι
3065 1924 3252 1997 αὐτόν
3291 1933 3768 1997 περισπασμῶν

2229 1993 2486 2066 γηΐνων,
2530 1997 2554 2046 ό
2597 1993 2664 2047 δὲ
2703 1995 2759 2047 ἐν
2799 2003 2869 2068 τῇ
2921 1993 3160 2069 καρδίᾳ
3198 1993 3771 2069 πρός’λογισμοὺς

2232 2076 2353 2119 τῶν
2391 2071 2776 2139 πνευμάτων
2816 2075 2932 2129 τῆς
2973 2073 3308 2141 πονηρίας.

2232 2190 2316 2245 Α’.
2357 2189 2414 2242 Ὁ
2468 2188 2771 2262 βουλόμενος
2832 2191 3180 2265 εὐαρεστῆσαι
3229 2198 3342 2261 Θεῷ
3395 2189 3447 2254 ἐξ
3501 2190 3774 2257 ἀληθείας,

2162 2284 2250 2330 καὶ
2324 2279 2438 2331 κατ’
2491 2279 2732 2337 ἀλήθειαν
2810 2289 2880 2351 τῷ
2954 2280 3163 2352 ἐναντίῳ
3219 2285 3361 2352 μέρει
3416 2288 3512 2342 τῆς
3579 2286 3775 2341 κακίας

2164 2367 2606 2440 ἀπεχθανόμενος,
2676 2373 2806 2440 πρὸς
2867 2367 2963 2422 δύο
3038 2369 3284 2432 ἀθλήσεις
3340 2375 3430 2422 καὶ
3486 2375 3614 2443 πρός
3677 2367 3776 2424 δύο

2164 2457 2362 2528 ἀγῶνας
2410 2461 2524 2529 ἔχει
2554 2464 2642 2517 τὴν
2693 2458 2862 2516 πάλην
2892 2476 2907 2491 ·

2165 2545 2287 2618 βίου
2401 2550 2584 2600 τούτου
2689 2555 2990 2620 πράγμασι,

2164 2634 2529 2707 ἀφιστάμενος,
2562 2642 2651 2688 καὶ
2696 2636 2907 2708 ἀγάπης
2934 2634 3144 2709 δεσμῶν
3188 2647 3454 2708 κοσμικῶν
3479 2643 3570 2691 καὶ
3602 2642 3777 2692 παθῶν

2957 2462 3004 2511 ἓν
3036 2479 3090 2512 τε
3144 2467 3251 2521 τοῖς
3306 2465 3630 2532 φαινομένοις
3686 2469 3779 2514 τοῦ

2401 2550 2584 2600 τούτου
2689 2555 2990 2620 πράγμασι,
3098 2557 3481 2623 περισπασμῶν
3581 2552 3778 2619 γηΐνων

396 2643 871 2703 mundanorum,
905 2645 1081 2712 atque
1115 2638 1530 2694 affectionibus
1578 2637 1802 2708 peccati
1831 2637 2054 2692 abhor-

398 2735 626 2785 rentem
651 2747 662 2783 :
697 2736 821 2783 tum
846 2729 903 2783 in
931 2728 1176 2783 occultis
1203 2734 1409 2782 contra
1433 2728 1596 2798 ipsos
1621 2725 1859 2780 malitiae
1887 2727 2052 2797 spiri-

398 2824 493 2874 tus
521 2819 912 2890 praaliantem,
946 2818 1018 2872 de
1049 2818 1272 2890 quibus
1303 2816 1623 2887 Apostolus
1651 2815 1843 2871 aiebat
1870 2831 1880 2868 :
1916 2817 2050 2870 Non

396 2915 478 2965 est
500 2908 666 2963 nobis
680 2908 1023 2963 colluctatio
1037 2907 1324 2962 adversus
1341 2906 1687 2976 sanguinem
1716 2912 1767 2960 et
1787 2920 2046 2969 carnem,

392 2998 495 3053 sed
506 2998 788 3053 adversus
805 2995 1484 3065 principatus,adversus
1495 2994 2049 3065 potestates,adver-

395 3103 494 3142 sus
508 3086 706 3141 mundi
717 3087 1253 3150 dominos,rectores
1267 3085 1632 3140 tenebrarum
1645 3084 1838 3138 smculi
1852 3083 2041 3153 hujus,

2158 3085 2268 3143 τὰς
2307 3081 2628 3149 ἐξουσίας,
2668 3085 2820 3154 πρὸς
2859 3086 3004 3144 τοὺς
3067 3089 3617 3157 κοσμοκράτορας
3658 3091 3770 3136 τοῦ

2162 2733 2252 2784 τῆς
2314 2725 2576 2798 ἁμαρτίας
2604 2745 2616 2757 ·
2657 2731 2748 2777 xui
2779 2729 2829 2777 ἓν
2880 2733 2991 2788 τοῖς
3045 2734 3312 2797 κρυπτοῖς,
3373 2731 3503 2800 πρὸς
3550 2728 3685 2781 αύτά
3713 2732 3779 2781 τὰ

2161 2822 2256 2875 τῆς
2321 2820 2576 2886 πονηρίας
2652 2813 3057 2887 ἀπομαχόμενος
3113 2819 3402 2887 πνεύματα,
3476 2821 3591 2889 περὶ
3665 2817 3767 2881 (Iw;

2163 2901 2476 2966 Ἀπόστολος
2509 2904 2694 2975 ἔλεγεν,
2751 2904 2881 2955 Οὐκ
2921 2907 3096 2956 ἔστιν
3137 2906 3292 2976 ἡμῖν
3333 2907 3362 2962 ἠ
3403 2905 3571 2962 πάλη
3615 2907 3762 2978 πρὸς

2161 2994 2316 3064 αἷμα
2357 2999 2463 3045 καὶ
2506 2995 2732 3064 σάρκα,
2777 2992 2930 3045 ἀλλά
2993 2996 3146 3068 πρὸς
3182 2997 3288 3054 τὰς
3330 2994 3562 3067 ἀρχὰς,
3610 2998 3764 3065 πρός

397 3176 683 3232 adversus
715 3175 1055 3245 spirituales
1087 3175 1338 3230 astutias
1365 3174 1426 3228 in
1460 3173 1781 3228 cwlestibus
1819 3175 1881 3225 ιθ.

2159 3177 2434 3232 σκότους
2474 3180 2584 3223 τοῦ
2626 3172 2853 3232 αἰῶνος
2892 3174 3149 3235 τούτου,
3182 3176 3340 3244 πρὸς
3371 3175 3449 3225 τὰ
3485 3193 3637 3226 πνευ
3659 3193 3777 3245 μα-

2156 3263 2301 3312 τικά
2353 3269 2467 3320 τῆς
2522 3265 2838 3335 πονηρίας
2890 3259 2946 3312 ἐν
3021 3268 3158 3323 τοῖς
3224 3259 3661 3333 ἐπουρανίοις.

465 3372 532 3425 ll.
585 3371 828 3426 Duobus
873 3371 1030 3426 enim
1072 3369 1269 3425 modis
1318 3374 1374 3424 et
1433 3368 1685 3423 vinculis
1735 3368 2046 3424 devinctus

400 3460 586 3514 homo
607 3465 710 3521 est,
734 3465 1057 3530 postquam
1081 3458 1434 3513 mandatum
1453 3463 1863 3526 transgressus
1881 3462 2039 3512 extra

399 3547 615 3602 limites
633 3548 896 3618 paradisi
923 3547 1224 3617 projectus
1243 3553 1351 3601 est.
1374 3547 1435 3600 In
1462 3546 1575 3600 hac
1599 3547 1880 3600 nimirum
1905 3547 2040 3611 vita,

392 3635 572 3691 rebus
597 3636 672 3690 ad
701 3636 884 3689 vitam
911 3635 1362 3706 pertinentibus,
1386 3651 1451 3688 ac
1468 3634 1781 3689 dilectione
1808 3637 2041 3703 mundi,

393 3723 727 3780 carnalium
752 3739 968 3794 nempe
991 3723 1363 3793 voluptatum
1384 3727 1441 3777 et
1462 3723 1867 3788 affectionum,
1893 3724 2044 3779 divi-

392 3813 610 3868 tiarum
635 3818 690 3868 et
712 3811 915 3883 glorim
944 3829 955 3872 :
981 3828 1050 3868 ac
1074 3817 1504 3882 creaturarum,
1533 3814 1734 3867 uxoris
1758 3818 1813 3867 et
1833 3813 2044 3869 libero-

389 3918 562 3969 rum;
596 3902 1154 3971 consanguinitatis,
1191 3903 1417 3972 patriae,
1469 3901 1757 3968 locorum,
1791 3909 1846 3956 et
1875 3902 2044 3957 indu-

389 3997 751 4057 mentorum,
786 3996 858 4056 et,
893 3997 952 4047 ut
985 3992 1332 4046 summatim
1357 3991 1576 4060 dicam,
1601 3992 1872 4046 omnium
1906 4008 2041 4064 quae

387 4081 541 4136 visui
569 4087 791 4153 patent,
827 4097 861 4134 a
888 4082 1110 4152 quibus
1160 4080 1407 4134 verbum
1461 4081 1559 4134 Dei
1591 4081 1858 4152 praecipit
1903 4097 2040 4136 eum

389 4170 614 4226 exsolvi
646 4171 888 4242 propria
909 4171 1213 4225 voluntate
1246 4170 1371 4241 (qui
1405 4186 1496 4237 ea,
1526 4186 1660 4240 quae
1687 4171 1873 4225 oculis
1905 4170 2043 4225 sub-

383 4261 541 4332 jecta
593 4265 753 4318 sunt.
815 4264 1028 4330 sponte
1081 4259 1338 4330 quisque
1395 4259 1700 4330 sectatur),
1763 4265 1825 4315 ut
1863 4259 1939 4314 ab
1971 4260 2040 4313 iis

386 4350 669 4405 omnibus
697 4365 758 4403 se
777 4349 1098 4419 expediens
1116 4365 1185 4402 ac
1201 4348 1484 4411 liberans,
1514 4349 1765 4418 perfecte
1787 4349 2040 4403 manda—

385 4443 510 4494 tum
543 4438 862 4492 observare
889 4438 1094 4508 possit.
1125 4438 1286 4492 Intus
1315 4453 1455 4492 vero
1480 4438 1768 4502 intricata,
1791 4437 2039 4492 circum-

385 4526 624 4590 vallata,
662 4527 847 4580 muris
904 4527 1115 4595 cincta,
1180 4533 1354 4597 atque
1404 4527 1627 4580 catenis
1654 4525 2035 4581 tenebrarum

387 4615 664 4670 devincta
717 4620 804 4670 est
861 4615 1084 4679 anima,
1142 4632 1243 4686 per
1298 4614 1539 4686 spiritus
1571 4615 1832 4680 malitiae,
1866 4616 1944 4670 ita
1977 4622 2038 4670 ut

384 4720 506 4759 non
535 4704 722 4775 possit
747 4720 853 4774 pro
911 4704 1102 4759 lubitu
1135 4705 1382 4773 diligere
1412 4703 1752 4766 Dominum,
1787 4719 1896 4760 nec
1928 4720 2035 4776 pro

379 4792 571 4850 lubitu
604 4793 863 4858 credere,
894 4809 1000 4848 nec
1031 4809 1138 4864 pro
1169 4794 1357 4848 lubitu
1385 4793 1654 4849 adorare.
1692 4797 1834 4849 Nam
1870 4794 2034 4865 peni-

385 4887 476 4937 tus
501 4882 889 4937 contrarietas
947 4887 1068 4937 tam
1121 4882 1181 4935 in
1214 4882 1543 4937 manifestis
1574 4898 1760 4954 quam
1789 4883 2034 4938 occultis

379 4971 560 5027 rebus
612 4977 745 5041 post
793 4971 1333 5041 transgressionem
1384 4971 1557 5042 primi
1611 4971 1871 5027 hominis
1927 4988 2033 5027 nos

378 5060 616 5116 invasit.

450 5167 540 5220 III.
575 5166 631 5222 Si
677 5167 814 5238 quis
862 5165 1062 5238 itaque
1117 5165 1320 5220 audito
1376 5166 1559 5221 verbo
1607 5168 1705 5222 Dei
1760 5183 2029 5238 pugnam

376 5256 588 5320 inierit,
620 5261 798 5326 atque
827 5255 903 5310 ad
935 5255 1091 5310 hanc
1123 5255 1308 5310 vitam
1341 5257 1672 5326 spectantia
1703 5262 1758 5311 et
1783 5257 2030 5328 laqueos

375 5346 585 5402 mundi
620 5362 655 5400 a
685 5360 746 5398 se
775 5344 1085 5416 projecerit
1107 5360 1438 5417 omnesque
1466 5346 1662 5400 carnis
1694 5346 2029 5418 voluptates

375 5434 795 5507 repudiaverit,
849 5449 919 5488 ex
944 5433 1035 5488 bis
1088 5449 1148 5487 se
1190 5434 1388 5503 ipsum
1420 5434 1744 5505 expediens
1771 5452 1784 5499 ;
1811 5442 1932 5490 tum
1969 5437 2027 5491 in

376 5524 610 5581 Domini
636 5523 961 5579 intentione
998 5522 1502 5592 perseveraverit:
1539 5539 1900 5592 cognoscere
1931 5525 2025 5580 hic

447 5663 492 5697 ³⁷
531 5662 666 5715 Luc.
700 5677 779 5727 xx,
818 5661 881 5715 t3
905 5677 918 5728 ;
944 5660 1146 5716 Matth.
1175 5675 1272 5729 vn,
1308 5666 1359 5715 7.
1440 5660 1485 5694 ³⁸
1517 5660 1621 5715 Tit.
1654 5675 1690 5727 1,
1726 5663 1779 5714 2.

2228 3367 2303 3421 θ’.
2359 3371 2506 3420 Κατά
2562 3364 2659 3419 δύο
2706 3369 2806 3441 γὰρ
2856 3372 3082 3440 τρόπους
3127 3372 3216 3420 καὶ
3271 3364 3500 3440 δεσμοὺς
3557 3365 3712 3426 ἐδέθη
3747 3372 3772 3420 ό

2154 3457 2429 3528 ἄνθρωπος
2466 3456 2703 3528 παραϐὰς
2754 3461 2846 3514 τὴν
2906 3457 3134 3522 ἐντολὴν,
3190 3462 3280 3508 καὶ
3329 3457 3616 3530 ἐξορισθεὶς
3666 3457 3772 3510 ἀπὸ

2153 3554 2244 3598 τοῦ
2276 3543 2626 3616 παραδείσου,
2679 3544 2725 3596 ἐν
2756 3553 2826 3615 τῷ
2877 3543 2976 3618 βίῳ
3016 3548 3203 3617 τούτῳ,
3236 3545 3284 3597 ἐν
3336 3554 3442 3607 τοῖς
3500 3544 3774 3620 βιωτικοῖς

2153 3638 2452 3709 πράγμασι,
2494 3636 2661 3686 καὶέν
2719 3642 2780 3706 τῇ
2829 3642 2919 3686 τοῦ
2972 3639 3173 3705 κόσμου
3221 3634 3420 3707 ἀγάπη,
3466 3639 3628 3707 ἤγουν
3668 3645 3770 3687 τῶν

2156 3732 2415 3797 σαρκικῶν
2481 3719 2702 3789 ἡδονῶν,
2747 3727 2836 3775 καὶ
2879 3725 3076 3786 παθῶν,
3159 3723 3407 3788 πλούτου,
3455 3729 3544 3776 καὶ
3582 3721 3764 3790 δόξης,

2153 3818 2241 3864 καὶ
2313 3813 2632 3882 κτισμάτων,
2686 3816 2948 3882 γυναικός,
3010 3817 3100 3864 καὶ
3149 3819 3358 3872 τέκνων,
3439 3819 3764 3885 συγγενείας,

2152 3898 2442 3975 πατρίδων,
2495 3906 2686 3964 τόπων,
2734 3897 3052 3973 ἐνδυμάτων,
3105 3907 3194 3954 καὶ
3256 3902 3574 3965 ἁπαξαπλῶς
3641 3907 3769 3955 πάν-

2153 4011 2250 4044 των
2312 3999 2409 4042 τῶν
2473 3995 2806 4064 φαινομένων,
2877 3990 2960 4062 ἀφ’
3035 3991 3102 4041 ὡν
3172 3991 3390 4062 όλόγος
3470 4000 3560 4045 τοῦ
3631 4001 3768 4046 Θεοῦ

2153 4081 2340 4132 κελεύει
2387 4079 2542 4131 αὐτόν
2589 4080 2808 4137 λυθῆναι
2868 4076 2983 4151 ἰδίᾳ
3039 4085 3358 4154 προαιρέσει,
3433 4078 3629 4140 ἐπειδὴ
3699 4083 3768 4143 εἰς

2151 4171 2318 4221 πάντα
2365 4171 2428 4220 τὰ
2477 4174 2756 4241 φαινόμενα
2807 4169 3053 4230 ἑκουσίως
3106 4171 3317 4231 ἕκαστος
3368 4167 3599 4238 δέδεται,
3657 4173 3764 4240 ἶνα,

3031 4260 3189 4320 λύσας

2153 4343 2354 4418 δυνηθῇ
2389 4347 2590 4409 τελείως
2618 4356 2713 4410 τῆς
2777 4346 2982 4408 ἐντολῆς
3035 4346 3293 4420 ἐγκρατὴς
3339 4351 3602 4420 γενέσθαι.
3653 4355 3757 4403 Καὶ

2153 4261 2347 4310 τούτων
2441 4261 2644 4311 πάντων
2748 4258 2929 4310 ἑαυτὸν
3031 4260 3189 4320 λύσας
3289 4260 3756 4334 καὶίλευθερὼσας,

2151 4437 2198 4487 ἐν
2225 4446 2294 4506 τῷ
2325 4447 2536 4509 κρυπτῳ
2571 4435 2628 4490 δὲ
2664 4443 3122 4511 περιτετρίχωται,
3174 4444 3263 4490 καὶ
3315 4444 3751 4513 περιπέφρακται,

2149 4531 2236 4577 καὶ
2279 4532 2748 4601 περιτετείχισται,
2808 4532 2893 4578 xui
2949 4524 3161 4580 δέδεται
3209 4528 3427 4581 ἁλύσεσι
3475 4533 3751 4592 σκότουςή

2147 4615 2300 4686 ψυχὴ
2358 4618 2456 4667 ὑπὸ
2493 4625 2589 4667 τῶν
2644 4625 2736 4678 τῆς
2787 4621 3038 4690 πονηρίας
3104 4619 3428 4689 πνευμάτων,
3476 4622 3547 4690 μη
3602 4615 3754 4672 δυνα-

2147 4709 2295 4777 μένη,
2341 4707 2410 4767 ὡς
2469 4705 2619 4775 θέλει,
2675 4705 2882 4776 ἀγαπᾷν
2938 4708 3023 4757 τὸν
3092 4708 3302 4779 Κύριον,
3349 4711 3438 4759 καὶ
3491 4711 3558 4769 ὡς
3609 4708 3756 4777 θελει,

2145 4796 2423 4859 πιστεύειν,
2469 4799 2558 4846 καὶ
2620 4797 2688 4855 ὡς
2751 4793 2900 4858 θέλει,
2950 4794 3365 4867 προσεύξασθαι.
3433 4799 3607 4854 Πάντη
3651 4800 3753 4871 γὰρ

2145 4885 2174 4940 ἡ
2210 4887 2498 4945 ἐναντιότης
2553 4884 2601 4935 ἐν
2649 4890 2752 4943 τοίς
2784 4891 3036 4957 φανεροῖς,
3092 4889 3181 4935 xui
3229 4885 3276 4935 ἐν
3325 4891 3435 4946 τοῖς
3480 4894 3751 4959 κρυπτοῖς,

2146 4971 2245 5024 ἀπὸ
2273 4981 2363 5034 τῆς
2424 4971 2767 5045 παραϐάσεως
2815 4979 2906 5024 τοῦ
2950 4978 3156 5047 πρώτου
3211 4971 3482 5046 ἀνθρώπου
3519 4975 3590 5037 εἰς
3619 4976 3756 5048 ἡμᾶς

2144 5081 2376 5119 κατηντη
2386 5081 2469 5113 σεν
2479 5105 2490 5115 .

2215 5168 2290 5223 I".
2333 5171 2490 5221 Ἐπάν
2540 5188 2614 5229 τις
2659 5172 2829 5220 τοίνυν
2874 5166 3104 5230 ἀκούσας
3156 5172 3241 5221 τὸν
3288 5169 3437 5241 λόγον
3493 5178 3584 5223 τοῦ
3618 5180 3753 5224 Θεοῦ

2141 5256 2482 5328 ἀγωνίσηται,
2540 5264 2631 5309 καὶ
2690 5256 2956 5331 ἀπορῥίψη
3017 5260 3082 5310 τὰ
3130 5267 3220 5311 τοῦ
3272 5257 3391 5332 βίου
3432 5263 3746 5335 πράγματα,

2140 5351 2226 5398 καὶ
2265 5344 2440 5418 δεσμὰ
2483 5351 2708 5418 κόσμου,
2758 5352 2847 5398 καὶ
2889 5350 3064 5408 πάσας
3116 5349 3210 5409 τὰς
3261 5352 3514 5421 σαρκικάς
3557 5347 3750 5412 ἡδονὰς

2139 5433 2455 5509 ἀρνήσηται,
2532 5434 2698 5496 λύσας
2765 5435 2945 5487 ἑαυτὸν
3003 5435 3102 5487 ἀπὸ
3153 5441 3363 5503 τούτων,
3429 5445 3545 5491 τότε
3588 5458 3745 5510 προσ,

2138 5535 2395 5599 καρτερῶν
2433 5525 2504 5595 τῷ
2555 5531 2729 5601 Κυρίῳ
2756 5530 2844 5578 καὶ
2896 5525 3195 5598 σχολάζών,
3255 5523 3476 5580 δύναται
3532 5536 3748 5600 γνῶναι-

1859 5663 1903 5696 ¹⁹
1931 5661 2143 5733 Ephes.
2177 5678 2253 5734 v1,
2287 5661 2366 5717 12.
2403 5678 2528 5734 seq.
