4148 6262
353 319 460 374 657

1620 314 1958 372 HOMILIAE.
1996 344 2067 358 —
2107 313 2282 369 HOM.
2317 315 2465 368 XXI.

3576 305 3680 361 658

327 445 408 496 ὃτι
437 446 576 496 ἔστιν
610 447 658 495 ἑν
703 451 764 515 τῇ
824 440 1020 516 καρδίᾳ
1074 443 1200 501 άλλη
1246 443 1406 508 πάλη,
1446 443 1573 500 ἄλλη
1621 442 1918 504 ἐναντίωσις

2041 442 2263 513 poterit,
2293 456 2423 496 esse
2449 441 2508 495 in
2539 439 2717 495 corde
2749 438 2928 494 aliam
2957 438 3199 502 luctam,
3234 434 3414 491 aliam
3446 440 3682 490 contra-

329 538 528 607 κρυπτὴ
539 575 552 599 ,

329 627 599 697 πονηρίας,
665 627 754 674 καὶ
810 622 960 684 ἀλλος
1044 622 1180 693 ἀγὼν
1259 628 1547 693 πρόκειται.
1613 624 1713 676 Καὶ
1760 621 1923 682 οὓτως

630 537 719 584 καὶ
776 533 922 593 ἄλλος
1002 533 1216 605 πόλεμος
1271 533 1536 604 λογισμῶν
1619 535 1919 604 πνευμάτων

333 709 552 764 δύναται
618 714 926 783 παραμένων
992 717 1080 763 καὶ
1129 711 1528 783 ἐπικαλούμενος
1593 715 1678 762 τὸν
1735 713 1922 786 Κύριον

332 803 582 853 ἐνπίστει
653 798 960 872 ἀδιστάκτῳ
999 807 1088 853 καὶ
1154 803 1385 873 ὑπομονῇ
1449 801 1631 872 πολλῇ,
1691 805 1780 852 καὶ
1831 806 1923 858 τήν

333 891 454 961 παρ’
498 890 659 943 αὐτοῦ
711 890 957 962 βοήθειαν
989 888 1348 963 ἐκδεχόμενος,
1384 898 1564 960 τυχεῖν
1613 892 1798 942 ἐκεῖθεν
1831 899 1926 952 τῆς

330 977 530 1032 ἔνδοθεν
585 980 891 1053 λυτρώσεως
943 988 1044 1032 τῶν
1103 977 1330 1052 δεσμῶν,
1387 985 1476 1032 καὶ
1547 988 1768 1050 τριχῶν,
1837 986 1926 1032 καὶ

332 1077 608 1144 φραχμῶν,
661 1075 750 1120 καὶ
811 1074 1024 1130 σκότους
1099 1071 1402 1141 πνευμάτων
1459 1073 1727 1141 πονηρίας,
1796 1070 1923 1142 οἷπερ

328 1158 460 1210 εἰσὶν
497 1161 551 1210 αἱ
578 1167 676 1210 τῶν
708 1167 944 1232 κρυπτῶν
975 1160 1149 1211 παθῶν
1175 1158 1444 1230 ἐνέργειαι.

404 1280 470 1334 Δ’.
505 1281 669 1342 Οὗτος
704 1279 760 1334 δε
807 1283 832 1333 ό
885 1283 1101 1354 πόλεμος
1143 1279 1236 1334 διὰ
1277 1285 1501 1354 χάριτος
1545 1279 1929 1354 καὶδυνάμεως

334 1378 467 1423 Θεοῦ
500 1373 879 1442 καταργείσθαι
923 1369 1143 1423 δύναται
1177 1392 1188 1403 ο
1234 1369 1305 1424 δι’
1347 1372 1529 1423 ἑαυτοῦ
1584 1375 1686 1444 γὰρ
1730 1373 1926 1446 τις

336 1461 532 1511 σασθαι
598 1459 777 1511 ἑαυτὸν
829 1469 918 1519 τῆς
983 1463 1357 1526 ἐναντιότητος,
1417 1465 1525 1525 xui,
1585 1460 1777 1521 πλάνης
1830 1470 1928 1512 τῶν

334 1547 618 1619 λογισμῶν,
685 1554 774 1600 καὶ
838 1551 1016 1601 παθῶν
1087 1548 1321 1623 ἀοράτων
1387 1556 1476 1601 xui
1533 1559 1787 1621 μηχανῶν
1837 1558 1926 1602 τοῦ

327 1645 579 1710 πονηροῦ,
652 1634 917 1693 ἀδυνατεῖ.
982 1638 1042 1691 Εἰ
1087 1635 1146 1691 δε
1198 1638 1245 1690 ἐν
1297 1647 1406 1700 τοῖς
1473 1644 1794 1710 φαινομένοις
1847 1660 1928 1702 τις

334 1723 567 1797 ἐνέχεται
597 1734 688 1778 τοῦ
736 1732 938 1798 κόσμου
995 1730 1177 1779 τούτου
1219 1730 1520 1800 πράγμασι,
1575 1732 1662 1780 καὶ
1712 1727 1925 1801 δεσμοῖς

2029 531 2301 586 rietatem
2351 530 2667 592 occultam,
2733 527 2897 584 aliud
2959 527 3182 582 bellum
3245 524 3679 596 cogitationum

2034 620 2350 690 spirituum
2373 619 2672 690 nequitiae,
2707 623 2883 688 atque
2914 615 3076 671 aliud
3115 620 3414 670 certamen
3447 614 3682 683 impen-

2034 710 2193 765 dere.
2230 709 2337 773 Qui
2370 709 2454 762 sic
2478 711 2815 778 perseverat
2843 706 2903 760 in
2937 705 3310 759 invocatione
3339 701 3595 765 Domini,
3623 701 3682 755 in

2034 798 2149 853 ﬁde
2170 797 2504 851 indubitata
2534 813 2602 851 ac
2645 794 2952 849 tolerantia
2982 793 3188 856 multa,
3221 793 3469 862 ejusque
3510 787 3683 843 auxi-

2033 886 2180 942 lium
2221 890 2544 956 exspectat,
2590 885 2801 956 poterit
2830 882 2967 937 inde
3008 882 3291 952 consequi
3339 879 3679 934 interiorem

2033 975 2448 1030 liberationem
2479 991 2514 1028 a
2565 973 2811 1044 laqueis,
2870 973 3046 1028 tricis.
3105 969 3270 1025 vallis
3321 974 3376 1022 et
3424 966 3678 1021 tenebris

2039 1065 2356 1135 spirituum
2381 1063 2676 1133 nequitiae,
2705 1078 2840 1132 quae
2861 1064 3003 1114 sunt
3028 1058 3397 1114 occultarum
3423 1054 3684 1110 affectio-

2039 1169 2184 1208 num
2217 1152 2617 1224 operationes.

2110 1367 2195 1420 IV.
2240 1370 2358 1422 Hoc
2389 1371 2591 1421 autem
2626 1364 2848 1420 bellum
2881 1379 2985 1434 per
3025 1362 3280 1433 gratiam
3314 1367 3369 1416 et
3401 1361 3685 1416 virtutem

2039 1457 2134 1510 Dei
2163 1456 2374 1511 conﬁci
2394 1461 2608 1526 potest.
2642 1457 2758 1510 Sua
2779 1453 2937 1507 enim
2961 1453 3168 1507 virtute
3192 1467 3227 1506 a
3248 1450 3684 1513 contrarietate,

2039 1546 2150 1616 87
2189 1552 2244 1600 et
2273 1561 2469 1600 errore
2497 1544 2950 1612 cogitationum,
2992 1546 3044 1596 et
3075 1539 3460 1596 affectionum
3491 1538 3693 1593 invisi-

2038 1637 2269 1698 bilium,
2320 1641 2376 1690 et
2408 1632 2952 1689 machinationibus
2994 1631 3150 1689 illius
3209 1629 3581 1700 nequissimi,
3627 1642 3690 1682 se

2037 1725 2253 1798 aliquis
2291 1724 2542 1780 liberare
2576 1723 2795 1794 nequit.
2831 1721 2998 1786 Quod
3026 1721 3072 1774 si
3098 1720 3255 1791 quis,
3300 1717 3689 1773 saecularibus

329 1815 586 1877 ποικίλοις
631 1819 832 1886 γηῖνοις
892 1815 1257 1888 ἐμπέπλεκται,
1313 1822 1400 1869 xui
1448 1824 1554 1878 τοῖς
1608 1820 1801 1870 πάθεσι
1831 1828 1924 1881 τῆς

2041 1815 2217 1886 hujus
2265 1814 2472 1868 mundi
2528 1813 2705 1867 rebus
2763 1812 3056 1875 detentus,
3107 1810 3402 1879 variisque
3437 1806 3688 1861 vinculis

333 1908 520 1964 κακίας
598 1907 898 1976 συνάγεται,
996 1902 1120 1958 οὐδὲ
1205 1905 1539 1977 ἐπιγινώσκει
1622 1908 1702 1958 ὅτι
1785 1911 1924 1960 ἔστιν

327 1991 454 2049 ἄλλη
516 1992 650 2049 πάλη
709 1997 797 2044 καὶ
855 1997 1025 2051 πυκτή
1080 1998 1169 2045 καὶ
1222 1994 1441 2066 πόλεμος
1468 1991 1613 2046 ἔνδον
1645 2012 1658 2026 ο
1727 2000 1924 2066 γένοιτο

321 2083 443 2154 γὰρ,
500 2082 582 2132 ἶνα
628 2080 749 2133 ὃταν
828 2101 906 2144 τις
960 2083 1062 2155 ἄρῃ
1143 2082 1324 2135 ἑαυτὸν
1383 2084 1790 2156 ἀγωνισάμενος,
1837 2091 1924 2138 καὶ

325 2169 459 2242 λυσῃ
525 2171 704 2222 ἑαυτὸν
764 2169 865 2222 ἀπὸ
929 2173 1123 2223 τούτων
1196 2179 1296 2222 τῶν
1351 2177 1661 2244 φαινομένων
1716 2171 1924 2246 δεσμῶν

329 2267 596 2330 κοσμικῶν
627 2264 716 2312 καὶ
747 2258 934 2310 ὑλικῶν
986 2262 1326 2332 πραγμάτων,
1367 2265 1455 2312 καὶ
1499 2259 1705 2319 ἡδονῶν
1745 2283 1926 2336 σαρκι-

336 2358 460 2412 κῶν,
501 2353 589 2400 καὶ
632 2349 858 2422 ἄρξηται
912 2357 984 2420 τῷ
1054 2355 1227 2423 Κυρίῳ
1291 2362 1718 2426 προσκαρτερεῖν,
1772 2363 1926 2406 κενῶν

335 2439 513 2491 ἑαυτὸν
569 2438 670 2492 ἀπὸ
737 2447 829 2490 τοῦ
879 2444 1083 2510 κόσμου
1132 2443 1336 2504 τούτου,
1405 2443 1499 2492 κᾶν
1561 2447 1674 2494 τότε
1723 2439 1922 2517 δυνηθῇ

324 2530 603 2599 ἑπιγνῶναι
653 2532 745 2586 τήν
790 2524 934 2580 ἔνδον
976 2529 1141 2586 πάλην
1197 2538 1294 2580 τῶν
1327 2532 1502 2582 παθῶν
1562 2531 1924 2604 αύλιζομένην,

325 2622 414 2669 καὶ
447 2620 532 2668 τόν
573 2613 718 2669 ἔνδον
749 2617 990 2688 πόλεμον,
1041 2624 1131 2670 καὶ
1170 2622 1286 2679 τοὺς
1315 2623 1569 2694 πονηροὺς
1596 2620 1884 2693 λογισμούς
1911 2639 1924 2651 ⁶

321 2709 406 2759 ἑὰν
458 2709 559 2781 γὰρ
644 2711 741 2779 μὴ,
823 2709 887 2767 ὡς
952 2712 1264 2780 προέφημεν,
1321 2707 1704 2781 ἀγωνισάμενος
1777 2711 1927 2785 ἀρνή-

328 2814 488 2853 σηται
518 2799 604 2846 τὸν
635 2801 854 2867 κόσμον,
897 2801 981 2847 xui
1027 2796 1160 2869 λύσῃ
1217 2795 1397 2849 ἑαυτὸν
1438 2797 1539 2850 ἀπὸ
1589 2806 1689 2849 τῶν
1737 2803 1929 2870 γηΐνων

324 2883 591 2957 ἐπιθυμῶν
641 2883 693 2947 ἐξ
747 2885 868 2946 ὅλης
916 2883 1163 2958 καρδίας,
1213 2891 1302 2938 καὶ
1364 2887 1477 2949 ὅλος
1530 2886 1582 2950 ἐξ
1621 2888 1739 2940 ὅλου
1810 2890 1926 2962 θέλῃ

330 2973 762 3048 προσκολλᾶσθαι
834 2982 906 3044 τῷ
985 2980 1180 3048 Κυρίῳ,
1265 2977 1358 3028 οὐκ
1421 2977 1750 3048 ἐπιγινώσκει
1830 2987 1929 3030 τῶν

325 3069 570 3133 κρυπτῶν
618 3064 924 3132 πνευμάτων
975 3071 1069 3122 τῆς
1122 3068 1368 3136 πονηρίας
1427 3069 1521 3122 τὴν
1569 3065 1784 3131 πλάνην,
1841 3071 1929 3118 καὶ

324 3153 392 3201 τὰ
445 3153 650 3220 κρυπτά
710 3157 802 3209 τῆς
846 3154 1037 3210 κακίας
1083 3153 1245 3214 πάθη,
1324 3151 1427 3204 ἀλλ’
1476 3153 1614 3204 ἐστιν
1665 3153 1928 3227 ἀλλότριος
1961 3186 1999 3240 C

329 3237 536 3294 ἑαυτοῦ.
609 3241 673 3298 ὡς
758 3237 851 3289 οὐκ
913 3234 1024 3289 οἶδε
1080 3241 1374 3311 τραύματα,
1443 3244 1531 3292 καὶ
1589 3243 1728 3299 πάθη
1792 3245 1928 3314 ἔχων

326 3327 534 3398 κρυπτά
579 3331 668 3377 καὶ
723 3325 918 3396 ἀγνοῶν
949 3343 961 3355 ⁸
1019 3330 1094 3379 ἔτι
1163 3324 1220 3379 δὲ
1278 3328 1345 3389 εἰς
1395 3331 1461 3380 τὰ
1515 3335 1795 3402 φαινόμενα
1845 3328 1926 3383 δέο

329 3409 499 3482 δεται,
556 3419 646 3466 καὶ
700 3414 768 3476 εἰς
828 3417 892 3467 τὰ
935 3422 1025 3467 τοῦ
1085 3421 1286 3488 κόσμου
1354 3420 1643 3490 πράγματα
1697 3419 1929 3492 ἐνέχεται

328 3520 474 3554 εκων.

408 3624 480 3677 Ε’.
557 3624 615 3677 Ὀ
667 3628 767 3700 γὰρ
828 3625 1184 3698 ἀρνησάμενος
1236 3631 1371 3680 κατά
1418 3629 1660 3687 ἀλήθειαν
1717 3635 1804 3683 τὸν
1843 3636 1928 3683 κό-

331 3733 482 3787 σμον,
539 3721 628 3768 καὶ
687 3714 1094 3788 ἀγωνισάμενος,
1148 3723 1236 3770 καὶ
1290 3717 1583 3793 ἀπορρίψας
1623 3720 1707 3792 ἀφ’
1743 3722 1926 3773 ἑαυτοῦ

322 3807 379 3857 τὸ
449 3811 655 3878 φορτίον
702 3814 798 3867 τῆς
847 3814 968 3877 γῆς,
1022 3812 1111 3859 καὶ
1168 3817 1266 3859 τῶν
1322 3814 1558 3880 ματαίων
1617 3812 1922 3881 ἐπιθυμιῶν,

323 3898 412 3944 καὶ
451 3890 652 3951 ἡδονῶν
709 3904 993 3967 σαρκικῶν,
1048 3901 1136 3948 καὶ
1195 3893 1375 3962 δόξης,
1441 3903 1529 3949 καὶ
1589 3898 1785 3970 ἀρχῆς,
1838 3905 1927 3951 καὶ

325 3991 484 4052 τιμῶν
537 3983 867 4054 ἀνθρωπίνων
927 3987 1054 4057 ἄρας
1107 3985 1309 4053 ἑαυτὸν,
1355 3992 1442 4038 καὶ
1475 3987 1527 4048 ἐξ
1557 3987 1676 4048 ὅλης
1707 3985 1928 4060 καρδίας

325 4077 506 4120 τοῦτον
555 4070 860 4139 ἀπαγαγὼν,
923 4074 1074 4124 όπότε
1128 4080 1215 4125 καὶ
1277 4075 1343 4134 εἰς
1381 4083 1561 4126 τοῦτον
1601 4080 1685 4126 τόν
1718 4080 1928 4147 φανερὸν

332 4156 505 4228 ἀγῶνα
554 4159 578 4208 ὁ
640 4161 824 4230 Κύριος
871 4169 1112 4230 κρυπτῶς
1178 4160 1383 4232 βοηθεῖ,
1443 4166 1578 4214 κατά
1630 4167 1687 4215 τὸ
1744 4169 1928 4236 μέτρον

330 4253 420 4306 τῆς
470 4245 732 4319 ἀρνήσεως
792 4255 884 4299 τοῦ
937 4248 1219 4320 θελήματος
1265 4258 1355 4301 τοῦ
1395 4256 1617 4323 κόσμου,
1669 4264 1756 4305 και
1807 4273 1929 4304 στα-

334 4337 436 4397 θεὶς
495 4335 565 4395 εὶς
621 4339 715 4393 τήν
760 4344 853 4388 τοῦ
909 4341 1104 4411 Κυρίου
1144 4337 1402 4412 λατρείαν,
1468 4345 1556 4392 καὶ
1603 4361 1930 4415 προσκαρτε-

327 4431 500 4497 ρήσας
533 4424 645 4486 ὅλος
678 4425 734 4487 ἐξ
765 4424 904 4495 ὅλου,
966 4431 1173 4497 σώματι
1221 4433 1310 4480 καὶ
1362 4428 1515 4500 ψυχῆ
1559 4429 1707 4500 λέγω,
1743 4435 1928 4493 ἐκεῖνος

2034 1904 2284 1960 terrenis
2298 1901 3077 1974 implicatus,aﬂ‘ectionibus
3095 1899 3329 1953 malitiae
3347 1897 3689 1957 seducatur;

2035 2009 2280 2064 prorsus
2307 2008 2427 2047 non
2450 2005 2810 2059 cognoscere
2827 1995 3036 2060 potest.
3066 1989 3243 2043 aliam
3288 2003 3417 2042 esse
3441 1986 3686 2048 luctam,

2035 2097 2306 2153 pugnam
2343 2087 2397 2135 et
2447 2079 2670 2134 bellum
2704 2079 3024 2133 internum.
3073 2077 3216 2131 Fieri
3265 2076 3425 2130 enim
3477 2079 3689 2145 potest,

2038 2177 2120 2235 ut,
2164 2171 2211 2225 si
2245 2171 2379 2242 quis
2432 2167 2778 2223 dimicando
2819 2183 2880 2221 se
2926 2166 3149 2221 eximat
3203 2170 3382 2235 atque
3429 2163 3691 2218 exsolvat

2036 2260 2116 2314 ab
2145 2259 2239 2313 his
2263 2259 2520 2313 externis
2541 2256 2790 2312 vinculis
2810 2255 3156 2319 mundanis,
3187 2271 3258 2309 ac
3285 2252 3692 2308 materialibus

2036 2350 2232 2413 rebus,
2258 2355 2312 2403 et
2345 2346 2755 2418 voluptatibus
2787 2345 3006 2407 carnis,
3043 2345 3405 2415 incipiatque
3440 2342 3693 2396 Domino

2039 2438 2366 2503 adhaerere,
2414 2436 2680 2507 spolians
2732 2451 2793 2490 se
2846 2435 2960 2489 hoc
2999 2433 3239 2496 smculo,
3299 2433 3501 2503 utique
3555 2437 3696 2484 tunc

2038 2527 2226 2598 possit
2243 2527 2592 2594 dignoscere
2617 2540 2882 2596 pugnam
2908 2523 3292 2577 affectionum
3318 2522 3475 2576 intus
3501 2525 3697 2574 castra

2038 2621 2387 2682 metantem,
2413 2615 2756 2670 intestinum
2781 2613 3026 2677 bellum,
3045 2618 3222 2682 atque
3237 2626 3456 2681 pravas
3475 2610 3699 2677 cogita-

2042 2706 2249 2760 tiones.
2313 2705 2427 2760 Nisi
2497 2703 2677 2766 enim,
2745 2707 2810 2757 ut
2865 2701 3280 2773 praediximus,
3349 2697 3699 2753 dimicando

2042 2794 2428 2864 abnegaverit
2480 2793 2775 2848 mundum
2822 2797 2878 2846 et
2917 2791 3242 2861 expedierit
3288 2805 3350 2842 se
3399 2789 3597 2858 ipsum
3663 2801 3695 2840 θ

2041 2884 2286 2938 terrenis
2313 2883 2742 2953 cupiditatibus
2769 2897 2838 2936 ex
2866 2887 2990 2936 toto
3015 2879 3212 2943 corde,
3245 2883 3524 2949 totusque
3565 2893 3699 2931 om-

2040 2972 2184 3026 nino
2221 2973 2474 3026 Domino
2507 2970 2867 3041 agglutinari
2910 2969 3178 3030 voluerit,
3214 2983 3337 3022 non
3378 2969 3700 3035 cognoscet

2039 3060 2411 3114 occultorum
2436 3061 2754 3130 spirituum
2784 3058 3019 3113 malitiae
3045 3057 3484 3126 deceptionem,
3517 3060 3698 3126 atque

2039 3148 2302 3204 occultas
2345 3149 2582 3204 malitiae
2618 3148 2999 3212 affectiones;
3033 3147 3138 3201 sed
3183 3151 3270 3201 est
3308 3145 3538 3200 alienus
3582 3143 3700 3198 sibi

2038 3237 2176 3308 ipsi,
2193 3238 2363 3309 utqui
2384 3253 2501 3292 non
2517 3241 2846 3306 cognoscat
2866 3236 3132 3300 vulnera,
3153 3241 3331 3305 atque
3348 3233 3698 3288 affectiones

2038 3326 2257 3381 habeat
2286 3327 2571 3390 occultas,
2606 3328 2697 3380 vel
2730 3327 3014 3394 ignorans
3044 3341 3054 3380 :
3091 3324 3290 3379 adhuc
3315 3322 3477 3377 enim
3515 3321 3692 3376 rebus

2038 3416 2299 3472 externis
2340 3416 2573 3471 deditus
2613 3420 2722 3479 est,
2765 3422 2944 3487 atque
2978 3415 3156 3485 hujus
3197 3412 3406 3468 mundi
3439 3426 3698 3482 occupa-

2038 3505 2305 3560 tionibus
2337 3505 2543 3560 volens
2586 3509 2835 3560 tenetur.

2111 3632 2171 3685 V.
2203 3631 2313 3695 Qui
2341 3631 2500 3685 enim
2534 3630 2763 3685 mundo
2804 3646 3012 3685 revera
3044 3630 3342 3698 abnegato
3371 3627 3698 3683 dimicave-

2036 3720 2129 3784 rit,
2165 3736 2232 3775 ac
2265 3720 2506 3790 pondus
2541 3727 2841 3774 terrenum
2870 3737 2903 3774 a
2935 3736 2996 3773 se
3031 3719 3336 3790 projecerit
3369 3734 3436 3772 ac
3461 3734 3493 3771 a
3528 3717 3697 3771 vanis

2037 3810 2461 3880 cupiditatibus
2494 3826 2560 3864 ac
2587 3809 2987 3878 voluptatibus
3019 3809 3239 3871 carnis,
3271 3808 3493 3875 gloriae,
3534 3807 3694 3873 prin-

2038 3899 2290 3969 cipatus,
2321 3905 2375 3953 et
2406 3899 2702 3952 honorum
2742 3899 3150 3952 humanorum
3185 3912 3246 3950 se
3287 3897 3488 3966 ipsum
3518 3910 3694 3964 expe-

2038 3988 2226 4049 dierit,
2280 3993 2454 4058 atque
2483 4003 2551 4041 ex
2604 3992 2724 4041 toto
2763 3986 2942 4040 corde
2976 4001 3036 4040 se
3084 3986 3284 4055 ipsum
3338 3984 3697 4045 avocaverit,

2041 4082 2434 4146 posteaquam
2466 4075 2522 4128 in
2558 4076 2670 4130 hoc
2703 4081 2907 4145 aperto
2939 4074 3259 4128 certamine
3293 4072 3576 4127 Domihus
3611 4088 3702 4124 se-

2039 4171 2198 4218 creto
2240 4166 2548 4234 suppetias
2599 4165 2726 4225 fert,
2777 4180 2882 4234 pro
2931 4164 3110 4218 modo
3153 4162 3473 4217 voluntatis
3522 4161 3702 4217 abne-

2040 4253 2235 4322 gantis
2268 4253 2563 4307 mundum
2592 4269 2603 4307 :
2641 4259 2818 4324 atque
2842 4253 2936 4307 ille
2969 4253 3284 4322 perstiterit
3315 4252 3373 4304 in
3401 4251 3562 4305 cultu
3590 4253 3703 4305 Do-

2041 4342 2207 4406 mini,
2241 4357 2310 4396 ac
2334 4347 2489 4396 totus
2507 4343 2776 4407 omnino,
2805 4357 3076 4412 corpore,
3099 4341 3370 4410 inquam,
3391 4346 3444 4394 et
3472 4341 3697 4403 anima,

2039 4431 2451 4502 perduraverit
2484 4449 2495 4486 :
2540 4432 2633 4486 ille
2673 4448 2813 4486 vero
2856 4433 3071 4501 reperit
3104 4431 3587 4501 repugnantiam,
3618 4429 3702 4484 af-

329 4515 558 4588 εύρίσκει
586 4512 939 4579 ἐναντιότητα,
987 4520 1076 4568 καὶ
1131 4519 1272 4574 πάθη
1314 4522 1518 4590 κρυπτὰ
1572 4525 1660 4572 καὶ
1701 4518 1928 4592 δεσμοὺς

2041 4521 2326 4576 fectiones
2357 4521 2638 4584 occultas,
2671 4520 2922 4592 laqueos
2951 4519 3302 4587 invisibiles,
3345 4519 3569 4573 bellum
3601 4535 3699 4573 oc-

330 4603 608 4676 ἀοράτους,
686 4610 773 4656 xui
828 4604 1046 4676 πόλεμον
1127 4605 1315 4678 ἀφανῆ,
1402 4613 1490 4660 καὶ
1565 4608 1758 4678 ἀγῶνα,
1840 4616 1928 4663 xui

330 4691 460 4749 άθλη
471 4710 551 4742 σιν
609 4697 844 4763 κρυπτήν
878 4711 889 4722 ’

1402 4613 1490 4660 καὶ
1565 4608 1758 4680 ἀγῶνα,

951 4699 1040 4745 καὶ
1092 4696 1256 4756 οὕτως
1310 4692 1516 4758 δεηθεὶς
1563 4706 1653 4748 του
1711 4703 1928 4770 Κυρίου,

329 4784 418 4829 καὶ
471 4778 638 4830 λαϐὼν
691 4780 824 4832 ὅπλα
878 4781 930 4843 ἐξ
976 4783 1197 4853 ούρανοῦ
1255 4793 1345 4836 τοῦ
1397 4790 1710 4856 Πνεύματος,
1756 4790 1927 4861 ὥσπερ

328 4867 588 4929 κατέλεξεν
610 4869 635 4918 ὅ
657 4872 911 4942 μακάριος
942 4870 1275 4938 Ἀπόστολος,
1332 4879 1448 4927 Τὸν
1505 4878 1760 4945 θώρακα
1821 4886 1889 4936 τῆ
1910 4898 1931 4939 ς

329 4953 785 5020 δικαιοσύνης,
871 4965 979 5011 xui
1029 4966 1138 5018 τήν
1226 4964 1747 5036 περικεφαλαίαν
1821 4975 1932 5018 τοῦ

329 5050 676 5120 σωτηρίου,
733 5051 841 5098 καὶ
903 5051 1007 5099 τὸν
1056 5051 1279 5124 θυρεὸν
1323 5061 1436 5114 τῆς
1476 5058 1770 5119 πίστεως,
1825 5060 1932 5107 xui

322 5141 433 5193 τήν
483 5137 826 5208 μάχαιραν
878 5145 990 5189 τοῦ
1034 5143 1412 5210 Πνεύματος,
1467 5148 1556 5194 καὶ
1592 5140 1685 5195 διὰ
1739 5148 1930 5196 τούτων

325 5224 688 5296 ὁπλισάμενος,
720 5222 1010 5283 δυνήσεται
1035 5236 1223 5286 στῆναι
1250 5234 1378 5302 πρὸς
1405 5233 1498 5292 τάς
1521 5235 1751 5305 κρυπτὰς
1782 5235 1932 5304 μεθο-

328 5311 473 5374 δείας
497 5323 592 5366 τοῦ
625 5312 872 5367 διαϐόλου
905 5319 954 5367 ἓν
977 5325 1088 5378 ταῖς
1109 5322 1422 5380 ἐνεστώσαις
1449 5326 1742 5393 πονηρίαις.
1766 5322 1929 5395 Ἀπερ

326 5403 458 5455 ὅπλα
485 5400 579 5454 διὰ
608 5407 786 5465 πάσης
813 5414 1143 5478 προσευχῆς,
1172 5412 1262 5459 καὶ
1294 5415 1818 5482 προσκαρτερήσεως,
1841 5417 1930 5463 καὶ

331 5488 583 5557 δεήσεως,
635 5498 724 5546 xui
764 5499 1022 5561 νηστείας,
1073 5500 1130 5547 τό
1182 5492 1241 5548 δι
1279 5503 1379 5548 πᾶν
1429 5494 1522 5552 διὰ
1558 5508 1654 5560 τῆς
1708 5505 1929 5562 πίστεως

401 5679 447 5713 ³ο
474 5679 683 5751 Ephes.
705 5695 783 5745 γι,
823 5683 886 5736 14

2040 4611 2283 4672 cultum,
2322 4616 2621 4666 certamen
2655 4615 2835 4681 atque
2869 4625 3136 4680 pugnam
3162 4609 3480 4663 internam.
3512 4610 3700 4678 Atque

2039 4701 2123 4753 sic
2153 4703 2336 4754 Deum
2367 4699 2690 4754 obsecrans
2720 4699 2932 4768 accipit
2959 4697 3190 4752 cmlitus
3214 4712 3386 4751 arma
3421 4697 3694 4766 Spiritus,

2039 4805 2174 4859 quas
2190 4789 2479 4843 recensuit
2493 4788 2701 4842 beatus
2717 4787 3058 4858 Apostolus:
3086 4785 3694 4854 Thoracemjustitz'z.

2038 4880 2273 4948 galeam
2286 4878 2829 4941 salutaris,scutum
2845 4877 2985 4944 ﬁdei
2999 4882 3050 4932 et
3062 4877 3336 4946 gladium
3353 4875 3613 4945 Spiritus
3631 4878 3696 4933 ὀ.

2043 4968 2270 5032 Quibus
2329 4969 2512 5022 armis
2565 4969 2900 5021 succinctus
2950 4971 3104 5021 stare
3165 4971 3360 5036 potest
3410 4965 3700 5020 adversus

2040 5056 2305 5111 occultas
2362 5057 2607 5111 technas
2665 5056 2889 5111 diaboli
2943 5055 3178 5110 malitiis
3224 5054 3696 5110 imminentibus.

2042 5145 2270 5210 Quibus
2296 5147 2478 5200 armis
2520 5145 2682 5200 omni
2715 5146 3002 5208 oratione,
3054 5145 3558 5214 perseveratione,
3589 5143 3699 5198 ob—

2043 5235 2370 5290 secratione
2410 5251 2479 5289 ac
2505 5235 2753 5303 jejunio,
2784 5235 2904 5289 imo
2949 5249 3090 5289 vero
3123 5249 3225 5304 per
3265 5233 3447 5288 ﬁdem
3494 5233 3702 5304 acqui-

2043 5323 2191 5382 sitis.
2236 5323 2455 5378 bellum
2488 5323 2777 5378 adversus
2819 5325 3213 5394 principatus,
3258 5328 3311 5377 et
3351 5327 3699 5392 potestates,

2043 5428 2112 5466 ac
2147 5417 2401 5466 rectores
2428 5413 2634 5467 mundi
2665 5428 2863 5481 gerere
2904 5414 3156 5482 poterit:
3209 5411 3412 5481 sicque
3451 5408 3698 5462 devictis

2048 5500 2404 5556 adversariis
2438 5502 2847 5572 potestatibus,
2889 5500 3184 5557 beneficio
3228 5506 3284 5553 et
3314 5496 3532 5552 auxilio
3577 5495 3699 5564 Spi-
