4148 6262
449 304 557 359 659
1740 300 1798 355 S.
1842 300 2144 356 MACARII
2183 300 2493 357 EGYPTII
3691 299 3801 355 660

440 431 980 503 ritus,proprioque
993 432 1268 486 virtutum
1282 429 1535 485 omnium
1549 428 2008 492 studio,aeternaa
2022 427 2102 481 vi-

2221 429 2572 499 πορισάμενος,
2618 428 2705 478 τόν
2753 426 2883 499 πρὸς
2934 425 3028 485 τὰς
3056 422 3249 497 ἀρχὰς,
3291 428 3382 477 καὶ
3428 426 3685 489 ἔξουσίας,
3718 427 3815 476 καὶ

448 525 518 575 tae
531 519 737 589 dignus
752 520 1211 593 ﬁet,gloriﬁcans
1227 520 1526 584 Patrem,et
1538 518 1821 581 Filium,et
1837 517 2100 588 Spiritum

442 615 750 675 sanctum;
775 610 871 664 cui
895 610 967 665 sit
983 609 1172 679 gloria
1189 614 1243 664 et
1270 608 1530 680 potentia
1550 608 1607 662 in
1629 606 1864 661 saacula.
1884 608 2095 660 Amen.

2208 518 2633 588 κοσμοκράτορας
2710 513 2927 585 πόλεμον
2979 514 3444 584 καταγωνίσασθαι
3513 509 3818 572 δυνήσεται,

2208 610 2297 657 καὶ
2356 605 2519 664 οὕτως
2570 607 2789 664 νικήσας
2845 605 2935 663 τὰς
2983 605 3208 662 ἐναντίας
3253 598 3504 672 δυνάμεις
3553 597 3647 653 διὰ
3711 608 3804 660 τῆς

443 704 744 769 συνεργείας
799 705 889 750 τοῦ
945 701 1257 769 Πνεῦματος,
1340 701 1426 748 καὶ
1500 703 1588 756 τῆς
1631 692 1772 756 ἰδίας
1816 693 1864 746 ἐν
1908 696 2103 753 πάσαις
2165 693 2367 765 ἀρεταῖς
2418 690 2678 756 σπουδῆς,
2739 699 2834 753 τῆς
2883 691 3092 743 αἰωνίου
3143 691 3283 753 ζωῆς
3334 691 3477 753 ἄξιος
3504 695 3801 761 γενήσεται,

445 784 687 850 δοξάζων
708 791 932 863 Πατέρα,
952 792 1038 840 καὶ
1064 790 1203 853 Υἱὸν,
1227 792 1317 839 καὶ
1345 787 1495 856 ἅγιον
1514 792 1723 858 Πνεῦμα
1754 802 1765 815 ’
1868 786 1895 842 ἡ
1929 781 2063 846 δόξα
2090 786 2178 835 καὶ
2216 786 2274 834 τό
2313 786 2501 856 κράτος
2532 782 2601 844 εἰς
2631 784 2752 843 τοὺς
2777 781 2982 841 αἰῶνας.
3026 780 3212 852 ’Δμήν.

1032 912 1324 968 HOMILIA
1365 911 1517 966 XXII.

657 1019 744 1074 De
759 1017 989 1088 duplici
1007 1023 1166 1074 statu
1183 1033 1406 1080 eorum,
1425 1015 1526 1089 qui
1544 1030 1616 1072 ea:
1638 1016 1751 1073 hac
1774 1015 1892 1071 vita

1117 1089 1437 1145 decedunt.

515 1178 775 1243 Quando
822 1177 1124 1248 egreditur
1179 1193 1211 1232 e
1256 1192 1506 1249 corpore
1560 1175 1767 1232 anima
1821 1174 2103 1237 hominis.

444 1267 801 1337 mysterium
840 1266 1150 1339 quoddam
1199 1281 1492 1335 magnum
1533 1265 1656 1320 illic
1696 1263 2015 1336 perﬁcitur.
2052 1265 2107 1321 Si

452 1354 616 1410 enim
646 1354 937 1411 fueritrea
966 1355 1219 1427 peccati,
1239 1355 1532 1410 accedunt
1557 1354 1722 1409 chori
1738 1353 2107 1418 daemonum,

448 1448 507 1498 et
536 1444 733 1514 angeli
770 1444 1013 1511 sinistri,
1056 1461 1125 1500 ac
1156 1448 1482 1515 potestates
1528 1442 1930 1508 tenebrarum,
1960 1442 2114 1497 abri-

448 1531 625 1604 piunt
665 1533 931 1587 animam
978 1532 1163 1598 illam,
1206 1538 1386 1603 atque
1427 1532 1820 1602 subjugatam
1865 1531 1923 1585 in
1975 1546 2113 1586 suas

2809 910 3054 959 OMIAIA
3098 904 3216 959 KB'.

2219 1018 2371 1086 Περί
2411 1010 2655 1075 δισσῆς
2696 1014 3126 1072 στάσεωςτῶν
3157 1010 3221 1063 ἐκ
3260 1018 3369 1063 τοῦ
3401 1009 3549 1083 βίου
3590 1012 3817 1063 τοῦτοι

2803 1084 3223 1157 ἐξερχόντων.

2286 1173 2446 1227 Ὀταν
2500 1174 2672 1237 ἐξίλθη
2731 1176 2788 1225 ix
2849 1181 2935 1225 τοῦ
3006 1179 3243 1244 σώματος
3309 1171 3464 1244 ψυχὴ
3510 1170 3805 1245 ἀνθρώπου,

2218 1267 2510 1335 μυστήριόν
2580 1284 2631 1316 τι
2683 1268 2818 1335 μέγα
2888 1265 2989 1315 ἐκεῖ
3053 1261 3377 1315 ἐπιτελεῖται.
3447 1264 3567 1313 Ἐὰν
3618 1263 3720 1333 γὰρ

2220 1354 2503 1414 ὑπεύθυνος
2552 1353 2601 1405 ἐν
2665 1353 2964 1424 ἁμαρτίαις,
3020 1354 3267 1425 ἔρχονται
3317 1356 3471 1424 χοροὶ
3520 1347 3805 1422 δαιμόνων,

2222 1446 2305 1494 xui
2355 1442 2566 1513 ἄγγελοι
2605 1441 2893 1514 ἀριστεροὶ,
2940 1446 3029 1492 καὶ
3085 1436 3333 1513 δυνάμεις
3384 1445 3602 1499 σκότους
3658 1458 3826 1512 παρα-

2223 1530 2547 1603 λαμϐάνουσι
2584 1535 2679 1588 τὴν
2730 1530 2915 1601 ψυχὴν
2989 1528 3208 1594 ἐκείνην,
3276 1533 3365 1581 xui
3419 1535 3704 1600 κρατοῦσιν
3750 1527 3829 1589 εἰς

450 1626 652 1693 partes
679 1623 1030 1693 pertrahunt
1055 1638 1067 1676 :
1098 1638 1205 1678 nec
1236 1621 1415 1676 debet
1444 1622 1581 1693 quis
1615 1626 1931 1693 propterea
1955 1621 2111 1679 velut

2225 1623 2282 1671 τό
2312 1615 2449 1672 ἴδιον
2487 1624 2661 1692 μέρος,
2718 1624 2807 1671 καὶ
2846 1619 2940 1671 οῦκ
2998 1618 3183 1689 ὀφείλει
3226 1637 3300 1677 τις
3329 1620 3415 1669 επὶ
3460 1620 3663 1678 τούτοις
3697 1616 3827 1678 ξενί-

446 1726 508 1765 re
530 1711 821 1783 quapiam
843 1710 1081 1766 insolita
1104 1710 1163 1765 in
1182 1710 1647 1766 admirationem
1669 1709 1833 1765 duci.
1857 1710 1912 1764 Si
1930 1710 2111 1771 enim,

446 1799 593 1854 dum
626 1799 848 1856 viveret
874 1800 1079 1866 homo,
1113 1807 1167 1855 et
1207 1801 1266 1855 in
1294 1800 1408 1854 hoc
1436 1798 1657 1854 saeculo
1702 1798 1964 1867 degeret,
2002 1798 2114 1853 illis

443 1888 750 1959 subjectus
780 1888 888 1943 fuit
926 1894 983 1943 et
1008 1889 1471 1960 obtemperavit,
1513 1903 1583 1943 ac
1640 1903 1844 1942 servus
1878 1886 2114 1942 illorum

445 1977 637 2034 factus
659 1984 766 2043 est,
788 1984 1018 2050 quanto
1043 1979 1236 2047 magis
1270 1994 1407 2032 cum
1434 1992 1507 2046 eg
1521 1976 1744 2031 reditur
1764 1992 1835 2031 ex
1861 1976 2111 2044 mundo,

445 2067 742 2123 detinetur
763 2082 831 2122 ac
853 2067 1211 2139 subjugatur
1243 2066 1320 2122 ab
1346 2067 1494 2137 ipsis
1516 2067 1543 2123 ?
1577 2068 1657 2121 Ex
1689 2073 1858 2136 parte
1889 2072 2109 2130 autem,

446 2172 583 2228 quae
606 2155 867 2211 melioris
887 2164 977 2211 est
997 2156 1379 2223 conditionis,
1402 2155 1522 2226 88
1541 2162 1712 2227 potes
1726 2170 2110 2223 cognoscere,

440 2261 568 2301 rem
630 2246 712 2301 ita
771 2261 899 2300 sese
952 2246 1195 2300 habere.
1255 2244 1486 2300 Sanctis
1555 2244 1858 2315 siquidem
1924 2244 2110 2298 servis

452 2335 551 2389 Dei
598 2334 676 2390 ab
726 2334 840 2389 hoc
898 2340 1165 2405 tempore
1208 2340 1407 2389 astant
1456 2332 1671 2402 angeli,
1729 2349 1799 2388 ac
1855 2332 2109 2401 Spiritus

443 2423 633 2478 sancti
680 2423 1077 2487 circumdant,
1125 2438 1347 2494 easque
1408 2422 1777 2478 custodiunt.
1837 2421 2110 2493 Cumque

443 2511 693 2567 exierint
737 2527 768 2566 e
812 2527 1083 2583 corpore,
1135 2511 1299 2567 chori
1357 2511 1710 2579 angelorum
1757 2516 2107 2582 assumptas

445 2614 654 2655 eorum
714 2601 951 2656 animas
1000 2601 1061 2654 in
1108 2615 1281 2655 suam
1338 2605 1573 2670 partem
1626 2598 1992 2671 pertrahunt,
2048 2599 2108 2653 in

452 2688 742 2745 saeculum
772 2694 1154 2760 perpetuum,
1194 2694 1252 2743 et
1281 2689 1362 2743 sic
1392 2688 1702 2744 adducunt
1745 2704 1846 2744 eos
1876 2687 1956 2743 ad
1996 2690 2109 2743 Do-

452 2778 708 2833 minum.

1024 2868 1319 2923 HOMILIA
1363 2868 1537 2922 XXIII.

456 2974 956 3039 Quemadmodum
995 2975 1219 3043 regiam
1260 2990 1331 3029 ac
1358 2976 1676 3042 pretiosam
1709 2978 2103 3042 margaritam
2137 2977 2176 3033 C

522 3050 755 3115 gestare
777 3048 967 3101 solum
998 3050 1262 3112 possunt,
1288 3046 1392 3117 qui
1423 3062 1499 3101 ex
1527 3046 1690 3116 regio
1720 3045 1938 3102 semine
1965 3053 2105 3101 sunt

518 3118 848 3189 prognati:
880 3118 1075 3173 eodem
1101 3118 1269 3173 modo
1291 3118 1569 3175 eatestem
1592 3118 1990 3188 margaritam
2020 3133 2105 3172 so-

526 3190 646 3244 lum
672 3189 815 3257 ﬁliis
855 3189 961 3244 Dei
990 3196 1223 3259 gestare
1249 3189 1401 3245 licet.

522 3331 563 3384 Ι.
589 3332 897 3400 Margarita
928 3330 1026 3386 illa
1048 3331 1384 3402 splendida,
1418 3332 1680 3403 pretiosa
1708 3336 1889 3402 atque
1920 3332 2102 3402 regia,

452 3434 589 3489 quae
618 3419 693 3474 ad
716 3419 999 3475 diadema
1028 3421 1259 3489 regium
1288 3421 1561 3491 pertinet,
1598 3420 1706 3475 soli
1736 3421 1859 3490 regi
1888 3437 2106 3476 conve-

454 3507 577 3575 nit;
603 3506 885 3577 solusque
904 3524 1003 3562 rex
1026 3508 1182 3563 lianc
1202 3510 1590 3578 margaritam
1618 3516 1849 3578 gestare
1873 3515 2100 3581 potest:

453 3595 551 3650 alii
567 3610 703 3649 vero
719 3595 943 3650 homini
963 3602 1195 3664 gestare
1218 3597 1317 3666 huj
1331 3597 1563 3652 usmodi
1583 3598 1971 3667 margaritam
1984 3614 2105 3653 non

452 3684 608 3739 licet.
654 3685 738 3738 Ita
783 3684 890 3738 nisi
921 3686 1055 3756 quis
1099 3684 1271 3740 fuerit
1298 3690 1474 3740 natus
1501 3702 1536 3740 a
1586 3687 1749 3753 regio
1793 3703 1862 3741 ac
1902 3686 2108 3742 divino

453 3772 692 3843 Spiritu,
736 3777 794 3826 et
825 3788 1012 3842 genus
1040 3772 1276 3829 cceleste
1327 3790 1396 3827 ac
1421 3773 1653 3845 regium
1694 3774 1814 3843 ﬁat,
1862 3781 1917 3829 et
1946 3774 2106 3829 ﬁlius

452 3862 573 3931 Dei,
591 3861 923 3916 secundum
943 3862 1105 3934 quod
1124 3862 1413 3933 scriptum
1437 3869 1556 3917 est:
1589 3863 1878 3934 Quotquot
1910 3872 2108 3919 autem

453 3956 807 4022 receperunt
821 3967 970 4014 eum,
991 3951 1152 4007 dedit
1166 3953 1245 4008 eis
1256 3957 1597 4022 potestatem
1609 3954 1765 4021 ﬁlios
1778 3953 1884 4009 Dei
1894 3953 2026 4019 ﬁeri
2039 3955 2103 4018 ³³,

452 4039 755 4096 caelestem
795 4045 850 4095 et
879 4040 1200 4110 pretiosam
1225 4042 1633 4111 margaritam,
1662 4042 1987 4110 imaginem
2027 4041 2110 4096 lu-

457 4131 656 4194 minis,
699 4131 974 4201 inquam,
1006 4129 1344 4195 ineﬂ‘abilis,
1377 4146 1510 4203 quae
1553 4137 1640 4186 est
1663 4132 1973 4197 Dominus,
2017 4147 2113 4201 ge-

457 4225 611 4276 stare
660 4220 884 4291 nequit,
920 4220 1145 4291 quippe
1188 4220 1289 4292 qui
1330 4236 1450 4275 non
1493 4221 1565 4275 sit
1596 4223 1750 4291 regis
1790 4221 1967 4276 ﬁlius.
2004 4220 2114 4286 Qui

2226 1709 2431 1769 ζεσθαι.
2482 1708 2544 1761 Εἰ
2582 1712 2682 1780 γαρ
2724 1712 2844 1773 ζῶν,
2900 1712 2989 1758 καὶ
3028 1711 3094 1757 ὧν
3144 1705 3191 1757 ἐν
3240 1714 3311 1775 τῷ
3351 1705 3501 1757 αἰὼνι
3525 1707 3691 1776 τούτῳ
3723 1706 3831 1755 ὑπ-

2226 1800 2405 1869 ετάγη,
2464 1803 2553 1850 καὶ
2608 1800 2896 1861 ὑπήκουσε,
2956 1801 3046 1849 καὶ
3120 1793 3304 1857 δοῦλος
3365 1798 3559 1866 ἐγένετο
3620 1794 3825 1858 αὐτοῖς,

2224 1892 2370 1958 πόσῳ
2409 1887 2621 1959 μᾶλλον,
2680 1890 2800 1939 ὃταν
2861 1886 3141 1959 ἐξέρχηται
3197 1884 3251 1936 ἐκ
3294 1892 3387 1937 τοῦ
3433 1890 3657 1956 κόσμου,
3699 1903 3828 1935 κατ-

2224 1983 2402 2048 έχεται
2456 1983 2545 2029 καὶ
2596 1984 2862 2051 κρατεῖται
2922 1977 3008 2029 ὑπ’
3062 1980 3276 2042 αῦτῶν;
3339 1976 3468 2028 Ἀπὸ
3501 1982 3593 2025 τοῦ
3632 1978 3828 2046 μέρους

2221 2074 2313 2118 τοῦ
2370 2065 2570 2137 ἀγαθοῦ
2645 2065 2862 2137 ὀφείλεις
2935 2074 3143 2133 νοῆσαι,
3202 2066 3283 2116 ὃτι
3351 2063 3511 2124 οῦτως
3572 2065 3688 2135 ἔχει
3759 2066 3827 2114 τὰ

2222 2156 2549 2228 πράγματα·
2609 2158 2699 2205 καὶ
2757 2157 2857 2226 γὰρ
2919 2162 3028 2215 τοίς
3075 2153 3249 2223 ἁγίοις
3288 2149 3492 2211 δούλοις
3542 2159 3634 2203 τοῦ
3685 2159 3826 2204 Θεοῦ

2222 2242 2322 2295 ἀπό
2375 2251 2466 2295 τοῦ
2519 2250 2606 2294 νῦν
2665 2243 2794 2294 εἰσιν
2848 2243 3058 2313 ἄγγελοι
3118 2246 3508 2314 παραμένοντες,
3539 2246 3631 2292 καὶ
3669 2243 3829 2292 πνεύ-

2220 2352 2361 2404 ματα
2420 2332 2548 2402 άγια
2582 2332 2872 2384 κυκλοῦντα
2911 2336 3098 2394 αὐτοὺς
3156 2336 3242 2383 καὶ
3302 2330 3647 2403 φυλάττοντα,
3721 2335 3827 2382 Καὶ

2220 2423 2340 2473 ὅταν
2396 2421 2665 2484 ἑξέλθωσιν
2747 2419 2848 2472 ἀπό
2924 2427 3016 2473 τοῦ
3095 2426 3357 2491 σώματος,
3417 2422 3465 2471 οἱ
3518 2423 3677 2492 χοροὶ
3726 2426 3828 2470 τῶν

2220 2509 2447 2581 ἀγγελων
2495 2509 2994 2582 παραλαμϐάνουσιν
3041 2509 3207 2561 αὐτῶν
3264 2511 3358 2570 τὰς
3421 2508 3603 2580 ψυχας
3643 2507 3716 2568 εἰς
3769 2510 3831 2559 τό

2218 2595 2354 2650 ἴδιον
2392 2603 2568 2671 μέρος,
2620 2598 2687 2659 εἰς
2717 2603 2805 2650 τόν
2852 2600 3080 2671 καθαρόν
3136 2598 3300 2650 αἰῶνα
3332 2619 3345 2631 ο
3393 2602 3482 2650 καὶ
3531 2596 3694 2657 οὕτως
3732 2596 3833 2649 αῦ-

2218 2690 2339 2749 τοὺς
2363 2689 2693 2761 προσάγουσι
2713 2695 2784 2758 τῷ
2811 2692 3006 2760 Κυρίῳ.

2816 2866 3064 2919 ΟΜΙΛΙΑ
3105 2864 3225 2919 K1".

2213 2971 2308 3033 Ὠς
2347 2974 2452 3023 τόν
2486 2970 2828 3045 βασιλικὸν
2873 2977 2980 3057 καὶ
3018 2972 3375 3057 πολύτιμον
3410 2978 3813 3045 μαργαρίτην

2287 3042 2556 3115 φορέσαι
2630 3050 2817 3115 μόνον
2872 3042 3179 3097 δύνανται
3252 3042 3310 3096 οἱ
3356 3042 3421 3095 ἐκ
3468 3042 3577 3096 τοῦ
3638 3042 3817 3115 σπέρ-

2285 3114 2484 3187 ματος
2514 3114 2637 3167 τοῦ
2680 3114 3005 3188 βασιλέως
3054 3118 3519 3187 γεννηθέντες·
3562 3118 3668 3166 τόν
3720 3114 3822 3165 αὖ·

2286 3191 2389 3239 τὸν
2438 3193 2673 3257 τρόπον
2720 3191 2832 3239 τόν
2876 3189 3180 3261 οὐράνιον
3236 3192 3669 3261 μαργαρίτην
3718 3189 3824 3257 μό-

2284 3279 2381 3310 νον
2413 3266 2549 3320 τοῐς
2589 3267 2699 3311 τοῦ
2743 3266 2905 3313 Θεοῦ
2936 3258 3197 3320 τέκνοις
3228 3258 3503 3333 φορέσαι
3543 3258 3826 3320 ἔξεστιν,

2286 3347 2363 3402 Α“.
2422 3347 2479 3400 Ὀ
2533 3354 2857 3422 μαργαρίτης
2912 3350 2936 3399 6
2997 3352 3180 3421 μέγας,
3240 3353 3325 3400 xui
3377 3348 3681 3419 πολύτιμος,
3735 3356 3830 3405 καὶ

2217 3435 2513 3508 βασιλικὸς,
2571 3438 2595 3488 6
2647 3436 2713 3498 εἰς
2745 3433 2991 3509 διάδημα
3028 3436 3307 3509 βασιλικόν
3361 3445 3677 3512 προχωρῶν,
3731 3433 3831 3509 βα-

2219 3525 2397 3587 σιλέως
2429 3530 2586 3597 μόνου
2645 3526 2862 3598 χρῄζει.
2902 3532 3002 3579 Καὶ
3050 3524 3295 3599 βασιλεὺς
3342 3531 3498 3597 μόνος
3528 3532 3715 3577 τοῦτον
3739 3528 3829 3577 τόν

2216 3618 2543 3687 μαργαρίτην
2604 3610 2826 3667 δύναται
2895 3622 3063 3687 φορεῖν
3095 3634 3107 3646 ·
3156 3615 3291 3666 ἄλλω
3346 3612 3405 3667 δε
3436 3613 3692 3686 ἀνθρώπῳ
3741 3633 3828 3684 φο-

2216 3709 2321 3774 ρεῖν
2371 3706 2455 3754 τόν
2502 3710 2735 3755 τοιοῦτον
2805 3709 3135 3776 μαργαρίτην
3215 3704 3310 3755 οὐκ
3367 3704 3592 3766 ἔξεστιν.
3644 3703 3822 3761 Οὕτως

2219 3791 2305 3844 ἐὰν
2349 3796 2420 3862 μὴ
2484 3812 2557 3852 τις
2609 3795 2827 3865 γεννηθῇ
2886 3794 2985 3845 ὑπὸ
3034 3801 3124 3844 τοῦ
3167 3788 3447 3865 βασιλικόῦ
3504 3796 3594 3844 καὶ
3652 3795 3817 3844 θεῐκοῦ

2218 3882 2524 3951 πνεύματος,
2576 3885 2666 3932 καὶ
2703 3885 2849 3951 γένος
2906 3880 3206 3955 ἐπουράνιον
3263 3886 3352 3933 καὶ
3412 3878 3689 3954 βασιλικόν
3740 3884 3825 3950 γέ-

2220 3989 2394 4037 νηται,
2426 3974 2516 4021 xui
2569 3973 2738 4021 τέκνον
2772 3978 2924 4036 Θεοῦ,
2968 3973 3101 4021 κατὰ
3138 3974 3195 4022 τό
3227 3974 3607 4041 γεγραμμένον,
3639 3968 3829 4021 Ὀσοι

2224 4055 2292 4111 δὲ
2348 4057 2571 4110 ἔλαϐον
2652 4059 2864 4125 αὐτόν,
2938 4057 3170 4112 ἔδωκεν
3229 4063 3460 4121 αὐτοῖς
3516 4059 3827 4121 ἐξουσίαν

2221 4151 2410 4199 τέκνα
2474 4156 2637 4200 Θεοῦ
2672 4151 3002 4218 γενέσθαι,
3036 4152 3123 4201 τόν
3154 4148 3455 4223 ἐπουράνιον
3494 4152 3586 4199 καὶ
3615 4147 3831 4199 πολυτί-

2223 4255 2386 4308 μητον
2413 4240 2762 4310 μαργαρίτην,
2789 4242 2881 4295 τὴν
2912 4237 3081 4289 εἰκονα
3102 4245 3192 4289 τοῦ
3220 4240 3386 4309 φωτὸς
3415 4244 3507 4289 τοῦ
3540 4235 3827 4301 ἀλαλήτου,

456 4308 621 4365 enim
652 4308 878 4364 habent
908 4314 964 4363 et
1007 4316 1221 4377 gerunt
1252 4310 1663 4378 margaritam,
1700 4312 1904 4366 vivunt
1945 4316 2001 4365 et
2028 4326 2111 4365 re-

2226 4327 2341 4386 ἣτις
2395 4308 2535 4377 εστιν
2587 4308 2611 4377 ό
2654 4328 2859 4399 Κύριος,
2916 4326 2974 4378 οὐ
3020 4308 3242 4379 δύναται
3274 4329 3509 4399 φορέσαι,
3568 4323 3828 4398 βασιλέως

456 4401 649 4467 gnant
680 4412 799 4452 una
825 4413 959 4452 cum
997 4396 1225 4453 Christo
1258 4399 1313 4452 in
1347 4399 1588 4456 saecula.
1619 4399 1711 4454 Sic
1738 4400 1897 4453 enim
1925 4400 2116 4470 inquit

457 4486 781 4556 Apostolus
808 4507 819 4538 :
844 4485 1010 4541 Sicut
1037 4489 1395 4556 gestavimus
1417 4488 1734 4559 imaginem
1754 4490 1995 4552 terreni,
2022 4503 2117 4559 ge-

463 4575 754 4631 stabimus
786 4578 837 4631 et
867 4575 1182 4646 imaginem
1221 4576 1545 4634 ccclesiis“.

535 4877 602 4931 Il.
636 4876 885 4931 Perinde
904 4878 1060 4932 enim
1093 4894 1162 4933 ac
1186 4894 1399 4950 equus,
1418 4879 1684 4951 quandiu
1707 4878 1765 4934 in
1799 4879 1956 4934 silvis
1978 4894 2117 4934 cum

465 4966 803 5034 agrestibus
833 4967 1196 5023 animalibus
1213 4970 1497 5038 pascitur,
1524 4969 1802 5039 subjugo
1833 4985 1902 5025 ac
1933 4971 2118 5040 impe-

465 5055 552 5111 rio
600 5053 915 5110 hominum
961 5072 1095 5111 esse
1136 5063 1387 5112 recusat.
1441 5058 1497 5113 Si
1544 5058 1793 5129 quando
1841 5073 2003 5123 vero,
2058 5062 2117 5114 ut

465 5143 849 5207 mansueﬁat,
899 5145 1186 5213 capiatur,
1234 5145 1504 5215 injiciunt
1536 5146 1586 5200 ei
1630 5145 1864 5201 frenum
1914 5162 2116 5216 grave,

465 5235 658 5291 donec
680 5235 1013 5304 composite
1040 5242 1094 5290 et
1116 5252 1377 5307 congrue
1406 5238 1682 5308 progredi
1715 5238 1926 5293 discat.
1960 5239 2122 5294 Post-

470 5324 719 5380 modum
757 5328 1060 5378 exercetur
1089 5341 1125 5381 a
1168 5340 1399 5381 sessore
1443 5326 1657 5397 perito.
1691 5333 1753 5381 ut
1786 5327 1860 5382 ad
1895 5326 2117 5383 bellum

468 5428 712 5487 quoque
739 5414 1099 5470 commodus
1130 5415 1220 5470 sit.
1249 5416 1514 5472 Tandem
1539 5421 1832 5473 exornant
1860 5432 1999 5473 eum
2033 5434 2121 5474 ar-

550 5683 592 5717 ²¹
624 5682 792 5738 Joan.
829 5682 985 5747 1,12.
1063 5684 1109 5720 ³³
1140 5682 1309 5738 ICor.
1342 5697 1441 5739 xv.
1472 5683 1559 5739 t9.

2225 4415 2338 4475 υἱός
2396 4418 2466 4486 μὴ
2513 4419 2802 4485 γενόμενος.
2876 4417 2940 4467 Οἱ
2989 4418 3088 4491 γὰρ
3144 4418 3353 4487 ἔχοντες
3404 4420 3493 4466 καὶ
3546 4422 3829 4487 φοροῦντες

2223 4507 2310 4554 τόν
2341 4507 2689 4576 μαργαρίτην,
2740 4507 2946 4567 συζῶσι
2988 4512 3077 4558 xui
3121 4504 3571 4577 συμϐασιλεύουσι
3610 4512 3829 4580 Χριστῷ

2226 4592 2297 4653 εἰς
2325 4596 2445 4653 τοὺς
2495 4592 2682 4654 αἰῶνας
2721 4611 2731 4621 ·
2775 4593 2940 4655 οὓτως
2984 4597 3083 4669 γὰρ
3116 4592 3249 4648 εἶπεν
3290 4596 3315 4646 6
3346 4594 3683 4665 Ἀπόστο).ος,
3717 4600 3829 4647 Ku-

2228 4682 2351 4741 θὼς
2402 4680 2797 4755 ἐφορέσαμεν
2849 4688 2960 4742 τὴν
2993 4685 3216 4736 εἰκόνα
3258 4692 3371 4736 τοῦ
3420 4691 3679 4755 χοῐκοῦ,
3732 4702 3830 4755 φο-

2227 4774 2507 4845 ρέσωμεν
2540 4776 2647 4824 xui
2685 4776 2795 4829 τὴν
2831 4772 3048 4825 εἰκόνα
3076 4780 3187 4825 τοῦ
3226 4771 3640 4845 ἐπουρανίου.

2298 4875 2595 4949 Β’.Ὠσπερ
2626 4880 2727 4950 γὰρ
2779 4880 2949 4943 ἵππος,
3005 4881 3093 4940 ἕως
3144 4884 3232 4951 μὲν
3286 4881 3347 4931 ἄν
3406 4878 3453 4931 ἐν
3512 4887 3631 4940 ταῖς
3686 4879 3831 4939 ὕλαις

2226 4973 2335 5028 τοῖς
2381 4966 2579 5040 ἀγρίοις
2611 4968 2764 5029 ζώοις
2825 4974 3157 5041 συννέμηται,
3220 4968 3575 5029 ἀνυπότακτος
3629 4971 3834 5043 ἀνθρώ-

2227 5075 2347 5117 ποις
2390 5054 2531 5107 ἑστίν
2559 5072 2572 5085 ⁸
2606 5055 2731 5109 ἐπὰν
2786 5054 2845 5110 δὲ
2902 5062 3027 5131 πρός
3083 5063 3141 5110 τό
3191 5060 3524 5131 ἡμερωθῆναι
3562 5060 3830 5131 κρατηθῇ,

2228 5146 2584 5217 περιτιθέασιν
2645 5147 2781 5216 αῦτῷ
2856 5145 3019 5221 βαρὺν
3098 5147 3334 5219 χαλινόν,
3405 5150 3494 5208 ἓως
3572 5144 3629 5199 οὗ
3683 5150 3830 5220 μάθῃ

2231 5234 2487 5294 εὐτάκτως
2553 5240 2641 5287 καὶ
2722 5236 2886 5310 ὀρθῶς
2941 5245 3273 5308 περιπατείν’
3335 5234 3448 5289 εἶτα
3502 5238 3832 5308 γυμνάζεται

2230 5329 2330 5379 ὑπὸ
2360 5326 2601 5400 ἐμπείρου
2657 5328 2931 5390 καθιστοῦ,
2991 5328 3073 5378 ἵνα
3121 5332 3212 5380 καὶ
3270 5326 3343 5388 εἰς
3390 5327 3607 5396 πόλεμον
3635 5330 3836 5400 εὔχρη-

2234 5438 2351 5479 στος
2396 5420 2610 5489 γένηται
2639 5433 2650 5446 ο
2698 5417 2810 5470 εἶτα
2862 5412 3133 5470 ἐνδύουσιν
3182 5416 3335 5469 αὐτὸν
3375 5416 3525 5483 ὅπλα,
3576 5418 3663 5468 τόν
3721 5418 3827 5468 θώ-
