4148 6262
301 282 403 338 661

1451 280 1797 338 ΗΟΜΙΙιΙᾸΕ.
1837 308 1909 324 -
1947 279 2122 338 HOM.
2163 282 2539 339 XXII-XXIV.

3560 275 3665 331 662

296 429 436 485 ρακα
482 408 634 479 λέγω,
688 410 778 459 καὶ
809 409 873 458 τὰ
901 409 1263 483 κατάφρακτοι,
1293 414 1385 463 καὶ
1439 417 1642 485 πρῶτον
1672 408 1890 481 χαλινὸν

2036 408 2141 474 nis,
2192 409 2460 476 thorace,
2504 410 2779 482 inquam,
2819 413 2876 466 et
2914 409 3116 479 lorica,
3159 419 3419 477 eumque
3463 403 3665 476 priore

296 506 551 572 κρεμῶσι,
613 500 703 548 καὶ
762 501 1078 549 συσσείουσι
1144 502 1412 551 κατέναντι
1462 506 1563 551 τῶν
1622 498 1896 570 ὀφθαλμῶν

298 588 482 653 αὐτοῦ,
534 588 663 657 πρὸς
693 587 750 636 τὸ
798 586 1200 656 συνεθισθῆναι,
1227 592 1317 640 καὶ
1366 592 1436 660 μὴ
1479 586 1849 658 ἀποπτῃγῆναι
1880 604 1895 619 ·

298 679 463 739 οὕτως
522 671 908 747 διδασκόμενος
958 676 1058 727 ὑπὸ
1115 684 1207 728 τοῦ
1238 675 1508 741 ἒπιϐάτου,
1550 676 1593 728 εἰ
1640 681 1712 749 μὴ
1766 696 1896 748 μαν-

301 769 461 830 θάνει,
509 764 747 836 πολεμεῖν
819 764 878 816 ού
952 760 1175 817 δύναται
1224 779 1238 794 ⁸
1301 764 1425 817 ἐπὰν
1476 762 1535 818 δε
1582 768 1747 838 μάθῃ,
1810 770 1900 818 καὶ

301 857 581 927 συνεθισθῇ
614 853 687 915 εἰς
717 855 804 905 τόν
833 852 1075 925 πόλεμον,
1121 856 1240 906 ὅταν
1272 854 1535 927 ὁσφρανθῇ
1581 860 1670 907 καὶ
1695 854 1896 926 ἀκούσῃ

301 948 469 1018 φωνὴν
542 943 790 1015 πολέμου,
868 942 1026 1004 αὐτὸς
1100 942 1316 1015 ἑτοίμως
1372 946 1584 1018 ἔρχεται
1637 943 1721 996 ἐπὶ
1780 946 1901 1005 τοὺς

302 1033 548 1107 ἕχθρούς,
624 1034 760 1085 ὥστε
833 1037 923 1084 καὶ
981 1030 1068 1084 ἀπ’
1131 1032 1292 1095 αὐτῆς
1356 1041 1448 1095 τῆς
1516 1042 1682 1105 φωνῆς
1741 1037 1903 1090 πτόη-

304 1143 387 1176 σιν
471 1125 698 1194 ἐμποιεῖν
777 1130 883 1183 τοῖς
952 1121 1236 1194 πολεμίοις.
1316 1126 1415 1176 Τόν
1486 1122 1641 1174 αὑτὸν
1714 1126 1902 1195 τρόπον

302 1216 392 1264 καὶ
437 1213 467 1270 ἡ
519 1211 675 1282 ψυχὴ
732 1210 832 1264 ἀπὸ
881 1220 977 1274 τῆς
1025 1211 1367 1286 παραϐάσεως
1415 1208 1551 1263 οὖσα
1596 1210 1760 1284 ἀγρία
1815 1216 1905 1263 καὶ

304 1300 671 1365 ἂνυπότακτος,
747 1299 798 1351 έν
901 1300 1093 1373 ἐρημίᾳ
1167 1308 1259 1353 τοῦ
1349 1305 1554 1372 κόσμου
1628 1300 1906 1361 πελάζεται

778 1397 878 1441 τῶν
950 1393 1254 1461 πνευμάτων
1325 1397 1421 1451 τῆς
1486 1394 1753 1463 πονηρίας,
1811 1394 1905 1449 τὴν

306 1476 575 1531 διακονίαν
624 1479 674 1530 ἐν
700 1487 762 1551 τῇ
817 1478 1049 1553 ἁμαρτίᾳ
1097 1484 1403 1551 κατέχουσα
1435 1495 1447 1508 ·
1490 1481 1612 1531 ὅταν
1660 1475 1719 1532 δε
1748 1478 1907 1531 ἀκού·-

309 1587 373 1641 σῃ
432 1567 586 1638 λόγον
655 1574 807 1639 Θεοῦ,
890 1573 979 1620 καὶ
1049 1571 1332 1641 πιστεύσῃ,
1403 1567 1904 1641 χαλιναγωγουμένη

307 1656 408 1708 ὑπὸ
466 1662 557 1707 τοῦ
637 1658 950 1728 Πνεύματος,
1006 1655 1310 1709 ἀποτίθεται
1374 1661 1431 1709 τὸ
1494 1659 1673 1731 ἄγριον
1758 1654 1906 1721 ἦθος,

304 1393 436 1463 μετὰ
489 1391 704 1461 θηρίων,

2009 497 2180 554 freno
2202 515 2519 571 suspenso,
2542 507 2598 555 et
2628 500 2850 569 agitato
2885 504 3018 555 ante
3051 497 3258 553 oculos
3290 496 3437 566 ejus,
3462 508 3666 548 assue-

2008 587 2256 653 faciunt,
2315 605 2388 643 ne
2448 589 2567 644 ullo
2621 595 2838 645 terrore
2906 587 3527 659 percutiatur;atque
3584 580 3667 636 sic

2006 677 2253 733 edoctus
2286 677 2780 743 abinsesore,nisi
2797 673 3299 748 didicerit,praalio
3311 670 3668 728 contendere

2007 766 2214 837 nequit
2276 787 2287 826 :
2358 766 2463 821 ubi
2533 782 2669 822 vero
2744 766 3017 821 didicerit
3084 782 3098 830 ;
3168 770 3225 819 et
3277 761 3433 817 bello
3497 759 3671 815 fuerit

2009 856 2403 922 assuefactus,
2438 856 2485 910 si
2516 857 2697 912 modo
2730 855 3080 922 suboluerit,
3106 850 3551 909 etsubaudierit
3576 865 3671 904 so-

2010 962 2158 1002 num
2189 947 2490 1011 bellicum,
2515 948 2642 1019 ipse
2663 947 2738 1003 ad
2753 962 2822 1002 eo
2845 950 3121 1018 prompte
3143 944 3438 1000 adversus
3464 941 3667 995 hostes

2014 1036 2408 1107 progreditur,
2431 1042 2492 1092 ut
2534 1036 2663 1092 sola
2692 1051 2835 1091 voce
2878 1041 3160 1090 terrorem
3202 1030 3448 1087 incutiat
3484 1027 3671 1084 hosti-

2011 1122 2155 1180 bus.
2183 1125 2403 1180 Eodem
2433 1141 2677 1197 quoque
2709 1125 2892 1179 modo
2918 1123 3124 1179 anima
3170 1126 3307 1193 post
3336 1125 3669 1186 transgres-

2013 1213 2245 1269 sionem
2277 1215 2525 1284 agrestis
2540 1220 2595 1269 et
2609 1213 2921 1277 indomita,
2941 1213 3000 1267 in
3013 1212 3246 1267 deserto
3260 1209 3442 1279 hujus
3458 1204 3666 1262 mundi

2015 1309 2402 1358 conversatur
2443 1320 2578 1359 cum
2623 1302 2777 1367 feris,
2822 1300 3129 1372 spiritibus
3188 1298 3405 1354 scilicet
3452 1294 3663 1368 nequi-

2015 1392 2131 1456 tiae,
2202 1392 2593 1447 ministerium
2649 1392 2709 1447 in
2764 1395 3011 1462 peccato
3062 1387 3299 1443 obiens.
3366 1385 3474 1441 Ubi
3527 1397 3668 1438 vero

2016 1480 2275 1537 audierit
2325 1482 2577 1536 verbum
2621 1481 2738 1543 Dei,
2772 1496 2840 1535 ac
2898 1478 3235 1542 crediderit,
3264 1474 3594 1531 refrenatur
3635 1487 3672 1527 a

2018 1570 2236 1641 Spiritu
2276 1586 2345 1625 ac
2379 1570 2625 1642 deponit
2658 1584 2853 1625 mores
2894 1574 3155 1639 agrestes
3198 1572 3253 1621 et
3279 1562 3670 1632 cogitationes

2018 1660 2235 1723 carnis,
2260 1659 2594 1729 gubernata
2624 1660 2701 1714 ab
2745 1658 3039 1713 insessore
3070 1654 3318 1712 Christo.
3362 1652 3570 1707 Postea
3609 1649 3670 1704 in

308 1748 398 1796 xui
449 1747 508 1797 τό
585 1748 835 1816 σαρκικόν
903 1749 1160 1818 φρόνημα,
1236 1748 1585 1818 ἡνιοχονμένη
1660 1748 1760 1798 ὑπὸ
1816 1753 1908 1798 τοῦ

2036 1746 2423 1812 [mictionem,
2438 1746 3009 1817 edomandijugum,
3025 1741 3430 1812 etaugustiam
3447 1738 3670 1803 incidit,

310 1832 555 1886 ἑπιϐατου
608 1841 842 1906 Χριστοῦ
876 1855 888 1867 ·
942 1831 1053 1887 εἶτα
1101 1834 1175 1896 εἰς
1231 1834 1404 1906 θλῖψιν
1456 1840 1545 1888 καὶ
1604 1832 1906 1909 δαμασμὸν,

310 1927 396 1975 xui
466 1928 818 1997 στενοχωρίαν
864 1925 1096 1996 ἔρχεται,
1144 1923 1214 1985 εἰς
1262 1927 1319 1975 τό
1378 1921 1773 1996 δοκιμασθῆναι
1822 1925 1908 1976 αύ-

310 2016 426 2078 τὴν,
481 2012 565 2063 ἵνα
613 2012 728 2064 κατ’
786 2011 956 2084 ὀλίγον
1005 2015 1248 2088 ἡμερωθῇ
1311 2014 1411 2066 ὑπὸ
1460 2022 1553 2066 τοῦ
1590 2017 1907 2085 Πνεύματος,

314 2100 652 2162 ἓκλειπούσης
702 2101 817 2153 κατ’
880 2102 1051 2173 ὀλίγον
1116 2106 1204 2154 καὶ
1264 2101 1643 2175 ἀφανιζομένης
1710 2112 1806 2165 τῆς
1864 2104 1912 2155 ἐν

314 2189 444 2262 αὐτῇ
505 2189 780 2265 ἁμαρτίας.
839 2196 939 2244 Kui
991 2191 1155 2253 οὕτως
1200 2193 1229 2248 ἠ
1282 2190 1436 2263 ψυχὴ
1492 2189 1770 2265 ίνδυομένη
1825 2196 1913 2245 τὸν

316 2280 527 2351 θώρακα
564 2287 657 2342 τῆς
711 2275 1076 2343 δικαιοσύνης,
1126 2284 1335 2338 καὶτὸν
1376 2281 1775 2353 περικεφαλαίαν
1822 2290 1913 2335 τοῦ

319 2372 603 2441 σωτηρίου,
684 2371 770 2420 καὶ
833 2372 919 2420 τόν
972 2370 1149 2440 θυρεόν
1210 2377 1304 2431 τῆς
1377 2373 1623 2432 πίστεως,
1682 2375 1772 2423 xui
1820 2375 1914 2429 τὴν

316 2458 590 2529 μάχαιραν
641 2464 732 2509 τοῦ
788 2459 1104 2529 Πνεύματος,
1156 2453 1473 2511 διδάσκεται
1519 2458 1758 2531 πολεμεῖν
1808 2467 1917 2520 τοῖς

319 2544 535 2620 ἐχθροῖς
598 2545 773 2606 αὐτοῖς
823 2563 837 2576 ·
896 2550 984 2597 xui
1066 2545 1230 2607 οὕτως
1308 2545 1626 2618 όπλισαμένη
1686 2555 1758 2618 τῷ
1823 2556 1915 2600 τοῦ

321 2639 517 2708 Κυρίου
550 2637 831 2707 Πνεύματι,
883 2633 1196 2705 ἀγωνίζεται
1252 2638 1380 2707 πρὸς
1411 2638 1475 2687 τὰ
1518 2638 1785 2709 πνεύματα
1828 2647 1918 2698 τῆς

318 2728 592 2798 πονηρίας,
658 2727 748 2775 καὶ
816 2725 883 2775 τὰ
946 2727 1285 2795 πεπῦρωμένα
1342 2720 1464 2796 βέλη
1522 2730 1615 2776 τοῦ
1689 2733 1917 2799 πονηροῦ

322 2813 580 2868 σϐέννυσι.
614 2817 789 2885 Χωρὶς
825 2815 927 2883 γὰρ
956 2820 1056 2863 τῶν
1104 2819 1195 2865 τοῦ
1247 2816 1548 2885 Πνεύματος
1594 2814 1779 2881 ὃπλων,
1824 2815 1917 2867 οὐκ

318 2901 596 2977 ἀνέρχεται
644 2902 715 2962 εὶς
770 2900 1057 2975 παράταξιν
1116 2923 1129 2934 ·
1182 2904 1388 2972 ἔχουσα
1433 2899 1492 2955 δε
1536 2905 1601 2955 τὰ
1646 2902 1779 2957 ὅπλα
1825 2912 1916 2957 τοῦ

322 2994 540 3064 Κυρίου,
582 2991 702 3042 ὅταν
758 2990 959 3062 ἀκούσῃ
1022 2994 1112 3042 xui
1167 2993 1421 3049 αἴσθηται
1477 2988 1718 3064 σφοδρῶν
1772 2993 1918 3046 πολέ-

2022 1842 2086 1891 ut
2140 1836 2443 1907 probetur,
2498 1852 2569 1891 ac
2617 1834 2968 1906 paulatima
3016 1832 3235 1903 Spiritu
3285 1827 3671 1892 mansuetiat,

2021 1925 2329 1981 deﬁciente
2348 1925 2570 1980 sensim
2602 1930 2780 1996 atque
2810 1922 3178 1978 exolescente
3204 1920 3260 1974 in
3286 1918 3385 1974 illa
3406 1920 3671 1989 peccato.

2024 2017 2116 2071 Sic
2168 2020 2223 2069 et
2268 2013 2471 2069 anima
2523 2020 2756 2068 armata
2795 2012 3034 2068 thorace
3086 2011 3354 2081 justitiae,
3400 2013 3456 2062 et
3503 2006 3675 2078 galea

2023 2104 2251 2168 salutis,
2283 2109 2339 2158 et
2371 2108 2540 2158 scuto
2579 2102 2738 2171 ﬁdei,
2769 2107 2824 2156 et
2873 2101 3070 2171 gladio
3113 2099 3389 2170 Spiritus,
3423 2097 3674 2151 docetur

2026 2192 2296 2264 praelium
2354 2206 2665 2247 conserere
2713 2206 2850 2246 cum
2907 2189 3185 2245 hostibus
3239 2188 3362 2242 suis
3392 2191 3437 2222 ²³
3469 2201 3480 2240 :
3510 2190 3564 2239 et
3594 2184 3676 2238 sic

2023 2287 2259 2337 armata
2290 2281 2509 2352 Spiritu
2535 2280 2787 2344 Domini,
2815 2278 3060 2334 dimicat
3110 2277 3399 2333 adversus
3439 2274 3679 2345 spiritus

2026 2370 2286 2438 malitias,
2302 2375 2357 2425 et
2377 2369 2562 2439 ignita
2588 2368 2935 2439 nequissimi
2954 2365 3067 2422 tela
3085 2364 3422 2435 exstinguit.
3439 2363 3678 2434 Absque

2024 2460 2182 2515 enim
2228 2458 2411 2515 armis
2463 2459 2712 2529 Spiritus
2746 2472 2867 2513 non
2899 2455 3277 2528 progreditur
3325 2454 3385 2507 in
3436 2452 3626 2507 aciem
3663 2469 3676 2505 :

2024 2548 2257 2605 habens
2295 2564 2435 2603 vero
2459 2564 2629 2603 arma
2649 2546 2901 2611 Domini,
2938 2544 3036 2601 ubi
3061 2543 3315 2599 audierit
3346 2558 3412 2598 ac
3433 2539 3682 2595 senserit

2027 2637 2399 2693 vehementia
2410 2636 2731 2701 bella,cum
2745 2634 3132 2690 exsultatione
3151 2648 3218 2688 ac
3233 2630 3493 2687 clamore
3507 2627 3682 2701 proti-

2027 2727 2286 2797 ciscitur,
2311 2726 2460 2780 sicut
2492 2725 2550 2780 in
2582 2723 2855 2780 libroJob
2879 2723 3106 2778 dictum
3138 2726 3229 2776 est
3261 2737 3273 2774 :
3306 2720 3473 2788 Quod
3502 2720 3679 2774 etiam

2024 2817 2157 2886 ipsa
2178 2831 2315 2872 voce
2334 2814 2618 2871 orationis
2648 2812 2999 2869 occumbant
3031 2810 3274 2866 inimici.
3303 2812 3368 2864 Et
3389 2808 3474 2863 sic
3496 2812 3682 2862 trans-

2026 2910 2161 2961 acto
2211 2904 2388 2969 bello,
2435 2908 2727 2975 partaque
2778 2901 3024 2956 victoria
3068 2899 3359 2954 beneﬁcio
3410 2896 3676 2969 Spiritus,

2026 2994 2203 3050 refert
2221 2994 2341 3065 89
2372 3008 2626 3048 coronas
2657 2990 2993 3045 victoriales
3010 3005 3148 3044 cum
3165 2988 3343 3059 plena
3366 2985 3610 3050 ﬁducia,
3628 2988 3684 3039 et

320 3098 449 3149 μων,
499 3081 547 3131 ἐν
594 3078 922 3150 ἁλαλάγματι
967 3083 1057 3130 xui
1095 3088 1296 3151 κραυγῇ
1339 3078 1691 3153 ἐκπορεύεται,
1744 3084 1915 3144 καθὼς

2036 3084 2108 3138 ita
2132 3081 2449 3154 requiescit
2473 3096 2611 3135 cum
2652 3079 2874 3135 cmlesti
2904 3082 3076 3147 Rege.
3112 3077 3216 3133 Cui
3261 3075 3449 3145 gloria
3498 3078 3553 3129 et
3581 3088 3686 3144 po-

322 3166 371 3217 ἐν
424 3175 496 3237 τῷ
541 3166 657 3220 Ἰὼϐ
708 3170 931 3239 εἴρηται,
985 3169 1064 3219 ὃτι
1114 3172 1204 3219 καὶ
1262 3166 1349 3219 ἀπ’
1396 3172 1558 3230 αὐτῆς
1599 3179 1694 3231 τῆς
1747 3180 1915 3243 φωνῆς

324 3262 419 3315 τῆς
479 3251 710 3315 δεήσεως
757 3254 922 3315 αὐτῆς
976 3259 1362 3329 προπίπτουσιν
1420 3258 1470 3309 οἰ
1509 3259 1695 3332 ἐχθροί
1750 3278 1763 3291 '

2030 3172 2213 3227 tentia
2239 3171 2299 3225 in
2332 3170 2570 3225 saecula.
2604 3175 2811 3223 Amen.

1815 3264 1903 3311 xui
1950 3260 2117 3321 οὕτως
2186 3258 2545 3331 ἀγωνισαμένη
2604 3262 2690 3309 xui
2748 3260 3019 3315 νικήσασα
3077 3252 3171 3307 διὰ
3237 3261 3326 3307 τοῦ
3392 3256 3686 3323 Πνεύματος

328 3346 415 3394 τόν
481 3342 723 3413 πόλεμον,
800 3346 1073 3414 νικηόρους
1152 3346 1434 3416 στεφάνους
1514 3344 1807 3419 ἐπιφέρεται
1872 3351 2000 3420 μετὰ
2071 3347 2368 3423 παῤῥησίας
2437 3347 2648 3413 πολλῆς,

2735 3350 2825 3397 xui
2910 3345 3068 3406 οὕτως
3139 3344 3555 3396 συναναπαύεται
3614 3347 3688 3410 τῷ

327 3431 617 3505 ἐπουρανίῳ
649 3429 878 3504 βασιλεῖ.
912 3432 983 3484 Ὠ
1010 3434 1040 3490 ἡ
1076 3428 1207 3495 δόξα
1236 3437 1325 3486 xui
1355 3438 1413 3487 τὸ
1447 3438 1640 3507 κράτος
1670 3436 1740 3501 εἰς
1781 3440 1903 3499 τοὺς
1932 3437 2142 3500 αἰῶνας.
2171 3440 2366 3511 Ἀμην.

918 3562 1166 3615 ΟΜΙΛΙΑ
1205 3559 1320 3613 KA'.

323 3681 382 3736 Ἠ
424 3684 807 3759 στάσις-τῶν
866 3688 1272 3759 Χριστιανῶν
1312 3686 1490 3737 ἔοικε
1528 3693 1599 3758 τῇ
1640 3688 1923 3759 ἐμπορίᾳ

396 3759 503 3807 καὶ
542 3762 612 3828 τῇ
656 3745 968 3830 ζυμῶσεί.
1006 3754 1241 3830 Ὠσπερ
1279 3759 1397 3830 γὰρ
1439 3758 1497 3830 οἱ
1534 3745 1923 3830 ἔμποροι.τᾶ

396 3825 596 3898 γήϊνα
626 3825 821 3898 κέρδη
855 3825 1599 3898 ἐπισυνάγοὐσι,”ούτω’ς
1629 3825 1737 3882 καὶ
1771 3829 1923 3884 έκεῖ-

397 3895 510 3985 νοι,
559 3895 1201 3984 διασκοΨρπισμένους
1268 3901 1325 3951 έν
1365 3908 1443 3970 τῷ
1483 3901 1666 3952 αἰῶνι
1702 3902 1924 3985 λογισ-

400 3972 570 4043 μούς.
615 3974 732 4021 Καὶ
771 3972 983 4041 ὧσπερ
1025 3972 1056 4027 ἡ
1089 3974 1264 4043 ,ζύμη
1308 3973 1563 4043 φύραμα
1602 3972 1745 4024 ὅλον
1777 3972 1924 4024 ἀττε-

401 4042 718 4111 ργάςεται
760 4043 985 4111 ζύμην,
1029 4042 1234 4115 οὗτωᾼς
1294 4042 1527 4115 agam
1570 4051 1683 4104 τῆς
1722 4044 1923 4115 ἁμαρ-

402 4110 538 4185 τίας
577 4117 701 4161 πᾶν
730 4116 922 4185 ,γένος
962 4119 1070 4161 τοῦ
1108 4110 1309 4185 Ἀδᾲμ
1343 4110 1722 4185 διατρέχει.
1765 4110 1924 4173 Πλῆν

403 4183 429 4233 ό
504 4184 790 4254 Χριστός
855 4181 1156 4257 οὐρανίου
1219 4181 1642 4257 Δἁγαθότητος
1724 4185 1924 4257 ξύμην

403 4252 849 4314 ταῖςήπισταῖς
904 4252 1153 4326 ψυχαῖς
1212 4252 1427 4314 έντίθη
1450 4274 1572 4312 σιν.

401 4379 483 4433 A’.
510 4378 777 4434 Ἐοίκασιν
823 4382 871 4432 0i
902 4382 1209 4452 Χριστιανοὶ
1240 4380 1484 4455 ἐμπόροις
1513 4386 1741 4454 μέγιστα
1764 4378 1926 4456 κερδη

332 4468 777 4544 ἐμπορευομένοις.
859 4468 1056 4543 Ὀσπερ
1140 4472 1241 4543 γὰρ
1327 4469 1509 4523 ἐκεῖνοι
1582 4473 1637 4523 ἐκ
1689 4479 1784 4532 τῆς
1834 4481 1930 4544 γῆς

329 4561 397 4611 τὰ
445 4564 604 4631 γήῑνα
672 4555 833 4631 κέρδη
902 4561 1329 4632 επισυνάγουσιν,
1406 4560 1564 4621 οὕτως
1624 4561 1769 4613 οὗτοι
1840 4570 1931 4622 τῆς

331 4648 522 4701 ἑαυτῶν
573 4644 799 4723 καρδίας
855 4648 1298 4722 ἐσκορπισμένους
1369 4653 1486 4710 τοὺς
1543 4650 1825 4722 λογισμούς
1883 4650 1930 4702 ἐν

334 4745 404 4807 τῷ
448 4736 594 4789 αἰῶνι
622 4740 785 4808 τούτῳ
827 4734 921 4791 διὰ
967 4748 1148 4792 πασῶν
1203 4740 1413 4814 ἀρετῶν,
1459 4744 1548 4793 xui
1594 4736 1686 4792 διὰ
1716 4748 1811 4802 τῆς
1839 4747 1930 4793 τοῦ

337 4828 634 4897 Πνεύματος
688 4823 976 4899 δυνάμεως,
1031 4828 1457 4901 έπισυλλέγουσιν
1509 4828 1563 4881 ix
1612 4831 1787 4892 πάσης
1838 4839 1933 4892 τῆς

335 4922 453 4986 γῆς,
512 4917 622 4974 ἣτις
687 4913 801 4967 ἐστὶ
863 4922 1084 4987 μεγίστη
1129 4923 1218 4971 καὶ
1292 4918 1508 4977 ἀληθινὴ
1565 4921 1807 4993 ἐμπορία.
1872 4918 1931 4971 Ὀ

335 5008 530 5075 κόσμος
566 5006 667 5076 γὰρ
725 5003 875 5065 οὗτος
928 5014 997 5075 τῷ
1044 5010 1226 5078 κόσμῳ
1272 5016 1343 5079 τῷ
1406 5009 1510 5059 ἅνω
1558 5007 1881 5060 ἐναντιοῦται
1913 5025 1926 5040 ·

335 5098 426 5145 xui
456 5093 482 5143 ό
512 5092 637 5144 αἰὼν
684 5091 832 5154 οὗτος
886 5100 957 5163 τῷ
1006 5095 1110 5145 οἶνω
1166 5095 1311 5147 αἰῶνι
1368 5095 1671 5151 ἀντίκειται.
1706 5103 1790 5149 Δεῖ
1816 5101 1932 5149 τοί-

334 5203 422 5234 νυν
469 5185 555 5235 τόν
612 5184 928 5255 Χριστιανὸν
983 5186 1114 5254 μετὰ
1168 5186 1262 5244 τὰς
1321 5183 1476 5255 ἁγίας
1526 5188 1733 5258 Γραφὰς
1778 5185 1933 5258 ἀρνη-

338 5273 556 5343 σάμενον
622 5273 707 5322 τὸν
781 5274 996 5343 κόσμον,
1075 5274 1416 5343 μετατεθῆναι
1471 5278 1560 5326 καὶ
1645 5274 1933 5346 μεταϐῆναι

336 5368 406 5431 τῷ
460 5369 547 5432 νῷ,
606 5359 661 5412 ἐκ
717 5362 903 5412 τούτου
959 5368 1051 5413 τοῦ
1104 5361 1304 5426 αἰῶνος,
1376 5361 1423 5414 ἐν
1568 5366 1792 5435 ἔγκειται
1844 5368 1933 5416 καὶ

342 5446 688 5514 δελεάζεταιό
739 5456 857 5511 νοῦς
908 5449 1007 5503 ἀπὸ
1056 5458 1151 5513 τῆς
1206 5449 1552 5525 παραϐάσεως
1611 5449 1805 5525 Ἀδὰμ,
1861 5452 1934 5514 εἰς

418 5686 464 5722 ⁸⁸
495 5685 706 5760 Ephes.
752 5702 827 5754 vr,
856 5687 941 5743 14.

2602 3561 2891 3619 HOMILIA
2938 3559 3117 3616 XXIV.

2030 3690 2241 3746 Status
2273 3687 2751 3744 Christianorum
2767 3685 2978 3741 similis
3003 3688 3089 3739 est
3120 3686 3471 3739 mercaturas
3496 3685 3550 3736 et
3569 3680 3687 3749 [θνα

2101 3759 2473 3817 mentationi.
2498 3758 2751 3814 Perinde
2780 3757 2932 3812 enim
2963 3771 3033 3811 ac
3064 3759 3419 3811 mercatores
3451 3757 3691 3807 terrena

2102 3832 2394 3902 colligunt
2410 3830 2699 3893 lucra,sic
2730 3828 3255 3902 illidispersasper
3282 3824 3689 3902 hoaswcutum

2103 3898 2591 3973 cogitationesEt
2619 3898 3493 3973 quemadmodumfermentum
3510 3899 3691 3949 totam

2102 3968 2358 4028 massam
2391 3973 2585 4029 reddit
2609 3968 3033 4036 fermentatam
3050 3971 3165 4036 ,‘sic
3181 3968 3543 4034 fermentum
3559 3979 3690 4036 pec-

2106 4046 2224 4100 cati
2237 4047 2576 4099 universum
2589 4035 2774 4111 genus
2789 4044 2831 4095 A
2843 4041 2933 4095 dm
2947 4035 3270 4111 percurrit.
3292 4040 3501 4111 Verum
3520 4035 3695 4111 C

2107 4123 2230 4256 stus
2262 4115 2484 4240 czlteste
2502 4105 2781 4169 bonitatis
2794 4105 3146 4182 fermkntum
3173 4109 3449 4178 ﬁdelibus
3476 4105 3693 4163 animis

2107 4202 2169 4241 ιη
2205 4202 2285 4241 un
2336 4203 2350 4239 ι
2388 4226 2400 4239 .

2106 4186 2400 4241 infundit.

2110 4382 2151 4437 Ι.
2188 4380 2417 4438 Similes
2450 4384 2591 4435 sunt
2630 4378 2943 4434 Christiani
2990 4376 3442 4440 mercatoribus,
3472 4374 3577 4448 qui
3610 4374 3694 4429 in-

2039 4478 2275 4542 gentem
2306 4470 2627 4542 quiesitum
2662 4484 2734 4523 ex
2762 4471 3098 4523 mercatura
3130 4465 3371 4521 faciunt.
3401 4463 3699 4530 Quemad-

2039 4560 2289 4616 modum
2317 4561 2474 4614 enim
2506 4558 2565 4613 hi
2598 4563 2807 4613 eterra
2858 4562 3089 4611 terrena
3139 4555 3425 4624 colligunt
3480 4553 3648 4608 lucra
3682 4568 3695 4617 ;

2039 4650 2254 4706 eodem
2270 4649 2450 4704 modo
2464 4648 2544 4703 illi
2560 4647 2756 4703 cordis
2770 4648 2859 4701 sui
2875 4646 3178 4716 dispersas
3192 4643 3580 4713 cogitationes
3594 4656 3700 4713 per

2038 4740 2154 4795 hoc
2209 4738 2519 4803 saeculum,
2543 4736 2818 4793 omnium
2864 4736 3149 4789 virtutum
3201 4732 3515 4797 beneﬁcio,
3549 4746 3618 4786 ac
3640 4730 3699 4785 vi

2043 4828 2292 4900 Spiritus
2326 4827 2534 4891 sancti,
2569 4825 2855 4895 colligunt
2906 4840 2976 4879 ex
3032 4824 3311 4879 universa
3360 4828 3534 4887 terra,
3562 4836 3699 4893 quae

2040 4924 2128 4974 est
2155 4916 2420 4973 maxima
2458 4932 2527 4972 ac
2554 4931 2694 4970 vera
2721 4914 3060 4986 negotiatio.
3095 4912 3351 4967 Mundus
3401 4911 3562 4967 enim
3603 4910 3698 4966 hic

2042 5006 2271 5062 mundo
2304 5004 2593 5077 superiori
2625 5003 2974 5059 adversatur
3007 5007 3100 5068 ;et
3131 5000 3414 5057 saeculum
3444 5001 3559 5055 hoc
3595 5014 3700 5053 sm-

2042 5095 2177 5150 culo
2210 5095 2500 5167 superiori
2527 5093 2873 5165 oppositum
2901 5098 3008 5148 est.
3055 5094 3296 5162 Oportet
3322 5090 3498 5160 igitur
3529 5089 3697 5146 Chri-

2044 5185 2306 5240 stianum
2326 5183 2657 5238 secundum
2693 5198 2893 5237 sacras
2916 5181 3159 5236 Litteras
3187 5180 3485 5235 mundum
3516 5178 3702 5233 abne-

2044 5279 2305 5343 gantem,
2336 5271 2655 5336 transferri,
2686 5287 2756 5326 ac
2810 5277 3005 5325 mente
3034 5269 3457 5325 transcendere
3485 5284 3555 5322 ex
3584 5267 3699 5322 hoc

2046 5362 2285 5427 saaculo,
2330 5363 2391 5416 in
2420 5378 2543 5434 quo
2573 5365 2841 5415 versatur
2870 5360 3128 5423 animus,
3165 5374 3235 5413 ac
3259 5357 3551 5413 illecebris
3573 5354 3696 5409 alli-

2044 5451 2196 5507 citur
2227 5467 2262 5507 a
2293 5455 2559 5523 tempore
2605 5448 3096 5521 transgressionis
3144 5446 3307 5514 Adae,
3340 5447 3399 5501 in
3449 5443 3701 5499 alterum
