4148 6262
423 291 531 349 663
1716 286 1779 346 S.
1820 283 2123 342 MACARII
2160 284 2471 341 EGYPTII
3678 288 3782 343 664

422 416 808 484 saaculum,et
836 415 1135 473 intellectu
1157 417 1218 471 in
1250 414 1539 486 superiori
1562 429 1631 469 ac
1669 412 1876 469 divino
1898 426 2074 466 mun-

2196 410 2347 464 κίῶνα
2411 414 2601 487 ἕτερον,
2667 417 2757 465 καὶ
2814 413 2883 483 τῷ
2923 418 3213 485 φρονήματι
3267 413 3334 473 εἰς
3386 416 3474 465 τὸν
3530 414 3635 465 ἄνω
3690 419 3785 474 τῆς

426 507 505 563 do
550 508 806 562 versari:
836 508 985 562 sicut
1032 506 1258 562 dictum
1290 509 1375 560 est
1407 521 1420 559 :
1448 505 1671 561 Nostra
1715 509 1908 558 autem
1943 516 2077 557 con-

426 596 680 653 versatio
705 596 767 653 ίη
792 596 937 652 caelis
968 602 1049 652 est
1083 596 1149 648 ιι.

497 720 562 777 ΙΙ.
604 724 723 777 Hoc
768 726 968 775 autem
1005 720 1167 776 nullo
1209 718 1389 775 modo
1430 718 1681 774 obtineri
1720 722 1931 790 potest,
1965 715 2077 770 nisi

426 810 632 866 anima
670 809 983 864 crediderit
1020 825 1087 863 ex
1130 816 1247 863 toto
1279 808 1455 863 corde
1494 808 1770 876 Domino,
1803 806 1917 861 hoc
1958 821 2074 859 sae-

426 899 629 954 culum
660 900 971 968 abnegans
997 916 1009 953 :
1033 904 1086 953 et
1108 898 1292 952 virtus
1324 897 1503 952 divini
1528 898 1775 969 Spiritus
1804 894 2077 964 colligere

424 993 729 1061 potestcor
743 1003 847 1058 per
873 987 1216 1042 universam
1234 992 1451 1041 terram
1465 985 1803 1056 dispersum
1830 984 1906 1040 ad
1933 983 2079 1038 dile-

423 1078 677 1134 ctionem
729 1077 983 1143 Domini,
1008 1084 1063 1132 et
1101 1076 1161 1132 in
1205 1076 1498 1132 mundum
1543 1079 1831 1130 aeternum
1859 1072 2079 1129 intelle-

422 1171 586 1222 ctum
618 1166 944 1222 traducere.
980 1170 1025 1221 A
1068 1170 1337 1236 tempore
1377 1165 1533 1219 enim
1586 1162 2076 1233 transgressionis

423 1255 585 1320 Adin,
620 1255 903 1326 dispersa
954 1261 1092 1310 sunt
1130 1270 1165 1310 a
1195 1254 1506 1309 dilectione
1544 1252 1645 1307 Dei
1690 1251 2078 1322 cogitationes

423 1344 641 1400 animas
667 1359 772 1415 per
795 1344 909 1399 hoc
933 1342 1243 1408 saeculum,
1272 1342 1602 1398 commistae
1634 1342 1851 1397 crassis
1877 1357 1947 1396 ac
1970 1345 2077 1395 ter-

424 1433 582 1489 renis
597 1432 1081 1501 cogitationibus.
1100 1434 1313 1487 Verum
1338 1430 1858 1503 quemadmodum
1887 1430 2075 1485 Adam

423 1528 834 1590 transgressus
856 1520 1229 1586 mandatum,
1257 1520 1617 1576 fermentum
1638 1520 2076 1575 malitiosarum

425 1611 812 1667 aﬂ'ectionum
864 1612 922 1665 in
971 1628 1033 1666 se
1074 1610 1320 1682 recipit:
1356 1611 1438 1665 sic
1485 1624 1728 1681 quoque
1766 1610 2072 1681 participa-

425 1701 583 1755 tione
614 1700 903 1771 quadam,
935 1700 1036 1771 qui
1073 1715 1145 1755 ex
1196 1715 1266 1753 eo
1294 1700 1417 1754 nati
1449 1704 1607 1763 sunt,
1637 1715 1705 1753 ac
1740 1699 2081 1753 universum

2187 504 2425 563 θεότητος
2454 507 2648 574 κόσμον
2673 499 2819 564 εἶναι,
2852 504 3023 564 καθὼς
3054 506 3254 574 εἴρηται
3288 520 3300 532 ’
3354 502 3558 574 Ἠμῶν
3601 497 3672 553 δὲ
3720 505 3785 553 τὸ

2187 590 2541 663 πολίτευμα
2579 592 2637 643 ἐν
2688 591 2989 666 οὐρανοῖς
3044 593 3359 663 ὑπάρχει.

2256 716 2330 770 Β’.
2384 722 2547 768 Τοῦτο
2600 713 2657 768 δὲ
2705 713 2955 787 οὐδαμῶς
3003 714 3220 769 δύναται
3273 717 3688 790 κατορθωθῆναι,
3744 715 3789 768 εἰ

2187 810 2257 877 μὴ
2314 807 2343 863 ἠ
2384 805 2539 877 ψυχὴ
2587 808 2858 858 πιστεύσει
2913 805 2966 868 ἐξ
3022 806 3138 867 ὅλης
3194 803 3421 874 καρδίας
3463 807 3533 875 τῷ
3587 810 3783 879 Κυρίῳ,

2188 894 2518 967 ἀρνησαμίνη
2565 898 2651 946 τὸν
2706 895 2866 946 αἰῶνα
2913 903 3113 958 τοῦτον,
3175 900 3263 947 καὶ
3318 898 3346 953 ἡ
3409 890 3632 967 δυνάμις
3692 901 3785 946 τοῦ

2189 986 2360 1036 θεῑκοῦ
2421 986 2714 1056 Πνεύματος
2770 983 3082 1046 ἐπισυνάξαι
3142 981 3365 1035 δύναται
3438 989 3532 1041 τὴν
3598 983 3788 1055 ἐσκορ-

2185 1078 2440 1144 πισμένην
2492 1070 2718 1147 καρδίαν
2764 1073 2813 1125 ἐν
2844 1074 2934 1147 ὅλη
2977 1082 3039 1146 τῇ
3092 1081 3182 1146 γῇ,
3218 1074 3291 1134 εἰς
3338 1078 3432 1131 τὴν
3463 1080 3554 1125 τοῦ
3590 1078 3783 1145 Κυρίου

2187 1159 2416 1233 ἀγάπην,
2470 1167 2559 1213 καὶ
2616 1162 2685 1223 εἰς
2742 1166 2828 1213 τὸν
2906 1162 3109 1214 αἰώνιον
3164 1166 3361 1234 κόσμον
3435 1165 3492 1213 τὸ
3547 1167 3789 1234 φρόνημα

2187 1253 2483 1309 τατεθῆναι.
2540 1250 2668 1302 Ἀπὸ
2720 1253 2820 1323 γὰρ
2874 1259 2967 1313 τῆς
3025 1259 3115 1303 τοῦ
3200 1247 3382 1322 Ἀδὰμ
3442 1249 3789 1322 παραϐάσεως

2188 1338 2615 1413 ἐσκορπίσθησαν
2667 1338 2767 1391 ἀπὸ
2824 1348 2918 1401 τῆς
2975 1339 3184 1411 ἀγάπης
3240 1347 3330 1391 τοῦ
3363 1347 3495 1393 Θεοῦ
3554 1340 3602 1391 οἰ
3646 1339 3789 1409 λογι-

2192 1434 2315 1500 σμοὶ
2370 1436 2462 1489 τῆς
2511 1428 2717 1500 ψυχῆς,
2774 1429 2841 1489 εἰς
2894 1432 2978 1481 τὸν
3036 1429 3199 1481 αἰῶνα
3252 1436 3453 1494 τοῦτον,
3506 1431 3791 1501 συμμιγέν-

2188 1538 2269 1578 τες
2322 1518 2517 1580 ὑλικοίς
2571 1524 2659 1570 καὶ
2706 1521 2909 1589 γηῖνοις
2967 1518 3261 1591 λογισμοῖς.
3318 1517 3454 1570 Ἀλλ’
3537 1520 3710 1592 ὥσπερ
3763 1519 3789 1569 ὁ

2188 1603 2366 1678 Ἀδὰμ
2405 1606 2643 1681 παραϐὰς
2689 1609 2859 1680 ζύμην
2912 1612 3099 1669 κακίας
3145 1610 3322 1659 παθῶν
3377 1603 3662 1669 ὑπεδέξατο
3724 1606 3796 1666 εἰς

2192 1695 2391 1759 ἑαυτὸν,
2451 1701 2538 1748 καὶ
2570 1697 2730 1758 οὕτως
2778 1698 2914 1748 κοιτά
2971 1700 3201 1767 μετοχὴν
3238 1699 3287 1748 οἱ
3342 1694 3395 1759 ἐξ
3424 1695 3585 1748 αὐτοῦ
3614 1715 3797 1766 γεννη-

426 1804 616 1859 genus
650 1788 787 1843 Adae
836 1788 992 1843 illius
1036 1788 1306 1843 fermenti
1350 1788 1645 1859 particeps
1677 1787 1896 1842 factum
1946 1792 2079 1853 est;

2199 1788 2378 1853 θέντες,
2423 1790 2511 1837 καὶ
2540 1792 2640 1837 πᾶν
2686 1789 2743 1837 τὸ
2806 1790 2945 1855 γένος
3001 1782 3196 1856 Ἀδὰμ,
3241 1785 3430 1845 ἐκείνης
3476 1792 3572 1846 τῆς
3626 1785 3799 1856 ζύμης

424 1883 707 1933 caeterum
736 1882 947 1949 postea
978 1893 1085 1947 pro
1127 1878 1353 1931 ratione
1376 1876 1724 1931 incrementi
1756 1877 1813 1931 in
1849 1882 2079 1931 tantum

425 1974 832 2029 excreverunt,
857 1972 912 2021 et
960 1965 1231 2021 adauctee
1275 1973 1413 2019 sunt
1460 1966 1518 2019 in
1551 1965 1897 2021 hominibus
1942 1965 2080 2020 affe-

424 2057 651 2112 ctiones
690 2055 941 2127 peccati,
971 2061 1033 2109 ut
1079 2055 1158 2110 ad
1210 2054 1504 2109 adulteria
1538 2071 1749 2126 usque,
1781 2055 2081 2122 libidines,

426 2144 815 2209 idololatrias,
832 2144 1045 2209 caedes,
1069 2148 1124 2198 et
1147 2144 1265 2198 alia
1296 2143 1566 2198 absurda
1590 2144 1955 2207 devenerint,
1982 2144 2085 2197 do-

427 2250 538 2289 nec
560 2234 702 2288 vitio
726 2235 1082 2289 fermentata
1102 2239 1255 2287 esset
1283 2231 1648 2287 humanitas.
1686 2235 1748 2286 Et
1769 2233 1825 2286 in
1855 2237 2083 2286 tantum

427 2324 686 2379 excrevit
709 2323 768 2377 in
800 2322 1146 2377 hominibus
1196 2321 1442 2385 malum,
1474 2327 1534 2376 ut
1566 2326 1861 2391 putarent,
1891 2336 2086 2393 neque

428 2414 614 2468 Deum
642 2428 770 2466 esse
800 2434 811 2476 ;
847 2428 1052 2466 verum
1076 2411 1443 2465 inanimatos
1474 2410 1705 2481 lapides
1745 2410 2084 2475 adorarent,

427 2518 623 2574 neque
663 2501 959 2556 intellectu
1009 2502 1253 2573 quidem
1320 2503 1505 2555 Deum
1580 2500 2087 2571 comprehendere

426 2597 694 2662 possent,
737 2597 857 2645 tam
901 2590 1014 2645 alte
1061 2596 1477 2660 consperserat
1514 2589 1871 2644 fermentum
1922 2588 2090 2644 mali-

434 2681 723 2735 tiosarum
746 2678 1129 2735 affectionum
1168 2679 1382 2733 veteris
1414 2678 1553 2734 Adae
1584 2678 1952 2750 progeniem.

507 2893 602 2949 III.
661 2891 883 2948 Eodem
938 2891 1122 2947 modo
1173 2891 1396 2963 placuit
1421 2891 1675 2947 Domino
1742 2893 1799 2947 in
1828 2891 2091 2948 adventu

436 3000 547 3039 suo
581 2982 703 3052 pati
743 2998 851 3053 pro
899 2981 1208 3046 omnibus,
1252 2987 1308 3037 et
1355 2981 1645 3036 redimere
1695 2997 1797 3036 eos
1847 2982 2089 3052 proprio

434 3074 750 3141 sanguine,
780 3075 837 3126 et
863 3071 1217 3126 fermentum
1239 3070 1472 3126 cmleste
1494 3070 1752 3125 bonitats
1777 3070 2089 3125 infundere

433 3161 713 3217 ﬁdelibus
745 3160 1060 3216 animabus
1088 3160 1435 3231 subjugum
1459 3161 1684 3232 peccati
1714 3160 1970 3215 redactis
2001 3165 2091 3216 :et

431 3251 515 3307 ita
565 3250 943 3322 promotione
985 3266 1054 3305 ac
1098 3251 1465 3304 incremento
1508 3265 1752 3305 omnem
1796 3250 2090 3319 justitiam

433 3340 882 3404 mandatorum,
919 3354 1253 3410 omnesque
1284 3339 1521 3393 virtutes
1556 3337 1615 3392 in
1643 3339 1725 3393 eis
1766 3339 2088 3410 complere,

431 3433 624 3483 donec
648 3428 1145 3482 fermentarentur
1173 3428 1230 3481 in
1264 3442 1452 3482 unum
1496 3427 1553 3481 in
1584 3426 1768 3497 bono,
1795 3432 1851 3482 et
1887 3428 2093 3483 ﬁerent

434 3532 566 3573 cum
600 3516 846 3571 Domino
866 3530 1019 3570 unus
1044 3515 1309 3583 Spiritus
1351 3517 1419 3582 *5,
1444 3516 1615 3586 juxta
1655 3516 1880 3572 dictum
1907 3517 2087 3582 Pauli,

432 3605 515 3660 ita
568 3609 634 3658 ut
676 3602 897 3659 malitia
932 3619 1001 3659 ac
1046 3604 1328 3673 nequitia,
1370 3620 1442 3658 ne
1479 3604 1787 3675 pervenire
1821 3606 2087 3675 quidem,

431 3692 621 3764 possit
642 3692 718 3747 ad
758 3691 1194 3761 cogitationum
1226 3693 1462 3756 animm,
1484 3692 1704 3763 Spiritu
1735 3693 1938 3748 divino
1969 3693 2092 3763 pla-

434 3797 509 3836 ne
548 3797 618 3836 ac
664 3781 906 3851 penitus
959 3780 1351 3849 fermentata,
1383 3786 1443 3836 ut
1498 3780 1719 3835 dictum
1743 3783 2091 3838 est:Chari-

433 3875 523 3926 tas
547 3886 665 3926 non
680 3871 903 3939 cogitat
924 3871 1150 3926 malum
1178 3872 1246 3936 ²⁶,
1263 3876 1465 3942 etquae
1484 3876 1833 3941 sequuntur.
1854 3872 2093 3943 Absque

433 3962 723 4016 fermento
761 3975 901 4015 vero
933 3959 1180 4024 caelesti,
1213 3961 1377 4031 quod
1411 3965 1501 4014 est
1527 3960 1712 4014 virtus
1746 3960 1924 4015 divini
1967 3960 2095 4032 Spi-

433 4050 601 4115 ritus,
626 4050 746 4121 90
769 4048 1111 4104 fermentari
1144 4048 1404 4103 bonitate
1436 4048 1692 4113 Domini,
1720 4054 1777 4104 et
1809 4050 1885 4104 ad
1912 4050 2090 4105 vitam

432 4139 742 4211 pervenire
775 4139 1066 4201 animam,
1101 4154 1348 4209 prorsus
1385 4153 1505 4192 non
1549 4143 1762 4207 potest.
1796 4140 1953 4195 Sicut
1984 4155 2093 4195 nec

435 4242 626 4298 genus
701 4227 842 4281 Adee
910 4226 986 4282 ad
1053 4233 1279 4282 tantam
1344 4226 1569 4283 malitia
1625 4243 1693 4283 ac
1762 4229 2091 4300 nequitiam

434 4317 697 4371 converti
724 4323 974 4386 poterat,
1002 4317 1111 4370 nisi
1139 4316 1378 4372 malitiae
1406 4316 1783 4381 fermentum,
1816 4318 1978 4388 quod
2008 4324 2096 4373 est

436 4410 773 4476 peccatum,
808 4410 864 4459 et
891 4405 1139 4460 facultas
1178 4406 1460 4477 quaedam
1502 4406 1687 4461 animi
1735 4407 1969 4461 Satanae
2007 4406 2097 4461 in-

437 4494 749 4561 tellectiva,
784 4510 920 4549 eum
954 4494 1372 4549 subintrasset.

513 4708 602 4761 IV.
622 4704 1147 4772 Quemadmodum
1164 4707 1401 4772 enim,si
1416 4707 1550 4779 quis
1563 4706 1819 4763 farinam
1834 4707 2093 4777 subigat,

441 4812 551 4852 nec
596 4795 956 4851 fermentum
998 4796 1241 4868 injiciat,
1270 4804 1640 4869 quantopere
1690 4797 1961 4853 videatur
2007 4796 2099 4852 ela

440 4885 676 4941 borare.
719 4886 1008 4940 invertere
1050 4901 1120 4939 ac
1160 4887 1412 4956 operari.
1446 4886 1715 4942 fermenti
1757 4902 1969 4957 expers
2010 4890 2101 4941 est

446 4988 669 5039 massa,
701 4974 849 5045 etjad
878 4990 1045 5029 esum
1082 4974 1277 5029 minus
1302 4975 1649 5031 commoda.
1684 4975 1787 5031 Ubi
1817 4992 1956 5031 vero
1972 4976 2099 5046 inji-

444 5064 634 5119 ciatur
647 5064 1209 5132 fermentum,trahit
1222 5064 1297 5118 ad
1314 5080 1374 5119 se
1389 5069 1571 5119 totam
1589 5064 1792 5119 farinae
1811 5081 2097 5129 massam,

446 5152 758 5225 redditque
800 5156 983 5208 totam
1034 5152 1492 5222 fermentatam;
1523 5154 1675 5208 sicut
1709 5160 1763 5208 et
1808 5154 2098 5209 Dominus

445 5256 698 5311 regnum
729 5240 1098 5306 assimilavit,
1132 5242 1587 5300 dicens:Simile
1616 5249 1693 5298 est
1724 5259 1967 5313 regnum
1996 5258 2100 5299 cat-

451 5333 645 5387 lorum
657 5331 968 5400 fermento,
988 5332 1147 5402 quod
1168 5336 1472 5399 acceptum
1496 5333 1708 5388 mulier
1719 5332 2024 5388 abscondit
2038 5332 2101 5386 in

440 5421 660 5493 farina
688 5423 826 5476 satis
857 5422 1063 5489 tribus,
1104 5423 1286 5479 donec
1306 5423 1773 5492 fermentaretur
1803 5431 1985 5478 totum
2018 5425 2091 5481 ³⁷.

447 5516 561 5568 Αιιῖ
594 5510 790 5578 veluti,
808 5510 854 5564 si
877 5511 1011 5583 quis
1035 5527 1241 5567 carnes
1255 5511 1494 5578 habeat,
1522 5528 1849 5584 earumque
1872 5527 2106 5568 conser-

2193 1879 2419 1946 μετέσχε
2452 1890 2464 1903 ⁸
2520 1878 2608 1925 καὶ
2645 1872 2823 1925 λοιπὸν
2853 1876 2989 1926 κατά
3041 1879 3309 1945 προκοπὴν
3353 1878 3438 1925 καὶ
3477 1873 3697 1935 αὔξησιν
3731 1874 3801 1933 εἰς

2192 1970 2440 2014 τοσοῦτον
2508 1961 2731 2024 ηὔξησεν
2790 1960 2838 2013 ἐν
2891 1970 2994 2023 τοῖς
3048 1961 3340 2035 ἀνθρώποις
3393 1964 3458 2014 τὰ
3506 1964 3648 2019 πάθη
3706 1969 3804 2023 τῆς

2195 2052 2469 2123 ἁμαρτίας,
2529 2060 2661 2103 ὠστε
2719 2052 2812 2114 ἕως
2872 2060 3138 2123 πορνειῶν,
3210 2057 3299 2104 καὶ
3351 2050 3651 2123 ἀσελγειὼν,
3711 2055 3806 2102 καὶ

2196 2138 2642 2212 εἰδωλολατρειῶν,
2717 2146 2806 2193 καὶ
2882 2147 3063 2213 φόνων,
3115 2146 3204 2193 καὶ
3262 2141 3442 2216 ἑτέρων
3526 2139 3807 2212 ἀτοπημά-

2196 2251 2294 2283 των
2333 2242 2607 2303 χωρησαι,
2658 2230 2746 2291 ἕως
2789 2231 2850 2282 οὗ
2900 2230 3143 2302 ἐζυμώθη
3197 2239 3258 2303 τῇ
3310 2236 3469 2302 κακία
3524 2233 3553 2288 ἠ
3611 2229 3811 2302 ἀνθρω-

2196 2324 2356 2379 πὸτης
2391 2337 2402 2349 ·
2452 2323 2541 2371 καὶ
2598 2318 2664 2380 εἰς
2716 2328 2965 2371 ¹τοσοῦτον
3038 2320 3260 2383 ηὔξησεν
3311 2318 3359 2371 ἐν
3414 2318 3706 2392 ἀνθρώποις
3748 2322 3809 2370 τὸ

2199 2412 2377 2475 κακὸν,
2451 2411 2514 2469 ὡς
2565 2409 2796 2469 νομίζειν
2869 2414 3000 2481 μήτε
3060 2406 3188 2462 εἶναι
3233 2414 3385 2474 Θεὸν,
3445 2408 3572 2460 ἀλλὰ
3635 2409 3805 2469 λίθοις

2199 2498 2435 2569 ἀψύχοις
2482 2507 2869 2572 προσκυνῆσαι,
2926 2507 3057 2569 μητε
3106 2498 3198 2550 κάν
3249 2499 3344 2559 ἕως
3420 2498 3615 2560 ἐννοίας
3675 2501 3806 2551 Θεὸν

2197 2586 2473 2658 λαμϐάνειν
2537 2584 2821 2657 δύνασθαι,
2870 2587 2937 2648 εἰς
2997 2595 3246 2640 τοσοῦτον
3306 2587 3571 2659 ἐζύμωσεν
3628 2589 3653 2645 ἡ
3718 2596 3811 2647 τῆς

2200 2681 2384 2738 κακίας
2458 2685 2557 2727 τῶν
2629 2678 2806 2729 παθῶν
2875 2678 3014 2749 ζύμη
3075 2680 3132 2730 τὸ
3203 2680 3350 2749 γένος
3403 2685 3495 2729 τοῦ
3576 2676 3802 2729 παλαιοῦ

2200 2763 2399 2838 Ἀδάμ.

2274 2891 2346 2945 Γ.
2404 2893 2503 2943 Τὸν
2560 2889 2717 2942 αὐτὸν
2764 2894 2953 2963 τρόπον
3006 2886 3292 2949 εὐδόκησεν
3342 2893 3366 2941 ὀ
3415 2896 3610 2965 Κυριος
3661 2888 3703 2940 ἐν
3733 2897 3793 2960 τῇ

2202 2978 2461 3052 ἐπιδημίᾳ
2514 2979 2675 3031 αὐτοῦ
2720 2981 2900 3031 παθεῖν
2964 2981 3090 3054 ύπερ
3136 2983 3363 3048 πάντων,
3412 2985 3502 3031 καὶ
3544 2978 3798 3054 ἀγοράσαι

2201 3070 2391 3132 αύτούς
2438 3070 2510 3140 τῷ
2564 3065 2683 3140 ἰδίῳ
2730 3070 2935 3141 αἵματι,
2968 3074 3057 3121 καὶ
3111 3070 3281 3141 ζύμην
3340 3072 3642 3143 ἐπουράνιον
3684 3068 3808 3139 ἀγα-

2131 3146 2171 3201 C
2204 3162 2419 3220 θοτητος
2493 3158 2709 3210 ἐνθεῖναι
2763 3166 2877 3219 ταῖς
2950 3167 3165 3219 πισταῖς
3229 3158 3438 3231 ψυχαῖς
3481 3161 3812 3211 ταπεινωθεί-

3058 3253 3143 3299 xui
3230 3252 3363 3300 οὕτω
3432 3248 3608 3299 λοιπὸν
3675 3249 3815 3299 κατά

2198 3343 2467 3411 προκοπὴν
2524 3341 2612 3389 καὶ
2658 3336 2903 3401 αὔξησιν,
2944 3342 3119 3388 πᾶσαν
3172 3332 3515 3394 δικαιοσύνην
3573 3335 3812 3399 ἐντολῶν,

2204 3269 2317 3310 σαις
2378 3250 2478 3300 ὑπὸ
2536 3252 2626 3304 τὴν
2681 3248 2939 3321 ἁμαρτίαν
2984 3267 2996 3278 ·

2200 3433 2289 3479 καὶ
2349 3428 2523 3487 πάσας
2592 3424 2774 3500 ἀρετὰς
2862 3426 2909 3477 ἐν
2968 3426 3145 3487 αὐτοῖς
3213 3424 3522 3489 ἐπιτελέσαι,
3606 3426 3702 3485 ἕως
3751 3425 3815 3476 οὗ

2202 3518 2514 3588 ζυμωθῶσιν
2566 3515 2633 3575 εἰς
2664 3514 2711 3566 ἓν
2765 3512 2836 3586 τῷ
2893 3513 3092 3584 ἀγαθῷ,
3152 3518 3240 3566 καὶ
3278 3517 3527 3585 γένωνται
3556 3516 3690 3585 μετά
3720 3520 3814 3564 τοῦ

2204 3609 2397 3677 Κυρίου
2474 3603 2546 3665 εἰς
2622 3604 2670 3656 ἓν
2741 3610 2952 3675 Πνεῦμα
3014 3605 3149 3655 κατά
3209 3607 3266 3654 τὸ
3342 3602 3515 3674 λόγιον
3576 3600 3809 3665 Παύλου,

2201 3700 2385 3756 κακίας
2460 3699 2549 3744 καὶ
2610 3698 2867 3765 πονηρίας
2929 3690 3067 3764 μηδὲ
3135 3698 3329 3765 μέχρις
3388 3691 3581 3752 ἐννοίας
3648 3690 3808 3744 ἐλθεῖν

2204 3780 2496 3854 δυναμένης
2525 3786 2574 3833 ἓν
2607 3790 2668 3853 τῇ
2723 3782 2997 3855 ζυμωμένη
3028 3781 3183 3853 ψυχῇ
3222 3781 3310 3853 ὅλῃ
3358 3780 3410 3842 ἓξ
3441 3780 3557 3831 ὅλου
3590 3780 3663 3849 τῷ
3695 3781 3802 3848 θείῳ

2203 3875 2481 3944 Πνεύματι,
2507 3874 2677 3933 καθὼς
2701 3870 2999 3943 εῖρηται,Ἠ
3032 3870 3241 3940 ἀγάπη
3277 3870 3342 3922 οῦ
3369 3869 3717 3940 λογίζεται
3739 3870 3794 3918 τὸ

2201 3965 2416 4023 κακὸν,
2468 3965 2554 4013 καὶ
2607 3962 2671 4011 τὰ
2729 3958 3008 4012 ἀκόλουθα.
3065 3959 3215 4013 Ἀνευ
3278 3956 3336 4011 δε
3366 3966 3456 4010 τοῦ
3510 3958 3808 4029 προζυμίου

2201 4058 2294 4103 τοῦ
2351 4049 2677 4125 ἕπουρανίου,
2736 4051 2856 4122 ὅπερ
2914 4048 3056 4101 ἐστὶν
3107 4051 3136 4107 η
3196 4056 3286 4100 τοῦ
3320 4050 3456 4100 θείου
3515 4050 3816 4117 Πνὲύματος

2205 4138 2449 4211 δύναμις,
2496 4140 2801 4211 ζυμωθῆναι
2849 4141 2899 4190 ἓν
2944 4139 3006 4211 τῇ
3065 4142 3400 4210 χρηστότητι
3441 4140 3530 4188 τόῦ
3587 4141 3811 4209 Κυρίου,

2204 4235 2292 4282 καὶ
2339 4237 2667 4287 καταντῆσαι
2724 4227 2911 4299 ψυχὴν
2948 4227 3017 4287 εἰς
3053 4227 3211 4287 ζωὴν,
3267 4222 3546 4278 ἀδύνατον.
3606 4223 3815 4295 Ὠσπερ

2205 4315 2328 4370 οὐδὲ
2375 4322 2433 4370 τὸ
2487 4322 2626 4388 γένος
2682 4324 2773 4369 τοῦ
2824 4313 3003 4387 Ἀδὰμ
3060 4316 3129 4377 εἰς
3182 4318 3443 4372 τοσαύτην
3489 4318 3676 4366 κακίαν
3721 4312 3814 4365 καὶ

2204 4412 2455 4481 πονηρίαν
2509 4406 2830 4479 ἐκτραπῆναι
2877 4402 3128 4471 ἠδύνατο,
3184 4404 3228 4457 εἰ
3279 4410 3349 4476 μη
3391 4408 3449 4456 τὸ
3480 4411 3570 4463 τῆς
3620 4408 3814 4463 κακίας

2129 4491 2173 4547 D
2204 4500 2515 4570 προζύμιον,
2550 4498 2670 4569 ὅπερ
2722 4494 2861 4547 ἐστὶν
2903 4497 2932 4552 ἡ
2984 4495 3235 4568 ἁμαρτία,
3280 4492 3588 4552 ύπεισῆλθεν
3644 4490 3809 4561 αὐτῷ,

2206 4587 2388 4658 λογική
2431 4606 2511 4646 τις
2542 4585 2676 4636 οὖσα
2714 4590 2802 4636 καὶ
2834 4586 2984 4657 νοερά
3027 4580 3250 4655 δύναμις
3280 4590 3371 4635 τοῦ
3403 4588 3585 4635 Σατᾶν.

2280 4708 2350 4762 A'.
2391 4707 2591 4779 ’Ὠσπερ
2647 4709 2749 4781 γὰρ
2795 4710 2877 4760 ἑαν
2924 4727 3000 4769 τις
3053 4707 3245 4782 ἄλευρα
3291 4707 3518 4779 φυράση,
3562 4707 3633 4776 μὴ
3669 4701 3808 4775 βάλῃ

2210 4795 2269 4851 δὲ
2300 4799 2612 4871 προζύμιον,
2647 4798 2766 4849 ὅσον
2808 4796 2867 4849 ἂν
2918 4793 3048 4871 δοκῇ
3109 4796 3469 4867 ἐπιμελεῖσθαι
3506 4800 3596 4845 καὶ
3653 4811 3808 4865 μετα·

2210 4887 2431 4953 ϐάλλειν,
2492 4892 2582 4939 καὶ
2635 4887 3070 4959 κατεργάζεσθαι,
3126 4886 3325 4957 ἄζυμον
3383 4884 3498 4934 ἐστι
3538 4885 3595 4933 τὸ
3653 4884 3814 4953 φύρα-

2210 4997 2304 5050 μα,
2340 4982 2429 5028 καὶ
2490 4972 2841 5034 ἀνεπιτήδειον
2873 4976 2941 5036 εἰς
2988 4974 3188 5048 βρῶσιν
3230 4989 3242 5003 ⁸
3292 4972 3415 5025 ἐπὰν
3463 4968 3521 5023 δὲ
3571 4968 3742 5042 βληθῇ
3779 4972 3809 5027 ἦ

2211 5067 2376 5137 ζύμη,
2417 5065 2549 5117 ἕλκει
2606 5068 2736 5139 πρὸς
2789 5065 2950 5121 αὐτὴν
3000 5062 3110 5115 ὅλον
3164 5066 3221 5114 τὸ
3260 5068 3351 5113 τοῦ
3406 5059 3620 5133 ἀλεύρου
3652 5061 3815 5132 φύρα-

2211 5176 2305 5228 μα,
2354 5158 2443 5205 καὶ
2501 5153 2851 5228 ἀπεργάζεται
2926 5152 3038 5204 ὅλον
3107 5152 3298 5223 ζύμην,
3350 5150 3582 5222 καθάπερ
3639 5152 3730 5198 καὶ
3790 5148 3816 5197 ὁ

2214 5245 2405 5315 Κύριος
2425 5248 2710 5315 παρείκασε
2729 5247 2819 5299 τὴν
2848 5241 3140 5314 βασιλείαν,
3170 5240 3343 5305 εἰπὼν,
3373 5238 3597 5310 Ὁμοία
3635 5234 3815 5287 ἐστὶν

2213 5335 2242 5391 ἡ
2278 5331 2588 5404 βασιλεία
2626 5340 2743 5382 τῶν
2812 5335 3097 5405 οὐρανῶν
3157 5330 3349 5401 ζύμῃ,
3415 5327 3481 5384 ἢν
3521 5323 3816 5377 λαϐοῦσα

2213 5427 2370 5493 γυνὴ
2414 5420 2685 5494 ἔκρυψεν
2725 5420 2809 5481 εἰς
2850 5420 3116 5492 ἀλεύρου
3174 5421 3334 5472 σάτα
3387 5422 3552 5490 τρία,
3594 5416 3705 5476 ἕως
3743 5415 3813 5466 οὗ

2221 5511 2514 5583 ἐζυμώθη
2581 5509 2744 5566 ὅλον.
2797 5509 2863 5563 ’Π
2917 5511 3088 5583 ὥσπερ
3121 5511 3204 5561 ἐὰν
3320 5511 3461 5580 κρέα,
3517 5509 3605 5557 καὶ
3635 5508 3813 5555 πᾶσαν

519 5691 565 5726 ²⁴
596 5688 849 5761 Philipp.
882 5708 957 5755 ιιι,
980 5695 1067 5747 20.
1146 5692 1193 5725 ²⁵
1223 5693 1241 5745 Ι
1274 5691 1403 5746 Cor.
1424 5705 1499 5753 Vl,
1546 5694 1630 5744 t7.
1708 5691 1756 5725 ²⁶
1784 5687 1803 5741 Ι
1846 5687 1978 5746 Cor.
2008 5704 2079 5745 xu

2196 5726 2205 5741 .
2282 5689 2325 5723 ³⁷
2360 5687 2561 5746 Matth.
2600 5703 2717 5753 xm,
2753 5686 2820 5743 33
2852 5702 2866 5752 ;
2901 5687 3034 5742 Luc.
3061 5702 3177 5752 xm,
3218 5688 3307 5739 2t.

4092 4692 4148 4761 ut.
