  <div class='ocr_page' id='page_1' title='image "/cluster/home/n/w/nwhite01/storage/ocr_20150623/34/mdp.39015041165401/390.png"; bbox 0 0 4148 6262; ppageno 0'>
   <div class='ocr_carea' id='block_1_1' title="bbox 89 0 2439 95">
    <p class='ocr_par' dir='ltr' id='par_1_1' title="bbox 93 0 2439 91">
     <span class='ocr_line' id='line_1_1' title="bbox 1469 0 2439 30; baseline -0.003 -12"><span class='ocrx_word' id='word_1_1' title='bbox 1469 17 1482 20; x_wconf 80' lang='grc'>,,</span> <span class='ocrx_word' id='word_1_2' title='bbox 1513 1 1718 30; x_wconf 41' lang='grc' dir='ltr'>-σε-Α-ισκι</span> <span class='ocrx_word' id='word_1_3' title='bbox 1729 0 1842 22; x_wconf 52' lang='grc' dir='ltr'>..κευὲ</span> <span class='ocrx_word' id='word_1_4' title='bbox 1913 3 1934 18; x_wconf 72' lang='grc'>,’</span> <span class='ocrx_word' id='word_1_5' title='bbox 1981 11 1984 14; x_wconf 83' lang='grc'>.</span> <span class='ocrx_word' id='word_1_6' title='bbox 2011 5 2064 18; x_wconf 43' lang='grc' dir='ltr'>..πο</span> <span class='ocrx_word' id='word_1_7' title='bbox 2089 3 2120 16; x_wconf 74' lang='grc'>,⁴,</span> <span class='ocrx_word' id='word_1_8' title='bbox 2141 5 2144 10; x_wconf 97' lang='grc'><strong><em>-</em></strong></span> <span class='ocrx_word' id='word_1_9' title='bbox 2207 7 2250 24; x_wconf 42' lang='grc' dir='ltr'>λη,</span> <span class='ocrx_word' id='word_1_10' title='bbox 2275 0 2312 22; x_wconf 39' lang='grc' dir='ltr'>Ὤ-</span> 
     </span>
     <span class='ocr_line' id='line_1_2' title="bbox 93 0 2427 91; baseline -0.02 0"><span class='ocrx_word' id='word_1_11' title='bbox 93 0 2387 91; x_wconf 47' lang='grc' dir='ltr'>ν</span> <span class='ocrx_word' id='word_1_12' title='bbox 2416 36 2427 41; x_wconf 48' lang='grc' dir='ltr'><em>ν</em></span> 
     </span>
     <span class='ocr_line' id='line_1_3' title="bbox 721 51 1690 68; baseline -0.012 0"><span class='ocrx_word' id='word_1_13' title='bbox 721 55 872 66; x_wconf 81' lang='lat'>—-—~~&quot;&quot;</span> <span class='ocrx_word' id='word_1_14' title='bbox 1005 65 1008 68; x_wconf 87' lang='lat'><strong><em>.</em></strong></span> <span class='ocrx_word' id='word_1_15' title='bbox 1057 57 1072 66; x_wconf 87' lang='lat'><strong><em>-.</em></strong></span> <span class='ocrx_word' id='word_1_16' title='bbox 1105 53 1200 64; x_wconf 58' lang='grc' dir='ltr'>σιν-ι’,</span> <span class='ocrx_word' id='word_1_17' title='bbox 1238 51 1382 65; x_wconf 50' lang='grc' dir='ltr'>η-ηςκ</span> <span class='ocrx_word' id='word_1_18' title='bbox 1431 53 1436 56; x_wconf 97' lang='grc'>.</span> <span class='ocrx_word' id='word_1_19' title='bbox 1562 58 1569 59; x_wconf 31' lang='lat'><em>7</em></span> <span class='ocrx_word' id='word_1_20' title='bbox 1601 53 1638 58; x_wconf 58' lang='grc' dir='ltr'>υ.</span> <span class='ocrx_word' id='word_1_21' title='bbox 1669 53 1690 56; x_wconf 83' lang='grc'>..</span> 
     </span>
    </p>
   </div>
   <div class='ocr_carea' id='block_1_2' title="bbox 1537 385 1981 444">
    <p class='ocr_par' dir='ltr' id='par_1_2' title="bbox 1537 385 1981 444">
     <span class='ocr_line' id='line_1_4' title="bbox 1537 385 1981 444; baseline -0.002 0"><span class='ocrx_word' id='word_1_22' title='bbox 1537 385 1869 444; x_wconf 74' lang='lat' dir='ltr'>HOMlLI/E.</span> <span class='ocrx_word' id='word_1_23' title='bbox 1913 418 1981 429; x_wconf 96' lang='lat'><strong><em>—</em></strong></span> 
     </span>
    </p>
   </div>
   <div class='ocr_carea' id='block_1_3' title="bbox 304 511 1923 597">
    <p class='ocr_par' dir='ltr' id='par_1_3' title="bbox 304 511 1901 597">
     <span class='ocr_line' id='line_1_5' title="bbox 304 511 1901 597; baseline -0.008 -18"><span class='ocrx_word' id='word_1_24' title='bbox 304 530 394 597; x_wconf 67' lang='grc' dir='ltr'>μὲν</span> <span class='ocrx_word' id='word_1_25' title='bbox 446 524 615 578; x_wconf 76' lang='grc' dir='ltr'>αὐτῶν</span> <span class='ocrx_word' id='word_1_26' title='bbox 668 521 953 594; x_wconf 76' lang='grc' dir='ltr'>ἐπιμέλειαν</span> <span class='ocrx_word' id='word_1_27' title='bbox 996 521 1289 577; x_wconf 79' lang='grc' dir='ltr'>ποιήσηταί</span> <span class='ocrx_word' id='word_1_28' title='bbox 1342 535 1440 582; x_wconf 90' lang='grc' dir='ltr'>τις,</span> <span class='ocrx_word' id='word_1_29' title='bbox 1492 519 1562 587; x_wconf 83' lang='grc' dir='ltr'>μή</span> <span class='ocrx_word' id='word_1_30' title='bbox 1624 514 1779 587; x_wconf 79' lang='grc' dir='ltr'>ἁλίσῇ</span> <span class='ocrx_word' id='word_1_31' title='bbox 1842 511 1901 567; x_wconf 74' lang='grc' dir='ltr'>δὲ</span> 
     </span>
    </p>
   </div>
   <div class='ocr_carea' id='block_1_4' title="bbox 2037 511 3669 597">
    <p class='ocr_par' dir='ltr' id='par_1_4' title="bbox 2037 514 3669 594">
     <span class='ocr_line' id='line_1_6' title="bbox 2037 514 3669 594; baseline 0.006 -26"><span class='ocrx_word' id='word_1_32' title='bbox 2037 514 2353 570; x_wconf 68' lang='lat' dir='ltr'>randarum</span> <span class='ocrx_word' id='word_1_33' title='bbox 2372 515 2716 586; x_wconf 80' lang='lat' dir='ltr'>diligentem</span> <span class='ocrx_word' id='word_1_34' title='bbox 2736 534 2941 577; x_wconf 91' lang='lat' dir='ltr'>curam</span> <span class='ocrx_word' id='word_1_35' title='bbox 2960 523 3262 594; x_wconf 85' lang='lat' dir='ltr'>suscipiat,</span> <span class='ocrx_word' id='word_1_36' title='bbox 3286 538 3408 579; x_wconf 92' lang='lat' dir='ltr'>non</span> <span class='ocrx_word' id='word_1_37' title='bbox 3428 522 3669 578; x_wconf 82' lang='lat' dir='ltr'>condiat</span> 
     </span>
    </p>
   </div>
   <div class='ocr_carea' id='block_1_5' title="bbox 315 398 421 455">
    <p class='ocr_par' dir='ltr' id='par_1_5' title="bbox 315 398 421 455">
     <span class='ocr_line' id='line_1_7' title="bbox 315 398 421 455; baseline -0.009 0"><span class='ocrx_word' id='word_1_38' title='bbox 315 398 421 455; x_wconf 77' lang='grc'>665</span> 
     </span>
    </p>
   </div>
   <div class='ocr_carea' id='block_1_6' title="bbox 305 600 1908 685">
    <p class='ocr_par' dir='ltr' id='par_1_6' title="bbox 305 600 1908 685">
     <span class='ocr_line' id='line_1_8' title="bbox 305 600 1908 685; baseline -0.008 -18"><span class='ocrx_word' id='word_1_39' title='bbox 305 615 455 667; x_wconf 80' lang='grc' dir='ltr'>ἅλατι</span> <span class='ocrx_word' id='word_1_40' title='bbox 509 622 581 685; x_wconf 84' lang='grc' dir='ltr'>τῷ</span> <span class='ocrx_word' id='word_1_41' title='bbox 628 620 727 665; x_wconf 86' lang='grc' dir='ltr'>τῶν</span> <span class='ocrx_word' id='word_1_42' title='bbox 784 609 1063 667; x_wconf 76' lang='grc' dir='ltr'>σκωλήκων</span> <span class='ocrx_word' id='word_1_43' title='bbox 1116 608 1442 679; x_wconf 86' lang='grc' dir='ltr'>ἁναιρετικῷ,</span> <span class='ocrx_word' id='word_1_44' title='bbox 1499 608 1589 656; x_wconf 87' lang='grc' dir='ltr'>καὶ</span> <span class='ocrx_word' id='word_1_45' title='bbox 1633 600 1908 665; x_wconf 77' lang='grc' dir='ltr'>δυσωδίας</span> 
     </span>
    </p>
   </div>
   <div class='ocr_carea' id='block_1_7' title="bbox 307 692 1911 776">
    <p class='ocr_par' dir='ltr' id='par_1_7' title="bbox 307 692 1911 776">
     <span class='ocr_line' id='line_1_9' title="bbox 307 692 1911 776; baseline -0.009 -19"><span class='ocrx_word' id='word_1_46' title='bbox 307 703 649 776; x_wconf 75' lang='grc' dir='ltr'>ἀφανιστικῷ,</span> <span class='ocrx_word' id='word_1_47' title='bbox 702 701 808 761; x_wconf 78' lang='grc' dir='ltr'>ὄζει</span> <span class='ocrx_word' id='word_1_48' title='bbox 859 705 950 751; x_wconf 85' lang='grc' dir='ltr'>καὶ</span> <span class='ocrx_word' id='word_1_49' title='bbox 1010 702 1269 755; x_wconf 86' lang='grc' dir='ltr'>σέσηπται</span> <span class='ocrx_word' id='word_1_50' title='bbox 1313 697 1376 747; x_wconf 83' lang='grc' dir='ltr'>τὰ</span> <span class='ocrx_word' id='word_1_51' title='bbox 1416 698 1562 767; x_wconf 81' lang='grc' dir='ltr'>κρέα,</span> <span class='ocrx_word' id='word_1_52' title='bbox 1608 698 1698 745; x_wconf 86' lang='grc' dir='ltr'>καὶ</span> <span class='ocrx_word' id='word_1_53' title='bbox 1739 692 1911 764; x_wconf 80' lang='grc' dir='ltr'>ἀχρὴ-</span> 
     </span>
    </p>
   </div>
   <div class='ocr_carea' id='block_1_8' title="bbox 309 782 1909 865">
    <p class='ocr_par' dir='ltr' id='par_1_8' title="bbox 309 782 1909 865">
     <span class='ocr_line' id='line_1_10' title="bbox 309 782 1909 865; baseline -0.008 -20"><span class='ocrx_word' id='word_1_54' title='bbox 309 812 441 865; x_wconf 90' lang='grc' dir='ltr'>σιμα</span> <span class='ocrx_word' id='word_1_55' title='bbox 493 795 765 863; x_wconf 83' lang='grc' dir='ltr'>γεγένηται</span> <span class='ocrx_word' id='word_1_56' title='bbox 817 796 927 848; x_wconf 90' lang='grc' dir='ltr'>τοῖς</span> <span class='ocrx_word' id='word_1_57' title='bbox 979 787 1265 859; x_wconf 84' lang='grc' dir='ltr'>ἀνθρώποις</span> <span class='ocrx_word' id='word_1_58' title='bbox 1306 805 1319 817; x_wconf 93' lang='grc'><strong>·</strong></span> <span class='ocrx_word' id='word_1_59' title='bbox 1370 786 1456 835; x_wconf 91' lang='grc' dir='ltr'>τόν</span> <span class='ocrx_word' id='word_1_60' title='bbox 1516 782 1670 834; x_wconf 80' lang='grc' dir='ltr'>αὐτόν</span> <span class='ocrx_word' id='word_1_61' title='bbox 1725 785 1909 854; x_wconf 79' lang='grc' dir='ltr'>τρόπον</span> 
     </span>
    </p>
   </div>
   <div class='ocr_carea' id='block_1_9' title="bbox 306 869 1911 952">
    <p class='ocr_par' dir='ltr' id='par_1_9' title="bbox 306 869 1911 952">
     <span class='ocr_line' id='line_1_11' title="bbox 306 869 1911 952; baseline -0.009 -18"><span class='ocrx_word' id='word_1_62' title='bbox 306 883 501 933; x_wconf 85' lang='grc' dir='ltr'>ὑπόθου</span> <span class='ocrx_word' id='word_1_63' title='bbox 547 899 636 952; x_wconf 92' lang='grc' dir='ltr'>μοι</span> <span class='ocrx_word' id='word_1_64' title='bbox 690 884 863 931; x_wconf 85' lang='grc' dir='ltr'>πᾶσαν</span> <span class='ocrx_word' id='word_1_65' title='bbox 911 880 1005 935; x_wconf 77' lang='grc' dir='ltr'>τὴν</span> <span class='ocrx_word' id='word_1_66' title='bbox 1056 874 1436 949; x_wconf 86' lang='grc' dir='ltr'>ἁνθρωπότητα</span> <span class='ocrx_word' id='word_1_67' title='bbox 1476 876 1629 944; x_wconf 82' lang='grc' dir='ltr'>κρέας</span> <span class='ocrx_word' id='word_1_68' title='bbox 1666 869 1793 922; x_wconf 79' lang='grc' dir='ltr'>εἶναι</span> <span class='ocrx_word' id='word_1_69' title='bbox 1820 876 1911 921; x_wconf 88' lang='grc' dir='ltr'>και</span> 
     </span>
    </p>
   </div>
   <div class='ocr_carea' id='block_1_10' title="bbox 305 959 1914 1043">
    <p class='ocr_par' dir='ltr' id='par_1_10' title="bbox 305 959 1914 1043">
     <span class='ocr_line' id='line_1_12' title="bbox 305 959 1914 1043; baseline -0.009 -20"><span class='ocrx_word' id='word_1_70' title='bbox 305 971 487 1043; x_wconf 74' lang='grc' dir='ltr'>ἄζυμα</span> <span class='ocrx_word' id='word_1_71' title='bbox 515 988 525 999; x_wconf 76' lang='grc'><strong><em>⁸</em></strong></span> <span class='ocrx_word' id='word_1_72' title='bbox 559 973 617 1021; x_wconf 86' lang='grc' dir='ltr'>τό</span> <span class='ocrx_word' id='word_1_73' title='bbox 652 965 711 1020; x_wconf 67' lang='grc' dir='ltr'>δι</span> <span class='ocrx_word' id='word_1_74' title='bbox 758 967 886 1029; x_wconf 77' lang='grc' dir='ltr'>ἅλας</span> <span class='ocrx_word' id='word_1_75' title='bbox 938 970 1027 1018; x_wconf 88' lang='lat' dir='ltr'>xui</span> <span class='ocrx_word' id='word_1_76' title='bbox 1076 968 1134 1016; x_wconf 90' lang='grc' dir='ltr'>τό</span> <span class='ocrx_word' id='word_1_77' title='bbox 1182 962 1474 1039; x_wconf 81' lang='grc' dir='ltr'>προςύμιον</span> <span class='ocrx_word' id='word_1_78' title='bbox 1511 960 1562 1023; x_wconf 82' lang='grc' dir='ltr'>ἐξ</span> <span class='ocrx_word' id='word_1_79' title='bbox 1592 960 1761 1034; x_wconf 84' lang='grc' dir='ltr'>ἑτέρου</span> <span class='ocrx_word' id='word_1_80' title='bbox 1792 959 1914 1010; x_wconf 82' lang='grc' dir='ltr'>αἰῶ-</span> 
     </span>
    </p>
   </div>
   <div class='ocr_carea' id='block_1_11' title="bbox 304 1048 1914 1127">
    <p class='ocr_par' dir='ltr' id='par_1_11' title="bbox 304 1048 1914 1127">
     <span class='ocr_line' id='line_1_13' title="bbox 304 1048 1914 1127; baseline -0.008 -17"><span class='ocrx_word' id='word_1_81' title='bbox 304 1079 383 1119; x_wconf 87' lang='grc' dir='ltr'>νος</span> <span class='ocrx_word' id='word_1_82' title='bbox 424 1063 527 1111; x_wconf 81' lang='grc' dir='ltr'>νόει</span> <span class='ocrx_word' id='word_1_83' title='bbox 571 1062 664 1115; x_wconf 84' lang='grc' dir='ltr'>τὴν</span> <span class='ocrx_word' id='word_1_84' title='bbox 705 1059 844 1110; x_wconf 82' lang='grc' dir='ltr'>θείαν</span> <span class='ocrx_word' id='word_1_85' title='bbox 891 1057 1045 1127; x_wconf 81' lang='grc' dir='ltr'>φύσιν</span> <span class='ocrx_word' id='word_1_86' title='bbox 1094 1060 1186 1104; x_wconf 91' lang='grc' dir='ltr'>τοῦ</span> <span class='ocrx_word' id='word_1_87' title='bbox 1222 1052 1372 1123; x_wconf 77' lang='grc' dir='ltr'>ἁγίου</span> <span class='ocrx_word' id='word_1_88' title='bbox 1426 1053 1742 1121; x_wconf 87' lang='grc' dir='ltr'>Πνεύματος.</span> <span class='ocrx_word' id='word_1_89' title='bbox 1797 1048 1914 1099; x_wconf 84' lang='grc' dir='ltr'>Ἐἀν</span> 
     </span>
    </p>
   </div>
   <div class='ocr_carea' id='block_1_12' title="bbox 305 1138 1911 1220">
    <p class='ocr_par' dir='ltr' id='par_1_12' title="bbox 305 1138 1911 1220">
     <span class='ocr_line' id='line_1_14' title="bbox 305 1138 1911 1220; baseline -0.007 -21"><span class='ocrx_word' id='word_1_90' title='bbox 305 1145 391 1200; x_wconf 80' lang='grc' dir='ltr'>οὖν</span> <span class='ocrx_word' id='word_1_91' title='bbox 438 1152 508 1219; x_wconf 67' lang='grc' dir='ltr'>μὴ</span> <span class='ocrx_word' id='word_1_92' title='bbox 553 1154 708 1220; x_wconf 86' lang='grc' dir='ltr'>μιγῇ,</span> <span class='ocrx_word' id='word_1_93' title='bbox 759 1149 850 1196; x_wconf 86' lang='grc' dir='ltr'>καὶ</span> <span class='ocrx_word' id='word_1_94' title='bbox 888 1143 1057 1216; x_wconf 87' lang='grc' dir='ltr'>βληθῇ</span> <span class='ocrx_word' id='word_1_95' title='bbox 1112 1142 1183 1202; x_wconf 86' lang='grc' dir='ltr'>εἰς</span> <span class='ocrx_word' id='word_1_96' title='bbox 1230 1145 1323 1199; x_wconf 84' lang='grc' dir='ltr'>τὴν</span> <span class='ocrx_word' id='word_1_97' title='bbox 1372 1140 1773 1191; x_wconf 83' lang='grc' dir='ltr'>ταπεινωθεῖσαν</span> <span class='ocrx_word' id='word_1_98' title='bbox 1824 1138 1911 1208; x_wconf 76' lang='grc' dir='ltr'>φύ-</span> 
     </span>
    </p>
   </div>
   <div class='ocr_carea' id='block_1_13' title="bbox 309 1224 1915 1307">
    <p class='ocr_par' dir='ltr' id='par_1_13' title="bbox 309 1224 1915 1307">
     <span class='ocr_line' id='line_1_15' title="bbox 309 1224 1915 1307; baseline -0.009 -17"><span class='ocrx_word' id='word_1_99' title='bbox 309 1257 389 1290; x_wconf 83' lang='grc' dir='ltr'>σιν</span> <span class='ocrx_word' id='word_1_100' title='bbox 448 1245 548 1288; x_wconf 89' lang='grc' dir='ltr'>τῶν</span> <span class='ocrx_word' id='word_1_101' title='bbox 602 1234 901 1307; x_wconf 74' lang='grc' dir='ltr'>ἀνθρώπων,</span> <span class='ocrx_word' id='word_1_102' title='bbox 973 1232 1027 1295; x_wconf 79' lang='grc' dir='ltr'>ἐξ</span> <span class='ocrx_word' id='word_1_103' title='bbox 1075 1230 1267 1283; x_wconf 78' lang='grc' dir='ltr'>ἐκείνου</span> <span class='ocrx_word' id='word_1_104' title='bbox 1335 1237 1423 1281; x_wconf 92' lang='grc' dir='ltr'>τοῦ</span> <span class='ocrx_word' id='word_1_105' title='bbox 1478 1229 1683 1292; x_wconf 90' lang='grc' dir='ltr'>αἰῶνος,</span> <span class='ocrx_word' id='word_1_106' title='bbox 1735 1230 1824 1277; x_wconf 81' lang='grc' dir='ltr'>καὶ</span> <span class='ocrx_word' id='word_1_107' title='bbox 1864 1224 1915 1286; x_wconf 85' lang='grc' dir='ltr'>ἐξ</span> 
     </span>
    </p>
   </div>
   <div class='ocr_carea' id='block_1_14' title="bbox 312 1318 1917 1397">
    <p class='ocr_par' dir='ltr' id='par_1_14' title="bbox 312 1318 1917 1397">
     <span class='ocr_line' id='line_1_16' title="bbox 312 1318 1917 1397; baseline -0.008 -19"><span class='ocrx_word' id='word_1_108' title='bbox 312 1325 511 1387; x_wconf 80' lang='grc' dir='ltr'><strong>ἐκείνης</strong></span> <span class='ocrx_word' id='word_1_109' title='bbox 558 1333 655 1386; x_wconf 83' lang='grc' dir='ltr'>τῆς</span> <span class='ocrx_word' id='word_1_110' title='bbox 707 1320 969 1397; x_wconf 81' lang='grc' dir='ltr'>πατρίδος</span> <span class='ocrx_word' id='word_1_111' title='bbox 1026 1324 1055 1379; x_wconf 77' lang='grc' dir='ltr'>ἡ</span> <span class='ocrx_word' id='word_1_112' title='bbox 1109 1319 1414 1390; x_wconf 76' lang='grc' dir='ltr'>ἐπουράνιος</span> <span class='ocrx_word' id='word_1_113' title='bbox 1467 1326 1559 1369; x_wconf 84' lang='grc' dir='ltr'>τοῦ</span> <span class='ocrx_word' id='word_1_114' title='bbox 1619 1318 1917 1387; x_wconf 85' lang='grc' dir='ltr'>Πνεύματος</span> 
     </span>
    </p>
   </div>
   <div class='ocr_carea' id='block_1_15' title="bbox 310 1403 1916 1487">
    <p class='ocr_par' dir='ltr' id='par_1_15' title="bbox 310 1403 1916 1487">
     <span class='ocr_line' id='line_1_17' title="bbox 310 1403 1916 1487; baseline -0.008 -21"><span class='ocrx_word' id='word_1_115' title='bbox 310 1416 473 1487; x_wconf 80' lang='grc' dir='ltr'>ζύμη,</span> <span class='ocrx_word' id='word_1_116' title='bbox 531 1422 619 1467; x_wconf 85' lang='grc' dir='ltr'>καὶ</span> <span class='ocrx_word' id='word_1_117' title='bbox 669 1416 724 1465; x_wconf 83' lang='grc' dir='ltr'>τὸ</span> <span class='ocrx_word' id='word_1_118' title='bbox 776 1411 970 1483; x_wconf 86' lang='grc' dir='ltr'>ἀγαθόν</span> <span class='ocrx_word' id='word_1_119' title='bbox 1026 1418 1123 1470; x_wconf 80' lang='grc' dir='ltr'>τῆς</span> <span class='ocrx_word' id='word_1_120' title='bbox 1182 1412 1416 1469; x_wconf 78' lang='grc' dir='ltr'>θεότητος</span> <span class='ocrx_word' id='word_1_121' title='bbox 1466 1408 1611 1480; x_wconf 76' lang='grc' dir='ltr'>ἅγιον</span> <span class='ocrx_word' id='word_1_122' title='bbox 1660 1405 1806 1474; x_wconf 77' lang='grc' dir='ltr'>ἅλας,</span> <span class='ocrx_word' id='word_1_123' title='bbox 1858 1403 1916 1455; x_wconf 84' lang='grc' dir='ltr'>ού</span> 
     </span>
    </p>
   </div>
   <div class='ocr_carea' id='block_1_16' title="bbox 311 1493 1920 1575">
    <p class='ocr_par' dir='ltr' id='par_1_16' title="bbox 311 1493 1920 1575">
     <span class='ocr_line' id='line_1_18' title="bbox 311 1493 1920 1575; baseline -0.009 -18"><span class='ocrx_word' id='word_1_124' title='bbox 311 1509 379 1575; x_wconf 77' lang='grc' dir='ltr'>μὴ</span> <span class='ocrx_word' id='word_1_125' title='bbox 442 1503 735 1575; x_wconf 86' lang='grc' dir='ltr'>μεταλλαγῇ</span> <span class='ocrx_word' id='word_1_126' title='bbox 792 1503 821 1559; x_wconf 81' lang='grc' dir='ltr'>ἡ</span> <span class='ocrx_word' id='word_1_127' title='bbox 884 1499 1038 1571; x_wconf 76' lang='grc' dir='ltr'>ψυχὴ</span> <span class='ocrx_word' id='word_1_128' title='bbox 1094 1498 1193 1549; x_wconf 88' lang='grc' dir='ltr'>ἀπὸ</span> <span class='ocrx_word' id='word_1_129' title='bbox 1253 1506 1343 1557; x_wconf 81' lang='grc' dir='ltr'>τῆς</span> <span class='ocrx_word' id='word_1_130' title='bbox 1392 1493 1663 1555; x_wconf 80' lang='grc' dir='ltr'>δυσωδίας</span> <span class='ocrx_word' id='word_1_131' title='bbox 1691 1503 1784 1555; x_wconf 81' lang='grc' dir='ltr'>τῆς</span> <span class='ocrx_word' id='word_1_132' title='bbox 1829 1512 1920 1543; x_wconf 91' lang='grc' dir='ltr'>κα-</span> 
     </span>
    </p>
   </div>
   <div class='ocr_carea' id='block_1_17' title="bbox 309 1584 1920 1663">
    <p class='ocr_par' dir='ltr' id='par_1_17' title="bbox 309 1584 1920 1663">
     <span class='ocr_line' id='line_1_19' title="bbox 309 1584 1920 1663; baseline -0.008 -18"><span class='ocrx_word' id='word_1_133' title='bbox 309 1599 446 1658; x_wconf 89' lang='grc' dir='ltr'>κίας,</span> <span class='ocrx_word' id='word_1_134' title='bbox 502 1589 618 1645; x_wconf 83' lang='grc' dir='ltr'>ούδ’</span> <span class='ocrx_word' id='word_1_135' title='bbox 657 1592 716 1643; x_wconf 85' lang='grc' dir='ltr'>ού</span> <span class='ocrx_word' id='word_1_136' title='bbox 756 1595 826 1663; x_wconf 82' lang='grc' dir='ltr'>μὴ</span> <span class='ocrx_word' id='word_1_137' title='bbox 882 1590 1097 1660; x_wconf 78' lang='grc' dir='ltr'>ζυμωθῇ</span> <span class='ocrx_word' id='word_1_138' title='bbox 1158 1586 1258 1639; x_wconf 86' lang='grc' dir='ltr'>ἀπὸ</span> <span class='ocrx_word' id='word_1_139' title='bbox 1311 1594 1405 1647; x_wconf 82' lang='grc' dir='ltr'>τῆς</span> <span class='ocrx_word' id='word_1_140' title='bbox 1465 1584 1784 1658; x_wconf 87' lang='grc' dir='ltr'>βαρύτητος,</span> <span class='ocrx_word' id='word_1_141' title='bbox 1831 1592 1920 1639; x_wconf 82' lang='grc' dir='ltr'>καὶ</span> 
     </span>
    </p>
   </div>
   <div class='ocr_carea' id='block_1_18' title="bbox 314 1681 1065 1754">
    <p class='ocr_par' dir='ltr' id='par_1_18' title="bbox 314 1681 1065 1754">
     <span class='ocr_line' id='line_1_20' title="bbox 314 1681 1065 1754; baseline -0.004 -21"><span class='ocrx_word' id='word_1_142' title='bbox 314 1681 635 1754; x_wconf 84' lang='grc' dir='ltr'>ἀζυμότητος</span> <span class='ocrx_word' id='word_1_143' title='bbox 665 1687 726 1738; x_wconf 81' lang='grc' dir='ltr'>τῇ</span> <span class='ocrx_word' id='word_1_144' title='bbox 737 1700 761 1743; x_wconf 88' lang='grc' dir='ltr'>ς</span> <span class='ocrx_word' id='word_1_145' title='bbox 790 1682 1065 1751; x_wconf 84' lang='grc' dir='ltr'>πονηρίας.</span> 
     </span>
    </p>
   </div>
   <div class='ocr_carea' id='block_1_19' title="bbox 385 1795 1922 1877">
    <p class='ocr_par' dir='ltr' id='par_1_19' title="bbox 385 1795 1922 1877">
     <span class='ocr_line' id='line_1_21' title="bbox 385 1795 1922 1877; baseline -0.006 -19"><span class='ocrx_word' id='word_1_146' title='bbox 385 1806 457 1858; x_wconf 83' lang='grc' dir='ltr'>Ε¹.</span> <span class='ocrx_word' id='word_1_147' title='bbox 489 1804 631 1857; x_wconf 87' lang='grc' dir='ltr'>Ὀσα</span> <span class='ocrx_word' id='word_1_148' title='bbox 668 1806 770 1877; x_wconf 87' lang='grc' dir='ltr'>γὰρ</span> <span class='ocrx_word' id='word_1_149' title='bbox 801 1804 892 1875; x_wconf 78' lang='grc' dir='ltr'>ἀφ,</span> <span class='ocrx_word' id='word_1_150' title='bbox 937 1802 1121 1861; x_wconf 81' lang='grc' dir='ltr'>ἑαυτῆς</span> <span class='ocrx_word' id='word_1_151' title='bbox 1167 1801 1197 1859; x_wconf 79' lang='grc' dir='ltr'>ἡ</span> <span class='ocrx_word' id='word_1_152' title='bbox 1230 1798 1383 1871; x_wconf 77' lang='grc' dir='ltr'>ψυχὴ</span> <span class='ocrx_word' id='word_1_153' title='bbox 1433 1795 1579 1851; x_wconf 88' lang='grc' dir='ltr'>δοκεῖ</span> <span class='ocrx_word' id='word_1_154' title='bbox 1620 1803 1802 1862; x_wconf 90' lang='grc' dir='ltr'>ποιεῖν,</span> <span class='ocrx_word' id='word_1_155' title='bbox 1832 1798 1922 1849; x_wconf 83' lang='grc' dir='ltr'>καὶ</span> 
     </span>
    </p>
   </div>
   <div class='ocr_carea' id='block_1_20' title="bbox 313 1884 1921 1966">
    <p class='ocr_par' dir='ltr' id='par_1_20' title="bbox 313 1884 1921 1966">
     <span class='ocr_line' id='line_1_22' title="bbox 313 1884 1921 1966; baseline -0.007 -19"><span class='ocrx_word' id='word_1_156' title='bbox 313 1895 687 1966; x_wconf 77' lang='grc' dir='ltr'>ἐπιμελεῖσθαι,</span> <span class='ocrx_word' id='word_1_157' title='bbox 752 1898 841 1945; x_wconf 83' lang='grc' dir='ltr'>καὶ</span> <span class='ocrx_word' id='word_1_158' title='bbox 890 1887 1232 1953; x_wconf 77' lang='grc' dir='ltr'>ἐπιτηδεύειν,</span> <span class='ocrx_word' id='word_1_159' title='bbox 1279 1897 1341 1961; x_wconf 91' lang='grc' dir='ltr'>τῇ</span> <span class='ocrx_word' id='word_1_160' title='bbox 1402 1885 1516 1960; x_wconf 86' lang='grc' dir='ltr'>ἰδίᾳ</span> <span class='ocrx_word' id='word_1_161' title='bbox 1562 1884 1781 1958; x_wconf 79' lang='grc' dir='ltr'>δυνάμει</span> <span class='ocrx_word' id='word_1_162' title='bbox 1830 1889 1921 1957; x_wconf 89' lang='grc' dir='ltr'>μό-</span> 
     </span>
    </p>
   </div>
   <div class='ocr_carea' id='block_1_21' title="bbox 311 1974 1920 2056">
    <p class='ocr_par' dir='ltr' id='par_1_21' title="bbox 311 1974 1920 2056">
     <span class='ocr_line' id='line_1_23' title="bbox 311 1974 1920 2056; baseline -0.007 -21"><span class='ocrx_word' id='word_1_163' title='bbox 311 2005 394 2036; x_wconf 89' lang='grc' dir='ltr'>νον</span> <span class='ocrx_word' id='word_1_164' title='bbox 440 1980 802 2056; x_wconf 73' lang='grc' dir='ltr'>ἐπερειδομένη</span> <span class='ocrx_word' id='word_1_165' title='bbox 854 1985 944 2032; x_wconf 91' lang='grc' dir='ltr'>καὶ</span> <span class='ocrx_word' id='word_1_166' title='bbox 1013 1980 1218 2051; x_wconf 84' lang='grc' dir='ltr'>οἰομένη</span> <span class='ocrx_word' id='word_1_167' title='bbox 1272 1974 1536 2030; x_wconf 84' lang='grc' dir='ltr'>δύνασθαι</span> <span class='ocrx_word' id='word_1_168' title='bbox 1594 1977 1787 2028; x_wconf 88' lang='grc' dir='ltr'>τελείαν</span> <span class='ocrx_word' id='word_1_169' title='bbox 1825 1979 1920 2033; x_wconf 83' lang='grc' dir='ltr'>τὴν</span> 
     </span>
    </p>
   </div>
   <div class='ocr_carea' id='block_1_22' title="bbox 1469 2070 1920 2138">
    <p class='ocr_par' dir='ltr' id='par_1_22' title="bbox 1469 2070 1920 2138">
     <span class='ocr_line' id='line_1_24' title="bbox 1469 2070 1920 2138; baseline -0.007 -20"><span class='ocrx_word' id='word_1_170' title='bbox 1469 2070 1767 2138; x_wconf 84' lang='grc' dir='ltr'>συνεργείας</span> <span class='ocrx_word' id='word_1_171' title='bbox 1828 2070 1920 2116; x_wconf 91' lang='grc' dir='ltr'>τοῦ</span> 
     </span>
    </p>
   </div>
   <div class='ocr_carea' id='block_1_23' title="bbox 315 2152 1919 2234">
    <p class='ocr_par' dir='ltr' id='par_1_23' title="bbox 315 2152 1919 2234">
     <span class='ocr_line' id='line_1_25' title="bbox 315 2152 1919 2234; baseline -0.007 -19"><span class='ocrx_word' id='word_1_172' title='bbox 315 2166 615 2234; x_wconf 79' lang='grc' dir='ltr'>Πνεύματος</span> <span class='ocrx_word' id='word_1_173' title='bbox 711 2159 1168 2231; x_wconf 80' lang='grc' dir='ltr'>κατεργάσασθαι,</span> <span class='ocrx_word' id='word_1_174' title='bbox 1266 2156 1395 2208; x_wconf 86' lang='grc' dir='ltr'>πολύ</span> <span class='ocrx_word' id='word_1_175' title='bbox 1479 2155 1755 2207; x_wconf 84' lang='grc' dir='ltr'>πλανᾶται.</span> <span class='ocrx_word' id='word_1_176' title='bbox 1842 2152 1919 2204; x_wconf 73' lang='grc' dir='ltr'>Οὔ</span> 
     </span>
    </p>
   </div>
   <div class='ocr_carea' id='block_1_24' title="bbox 315 2242 1919 2325">
    <p class='ocr_par' dir='ltr' id='par_1_24' title="bbox 315 2242 1919 2325">
     <span class='ocr_line' id='line_1_26' title="bbox 315 2242 1919 2325; baseline -0.008 -20"><span class='ocrx_word' id='word_1_177' title='bbox 315 2254 635 2325; x_wconf 75' lang='grc' dir='ltr'>χρησιμεύει</span> <span class='ocrx_word' id='word_1_178' title='bbox 678 2252 781 2323; x_wconf 85' lang='grc' dir='ltr'>γὰρ</span> <span class='ocrx_word' id='word_1_179' title='bbox 838 2249 909 2308; x_wconf 87' lang='grc' dir='ltr'>εἰς</span> <span class='ocrx_word' id='word_1_180' title='bbox 962 2251 1083 2308; x_wconf 85' lang='grc' dir='ltr'>τοὺς</span> <span class='ocrx_word' id='word_1_181' title='bbox 1112 2246 1387 2318; x_wconf 74' lang='grc' dir='ltr'>οὐρανίους</span> <span class='ocrx_word' id='word_1_182' title='bbox 1434 2247 1623 2305; x_wconf 84' lang='grc' dir='ltr'>τόπους</span> <span class='ocrx_word' id='word_1_183' title='bbox 1652 2262 1665 2273; x_wconf 88' lang='grc'>·</span> <span class='ocrx_word' id='word_1_184' title='bbox 1695 2242 1751 2295; x_wconf 85' lang='grc' dir='ltr'>ού</span> <span class='ocrx_word' id='word_1_185' title='bbox 1784 2261 1919 2313; x_wconf 89' lang='grc' dir='ltr'>χρη-</span> 
     </span>
    </p>
   </div>
   <div class='ocr_carea' id='block_1_25' title="bbox 318 2328 1919 2411">
    <p class='ocr_par' dir='ltr' id='par_1_25' title="bbox 318 2328 1919 2411">
     <span class='ocr_line' id='line_1_27' title="bbox 318 2328 1919 2411; baseline -0.008 -17"><span class='ocrx_word' id='word_1_186' title='bbox 318 2342 520 2406; x_wconf 83' lang='grc' dir='ltr'>σιμεύει</span> <span class='ocrx_word' id='word_1_187' title='bbox 580 2348 641 2411; x_wconf 90' lang='grc' dir='ltr'>τῇ</span> <span class='ocrx_word' id='word_1_188' title='bbox 701 2336 951 2411; x_wconf 75' lang='grc' dir='ltr'>βασιλείᾳ</span> <span class='ocrx_word' id='word_1_189' title='bbox 1006 2338 1036 2394; x_wconf 80' lang='grc' dir='ltr'>ἡ</span> <span class='ocrx_word' id='word_1_190' title='bbox 1091 2334 1174 2406; x_wconf 83' lang='grc' dir='ltr'>ἀφ’</span> <span class='ocrx_word' id='word_1_191' title='bbox 1230 2334 1413 2393; x_wconf 77' lang='grc' dir='ltr'>ἑαυτῆς</span> <span class='ocrx_word' id='word_1_192' title='bbox 1471 2338 1562 2385; x_wconf 85' lang='lat' dir='ltr'>xui.</span> <span class='ocrx_word' id='word_1_193' title='bbox 1616 2328 1690 2384; x_wconf 87' lang='grc' dir='ltr'>δι’</span> <span class='ocrx_word' id='word_1_194' title='bbox 1735 2331 1919 2391; x_wconf 81' lang='grc' dir='ltr'>ἑαυτῆς</span> 
     </span>
    </p>
   </div>
   <div class='ocr_carea' id='block_1_26' title="bbox 315 2420 1920 2503">
    <p class='ocr_par' dir='ltr' id='par_1_26' title="bbox 315 2420 1920 2503">
     <span class='ocr_line' id='line_1_28' title="bbox 315 2420 1920 2503; baseline -0.007 -21"><span class='ocrx_word' id='word_1_195' title='bbox 315 2436 488 2503; x_wconf 89' lang='grc' dir='ltr'>μόνον,</span> <span class='ocrx_word' id='word_1_196' title='bbox 546 2430 666 2481; x_wconf 82' lang='grc' dir='ltr'>ἄνευ</span> <span class='ocrx_word' id='word_1_197' title='bbox 721 2434 813 2479; x_wconf 89' lang='grc' dir='ltr'>τοῦ</span> <span class='ocrx_word' id='word_1_198' title='bbox 870 2428 1187 2497; x_wconf 79' lang='grc' dir='ltr'>Πνεῦματος,</span> <span class='ocrx_word' id='word_1_199' title='bbox 1244 2423 1448 2495; x_wconf 80' lang='grc' dir='ltr'>οἰομένη</span> <span class='ocrx_word' id='word_1_200' title='bbox 1510 2426 1572 2479; x_wconf 79' lang='grc' dir='ltr'>τὴ</span> <span class='ocrx_word' id='word_1_201' title='bbox 1608 2420 1800 2473; x_wconf 86' lang='grc' dir='ltr'>τελείαν</span> <span class='ocrx_word' id='word_1_202' title='bbox 1830 2440 1920 2470; x_wconf 87' lang='grc' dir='ltr'>κα-</span> 
     </span>
    </p>
   </div>
   <div class='ocr_carea' id='block_1_27' title="bbox 319 2509 1920 2594">
    <p class='ocr_par' dir='ltr' id='par_1_27' title="bbox 319 2509 1920 2594">
     <span class='ocr_line' id='line_1_29' title="bbox 319 2509 1920 2594; baseline -0.007 -22"><span class='ocrx_word' id='word_1_203' title='bbox 319 2522 583 2594; x_wconf 88' lang='grc' dir='ltr'>θαρότητα</span> <span class='ocrx_word' id='word_1_204' title='bbox 638 2519 993 2589; x_wconf 84' lang='grc' dir='ltr'>κατορθῶσαι.</span> <span class='ocrx_word' id='word_1_205' title='bbox 1057 2514 1175 2565; x_wconf 80' lang='grc' dir='ltr'>Ἐὰν</span> <span class='ocrx_word' id='word_1_206' title='bbox 1228 2515 1327 2587; x_wconf 81' lang='grc' dir='ltr'>γὰρ</span> <span class='ocrx_word' id='word_1_207' title='bbox 1378 2516 1480 2583; x_wconf 80' lang='grc' dir='ltr'>μὴν</span> <span class='ocrx_word' id='word_1_208' title='bbox 1533 2509 1794 2583; x_wconf 73' lang='grc' dir='ltr'>προσελθη</span> <span class='ocrx_word' id='word_1_209' title='bbox 1849 2516 1920 2579; x_wconf 85' lang='grc' dir='ltr'>τῷ</span> 
     </span>
    </p>
   </div>
   <div class='ocr_carea' id='block_1_28' title="bbox 317 2597 1922 2679">
    <p class='ocr_par' dir='ltr' id='par_1_28' title="bbox 317 2597 1922 2679">
     <span class='ocr_line' id='line_1_30' title="bbox 317 2597 1922 2679; baseline -0.008 -18"><span class='ocrx_word' id='word_1_210' title='bbox 317 2617 429 2679; x_wconf 82' lang='grc' dir='ltr'>Θεῷ</span> <span class='ocrx_word' id='word_1_211' title='bbox 488 2610 513 2660; x_wconf 84' lang='grc' dir='ltr'><em>ὁ</em></span> <span class='ocrx_word' id='word_1_212' title='bbox 565 2609 666 2659; x_wconf 82' lang='grc' dir='ltr'>ὑπὸ</span> <span class='ocrx_word' id='word_1_213' title='bbox 712 2615 813 2658; x_wconf 90' lang='grc' dir='ltr'>τῶν</span> <span class='ocrx_word' id='word_1_214' title='bbox 864 2607 1043 2657; x_wconf 88' lang='grc' dir='ltr'>παθῶν</span> <span class='ocrx_word' id='word_1_215' title='bbox 1094 2601 1444 2677; x_wconf 83' lang='grc' dir='ltr'>ἐνεργούμενος</span> <span class='ocrx_word' id='word_1_216' title='bbox 1499 2602 1787 2671; x_wconf 73' lang='grc' dir='ltr'>ἄνθρωπος,</span> <span class='ocrx_word' id='word_1_217' title='bbox 1833 2597 1922 2670; x_wconf 86' lang='grc' dir='ltr'>ἀρ-</span> 
     </span>
    </p>
   </div>
   <div class='ocr_carea' id='block_1_29' title="bbox 322 2687 1921 2769">
    <p class='ocr_par' dir='ltr' id='par_1_29' title="bbox 322 2687 1921 2769">
     <span class='ocr_line' id='line_1_31' title="bbox 322 2687 1921 2769; baseline -0.006 -22"><span class='ocrx_word' id='word_1_218' title='bbox 322 2699 612 2769; x_wconf 86' lang='grc' dir='ltr'>νησάμενος</span> <span class='ocrx_word' id='word_1_219' title='bbox 666 2699 751 2747; x_wconf 87' lang='grc' dir='ltr'>τὸν</span> <span class='ocrx_word' id='word_1_220' title='bbox 800 2699 1018 2764; x_wconf 80' lang='grc' dir='ltr'>κόσμον,</span> <span class='ocrx_word' id='word_1_221' title='bbox 1069 2697 1158 2744; x_wconf 79' lang='grc' dir='ltr'>καὶ</span> <span class='ocrx_word' id='word_1_222' title='bbox 1213 2693 1473 2762; x_wconf 77' lang='grc' dir='ltr'>πιστεύσῃ</span> <span class='ocrx_word' id='word_1_223' title='bbox 1529 2693 1576 2741; x_wconf 79' lang='grc' dir='ltr'>ἐν</span> <span class='ocrx_word' id='word_1_224' title='bbox 1630 2687 1803 2741; x_wconf 82' lang='grc' dir='ltr'>ἐλπίδι</span> <span class='ocrx_word' id='word_1_225' title='bbox 1832 2692 1921 2739; x_wconf 83' lang='grc' dir='ltr'>καὶ</span> 
     </span>
    </p>
   </div>
   <div class='ocr_carea' id='block_1_30' title="bbox 321 2776 1918 2858">
    <p class='ocr_par' dir='ltr' id='par_1_30' title="bbox 321 2776 1918 2858">
     <span class='ocr_line' id='line_1_32' title="bbox 321 2776 1918 2858; baseline -0.008 -20"><span class='ocrx_word' id='word_1_226' title='bbox 321 2788 553 2858; x_wconf 82' lang='grc' dir='ltr'>ὑπομονῇ</span> <span class='ocrx_word' id='word_1_227' title='bbox 590 2782 844 2847; x_wconf 85' lang='grc' dir='ltr'>δέξασθαι</span> <span class='ocrx_word' id='word_1_228' title='bbox 893 2782 1029 2845; x_wconf 82' lang='grc' dir='ltr'>ξένον</span> <span class='ocrx_word' id='word_1_229' title='bbox 1058 2801 1109 2833; x_wconf 95' lang='grc' dir='ltr'>τι</span> <span class='ocrx_word' id='word_1_230' title='bbox 1141 2789 1237 2842; x_wconf 83' lang='grc' dir='ltr'>τῆς</span> <span class='ocrx_word' id='word_1_231' title='bbox 1281 2776 1425 2841; x_wconf 79' lang='grc' dir='ltr'>ἰδίας</span> <span class='ocrx_word' id='word_1_232' title='bbox 1454 2781 1654 2851; x_wconf 75' lang='grc' dir='ltr'>φύσεως</span> <span class='ocrx_word' id='word_1_233' title='bbox 1702 2776 1918 2848; x_wconf 85' lang='grc' dir='ltr'>ἀγαθόν,</span> 
     </span>
    </p>
   </div>
   <div class='ocr_carea' id='block_1_31' title="bbox 326 2870 1923 2947">
    <p class='ocr_par' dir='ltr' id='par_1_31' title="bbox 326 2870 1923 2947">
     <span class='ocr_line' id='line_1_33' title="bbox 326 2870 1923 2947; baseline -0.007 -19"><span class='ocrx_word' id='word_1_234' title='bbox 326 2877 446 2947; x_wconf 84' lang='grc' dir='ltr'>ὅπερ</span> <span class='ocrx_word' id='word_1_235' title='bbox 524 2875 665 2927; x_wconf 80' lang='grc' dir='ltr'>ἐστὶν</span> <span class='ocrx_word' id='word_1_236' title='bbox 708 2876 737 2933; x_wconf 80' lang='grc' dir='ltr'>ἡ</span> <span class='ocrx_word' id='word_1_237' title='bbox 801 2870 1023 2945; x_wconf 85' lang='grc' dir='ltr'>δύναμις</span> <span class='ocrx_word' id='word_1_238' title='bbox 1093 2878 1185 2923; x_wconf 85' lang='grc' dir='ltr'>τοῦ</span> <span class='ocrx_word' id='word_1_239' title='bbox 1246 2870 1398 2941; x_wconf 88' lang='grc' dir='ltr'>ἁγίου</span> <span class='ocrx_word' id='word_1_240' title='bbox 1459 2871 1774 2940; x_wconf 88' lang='grc' dir='ltr'>Πνεύματος,</span> <span class='ocrx_word' id='word_1_241' title='bbox 1834 2870 1923 2917; x_wconf 89' lang='lat' dir='ltr'>xui</span> 
     </span>
    </p>
   </div>
   <div class='ocr_carea' id='block_1_32' title="bbox 324 2958 1921 3037">
    <p class='ocr_par' dir='ltr' id='par_1_32' title="bbox 324 2958 1921 3037">
     <span class='ocr_line' id='line_1_34' title="bbox 324 2958 1921 3037; baseline -0.007 -20"><span class='ocrx_word' id='word_1_242' title='bbox 324 2964 545 3037; x_wconf 76' lang='grc' dir='ltr'>ἑνστάξῃ</span> <span class='ocrx_word' id='word_1_243' title='bbox 578 2972 639 3037; x_wconf 87' lang='grc' dir='ltr'>τῇ</span> <span class='ocrx_word' id='word_1_244' title='bbox 683 2962 837 3034; x_wconf 76' lang='grc' dir='ltr'>ψυχῇ</span> <span class='ocrx_word' id='word_1_245' title='bbox 872 2963 1062 3014; x_wconf 78' lang='grc' dir='ltr'>ἄνωθεν</span> <span class='ocrx_word' id='word_1_246' title='bbox 1092 2962 1117 3012; x_wconf 89' lang='grc' dir='ltr'>ό</span> <span class='ocrx_word' id='word_1_247' title='bbox 1150 2962 1339 3034; x_wconf 81' lang='grc' dir='ltr'>Κύριος</span> <span class='ocrx_word' id='word_1_248' title='bbox 1390 2962 1527 3022; x_wconf 79' lang='grc' dir='ltr'>ζωὴν</span> <span class='ocrx_word' id='word_1_249' title='bbox 1560 2960 1822 3020; x_wconf 79' lang='grc' dir='ltr'>θεότητος,</span> <span class='ocrx_word' id='word_1_250' title='bbox 1863 2958 1921 3006; x_wconf 87' lang='grc' dir='ltr'>οὐ</span> 
     </span>
    </p>
   </div>
   <div class='ocr_carea' id='block_1_33' title="bbox 331 3043 1919 3127">
    <p class='ocr_par' dir='ltr' id='par_1_33' title="bbox 331 3043 1919 3127">
     <span class='ocr_line' id='line_1_35' title="bbox 331 3043 1919 3127; baseline -0.004 -20"><span class='ocrx_word' id='word_1_251' title='bbox 331 3059 402 3127; x_wconf 82' lang='grc' dir='ltr'>μὴ</span> <span class='ocrx_word' id='word_1_252' title='bbox 440 3056 693 3111; x_wconf 82' lang='grc' dir='ltr'>αἴσθηται</span> <span class='ocrx_word' id='word_1_253' title='bbox 745 3056 883 3115; x_wconf 84' lang='grc' dir='ltr'>ζωῆς</span> <span class='ocrx_word' id='word_1_254' title='bbox 913 3051 1161 3112; x_wconf 84' lang='grc' dir='ltr'>ἀληθινῆς</span> <span class='ocrx_word' id='word_1_255' title='bbox 1203 3050 1228 3101; x_wconf 87' lang='grc' dir='ltr'>ό</span> <span class='ocrx_word' id='word_1_256' title='bbox 1281 3056 1535 3118; x_wconf 76' lang='grc' dir='ltr'>τοιοῦτος,</span> <span class='ocrx_word' id='word_1_257' title='bbox 1587 3043 1701 3099; x_wconf 76' lang='grc' dir='ltr'>οὐδ’</span> <span class='ocrx_word' id='word_1_258' title='bbox 1746 3045 1804 3097; x_wconf 85' lang='grc' dir='ltr'>ού</span> <span class='ocrx_word' id='word_1_259' title='bbox 1848 3048 1919 3117; x_wconf 77' lang='grc' dir='ltr'>μὴ</span> 
     </span>
    </p>
   </div>
   <div class='ocr_carea' id='block_1_34' title="bbox 329 3134 1919 3214">
    <p class='ocr_par' dir='ltr' id='par_1_34' title="bbox 329 3134 1919 3214">
     <span class='ocr_line' id='line_1_36' title="bbox 329 3134 1919 3214; baseline -0.006 -21"><span class='ocrx_word' id='word_1_260' title='bbox 329 3142 561 3214; x_wconf 78' lang='grc' dir='ltr'>ἀνανήψη</span> <span class='ocrx_word' id='word_1_261' title='bbox 622 3144 677 3193; x_wconf 82' lang='grc' dir='ltr'>ἐκ</span> <span class='ocrx_word' id='word_1_262' title='bbox 726 3149 821 3202; x_wconf 80' lang='grc' dir='ltr'>τῆς</span> <span class='ocrx_word' id='word_1_263' title='bbox 886 3142 1047 3211; x_wconf 83' lang='grc' dir='ltr'>μέθης</span> <span class='ocrx_word' id='word_1_264' title='bbox 1111 3146 1209 3196; x_wconf 85' lang='grc' dir='ltr'>τῆτ</span> <span class='ocrx_word' id='word_1_265' title='bbox 1264 3137 1413 3202; x_wconf 78' lang='grc' dir='ltr'>ὕλης,</span> <span class='ocrx_word' id='word_1_266' title='bbox 1474 3137 1531 3188; x_wconf 84' lang='grc' dir='ltr'>ού</span> <span class='ocrx_word' id='word_1_267' title='bbox 1584 3140 1655 3207; x_wconf 79' lang='grc' dir='ltr'>μὴ</span> <span class='ocrx_word' id='word_1_268' title='bbox 1714 3134 1919 3205; x_wconf 79' lang='grc' dir='ltr'>αύγάση</span> 
     </span>
    </p>
   </div>
   <div class='ocr_carea' id='block_1_35' title="bbox 333 3222 1920 3303">
    <p class='ocr_par' dir='ltr' id='par_1_35' title="bbox 333 3222 1920 3303">
     <span class='ocr_line' id='line_1_37' title="bbox 333 3222 1920 3303; baseline -0.007 -21"><span class='ocrx_word' id='word_1_269' title='bbox 333 3235 598 3303; x_wconf 77' lang='grc' dir='ltr'>φωτισμὸς</span> <span class='ocrx_word' id='word_1_270' title='bbox 644 3237 734 3281; x_wconf 91' lang='grc' dir='ltr'>τοῦ</span> <span class='ocrx_word' id='word_1_271' title='bbox 786 3231 1079 3298; x_wconf 80' lang='grc' dir='ltr'>Πνεῦματος</span> <span class='ocrx_word' id='word_1_272' title='bbox 1131 3226 1180 3277; x_wconf 86' lang='grc' dir='ltr'>ἐν</span> <span class='ocrx_word' id='word_1_273' title='bbox 1235 3233 1295 3297; x_wconf 89' lang='grc' dir='ltr'>τῇ</span> <span class='ocrx_word' id='word_1_274' title='bbox 1348 3224 1687 3295; x_wconf 71' lang='grc' dir='ltr'>ἕσκοτισμίνῇ</span> <span class='ocrx_word' id='word_1_275' title='bbox 1742 3222 1920 3293; x_wconf 75' lang='grc' dir='ltr'>ψυχῇ,</span> 
     </span>
    </p>
   </div>
   <div class='ocr_carea' id='block_1_36' title="bbox 326 3310 1925 3390">
    <p class='ocr_par' dir='ltr' id='par_1_36' title="bbox 326 3310 1925 3390">
     <span class='ocr_line' id='line_1_38' title="bbox 326 3310 1925 3390; baseline -0.006 -20"><span class='ocrx_word' id='word_1_276' title='bbox 326 3323 413 3370; x_wconf 82' lang='grc' dir='ltr'>καὶ</span> <span class='ocrx_word' id='word_1_277' title='bbox 459 3318 638 3390; x_wconf 73' lang='grc' dir='ltr'>λάμψῇ</span> <span class='ocrx_word' id='word_1_278' title='bbox 685 3316 733 3368; x_wconf 83' lang='grc' dir='ltr'>ἐν</span> <span class='ocrx_word' id='word_1_279' title='bbox 776 3318 906 3388; x_wconf 77' lang='grc' dir='ltr'>αὐτῇ</span> <span class='ocrx_word' id='word_1_280' title='bbox 959 3317 1154 3389; x_wconf 81' lang='grc' dir='ltr'>ἡμέραν</span> <span class='ocrx_word' id='word_1_281' title='bbox 1196 3314 1369 3384; x_wconf 90' lang='grc' dir='ltr'>ἁγίαν,</span> <span class='ocrx_word' id='word_1_282' title='bbox 1405 3315 1493 3364; x_wconf 86' lang='grc' dir='ltr'>καί</span> <span class='ocrx_word' id='word_1_283' title='bbox 1542 3315 1596 3364; x_wconf 81' lang='grc' dir='ltr'>ἐκ</span> <span class='ocrx_word' id='word_1_284' title='bbox 1636 3320 1727 3364; x_wconf 89' lang='grc' dir='ltr'>τοῦ</span> <span class='ocrx_word' id='word_1_285' title='bbox 1761 3310 1925 3382; x_wconf 85' lang='grc' dir='ltr'>βαθυ-</span> 
     </span>
    </p>
   </div>
   <div class='ocr_carea' id='block_1_37' title="bbox 1950 1862 1994 1918">
    <p class='ocr_par' dir='ltr' id='par_1_37' title="bbox 1950 1862 1994 1918">
     <span class='ocr_line' id='line_1_39' title="bbox 1950 1862 1994 1918; baseline 0 0"><span class='ocrx_word' id='word_1_286' title='bbox 1950 1862 1994 1918; x_wconf 92' lang='grc' dir='ltr'>Β</span> 
     </span>
    </p>
   </div>
   <div class='ocr_carea' id='block_1_38' title="bbox 315 2068 1380 2147">
    <p class='ocr_par' dir='ltr' id='par_1_38' title="bbox 315 2068 1380 2147">
     <span class='ocr_line' id='line_1_40' title="bbox 315 2068 1380 2147; baseline -0.008 -21"><span class='ocrx_word' id='word_1_287' title='bbox 315 2075 647 2147; x_wconf 88' lang='grc' dir='ltr'>κατόρθωσιν</span> <span class='ocrx_word' id='word_1_288' title='bbox 738 2068 811 2123; x_wconf 84' lang='grc' dir='ltr'>δι’</span> <span class='ocrx_word' id='word_1_289' title='bbox 883 2070 1066 2129; x_wconf 79' lang='grc' dir='ltr'>ἑαυτῆς</span> <span class='ocrx_word' id='word_1_290' title='bbox 1116 2069 1235 2119; x_wconf 82' lang='grc' dir='ltr'>ἄνευ</span> <span class='ocrx_word' id='word_1_291' title='bbox 1286 2076 1380 2128; x_wconf 82' lang='grc' dir='ltr'>τῆς</span> 
     </span>
    </p>
   </div>
   <div class='ocr_carea' id='block_1_39' title="bbox 1266 2155 1755 2208">
    <p class='ocr_par' dir='ltr' id='par_1_39' title="bbox 1266 2155 1755 2208">
     <span class='ocr_line' id='line_1_41' title="bbox 1266 2155 1755 2208; baseline -0.002 0"><span class='ocrx_word' id='word_1_292' title='bbox 1266 2156 1395 2208; x_wconf 86' lang='grc' dir='ltr'>πολύ</span> <span class='ocrx_word' id='word_1_293' title='bbox 1479 2155 1755 2207; x_wconf 84' lang='grc' dir='ltr'>πλανᾶται.</span> 
     </span>
    </p>
   </div>
   <div class='ocr_carea' id='block_1_40' title="bbox 335 3398 1928 3474">
    <p class='ocr_par' dir='ltr' id='par_1_40' title="bbox 335 3398 1928 3474">
     <span class='ocr_line' id='line_1_42' title="bbox 335 3398 1928 3474; baseline -0.006 -15"><span class='ocrx_word' id='word_1_294' title='bbox 335 3409 491 3459; x_wconf 87' lang='grc' dir='ltr'>τάτου</span> <span class='ocrx_word' id='word_1_295' title='bbox 545 3406 706 3458; x_wconf 81' lang='grc' dir='ltr'>ὕπνου</span> <span class='ocrx_word' id='word_1_296' title='bbox 762 3413 856 3465; x_wconf 80' lang='grc' dir='ltr'>τῆς</span> <span class='ocrx_word' id='word_1_297' title='bbox 901 3403 1109 3474; x_wconf 91' lang='grc' dir='ltr'>ἀγνοίας</span> <span class='ocrx_word' id='word_1_298' title='bbox 1160 3402 1468 3474; x_wconf 80' lang='grc' dir='ltr'>ἐξυπνισθῇ,</span> <span class='ocrx_word' id='word_1_299' title='bbox 1521 3406 1609 3454; x_wconf 85' lang='lat' dir='ltr'>xui</span> <span class='ocrx_word' id='word_1_300' title='bbox 1659 3401 1820 3461; x_wconf 78' lang='grc' dir='ltr'>οὕτως</span> <span class='ocrx_word' id='word_1_301' title='bbox 1876 3398 1928 3461; x_wconf 85' lang='grc' dir='ltr'>ἐξ</span> 
     </span>
    </p>
   </div>
   <div class='ocr_carea' id='block_1_41' title="bbox 331 3488 1926 3565">
    <p class='ocr_par' dir='ltr' id='par_1_41' title="bbox 331 3488 1926 3565">
     <span class='ocr_line' id='line_1_43' title="bbox 331 3488 1926 3565; baseline -0.004 -18"><span class='ocrx_word' id='word_1_302' title='bbox 331 3494 575 3556; x_wconf 78' lang='grc' dir='ltr'>ἀληθείας</span> <span class='ocrx_word' id='word_1_303' title='bbox 624 3492 814 3565; x_wconf 84' lang='grc' dir='ltr'>ἐπιγνῳ</span> <span class='ocrx_word' id='word_1_304' title='bbox 862 3495 983 3546; x_wconf 82' lang='grc' dir='ltr'>Θεὸν</span> <span class='ocrx_word' id='word_1_305' title='bbox 1017 3489 1109 3544; x_wconf 81' lang='grc' dir='ltr'>διὰ</span> <span class='ocrx_word' id='word_1_306' title='bbox 1161 3489 1430 3563; x_wconf 83' lang='grc' dir='ltr'>δυνάμεως</span> <span class='ocrx_word' id='word_1_307' title='bbox 1478 3497 1633 3556; x_wconf 89' lang='grc' dir='ltr'>Θεοῦ,</span> <span class='ocrx_word' id='word_1_308' title='bbox 1674 3494 1766 3542; x_wconf 89' lang='lat' dir='ltr'>xui</span> <span class='ocrx_word' id='word_1_309' title='bbox 1795 3488 1926 3561; x_wconf 85' lang='grc' dir='ltr'>ἐνερ-</span> 
     </span>
    </p>
   </div>
   <div class='ocr_carea' id='block_1_42' title="bbox 326 3585 745 3659">
    <p class='ocr_par' dir='ltr' id='par_1_42' title="bbox 326 3585 745 3659">
     <span class='ocr_line' id='line_1_44' title="bbox 326 3585 745 3659; baseline -0.005 -22"><span class='ocrx_word' id='word_1_310' title='bbox 326 3589 475 3657; x_wconf 87' lang='grc' dir='ltr'>γείας</span> <span class='ocrx_word' id='word_1_311' title='bbox 504 3585 745 3659; x_wconf 87' lang='grc' dir='ltr'>χάριτος.</span> 
     </span>
    </p>
   </div>
   <div class='ocr_carea' id='block_1_43' title="bbox 415 3696 1928 3775">
    <p class='ocr_par' dir='ltr' id='par_1_43' title="bbox 415 3696 1928 3775">
     <span class='ocr_line' id='line_1_45' title="bbox 415 3696 1928 3775; baseline -0.005 -19"><span class='ocrx_word' id='word_1_312' title='bbox 415 3700 511 3775; x_wconf 73' lang='grc' dir='ltr'>ς’.</span> <span class='ocrx_word' id='word_1_313' title='bbox 560 3699 683 3755; x_wconf 84' lang='grc' dir='ltr'>Ἐὰν</span> <span class='ocrx_word' id='word_1_314' title='bbox 741 3701 842 3773; x_wconf 87' lang='grc' dir='ltr'>γὰρ</span> <span class='ocrx_word' id='word_1_315' title='bbox 892 3702 964 3771; x_wconf 79' lang='grc' dir='ltr'>μὴ</span> <span class='ocrx_word' id='word_1_316' title='bbox 1019 3698 1183 3760; x_wconf 77' lang='grc' dir='ltr'>οὕτως</span> <span class='ocrx_word' id='word_1_317' title='bbox 1236 3696 1531 3769; x_wconf 84' lang='grc' dir='ltr'>καταξιωθῇ</span> <span class='ocrx_word' id='word_1_318' title='bbox 1588 3698 1615 3749; x_wconf 89' lang='grc' dir='ltr'>ό</span> <span class='ocrx_word' id='word_1_319' title='bbox 1662 3697 1928 3768; x_wconf 83' lang='grc' dir='ltr'>ἄνθρωπος</span> 
     </span>
    </p>
   </div>
   <div class='ocr_carea' id='block_1_44' title="bbox 328 3790 1928 3867">
    <p class='ocr_par' dir='ltr' id='par_1_44' title="bbox 328 3790 1928 3867">
     <span class='ocr_line' id='line_1_46' title="bbox 328 3790 1928 3867; baseline -0.005 -15"><span class='ocrx_word' id='word_1_320' title='bbox 328 3797 419 3852; x_wconf 82' lang='grc' dir='ltr'>διὰ</span> <span class='ocrx_word' id='word_1_321' title='bbox 448 3806 543 3861; x_wconf 80' lang='grc' dir='ltr'>τῆς</span> <span class='ocrx_word' id='word_1_322' title='bbox 590 3804 817 3857; x_wconf 83' lang='grc' dir='ltr'>πίστεως</span> <span class='ocrx_word' id='word_1_323' title='bbox 860 3803 952 3849; x_wconf 90' lang='grc' dir='ltr'>τοῦ</span> <span class='ocrx_word' id='word_1_324' title='bbox 980 3794 1150 3848; x_wconf 80' lang='grc' dir='ltr'>λαϐεῖν</span> <span class='ocrx_word' id='word_1_325' title='bbox 1201 3798 1385 3867; x_wconf 85' lang='grc' dir='ltr'>χάριν,</span> <span class='ocrx_word' id='word_1_326' title='bbox 1434 3799 1523 3846; x_wconf 86' lang='grc' dir='ltr'>καὶ</span> <span class='ocrx_word' id='word_1_327' title='bbox 1572 3790 1928 3853; x_wconf 76' lang='grc' dir='ltr'>ἀνεπιτήδειος</span> 
     </span>
    </p>
   </div>
   <div class='ocr_carea' id='block_1_45' title="bbox 326 3880 1928 3958">
    <p class='ocr_par' dir='ltr' id='par_1_45' title="bbox 326 3880 1928 3958">
     <span class='ocr_line' id='line_1_47' title="bbox 326 3880 1928 3958; baseline -0.004 -18"><span class='ocrx_word' id='word_1_328' title='bbox 326 3894 413 3941; x_wconf 83' lang='grc' dir='ltr'>καὶ</span> <span class='ocrx_word' id='word_1_329' title='bbox 444 3887 705 3947; x_wconf 82' lang='grc' dir='ltr'>ἁνεύθετός</span> <span class='ocrx_word' id='word_1_330' title='bbox 737 3885 849 3939; x_wconf 78' lang='grc' dir='ltr'>ἐστι</span> <span class='ocrx_word' id='word_1_331' title='bbox 878 3894 940 3958; x_wconf 88' lang='grc' dir='ltr'>τῇ</span> <span class='ocrx_word' id='word_1_332' title='bbox 995 3882 1239 3958; x_wconf 80' lang='grc' dir='ltr'>βασιλείᾳ</span> <span class='ocrx_word' id='word_1_333' title='bbox 1269 3901 1282 3913; x_wconf 82' lang='grc'><strong>⁸</strong></span> <span class='ocrx_word' id='word_1_334' title='bbox 1314 3888 1401 3935; x_wconf 84' lang='grc' dir='ltr'>καὶ</span> <span class='ocrx_word' id='word_1_335' title='bbox 1453 3883 1606 3936; x_wconf 88' lang='grc' dir='ltr'>πάλιν</span> <span class='ocrx_word' id='word_1_336' title='bbox 1652 3880 1928 3953; x_wconf 81' lang='grc' dir='ltr'>δεξάμενος</span> 
     </span>
    </p>
   </div>
   <div class='ocr_carea' id='block_1_46' title="bbox 327 3969 1929 4050">
    <p class='ocr_par' dir='ltr' id='par_1_46' title="bbox 327 3969 1929 4050">
     <span class='ocr_line' id='line_1_48' title="bbox 327 3969 1929 4050; baseline -0.004 -20"><span class='ocrx_word' id='word_1_337' title='bbox 327 3983 420 4035; x_wconf 79' lang='grc' dir='ltr'>τὴν</span> <span class='ocrx_word' id='word_1_338' title='bbox 478 3980 639 4050; x_wconf 86' lang='grc' dir='ltr'>χάριν</span> <span class='ocrx_word' id='word_1_339' title='bbox 686 3984 776 4027; x_wconf 91' lang='grc' dir='ltr'>τοῦ</span> <span class='ocrx_word' id='word_1_340' title='bbox 823 3978 1120 4047; x_wconf 89' lang='grc' dir='ltr'>ιἸνεύματος</span> <span class='ocrx_word' id='word_1_341' title='bbox 1178 3974 1225 4025; x_wconf 83' lang='grc' dir='ltr'>ἐν</span> <span class='ocrx_word' id='word_1_342' title='bbox 1279 3969 1469 4044; x_wconf 85' lang='grc' dir='ltr'>μηδενὶ</span> <span class='ocrx_word' id='word_1_343' title='bbox 1534 3978 1929 4045; x_wconf 84' lang='grc' dir='ltr'>παρατρεπόμε-</span> 
     </span>
    </p>
   </div>
   <div class='ocr_carea' id='block_1_47' title="bbox 328 4058 1929 4136">
    <p class='ocr_par' dir='ltr' id='par_1_47' title="bbox 328 4058 1929 4136">
     <span class='ocr_line' id='line_1_49' title="bbox 328 4058 1929 4136; baseline -0.003 -20"><span class='ocrx_word' id='word_1_344' title='bbox 328 4085 432 4129; x_wconf 86' lang='grc' dir='ltr'>νος,</span> <span class='ocrx_word' id='word_1_345' title='bbox 493 4070 582 4115; x_wconf 85' lang='lat' dir='ltr'>xui</span> <span class='ocrx_word' id='word_1_346' title='bbox 625 4069 719 4121; x_wconf 79' lang='grc' dir='ltr'>τὴν</span> <span class='ocrx_word' id='word_1_347' title='bbox 764 4066 926 4136; x_wconf 83' lang='grc' dir='ltr'>χάριν</span> <span class='ocrx_word' id='word_1_348' title='bbox 971 4068 1041 4134; x_wconf 77' lang='grc' dir='ltr'>μὴ</span> <span class='ocrx_word' id='word_1_349' title='bbox 1097 4061 1376 4133; x_wconf 76' lang='grc' dir='ltr'>ἐνυϐριζων</span> <span class='ocrx_word' id='word_1_350' title='bbox 1428 4058 1499 4112; x_wconf 83' lang='grc' dir='ltr'>δι’</span> <span class='ocrx_word' id='word_1_351' title='bbox 1557 4061 1795 4133; x_wconf 82' lang='grc' dir='ltr'>ἀμελείας</span> <span class='ocrx_word' id='word_1_352' title='bbox 1841 4065 1929 4111; x_wconf 80' lang='grc' dir='ltr'>καὶ</span> 
     </span>
    </p>
   </div>
   <div class='ocr_carea' id='block_1_48' title="bbox 332 4148 1930 4225">
    <p class='ocr_par' dir='ltr' id='par_1_48' title="bbox 332 4148 1930 4225">
     <span class='ocr_line' id='line_1_50' title="bbox 332 4148 1930 4225; baseline -0.004 -20"><span class='ocrx_word' id='word_1_353' title='bbox 332 4157 709 4225; x_wconf 79' lang='grc' dir='ltr'>κακοπραγίας,</span> <span class='ocrx_word' id='word_1_354' title='bbox 774 4156 864 4203; x_wconf 81' lang='grc' dir='ltr'>καὶ</span> <span class='ocrx_word' id='word_1_355' title='bbox 932 4152 1087 4211; x_wconf 65' lang='grc' dir='ltr'>οὔτως</span> <span class='ocrx_word' id='word_1_356' title='bbox 1141 4151 1227 4202; x_wconf 84' lang='grc' dir='ltr'>ἐπὶ</span> <span class='ocrx_word' id='word_1_357' title='bbox 1280 4155 1490 4221; x_wconf 88' lang='grc' dir='ltr'>χρόνοις</span> <span class='ocrx_word' id='word_1_358' title='bbox 1547 4148 1930 4221; x_wconf 84' lang='grc' dir='ltr'>ἀγωνισάμενος</span> 
     </span>
    </p>
   </div>
   <div class='ocr_carea' id='block_1_49' title="bbox 335 4236 1930 4314">
    <p class='ocr_par' dir='ltr' id='par_1_49' title="bbox 335 4236 1930 4314">
     <span class='ocr_line' id='line_1_51' title="bbox 335 4236 1930 4314; baseline -0.003 -21"><span class='ocrx_word' id='word_1_359' title='bbox 335 4247 405 4314; x_wconf 79' lang='grc' dir='ltr'>μὴ</span> <span class='ocrx_word' id='word_1_360' title='bbox 454 4241 665 4312; x_wconf 79' lang='grc' dir='ltr'>λυπήσῃ</span> <span class='ocrx_word' id='word_1_361' title='bbox 719 4244 774 4291; x_wconf 89' lang='grc' dir='ltr'>τὸ</span> <span class='ocrx_word' id='word_1_362' title='bbox 810 4247 1035 4311; x_wconf 80' lang='grc' dir='ltr'>Πνεῦμα,</span> <span class='ocrx_word' id='word_1_363' title='bbox 1093 4236 1380 4296; x_wconf 79' lang='grc' dir='ltr'>δυνήσεται</span> <span class='ocrx_word' id='word_1_364' title='bbox 1416 4246 1511 4299; x_wconf 86' lang='grc' dir='ltr'>τῆς</span> <span class='ocrx_word' id='word_1_365' title='bbox 1541 4239 1750 4290; x_wconf 87' lang='grc' dir='ltr'>αἰωνίου</span> <span class='ocrx_word' id='word_1_366' title='bbox 1795 4239 1930 4298; x_wconf 75' lang='grc' dir='ltr'>ζωῆς</span> 
     </span>
    </p>
   </div>
   <div class='ocr_carea' id='block_1_50' title="bbox 335 4328 1929 4402">
    <p class='ocr_par' dir='ltr' id='par_1_50' title="bbox 335 4328 1929 4402">
     <span class='ocr_line' id='line_1_52' title="bbox 335 4328 1929 4402; baseline -0.004 -18"><span class='ocrx_word' id='word_1_367' title='bbox 335 4331 623 4402; x_wconf 85' lang='grc' dir='ltr'>ἐπιτυχεῖν.</span> <span class='ocrx_word' id='word_1_368' title='bbox 678 4336 878 4402; x_wconf 81' lang='grc' dir='ltr'>’Ὠσπερ</span> <span class='ocrx_word' id='word_1_369' title='bbox 944 4330 1043 4400; x_wconf 86' lang='grc' dir='ltr'>γάρ</span> <span class='ocrx_word' id='word_1_370' title='bbox 1122 4347 1198 4388; x_wconf 93' lang='grc' dir='ltr'>τις</span> <span class='ocrx_word' id='word_1_371' title='bbox 1272 4328 1575 4379; x_wconf 82' lang='grc' dir='ltr'>αἰσθάνεται</span> <span class='ocrx_word' id='word_1_372' title='bbox 1645 4336 1743 4379; x_wconf 88' lang='grc' dir='ltr'>τῶν</span> <span class='ocrx_word' id='word_1_373' title='bbox 1795 4330 1929 4402; x_wconf 79' lang='grc' dir='ltr'>ἐνερ-</span> 
     </span>
    </p>
   </div>
   <div class='ocr_carea' id='block_1_51' title="bbox 333 4415 1932 4490">
    <p class='ocr_par' dir='ltr' id='par_1_51' title="bbox 333 4415 1932 4490">
     <span class='ocr_line' id='line_1_53' title="bbox 333 4415 1932 4490; baseline -0.002 -19"><span class='ocrx_word' id='word_1_374' title='bbox 333 4427 485 4490; x_wconf 85' lang='grc' dir='ltr'>γειῶν</span> <span class='ocrx_word' id='word_1_375' title='bbox 543 4428 631 4479; x_wconf 84' lang='grc' dir='ltr'>τῆς</span> <span class='ocrx_word' id='word_1_376' title='bbox 684 4422 873 4477; x_wconf 84' lang='grc' dir='ltr'>κακίας</span> <span class='ocrx_word' id='word_1_377' title='bbox 929 4419 982 4469; x_wconf 81' lang='grc' dir='ltr'>ἐκ</span> <span class='ocrx_word' id='word_1_378' title='bbox 1039 4424 1133 4468; x_wconf 83' lang='grc' dir='ltr'>τῶν</span> <span class='ocrx_word' id='word_1_379' title='bbox 1183 4417 1383 4481; x_wconf 88' lang='grc' dir='ltr'>παθῶν,</span> <span class='ocrx_word' id='word_1_380' title='bbox 1441 4415 1572 4487; x_wconf 83' lang='grc' dir='ltr'>λέγω</span> <span class='ocrx_word' id='word_1_381' title='bbox 1618 4417 1801 4487; x_wconf 89' lang='grc' dir='ltr'>θυμοῦ,</span> <span class='ocrx_word' id='word_1_382' title='bbox 1843 4420 1932 4468; x_wconf 83' lang='grc' dir='ltr'>καὶ</span> 
     </span>
    </p>
   </div>
   <div class='ocr_carea' id='block_1_52' title="bbox 333 4505 1932 4580">
    <p class='ocr_par' dir='ltr' id='par_1_52' title="bbox 333 4505 1932 4580">
     <span class='ocr_line' id='line_1_54' title="bbox 333 4505 1932 4580; baseline -0.004 -19"><span class='ocrx_word' id='word_1_383' title='bbox 333 4509 628 4580; x_wconf 72' lang='grc' dir='ltr'>ἐπιθυμίας,</span> <span class='ocrx_word' id='word_1_384' title='bbox 701 4512 791 4559; x_wconf 86' lang='grc' dir='ltr'>καὶ</span> <span class='ocrx_word' id='word_1_385' title='bbox 867 4508 1077 4579; x_wconf 79' lang='grc' dir='ltr'>φθόνου,</span> <span class='ocrx_word' id='word_1_386' title='bbox 1134 4510 1223 4557; x_wconf 86' lang='grc' dir='ltr'>καὶ</span> <span class='ocrx_word' id='word_1_387' title='bbox 1281 4505 1498 4577; x_wconf 85' lang='grc' dir='ltr'>βάρους,</span> <span class='ocrx_word' id='word_1_388' title='bbox 1558 4509 1648 4557; x_wconf 84' lang='grc' dir='ltr'>καὶ</span> <span class='ocrx_word' id='word_1_389' title='bbox 1700 4513 1932 4578; x_wconf 83' lang='grc' dir='ltr'>πονηρῶν</span> 
     </span>
    </p>
   </div>
   <div class='ocr_carea' id='block_1_53' title="bbox 329 4593 1588 4669">
    <p class='ocr_par' dir='ltr' id='par_1_53' title="bbox 329 4593 1588 4669">
     <span class='ocr_line' id='line_1_55' title="bbox 329 4593 1588 4669; baseline -0.005 -19"><span class='ocrx_word' id='word_1_390' title='bbox 329 4597 616 4669; x_wconf 86' lang='grc' dir='ltr'>λογισμῶν,</span> <span class='ocrx_word' id='word_1_391' title='bbox 671 4601 761 4648; x_wconf 84' lang='grc' dir='ltr'>καὶ</span> <span class='ocrx_word' id='word_1_392' title='bbox 806 4604 905 4648; x_wconf 87' lang='grc' dir='ltr'>τῶν</span> <span class='ocrx_word' id='word_1_393' title='bbox 952 4595 1141 4647; x_wconf 85' lang='grc' dir='ltr'>λοιπῶν</span> <span class='ocrx_word' id='word_1_394' title='bbox 1195 4593 1541 4665; x_wconf 81' lang='grc' dir='ltr'>ἀτοπημὰτων</span> <span class='ocrx_word' id='word_1_395' title='bbox 1576 4614 1588 4626; x_wconf 87' lang='grc'><strong>·</strong></span> 
     </span>
    </p>
   </div>
   <div class='ocr_carea' id='block_1_54' title="bbox 335 4679 1933 4759">
    <p class='ocr_par' dir='ltr' id='par_1_54' title="bbox 335 4679 1933 4759">
     <span class='ocr_line' id='line_1_56' title="bbox 335 4679 1933 4759; baseline -0.003 -20"><span class='ocrx_word' id='word_1_396' title='bbox 335 4688 618 4739; x_wconf 87' lang='grc' dir='ltr'>σθάνεσθαι</span> <span class='ocrx_word' id='word_1_397' title='bbox 657 4685 845 4756; x_wconf 76' lang='grc' dir='ltr'>ὀφείλει</span> <span class='ocrx_word' id='word_1_398' title='bbox 883 4692 973 4745; x_wconf 84' lang='grc' dir='ltr'>τῆς</span> <span class='ocrx_word' id='word_1_399' title='bbox 1008 4686 1228 4759; x_wconf 86' lang='grc' dir='ltr'>χάριτος</span> <span class='ocrx_word' id='word_1_400' title='bbox 1257 4688 1346 4735; x_wconf 82' lang='grc' dir='ltr'>καὶ</span> <span class='ocrx_word' id='word_1_401' title='bbox 1383 4679 1651 4755; x_wconf 84' lang='grc' dir='ltr'>δυνάμεως</span> <span class='ocrx_word' id='word_1_402' title='bbox 1683 4690 1773 4735; x_wconf 91' lang='grc' dir='ltr'>τοῦ</span> <span class='ocrx_word' id='word_1_403' title='bbox 1801 4690 1933 4736; x_wconf 91' lang='grc' dir='ltr'>Θεοῦ</span> 
     </span>
    </p>
   </div>
   <div class='ocr_carea' id='block_1_55' title="bbox 333 4773 1934 4847">
    <p class='ocr_par' dir='ltr' id='par_1_55' title="bbox 333 4773 1934 4847">
     <span class='ocr_line' id='line_1_57' title="bbox 333 4773 1934 4847; baseline -0.001 -22"><span class='ocrx_word' id='word_1_404' title='bbox 333 4776 382 4826; x_wconf 82' lang='grc' dir='ltr'>ἐν</span> <span class='ocrx_word' id='word_1_405' title='bbox 431 4782 545 4834; x_wconf 92' lang='grc' dir='ltr'>ταῖς</span> <span class='ocrx_word' id='word_1_406' title='bbox 588 4773 810 4846; x_wconf 82' lang='grc' dir='ltr'>ἀρεταῖς,</span> <span class='ocrx_word' id='word_1_407' title='bbox 864 4773 1037 4847; x_wconf 81' lang='grc' dir='ltr'>ἀγάπη</span> <span class='ocrx_word' id='word_1_408' title='bbox 1091 4773 1243 4845; x_wconf 79' lang='grc' dir='ltr'>λέγω,</span> <span class='ocrx_word' id='word_1_409' title='bbox 1295 4778 1383 4825; x_wconf 86' lang='grc' dir='ltr'>καὶ</span> <span class='ocrx_word' id='word_1_410' title='bbox 1435 4776 1791 4847; x_wconf 87' lang='grc' dir='ltr'>χρηστότητι,</span> <span class='ocrx_word' id='word_1_411' title='bbox 1845 4777 1934 4824; x_wconf 89' lang='lat' dir='ltr'>xui</span> 
     </span>
    </p>
   </div>
   <div class='ocr_carea' id='block_1_56' title="bbox 334 4861 1054 4935">
    <p class='ocr_par' dir='ltr' id='par_1_56' title="bbox 334 4861 1054 4935">
     <span class='ocr_line' id='line_1_58' title="bbox 334 4861 1054 4935; baseline 0.003 -23"><span class='ocrx_word' id='word_1_412' title='bbox 334 4867 503 4935; x_wconf 75' lang='grc' dir='ltr'>χαρᾷ,</span> <span class='ocrx_word' id='word_1_413' title='bbox 557 4867 648 4913; x_wconf 83' lang='grc' dir='ltr'>καὶ</span> <span class='ocrx_word' id='word_1_414' title='bbox 724 4861 1054 4934; x_wconf 76' lang='grc' dir='ltr'>ἐλαφρότητι,</span> 
     </span>
    </p>
   </div>
   <div class='ocr_carea' id='block_1_57' title="bbox 334 4947 1933 5024">
    <p class='ocr_par' dir='ltr' id='par_1_57' title="bbox 334 4947 1933 5024">
     <span class='ocr_line' id='line_1_59' title="bbox 334 4947 1933 5024; baseline 0 -23"><span class='ocrx_word' id='word_1_415' title='bbox 334 4949 707 5022; x_wconf 77' lang='grc' dir='ltr'>ἓξομοιωθῆναι</span> <span class='ocrx_word' id='word_1_416' title='bbox 772 4947 997 5022; x_wconf 86' lang='grc' dir='ltr'>δυνηθῇ,</span> <span class='ocrx_word' id='word_1_417' title='bbox 1053 4956 1144 5003; x_wconf 85' lang='grc' dir='ltr'>καὶ</span> <span class='ocrx_word' id='word_1_418' title='bbox 1203 4952 1629 5024; x_wconf 84' lang='grc' dir='ltr'>συγκερασθῆναι</span> <span class='ocrx_word' id='word_1_419' title='bbox 1687 4957 1749 5022; x_wconf 91' lang='grc' dir='ltr'>τῇ</span> <span class='ocrx_word' id='word_1_420' title='bbox 1806 4947 1933 5020; x_wconf 87' lang='grc' dir='ltr'>ἀγα-</span> 
     </span>
    </p>
   </div>
   <div class='ocr_carea' id='block_1_58' title="bbox 337 5039 1935 5112">
    <p class='ocr_par' dir='ltr' id='par_1_58' title="bbox 337 5039 1935 5112">
     <span class='ocr_line' id='line_1_60' title="bbox 337 5039 1935 5112; baseline -0.002 -20"><span class='ocrx_word' id='word_1_421' title='bbox 337 5041 399 5111; x_wconf 87' lang='grc' dir='ltr'>θῇ</span> <span class='ocrx_word' id='word_1_422' title='bbox 455 5044 544 5091; x_wconf 84' lang='grc' dir='ltr'>καὶ</span> <span class='ocrx_word' id='word_1_423' title='bbox 595 5039 706 5110; x_wconf 87' lang='grc' dir='ltr'>θείᾳ</span> <span class='ocrx_word' id='word_1_424' title='bbox 763 5042 934 5111; x_wconf 78' lang='grc' dir='ltr'>φύσει,</span> <span class='ocrx_word' id='word_1_425' title='bbox 992 5046 1079 5091; x_wconf 84' lang='lat' dir='ltr'>xui</span> <span class='ocrx_word' id='word_1_426' title='bbox 1137 5047 1198 5112; x_wconf 88' lang='grc' dir='ltr'>τῇ</span> <span class='ocrx_word' id='word_1_427' title='bbox 1253 5047 1469 5111; x_wconf 88' lang='grc' dir='ltr'>χρηστῇ</span> <span class='ocrx_word' id='word_1_428' title='bbox 1519 5044 1608 5091; x_wconf 84' lang='lat' dir='ltr'>xui</span> <span class='ocrx_word' id='word_1_429' title='bbox 1665 5039 1793 5109; x_wconf 86' lang='grc' dir='ltr'>ἁγίᾳ</span> <span class='ocrx_word' id='word_1_430' title='bbox 1840 5046 1935 5100; x_wconf 84' lang='grc' dir='ltr'>τῆς</span> 
     </span>
    </p>
   </div>
   <div class='ocr_carea' id='block_1_59' title="bbox 331 5125 1933 5202">
    <p class='ocr_par' dir='ltr' id='par_1_59' title="bbox 331 5125 1933 5202">
     <span class='ocr_line' id='line_1_61' title="bbox 331 5125 1933 5202; baseline -0.002 -21"><span class='ocrx_word' id='word_1_431' title='bbox 331 5130 558 5202; x_wconf 84' lang='grc' dir='ltr'>χάριτος</span> <span class='ocrx_word' id='word_1_432' title='bbox 610 5126 838 5202; x_wconf 74' lang='grc' dir='ltr'>ἐνεργείᾳ</span> <span class='ocrx_word' id='word_1_433' title='bbox 870 5145 880 5156; x_wconf 95' lang='grc'><strong>·</strong></span> <span class='ocrx_word' id='word_1_434' title='bbox 927 5131 1063 5180; x_wconf 86' lang='grc' dir='ltr'>κατά</span> <span class='ocrx_word' id='word_1_435' title='bbox 1111 5133 1379 5200; x_wconf 79' lang='grc' dir='ltr'>προκοπὴν</span> <span class='ocrx_word' id='word_1_436' title='bbox 1445 5125 1505 5181; x_wconf 73' lang='grc' dir='ltr'>δὲ</span> <span class='ocrx_word' id='word_1_437' title='bbox 1565 5132 1654 5180; x_wconf 90' lang='grc' dir='ltr'>καὶ</span> <span class='ocrx_word' id='word_1_438' title='bbox 1712 5127 1933 5190; x_wconf 80' lang='grc' dir='ltr'>αὔξησιν</span> 
     </span>
    </p>
   </div>
   <div class='ocr_carea' id='block_1_60' title="bbox 336 5212 1935 5291">
    <p class='ocr_par' dir='ltr' id='par_1_60' title="bbox 336 5212 1935 5291">
     <span class='ocr_line' id='line_1_62' title="bbox 336 5212 1935 5291; baseline -0.003 -20"><span class='ocrx_word' id='word_1_439' title='bbox 336 5215 727 5290; x_wconf 79' lang='grc' dir='ltr'>δοκιμαζομένη</span> <span class='ocrx_word' id='word_1_440' title='bbox 779 5220 994 5288; x_wconf 87' lang='grc' dir='ltr'>χρόνοις</span> <span class='ocrx_word' id='word_1_441' title='bbox 1049 5221 1139 5268; x_wconf 80' lang='grc' dir='ltr'>καὶ</span> <span class='ocrx_word' id='word_1_442' title='bbox 1185 5224 1384 5291; x_wconf 84' lang='grc' dir='ltr'>καιροῖς</span> <span class='ocrx_word' id='word_1_443' title='bbox 1440 5219 1469 5275; x_wconf 82' lang='grc' dir='ltr'>ἡ</span> <span class='ocrx_word' id='word_1_444' title='bbox 1522 5221 1841 5289; x_wconf 85' lang='grc' dir='ltr'>προαίρεσις,</span> <span class='ocrx_word' id='word_1_445' title='bbox 1892 5212 1935 5268; x_wconf 86' lang='grc' dir='ltr'>εἰ</span> 
     </span>
    </p>
   </div>
   <div class='ocr_carea' id='block_1_61' title="bbox 336 5306 1932 5379">
    <p class='ocr_par' dir='ltr' id='par_1_61' title="bbox 336 5306 1932 5379">
     <span class='ocr_line' id='line_1_63' title="bbox 336 5306 1932 5379; baseline -0.002 -19"><span class='ocrx_word' id='word_1_446' title='bbox 336 5315 637 5360; x_wconf 79' lang='grc' dir='ltr'>συνενοῦται</span> <span class='ocrx_word' id='word_1_447' title='bbox 680 5308 897 5358; x_wconf 84' lang='grc' dir='ltr'>πάντοτε</span> <span class='ocrx_word' id='word_1_448' title='bbox 943 5313 1003 5378; x_wconf 85' lang='grc' dir='ltr'>τῇ</span> <span class='ocrx_word' id='word_1_449' title='bbox 1056 5307 1262 5377; x_wconf 87' lang='grc' dir='ltr'>χάριτι,</span> <span class='ocrx_word' id='word_1_450' title='bbox 1324 5311 1414 5358; x_wconf 83' lang='grc' dir='ltr'>καὶ</span> <span class='ocrx_word' id='word_1_451' title='bbox 1471 5306 1742 5379; x_wconf 72' lang='grc' dir='ltr'>εὐάρεστος</span> <span class='ocrx_word' id='word_1_452' title='bbox 1795 5307 1932 5378; x_wconf 71' lang='grc' dir='ltr'>εὑρίο</span> 
     </span>
    </p>
   </div>
   <div class='ocr_carea' id='block_1_62' title="bbox 1130 4860 1935 4933">
    <p class='ocr_par' dir='ltr' id='par_1_62' title="bbox 1130 4860 1935 4933">
     <span class='ocr_line' id='line_1_64' title="bbox 1130 4860 1935 4933; baseline -0.002 -19"><span class='ocrx_word' id='word_1_453' title='bbox 1130 4867 1221 4914; x_wconf 90' lang='lat' dir='ltr'>xui</span> <span class='ocrx_word' id='word_1_454' title='bbox 1296 4860 1600 4933; x_wconf 86' lang='grc' dir='ltr'>ἀγαλλιάσει</span> <span class='ocrx_word' id='word_1_455' title='bbox 1675 4862 1806 4931; x_wconf 82' lang='grc' dir='ltr'>θείᾳ,</span> <span class='ocrx_word' id='word_1_456' title='bbox 1854 4860 1935 4912; x_wconf 82' lang='grc' dir='ltr'>ἵνα</span> 
     </span>
    </p>
   </div>
   <div class='ocr_carea' id='block_1_63' title="bbox 336 5394 1929 5469">
    <p class='ocr_par' dir='ltr' id='par_1_63' title="bbox 336 5394 1929 5469">
     <span class='ocr_line' id='line_1_65' title="bbox 336 5394 1929 5469; baseline -0.004 -20"><span class='ocrx_word' id='word_1_457' title='bbox 336 5417 535 5463; x_wconf 87' lang='grc' dir='ltr'>σκεται,</span> <span class='ocrx_word' id='word_1_458' title='bbox 585 5400 785 5468; x_wconf 83' lang='grc' dir='ltr'>γίνεται</span> <span class='ocrx_word' id='word_1_459' title='bbox 831 5395 920 5453; x_wconf 87' lang='grc' dir='ltr'>ὅλη</span> <span class='ocrx_word' id='word_1_460' title='bbox 962 5394 1014 5457; x_wconf 73' lang='grc' dir='ltr'><strong>ἐξ</strong></span> <span class='ocrx_word' id='word_1_461' title='bbox 1044 5394 1162 5447; x_wconf 86' lang='grc' dir='ltr'>ὅλου</span> <span class='ocrx_word' id='word_1_462' title='bbox 1213 5398 1347 5447; x_wconf 87' lang='grc' dir='ltr'>κατά</span> <span class='ocrx_word' id='word_1_463' title='bbox 1388 5399 1658 5469; x_wconf 78' lang='grc' dir='ltr'>προκοπὴν</span> <span class='ocrx_word' id='word_1_464' title='bbox 1689 5394 1736 5445; x_wconf 89' lang='grc' dir='ltr'>ἐν</span> <span class='ocrx_word' id='word_1_465' title='bbox 1779 5397 1929 5446; x_wconf 81' lang='grc' dir='ltr'>Πνεῦ-</span> 
     </span>
    </p>
   </div>
   <div class='ocr_carea' id='block_1_64' title="bbox 334 5480 1934 5559">
    <p class='ocr_par' dir='ltr' id='par_1_64' title="bbox 334 5480 1934 5559">
     <span class='ocr_line' id='line_1_66' title="bbox 334 5480 1934 5559; baseline -0.003 -22"><span class='ocrx_word' id='word_1_466' title='bbox 334 5506 482 5559; x_wconf 89' lang='grc' dir='ltr'>ματι,</span> <span class='ocrx_word' id='word_1_467' title='bbox 534 5492 623 5539; x_wconf 84' lang='grc' dir='ltr'>και</span> <span class='ocrx_word' id='word_1_468' title='bbox 681 5486 815 5537; x_wconf 72' lang='grc' dir='ltr'>οὕτω</span> <span class='ocrx_word' id='word_1_469' title='bbox 860 5485 1036 5537; x_wconf 86' lang='grc' dir='ltr'>λοιπὸν</span> <span class='ocrx_word' id='word_1_470' title='bbox 1106 5488 1234 5555; x_wconf 83' lang='grc' dir='ltr'>ἁγία</span> <span class='ocrx_word' id='word_1_471' title='bbox 1287 5488 1376 5536; x_wconf 81' lang='grc' dir='ltr'>καὶ</span> <span class='ocrx_word' id='word_1_472' title='bbox 1430 5485 1637 5558; x_wconf 84' lang='grc' dir='ltr'>καθαρά</span> <span class='ocrx_word' id='word_1_473' title='bbox 1694 5480 1788 5535; x_wconf 80' lang='grc' dir='ltr'>διὰ</span> <span class='ocrx_word' id='word_1_474' title='bbox 1842 5490 1934 5534; x_wconf 94' lang='grc' dir='ltr'>τοῦ</span> 
     </span>
    </p>
   </div>
   <div class='ocr_carea' id='block_1_65' title="bbox 336 5572 1933 5651">
    <p class='ocr_par' dir='ltr' id='par_1_65' title="bbox 336 5572 1933 5651">
     <span class='ocr_line' id='line_1_67' title="bbox 336 5572 1933 5651; baseline -0.003 -24"><span class='ocrx_word' id='word_1_475' title='bbox 336 5578 624 5647; x_wconf 83' lang='grc' dir='ltr'>Πνεῦματος</span> <span class='ocrx_word' id='word_1_476' title='bbox 681 5574 1074 5651; x_wconf 81' lang='grc' dir='ltr'>ἐξεργασθεῖσα,</span> <span class='ocrx_word' id='word_1_477' title='bbox 1129 5581 1223 5635; x_wconf 81' lang='grc' dir='ltr'>τῆς</span> <span class='ocrx_word' id='word_1_478' title='bbox 1291 5572 1563 5646; x_wconf 76' lang='grc' dir='ltr'>βασιλείας</span> <span class='ocrx_word' id='word_1_479' title='bbox 1626 5572 1745 5635; x_wconf 82' lang='grc' dir='ltr'>ἀξία</span> <span class='ocrx_word' id='word_1_480' title='bbox 1809 5574 1933 5624; x_wconf 86' lang='grc' dir='ltr'>καθ-</span> 
     </span>
    </p>
   </div>
   <div class='ocr_carea' id='block_1_66' title="bbox 338 5661 1936 5738">
    <p class='ocr_par' dir='ltr' id='par_1_66' title="bbox 338 5661 1936 5738">
     <span class='ocr_line' id='line_1_68' title="bbox 338 5661 1936 5738; baseline -0.003 -21"><span class='ocrx_word' id='word_1_481' title='bbox 338 5669 570 5720; x_wconf 85' lang='grc' dir='ltr'>ίσταται.</span> <span class='ocrx_word' id='word_1_482' title='bbox 628 5664 761 5727; x_wconf 83' lang='grc' dir='ltr'>Δόξα</span> <span class='ocrx_word' id='word_1_483' title='bbox 815 5670 905 5718; x_wconf 82' lang='grc' dir='ltr'>καὶ</span> <span class='ocrx_word' id='word_1_484' title='bbox 950 5666 1315 5738; x_wconf 85' lang='grc' dir='ltr'>προσκύνησις</span> <span class='ocrx_word' id='word_1_485' title='bbox 1364 5671 1437 5735; x_wconf 85' lang='grc' dir='ltr'>τῷ</span> <span class='ocrx_word' id='word_1_486' title='bbox 1492 5661 1740 5737; x_wconf 85' lang='grc' dir='ltr'>ἀχράντῳ</span> <span class='ocrx_word' id='word_1_487' title='bbox 1768 5666 1936 5735; x_wconf 83' lang='grc' dir='ltr'>Πατρὶ</span> 
     </span>
    </p>
   </div>
   <div class='ocr_carea' id='block_1_67' title="bbox 335 5750 1925 5827">
    <p class='ocr_par' dir='ltr' id='par_1_67' title="bbox 335 5750 1925 5827">
     <span class='ocr_line' id='line_1_69' title="bbox 335 5750 1925 5827; baseline 0.001 -21"><span class='ocrx_word' id='word_1_488' title='bbox 335 5759 426 5807; x_wconf 86' lang='grc' dir='ltr'>καὶ</span> <span class='ocrx_word' id='word_1_489' title='bbox 470 5756 594 5827; x_wconf 84' lang='grc' dir='ltr'>Υἱῷ,</span> <span class='ocrx_word' id='word_1_490' title='bbox 626 5758 716 5806; x_wconf 83' lang='grc' dir='ltr'>καὶ</span> <span class='ocrx_word' id='word_1_491' title='bbox 746 5753 878 5827; x_wconf 83' lang='grc' dir='ltr'>ἁγίῳ</span> <span class='ocrx_word' id='word_1_492' title='bbox 909 5757 1191 5827; x_wconf 76' lang='grc' dir='ltr'>Πνεῦματι,</span> <span class='ocrx_word' id='word_1_493' title='bbox 1224 5753 1293 5817; x_wconf 87' lang='grc' dir='ltr'>εἰς</span> <span class='ocrx_word' id='word_1_494' title='bbox 1337 5755 1457 5816; x_wconf 81' lang='grc' dir='ltr'>τοὺς</span> <span class='ocrx_word' id='word_1_495' title='bbox 1490 5751 1697 5817; x_wconf 74' lang='grc' dir='ltr'>αἰῶνας.</span> <span class='ocrx_word' id='word_1_496' title='bbox 1731 5750 1925 5824; x_wconf 79' lang='grc' dir='ltr'>Ἀμήν.</span> 
     </span>
    </p>
   </div>
   <div class='ocr_carea' id='block_1_68' title="bbox 2029 386 3673 454">
    <p class='ocr_par' dir='ltr' id='par_1_68' title="bbox 2029 386 3673 454">
     <span class='ocr_line' id='line_1_70' title="bbox 2029 386 3673 454; baseline 0.005 -12"><span class='ocrx_word' id='word_1_497' title='bbox 2029 387 2201 443; x_wconf 87' lang='lat' dir='ltr'>HOM.</span> <span class='ocrx_word' id='word_1_498' title='bbox 2244 386 2438 446; x_wconf 85' lang='lat' dir='ltr'><strong>XXIV.</strong></span> <span class='ocrx_word' id='word_1_499' title='bbox 3568 398 3673 454; x_wconf 85' lang='lat'><strong>666</strong></span> 
     </span>
    </p>
   </div>
   <div class='ocr_carea' id='block_1_69' title="bbox 2022 604 3670 681">
    <p class='ocr_par' dir='ltr' id='par_1_69' title="bbox 2022 604 3670 681">
     <span class='ocr_line' id='line_1_71' title="bbox 2022 604 3670 681; baseline 0.005 -23"><span class='ocrx_word' id='word_1_500' title='bbox 2022 609 2219 658; x_wconf 88' lang='lat' dir='ltr'>autem</span> <span class='ocrx_word' id='word_1_501' title='bbox 2251 604 2395 669; x_wconf 86' lang='lat' dir='ltr'>sale,</span> <span class='ocrx_word' id='word_1_502' title='bbox 2430 606 2533 677; x_wconf 87' lang='lat' dir='ltr'>qui</span> <span class='ocrx_word' id='word_1_503' title='bbox 2566 608 2617 662; x_wconf 90' lang='lat' dir='ltr'>vi</span> <span class='ocrx_word' id='word_1_504' title='bbox 2642 624 2874 665; x_wconf 83' lang='lat' dir='ltr'>vermes</span> <span class='ocrx_word' id='word_1_505' title='bbox 2908 612 3310 677; x_wconf 85' lang='lat' dir='ltr'>interimendi,</span> <span class='ocrx_word' id='word_1_506' title='bbox 3344 618 3399 667; x_wconf 91' lang='lat' dir='ltr'>et</span> <span class='ocrx_word' id='word_1_507' title='bbox 3425 626 3670 681; x_wconf 90' lang='lat' dir='ltr'>graveo-</span> 
     </span>
    </p>
   </div>
   <div class='ocr_carea' id='block_1_70' title="bbox 2021 692 3669 773">
    <p class='ocr_par' dir='ltr' id='par_1_70' title="bbox 2021 692 3669 773">
     <span class='ocr_line' id='line_1_72' title="bbox 2021 692 3669 773; baseline 0.005 -26"><span class='ocrx_word' id='word_1_508' title='bbox 2021 692 2264 749; x_wconf 84' lang='lat' dir='ltr'>lentiam</span> <span class='ocrx_word' id='word_1_509' title='bbox 2292 694 2575 751; x_wconf 86' lang='lat' dir='ltr'>abolendi</span> <span class='ocrx_word' id='word_1_510' title='bbox 2606 698 2778 768; x_wconf 90' lang='lat' dir='ltr'>valet,</span> <span class='ocrx_word' id='word_1_511' title='bbox 2814 699 2925 756; x_wconf 73' lang='lat' dir='ltr'>illae</span> <span class='ocrx_word' id='word_1_512' title='bbox 2949 716 3160 757; x_wconf 88' lang='lat' dir='ltr'>carnes</span> <span class='ocrx_word' id='word_1_513' title='bbox 3182 702 3442 773; x_wconf 82' lang='lat' dir='ltr'>graviter</span> <span class='ocrx_word' id='word_1_514' title='bbox 3491 700 3669 766; x_wconf 86' lang='lat' dir='ltr'>olent,</span> 
     </span>
    </p>
   </div>
   <div class='ocr_carea' id='block_1_71' title="bbox 2022 781 3670 856">
    <p class='ocr_par' dir='ltr' id='par_1_71' title="bbox 2022 781 3670 856">
     <span class='ocr_line' id='line_1_73' title="bbox 2022 781 3670 856; baseline 0.005 -21"><span class='ocrx_word' id='word_1_515' title='bbox 2022 796 2091 835; x_wconf 91' lang='lat' dir='ltr'>ac</span> <span class='ocrx_word' id='word_1_516' title='bbox 2119 781 2460 852; x_wconf 89' lang='lat' dir='ltr'>putreﬁunt,</span> <span class='ocrx_word' id='word_1_517' title='bbox 2494 790 2674 856; x_wconf 89' lang='lat' dir='ltr'>atque</span> <span class='ocrx_word' id='word_1_518' title='bbox 2704 787 2942 843; x_wconf 87' lang='lat' dir='ltr'>inutiles</span> <span class='ocrx_word' id='word_1_519' title='bbox 2972 789 3322 845; x_wconf 89' lang='lat' dir='ltr'>hominibus</span> <span class='ocrx_word' id='word_1_520' title='bbox 3348 789 3534 845; x_wconf 88' lang='lat' dir='ltr'>ﬁunt:</span> <span class='ocrx_word' id='word_1_521' title='bbox 3569 804 3670 843; x_wconf 94' lang='lat' dir='ltr'>eo-</span> 
     </span>
    </p>
   </div>
   <div class='ocr_carea' id='block_1_72' title="bbox 2022 868 3675 937">
    <p class='ocr_par' dir='ltr' id='par_1_72' title="bbox 2022 868 3675 937">
     <span class='ocr_line' id='line_1_74' title="bbox 2022 868 3675 937; baseline 0.005 -13"><span class='ocrx_word' id='word_1_522' title='bbox 2022 868 2160 925; x_wconf 87' lang='lat' dir='ltr'>dem</span> <span class='ocrx_word' id='word_1_523' title='bbox 2204 872 2409 937; x_wconf 90' lang='lat' dir='ltr'>modo,</span> <span class='ocrx_word' id='word_1_524' title='bbox 2465 878 2689 930; x_wconf 86' lang='lat' dir='ltr'>statuas</span> <span class='ocrx_word' id='word_1_525' title='bbox 2740 877 2882 931; x_wconf 89' lang='lat' dir='ltr'>mihi</span> <span class='ocrx_word' id='word_1_526' title='bbox 2931 894 3175 933; x_wconf 88' lang='lat' dir='ltr'>omnem</span> <span class='ocrx_word' id='word_1_527' title='bbox 3233 878 3675 934; x_wconf 89' lang='lat' dir='ltr'>humanitatem</span> 
     </span>
    </p>
   </div>
   <div class='ocr_carea' id='block_1_73' title="bbox 2024 965 3675 1038">
    <p class='ocr_par' dir='ltr' id='par_1_73' title="bbox 2024 965 3675 1038">
     <span class='ocr_line' id='line_1_75' title="bbox 2024 965 3675 1038; baseline 0.004 -24"><span class='ocrx_word' id='word_1_528' title='bbox 2024 976 2265 1015; x_wconf 88' lang='lat' dir='ltr'>carnem</span> <span class='ocrx_word' id='word_1_529' title='bbox 2292 976 2442 1031; x_wconf 90' lang='lat' dir='ltr'>esse,</span> <span class='ocrx_word' id='word_1_530' title='bbox 2470 968 2574 1019; x_wconf 87' lang='lat' dir='ltr'>aut</span> <span class='ocrx_word' id='word_1_531' title='bbox 2608 980 2875 1021; x_wconf 87' lang='lat' dir='ltr'>massam</span> <span class='ocrx_word' id='word_1_532' title='bbox 2925 965 3196 1022; x_wconf 83' lang='lat' dir='ltr'>fermenti</span> <span class='ocrx_word' id='word_1_533' title='bbox 3220 971 3522 1038; x_wconf 85' lang='lat' dir='ltr'>expertem</span> <span class='ocrx_word' id='word_1_534' title='bbox 3550 983 3564 1033; x_wconf 90' lang='lat'>;</span> <span class='ocrx_word' id='word_1_535' title='bbox 3589 966 3675 1022; x_wconf 89' lang='lat' dir='ltr'>sal</span> 
     </span>
    </p>
   </div>
   <div class='ocr_carea' id='block_1_74' title="bbox 2025 1049 3674 1125">
    <p class='ocr_par' dir='ltr' id='par_1_74' title="bbox 2025 1049 3674 1125">
     <span class='ocr_line' id='line_1_76' title="bbox 2025 1049 3674 1125; baseline 0.004 -21"><span class='ocrx_word' id='word_1_536' title='bbox 2025 1053 2225 1104; x_wconf 89' lang='lat' dir='ltr'>autem</span> <span class='ocrx_word' id='word_1_537' title='bbox 2242 1065 2310 1105; x_wconf 88' lang='lat' dir='ltr'>ac</span> <span class='ocrx_word' id='word_1_538' title='bbox 2326 1049 2681 1109; x_wconf 83' lang='lat' dir='ltr'>fermentum</span> <span class='ocrx_word' id='word_1_539' title='bbox 2695 1069 2766 1109; x_wconf 85' lang='lat' dir='ltr'>ex</span> <span class='ocrx_word' id='word_1_540' title='bbox 2783 1053 2895 1110; x_wconf 88' lang='lat' dir='ltr'>alte</span> <span class='ocrx_word' id='word_1_541' title='bbox 2905 1071 2968 1111; x_wconf 88' lang='lat' dir='ltr'>ro</span> <span class='ocrx_word' id='word_1_542' title='bbox 2984 1055 3205 1111; x_wconf 74' lang='lat' dir='ltr'>saeculo</span> <span class='ocrx_word' id='word_1_543' title='bbox 3217 1055 3511 1125; x_wconf 83' lang='lat' dir='ltr'>intelligas</span> <span class='ocrx_word' id='word_1_544' title='bbox 3525 1069 3674 1124; x_wconf 91' lang='lat' dir='ltr'>esse,</span> 
     </span>
    </p>
   </div>
   <div class='ocr_carea' id='block_1_75' title="bbox 2024 1137 3676 1215">
    <p class='ocr_par' dir='ltr' id='par_1_75' title="bbox 2024 1137 3676 1215">
     <span class='ocr_line' id='line_1_77' title="bbox 2024 1137 3676 1215; baseline 0.005 -24"><span class='ocrx_word' id='word_1_545' title='bbox 2024 1137 2292 1194; x_wconf 88' lang='lat' dir='ltr'>divinam</span> <span class='ocrx_word' id='word_1_546' title='bbox 2321 1139 2544 1197; x_wconf 86' lang='lat' dir='ltr'>scilicet</span> <span class='ocrx_word' id='word_1_547' title='bbox 2570 1149 2845 1198; x_wconf 89' lang='lat' dir='ltr'>naturam</span> <span class='ocrx_word' id='word_1_548' title='bbox 2870 1144 3122 1215; x_wconf 88' lang='lat' dir='ltr'>Spiritus</span> <span class='ocrx_word' id='word_1_549' title='bbox 3149 1146 3357 1201; x_wconf 90' lang='lat' dir='ltr'>sancti.</span> <span class='ocrx_word' id='word_1_550' title='bbox 3383 1145 3502 1198; x_wconf 90' lang='lat' dir='ltr'>Nisi</span> <span class='ocrx_word' id='word_1_551' title='bbox 3534 1159 3676 1215; x_wconf 91' lang='lat' dir='ltr'>ergo</span> 
     </span>
    </p>
   </div>
   <div class='ocr_carea' id='block_1_76' title="bbox 2026 1227 3679 1297">
    <p class='ocr_par' dir='ltr' id='par_1_76' title="bbox 2026 1227 3679 1297">
     <span class='ocr_line' id='line_1_78' title="bbox 2026 1227 3679 1297; baseline 0.004 -16"><span class='ocrx_word' id='word_1_552' title='bbox 2026 1227 2376 1297; x_wconf 90' lang='lat' dir='ltr'>permistum</span> <span class='ocrx_word' id='word_1_553' title='bbox 2409 1235 2464 1284; x_wconf 91' lang='lat' dir='ltr'>et</span> <span class='ocrx_word' id='word_1_554' title='bbox 2495 1230 2827 1286; x_wconf 87' lang='lat' dir='ltr'>immissum</span> <span class='ocrx_word' id='word_1_555' title='bbox 2864 1232 3039 1288; x_wconf 84' lang='lat' dir='ltr'>fuerit</span> <span class='ocrx_word' id='word_1_556' title='bbox 3068 1236 3129 1288; x_wconf 91' lang='lat' dir='ltr'>in</span> <span class='ocrx_word' id='word_1_557' title='bbox 3168 1234 3546 1289; x_wconf 86' lang='lat' dir='ltr'>humiliatam</span> <span class='ocrx_word' id='word_1_558' title='bbox 3575 1247 3679 1288; x_wconf 89' lang='lat' dir='ltr'>na-</span> 
     </span>
    </p>
   </div>
   <div class='ocr_carea' id='block_1_77' title="bbox 2027 1317 3675 1394">
    <p class='ocr_par' dir='ltr' id='par_1_77' title="bbox 2027 1317 3675 1394">
     <span class='ocr_line' id='line_1_79' title="bbox 2027 1317 3675 1394; baseline 0.004 -24"><span class='ocrx_word' id='word_1_559' title='bbox 2027 1322 2221 1371; x_wconf 85' lang='lat' dir='ltr'>turam</span> <span class='ocrx_word' id='word_1_560' title='bbox 2279 1317 2595 1374; x_wconf 90' lang='lat' dir='ltr'>hominum</span> <span class='ocrx_word' id='word_1_561' title='bbox 2641 1336 2712 1375; x_wconf 85' lang='lat' dir='ltr'>ex</span> <span class='ocrx_word' id='word_1_562' title='bbox 2743 1320 2845 1376; x_wconf 91' lang='lat' dir='ltr'>illo</span> <span class='ocrx_word' id='word_1_563' title='bbox 2874 1323 3115 1387; x_wconf 77' lang='lat' dir='ltr'>saeculo,</span> <span class='ocrx_word' id='word_1_564' title='bbox 3149 1328 3204 1378; x_wconf 92' lang='lat' dir='ltr'>et</span> <span class='ocrx_word' id='word_1_565' title='bbox 3238 1338 3310 1378; x_wconf 83' lang='lat' dir='ltr'>ex</span> <span class='ocrx_word' id='word_1_566' title='bbox 3340 1322 3439 1378; x_wconf 90' lang='lat' dir='ltr'>illa</span> <span class='ocrx_word' id='word_1_567' title='bbox 3462 1323 3675 1394; x_wconf 87' lang='lat' dir='ltr'>patria,</span> 
     </span>
    </p>
   </div>
   <div class='ocr_carea' id='block_1_78' title="bbox 2028 1405 3679 1483">
    <p class='ocr_par' dir='ltr' id='par_1_78' title="bbox 2028 1405 3679 1483">
     <span class='ocr_line' id='line_1_80' title="bbox 2028 1405 3679 1483; baseline 0.004 -24"><span class='ocrx_word' id='word_1_568' title='bbox 2028 1405 2262 1460; x_wconf 75' lang='lat' dir='ltr'>sceleste</span> <span class='ocrx_word' id='word_1_569' title='bbox 2284 1405 2537 1477; x_wconf 88' lang='lat' dir='ltr'>Spiritus</span> <span class='ocrx_word' id='word_1_570' title='bbox 2553 1408 2931 1475; x_wconf 84' lang='lat' dir='ltr'>fermentum,</span> <span class='ocrx_word' id='word_1_571' title='bbox 2948 1417 3346 1483; x_wconf 89' lang='lat' dir='ltr'>sanctumque</span> <span class='ocrx_word' id='word_1_572' title='bbox 3365 1427 3433 1467; x_wconf 90' lang='lat' dir='ltr'>ac</span> <span class='ocrx_word' id='word_1_573' title='bbox 3447 1411 3679 1467; x_wconf 92' lang='lat' dir='ltr'>bonum</span> 
     </span>
    </p>
   </div>
   <div class='ocr_carea' id='block_1_79' title="bbox 2029 1495 3674 1569">
    <p class='ocr_par' dir='ltr' id='par_1_79' title="bbox 2029 1495 3674 1569">
     <span class='ocr_line' id='line_1_81' title="bbox 2029 1495 3674 1569; baseline 0.003 -20"><span class='ocrx_word' id='word_1_574' title='bbox 2029 1495 2351 1550; x_wconf 88' lang='lat' dir='ltr'>divinitatis</span> <span class='ocrx_word' id='word_1_575' title='bbox 2404 1496 2513 1564; x_wconf 90' lang='lat' dir='ltr'>sal,</span> <span class='ocrx_word' id='word_1_576' title='bbox 2565 1513 2687 1553; x_wconf 92' lang='lat' dir='ltr'>non</span> <span class='ocrx_word' id='word_1_577' title='bbox 2738 1505 2916 1554; x_wconf 88' lang='lat' dir='ltr'>exuet</span> <span class='ocrx_word' id='word_1_578' title='bbox 2966 1501 3171 1556; x_wconf 88' lang='lat' dir='ltr'>anima</span> <span class='ocrx_word' id='word_1_579' title='bbox 3202 1500 3674 1569; x_wconf 87' lang='lat' dir='ltr'>graveolentiam</span> 
     </span>
    </p>
   </div>
   <div class='ocr_carea' id='block_1_80' title="bbox 2031 1584 3683 1660">
    <p class='ocr_par' dir='ltr' id='par_1_80' title="bbox 2031 1584 3683 1660">
     <span class='ocr_line' id='line_1_82' title="bbox 2031 1584 3683 1660; baseline 0.002 -21"><span class='ocrx_word' id='word_1_580' title='bbox 2031 1584 2290 1653; x_wconf 67' lang='lat' dir='ltr'>malitiae,</span> <span class='ocrx_word' id='word_1_581' title='bbox 2322 1601 2430 1640; x_wconf 91' lang='lat' dir='ltr'>nec</span> <span class='ocrx_word' id='word_1_582' title='bbox 2463 1586 2932 1655; x_wconf 86' lang='lat' dir='ltr'>fermentabitur,</span> <span class='ocrx_word' id='word_1_583' title='bbox 2967 1590 3047 1645; x_wconf 89' lang='lat' dir='ltr'>ita</span> <span class='ocrx_word' id='word_1_584' title='bbox 3093 1597 3156 1645; x_wconf 92' lang='lat' dir='ltr'>ut</span> <span class='ocrx_word' id='word_1_585' title='bbox 3185 1590 3450 1660; x_wconf 89' lang='lat' dir='ltr'>deponat</span> <span class='ocrx_word' id='word_1_586' title='bbox 3479 1589 3683 1660; x_wconf 89' lang='lat' dir='ltr'>gravi-</span> 
     </span>
    </p>
   </div>
   <div class='ocr_carea' id='block_1_81' title="bbox 2031 1676 3303 1737">
    <p class='ocr_par' dir='ltr' id='par_1_81' title="bbox 2031 1676 3303 1737">
     <span class='ocr_line' id='line_1_83' title="bbox 2031 1676 3303 1737; baseline 0.004 -9"><span class='ocrx_word' id='word_1_587' title='bbox 2031 1677 2232 1737; x_wconf 89' lang='lat' dir='ltr'>tatem,</span> <span class='ocrx_word' id='word_1_588' title='bbox 2261 1679 2318 1729; x_wconf 90' lang='lat' dir='ltr'>et</span> <span class='ocrx_word' id='word_1_589' title='bbox 2343 1691 2536 1731; x_wconf 87' lang='lat' dir='ltr'>vacua</span> <span class='ocrx_word' id='word_1_590' title='bbox 2557 1676 2631 1732; x_wconf 88' lang='lat' dir='ltr'>sit</span> <span class='ocrx_word' id='word_1_591' title='bbox 2660 1694 2696 1733; x_wconf 90' lang='lat' dir='ltr'>a</span> <span class='ocrx_word' id='word_1_592' title='bbox 2726 1677 3017 1734; x_wconf 82' lang='lat' dir='ltr'>fermento</span> <span class='ocrx_word' id='word_1_593' title='bbox 3044 1680 3303 1735; x_wconf 53' lang='lat' dir='ltr'>malitiae.</span> 
     </span>
    </p>
   </div>
   <div class='ocr_carea' id='block_1_82' title="bbox 2101 1800 3682 1875">
    <p class='ocr_par' dir='ltr' id='par_1_82' title="bbox 2101 1800 3682 1875">
     <span class='ocr_line' id='line_1_84' title="bbox 2101 1800 3682 1875; baseline 0.004 -23"><span class='ocrx_word' id='word_1_594' title='bbox 2101 1801 2166 1853; x_wconf 89' lang='lat' dir='ltr'>V.</span> <span class='ocrx_word' id='word_1_595' title='bbox 2197 1800 2580 1871; x_wconf 70' lang='lat' dir='ltr'>Quaecunque</span> <span class='ocrx_word' id='word_1_596' title='bbox 2601 1801 2761 1857; x_wconf 91' lang='lat' dir='ltr'>enim</span> <span class='ocrx_word' id='word_1_597' title='bbox 2782 1802 3015 1859; x_wconf 89' lang='lat' dir='ltr'>videtur</span> <span class='ocrx_word' id='word_1_598' title='bbox 3035 1804 3241 1859; x_wconf 89' lang='lat' dir='ltr'>anima</span> <span class='ocrx_word' id='word_1_599' title='bbox 3265 1819 3373 1875; x_wconf 89' lang='lat' dir='ltr'>per</span> <span class='ocrx_word' id='word_1_600' title='bbox 3402 1820 3463 1859; x_wconf 91' lang='lat' dir='ltr'>se</span> <span class='ocrx_word' id='word_1_601' title='bbox 3485 1818 3682 1874; x_wconf 83' lang='lat' dir='ltr'>agere,</span> 
     </span>
    </p>
   </div>
   <div class='ocr_carea' id='block_1_83' title="bbox 2032 1887 3684 1961">
    <p class='ocr_par' dir='ltr' id='par_1_83' title="bbox 2032 1887 3684 1961">
     <span class='ocr_line' id='line_1_85' title="bbox 2032 1887 3684 1961; baseline 0.003 -19"><span class='ocrx_word' id='word_1_602' title='bbox 2032 1887 2340 1943; x_wconf 89' lang='lat' dir='ltr'>elaborare</span> <span class='ocrx_word' id='word_1_603' title='bbox 2371 1894 2548 1960; x_wconf 88' lang='lat' dir='ltr'>atque</span> <span class='ocrx_word' id='word_1_604' title='bbox 2582 1892 2883 1960; x_wconf 86' lang='lat' dir='ltr'>perﬁcere,</span> <span class='ocrx_word' id='word_1_605' title='bbox 2918 1892 3062 1946; x_wconf 91' lang='lat' dir='ltr'>solis</span> <span class='ocrx_word' id='word_1_606' title='bbox 3096 1893 3323 1947; x_wconf 87' lang='lat' dir='ltr'>viribus</span> <span class='ocrx_word' id='word_1_607' title='bbox 3363 1893 3486 1947; x_wconf 90' lang='lat' dir='ltr'>suis</span> <span class='ocrx_word' id='word_1_608' title='bbox 3512 1892 3684 1961; x_wconf 87' lang='lat' dir='ltr'>freta,</span> 
     </span>
    </p>
   </div>
   <div class='ocr_carea' id='block_1_84' title="bbox 2031 1977 3681 2052">
    <p class='ocr_par' dir='ltr' id='par_1_84' title="bbox 2031 1977 3681 2052">
     <span class='ocr_line' id='line_1_86' title="bbox 2031 1977 3681 2052; baseline 0.002 -20"><span class='ocrx_word' id='word_1_609' title='bbox 2031 1984 2088 2032; x_wconf 89' lang='lat' dir='ltr'>et</span> <span class='ocrx_word' id='word_1_610' title='bbox 2117 1977 2466 2033; x_wconf 87' lang='lat' dir='ltr'>existimans</span> <span class='ocrx_word' id='word_1_611' title='bbox 2498 1993 2559 2032; x_wconf 91' lang='lat' dir='ltr'>se</span> <span class='ocrx_word' id='word_1_612' title='bbox 2599 1995 2773 2050; x_wconf 90' lang='lat' dir='ltr'>posse</span> <span class='ocrx_word' id='word_1_613' title='bbox 2804 1981 3131 2051; x_wconf 85' lang='lat' dir='ltr'>perfectum</span> <span class='ocrx_word' id='word_1_614' title='bbox 3188 1997 3344 2052; x_wconf 89' lang='lat' dir='ltr'>opus</span> <span class='ocrx_word' id='word_1_615' title='bbox 3371 1997 3407 2037; x_wconf 78' lang='grc' dir='ltr'>θ.</span> <span class='ocrx_word' id='word_1_616' title='bbox 3439 1996 3501 2035; x_wconf 90' lang='lat' dir='ltr'>se</span> <span class='ocrx_word' id='word_1_617' title='bbox 3529 1981 3681 2052; x_wconf 88' lang='lat' dir='ltr'>ipsa,</span> 
     </span>
    </p>
   </div>
   <div class='ocr_carea' id='block_1_85' title="bbox 2031 2066 3683 2140">
    <p class='ocr_par' dir='ltr' id='par_1_85' title="bbox 2031 2066 3683 2140">
     <span class='ocr_line' id='line_1_87' title="bbox 2031 2066 3683 2140; baseline 0.002 -20"><span class='ocrx_word' id='word_1_618' title='bbox 2031 2066 2264 2138; x_wconf 86' lang='lat' dir='ltr'>absque</span> <span class='ocrx_word' id='word_1_619' title='bbox 2283 2066 2503 2121; x_wconf 88' lang='lat' dir='ltr'>auxilio</span> <span class='ocrx_word' id='word_1_620' title='bbox 2522 2068 2771 2139; x_wconf 88' lang='lat' dir='ltr'>Spiritus</span> <span class='ocrx_word' id='word_1_621' title='bbox 2793 2084 3098 2140; x_wconf 86' lang='lat' dir='ltr'>peragere,</span> <span class='ocrx_word' id='word_1_622' title='bbox 3120 2075 3241 2125; x_wconf 86' lang='lat' dir='ltr'>toto</span> <span class='ocrx_word' id='word_1_623' title='bbox 3256 2070 3406 2125; x_wconf 67' lang='lat' dir='ltr'>caelo</span> <span class='ocrx_word' id='word_1_624' title='bbox 3423 2070 3683 2126; x_wconf 87' lang='lat' dir='ltr'>aberrat.</span> 
     </span>
    </p>
   </div>
   <div class='ocr_carea' id='block_1_86' title="bbox 2030 2155 3687 2224">
    <p class='ocr_par' dir='ltr' id='par_1_86' title="bbox 2030 2155 3687 2224">
     <span class='ocr_line' id='line_1_88' title="bbox 2030 2155 3687 2224; baseline 0.002 -13"><span class='ocrx_word' id='word_1_625' title='bbox 2030 2158 2156 2211; x_wconf 92' lang='lat' dir='ltr'>Non</span> <span class='ocrx_word' id='word_1_626' title='bbox 2178 2155 2336 2209; x_wconf 88' lang='lat' dir='ltr'>enim</span> <span class='ocrx_word' id='word_1_627' title='bbox 2367 2155 2586 2211; x_wconf 90' lang='lat' dir='ltr'>idonea</span> <span class='ocrx_word' id='word_1_628' title='bbox 2606 2164 2693 2211; x_wconf 87' lang='lat' dir='ltr'>est</span> <span class='ocrx_word' id='word_1_629' title='bbox 2714 2157 2791 2212; x_wconf 91' lang='lat' dir='ltr'>ad</span> <span class='ocrx_word' id='word_1_630' title='bbox 2822 2157 2984 2213; x_wconf 91' lang='lat' dir='ltr'>locos</span> <span class='ocrx_word' id='word_1_631' title='bbox 3010 2158 3299 2224; x_wconf 72' lang='lat' dir='ltr'>cmlestes,</span> <span class='ocrx_word' id='word_1_632' title='bbox 3336 2175 3444 2214; x_wconf 89' lang='lat' dir='ltr'>nec</span> <span class='ocrx_word' id='word_1_633' title='bbox 3465 2158 3687 2215; x_wconf 90' lang='lat' dir='ltr'>idonea</span> 
     </span>
    </p>
   </div>
   <div class='ocr_carea' id='block_1_87' title="bbox 2030 2244 3685 2319">
    <p class='ocr_par' dir='ltr' id='par_1_87' title="bbox 2030 2244 3685 2319">
     <span class='ocr_line' id='line_1_89' title="bbox 2030 2244 3685 2319; baseline 0.003 -21"><span class='ocrx_word' id='word_1_634' title='bbox 2030 2244 2597 2316; x_wconf 76' lang='lat' dir='ltr'>adregnum,quaea</span> <span class='ocrx_word' id='word_1_635' title='bbox 2646 2247 3069 2319; x_wconf 89' lang='lat' dir='ltr'>seipsa,etper</span> <span class='ocrx_word' id='word_1_636' title='bbox 3112 2264 3176 2303; x_wconf 92' lang='lat' dir='ltr'>se</span> <span class='ocrx_word' id='word_1_637' title='bbox 3219 2248 3685 2319; x_wconf 90' lang='lat' dir='ltr'>solam,absque</span> 
     </span>
    </p>
   </div>
   <div class='ocr_carea' id='block_1_88' title="bbox 2034 2334 3686 2409">
    <p class='ocr_par' dir='ltr' id='par_1_88' title="bbox 2034 2334 3686 2409">
     <span class='ocr_line' id='line_1_90' title="bbox 2034 2334 3686 2409; baseline 0.001 -18"><span class='ocrx_word' id='word_1_638' title='bbox 2034 2334 2251 2405; x_wconf 87' lang='lat' dir='ltr'>Spiritu</span> <span class='ocrx_word' id='word_1_639' title='bbox 2283 2340 2508 2399; x_wconf 88' lang='lat' dir='ltr'>sancto,</span> <span class='ocrx_word' id='word_1_640' title='bbox 2538 2336 2832 2391; x_wconf 83' lang='lat' dir='ltr'>existimat</span> <span class='ocrx_word' id='word_1_641' title='bbox 2861 2340 3184 2408; x_wconf 85' lang='lat' dir='ltr'>perfectam</span> <span class='ocrx_word' id='word_1_642' title='bbox 3215 2338 3533 2409; x_wconf 86' lang='lat' dir='ltr'>puritatem</span> <span class='ocrx_word' id='word_1_643' title='bbox 3565 2335 3686 2393; x_wconf 77' lang='lat' dir='ltr'>eﬂi-</span> 
     </span>
    </p>
   </div>
   <div class='ocr_carea' id='block_1_89' title="bbox 2031 2423 3688 2498">
    <p class='ocr_par' dir='ltr' id='par_1_89' title="bbox 2031 2423 3688 2498">
     <span class='ocr_line' id='line_1_91' title="bbox 2031 2423 3688 2498; baseline 0.003 -21"><span class='ocrx_word' id='word_1_644' title='bbox 2031 2438 2183 2477; x_wconf 90' lang='lat' dir='ltr'>cere.</span> <span class='ocrx_word' id='word_1_645' title='bbox 2217 2423 2337 2479; x_wconf 88' lang='lat' dir='ltr'>Nisi</span> <span class='ocrx_word' id='word_1_646' title='bbox 2370 2423 2529 2478; x_wconf 91' lang='lat' dir='ltr'>enim</span> <span class='ocrx_word' id='word_1_647' title='bbox 2571 2424 2649 2479; x_wconf 92' lang='lat' dir='ltr'>ad</span> <span class='ocrx_word' id='word_1_648' title='bbox 2708 2428 2887 2480; x_wconf 88' lang='lat' dir='ltr'>Deum</span> <span class='ocrx_word' id='word_1_649' title='bbox 2921 2426 3256 2490; x_wconf 87' lang='lat' dir='ltr'>accesserit.</span> <span class='ocrx_word' id='word_1_650' title='bbox 3288 2429 3391 2498; x_wconf 90' lang='lat' dir='ltr'>qui</span> <span class='ocrx_word' id='word_1_651' title='bbox 3422 2426 3688 2482; x_wconf 80' lang='lat' dir='ltr'>affectio-</span> 
     </span>
    </p>
   </div>
   <div class='ocr_carea' id='block_1_90' title="bbox 2030 2510 3687 2586">
    <p class='ocr_par' dir='ltr' id='par_1_90' title="bbox 2030 2510 3687 2586">
     <span class='ocr_line' id='line_1_92' title="bbox 2030 2510 3687 2586; baseline 0.002 -18"><span class='ocrx_word' id='word_1_652' title='bbox 2030 2511 2210 2568; x_wconf 89' lang='lat' dir='ltr'>nibus</span> <span class='ocrx_word' id='word_1_653' title='bbox 2229 2510 2510 2582; x_wconf 78' lang='lat' dir='ltr'>afﬂigitur</span> <span class='ocrx_word' id='word_1_654' title='bbox 2539 2511 2746 2581; x_wconf 89' lang='lat' dir='ltr'>homo,</span> <span class='ocrx_word' id='word_1_655' title='bbox 2775 2519 2831 2569; x_wconf 90' lang='lat' dir='ltr'>et</span> <span class='ocrx_word' id='word_1_656' title='bbox 2852 2516 3148 2570; x_wconf 88' lang='lat' dir='ltr'>mundum</span> <span class='ocrx_word' id='word_1_657' title='bbox 3177 2515 3582 2586; x_wconf 90' lang='lat' dir='ltr'>abnegaverit,</span> <span class='ocrx_word' id='word_1_658' title='bbox 3616 2531 3687 2571; x_wconf 92' lang='lat' dir='ltr'>ac</span> 
     </span>
    </p>
   </div>
   <div class='ocr_carea' id='block_1_91' title="bbox 2030 2600 3686 2677">
    <p class='ocr_par' dir='ltr' id='par_1_91' title="bbox 2030 2600 3686 2677">
     <span class='ocr_line' id='line_1_93' title="bbox 2030 2600 3686 2677; baseline 0.002 -22"><span class='ocrx_word' id='word_1_659' title='bbox 2030 2600 2091 2656; x_wconf 91' lang='lat' dir='ltr'>in</span> <span class='ocrx_word' id='word_1_660' title='bbox 2114 2618 2220 2673; x_wconf 92' lang='lat' dir='ltr'>spe</span> <span class='ocrx_word' id='word_1_661' title='bbox 2243 2618 2312 2657; x_wconf 91' lang='lat' dir='ltr'>ac</span> <span class='ocrx_word' id='word_1_662' title='bbox 2331 2602 2617 2673; x_wconf 86' lang='lat' dir='ltr'>patientia</span> <span class='ocrx_word' id='word_1_663' title='bbox 2637 2603 2973 2669; x_wconf 87' lang='lat' dir='ltr'>crediderit,</span> <span class='ocrx_word' id='word_1_664' title='bbox 2989 2621 3051 2659; x_wconf 90' lang='lat' dir='ltr'>se</span> <span class='ocrx_word' id='word_1_665' title='bbox 3065 2610 3483 2677; x_wconf 90' lang='lat' dir='ltr'>suscepturum</span> <span class='ocrx_word' id='word_1_666' title='bbox 3496 2604 3686 2676; x_wconf 88' lang='lat' dir='ltr'>quod-</span> 
     </span>
    </p>
   </div>
   <div class='ocr_carea' id='block_1_92' title="bbox 2031 2691 3684 2765">
    <p class='ocr_par' dir='ltr' id='par_1_92' title="bbox 2031 2691 3684 2765">
     <span class='ocr_line' id='line_1_94' title="bbox 2031 2691 3684 2765; baseline 0.002 -20"><span class='ocrx_word' id='word_1_667' title='bbox 2031 2692 2172 2746; x_wconf 81' lang='lat' dir='ltr'>dain</span> <span class='ocrx_word' id='word_1_668' title='bbox 2205 2691 2437 2746; x_wconf 92' lang='lat' dir='ltr'>bonum</span> <span class='ocrx_word' id='word_1_669' title='bbox 2464 2692 2632 2746; x_wconf 84' lang='lat' dir='ltr'>aliud</span> <span class='ocrx_word' id='word_1_670' title='bbox 2682 2708 2718 2747; x_wconf 93' lang='lat' dir='ltr'>a</span> <span class='ocrx_word' id='word_1_671' title='bbox 2766 2708 2876 2748; x_wconf 90' lang='lat' dir='ltr'>sua</span> <span class='ocrx_word' id='word_1_672' title='bbox 2918 2701 3157 2759; x_wconf 90' lang='lat' dir='ltr'>natura,</span> <span class='ocrx_word' id='word_1_673' title='bbox 3190 2694 3355 2765; x_wconf 91' lang='lat' dir='ltr'>quod</span> <span class='ocrx_word' id='word_1_674' title='bbox 3382 2698 3471 2748; x_wconf 91' lang='lat' dir='ltr'>est</span> <span class='ocrx_word' id='word_1_675' title='bbox 3500 2694 3684 2749; x_wconf 90' lang='lat' dir='ltr'>virtus</span> 
     </span>
    </p>
   </div>
   <div class='ocr_carea' id='block_1_93' title="bbox 2034 2780 3688 2853">
    <p class='ocr_par' dir='ltr' id='par_1_93' title="bbox 2034 2780 3688 2853">
     <span class='ocr_line' id='line_1_95' title="bbox 2034 2780 3688 2853; baseline 0.002 -19"><span class='ocrx_word' id='word_1_676' title='bbox 2034 2780 2224 2835; x_wconf 85' lang='lat' dir='ltr'>sancti</span> <span class='ocrx_word' id='word_1_677' title='bbox 2253 2780 2503 2850; x_wconf 88' lang='lat' dir='ltr'>Spiritus</span> <span class='ocrx_word' id='word_1_678' title='bbox 2530 2800 2542 2848; x_wconf 90' lang='lat'><strong>;</strong></span> <span class='ocrx_word' id='word_1_679' title='bbox 2572 2796 2641 2834; x_wconf 91' lang='lat' dir='ltr'>ac</span> <span class='ocrx_word' id='word_1_680' title='bbox 2663 2782 2920 2853; x_wconf 89' lang='lat' dir='ltr'>desuper</span> <span class='ocrx_word' id='word_1_681' title='bbox 2947 2781 3316 2838; x_wconf 87' lang='lat' dir='ltr'>instillaverit</span> <span class='ocrx_word' id='word_1_682' title='bbox 3335 2782 3554 2837; x_wconf 75' lang='lat' dir='ltr'>animae</span> <span class='ocrx_word' id='word_1_683' title='bbox 3578 2783 3688 2838; x_wconf 87' lang='lat' dir='ltr'>Do-</span> 
     </span>
    </p>
   </div>
   <div class='ocr_carea' id='block_1_94' title="bbox 2034 2869 3687 2943">
    <p class='ocr_par' dir='ltr' id='par_1_94' title="bbox 2034 2869 3687 2943">
     <span class='ocr_line' id='line_1_96' title="bbox 2034 2869 3687 2943; baseline 0.001 -19"><span class='ocrx_word' id='word_1_684' title='bbox 2034 2870 2232 2924; x_wconf 91' lang='lat' dir='ltr'>minus</span> <span class='ocrx_word' id='word_1_685' title='bbox 2262 2870 2446 2925; x_wconf 90' lang='lat' dir='ltr'>vitam</span> <span class='ocrx_word' id='word_1_686' title='bbox 2468 2869 2761 2935; x_wconf 89' lang='lat' dir='ltr'>divinam,</span> <span class='ocrx_word' id='word_1_687' title='bbox 2782 2870 2830 2924; x_wconf 88' lang='lat' dir='ltr'>is</span> <span class='ocrx_word' id='word_1_688' title='bbox 2853 2886 3240 2943; x_wconf 89' lang='lat' dir='ltr'>nequaquam</span> <span class='ocrx_word' id='word_1_689' title='bbox 3267 2887 3472 2927; x_wconf 89' lang='lat' dir='ltr'>veram</span> <span class='ocrx_word' id='word_1_690' title='bbox 3502 2872 3687 2927; x_wconf 87' lang='lat' dir='ltr'>vitam</span> 
     </span>
    </p>
   </div>
   <div class='ocr_carea' id='block_1_95' title="bbox 2032 2957 3684 3030">
    <p class='ocr_par' dir='ltr' id='par_1_95' title="bbox 2032 2957 3684 3030">
     <span class='ocr_line' id='line_1_97' title="bbox 2032 2957 3684 3030; baseline 0.002 -18"><span class='ocrx_word' id='word_1_691' title='bbox 2032 2957 2336 3030; x_wconf 89' lang='lat' dir='ltr'>percipiet,</span> <span class='ocrx_word' id='word_1_692' title='bbox 2398 2974 2591 3029; x_wconf 91' lang='lat' dir='ltr'>neque</span> <span class='ocrx_word' id='word_1_693' title='bbox 2645 2959 2951 3030; x_wconf 91' lang='lat' dir='ltr'>resipiscet</span> <span class='ocrx_word' id='word_1_694' title='bbox 2986 2960 3063 3015; x_wconf 89' lang='lat' dir='ltr'>ab</span> <span class='ocrx_word' id='word_1_695' title='bbox 3092 2959 3374 3015; x_wconf 85' lang='lat' dir='ltr'>ebrietate</span> <span class='ocrx_word' id='word_1_696' title='bbox 3398 2959 3684 3027; x_wconf 67' lang='lat' dir='ltr'>materias,</span> 
     </span>
    </p>
   </div>
   <div class='ocr_carea' id='block_1_96' title="bbox 2033 3046 3689 3119">
    <p class='ocr_par' dir='ltr' id='par_1_96' title="bbox 2033 3046 3689 3119">
     <span class='ocr_line' id='line_1_98' title="bbox 2033 3046 3689 3119; baseline 0.002 -18"><span class='ocrx_word' id='word_1_697' title='bbox 2033 3062 2142 3102; x_wconf 91' lang='lat' dir='ltr'>nec</span> <span class='ocrx_word' id='word_1_698' title='bbox 2175 3046 2424 3116; x_wconf 80' lang='lat' dir='ltr'>fulgebit</span> <span class='ocrx_word' id='word_1_699' title='bbox 2473 3047 2757 3118; x_wconf 90' lang='lat' dir='ltr'>splendor</span> <span class='ocrx_word' id='word_1_700' title='bbox 2818 3049 3073 3119; x_wconf 86' lang='lat' dir='ltr'>Spiritus</span> <span class='ocrx_word' id='word_1_701' title='bbox 3112 3049 3172 3103; x_wconf 92' lang='lat' dir='ltr'>in</span> <span class='ocrx_word' id='word_1_702' title='bbox 3200 3049 3406 3105; x_wconf 91' lang='lat' dir='ltr'>anima</span> <span class='ocrx_word' id='word_1_703' title='bbox 3448 3049 3689 3105; x_wconf 66' lang='lat' dir='ltr'>obteneo</span> 
     </span>
    </p>
   </div>
   <div class='ocr_carea' id='block_1_97' title="bbox 2035 3136 3688 3204">
    <p class='ocr_par' dir='ltr' id='par_1_97' title="bbox 2035 3136 3688 3204">
     <span class='ocr_line' id='line_1_99' title="bbox 2035 3136 3688 3204; baseline 0.002 -13"><span class='ocrx_word' id='word_1_704' title='bbox 2035 3137 2227 3201; x_wconf 86' lang='lat' dir='ltr'>brata,</span> <span class='ocrx_word' id='word_1_705' title='bbox 2252 3141 2354 3191; x_wconf 89' lang='lat' dir='ltr'>aut</span> <span class='ocrx_word' id='word_1_706' title='bbox 2396 3136 2757 3193; x_wconf 89' lang='lat' dir='ltr'>illuminabit</span> <span class='ocrx_word' id='word_1_707' title='bbox 2783 3138 2844 3192; x_wconf 93' lang='lat' dir='ltr'>in</span> <span class='ocrx_word' id='word_1_708' title='bbox 2897 3155 2969 3194; x_wconf 90' lang='lat' dir='ltr'>ea</span> <span class='ocrx_word' id='word_1_709' title='bbox 2999 3144 3270 3194; x_wconf 90' lang='lat' dir='ltr'>sanctam</span> <span class='ocrx_word' id='word_1_710' title='bbox 3300 3139 3483 3204; x_wconf 90' lang='lat' dir='ltr'>diem,</span> <span class='ocrx_word' id='word_1_711' title='bbox 3513 3154 3621 3194; x_wconf 90' lang='lat' dir='ltr'>nec</span> <span class='ocrx_word' id='word_1_712' title='bbox 3652 3155 3688 3195; x_wconf 91' lang='lat' dir='ltr'>a</span> 
     </span>
    </p>
   </div>
   <div class='ocr_carea' id='block_1_98' title="bbox 1967 3219 3689 3299">
    <p class='ocr_par' dir='ltr' id='par_1_98' title="bbox 1967 3219 3689 3299">
     <span class='ocr_line' id='line_1_100' title="bbox 1967 3219 3689 3299; baseline 0.003 -22"><span class='ocrx_word' id='word_1_713' title='bbox 1967 3219 2006 3274; x_wconf 91' lang='lat' dir='ltr'>C</span> <span class='ocrx_word' id='word_1_714' title='bbox 2038 3240 2254 3280; x_wconf 91' lang='lat' dir='ltr'>somno</span> <span class='ocrx_word' id='word_1_715' title='bbox 2312 3225 2785 3295; x_wconf 88' lang='lat' dir='ltr'>profundissimo</span> <span class='ocrx_word' id='word_1_716' title='bbox 2816 3226 3166 3299; x_wconf 82' lang='lat' dir='ltr'>ignorantiae</span> <span class='ocrx_word' id='word_1_717' title='bbox 3215 3227 3587 3294; x_wconf 78' lang='lat' dir='ltr'>excitabitur,</span> <span class='ocrx_word' id='word_1_718' title='bbox 3627 3233 3689 3283; x_wconf 91' lang='lat' dir='ltr'>ut</span> 
     </span>
    </p>
   </div>
   <div class='ocr_carea' id='block_1_99' title="bbox 2036 3314 3687 3388">
    <p class='ocr_par' dir='ltr' id='par_1_99' title="bbox 2036 3314 3687 3388">
     <span class='ocr_line' id='line_1_101' title="bbox 2036 3314 3687 3388; baseline 0.002 -20"><span class='ocrx_word' id='word_1_719' title='bbox 2036 3314 2151 3368; x_wconf 93' lang='lat' dir='ltr'>hoc</span> <span class='ocrx_word' id='word_1_720' title='bbox 2184 3314 2364 3369; x_wconf 88' lang='lat' dir='ltr'>modo</span> <span class='ocrx_word' id='word_1_721' title='bbox 2390 3329 2598 3370; x_wconf 88' lang='lat' dir='ltr'>revera</span> <span class='ocrx_word' id='word_1_722' title='bbox 2646 3318 2831 3370; x_wconf 91' lang='lat' dir='ltr'>Deum</span> <span class='ocrx_word' id='word_1_723' title='bbox 2882 3322 3207 3387; x_wconf 90' lang='lat' dir='ltr'>cognoscat</span> <span class='ocrx_word' id='word_1_724' title='bbox 3250 3332 3356 3388; x_wconf 88' lang='lat' dir='ltr'>per</span> <span class='ocrx_word' id='word_1_725' title='bbox 3409 3317 3687 3373; x_wconf 88' lang='lat' dir='ltr'>virtutem</span> 
     </span>
    </p>
   </div>
   <div class='ocr_carea' id='block_1_100' title="bbox 2041 3401 2832 3473">
    <p class='ocr_par' dir='ltr' id='par_1_100' title="bbox 2041 3401 2832 3473">
     <span class='ocr_line' id='line_1_102' title="bbox 2041 3401 2832 3473; baseline 0.001 -16"><span class='ocrx_word' id='word_1_726' title='bbox 2041 3402 2141 3457; x_wconf 90' lang='lat' dir='ltr'>Dei</span> <span class='ocrx_word' id='word_1_727' title='bbox 2164 3408 2221 3458; x_wconf 88' lang='lat' dir='ltr'>et</span> <span class='ocrx_word' id='word_1_728' title='bbox 2246 3401 2576 3458; x_wconf 72' lang='lat' dir='ltr'>eﬂicaciam</span> <span class='ocrx_word' id='word_1_729' title='bbox 2608 3405 2832 3473; x_wconf 83' lang='lat' dir='ltr'>gratiae.</span> 
     </span>
    </p>
   </div>
   <div class='ocr_carea' id='block_1_101' title="bbox 2110 3706 3690 3783">
    <p class='ocr_par' dir='ltr' id='par_1_101' title="bbox 2110 3706 3690 3783">
     <span class='ocr_line' id='line_1_103' title="bbox 2110 3706 3690 3783; baseline 0.006 -24"><span class='ocrx_word' id='word_1_730' title='bbox 2110 3706 2195 3761; x_wconf 89' lang='lat' dir='ltr'>Vl.</span> <span class='ocrx_word' id='word_1_731' title='bbox 2212 3706 2331 3763; x_wconf 83' lang='lat' dir='ltr'>Nisi</span> <span class='ocrx_word' id='word_1_732' title='bbox 2350 3707 2509 3763; x_wconf 88' lang='lat' dir='ltr'>enim</span> <span class='ocrx_word' id='word_1_733' title='bbox 2531 3708 2612 3763; x_wconf 89' lang='lat' dir='ltr'>sic</span> <span class='ocrx_word' id='word_1_734' title='bbox 2639 3709 2857 3779; x_wconf 86' lang='lat' dir='ltr'>dignus</span> <span class='ocrx_word' id='word_1_735' title='bbox 2872 3708 3167 3766; x_wconf 87' lang='lat' dir='ltr'>habeatur</span> <span class='ocrx_word' id='word_1_736' title='bbox 3186 3710 3371 3767; x_wconf 88' lang='lat' dir='ltr'>homo</span> <span class='ocrx_word' id='word_1_737' title='bbox 3385 3728 3490 3783; x_wconf 92' lang='lat' dir='ltr'>per</span> <span class='ocrx_word' id='word_1_738' title='bbox 3506 3711 3690 3768; x_wconf 87' lang='lat' dir='ltr'>ﬁdem</span> 
     </span>
    </p>
   </div>
   <div class='ocr_carea' id='block_1_102' title="bbox 2039 3796 3690 3872">
    <p class='ocr_par' dir='ltr' id='par_1_102' title="bbox 2039 3796 3690 3872">
     <span class='ocr_line' id='line_1_104' title="bbox 2039 3796 3690 3872; baseline 0.004 -23"><span class='ocrx_word' id='word_1_739' title='bbox 2039 3796 2294 3863; x_wconf 88' lang='lat' dir='ltr'>gratiam</span> <span class='ocrx_word' id='word_1_740' title='bbox 2314 3797 2622 3868; x_wconf 82' lang='lat' dir='ltr'>consequi,</span> <span class='ocrx_word' id='word_1_741' title='bbox 2644 3798 2864 3853; x_wconf 87' lang='lat' dir='ltr'>inutilis</span> <span class='ocrx_word' id='word_1_742' title='bbox 2880 3804 2986 3863; x_wconf 90' lang='lat' dir='ltr'>est,</span> <span class='ocrx_word' id='word_1_743' title='bbox 3014 3814 3123 3854; x_wconf 92' lang='lat' dir='ltr'>nec</span> <span class='ocrx_word' id='word_1_744' title='bbox 3145 3805 3322 3872; x_wconf 85' lang='lat' dir='ltr'>aptus</span> <span class='ocrx_word' id='word_1_745' title='bbox 3345 3801 3421 3855; x_wconf 90' lang='lat' dir='ltr'>ad</span> <span class='ocrx_word' id='word_1_746' title='bbox 3436 3817 3690 3870; x_wconf 90' lang='lat' dir='ltr'>regnum</span> 
     </span>
    </p>
   </div>
   <div class='ocr_carea' id='block_1_103' title="bbox 2036 3884 3692 3960">
    <p class='ocr_par' dir='ltr' id='par_1_103' title="bbox 2036 3884 3692 3960">
     <span class='ocr_line' id='line_1_105' title="bbox 2036 3884 3692 3960; baseline 0.005 -23"><span class='ocrx_word' id='word_1_747' title='bbox 2036 3884 2158 3939; x_wconf 93' lang='lat' dir='ltr'>Dei.</span> <span class='ocrx_word' id='word_1_748' title='bbox 2217 3884 2479 3939; x_wconf 84' lang='lat' dir='ltr'>Rursum</span> <span class='ocrx_word' id='word_1_749' title='bbox 2531 3902 2691 3954; x_wconf 87' lang='lat' dir='ltr'>vero,</span> <span class='ocrx_word' id='word_1_750' title='bbox 2744 3888 2845 3959; x_wconf 89' lang='lat' dir='ltr'>qui</span> <span class='ocrx_word' id='word_1_751' title='bbox 2891 3894 3244 3943; x_wconf 89' lang='lat' dir='ltr'>consecutus</span> <span class='ocrx_word' id='word_1_752' title='bbox 3301 3895 3388 3944; x_wconf 88' lang='lat' dir='ltr'>est</span> <span class='ocrx_word' id='word_1_753' title='bbox 3435 3891 3692 3960; x_wconf 88' lang='lat' dir='ltr'>gratiam</span> 
     </span>
    </p>
   </div>
   <div class='ocr_carea' id='block_1_104' title="bbox 2039 3972 3690 4047">
    <p class='ocr_par' dir='ltr' id='par_1_104' title="bbox 2039 3972 3690 4047">
     <span class='ocr_line' id='line_1_106' title="bbox 2039 3972 3690 4047; baseline 0.004 -21"><span class='ocrx_word' id='word_1_754' title='bbox 2039 3972 2311 4044; x_wconf 88' lang='lat' dir='ltr'>Spiritus,</span> <span class='ocrx_word' id='word_1_755' title='bbox 2332 3990 2440 4029; x_wconf 92' lang='lat' dir='ltr'>nec</span> <span class='ocrx_word' id='word_1_756' title='bbox 2458 3974 2579 4029; x_wconf 89' lang='lat' dir='ltr'>ulla</span> <span class='ocrx_word' id='word_1_757' title='bbox 2599 3980 2767 4046; x_wconf 87' lang='lat' dir='ltr'>parte</span> <span class='ocrx_word' id='word_1_758' title='bbox 2791 3992 3037 4031; x_wconf 88' lang='lat' dir='ltr'>aversus</span> <span class='ocrx_word' id='word_1_759' title='bbox 3058 3978 3311 4047; x_wconf 90' lang='lat' dir='ltr'>gratiam</span> <span class='ocrx_word' id='word_1_760' title='bbox 3329 3979 3690 4034; x_wconf 90' lang='lat' dir='ltr'>contumelia</span> 
     </span>
    </p>
   </div>
   <div class='ocr_carea' id='block_1_105' title="bbox 2040 4061 3689 4138">
    <p class='ocr_par' dir='ltr' id='par_1_105' title="bbox 2040 4061 3689 4138">
     <span class='ocr_line' id='line_1_107' title="bbox 2040 4061 3689 4138; baseline 0.003 -22"><span class='ocrx_word' id='word_1_761' title='bbox 2040 4061 2223 4117; x_wconf 83' lang='lat' dir='ltr'>afﬁcit</span> <span class='ocrx_word' id='word_1_762' title='bbox 2252 4079 2357 4132; x_wconf 90' lang='lat' dir='ltr'>per</span> <span class='ocrx_word' id='word_1_763' title='bbox 2388 4062 2812 4133; x_wconf 86' lang='lat' dir='ltr'>negligentiam</span> <span class='ocrx_word' id='word_1_764' title='bbox 2866 4072 2968 4119; x_wconf 90' lang='lat' dir='ltr'>aut</span> <span class='ocrx_word' id='word_1_765' title='bbox 3014 4065 3295 4121; x_wconf 90' lang='lat' dir='ltr'>delictum</span> <span class='ocrx_word' id='word_1_766' title='bbox 3321 4084 3334 4121; x_wconf 92' lang='lat'>:</span> <span class='ocrx_word' id='word_1_767' title='bbox 3383 4072 3440 4122; x_wconf 90' lang='lat' dir='ltr'>et</span> <span class='ocrx_word' id='word_1_768' title='bbox 3471 4068 3555 4121; x_wconf 90' lang='lat' dir='ltr'>sic</span> <span class='ocrx_word' id='word_1_769' title='bbox 3586 4068 3689 4138; x_wconf 91' lang='lat' dir='ltr'>qui</span> 
     </span>
    </p>
   </div>
   <div class='ocr_carea' id='block_1_106' title="bbox 2040 4150 3688 4227">
    <p class='ocr_par' dir='ltr' id='par_1_106' title="bbox 2040 4150 3688 4227">
     <span class='ocr_line' id='line_1_108' title="bbox 2040 4150 3688 4227; baseline 0.005 -24"><span class='ocrx_word' id='word_1_770' title='bbox 2040 4150 2253 4220; x_wconf 87' lang='lat' dir='ltr'>quovis</span> <span class='ocrx_word' id='word_1_771' title='bbox 2278 4156 2543 4221; x_wconf 87' lang='lat' dir='ltr'>tempore</span> <span class='ocrx_word' id='word_1_772' title='bbox 2564 4151 2862 4207; x_wconf 89' lang='lat' dir='ltr'>dimicans</span> <span class='ocrx_word' id='word_1_773' title='bbox 2885 4169 3001 4208; x_wconf 89' lang='lat' dir='ltr'>non</span> <span class='ocrx_word' id='word_1_774' title='bbox 3038 4156 3353 4211; x_wconf 87' lang='lat' dir='ltr'>contristat</span> <span class='ocrx_word' id='word_1_775' title='bbox 3382 4156 3688 4227; x_wconf 90' lang='lat' dir='ltr'>Spiritum,</span> 
     </span>
    </p>
   </div>
   <div class='ocr_carea' id='block_1_107' title="bbox 2040 4238 3688 4311">
    <p class='ocr_par' dir='ltr' id='par_1_107' title="bbox 2040 4238 3688 4311">
     <span class='ocr_line' id='line_1_109' title="bbox 2040 4238 3688 4311; baseline 0.005 -19"><span class='ocrx_word' id='word_1_776' title='bbox 2040 4238 2260 4308; x_wconf 89' lang='lat' dir='ltr'>poterit</span> <span class='ocrx_word' id='word_1_777' title='bbox 2283 4244 2515 4293; x_wconf 77' lang='lat' dir='ltr'>aeternae</span> <span class='ocrx_word' id='word_1_778' title='bbox 2528 4240 2661 4294; x_wconf 63' lang='lat' dir='ltr'>vitae</span> <span class='ocrx_word' id='word_1_779' title='bbox 2678 4241 2973 4311; x_wconf 88' lang='lat' dir='ltr'>particeps</span> <span class='ocrx_word' id='word_1_780' title='bbox 2993 4241 3138 4297; x_wconf 89' lang='lat' dir='ltr'>ﬁeri.</span> <span class='ocrx_word' id='word_1_781' title='bbox 3165 4243 3688 4309; x_wconf 88' lang='lat' dir='ltr'>Quemadmodum</span> 
     </span>
    </p>
   </div>
   <div class='ocr_carea' id='block_1_108' title="bbox 2042 4326 3695 4404">
    <p class='ocr_par' dir='ltr' id='par_1_108' title="bbox 2042 4326 3695 4404">
     <span class='ocr_line' id='line_1_110' title="bbox 2042 4326 3695 4404; baseline 0.005 -24"><span class='ocrx_word' id='word_1_782' title='bbox 2042 4326 2201 4380; x_wconf 90' lang='lat' dir='ltr'>enim</span> <span class='ocrx_word' id='word_1_783' title='bbox 2232 4327 2367 4398; x_wconf 88' lang='lat' dir='ltr'>quis</span> <span class='ocrx_word' id='word_1_784' title='bbox 2393 4327 2569 4383; x_wconf 91' lang='lat' dir='ltr'>sentit</span> <span class='ocrx_word' id='word_1_785' title='bbox 2603 4330 2981 4400; x_wconf 90' lang='lat' dir='ltr'>operationes</span> <span class='ocrx_word' id='word_1_786' title='bbox 3007 4331 3248 4387; x_wconf 60' lang='lat' dir='ltr'>malitia;</span> <span class='ocrx_word' id='word_1_787' title='bbox 3280 4348 3352 4387; x_wconf 80' lang='lat' dir='ltr'>ex</span> <span class='ocrx_word' id='word_1_788' title='bbox 3381 4333 3525 4404; x_wconf 90' lang='lat' dir='ltr'>ipsis</span> <span class='ocrx_word' id='word_1_789' title='bbox 3556 4332 3695 4389; x_wconf 78' lang='lat' dir='ltr'><strong>affe-</strong></span> 
     </span>
    </p>
   </div>
   <div class='ocr_carea' id='block_1_109' title="bbox 2043 4414 3692 4492">
    <p class='ocr_par' dir='ltr' id='par_1_109' title="bbox 2043 4414 3692 4492">
     <span class='ocr_line' id='line_1_111' title="bbox 2043 4414 3692 4492; baseline 0.005 -22"><span class='ocrx_word' id='word_1_790' title='bbox 2043 4414 2359 4480; x_wconf 88' lang='lat' dir='ltr'>ctionibus,</span> <span class='ocrx_word' id='word_1_791' title='bbox 2412 4416 2515 4482; x_wconf 89' lang='lat' dir='ltr'>ita,</span> <span class='ocrx_word' id='word_1_792' title='bbox 2566 4417 2840 4487; x_wconf 85' lang='lat' dir='ltr'>inquam,</span> <span class='ocrx_word' id='word_1_793' title='bbox 2888 4420 3393 4492; x_wconf 88' lang='lat' dir='ltr'>concupiscentia,</span> <span class='ocrx_word' id='word_1_794' title='bbox 3443 4422 3692 4490; x_wconf 89' lang='lat' dir='ltr'>invidia,</span> 
     </span>
    </p>
   </div>
   <div class='ocr_carea' id='block_1_110' title="bbox 2042 4504 3697 4583">
    <p class='ocr_par' dir='ltr' id='par_1_110' title="bbox 2042 4504 3697 4583">
     <span class='ocr_line' id='line_1_112' title="bbox 2042 4504 3697 4583; baseline 0.006 -25"><span class='ocrx_word' id='word_1_795' title='bbox 2042 4508 2279 4575; x_wconf 89' lang='lat' dir='ltr'>torpore</span> <span class='ocrx_word' id='word_1_796' title='bbox 2306 4520 2376 4559; x_wconf 91' lang='lat' dir='ltr'>ac</span> <span class='ocrx_word' id='word_1_797' title='bbox 2407 4504 2606 4576; x_wconf 89' lang='lat' dir='ltr'>pravis</span> <span class='ocrx_word' id='word_1_798' title='bbox 2632 4507 3115 4575; x_wconf 87' lang='lat' dir='ltr'>cogitationibus,</span> <span class='ocrx_word' id='word_1_799' title='bbox 3138 4515 3200 4565; x_wconf 88' lang='lat' dir='ltr'>et</span> <span class='ocrx_word' id='word_1_800' title='bbox 3225 4510 3465 4583; x_wconf 90' lang='lat' dir='ltr'>reliquis</span> <span class='ocrx_word' id='word_1_801' title='bbox 3488 4511 3697 4567; x_wconf 86' lang='lat' dir='ltr'>absur-</span> 
     </span>
    </p>
   </div>
   <div class='ocr_carea' id='block_1_111' title="bbox 1641 4579 3695 4669">
    <p class='ocr_par' dir='ltr' id='par_1_111' title="bbox 1641 4579 3695 4669">
     <span class='ocr_line' id='line_1_113' title="bbox 1641 4579 3695 4669; baseline 0.004 -24"><span class='ocrx_word' id='word_1_802' title='bbox 1641 4594 1803 4657; x_wconf 79' lang='grc' dir='ltr'>οῦτως</span> <span class='ocrx_word' id='word_1_803' title='bbox 1857 4595 1933 4645; x_wconf 84' lang='grc' dir='ltr'>αἰ·</span> <span class='ocrx_word' id='word_1_804' title='bbox 1966 4579 2009 4633; x_wconf 82' lang='lat' dir='ltr'>D</span> <span class='ocrx_word' id='word_1_805' title='bbox 2041 4592 2327 4647; x_wconf 90' lang='lat' dir='ltr'>ditatibus</span> <span class='ocrx_word' id='word_1_806' title='bbox 2362 4609 2373 4648; x_wconf 88' lang='lat'>:</span> <span class='ocrx_word' id='word_1_807' title='bbox 2431 4594 2513 4648; x_wconf 91' lang='lat' dir='ltr'>sic</span> <span class='ocrx_word' id='word_1_808' title='bbox 2571 4596 2785 4649; x_wconf 90' lang='lat' dir='ltr'>sentire</span> <span class='ocrx_word' id='word_1_809' title='bbox 2843 4610 3084 4667; x_wconf 88' lang='lat' dir='ltr'>quoque</span> <span class='ocrx_word' id='word_1_810' title='bbox 3128 4597 3305 4654; x_wconf 88' lang='lat' dir='ltr'>debet</span> <span class='ocrx_word' id='word_1_811' title='bbox 3349 4579 3607 4669; x_wconf 81' lang='lat' dir='ltr'>gratiam</span> <span class='ocrx_word' id='word_1_812' title='bbox 3636 4604 3695 4655; x_wconf 92' lang='lat' dir='ltr'>et</span> 
     </span>
    </p>
   </div>
   <div class='ocr_carea' id='block_1_112' title="bbox 2041 4682 3685 4759">
    <p class='ocr_par' dir='ltr' id='par_1_112' title="bbox 2041 4682 3685 4759">
     <span class='ocr_line' id='line_1_114' title="bbox 2041 4682 3685 4759; baseline 0.005 -23"><span class='ocrx_word' id='word_1_813' title='bbox 2041 4683 2316 4737; x_wconf 89' lang='lat' dir='ltr'>virtutem</span> <span class='ocrx_word' id='word_1_814' title='bbox 2373 4682 2474 4738; x_wconf 89' lang='lat' dir='ltr'>Dei</span> <span class='ocrx_word' id='word_1_815' title='bbox 2522 4684 2583 4737; x_wconf 92' lang='lat' dir='ltr'>in</span> <span class='ocrx_word' id='word_1_816' title='bbox 2627 4683 2961 4750; x_wconf 89' lang='lat' dir='ltr'>virtutibus,</span> <span class='ocrx_word' id='word_1_817' title='bbox 3018 4686 3355 4755; x_wconf 86' lang='lat' dir='ltr'>dilectione,</span> <span class='ocrx_word' id='word_1_818' title='bbox 3412 4689 3685 4759; x_wconf 89' lang='lat' dir='ltr'>inquam,</span> 
     </span>
    </p>
   </div>
   <div class='ocr_carea' id='block_1_113' title="bbox 2040 4769 3699 4848">
    <p class='ocr_par' dir='ltr' id='par_1_113' title="bbox 2040 4769 3699 4848">
     <span class='ocr_line' id='line_1_115' title="bbox 2040 4769 3699 4848; baseline 0.005 -23"><span class='ocrx_word' id='word_1_819' title='bbox 2040 4769 2426 4841; x_wconf 89' lang='lat' dir='ltr'>benignitate,</span> <span class='ocrx_word' id='word_1_820' title='bbox 2473 4771 2756 4838; x_wconf 86' lang='lat' dir='ltr'>bonitate,</span> <span class='ocrx_word' id='word_1_821' title='bbox 2803 4774 3046 4843; x_wconf 88' lang='lat' dir='ltr'>gaudio,</span> <span class='ocrx_word' id='word_1_822' title='bbox 3098 4776 3471 4848; x_wconf 88' lang='lat' dir='ltr'>simplicitate</span> <span class='ocrx_word' id='word_1_823' title='bbox 3503 4782 3559 4833; x_wconf 90' lang='lat' dir='ltr'>et</span> <span class='ocrx_word' id='word_1_824' title='bbox 3601 4794 3699 4832; x_wconf 86' lang='lat' dir='ltr'>ex-</span> 
     </span>
    </p>
   </div>
   <div class='ocr_carea' id='block_1_114' title="bbox 2042 4859 3700 4939">
    <p class='ocr_par' dir='ltr' id='par_1_114' title="bbox 2042 4859 3700 4939">
     <span class='ocr_line' id='line_1_116' title="bbox 2042 4859 3700 4939; baseline 0.005 -25"><span class='ocrx_word' id='word_1_825' title='bbox 2042 4859 2357 4915; x_wconf 89' lang='lat' dir='ltr'>sultatione</span> <span class='ocrx_word' id='word_1_826' title='bbox 2387 4861 2611 4926; x_wconf 87' lang='lat' dir='ltr'>divina,</span> <span class='ocrx_word' id='word_1_827' title='bbox 2670 4867 2732 4916; x_wconf 91' lang='lat' dir='ltr'>ut</span> <span class='ocrx_word' id='word_1_828' title='bbox 2770 4863 3096 4919; x_wconf 88' lang='lat' dir='ltr'>assimilari</span> <span class='ocrx_word' id='word_1_829' title='bbox 3150 4867 3334 4936; x_wconf 88' lang='lat' dir='ltr'>possit</span> <span class='ocrx_word' id='word_1_830' title='bbox 3381 4883 3451 4923; x_wconf 89' lang='lat' dir='ltr'>ac</span> <span class='ocrx_word' id='word_1_831' title='bbox 3480 4866 3700 4939; x_wconf 88' lang='lat' dir='ltr'>permi-</span> 
     </span>
    </p>
   </div>
   <div class='ocr_carea' id='block_1_115' title="bbox 2044 4948 3694 5028">
    <p class='ocr_par' dir='ltr' id='par_1_115' title="bbox 2044 4948 3694 5028">
     <span class='ocr_line' id='line_1_117' title="bbox 2044 4948 3694 5028; baseline 0.006 -25"><span class='ocrx_word' id='word_1_832' title='bbox 2044 4949 2195 5003; x_wconf 90' lang='lat' dir='ltr'>sceri</span> <span class='ocrx_word' id='word_1_833' title='bbox 2227 4964 2366 5004; x_wconf 92' lang='lat' dir='ltr'>cum</span> <span class='ocrx_word' id='word_1_834' title='bbox 2422 4948 2586 5005; x_wconf 90' lang='lat' dir='ltr'>bona</span> <span class='ocrx_word' id='word_1_835' title='bbox 2618 4966 2687 5005; x_wconf 88' lang='lat' dir='ltr'>ac</span> <span class='ocrx_word' id='word_1_836' title='bbox 2741 4951 2943 5008; x_wconf 91' lang='lat' dir='ltr'>divina</span> <span class='ocrx_word' id='word_1_837' title='bbox 2995 4958 3230 5019; x_wconf 89' lang='lat' dir='ltr'>natura,</span> <span class='ocrx_word' id='word_1_838' title='bbox 3262 4972 3399 5012; x_wconf 91' lang='lat' dir='ltr'>cum</span> <span class='ocrx_word' id='word_1_839' title='bbox 3429 4956 3694 5028; x_wconf 88' lang='lat' dir='ltr'>benigna</span> 
     </span>
    </p>
   </div>
   <div class='ocr_carea' id='block_1_116' title="bbox 2042 5038 3687 5117">
    <p class='ocr_par' dir='ltr' id='par_1_116' title="bbox 2042 5038 3687 5117">
     <span class='ocr_line' id='line_1_118' title="bbox 2042 5038 3687 5117; baseline 0.005 -24"><span class='ocrx_word' id='word_1_840' title='bbox 2042 5054 2112 5094; x_wconf 89' lang='lat' dir='ltr'>ac</span> <span class='ocrx_word' id='word_1_841' title='bbox 2125 5044 2331 5094; x_wconf 88' lang='lat' dir='ltr'>sancta</span> <span class='ocrx_word' id='word_1_842' title='bbox 2352 5039 2557 5108; x_wconf 79' lang='lat' dir='ltr'>gratiae</span> <span class='ocrx_word' id='word_1_843' title='bbox 2570 5038 2852 5096; x_wconf 79' lang='lat' dir='ltr'>efﬁcacia.</span> <span class='ocrx_word' id='word_1_844' title='bbox 2871 5041 3119 5098; x_wconf 89' lang='lat' dir='ltr'>Intentio</span> <span class='ocrx_word' id='word_1_845' title='bbox 3133 5060 3274 5099; x_wconf 87' lang='lat' dir='ltr'>vero</span> <span class='ocrx_word' id='word_1_846' title='bbox 3289 5046 3557 5116; x_wconf 83' lang='lat' dir='ltr'>profectu</span> <span class='ocrx_word' id='word_1_847' title='bbox 3573 5046 3631 5117; x_wconf 81' lang='lat'><strong><em>9</em></strong></span> <span class='ocrx_word' id='word_1_848' title='bbox 3644 5048 3687 5116; x_wconf 83' lang='lat'><strong>1</strong></span> 
     </span>
    </p>
   </div>
   <div class='ocr_carea' id='block_1_117' title="bbox 2044 5128 3698 5206">
    <p class='ocr_par' dir='ltr' id='par_1_117' title="bbox 2044 5128 3698 5206">
     <span class='ocr_line' id='line_1_119' title="bbox 2044 5128 3698 5206; baseline 0.005 -25"><span class='ocrx_word' id='word_1_849' title='bbox 2044 5143 2114 5182; x_wconf 90' lang='lat' dir='ltr'>ac</span> <span class='ocrx_word' id='word_1_850' title='bbox 2144 5128 2509 5183; x_wconf 91' lang='lat' dir='ltr'>incremento</span> <span class='ocrx_word' id='word_1_851' title='bbox 2563 5128 2817 5199; x_wconf 88' lang='lat' dir='ltr'>probata</span> <span class='ocrx_word' id='word_1_852' title='bbox 2863 5133 3149 5202; x_wconf 90' lang='lat' dir='ltr'>temporis</span> <span class='ocrx_word' id='word_1_853' title='bbox 3182 5149 3478 5197; x_wconf 89' lang='lat' dir='ltr'>successu,</span> <span class='ocrx_word' id='word_1_854' title='bbox 3510 5142 3565 5190; x_wconf 93' lang='lat' dir='ltr'>et</span> <span class='ocrx_word' id='word_1_855' title='bbox 3589 5151 3698 5206; x_wconf 85' lang='lat' dir='ltr'>op-</span> 
     </span>
    </p>
   </div>
   <div class='ocr_carea' id='block_1_118' title="bbox 2042 5216 3697 5293">
    <p class='ocr_par' dir='ltr' id='par_1_118' title="bbox 2042 5216 3697 5293">
     <span class='ocr_line' id='line_1_120' title="bbox 2042 5216 3697 5293; baseline 0.005 -22"><span class='ocrx_word' id='word_1_856' title='bbox 2042 5216 2422 5286; x_wconf 89' lang='lat' dir='ltr'>portunitate,</span> <span class='ocrx_word' id='word_1_857' title='bbox 2448 5217 2496 5271; x_wconf 89' lang='lat' dir='ltr'>si</span> <span class='ocrx_word' id='word_1_858' title='bbox 2514 5218 2717 5286; x_wconf 72' lang='lat' dir='ltr'>gratiae</span> <span class='ocrx_word' id='word_1_859' title='bbox 2740 5234 2977 5290; x_wconf 85' lang='lat' dir='ltr'>semper</span> <span class='ocrx_word' id='word_1_860' title='bbox 3000 5221 3165 5278; x_wconf 89' lang='lat' dir='ltr'>unita</span> <span class='ocrx_word' id='word_1_861' title='bbox 3185 5228 3239 5278; x_wconf 89' lang='lat' dir='ltr'>et</span> <span class='ocrx_word' id='word_1_862' title='bbox 3261 5230 3431 5293; x_wconf 90' lang='lat' dir='ltr'>grata</span> <span class='ocrx_word' id='word_1_863' title='bbox 3454 5225 3697 5280; x_wconf 89' lang='lat' dir='ltr'>inventa</span> 
     </span>
    </p>
   </div>
   <div class='ocr_carea' id='block_1_119' title="bbox 2042 5305 3697 5384">
    <p class='ocr_par' dir='ltr' id='par_1_119' title="bbox 2042 5305 3697 5384">
     <span class='ocr_line' id='line_1_121' title="bbox 2042 5305 3697 5384; baseline 0.006 -25"><span class='ocrx_word' id='word_1_864' title='bbox 2042 5305 2236 5372; x_wconf 87' lang='lat' dir='ltr'>fuerit;</span> <span class='ocrx_word' id='word_1_865' title='bbox 2267 5311 2387 5361; x_wconf 89' lang='lat' dir='ltr'>tota</span> <span class='ocrx_word' id='word_1_866' title='bbox 2419 5322 2661 5376; x_wconf 89' lang='lat' dir='ltr'>prorsus</span> <span class='ocrx_word' id='word_1_867' title='bbox 2687 5311 3102 5379; x_wconf 87' lang='lat' dir='ltr'>promovendo</span> <span class='ocrx_word' id='word_1_868' title='bbox 3133 5310 3200 5365; x_wconf 87' lang='lat' dir='ltr'>ﬁt</span> <span class='ocrx_word' id='word_1_869' title='bbox 3242 5313 3600 5384; x_wconf 89' lang='lat' dir='ltr'>spirituales,</span> <span class='ocrx_word' id='word_1_870' title='bbox 3626 5329 3697 5369; x_wconf 89' lang='lat' dir='ltr'>ac</span> 
     </span>
    </p>
   </div>
   <div class='ocr_carea' id='block_1_120' title="bbox 2044 5394 3694 5471">
    <p class='ocr_par' dir='ltr' id='par_1_120' title="bbox 2044 5394 3694 5471">
     <span class='ocr_line' id='line_1_122' title="bbox 2044 5394 3694 5471; baseline 0.005 -22"><span class='ocrx_word' id='word_1_871' title='bbox 2044 5394 2347 5465; x_wconf 90' lang='lat' dir='ltr'>deinceps,</span> <span class='ocrx_word' id='word_1_872' title='bbox 2364 5400 2569 5450; x_wconf 87' lang='lat' dir='ltr'>sancta</span> <span class='ocrx_word' id='word_1_873' title='bbox 2582 5400 2639 5450; x_wconf 89' lang='lat' dir='ltr'>et</span> <span class='ocrx_word' id='word_1_874' title='bbox 2660 5412 2809 5467; x_wconf 88' lang='lat' dir='ltr'>pura</span> <span class='ocrx_word' id='word_1_875' title='bbox 2833 5412 2937 5467; x_wconf 91' lang='lat' dir='ltr'>per</span> <span class='ocrx_word' id='word_1_876' title='bbox 2960 5399 3243 5470; x_wconf 86' lang='lat' dir='ltr'>Spiritum</span> <span class='ocrx_word' id='word_1_877' title='bbox 3265 5401 3489 5467; x_wconf 76' lang='lat' dir='ltr'>effecta,</span> <span class='ocrx_word' id='word_1_878' title='bbox 3507 5417 3694 5471; x_wconf 89' lang='lat' dir='ltr'>regno</span> 
     </span>
    </p>
   </div>
   <div class='ocr_carea' id='block_1_121' title="bbox 2043 5482 3692 5552">
    <p class='ocr_par' dir='ltr' id='par_1_121' title="bbox 2043 5482 3692 5552">
     <span class='ocr_line' id='line_1_123' title="bbox 2043 5482 3692 5552; baseline 0.004 -13"><span class='ocrx_word' id='word_1_879' title='bbox 2043 5484 2230 5552; x_wconf 87' lang='lat' dir='ltr'>digna</span> <span class='ocrx_word' id='word_1_880' title='bbox 2259 5482 2529 5539; x_wconf 79' lang='lat' dir='ltr'>efﬁcitur.</span> <span class='ocrx_word' id='word_1_881' title='bbox 2588 5484 2780 5540; x_wconf 87' lang='lat' dir='ltr'>Gloria</span> <span class='ocrx_word' id='word_1_882' title='bbox 2809 5492 2866 5541; x_wconf 93' lang='lat' dir='ltr'>et</span> <span class='ocrx_word' id='word_1_883' title='bbox 2911 5487 3181 5544; x_wconf 88' lang='lat' dir='ltr'>adoratio</span> <span class='ocrx_word' id='word_1_884' title='bbox 3222 5491 3692 5546; x_wconf 88' lang='lat' dir='ltr'>incontaminato</span> 
     </span>
    </p>
   </div>
   <div class='ocr_carea' id='block_1_122' title="bbox 2047 5572 3693 5647">
    <p class='ocr_par' dir='ltr' id='par_1_122' title="bbox 2047 5572 3693 5647">
     <span class='ocr_line' id='line_1_124' title="bbox 2047 5572 3693 5647; baseline 0.005 -20"><span class='ocrx_word' id='word_1_885' title='bbox 2047 5572 2224 5639; x_wconf 88' lang='lat' dir='ltr'>Patri,</span> <span class='ocrx_word' id='word_1_886' title='bbox 2289 5578 2347 5629; x_wconf 89' lang='lat' dir='ltr'>et</span> <span class='ocrx_word' id='word_1_887' title='bbox 2413 5573 2575 5639; x_wconf 88' lang='lat' dir='ltr'>Filio,</span> <span class='ocrx_word' id='word_1_888' title='bbox 2636 5581 2691 5631; x_wconf 93' lang='lat' dir='ltr'>et</span> <span class='ocrx_word' id='word_1_889' title='bbox 2755 5574 3000 5647; x_wconf 91' lang='lat' dir='ltr'>Spiritui</span> <span class='ocrx_word' id='word_1_890' title='bbox 3060 5586 3289 5645; x_wconf 88' lang='lat' dir='ltr'>sancto,</span> <span class='ocrx_word' id='word_1_891' title='bbox 3348 5580 3408 5634; x_wconf 91' lang='lat' dir='ltr'>in</span> <span class='ocrx_word' id='word_1_892' title='bbox 3453 5577 3693 5635; x_wconf 81' lang='lat' dir='ltr'>saecula.</span> 
     </span>
    </p>
   </div>
   <div class='ocr_carea' id='block_1_123' title="bbox 2046 5666 2254 5717">
    <p class='ocr_par' dir='ltr' id='par_1_123' title="bbox 2046 5666 2254 5717">
     <span class='ocr_line' id='line_1_125' title="bbox 2046 5666 2254 5717; baseline 0 0"><span class='ocrx_word' id='word_1_893' title='bbox 2046 5666 2254 5717; x_wconf 85' lang='lat' dir='ltr'>Amen.</span> 
     </span>
    </p>
   </div>
  </div>
