4148 6262
1794 304 1853 363 S.
1898 301 2201 362 MACARII
2238 300 2546 361 EGYPTII

1083 435 1374 492 HOMILIA
1412 434 1564 491 XXV.
2178 430 2224 484 A

490 529 672 584 Docet
688 528 803 583 hwc
831 527 1105 589 homitia,
1123 527 1358 580 nultum
1375 523 1822 587 hominem,nisi
1844 538 1880 577 a
1909 520 2148 576 Christo

565 601 1033 663 corroboratum,
1056 598 1346 653 scandala
1368 595 1713 666 nequissimi
1726 607 2010 662 superare
2021 607 2149 659 pos-

562 686 622 726 se
643 688 661 724 :
690 678 743 726 et
775 672 917 741 quid
946 670 1036 733 iis,
1093 670 1195 740 qui
1226 668 1493 723 divinam
1554 666 1820 741 gloriam
1836 666 2147 741 appetunt,

562 735 879 811 agendum.
918 735 1367 809 Docet'quoque,
1401 754 1511 811 nos
1558 735 1666 805 per
1693 735 2148 792 inobedientiam

562 809 701 868 Adae
715 814 795 868 ad
817 812 1152 868 servitutem
1170 811 1374 866 carnis
1397 809 1666 864 redactos
1685 824 1826 871 esse,
1854 822 2022 876 aqua
2043 820 2151 874 per

559 886 905 954 mysterium
920 882 1115 960 crucis
1132 883 1480 937 liberamur.
1496 880 1742 960 Instruit
1754 880 2009 960 denique
2018 892 2148 960 nos,

557 950 839 1026 magnam
862 970 981 1011 esse
1012 956 1445 1023 lacrymarum,
1474 959 1526 1009 et
1546 952 1702 1022 ignis
1726 950 1918 1006 divini
1945 950 2145 1018 efﬁca-

495 313 597 369 667
1794 306 1853 363 S.
1898 306 2201 362 MACARII
2238 306 2546 361 IEGYPTII
3749 306 3857 365 668

2850 432 3094 483 ΟΜῙΛῙΛ
3138 429 3261 486 κε’.

2259 514 2571 596 Διδάσκει
2610 518 2768 596 αῦτη
2825 520 2855 577 ἡ
2922 518 3160 596 όμιλία,
3205 521 3322 596 -ὃτι
3366 518 3585 583 οὐδεὶς
3624 520 3864 596 ἀνθρώ-

2326 611 2475 655 πων,
2511 591 2611 661 εἰμ
2653 588 3063 664 δυναμωθεὶς
3102 592 3221 643 ὑπὸ
3260 599 3368 644 τοῦ
3406 588 3861 664 χριστοῦ,ἶτόῦ

2329 659 2613 738 πονηροςῦ
2655 659 3040 716 σκανδάλων
3088 659 3547 738 περιγίνεσθαι
3587 659 3854 738 ισχ-ύει·

2328 731 2518 810 καὶλτί
2549 731 2651 787 δεῖ
2676 739 2966 810 τοὺΔς-τῆς
2999 731 3178 795 θείας
3204 731 3402 810 δόξης
3432 731 3861 810 ὀρεγομένους

2329 808 2657 884 πράττειν.
2691 803 3008 884 Διδάσκει
3048 812 3176 870 καὶ,
3227 797 3328 859 ὅτι
3369 797 3481 860 διά
3517 797 3859 884 πἀρακοῆς

2328 874 2438 930 τοῦ
2487 874 2690 953 ’ᾼδάμ
2743 879 2827 953 εἰς
2868 876 3167 953 δουλξείᾷαν
3207 889 3315 940 τῆς
3366 874 3860 953 σαρκόξπαθῶν

2328 946 2752 1025 κατήλθομεν,
2800 949 2895 1021 ἀφ’
2942 946 3031 1012 ἧς’
3071 946 3332 1025 διὰ-τοῦ
3379 946 3558 1023 ἔν’τῷ
3598 962 3857 1025 σταυρῷ

562 1028 738 1084 ciam.

552 1262 594 1314 Ι.
625 1260 853 1326 Quibus
881 1260 1032 1314 inest
1087 1256 1297 1311 divina
1332 1256 1446 1320 lex,
1488 1270 1609 1309 non
1665 1256 2018 1316 atramento,
2048 1246 2152 1306 aut

486 1351 691 1407 litteris
724 1349 966 1419 scripta,
1025 1347 1129 1401 sed
1184 1346 1240 1399 in
1276 1344 1565 1400 cordibus
1598 1343 1829 1398 carneis
1859 1341 2147 1412 plantata,

485 1440 549 1495 hi
571 1439 762 1495 oculis
791 1436 1128 1492 intellectus
1175 1433 1515 1499 illuminati,
1566 1437 1971 1503 perpetuoque
2001 1430 2147 1485 desi-

486 1529 652 1583 derio
684 1528 838 1597 capti
870 1541 991 1580 non
1048 1523 1349 1579 sensibilis
1398 1528 1501 1577 aut
1558 1520 1801 1576 visibilis
1852 1521 2000 1591 spei,
2042 1517 2147 1573 sed

484 1616 800 1673 invisibilis
846 1621 902 1669 et
953 1611 1393 1676 intellectualis,
1466 1625 1745 1681 superare
1792 1608 2145 1681 nequissimi

485 1705 773 1761 scandala
807 1708 1081 1775 possunt,
1114 1717 1219 1773 per
1266 1700 1553 1755 invictam
1607 1706 1804 1753 tamen
1843 1699 2139 1763 virtutem,

486 1796 595 1860 Qui
629 1810 769 1848 vero
793 1792 970 1847 verbo
994 1791 1089 1845 Dei
1112 1790 1305 1845 ornati
1330 1804 1451 1844 non
1472 1794 1627 1857 sunt,
1662 1804 1769 1842 nec
1786 1786 1993 1842 divina
2013 1786 2141 1856 lege

484 1884 759 1948 instituti,
780 1881 971 1936 frusta
990 1880 1195 1942 inﬂati,
1220 1880 1558 1933 existimant
1584 1894 1653 1932 ex
1681 1876 1920 1947 proprio
1950 1876 2139 1931 libero

482 1972 731 2029 arbitrio
755 1988 816 2026 se
844 1968 1174 2025 abolituros
1196 1966 1545 2023 occasiones
1567 1966 1814 2037 peccati,
1838 1964 2002 2036 quod
2033 1980 2139 2036 per

483 2061 681 2116 solum
716 2059 907 2114 crucis
972 2057 1322 2128 mysterium
1368 2055 1820 2111 condemnatur.
1852 2052 1955 2108 Illa
1977 2054 2135 2108 enim

482 2149 673 2204 libera
700 2148 883 2204 volun
899 2153 1008 2209 tas,
1024 2162 1159 2217 quae
1180 2146 1235 2199 in
1252 2144 1514 2199 hominis
1533 2142 1813 2199 facultate
1833 2148 1937 2206 est,
1970 2143 2130 2211 ineo,

484 2243 551 2293 ut
579 2237 823 2292 diabolo
859 2235 1142 2290 nimirum
1174 2236 1340 2289 reniti
1376 2233 1579 2305 possit,
1604 2233 1713 2287 sila
1743 2240 1849 2295 est,
1884 2247 2005 2286 non
2034 2248 2137 2287 au-

481 2331 619 2391 tem,
650 2325 922 2396 utpossit
952 2326 1201 2379 omnino
1224 2323 1542 2393 imperium
1571 2326 1767 2376 tenere
1790 2322 1847 2374 in
1865 2319 2132 2375 affectus.

478 2417 615 2472 Nisi
645 2416 799 2471 enim
825 2414 1113 2470 Dominus
1134 2412 1530 2479 wdiﬁcaverit,
1560 2411 1771 2481 inquit,
1796 2410 2055 2478 domum,
2081 2415 2136 2465 et

480 2504 826 2561 custodierit
854 2503 1167 2565 civitatem,
1184 2504 1386 2571 frusta
1410 2500 1637 2569 vigilat,
1662 2500 1766 2571 qui
1786 2499 2061 2563 custodit,
2083 2506 2133 2554 et

478 2596 716 2664 frustra
748 2594 1006 2659 laborat,
1038 2592 1141 2663 qui
1169 2591 1415 2659 aediﬁcat
1442 2592 1508 2642 ’⁸.

551 2880 617 2933 II.
654 2877 1028 2949 lmpossibile
1081 2880 1169 2932 est
1223 2875 1383 2931 enim
1432 2890 1569 2929 eum
1626 2873 1899 2928 incedere
1952 2886 2132 2943 super

478 2969 753 3041 aspidem
785 2974 840 3022 et
870 2966 1244 3030 basiliscum,
1274 2971 1330 3019 et
1381 2962 1733 3019 conculcare
1772 2962 2026 3027 leonem,
2062 2976 2131 3015 ac

2329 1019 2695 1096 μυστηρίου
2722 1019 3024 1096 ῥυόμεθα.
3060 1019 3367 1096 ῌαιδεύει
3397 1019 3627 1077 λοιπὸν
3656 1019 3855 1095 ἡμᾶς’,

2329 1090 2427 1143 ὅτι
2455 1090 2697 1169 μεγάλη
2722 1090 2869 1145 ’ἐστὶ
2897 1102 3014 1145 τῶν
3055 1090 3349 1169 δακρύῶν
3379 1100 3488 1149 καὶ
3529 1104 3638 1148 τοῦ
3680 1090 3853 1149 θείου

2328 1162 2805 1237 πυρὸς-δύναμι
2825 1185 2866 1226 ς.

2327 1258 2413 1308 Α¹.
2474 1254 2566 1315 Οἷς
2620 1253 2903 1329 ἐνυπάρχει
2954 1255 2979 1306 6
3032 1256 3163 1317 θεῖος
3224 1258 3377 1328 νόμος
3434 1259 3529 1309 οῦκ
3586 1259 3635 1309 ἑν
3674 1257 3855 1329 με’λανι

2257 1348 2346 1394 καὶ
2417 1345 2725 1416 γράμμασιν
2797 1342 3231 1417 ἐγγεγραμμένος,
3303 1343 3408 1397 ἀλλ’
3477 1348 3526 1398 ἓν
3608 1343 3855 1417 καρδίαις

2260 1434 2530 1505 σαρκίναις
2583 1435 3035 1504 ἐμπεφυτευμένος,
3094 1433 3240 1485 οὗτοι
3294 1437 3417 1497 τοὺς
3470 1442 3566 1497 τῆς
3618 1432 3855 1497 διανοίας

2256 1520 2553 1592 ὀφθαλμοὺς
2605 1524 2964 1593 φωτισθέντες,
3017 1526 3105 1575 καὶ
3157 1521 3236 1576 ἀεὶ
3284 1521 3600 1596 ὀρεγόμενοι,
3644 1525 3702 1577 οὐ
3755 1535 3855 1588 τῆς

2254 1609 2509 1671 αἰσθητῆς
2560 1614 2651 1662 καὶ
2710 1608 3022 1683 βλεπομένης
3078 1608 3304 1677 ἐλπίδος,
3371 1612 3501 1665 ἀλλά
3551 1621 3645 1675 τῆς
3693 1612 3852 1689 ἀορά-

2252 1714 2342 1751 του
2375 1700 2465 1752 nisi
2509 1708 2718 1768 νοητῆς,
2756 1703 3112 1773 περιγίνεσθαι
3156 1709 3255 1753 τῶν
3295 1709 3386 1754 τοῦ
3436 1710 3665 1777 πονηροῦ
3697 1723 3855 1757 σκαν-

2254 1786 2422 1841 δάλων
2468 1788 2774 1861 ἰσχύουσιν,
2826 1789 2932 1843 ἀλλ’
2983 1789 3040 1841 ἔκ
3084 1798 3181 1853 τῆς
3240 1791 3501 1850 ἀηττήτου
3545 1789 3845 1865 δυνάμεως,

2252 1880 2317 1929 Οἱ
2361 1876 2420 1931 δὲ
2459 1884 2529 1950 μὴ
2580 1879 2716 1950 λόγῳ
2765 1887 2899 1933 Θεοῦ
2958 1885 3309 1953 τετιμημνοι,
3359 1887 3491 1953 μήτε
3534 1887 3672 1954 νόμῳ
3728 1885 3854 1956 θείῳ

2249 1964 2672 2039 πεπαιδευμένοι,
2753 1968 2861 2027 εἰκῆ
2916 1972 3255 2041 φυσιούμενοι
3330 1973 3526 2023 οἴονται
3595 1968 3690 2024 διὰ
3757 1980 3853 2025 τοῦ

2252 2052 2391 2108 ἰδίου
2439 2056 2780 2119 αὐτεξουσίου
2833 2065 3107 2130 καταργείν
3147 2061 3243 2120 τάς
3279 2058 3514 2134 ἀφορμὰς
3554 2069 3645 2121 τῆς
3683 2060 3855 2134 ἁμαρ-

2245 2150 2381 2211 τίας,
2430 2154 2523 2207 τῆς
2578 2142 2672 2198 διὰ
2701 2152 2858 2219 μόνου
2907 2154 2998 2199 τοῦ
3051 2146 3100 2199 ίν
3155 2155 3227 2218 τῷ
3282 2157 3494 2219 σταυρῷ
3547 2157 3853 2224 μυστηρίου

2245 2239 2705 2307 κατακρινομένης.
2759 2238 2828 2288 Τὸ
2880 2239 2981 2309 γὰρ
3042 2235 3090 2288 ἐν
3140 2245 3200 2309 τῇ
3235 2244 3327 2290 τοῦ
3380 2238 3653 2312 ἀνθρώπου
3690 2237 3857 2295 δυνά-

2244 2343 2329 2395 μει
2377 2323 2707 2386 αὐτεξούσιον
2760 2324 2841 2377 ἐπὶ
2882 2333 2953 2395 τῷ
2991 2325 3297 2385 ἀντιστῆναι
3350 2336 3421 2397 τῷ
3466 2324 3694 2401 διαϐόλῳ
3742 2339 3849 2384 κεί·

2243 2432 2346 2482 ται,
2410 2411 2514 2465 ἀλλ’
2563 2413 2657 2465 οὐκ
2701 2412 2783 2466 ἐπὶ
2833 2422 2905 2484 τῷ
2965 2411 3226 2467 δύνασθαι
3286 2418 3429 2487 ἔχειν
3475 2418 3730 2479 παντελῶς
3788 2424 3849 2471 τὸ

2242 2504 2433 2571 κράτος
2486 2504 2622 2555 κατά
2670 2511 2768 2555 τῶν
2823 2506 3021 2556 παθῶν.
3074 2505 3210 2557 Ἐὰν
3248 2506 3370 2577 γὰρ
3411 2510 3495 2577 μὴ
3538 2508 3565 2558 6
3607 2511 3851 2580 Κύριος

2243 2588 2677 2664 οἰκοδομὴσῃ,
2710 2597 2889 2663 φησὶν,
2949 2591 3142 2657 οἶκον,
3198 2599 3306 2646 καὶ
3346 2594 3593 2669 φυλάξῃ
3637 2598 3844 2664 πόλιν,

2243 2680 2330 2742 εἰς
2369 2682 2577 2752 μάτην
2608 2682 3023 2752 ἡγρύπνησεν
3057 2683 3083 2733 6
3114 2682 3470 2754 φυλάττων,
3504 2691 3612 2737 καὶ
3648 2694 3849 2757 κοπιᾷ

2243 2770 2269 2820 ὁ
2304 2766 2709 2841 οἰκοδομῶν,

2315 2874 2381 2927 Β’.
2432 2877 2741 2947 Ἀμήχανον
2801 2879 2905 2949 γὰρ
2944 2876 3185 2935 ἐπιϐῆναι
3224 2876 3306 2931 ini
3334 2877 3543 2933 ἀσπίδα
3578 2884 3656 2932 καὶ
3681 2877 3838 2953 βασε-

2240 2964 2440 3029 λίσκον,
2488 2970 2577 3017 καὶ
2629 2973 3004 3023 καταπατῆσαι
3059 2966 3237 3019 λίοντα
3291 2973 3381 3021 καὶ
3439 2966 3713 3043 δράκοντα,
3760 2974 3828 3043 μή

477 3058 826 3127 draconem,
854 3057 955 3129 qui
982 3056 1172 3127 prius,
1200 3058 1496 3126 quantum
1529 3052 1588 3107 in
1619 3051 1841 3107 viribus
1871 3051 2131 3106 hominis

2239 3058 2504 3126 πρότερον,
2547 3055 2666 3107 καθ’
2725 3057 2845 3107 ὅσον
2892 3051 3112 3109 δυνατὸν
3160 3056 3433 3132 ἀνθρώπῳ,
3488 3060 3843 3133 ἐκκαθάραντα

478 3152 588 3211 est,
626 3163 689 3202 se
714 3162 835 3202 non
861 3145 1223 3216 expurgarit,
1270 3158 1380 3197 nec
1409 3144 1829 3197 corroboratus
1855 3139 2026 3195 fuerit
2052 3141 2131 3195 ab

478 3252 569 3301 eo,
594 3237 698 3308 qui
719 3235 856 3290 dicit
870 3233 1155 3305 apostolis
1180 3249 1191 3287 :
1216 3233 1369 3289 Ecce
1384 3232 1459 3287 do
1474 3231 1631 3287 vobis
1653 3236 1995 3300 potestatem
2011 3230 2128 3286 cat-

480 3327 660 3382 candi
674 3340 855 3395 super
872 3327 1249 3389 serpentes,et
1264 3322 1621 3388 scorpiones,
1640 3327 1692 3376 et
1705 3335 1886 3389 super
1900 3335 2128 3376 omnem

476 3417 755 3471 virtutem
788 3413 1015 3468 inimici
1045 3414 1113 3464 ’9.
1145 3413 1199 3466 Si
1233 3410 1396 3466 enim
1421 3410 1699 3465 valuisset
1730 3410 1998 3465 humana
2026 3424 2129 3465 na-

474 3508 629 3569 tura,
665 3504 893 3573 absque
951 3502 1231 3556 universa
1276 3505 1582 3556 armatura
1631 3499 1880 3570 Spiritus
1914 3500 2125 3563 sancti,

475 3598 632 3648 stare
661 3591 941 3648 adversus
974 3590 1225 3645 insidias
1279 3588 1524 3655 diaboli,
1560 3604 1680 3643 non
1726 3604 1871 3643 sane
1898 3588 2127 3644 dictum

475 3680 684 3736 fuisset
707 3682 784 3735 ab
803 3679 1083 3751 Apostolo
1108 3696 1119 3732 :
1157 3680 1307 3734 Deus
1330 3682 1524 3733 autem
1549 3677 1717 3747 pacis
1735 3681 1995 3733 conteret
2019 3678 2128 3733 Sa-

476 3775 680 3826 tanam
696 3770 802 3825 sub
816 3770 1063 3839 pedibus
1089 3769 1293 3825 vestris
1308 3768 1473 3824 brevi
1500 3770 1638 3821 3°.Et
1660 3767 1873 3821 iterum
1899 3783 1913 3818 :
1949 3767 2125 3834 Quem

474 3861 763 3915 Dominus
789 3859 1099 3927 interﬁciet
1131 3864 1185 3913 et
1207 3857 1425 3926 spiritu
1452 3859 1571 3912 oris
1594 3857 1690 3911 sui
1716 3856 1785 3908 3‘.
1815 3858 2128 3927 Propterea

475 3949 889 4022 quoquejussi
913 3963 1121 4001 sumus
1150 3946 1335 4001 Deum
1368 3945 1718 4001 obsecrare:
1761 3946 1848 4001 Ne
1873 3945 2126 4001 inducas

472 4054 578 4094 nos
610 4038 671 4093 in
703 4037 1110 4102 tentationem,
1144 4035 1246 4091 sed
1287 4036 1475 4091 libera
1500 4050 1604 4090 nos
1658 4050 1692 4091 a
1719 4036 1877 4090 malo
1905 4035 1974 4088 ³³.
2008 4034 2127 4089 Nisi

474 4129 636 4184 enim
671 4126 1104 4198 praestantioris
1147 4125 1347 4180 auxilii
1398 4140 1512 4195 Ope
1556 4124 1785 4179 liberati
1815 4124 1893 4179 ab
1925 4123 2126 4194 ignitis

474 4217 602 4273 telis
639 4215 1011 4287 nequissimi,
1043 4214 1329 4286 consequi
1384 4213 1549 4283 digni
1588 4214 1925 4269 habeamur
1978 4218 2127 4268 ado-

473 4308 739 4377 ptionem
765 4305 1045 4368 ﬁliorum,
1060 4303 1398 4358 frustranea
1413 4302 1885 4358 estconversatio
1900 4308 2122 4368 nostra,

474 4400 543 4451 ut
570 4396 671 4467 qui
701 4393 909 4465 procul
940 4410 975 4449 a
997 4394 1208 4448 virtute
1236 4392 1338 4448 Dei
1369 4392 1659 4447 absimus.

544 4683 635 4737 Ill.
669 4680 1021 4751 Quicunque
1047 4694 1188 4748 ergo
1211 4677 1373 4749 cupit
1402 4677 1701 4748 particeps
1728 4676 1858 4731 ﬁeri
1906 4675 2123 4732 divinas

476 4771 700 4841 glorias,
733 4785 825 4833 ac,
858 4768 1017 4823 velut
1049 4768 1106 4821 in
1142 4766 1407 4837 speculo,
1445 4766 1651 4821 Christi
1680 4764 2028 4834 imaginem,
2062 4765 2122 4821 in

474 4860 742 4931 principe
782 4857 965 4912 animi
999 4857 1089 4910 sui
1150 4855 1427 4911 facultate
1486 4854 1895 4924 contemplari,
1944 4853 2124 4910 debet

472 4947 795 5003 insatiabili
825 4945 1160 5009 dilectione,
1213 4950 1270 5000 et
1327 4943 1669 5015 inexplebili
1696 4943 2013 5011 desiderio,
2050 4958 2123 4999 ex

471 5042 597 5092 toto
610 5036 787 5091 corde
801 5042 856 5090 et
888 5034 1133 5097 viribus,
1150 5038 1329 5089 noctu
1344 5032 1567 5103 diuque
1590 5032 1884 5105 inquirere
1908 5038 2122 5104 poten-

470 5127 767 5182 tissimum
796 5123 890 5178 Dei
944 5123 1281 5177 subsidium
1307 5139 1319 5187 ;
1346 5122 1508 5193 quod
1532 5122 1779 5192 quidem
1832 5122 2122 5193 consequi

468 5213 840 5286 impossibile
862 5218 967 5275 est,
1015 5211 1147 5276 nisi,
1179 5217 1239 5265 ut
1264 5217 1439 5265 antea
1487 5210 1775 5280 diximus,
1826 5212 2123 5268 abstineat

467 5306 604 5378 quis
660 5304 827 5375 prius
860 5302 937 5356 ab
989 5300 1282 5355 illecebris
1327 5300 1507 5368 huius
1536 5299 1743 5354 mundi
1798 5316 1867 5355 ac
1900 5317 2117 5356 concu-

467 5392 771 5467 piscentiis
823 5390 1183 5447 adversaria:
1216 5390 1547 5460 potestatis,
1576 5404 1707 5460 quae
1734 5387 1885 5444 lucis
1912 5398 1997 5444 est
2022 5407 2117 5446 ex-

466 5500 622 5556 pers,
653 5488 710 5537 et
756 5479 1016 5536 effectrix
1066 5478 1342 5549 nequitias
1374 5483 1477 5542 est,
1527 5478 1604 5531 ad
1632 5477 1783 5533 bene
1812 5481 2116 5548 agendum

470 5573 721 5629 minime
746 5575 904 5642 apta,
935 5569 1050 5641 92
1080 5583 1150 5624 ac
1195 5582 1437 5639 prorsus
1463 5564 1725 5622 exclusa.
1759 5567 2048 5631 Quocirca
2066 5568 2115 5625 si

537 5725 585 5761 ³⁸
610 5722 763 5781 Psal.
787 5738 996 5789 cxxvn,
1029 5722 1081 5777 1.
1161 5721 1207 5756 ’θ
1242 5720 1377 5775 Luc.
1410 5734 1470 5788 x,
1498 5718 1584 5776 19.

1664 5719 1711 5754 ³ο
1741 5719 1910 5775 Rom.
1936 5735 2054 5785 xw,
2083 5720 2172 5776 20.

2241 3144 2441 3209 ἑαυτὸν,
2516 3149 2606 3197 καὶ
2659 3141 3030 3216 δυναμωθέντα
3074 3149 3219 3220 παρά
3275 3155 3369 3200 τοῦ
3450 3148 3678 3210 εἰπόντος
3738 3158 3849 3213 τοῖς

2240 3232 2568 3301 ἀποστόλοις,
2612 3230 2779 3288 Ἰδοὺ
2820 3230 3078 3287 δέδωκα
3116 3238 3265 3307 ὑμῖν
3307 3234 3579 3310 δύναμιν
3622 3246 3855 3292 πατεῖν

2239 3322 2446 3376 ἐπάνω
2507 3325 2701 3395 ὄφεων
2758 3327 2865 3376 καὶ
2930 3330 3279 3397 σκορπίων,
3330 3331 3436 3379 καὶ
3493 3326 3594 3380 ἐπὶ
3632 3334 3856 3381 πᾶσαν

2237 3417 2348 3470 τὴν
2391 3409 2666 3485 δύναμιν
2704 3420 2817 3465 τοῦ
2857 3412 3584 3488 έχθροῦ.Εἰγὰρῖσχυενὴ
3616 3425 3712 3478 τῆς
3734 3416 3858 3472 ἀνθ-

2234 3506 2529 3573 ρωπότητος
2559 3505 2712 3574 φύσις
2738 3501 2881 3563 ἐκτός
2917 3512 3011 3564 τῆς
3041 3503 3324 3565 πανοπλίας
3366 3513 3459 3557 τοῦ
3500 3505 3653 3577 ἁγίου
3689 3511 3859 3561 Πνεῦ-

2236 3610 2421 3662 ματος,
2474 3599 2662 3649 στῆναι
2704 3595 2830 3663 πρὸς
2856 3594 2947 3653 τὰς
2992 3589 3269 3663 μεθοδείας
3314 3600 3405 3646 τοῦ
3447 3592 3723 3660 διαϐόλου,
3758 3597 3850 3649 οὐκ

2238 3679 2297 3730 ἂν
2320 3683 2491 3753 εἴρητο
2510 3682 2609 3732 ὑπὸ
2635 3688 2726 3732 τοῦ
2754 3680 3105 3748 Ἀποστόλου,
3128 3681 3186 3734 Ὀ
3227 3679 3295 3736 δὲ
3334 3687 3495 3746 Θεὸς
3532 3694 3639 3745 τῆς
3681 3686 3844 3759 εἰρή-

2236 3787 2345 3829 νης
2400 3768 2745 3841 συντρίψει
2802 3773 2906 3822 τόν
2947 3776 3229 3823 Σατανᾶν
3282 3773 3400 3824 ὑπὸ
3441 3777 3590 3835 τοὺς
3637 3773 3839 3835 πόδας

2237 3859 2405 3929 ὑμῶν
2448 3858 2504 3909 ἐν
2544 3860 2754 3929 τάχει.
2792 3864 2893 3912 Καὶ
2920 3859 3095 3926 πάλιν,
3127 3859 3230 3913 Ὃν
3275 3862 3300 3912 6
3342 3864 3603 3934 Κύριος,
3639 3862 3841 3917 ἀνελεῖ

2236 3954 2317 4018 τῷ
2356 3950 2670 4020 πνεύματι
2710 3956 2821 4000 τοῦ
2863 3954 3193 4020 στόματος
3232 3949 3450 4004 αὐτοῦ.
3499 3955 3586 4005 Διὸ
3628 3950 3698 4012 δὴ
3759 3958 3848 4006 καὶ

2235 4038 2676 4109 προσετάχθημεν
2706 4033 2921 4090 δέεσθαι
2952 4045 3045 4089 τοῦ
3077 4043 3291 4111 Κυρίου,
3327 4043 3417 4096 Μὴ
3462 4040 3806 4114 εἰσενέγκῃ
3827 4062 3850 4103 ς

2236 4125 2325 4185 εἰς
2377 4130 2745 4199 πειρασμόν
2797 4128 2977 4199 ἡμᾶς,
3039 4126 3195 4179 ἀλλὰ
3256 4128 3454 4203 ῥῦσαι
3516 4130 3684 4201 ἡμᾶς
3723 4130 3848 4183 ἀπό

2234 4222 2345 4266 τοῦ
2383 4224 2690 4287 πονηροῦ.
2726 4215 2843 4269 Ἐὰν
2893 4218 2997 4289 γάρ
3026 4222 3098 4289 μὴ
3135 4214 3228 4270 διὰ
3270 4227 3365 4280 τῆς
3393 4223 3687 4290 κρείττονος
3716 4219 3847 4293 βοη-

2238 4306 2376 4366 θείας
2444 4306 2717 4379 ῥυσθέντες
2769 4314 2869 4357 τῶν
2942 4311 3318 4378 πεπυρωμένων
3386 4306 3548 4380 βελῶν
3602 4318 3695 4362 τοῦ
3751 4330 3845 4364 πο-

2158 4415 2202 4469 D
2234 4400 2414 4465 νηροῦ,
2468 4394 2869 4466 καταξιωθώμεν
2908 4401 3003 4455 τῆς
3057 4397 3343 4463 υἱοθεσίας,
3403 4396 3473 4458 εἰς
3532 4400 3704 4469 μάτην
3750 4419 3841 4452 πο-

2233 4482 2558 4555 λιτευόμεθα,
2610 4485 2677 4545 ὡς
2717 4482 2892 4558 πόρῥω
2930 4491 3026 4545 τῆς
3082 4481 3351 4559 δυνάμεως
3397 4494 3489 4539 τοῦ
3542 4495 3679 4541 Θεοῦ
3716 4509 3834 4561 τυγ-

2236 4590 2499 4642 χανοντες.

2306 4678 2378 4731 Γ’.
2438 4677 2496 4731 Ὀ
2553 4681 2725 4730 τοίνυν
2797 4677 3106 4752 βουλόμενος
3163 4684 3387 4754 μέτοχος
3447 4684 3689 4753 γίνεσθαι
3747 4692 3836 4745 τῆς

2237 4768 2371 4828 θείας
2420 4764 2603 4831 δόξης,
2653 4772 2742 4820 καὶ
2786 4769 2958 4841 ὥσπερ
3005 4768 3054 4819 ἕν
3101 4774 3396 4845 κατόπτρῳ,
3448 4775 3543 4831 τὴν
3598 4780 3839 4848 Χριστοῦ

2232 4863 2433 4929 μορφὴν
2487 4858 2609 4930 όρᾴν
2658 4860 2707 4910 ἄν
2755 4866 2827 4928 τῷ
2877 4860 3168 4931 ἡγεμονικῷ
3234 4861 3411 4925 αὐτοῦ,
3473 4861 3661 4934 ὀφείλει
3717 4862 3840 4917 ἀκο-

2230 4950 2399 5017 ρέστῳ
2449 4953 2644 5018 στοργῇ
2706 4951 2796 4997 καὶ
2853 4946 3107 5019 ἀπλήστῳ
3166 4944 3403 5003 διαθέσει
3456 4949 3510 5014 ἐξ
3559 4953 3684 5014 ὅλης
3712 4972 3840 5028 καρ-

2232 5030 2349 5095 δίας
2406 5039 2493 5087 καὶ
2543 5030 2809 5107 δυνάμεως
2871 5038 3071 5110 νύκτωρ
3123 5042 3212 5091 καὶ
3255 5038 3367 5110 μεθ’
3416 5040 3613 5115 ἡμέραν
3663 5041 3838 5102 ζητεῖν

2230 5127 2322 5181 τὴν
2376 5121 2431 5174 ἐκ
2473 5132 2564 5176 τοῦ
2605 5128 2731 5177 Θεοῦ
2774 5123 3049 5197 ἀντίληψιν
3090 5125 3138 5179 ἕν
3186 5124 3423 5201 δυνάμει,
3459 5131 3524 5191 ἡς
3552 5128 3835 5202 ἀμὴχανον

2229 5220 2536 5283 μετασχεῖν,
2587 5214 2629 5265 εἰ
2676 5218 2771 5286 μὴ,
2805 5217 2873 5275 ὡς
2925 5224 3192 5289 προεῖπον,
3246 5216 3540 5290 ἀπόσχοιτό
3593 5238 3674 5281 τις
3711 5226 3835 5293 πρό-

2226 5321 2368 5374 τερον
2414 5310 2501 5362 τῆς
2550 5299 2879 5365 ἡδυπαθείας
2934 5312 3028 5356 τοῦ
3090 5311 3313 5378 κόσμου,
3385 5316 3484 5359 τῶν
3542 5306 3833 5381 ἐπιθυμιῶν

2226 5400 2322 5453 τῆς
2364 5393 2591 5449 ἐναντίας
2642 5387 2930 5464 δυνάμεως,
2986 5396 3100 5455 ἡτις
3158 5399 3325 5467 φωτός
3382 5396 3627 5470 ἀλλοτρία
3690 5397 3826 5465 ἐστὶ,

2225 5485 2313 5532 καὶ
2387 5478 2613 5553 ἐνέργεια
2681 5487 2931 5554 πονηρίας
3003 5482 3209 5555 ἀγαθῆς
3272 5487 3528 5557 ἐνεργείας
3574 5485 3830 5551 ἀνοικειός

2225 5570 2358 5637 ἐστι,
2402 5574 2492 5623 καὶ
2550 5573 2715 5629 πάντη
2764 5572 3139 5645 ἀπεξενωμένη.
3194 5580 3483 5650 Τοιγαροῦν
3543 5575 3586 5629 εἰ
3648 5574 3823 5649 βούλει

2249 5722 2291 5757 ³¹
2323 5721 2370 5778 Il
2395 5722 2594 5779 Thess.
2627 5738 2689 5780 ιι.
2722 5724 2775 5778 8.
2872 5726 2918 5760 δ’
2952 5724 3150 5782 Matth.
3181 5741 3259 5791 vn,
3294 5725 3377 5781 13.
