4148 6262
1760 4 1795 13 κέ
1842 2 1904 20 επ
1927 5 1936 10 ν
2037 13 2042 18 ,
2071 1 2106 22 ιη.-
2135 3 2280 18 -ει.η’γ,’”⁴“
2305 1 2334 16 ν-

91 0 2397 82 *Μ

329 370 440 431 669

1594 367 1936 429 ΗΟΜΙΕΙᾹΞ.
1977 401 2047 412 -
2086 368 2259 427 HOM.
2301 368 2469 427 XXV.

3577 372 3688 430 670

321 504 502 573 μαθεῖν
554 504 688 561 τίνος
756 502 917 553 ἕνεκεν
979 500 1270 561 κτισθέντες
1327 496 1374 551 ἒν
1428 507 1553 571 τιμῇ
1601 504 1693 551 καὶ
1744 516 1913 550 κατοι·

2029 497 2256 553 discere
2294 497 2599 553 desideres
2631 512 2754 569 qua
2783 496 2858 554 de
2889 512 3092 563 causa,
3140 513 3279 554 cum
3308 513 3576 556 essemus
3617 500 3680 556 in

321 594 579 651 κισθέντες
639 589 688 641 ἐν
742 586 1071 664 παραδείσῳ,
1120 589 1407 642 τελευταῖον
1476 587 1921 661 συμπαρεϐλήθη-

321 700 411 752 μεν
462 688 571 740 τοῖς
628 678 865 741 ἀνοήτοις
916 684 1143 742 κτήνεσι,
1194 684 1282 731 καὶ
1331 681 1669 750 ὡμοιώθημεν
1721 677 1917 745 αὐτοῖς,

323 768 749 829 ἀποπεπτωκότες
800 776 887 828 τῆς
931 769 1202 843 ἁχράντου
1283 764 1464 835 δόξης,
1524 773 1768 838 γίνωσκε,
1841 768 1921 817 ὅτι

321 855 415 910 διά
453 867 544 919 τῆς
583 867 857 930 παρακοῆς
897 854 1075 909 δοῦλοι
1125 867 1215 918 τῆς
1269 861 1460 931 σαρκός
1514 858 1690 909 παθῶν
1716 860 1921 927 γενόμε-

318 967 394 998 νοι
446 946 816 1020 ἀπεκλείσαμεν
873 946 1086 1008 ἑαυτοὺς
1128 956 1221 1009 τῆς
1268 951 1532 1021 μακαρίας
1584 952 1769 1019 χώρας
1818 953 1920 996 τῶν

320 1036 542 1101 ζώντων,
595 1042 684 1088 καὶ¹
739 1039 787 1088 ἐν
836 1036 1182 1108 αἰχμαλωσίᾳ
1228 1041 1509 1109 γινόμενοι,
1556 1038 1630 1088 ἔτι
1683 1038 1765 1087 ἐπὶ
1821 1042 1921 1085 τῶν

316 1134 560 1197 ποταμῶν
620 1124 916 1185 Βαϐυλῶνος
969 1126 1333 1197 καθεζόμεθαο
1390 1131 1479 1177 καὶ
1511 1121 1604 1177 διὰ
1642 1128 1700 1176 τὸ
1747 1126 1824 1175 ἔτι
1872 1121 1919 1173 ἐν

318 1214 566 1286 Αἰγύπτῳ
618 1216 757 1287 ἡμᾶς
808 1216 1153 1286 κατέχεσθαι,
1224 1218 1367 1266 οὔπω
1431 1214 1919 1289 ἐκληρονόμησαμεν

313 1308 405 1361 τὴν
461 1311 557 1374 γῆν
615 1302 941 1375 ἐπαγγελίας,
1001 1307 1094 1361 τὴν
1147 1304 1369 1377 ῥέουσαν
1424 1303 1559 1374 γάλα
1610 1308 1698 1354 καὶ
1780 1300 1916 1373 μέλι.

321 1392 480 1445 Οὖπω
526 1394 948 1467 συνεφυράθημεν
1003 1400 1063 1464 τῇ
1100 1392 1239 1464 ζύμῃ
1292 1402 1387 1452 τῆς
1426 1392 1764 1467 είλικρινείας,
1813 1388 1920 1440 ἀλλ’

319 1483 395 1533 ἔτι
442 1480 592 1553 ἐσμὲν
643 1480 690 1532 ἐν
742 1489 804 1553 τῇ
865 1490 960 1543 τῆς
1014 1487 1261 1555 πονηρίας
1318 1482 1481 1553 ζύμη.
1530 1483 1689 1533 Οὔπω
1746 1478 1918 1554 ἑρῥαν-

321 1574 477 1628 τίσθη
525 1574 669 1642 ἡμῶν
711 1572 738 1629 ἡ
781 1568 980 1644 καρδία
1009 1578 1080 1641 τῷ
1107 1572 1289 1643 αἰματι
1319 1578 1409 1623 τοῦ
1465 1578 1597 1623 Θεοῦ
1623 1591 1635 1603 ·
1688 1572 1763 1621 ἔτι
1817 1570 1919 1641 γὰρ

318 1663 376 1710 τό
408 1664 659 1733 πέταυρον
707 1666 798 1711 τοῦ
837 1656 993 1730 ᾅδου,
1020 1663 1110 1711 καὶ
1160 1662 1218 1712 τὸ
1262 1660 1548 1735 ἄγκιστρον
1593 1666 1686 1722 τῆς
1734 1663 1921 1720 κακίας

321 1747 647 1820 ἐμπέπηκται
672 1748 827 1820 αὐτῇ.

391 1872 461 1925 Δ¹.
515 1876 674 1925 Οὔπω
724 1872 1077 1945 ἀπειλήφαμεν
1108 1876 1196 1931 τήν
1251 1872 1557 1944 ἀγαλλίασιν
1606 1880 1698 1925 τοῦ
1752 1892 1921 1931 σωτη-

318 1966 435 2035 ρίου
479 1969 569 2014 τοῦ
618 1970 876 2034 Χριστοῦ.
934 1964 1009 2013 ἔτι
1037 1964 1137 2036 γὰρ
1190 1966 1248 2014 τὸ
1306 1966 1511 2034 κέντρον
1554 1970 1646 2014 τοῦ
1696 1963 1918 2014 θανάτου

318 2049 756 2124 ἐγκατερῥίζωται
785 2053 929 2122 ἡμῖν.
957 2054 1143 2103 Οὔπω
1183 2047 1628 2123 ἑνεδυσάμεθα
1656 2055 1760 2103 τόν
1791 2071 1920 2103 και-

318 2141 418 2189 νὸν
481 2140 829 2212 ἄνθρωπον,
894 2142 998 2190 τὸν
1064 2143 1225 2190 κατὰ
1271 2143 1421 2191 Θεὸν
1460 2142 1810 2192 κτισθέντα
1861 2139 1919 2190 ἐν

321 2229 649 2285 ὁσιότητι·
729 2225 955 2287 ἐπειδὴ
1025 2232 1193 2280 οὔπω
1269 2224 1741 2301 ἀπεδυσάμεθα
1814 2232 1919 2280 τόν

319 2316 590 2368 παλαιὸν
620 2318 976 2391 ἄνθρωπον,
1018 2320 1120 2368 τὸν
1148 2319 1569 2389 φθειρόμενον
1608 2321 1769 2371 κατά
1808 2320 1919 2378 τὰς

320 2406 670 2478 ἐπιθυμίας
751 2415 859 2466 τῆς
926 2405 1195 2467 ἀπάτης.
1276 2409 1462 2458 Οὔπω
1540 2412 1918 2480 φορέσαντες

319 2500 429 2553 τήν
469 2496 686 2548 εἰκόνα
740 2504 846 2548 τοῦ
921 2499 1330 2570 ἐπουρανίου,
1401 2499 1771 2571 σύμμορφοι
1808 2508 1917 2560 τῆς

323 2580 516 2646 δόξης
576 2584 773 2636 αὐτοῦ
829 2590 1202 2656 γεγόναμεν,
1268 2585 1458 2636 Οὔπω
1522 2593 1918 2659 προσεκυνή-

322 2692 518 2745 σαμεν
550 2673 606 2725 ἐν
642 2677 969 2746 Πνεῦματι
1007 2680 1116 2726 καὶ
1161 2673 1437 2747 ἀληθείᾳ
1493 2682 1646 2745 Θεῷ,
1690 2673 1803 2729 διὰ
1849 2681 1915 2730 τὸ

318 2758 687 2834 βασιλεύειν
753 2768 865 2822 τήν
905 2764 1228 2836 ἁμαρτίαν
1269 2762 1327 2814 ἐν
1366 2772 1447 2834 τῷ
1488 2765 1694 2835 θνητῷ
1735 2768 1916 2838 ἡμῶν

318 2858 587 2924 σώματι.
623 2856 782 2905 Οὔπω
813 2852 1138 2925 ἐθεασάμεθα
1169 2856 1262 2911 τήν
1296 2848 1453 2915 δόξαν
1485 2861 1575 2905 τοῦ
1607 2854 1873 2929 ἀφθάρτου
1896 2872 1912 2887 ο

314 2942 389 2992 ἔτι
422 2945 521 3014 γὰρ
547 2943 646 2994 ὑπὸ
686 2950 781 3001 τῆς
831 2947 1158 3015 σκοτομήνης
1188 2941 1547 3016 ἑνεργούμεθα.
1597 2948 1756 2996 Οὔπω
1814 2945 1914 2997 ἐνε-

315 3026 591 3102 δυσάμεθα
606 3034 671 3083 τὰ
692 3032 826 3084 ὃπλα
840 3040 931 3083 τοῦ
952 3036 1117 3104 φωτός
1133 3053 1145 3064 ο
1176 3028 1356 3089 ἐπειδὴ
1383 3035 1525 3083 οὔπω
1539 3030 1918 3106 ἀπεδυσάμεθα

311 3118 376 3170 τά
398 3128 488 3171 τοῦ
517 3126 732 3181 σκότους
763 3120 893 3173 ὃπλα
923 3140 976 3173 τε
1003 3126 1091 3172 καὶ
1122 3118 1270 3192 βέλη,
1294 3126 1383 3173 καὶ
1413 3124 1554 3195 ἔργα.
1587 3126 1745 3174 Οὔπω
1775 3143 1917 3195 μετε-

2027 585 2256 641 honore
2299 586 2500 651 creati,
2532 591 2588 641 et
2636 586 2695 641 in
2738 587 3022 657 paradiso
3062 587 3389 652 constituti,
3435 589 3681 644 tandem

2029 675 2359 745 comparati
2408 675 2597 729 simus
2644 691 2782 730 cum
2827 676 3241 746 insipientibus
3278 676 3588 747 jumentis,
3625 682 3683 733 et

2029 764 2264 819 illorum
2282 763 2503 818 similes
2520 764 2680 831 facti,
2702 770 2757 819 et
2770 764 3103 819 excidimus
3120 765 3197 819 ab
3210 766 3684 824 incontaminata

2030 853 2239 923 gloria,
2282 855 2449 920 scito,
2496 853 2657 924 quod
2690 869 2829 908 cum
2876 870 2980 924 per
3006 854 3475 910 inobedientiam
3527 856 3686 912 servi

2030 942 2414 997 affectionum
2446 942 2641 996 carnis
2660 941 2847 997 effecti
2875 959 3165 1008 essemus,
3191 944 3554 999 exclusimus
3576 960 3687 1001 nos

2029 1032 2194 1104 ipsos
2211 1048 2245 1086 a
2268 1031 2446 1087 beata
2466 1033 2707 1101 regione
2733 1032 3083 1094 viventium,
3113 1038 3170 1087 et
3195 1033 3254 1087 in
3275 1033 3685 1105 captivitatem

2028 1121 2270 1185 redacti,
2299 1121 2498 1175 adhuc
2522 1121 2695 1191 juxta
2726 1121 2979 1176 ﬂumina
3012 1121 3334 1193 Babylonis
3356 1122 3635 1178 sedemus
3670 1139 3685 1189 ;

2029 1218 2085 1266 et
2115 1225 2201 1275 eo,
2229 1209 2394 1280 quod
2421 1209 2621 1265 adhuc
2649 1210 2708 1265 in
2732 1211 2987 1281 Egypto
3019 1210 3375 1276 detinemur,
3407 1211 3681 1267 nondum

2029 1299 2403 1354 hmreditario
2429 1300 2562 1369 jure
2590 1299 2969 1369 possidemus
3000 1303 3220 1355 terram
3250 1300 3685 1371 promissionis,

2029 1388 2480 1443 ﬂuentemlacte
2514 1392 2570 1443 et
2595 1388 2785 1443 melle.
2818 1388 3096 1443 Nondum
3124 1389 3358 1444 subacti
3391 1405 3599 1445 sumus
3625 1390 3685 1445 in

2030 1476 2320 1534 fermento
2355 1478 2729 1542 sinceritatis,
2768 1477 2871 1532 sed
2902 1477 3099 1533 adhuc
3130 1478 3189 1532 in
3230 1477 3520 1534 fermento
3561 1495 3684 1535 ma-

2029 1567 2164 1623 litim
2191 1567 2487 1639 degimus.
2518 1568 2793 1622 Nondum
2821 1572 2910 1622 est
2930 1582 3244 1638 aspersum
3278 1584 3380 1623 cor
3409 1574 3682 1625 nostrum

2029 1658 2319 1728 sanguine
2363 1655 2479 1722 Dei,
2509 1657 2708 1712 adhuc
2736 1656 2897 1712 enim
2937 1656 3191 1729 laqueus
3224 1656 3461 1727 inferni,
3492 1667 3548 1713 et
3581 1659 3685 1715 ha-

2030 1762 2165 1802 mus
2198 1746 2442 1801 malitia
2464 1745 2544 1801 illi
2585 1745 2805 1801 inﬁxus
2846 1751 2951 1800 est.

2100 1871 2192 1925 1V.
2249 1870 2525 1926 Nondum
2586 1869 2932 1941 accepimus
2985 1870 3446 1927 exsultationem
3505 1888 3686 1944 super

2031 1959 2217 2016 salute
2244 1959 2475 2024 Christi,
2508 1958 2707 2013 adhuc
2737 1959 2894 2013 enim
2941 1961 3183 2013 aculeus
3218 1961 3421 2015 mortis
3452 1961 3684 2016 radices

2028 2050 2088 2104 in
2122 2048 2295 2103 nobis
2335 2048 2550 2103 inﬁxas
2581 2047 2781 2102 habet.
2824 2048 3104 2103 Nondum
3134 2048 3438 2105 induimus
3469 2066 3686 2106 novum

2030 2137 2343 2201 hominem,
2369 2136 2471 2208 qui
2491 2136 2814 2191 secundum
2831 2137 3017 2192 Deum
3040 2144 3273 2193 creatus
3287 2144 3370 2194 est
3391 2141 3450 2193 in
3463 2139 3689 2194 sancti-

2030 2231 2147 2281 tate
2165 2244 2185 2279 .·
2210 2227 2353 2296 quia
2374 2225 2639 2279 nondum
2665 2225 2935 2280 exuimus
2970 2232 3215 2281 veterem
3241 2227 3557 2292 hominem,
3580 2228 3687 2298 qui

2024 2315 2179 2385 perit
2192 2314 2513 2370 secundum
2528 2314 2817 2369 desideria
2829 2314 3071 2383 fraudis
3085 2315 3436 2371 ".Nondum
3450 2325 3686 2385 gestan-

2030 2411 2110 2459 tes
2132 2404 2449 2474 imaginem
2474 2404 2741 2465 caelestis,
2764 2404 3096 2471 con/"armes
3122 2400 3518 2473 gloriaviltius
3530 2405 3687 2472 facti

2031 2508 2249 2549 sumus.
2282 2492 2561 2547 Nondum
2588 2492 2973 2547 adoravimus
3008 2493 3071 2547 in
3096 2493 3331 2562 Spiritu
3360 2500 3413 2549 et
3439 2494 3688 2551 veritate

2033 2584 2233 2647 Deum,
2275 2596 2340 2637 eo
2377 2582 2537 2651 quod
2581 2581 2920 2637 dominetur
2969 2589 3278 2650 peccatum
3333 2585 3396 2637 in
3440 2584 3688 2638 mortali

2026 2677 2229 2727 nostro
2247 2671 2597 2741 corpore’”.
2623 2671 2900 2726 Nondum
2922 2670 3312 2742 contemplati
3336 2688 3543 2727 sumus
3565 2672 3689 2742 glo-

2025 2762 2179 2816 riam
2206 2762 2256 2832 ej
2271 2778 2338 2815 us
2382 2761 2485 2833 qui
2518 2759 2985 2831 incorruptibilis
3018 2765 3139 2815 est:
3173 2761 3372 2815 adhuc
3397 2762 3555 2816 enim
3603 2760 3681 2817 ab

2027 2850 2193 2906 illuni
2247 2856 2417 2905 nocte
2464 2849 2782 2919 agitamur.
2840 2849 3117 2904 Nondum
3163 2849 3472 2905 induimus
3515 2866 3686 2907 arma

2026 2938 2208 3005 lucis;
2241 2940 2386 3011 quia
2416 2939 2687 2993 nondum
2729 2937 3004 2993 exuimus
3036 2954 3227 3002 arma,
3262 2938 3377 2995 tela
3416 2945 3473 2994 et
3501 2954 3688 3011 opera

2028 3029 2429 3084 tenebrarum.
2496 3026 2773 3083 Nondum
2842 3026 3251 3082 transformati
3311 3044 3521 3083 sumus
3581 3044 3689 3099 per

2028 3117 2244 3173 mentis
2284 3117 2728 3172 renovationem
2760 3130 2771 3168 :
2805 3115 3003 3171 adhuc
3044 3115 3204 3171 enim
3236 3116 3689 3187 conﬁguramur

312 3211 650 3280 μορφωθημεν
694 3218 756 3280 τῇ
810 3210 1132 3260 ἀνακαινίσει
1160 3216 1249 3261 τοῦ
1296 3212 1424 3268 νοός.
1462 3208 1579 3261 Ἔτι
1621 3214 1722 3286 γὰρ
1779 3231 1913 3264 συσ-

2028 3206 2165 3260 huic
2195 3205 2414 3260 saeculo
2445 3221 2550 3275 per
2582 3204 2794 3259 mentis
2849 3205 3198 3259 vanitatem.
3230 3206 3513 3261 Nondam
3554 3221 3687 3261 cum

310 3298 721 3368 χηματιζόμεθα
743 3305 815 3366 τῷ
856 3298 1003 3349 αἰῶνι
1032 3300 1198 3367 τούτῳ
1238 3296 1285 3348 ἐν
1320 3305 1382 3369 τῇ
1427 3305 1517 3349 τοῦ
1548 3303 1662 3361 νοὸς
1698 3305 1917 3372 ματαιό-

313 3388 658 3441 τητι.Οὔπω
685 3393 946 3458 Χριστῷ
977 3382 1571 3457 συνεδοξάσθημεν,
1602 3384 1713 3440 διὰ
1737 3392 1803 3441 τὸ
1833 3394 1912 3460 μή

316 3476 682 3543 συμπαθεῖν
740 3476 900 3545 ἡμᾶς
957 3475 1149 3545 αὐτῷ.
1200 3478 1368 3528 Οὔπω
1425 3478 1498 3528 τά
1551 3482 1916 3549 στίγματαν

313 3562 511 3615 αὐτοῦ
542 3562 599 3614 ἐν
639 3571 720 3634 τῷ
762 3569 1014 3634 σώματι
1051 3565 1223 3635 ἡμῶν
1260 3569 1549 3637 φέρομεν,
1583 3567 1913 3639 γινόμενοιέν

309 3659 381 3721 τῷ
410 3656 689 3727 μυστηρίῳ
723 3660 815 3704 τοῦ
874 3660 1103 3728 σταυροῦ
1160 3661 1252 3705 τοῦ
1284 3662 1541 3728 Χριστοῦ.
1574 3654 1690 3708 Ἔτι
1720 3658 1820 3728 γὰρ
1863 3659 1913 3708 ἐν

307 3747 417 3802 τοῖς
456 3749 727 3815 σαρκικοῖς
766 3744 1043 3814 παθήμασι
1092 3748 1183 3795 καὶ
1241 3751 1356 3805 ταῖς
1395 3743 1697 3816 ἐπιθυμίαις
1738 3745 1908 3818 ἐσμέν.

306 3834 466 3883 Οὔπω
525 3840 685 3887 Θεοῦ
751 3832 1149 3908 κληρονόμοι
1209 3838 1319 3886 καὶ
1384 3836 1912 3909 συγκληρονόμοι

304 3926 594 3992 Χριστοῦ
631 3927 984 3995 γεγόναμεν
1010 3941 1022 3953 °
1058 3923 1138 3975 ὃτι
1166 3925 1267 3996 γάρ
1299 3932 1501 3996 πνεῦμα
1531 3921 1769 3985 δουλείας
1799 3924 1913 3976 ἐνυ-

305 4012 525 4083 πάρχει,
556 4018 645 4064 καὶ
670 4013 776 4082 οὔχ
797 4015 1062 4074 υἱοθεσίας
1089 4032 1102 4044 ·
1150 4016 1294 4065 οὔπω
1347 4020 1700 4086 γεγόναμεν
1762 4018 1912 4075 ναὸς

307 4102 482 4166 Θεοῦ,
559 4105 667 4152 καὶ
750 4101 1139 4172 οἰκητήριον

308 4187 383 4236 ἔτι
423 4188 523 4259 γάρ
554 4185 703 4258 ἔσμεν
728 4192 845 4248 ναός
893 4185 1140 4255 εἰδώλων,
1196 4194 1286 4241 καὶ
1348 4186 1563 4261 δοχεῖον
1614 4193 1913 4261 πνευμάτων

306 4278 579 4345 πονηρίας,
606 4272 700 4327 διὰ
729 4281 823 4335 τήν
854 4279 938 4329 ἐπὶ
968 4280 1034 4329 τὰ
1062 4280 1205 4335 πάθη
1234 4278 1418 4352 ὁρμήν.

1233 4105 1601 4173 Ιινεύματος
1672 4102 1859 4173 ἀγίου
1896 4120 1907 4132 ·

380 4398 451 4453 Ε’.
514 4398 713 4461 Ὀντως
776 4404 876 4473 γάρ
934 4405 1078 4454 οὔπω
1126 4409 1219 4454 τοῦ
1282 4405 1476 4475 τρόπου
1531 4403 1588 4452 τὸ
1649 4404 1908 4474 ἀκέραιον,

305 4494 395 4541 καὶ
421 4494 514 4547 τήν
554 4498 650 4550 τῆς
681 4487 914 4551 διανοίας
956 4491 1301 4565 λαμπρότητα
1335 4490 1687 4563 ἐκτησάμεθα.
1752 4494 1912 4543 Οὔπω

306 4579 703 4651 κατηξιώθημεν
752 4588 843 4632 τοῦ
889 4576 1082 4633 ἀδόλου
1112 4586 1202 4633 καὶ
1252 4580 1465 4651 λογικοῦ
1509 4579 1790 4652 γάλακτος,
1822 4586 1911 4633 καὶ

307 4675 399 4729 τῆς
426 4676 615 4730 νοητῆς
676 4668 964 4732 αὐξήσεως.
1022 4673 1181 4723 Οὔπω
1230 4671 1355 4742 ἡμῖν
1387 4671 1558 4742 ἡμέρα
1597 4666 1907 4741 διηῦγασεν,

301 4764 415 4809 οὔτε
438 4757 694 4831 ἑωσφόρος
738 4758 785 4810 ἐν
812 4768 926 4821 ταῖς
975 4757 1220 4832 καρδίαις
1250 4761 1395 4831 ἡμῶν
1424 4757 1687 4812 ἀνέτειλεν.
1749 4762 1910 4811 Οὔπω

302 4849 686 4919 συνεκράθημεν
720 4855 793 4918 τῷ
842 4850 969 4920 ἡλίῳ
1026 4857 1118 4911 τῆς
1172 4847 1535 4911 δικαιοσύνης,
1590 4850 1735 4900 οὔπω
1793 4856 1907 4910 ταῖς

302 4933 463 4985 αὐτοῦ
522 4936 963 5009 συνηστράψαμεν
1025 4937 1253 4990 ἀκτῖσιν.
1342 4941 1500 4990 Οὔπω
1556 4936 1906 5009 ἀπειλήφαμεν

300 5027 396 5081 τήν
453 5030 544 5075 τοῦ
596 5028 789 5096 Κυρίου
840 5025 1111 5095 ὁμοίωσιν,
1160 5030 1302 5078 οὔτε
1370 5030 1727 5099 γεγόναμεν
1792 5034 1906 5088 τῆς

302 5114 481 5174 θείας
537 5115 784 5185 φύσεως
838 5120 1156 5166 κοινωνοί.
1191 5118 1351 5168 Οὔπω
1380 5120 1661 5188 γεγόναμεν
1719 5111 1904 5176 ἄδολος

298 5205 541 5278 πορφύρα
616 5201 894 5275 βασιλική,
964 5206 1079 5256 οὔτε
1150 5203 1423 5266 ἀνόθευτος

298 5296 459 5344 Οὔπω
516 5292 811 5367 ἐτρώθημεν
884 5300 955 5344 τῶ
1011 5295 1127 5364 θείῳ
1201 5296 1367 5367 ἔρωτι,
1429 5297 1542 5346 οὔτε
1605 5294 1901 5365 ἐπλήγημεν

1503 5206 1651 5257 εἰκὼν
1732 5207 1874 5264 θεῑκή
1885 5247 1899 5261 .

299 5383 399 5433 ὑπὸ
455 5390 551 5444 τῆς
592 5390 949 5453 πνευματικῆς
1020 5380 1230 5453 ἀγάπης
1278 5390 1370 5435 τοῦ
1418 5388 1678 5455 Νυμφίου.
1740 5386 1900 5435 Οὔπω

296 5474 391 5529 την
448 5472 711 5546 ἄφραστον
781 5475 1049 5524 κοινωνίαν
1107 5470 1477 5545 ἐγνωρίσαμεν,
1546 5475 1662 5525 οὔτε
1718 5476 1807 5529 τήν
1851 5472 1899 5524 ἐν

300 5558 548 5632 ἁγιασμῷ
603 5558 824 5633 δύναμιν
886 5567 975 5613 καὶ
1033 5562 1239 5634 εἰρήνην
1292 5560 1596 5634 ίπέγνωμεν.
1667 5566 1768 5615 Καὶ
1816 5560 1900 5613 ἳνα

374 5685 423 5719 ³³
464 5684 680 5756 Ephes.
713 5702 791 5752 1v,
838 5685 1023 5755 24,22.

299 5756 347 5791 ³⁵
378 5755 562 5813 Galat.
588 5772 666 5823 vn,
699 5757 787 5814 17.
872 5758 944 5793 ³⁵”
975 5760 1143 5815 Rom.
1176 5773 1295 5826 vm,
1324 5758 1414 5817 17.

1101 5687 1169 5721 *δ’
1196 5686 1215 5741 Ι
1246 5687 1373 5743 Cor.
1433 5702 1533 5751 xv,
1557 5688 1649 5741 49.
1679 5687 1846 5741 Rom.
1879 5699 1913 5739 v

1101 5774 1143 5813 1.
1176 5773 1295 5813 vm.
1324 5758 1414 5813 17.
1493 5759 1541 5794 ³⁸
1573 5760 1589 5813 l
1618 5758 1746 5813 Cor.
1778 5771 1860 5813 ιιι.
1892 5757 1913 5812 1

2031 5686 2131 5749 29;
2163 5682 2335 5738 Joan.
2366 5696 2447 5749 1v,
2469 5680 2536 5734 24
2565 5698 2583 5752 ;
2616 5681 2785 5737 Rom.
2820 5694 2900 5745 v1,
2953 5680 3041 5732 22.

2059 5754 2132 5790 ³⁸⁸
2162 5754 2209 5808 ΙΙ
2238 5756 2382 5810 Petr.
2417 5757 2457 5813 ι,
2484 5754 2537 5809 4.

1659 5771 1746 5813 or.
1778 5771 1860 5822 ιιι,
1892 5771 1979 5812 ιο.

2027 3292 2258 3349 Christo
2271 3293 2975 3363 gloriﬁcatisumus;quia
2992 3308 3108 3348 non
3124 3295 3523 3363 compatimur
3537 3296 3687 3350 illi“

2021 3383 2307 3438 Nondum
2350 3382 2630 3451 stigmata
2658 3382 2826 3437 illius
2853 3381 2917 3435 in
2962 3397 3209 3450 corpore
3249 3389 3454 3438 nostra
3496 3390 3688 3453 gesta-

2024 3488 2153 3528 mus
2175 3473 2244 3540 ³⁵,
2287 3478 2591 3527 versantes
2631 3471 2691 3525 in
2736 3471 3017 3541 mysterio
3048 3473 3240 3526 crucis
3289 3473 3540 3528 Christi:
3588 3472 3690 3528 ad-

2024 3562 2141 3618 huc
2170 3561 2329 3616 enim
2363 3559 2705 3615 carnalibus
2732 3559 3149 3615 affectionibus
3179 3566 3235 3615 et
3261 3563 3691 3632 concupiscen-

2023 3651 2117 3706 tiis
2139 3650 2384 3706 obnoxii
2418 3665 2647 3704 sumus.
2675 3650 2950 3705 Nondum
2981 3650 3093 3705 Dei
3121 3649 3402 3719 haeredes,
3429 3657 3483 3707 et
3505 3652 3688 3708 cohae-

2022 3741 2187 3797 redes
2216 3738 2442 3796 Christi
2456 3738 2611 3809 facti
2633 3740 2922 3794 sumus's'
2947 3755 2959 3792 :
2985 3739 3228 3809 spiritus
3250 3741 3411 3796 enim
3442 3740 3691 3796 servitu-

2022 3830 2098 3884 tis
2153 3831 2213 3886 in
2271 3830 2443 3884 nobis
2510 3829 2710 3885 adhuc
2755 3830 3002 3897 exsistit,
3049 3834 3104 3884 et
3154 3844 3274 3884 non
3320 3830 3683 3901 adoptionis.

2022 3920 2299 3975 Nondum
2348 3919 2485 3975 facti
2537 3934 2740 3974 sumus
2781 3920 3068 3988 templum
3110 3919 3374 3988 Spiritus
3402 3920 3683 3985 sancti",

2024 4025 2234 4063 sumus
2284 4009 2441 4063 enim
2490 4008 2689 4063 adhuc
2742 4007 3031 4079 templum
3076 4008 3397 4074 idolorum,
3426 4013 3483 4063 et
3522 4024 3687 4064 rece-

2022 4096 2330 4168 ptaculum
2355 4097 2671 4167 spirituum
2697 4096 2959 4160 malitias,
2984 4102 3227 4167 propter
3248 4097 3539 4167 impetum
3558 4097 3686 4153 ani-

2024 4201 2140 4241 mas
2172 4184 2250 4240 ad
2282 4183 2647 4240 affectiones.

2097 4400 2159 4454 V.
2219 4401 2442 4454 Revera
2496 4398 2656 4453 enim
2724 4413 2962 4453 morum
3014 4396 3481 4469 simplicitatem,
3550 4398 3680 4454 ani-

2021 4489 2226 4561 mique
2254 4488 2446 4543 lucem
2481 4487 2751 4542 nondum
2785 4487 3087 4542 consecuti
3120 4503 3353 4541 sumus.
3403 4490 3681 4543 Nondum

2022 4577 2185 4647 digni
2213 4593 2422 4633 sumus
2453 4576 2638 4632 habiti
2666 4576 2897 4630 sincero
2923 4579 2978 4630 et
3006 4575 3386 4630 intellectuali
3424 4576 3595 4642 lacte,
3624 4582 3681 4633 et

2021 4666 2352 4722 intellectus
2437 4665 2824 4720 incremento.
2895 4663 3170 4720 Nondum
3241 4663 3430 4720 illuxit
3501 4665 3678 4722 nobis

2019 4755 2166 4822 dies,
2198 4771 2394 4827 neque
2433 4754 2641 4809 lucifer
2668 4754 2728 4808 in
2774 4753 3059 4808 cordibus
3103 4754 3319 4808 nostris
3350 4758 3516 4809 ortus
3568 4758 3676 4810 est.

2019 4845 2295 4901 Nondum
2327 4843 2595 4916 permisti
2627 4858 2839 4897 sumus
2875 4841 3005 4898 Sole
3032 4841 3298 4912 justitim,
3343 4858 3452 4897 nec
3478 4842 3677 4899 adhuc

2016 4934 2171 4990 illius
2199 4934 2381 4989 radiis
2410 4933 2727 5003 fulgemus.
2759 4931 3036 4987 Nondum
3065 4932 3408 5002 accepimus
3442 4933 3672 4988 Domini

2016 5024 2489 5087 similitudinem,
2523 5038 2630 5077 nec
2658 5020 2982 5091 participes
3015 5020 3234 5076 divinae
3264 5025 3500 5078 natura
3518 5022 3673 5091 facti

2013 5114 2320 5169 sumus‘".
2366 5111 2643 5167 Nondum
2683 5108 2825 5165 facti
2865 5126 3076 5164 sumus
3122 5109 3357 5166 sincera
3407 5127 3674 5182 purpura

2012 5204 2194 5273 regia,
2237 5217 2346 5257 nec
2394 5199 2657 5270 genuina
2688 5198 2889 5269 imago
2935 5199 3053 5253 Dei.
3102 5200 3377 5254 Nondum
3423 5200 3673 5256 sauciati

2013 5309 2223 5347 sumus
2262 5305 2466 5345 amore
2495 5288 2722 5351 divino,
2764 5303 2873 5342 nec
2904 5288 3170 5359 percussi
3207 5287 3501 5359 spirituali
3533 5289 3669 5345 cha-

2010 5383 2180 5437 ritate
2248 5379 2482 5450 Sponsi.
2560 5376 2837 5432 Nondum
2889 5375 3258 5432 ineffabilem
3324 5378 3667 5434 societatem

2011 5469 2424 5539 cognovimus,
2474 5481 2667 5538 neque
2693 5466 2808 5521 vim
2839 5470 2893 5519 et
2932 5480 3167 5535 pacem,
3201 5482 3337 5538 quas
3366 5467 3424 5520 in
3457 5466 3668 5521 sancti-

2010 5559 2284 5615 ﬁcatione
2328 5562 2435 5623 est,
2492 5556 2905 5625 cognovimus.
2940 5556 3006 5609 Et
3062 5560 3123 5610 ut
3163 5555 3419 5611 breviter
3462 5554 3671 5609 omnia

3120 5676 3168 5711 ³⁸
3218 5678 3390 5732 Rom.
3422 5688 3542 5740 vm,
3579 5677 3663 5732 l7.

2059 5754 2132 5790 3"
2162 5754 2209 5808 II
2238 5756 2382 5810 Petr.
2417 5757 2457 5819 l,
2484 5754 2537 5809 4.
