4148 6262
554 286 655 341 671

1839 280 1901 337 S.
1944 274 2245 335 MACARII
2289 276 2598 337 EGYPTII

3800 285 3923 342 672

546 412 947 483 complectens
969 412 1187 477 dicam,
1204 409 1477 465 nondum
1499 423 1706 463 sumus
1722 421 1907 478 genus
1924 406 2184 473 electum,

2310 408 2530 458 συνελὼν
2560 409 2730 460 πάντα
2754 410 2900 471 εῖπω,
2929 409 3073 459 οὔπω
3103 405 3287 480 έσμὶν
3346 411 3528 479 γένος
3591 407 3912 477 έκλεκτὸν,

547 504 750 571 regale
761 502 1151 558 sacerdotium
1176 516 1320 571 gens
1346 505 1576 563 sancta,
1590 498 1868 566 populus,
1886 494 2199 566 quiacqui—

546 597 645 646 rat
656 592 1073 659 possessionem
1092 591 1214 650 3'3“:
1245 589 1385 661 quia
1399 588 1597 644 adhuc
1610 602 1810 643 sumus
1821 590 2115 655 serpentes
2127 598 2198 639 ac

543 680 852 750 progenies
889 680 1232 749 viperarum
1247 680 1313 732 ³⁷.

615 803 710 857 Vl.
761 805 888 868 Quo
934 808 1110 874 pacto
1148 818 1289 857 vero
1320 817 1443 857 non
1482 804 1785 871 serpentes
1819 813 2047 862 sumus,
2092 796 2195 867 qui

545 895 603 949 in
644 893 982 949 obedientia
1011 892 1109 946 Dei
1140 892 1410 947 necdum
1442 891 1688 963 quidem
1707 888 2056 961 reperimur,
2089 885 2192 941 sed

547 984 748 1038 adhuc
796 984 852 1037 in
904 982 1308 1037 inobedientia
1358 996 1462 1052 per
1501 986 1834 1051 serpentem
1881 977 2129 1032 inducta
2166 974 2194 1029 εἰ

545 1074 920 1143 Quapropter
949 1087 1070 1143 quo
1102 1076 1278 1141 pacto
1309 1069 1450 1125 satis
1481 1069 1660 1138 digne
1685 1067 1924 1138 lugeam
1951 1065 2193 1121 calami-

540 1168 750 1226 tatem,
782 1177 904 1216 non
931 1160 1189 1224 invenio,
1221 1164 1278 1215 et
1307 1175 1428 1231 quo
1460 1165 1636 1230 pacto
1675 1156 1957 1227 lacrymis
1988 1154 2191 1209 effusis

541 1251 800 1306 clamare
836 1250 1090 1305 debeam
1136 1249 1210 1304 ad
1253 1264 1413 1317 eum,
1461 1248 1565 1320 qui
1601 1251 1797 1319 potest
1827 1260 2083 1299 errorem
2130 1242 2189 1297 in

542 1357 637 1395 me
677 1340 1051 1394 habitantem
1091 1339 1207 1409 93
1256 1338 1519 1406 abigere,
1555 1336 1812 1405 ignoro?
1843 1336 1971 1399 Quo
2012 1338 2189 1404 pacto

540 1444 678 1483 vero
723 1428 980 1483 cantabo
1027 1430 1322 1482 canticum
1376 1424 1607 1479 Domini
1640 1426 1698 1479 in
1737 1430 1890 1479 terra
1939 1421 2189 1477 aliena?

538 1517 667 1582 Quo
698 1522 872 1588 pacto
903 1516 1119 1584 lugebo
1144 1514 1471 1570 Jerusalem
1490 1514 1519 1566 ‘2
1545 1515 1672 1578 Quo
1695 1518 1871 1584 pacto
1903 1510 2189 1579 effugiam

537 1603 753 1658 duram
804 1604 1142 1658 servitutem
1185 1602 1507 1657 Pharaonis
1544 1602 1574 1653 ?
1620 1602 1746 1666 Quo
1791 1603 1969 1671 pacto
2018 1598 2191 1653 relin-

536 1708 721 1764 quam
753 1694 1083 1747 obscenum
1110 1691 1480 1746 incolatum?
1510 1691 1639 1755 Quo
1666 1694 1841 1761 pacto
1870 1687 2189 1759 abnegabo

2308 494 2646 568 βασίλειον
2706 499 3070 571 ἱεράτευμα,
3126 499 3296 558 ἔθνος
3361 500 3570 570 ἅγιον,
3636 498 3785 560 λαός
3826 499 3921 559 εἰς

2304 590 2770 658 περιποίησιν·
2860 583 3086 645 ἰπειδὴ
3158 582 3225 639 δὲ
3309 589 3399 640 in
3459 590 3646 661 ἆσμεν
3712 591 3913 661 ὄφεις,

2303 680 2667 749 γεννήματα
2696 672 2999 748 ἐχιδνῶν.

2376 800 2447 864 ς’·
2512 808 2629 861 Πῶς
2685 797 2745 854 δι
2805 801 2898 853 οὐκ
2929 804 3087 873 ὄφεις,
3120 802 3168 853 οἰ
3224 804 3295 871 μὴ
3340 800 3389 853 iv
3444 807 3506 873 τῇ
3562 802 3763 874 ὑπακοῇ
3815 808 3917 853 τοῦ

2303 898 2437 943 Θεοῦ
2478 892 2854 963 εὑρισκόμενοι,
2906 890 3013 942 ἀλλ’
3064 889 3112 942 iv
3167 898 3229 963 τῇ
3281 887 3374 943 διὰ
3418 897 3510 943 τοῦ
3562 896 3719 964 ὄφεως
3767 910 3920 962 γενο-

2300 984 2423 1052 μένη
2484 989 2771 1053 παρακοῇς
2825 980 2909 1032 ἐπὶ
2965 982 3169 1040 τούτοις
3215 984 3405 1044 τοίνυν,
3455 988 3559 1041 πῶς
3600 982 3690 1051 μεν
3746 978 3915 1043 ἀξίως

2301 1066 2575 1144 ὀδύρωμαι
2622 1074 2717 1128 τὴν
2765 1071 3055 1142 συμφορὰν,
3107 1069 3212 1141 οὐχ
3261 1070 3506 1142 εὑρίσκω.
3556 1076 3666 1130 Πῶς
3714 1065 3773 1122 δι
3824 1068 3920 1120 έκ-

2300 1156 2499 1220 ϐοήσας
2554 1155 2803 1231 δακρύσω
2852 1161 2978 1231 πρὸς
3034 1161 3120 1209 τὸν
3180 1153 3462 1229 δυνάμενον
3520 1156 3754 1220 ἐξελάσαι
3806 1162 3910 1215 τὴν

2299 1259 2348 1309 έν
2378 1245 2490 1318 ἐμοὶ
2542 1247 2884 1319 αύλιζομένην
2914 1247 3105 1304 πλάνην
3138 1244 3306 1317 ἀγνοῶ
3336 1263 3347 1275 ⁸
3385 1253 3498 1307 Πῶς
3546 1243 3607 1299 δὲ
3638 1248 3752 1317 ᾇσω
3809 1251 3910 1306 τὴν

2300 1333 2442 1406 ᾠδὴν
2490 1341 2682 1409 Κυρίου
2730 1336 2814 1388 ἐπὶ
2859 1344 2961 1407 γῆς
3013 1335 3315 1410 ἀλλοτρίας
3351 1342 3461 1396 Πῶς
3516 1338 3759 1409 θρηνήσω
3810 1341 3911 1394 τὴν

2296 1425 2681 1500 Ἱερουσαλήμ;
2741 1432 2855 1487 Πῶς
2901 1424 3151 1497 ἁποφύγω
3197 1430 3287 1483 τὴν
3332 1426 3609 1500 μοχθηρὰν
3664 1422 3908 1478 δουλείαν

2298 1522 2389 1567 τοῦ
2419 1522 2642 1589 diapente};
2689 1522 2805 1577 Πῶς
2851 1514 3120 1566 καταλίπω
3167 1519 3261 1573 τὴν
3307 1514 3541 1587 αἰσχρὰν
3582 1522 3905 1590 παροικίαν;

2300 1609 2415 1665 Πῶς
2456 1604 2765 1678 ἁρνήσωμαι
2811 1609 2904 1663 τὴν
2930 1606 3120 1676 πικρὰν
3167 1600 3491 1676 τυραννίδα;
3547 1612 3654 1667 πῶς
3710 1604 3902 1667 ἐξέλθω

2297 1692 2350 1745 ἐκ
2396 1702 2496 1764 γῆς
2551 1695 2859 1765 Αἰγύπτου;
2917 1700 3033 1755 Πῶς
3092 1696 3303 1769 περάσω
3358 1698 3449 1751 τήν
3507 1695 3758 1766 Ἐρυθρὰν
3813 1696 3908 1747 θά-

534 1782 726 1837 diram
772 1780 1201 1852 tyrannidem?
1246 1782 1373 1845 Quo
1426 1786 1603 1851 pacto
1644 1778 1977 1847 egrediare.
2033 1783 2184 1832 terra

2296 1782 2534 1852 λασσαν;
2594 1764 2709 1843 Πῶς
2768 1782 3004 1856 παρέλθω
3062 1764 3164 1840 τὴν,
3205 1782 3434 1854 μεγάλην
3487 1764 3718 1855 ἕρημονς
3779 1790 3903 1847 Πῶς

537 1870 775 1942 Αῐςγρῑὶ
797 1869 825 1924 ?
856 1871 983 1935 Quo
1010 1877 1186 1941 pacto
1223 1869 1488 1925 transibo
1522 1868 1787 1923 Rubrum
1824 1864 2029 1922 mare?
2058 1865 2188 1933 Quo

534 1966 707 2029 pacto
731 1958 1066 2030 peragrabo
1097 1959 1308 2028 ingens
1331 1958 1630 2013 desertum
1652 1955 1680 2011 ?
1705 1958 1833 2022 Quo
1858 1960 2035 2028 pacto
2064 1971 2187 2011 non

534 2063 793 2119 peream.
832 2064 1072 2103 morsus
1090 2064 1124 2102 a
1148 2046 1566 2118 serpentibus?
1589 2048 1717 2112 Quo
1749 2051 1924 2117 pacto
1946 2045 2185 2100 vincam

535 2137 905 2208 alienigenas
924 2138 953 2189 ?
975 2138 1100 2202 Quo
1132 2142 1307 2208 pacto
1330 2135 1540 2191 delebo
1559 2142 1763 2205 gentes
1780 2134 1942 2205 apud
1963 2150 2055 2189 me
2077 2133 2187 2189 ha-

532 2224 837 2281 bitantes?
879 2227 1006 2291 Quo
1066 2234 1239 2296 pacto
1284 2225 1610 2296 suscipiam
1654 2224 1713 2278 in
1771 2222 1987 2278 talibus
2038 2223 2182 2277 meis

533 2315 773 2387 eloquia
816 2315 1033 2369 divinae
1064 2315 1255 2385 legis?
1293 2316 1421 2379 Quo
1461 2320 1636 2384 pacto
1667 2312 1942 2367 intuebor
1982 2327 2183 2367 veram

532 2404 877 2460 columnam
920 2403 1069 2458 lucis
1097 2420 1166 2457 ac
1192 2403 1373 2458 nubis
1413 2420 1448 2458 a
1481 2403 1695 2471 Spiritu
1744 2408 1951 2457 sancto
1988 2400 2182 2472 profe-

532 2499 640 2549 ctae
662 2492 689 2545 ?
718 2496 843 2557 Quo
876 2499 1049 2563 pacto
1078 2508 1283 2546 vescar
1316 2508 1538 2546 manna
1568 2497 1926 2546 internarum
1948 2490 2184 2545 deiicia-

530 2582 711 2637 rum?
739 2580 867 2648 Quo
901 2586 1073 2651 pacto
1104 2580 1307 2635 bibam
1339 2597 1563 2652 aquam
1591 2597 1658 2635 ex
1693 2587 1860 2650 petra
1894 2577 2128 2633 viviﬁca
2156 2577 2184 2633 ?

532 2673 658 2735 Quo
702 2675 875 2741 pacto
919 2671 1269 2724 transmisso
1306 2669 1566 2724 Jordane
1612 2668 1913 2739 ingrediar
1950 2668 2181 2723 bonum

532 2763 749 2814 terram
771 2756 1229 2828 promissionis?
1259 2759 1383 2823 Quo
1411 2764 1584 2829 pacto
1612 2757 1825 2813 videbo
1844 2756 2178 2829 principem

528 2848 813 2904 exercitus
846 2846 1099 2911 Domini,
1131 2863 1312 2918 quem
1349 2847 1785 2918 contemplatus
1816 2849 1981 2902 Jesus
2020 2845 2179 2901 ﬁlius

528 2939 709 3001 Nave,
736 2935 795 2991 in
819 2952 1016 3006 genua
1046 2935 1395 3007 provolutus
1413 2936 1699 2991 continuo
1719 2935 2038 2992 adoravit?

600 3043 710 3097 VII.
743 3043 863 3098 Nisi
890 3044 1046 3098 enim
1077 3044 1135 3098 in
1168 3044 1261 3099 his
1297 3044 1580 3099 omnibus
1607 3048 1875 3099 versatus
1904 3042 2176 3098 delevero

2295 1877 2365 1943 μὴ
2397 1872 2669 1943 ἀπόλωμαι
2706 1867 2928 1943 δηχθεὶς
2978 1872 3078 1922 ὑπὸ
3114 1879 3211 1922 τῶν
3269 1874 3469 1942 ὄφεων;
3525 1877 3639 1933 Πῶς
3693 1877 3901 1929 νικήσω

2294 1965 2413 2023 τοὺς
2454 1960 2799 2033 ἀλλοφύλους;
2834 1967 2950 2023 Πῶς
2997 1959 3345 2033 ἐξολοθρεύσω
3374 1963 3441 2013 τὰ
3487 1963 3535 2013 iv
3562 1960 3677 2033 έμοὶ
3734 1963 3897 2019 ἔθνηῖ

2295 2057 2413 2112 Πῶς
2439 2047 2671 2123 δέξωμαι
2718 2050 2768 2102 ἐν
2799 2058 2910 2110 ταῖς
2961 2048 3104 2121 ἐμαῖς
3128 2049 3284 2112 πλαξὶ
3311 2052 3376 2101 τὰ
3429 2049 3583 2120 λόγια
3610 2057 3701 2102 τοῦ
3757 2051 3900 2103 θείου

2292 2145 2488 2211 νόμου;
2524 2147 2639 2201 Πῶς
2691 2139 2889 2211 ὄψομαι
2943 2143 3030 2191 τόν
3060 2140 3302 2197 ἀληθινὸν
3353 2138 3537 2192 στύλον
3562 2147 3654 2192 τοῦ
3704 2144 3898 2212 φωτός,

2292 2235 2381 2280 καὶ
2417 2239 2511 2292 τῆς
2555 2229 2608 2280 ἐκ
2648 2237 2739 2281 τοῦ
2783 2227 2937 2301 ἁγίου
2976 2231 3269 2301 Πνεύματος
3312 2228 3557 2301 νεφέλης;
3604 2236 3717 2289 Πῶς
3770 2227 3902 2281 ἆπο-

2290 2318 2466 2371 λαύσω
2511 2326 2601 2371 τοῦ
2639 2320 2806 2392 μάννα
2853 2326 2943 2379 τῆς
2986 2314 3164 2370 ἀῐδίου
3215 2325 3456 2393 τρυφῆς;
3513 2324 3629 2379 Πῶς
3680 2322 3782 2369 πίω
3838 2321 3896 2370 τὸ

2292 2408 2347 2460 ἐκ
2398 2416 2493 2468 τῆς
2540 2409 2800 2469 ξωοποιου
2852 2411 3043 2480 πέτρας
3096 2405 3280 2481 ὓδωρ;
3339 2413 3450 2467 Πῶς
3506 2406 3743 2479 παρέλθω
3807 2411 3896 2459 τὸν

2292 2494 2582 2569 Ἰορδάνην,
2634 2496 2873 2550 εἰσελθὼν
2924 2497 2996 2557 εἰς
3041 2501 3135 2554 τὴν
3175 2495 3372 2567 ἀγαθὴν
3421 2503 3520 2566 γῆν
3576 2504 3671 2557 τῆς
3732 2494 3893 2568 ἐπαγ-

2288 2586 2501 2657 γελίας;
2534 2594 2647 2647 Πῶς
2676 2583 2777 2639 ἶδω
2823 2590 2911 2638 τὸν
2944 2585 3377 2659 ἀρχιστράτηγον
3420 2588 3637 2659 Κυρίου,
3672 2587 3725 2636 ὃν
3766 2581 3892 2637 ἰδὼν

2291 2677 2316 2726 ό
2347 2676 2549 2735 Ἰησοῦς
2584 2678 2610 2728 ό
2656 2682 2750 2727 τοῦ
2796 2681 2970 2740 Ναυῆ,
3030 2678 3200 2727 πεσὼν
3257 2681 3592 2749 παραχρῆμα
3635 2678 3883 2747 προσεκύι

2288 2784 2443 2822 νησεν
2472 2781 2486 2831 ;

2356 3050 2431 3103 Z'.
2489 3052 2608 3104 Ἐὰν
2664 3052 2765 3123 γὰρ
2823 3054 2894 3122 μὴ
2965 3045 3059 3102 διὰ
3110 3050 3305 3100 τούτων
3351 3051 3555 3102 πάντων
3602 3053 3876 3121 γενόμενος,

524 3132 861 3189 habitantes
890 3133 947 3187 in
977 3149 1069 3187 me
1092 3138 1315 3202 gentes,
1346 3148 1729 3205 nequaquam
1760 3133 2063 3203 ingressus
2088 3148 2176 3187 re-

2292 3141 2632 3215 ἑξολοθρεύσω
2679 3142 2745 3193 τὰ
2774 3139 2822 3191 iv
2872 3137 2985 3207 ἐμοὶ
3017 3141 3156 3207 ἔθνη,
3206 3138 3265 3190 ού
3295 3142 3366 3210 μὴ
3427 3138 3668 3191 εἰσελθὼν
3721 3158 3887 3191 κατα-

518 3223 830 3294 quiescam
848 3224 905 3276 in
925 3221 1264 3278 sanctuario
1291 3225 1408 3288 Dei,
1434 3238 1540 3276 nec
1562 3223 1860 3293 particeps
1880 3222 2021 3277 ﬁam
2048 3222 2173 3292 glo-

2292 3234 2469 3283 παύσω
2496 3230 2567 3292 εἰς
2614 3233 2673 3282 τὸ
2705 3229 3050 3303 ἁγιαστήριον
3079 3236 3171 3280 τοῦ
3210 3232 3357 3296 Θεοῦ,
3386 3224 3509 3281 ούδέ
3537 3232 3607 3299 μὴ
3662 3232 3890 3300 μέτοχος

516 3312 618 3365 riae
656 3313 830 3379 regis.
884 3313 1256 3383 Quapropter
1286 3312 1579 3366 contende
1611 3311 1942 3381 diligenter,
1986 3318 2048 3367 ut
2086 3312 2172 3367 in-

2292 3324 2508 3393 γένωμαι
2555 3328 2650 3381 τῆς
2703 3318 2964 3392 βασιλέως
2998 3315 3173 3381 δόξης.
3226 3324 3518 3390 Τοιγαροῦν
3577 3314 3888 3371 σπούδασον

517 3399 791 3471 culpatus
841 3401 997 3455 ﬁlius
1032 3402 1129 3456 Dei
1170 3401 1414 3464 evadas,
1459 3408 1516 3456 et
1562 3402 1722 3457 illam
1762 3402 2025 3474 requiem
2079 3402 2171 3457 in-

2292 3411 2493 3482 ἰμωμον
2523 3414 2695 3462 τέκνον
2749 3416 2884 3461 Θεοῦ
2921 3409 3180 3479 γενέσθαι,
3222 3412 3312 3459 καὶ
3370 3405 3611 3459 εἰσελθεῖν
3638 3406 3711 3469 εἰς
3758 3406 3892 3461 ἐκεί-

518 3488 831 3556 grediaris,
847 3505 968 3560 quo
986 3504 1320 3559 praecursor
1332 3490 1595 3545 Christus
1618 3506 1721 3560 pro
1740 3491 1912 3546 nobis
1927 3491 2166 3547 introiit.

2292 3520 2369 3558 θην
2426 3505 2519 3559 τὴν
2583 3502 2936 3569 κατάπαυσιν,
2998 3498 3125 3550 ὃπου
3179 3493 3479 3570 πρόδρομος
3556 3498 3684 3569 ὑπερ
3740 3499 3890 3570 ἡμῶν

515 3576 838 3645 Contende,
883 3584 940 3632 ut
975 3577 1333 3632 describaris
1372 3580 1429 3633 in
1474 3580 1728 3635 Ecclesia
1768 3580 1987 3634 caelesti
2030 3596 2166 3635 cum

2292 3589 2486 3649 εἰσῆλθε
2533 3594 2782 3664 Χριστός.
2838 3584 3143 3641 Σπούδασον
3197 3586 3565 3660 ἀπογραφῆναι
3614 3585 3662 3638 iv
3717 3595 3780 3660 τῇ
3840 3587 3888 3640 iv

515 3664 1077 3737 primogenitis,quo
1091 3667 1402 3737 reperiaris
1417 3669 1475 3721 in
1491 3667 1698 3724 dextra
1713 3669 2165 3738 magniﬁcentia:

2292 3675 2514 3752 ιύρανοῖς
2567 3678 2856 3749 Ἐκκλησία
2905 3680 3035 3749 μετὰ
3080 3684 3180 3728 τῶν
3225 3680 3582 3751 πρωτοτόκων,
3618 3676 3759 3739 ὃπως
3808 3678 3884 3729 εὖ·

513 3755 821 3809 Attissimi.
854 3756 1171 3819 Contende,
1204 3757 1638 3827 utingrediaris
1667 3765 1939 3813 sanctam
1969 3758 2169 3814 civita-

2292 3770 2432 3839 ιεθῇς
2461 3771 2509 3819 iv
2556 3764 2706 3837 δεξιᾷ
2753 3774 2844 3827 τῆς
2886 3768 3257 3839 μεγαλωσύνης
3282 3773 3374 3818 τοῦ
3425 3764 3683 3837 Υψίστου.
3719 3770 3875 3819 Σπούο

515 3849 653 3908 tem,
685 3846 848 3915 pacis
889 3847 1153 3916 plenam,
1195 3855 1249 3901 et
1297 3862 1622 3916 supernam
1661 3847 2011 3912 Jerusalem,
2062 3848 2166 3903 ubi

2292 3853 2443 3909 ῗασον
2473 3856 2714 3909 εἰσελθεῖν
2740 3856 2812 3917 εἰς
2846 3860 2939 3915 τὴν
2976 3854 3129 3927 ἁγίαν
3159 3855 3326 3921 πόλιν,
3367 3859 3462 3914 τὴν
3493 3855 3872 3929 εἰρηνευομένην

512 3933 690 3988 etiam
732 3939 819 3988 est
868 3934 1203 4005 paradisus.
1248 3935 1631 3991 Admirandis
1669 3938 1827 3992 enim
1870 3954 1938 3993 ac
1977 3937 2166 3993 beatis

2292 3946 2634 4018 [ερουσαλὴμ,
2687 3951 2775 3998 καὶ
2830 3944 3115 4011 ἀνωτάτην,
3165 3946 3284 3997 ἔνθα
3309 3950 3398 3996 καὶ
3451 3946 3476 3996 ὁ
3536 3942 3874 4018 παράδεισος.

512 4023 945 4094 speciminibus
973 4024 1062 4079 his
1082 4039 1200 4079 non
1228 4024 1395 4079 aliter
1421 4024 1639 4094 dignus
1657 4026 2030 4097 reputabere,
2054 4027 2166 4083 nisi

2292 4039 2479 4090 Γούτων
2534 4038 2632 4110 γὰρ
2702 4045 2801 4089 τῶν
2853 4038 3167 4107 θαυμαστῶν
3237 4039 3327 4086 καὶ
3378 4039 3648 4107 μακαρίων
3710 4055 3883 4109 παρα-

505 4111 806 4184 lacrymas
846 4119 1024 4168 noctu
1056 4112 1279 4184 diuque
1311 4113 1604 4181 eﬁundas,
1648 4116 1981 4172 secundum
2023 4133 2163 4173 eum

2292 4122 2593 4198 ῗειγμάτων,
2676 4129 2781 4197 οὐχ
2838 4124 3020 4200 ἑτέρως
3071 4144 3175 4184 πως
3244 4123 3640 4197 καταξιωθήση,
3691 4125 3736 4177 εἰ
3804 4130 3877 4198 μὴ

507 4201 611 4273 qui
633 4202 804 4256 dicit:
832 4202 1066 4258 Lavabo
1085 4217 1196 4272 per
1212 4203 1481 4272 singulas
1505 4208 1700 4260 noctes
1717 4206 1928 4261 tectum
1949 4222 2161 4273 meum,

2292 4220 2571 4290 ιαταφέρεις
2629 4211 2839 4288 δάκρυα
2914 4216 3112 4288 ἡμέρας
3157 4218 3248 4265 καὶ
3326 4216 3528 4276 νυκτὸς,
3584 4216 3719 4267 κατὰ
3790 4219 3881 4268 τὸν

507 4292 572 4345 in
590 4291 873 4360 taerymis
888 4293 1032 4347 meis
1047 4296 1299 4348 stratum
1316 4307 1506 4348 meum
1520 4293 1727 4364 rigabo
1747 4295 1837 4347 ³⁷⁸.
1854 4299 1980 4351 Non
2002 4298 2162 4351 enim

2292 4308 2524 4376 iiyovra‘
2582 4307 2807 4357 Λούσω
2844 4305 2979 4356 καθ’
3020 4303 3296 4361 έκάστην
3334 4305 3532 4355 νύκτα
3592 4307 3705 4362 τὴν
3744 4304 3871 4357 κλίε-

508 4378 773 4449 ignoras,
800 4381 961 4451 quod
976 4381 1079 4452 qui
1099 4382 1467 4437 seminantin
1487 4383 1790 4453 tacrymis,
1814 4385 1875 4439 in
1898 4386 2163 4442 exsulta-

2292 4413 2379 4452 »ην
2432 4413 2571 4467 μου,
2611 4392 2667 4445 iv
2709 4390 2995 4467 δάκρυσί
3032 4411 3150 4465 μου
3217 4397 3329 4449 τὴν
3371 4397 3707 4465 στρωμνήν
3747 4413 3866 4465 μου

510 4469 666 4523 tione
696 4473 906 4525 metent
923 4470 991 4523 ³⁸.
1017 4470 1332 4541 Propterea
1356 4470 1810 4544 ﬁdenterinquit
1828 4474 2158 4545 Propheta:

2292 4482 2495 4557 Βρέξω.
2556 4482 2632 4535 Ού
2683 4486 2783 4556 γὰρ
2844 4481 3065 4553 ἀγνοεῖς,
3128 4483 3208 4533 ὅτι
3263 4484 3339 4533 Οἱ
3410 4486 3780 4555 σπείροντες
3806 4482 3859 4534 iv

513 4558 839 4627 Lacrymas
866 4574 1024 4614 meas
1056 4575 1175 4614 non
1213 4561 1478 4616 sileas”.
1519 4562 1583 4615 Et
1608 4560 1819 4617 iterum
1853 4578 1865 4616 :
1902 4564 2162 4619 Posuisti

2292 4568 2615 4645 idxpuaiv,
2668 4570 2725 4623 iv
2757 4569 3142 4642 ἀγάλλιάσει
3172 4571 3484 4644 θεριοῦσι.
3518 4575 3605 4623 Διό
3632 4590 3782 4644 φησιν
3830 4573 3855 4623 ὁ

511 4646 825 4715 Lacrymas
838 4663 987 4703 meas
1001 4651 1060 4703 in
1075 4656 1389 4719 conspectu
1405 4652 1680 4716 tuo,sicut
1693 4659 1745 4706 et
1760 4652 1821 4706 in
1834 4653 2162 4718 promissio-

2292 4665 2549 4735 Ιροφήτης
2573 4659 3209 4735 μετὰπαῤῥησίαςοΤῶν
3251 4655 3544 4733 δακρύων
3581 4679 3726 4732 ὁμου
3780 4663 3854 4732 μή

508 4737 781 4791 nemo“).
812 4739 873 4791 Et
890 4736 1061 4791 illud:
1093 4738 1358 4793 Fuerunt
1376 4739 1523 4794 mihi
1548 4740 1966 4797 tacrimaemea:
1982 4744 2160 4812 panis

2292 4755 2835 4823 παρασιωπήσης·
2897 4755 2984 4801 καὶ
3028 4749 3198 4813 πάλιν,
3252 4747 3439 4801 Ἒθου
3478 4750 3553 4801 τὰ
3618 4745 3871 4823 δάκρυά

511 4824 607 4879 die
629 4840 698 4879 ac
737 4826 984 4881 nocte“.
1038 4828 1101 4881 Et
1135 4827 1193 4881 in
1226 4829 1340 4883 alio
1381 4828 1615 4898 psalmo
1649 4845 1661 4884 :
1715 4830 1928 4886 Polum
1969 4848 2159 4889 meum

2292 4860 2387 4891 ιου
2428 4838 2484 4891 iv
2524 4839 2672 4910 ὄψει
2712 4857 2845 4902 σου,
2888 4841 2952 4899 ὡς
2981 4842 3088 4890 καὶ
3128 4840 3184 4890 iv
3224 4845 3294 4911 τῇ
3330 4837 3683 4909 ἐπαγγελίᾳ
3714 4854 3869 4904 σου;

511 4927 645 4968 cum
673 4914 815 4980 ﬂetu
845 4914 1156 4971 miscebam
1169 4916 1235 4971 ⁴².

2292 4934 2381 4995 ιαὶ,
2416 4929 2710 5000 Ἐγενήθη
2739 4930 2816 4979 τὰ
2853 4924 3106 5000 δάκρυά
3143 4946 3261 4999 μου
3301 4929 3444 4999 ἐμοὶ
3481 4929 3674 5000 ἄρτος
3728 4929 3874 4999 ἠμέ-

2269 5038 2381 5093 ρας
2412 5022 2519 5070 καὶ
2548 5021 2774 5078 νυκτός
2800 5034 2811 5045 ·
2840 5022 2930 5069 καὶ
2952 5013 3397 5090 ἐνέτέρῳψαλμῷ,
3422 5020 3499 5071 Τὸ
3537 5021 3715 5089 πόμα
3750 5036 3871 5089 μου

2271 5110 2429 5180 μετὰ
2470 5107 2801 5179 κλαυθμοῦ
2859 5106 3138 5178 έκίρνων.

2344 5214 2423 5269 Η’.
2456 5218 2526 5267 Τὸ
2563 5216 2663 5286 γὰρ
2696 5216 2853 5274 ὅντως
2897 5215 2952 5265 ἐκ
2995 5212 3187 5275 πολλῆς
3236 5212 3456 5284 θλίψεως
3502 5218 3592 5265 καὶ
3639 5222 3875 5285 συνοχῆς

2270 5300 2491 5376 καρδίας
2556 5306 2904 5376 προχεόμενον
2968 5299 3218 5377 δάκρυον,
3274 5301 3323 5353 iv
3393 5307 3580 5374 γνώσει
3632 5300 3876 5364 ἀληθείας

2269 5396 2399 5466 μετὰ
2427 5397 2517 5445 καὶ
2572 5397 2852 5465 πυρώσεως
2903 5390 3242 5463 σπλάγχνων,
3303 5388 3496 5465 βρῶσίς
3542 5389 3653 5443 ἔστι
3682 5391 3873 5463 ψυχῆς

2270 5485 2639 5556 χορηγουμένη
2671 5480 2729 5533 ἐκ
2780 5488 2872 5533 τοῦ
2924 5479 3229 5553 ἐπουρανίου
3259 5481 3441 5552 ἄρτου,
3492 5480 3552 5532 οὗ
3604 5499 3870 5552 προηγου-

3026 5624 3075 5657 ³⁹
3134 5621 3287 5679 Psal.
3348 5637 3551 5679 xxxix.
3629 5623 3863 5682 ιοΡωι.

586 5198 713 5252 Vlll.
757 5202 1042 5273 Lacryma
1072 5201 1231 5257 enim
1261 5202 1380 5271 illa,
1421 5221 1555 5276 quas
1583 5222 1789 5263 revera
1817 5224 1889 5265 ex
1926 5225 2163 5266 summa.

509 5289 860 5344 contritione
890 5294 947 5345 et
984 5294 1262 5361 angustia
1295 5294 1491 5349 cordis
1524 5295 1867 5365 effunditur,
1902 5299 1959 5353 in
1998 5302 2162 5370 agni-

513 5379 667 5434 tione
700 5378 979 5450 veritatis,
1009 5387 1061 5437 et
1104 5397 1239 5437 cum
1273 5383 1485 5439 ardore
1518 5386 1829 5457 viscerum,
1866 5389 2035 5444 cibus
2073 5395 2162 5446 est

513 5468 729 5523 animae
753 5482 824 5523 ex
850 5469 1073 5525 caelesti
1090 5487 1247 5543 pane
1263 5481 1645 5545 comparatus
1667 5494 1679 5528 :
1703 5477 1875 5547 cujus
1899 5480 2159 5535 maxime

582 5610 725 5665 ""l
784 5613 928 5667 Petr.
961 5628 1021 5679 ιι,
1071 5617 1125 5671 9.
1202 5613 1245 5649 ³⁷
1306 5613 1503 5670 Matth.
1564 5630 1647 5679 ιιι,
1692 5622 1745 5672 7.

512 5697 627 5748 LVI,
658 5681 710 5735 9.
789 5683 833 5719 ⁴¹
868 5683 1016 5742 Psal.
1050 5701 1185 5755 mi,
1219 5685 1272 5742 4.

1824 5618 1889 5653 ³⁷⁸
1933 5619 2081 5679 Psal.
2110 5636 2184 5688 v1,
2231 5625 2283 5677 7.

2363 5624 2411 5657 ³³
2460 5621 2614 5681 Psal.
2645 5637 2838 5693 cxxvx,
2894 5622 2949 5677 5.

1360 5687 1406 5722 ⁴²
1436 5685 1588 5745 Psal.
1616 5702 1711 5757 cu,
1742 5692 1825 5744 10.
