4148 6262
283 289 390 347 673

1618 284 1956 347 HOMILIE.
1994 318 2063 331 -
2102 289 2278 347 HOM.
2317 291 2488 346 XXV.

3548 289 3657 345 674

284 418 449 487 μένως
499 418 729 487 μετέσχε
782 414 965 490 Μαρία
1031 418 1349 469 καθεσθεῖσα
1403 416 1533 489 πρὸς
1587 420 1696 475 τοῖς
1761 417 1931 468 ποσὶ]

2018 416 2300 487 particeps
2323 415 2431 471 fuit
2454 415 2652 479 Maria,
2674 430 2808 487 quae
2827 414 2977 470 sedit
2997 415 3172 486 juxta
3189 415 3375 487 pedes
3399 416 3652 487 Domini,

285 511 377 556 τοῦ
428 508 643 576 Κυρίου,
695 510 783 557 καὶ
850 502 1158 579 δακρύουσα
1213 508 1342 577 μετὰ
1428 508 1520 562 τὴν
1595 508 1889 576 μαρτυρίαν

288 592 448 645 αὐτοῦ
473 600 564 645 τοῦ
605 600 855 666 Σωτῆρος.
886 599 1019 653 Φησὶ
1049 597 1171 668 γὰρ,
1226 596 1445 668 Μαρία
1484 590 1551 645 δε
1590 596 1704 650 τὴν
1746 590 1891 662 ἀγα-

286 684 398 740 θὴν
437 680 679 757 μερίδα
715 681 1069 751 ἐξελέξατο,
1118 688 1259 745 ἣτις
1314 682 1423 734 ούκ
1460 680 1890 755 ἀφαιρεθήσε-

283 792 390 825 ται
440 770 536 824 ἀπ’
595 772 813 834 αὐτῆς.
864 772 933 826 Ὢ.
954 782 1051 826 τῶν
1082 773 1378 845 πολυτίμων
1409 771 1609 825 ἐκείνων
1635 789 1892 843 μαργαριο

283 869 382 915 τῶν
432 864 482 914 ἓν
534 869 598 928 τῇ
656 860 865 936 ἐπιρροῇ
920 871 1019 914 τῶν
1074 867 1345 935 μακαρίων
1377 858 1664 933 δακρύωνὶ
1708 858 1776 911 ⁴Ω
1802 866 1892 919 τῆς

288 950 484 1011 εὐθείας
516 949 713 1013 ἐκείνης
742 956 831 1003 καὶ
862 951 1125 1011 εὐπειθοῦς
1156 950 1316 1012 ἀκοῆς
1354 950 1364 1004 l
1396 948 1465 1001 Ὢ
1512 957 1605 1011 τῆς
1645 945 1891 1020 ἀνδρείας

287 1043 377 1091 καὶ
406 1047 569 1112 σοφῆς
589 1036 824 1103 διανοιας
854 1041 866 1094 l
893 1039 962 1092 Ὦ.
986 1040 1171 1103 ὀξύτης
1210 1041 1507 1112 Πνεύματος
1543 1042 1736 1109 Κυρίου
1759 1040 1810 1109 ἕρ
1823 1060 1895 1088 ω-

296 1148 403 1195 τος,
434 1126 673 1201 σφοδρῶς
709 1133 831 1205 πρὸς
859 1133 945 1182 τὸν
977 1131 1241 1206 ἄχραντον
1269 1133 1505 1201 Νυμφίον
1530 1130 1847 1199 ἐπαγομένου
1875 1126 1887 1181 l

303 1217 371 1270 Ὠ
395 1223 599 1291 κέντρον
627 1222 791 1272 πόθου
816 1218 1004 1291 ψυχῆς
1028 1223 1153 1293 πρὸς
1178 1222 1264 1271 τὸν
1290 1221 1418 1271 Θεὸν
1442 1221 1606 1288 ,λόγον
1632 1216 1645 1270 l
1676 1216 1745 1268 Ὦ.
1774 1218 1890 1268 σύν-

302 1327 457 1380 τομος
504 1314 745 1361 κοινωνία
774 1312 979 1381 νύμφης
1028 1314 1157 1383 πρὸς
1185 1312 1271 1361 τὸν
1327 1307 1561 1380 οὐράνιον
1616 1298 1892 1377 Νυμφίονῒ

360 1397 445 1455 8'.
504 1403 755 1470 Μίμησαι
811 1400 1026 1463 ταύτην,
1083 1401 1147 1459 ὡς
1228 1401 1422 1460 τέκνον,
1473 1400 1708 1469 μίμησαι
1763 1397 1897 1469 πρὸς

307 1483 476 1559 μηδεν
554 1488 720 1561 ἕτερον
810 1486 1076 1559 ἀφορῶσα,
1139 1487 1181 1539 εἰ
1232 1491 1302 1558 μὴ
1376 1488 1501 1560 πρὸς

300 1576 527 1640 εἰπόντα,
560 1582 690 1650 Πῦρ
729 1573 917 1635 ἦλθον
958 1573 1178 1649 βαλεῖν
1219 1576 1309 1636 εἰς
1347 1580 1459 1632 τὴν
1496 1582 1633 1645 γῆν,
1690 1579 1797 1626 καὶ
1835 1571 1901 1625 τί

300 1664 453 1717 θέλω
494 1665 547 1717 εἰ
585 1662 713 1723 ἤδη
757 1664 1000 1737 ἀνήφθη
1029 1682 1042 1731 ;
1074 1664 1223 1718 Ἐστι
1243 1666 1341 1737 γὰρ
1372 1666 1606 1736 πύρωσις
1629 1670 1719 1715 τοῦ
1746 1665 1898 1715 Πνεύ-

1583 1488 1735 1556 μόνον
1810 1488 1896 1536 τὸν

2000 504 2270 576 plorans,
2311 505 2403 559 vel
2444 505 2632 576 ipsius
2686 504 3007 559 Salvatoris
3058 504 3421 561 testimonio.
3464 506 3659 577 lnquit

1999 594 2157 648 enim
2191 610 2202 647 :
2228 594 2425 650 Maria
2445 594 2727 663 optimam
2744 599 2977 663 partem
2997 594 3195 664 elegit,
3212 609 3343 665 quae
3357 610 3477 649 non
3491 596 3655 663 aufe-

1998 689 2166 738 retur
2194 683 2268 739 ab
2318 698 2385 739 ea
2416 685 2483 737 ιδ.
2509 684 2551 739 0
2582 683 2880 755 pretiosas
2925 683 3281 753 margaritas
3306 682 3437 738 illas
3462 684 3520 738 in
3560 683 3659 739 de-

1998 770 2263 826 ﬂuxione
2287 770 2598 827 bratarum
2617 771 3027 843 lacrymarum
3055 771 3065 824 !
3096 772 3139 827 0
3171 776 3393 827 rectum
3416 771 3580 826 illum
3603 776 3660 828 et

2000 860 2435 932 obsequiosum
2476 861 2748 916 auditum
2785 860 2797 915 l
2834 862 2876 917 0
2930 859 3145 917 fortem
3196 877 3265 916 ac
3326 861 3659 933 sapientem

2001 949 2271 1003 animum
2311 950 2321 1003 !
2357 950 2400 1006 Ο
2424 964 2677 1005 acumen
2707 949 2956 1021 Spiritus
2990 950 3222 1005 Domini
3252 950 3497 1016 amoris,
3519 965 3661 1021 erga

2002 1053 2289 1107 sponsum
2345 1038 2885 1093 incontaminatum
2922 1038 3302 1093 vehementer
3332 1038 3524 1093 affecti
3567 1039 3579 1093 l
3615 1040 3658 1095 0

2003 1126 2309 1181 stimulum
2350 1127 2627 1183 desiderii
2656 1128 2870 1183 animos
2916 1143 3058 1198 erga
3108 1127 3294 1183 Deum
3351 1128 3655 1184 Verbum!

2005 1217 2048 1271 0
2090 1219 2317 1271 arctam
2366 1217 2708 1272 societatem
2767 1231 3008 1287 sponsae
3044 1231 3184 1287 erga
3221 1216 3521 1288 Sponsum
3548 1232 3663 1272 cce-

2006 1303 2214 1359 lestem
2247 1312 2259 1362 ι

2080 1395 2160 1450 lx.
2195 1394 2425 1449 Imitare
2464 1393 2639 1459 hanc,
2683 1409 2719 1448 ο
2751 1392 2853 1457 ﬁli,
2895 1393 3149 1459 imitare,
3195 1394 3466 1466 inquam,
3510 1393 3659 1449 nihil

2007 1482 2170 1538 aliud
2192 1484 2425 1538 intuens
2452 1488 2663 1553 praeter
2689 1498 2825 1537 eum
2855 1482 3074 1549 solum,
3101 1482 3207 1554 qui
3239 1483 3385 1538 dixit
3414 1500 3425 1537 :
3461 1483 3661 1554 Ignem

2009 1571 2143 1627 veni
2170 1572 2399 1627 mittere
2424 1573 2485 1627 in
2513 1578 2758 1636 terram,
2791 1578 2845 1627 et
2864 1572 3232 1642 quidvoto,si
3238 1573 3365 1643 jam
3380 1588 3662 1629 accensus

2010 1666 2087 1716 est
2120 1662 2166 1694 “
2189 1661 2216 1717 ἳ
2242 1661 2341 1715 Est
2366 1660 2523 1715 enim
2548 1660 2724 1715 ardor
2751 1660 2999 1732 Spiritus
3028 1660 3338 1716 viviﬁcans
3363 1666 3416 1717 et
3448 1676 3661 1717 accen-

302 1771 467 1823 ματος
490 1754 520 1810 ἠ
555 1750 973 1827 ἀναζωπυροῦσα
1001 1756 1090 1813 τὰς
1119 1749 1364 1825 καρδίας.
1398 1757 1537 1804 Διότι
1562 1755 1619 1804 τό
1642 1752 1793 1804 οῖύλον
1814 1737 1902 1803 καὶ

2018 1748 2161 1805 dens
2203 1749 2406 1805 corda.
2438 1751 2811 1820 Quapropter
2858 1749 3264 1805 immaterialis
3312 1756 3369 1805 et
3425 1750 3662 1806 divinus

300 1842 433 1892 θεῖον
492 1846 593 1913 πῦρ
648 1841 863 1912 φωτίζει
911 1844 1001 1912 μὲν
1048 1841 1250 1912 ψυχὰς,
1306 1847 1395 1893 καὶ
1430 1838 1738 1912 δοκιμάζειν
1795 1843 1903 1893 εἰω-

298 1931 399 1999 θεν,
454 1930 629 2002 ὥσπερ
686 1926 874 1981 ἄδολον
931 1933 1138 2002 χρυσὸν
1192 1933 1240 1981 ἓν
1310 1934 1509 2002 καμίνῳ
1544 1947 1556 1958 ⁸
1616 1933 1801 1981 κακίαν
1842 1924 1902 1995 δὲ

292 2016 791 2092 ἀναλίσκει,’ὦσπερ
828 2016 1058 2080 ἀκάνθας
1089 2023 1177 2070 καὶ
1206 2017 1443 2089 καλάμην
1473 2037 1484 2049 ·
1518 2017 1575 2069 Ὀ
1605 2020 1703 2090 γὰρ
1737 2021 1856 2069 Θεό
1880 2037 1901 2077 ς

294 2108 471 2178 ἡμῶν
509 2113 631 2179 πῦρ
700 2107 1185 2159 καταναλίσκον
1248 2110 1411 2172 ἐστὶ,
1456 2102 1687 2168 διδούς
1726 2102 1902 2158 ἐκδί-

300 2214 495 2254 κησιν
535 2203 673 2257 τοῖς
710 2200 791 2267 μὴ
822 2192 1076 2249 εἰδόσιν
1116 2196 1304 2248 αὐτὸν
1343 2198 1401 2247 ἐν
1442 2195 1631 2267 φλογὶ
1668 2199 1899 2269 πυρὸς,

296 2289 402 2337 καὶ
442 2292 581 2347 τοῖς
612 2288 693 2356 μὴ
737 2286 1149 2338 ὑπακούουσι
1179 2294 1259 2355 τῷ
1291 2284 1653 2356 Εὐαγγελίῳ
1683 2284 1897 2337 αὐτοῦ.

299 2380 464 2427 Τοῦτο
486 2378 543 2426 τὸ
570 2380 674 2446 πῦρ
705 2373 986 2447 ἐνήργησεν
1018 2373 1066 2425 ἐν
1093 2381 1202 2436 τοῖς
1231 2373 1559 2437 ἀποστόλοις,
1606 2375 1760 2428 ἡνίκα
1788 2373 1904 2426 ἐλά-

301 2462 421 2514 λουν
450 2462 717 2534 γλώσσαις
746 2467 1011 2535 πνρίναις.
1074 2470 1239 2517 Τοῦτο
1268 2466 1327 2515 τὸ
1363 2471 1462 2537 πῦρ
1495 2459 1588 2514 διὰ
1614 2471 1705 2524 τῆς
1737 2470 1905 2535 φωνῆς

301 2551 502 2604 Παῦλον
562 2551 916 2626 περιλάμψαν,
980 2555 1074 2610 τὴν
1129 2555 1218 2624 μὲν
1275 2548 1510 2604 διάνοιαν
1581 2551 1741 2603 αὐτοῦ
1782 2551 1907 2623 ἐφώ-

300 2660 435 2708 τισε,
512 2645 605 2699 την
656 2637 715 2693 δὲ
785 2644 1038 2699 αἴσθησιν
1118 2649 1214 2702 τῆς
1269 2640 1435 2713 ὄψεως
1499 2641 1659 2693 αὑτοῦ
1740 2642 1908 2713 ἠμαύ-

302 2750 486 2803 ρωσεν.
562 2729 637 2783 Οῦ
690 2732 788 2805 γὰρ
856 2735 1024 2804 χωρὶς
1100 2734 1294 2805 σαρκὸς
1366 2727 1499 2783 εἶδεν
1568 2729 1759 2783 ἐκείνου
1816 2737 1908 2782 τοῦ

309 2823 475 2892 φωτὸς
504 2824 598 2879 τὴν
647 2816 891 2892 δύναμιν.
954 2826 1118 2873 Τοῦτο
1166 2822 1223 2871 τὸ
1272 2827 1374 2893 πῦρ
1422 2821 1566 2892 ὤφθη
1616 2826 1815 2891 Μωῦσῇ
1861 2821 1909 2871 ἓν

302 2916 364 2981 τῇ
410 2908 553 2982 βάτῳ
587 2926 599 2938 ⁸
634 2916 788 2961 τοῦτο
820 2912 876 2962 τὸ
921 2916 1025 2983 πῦρ
1075 2907 1122 2961 ἐν
1155 2905 1282 2962 εῖδει
1337 2908 1609 2980 ὀχήματος
1637 2908 1812 2961 Ἠλίαν
1857 2906 1911 2959 ἐκ

306 3006 402 3060 τῆς
447 3005 541 3069 γῆς
604 3000 811 3071 ἥρπασε
850 3013 863 3025 ⁸
918 3001 1102 3050 τούτου
1160 3005 1252 3050 τοῦ
1304 3002 1463 3072 πυρὸς
1515 3002 1606 3055 τὴν
1659 2996 1911 3073 ἐνέργειαν

2011 1838 2104 1892 ille
2136 1840 2289 1907 ignis
2339 1836 2635 1892 illuminat
2664 1838 2916 1903 animas,
2949 1844 3006 1893 et
3054 1838 3307 1909 probare
3357 1838 3666 1895 consuevit

2013 1943 2137 1992 eas,
2172 1926 2325 1982 velut
2350 1942 2565 1981 aurum
2606 1942 2724 1982 non
2753 1926 3152 1983 adulteratum
3175 1928 3235 1983 in
3265 1928 3503 1984 camino
3538 1948 3549 1987 :
3582 1929 3665 1984 vi-

2014 2015 2160 2071 tium
2210 2032 2350 2071 vero
2407 2016 2719 2078 consumit,
2755 2015 2931 2071 veluti
2981 2016 3185 2086 spinas
3243 2023 3299 2073 et
3354 2017 3657 2089 stipulam.

2012 2107 2165 2160 Deus
2178 2105 2335 2159 enim
2350 2110 2549 2160 noster
2564 2104 2717 2175 ignis
2730 2120 3074 2161 consumens
3088 2107 3478 2178 est,inﬂigens
3492 2107 3666 2162 ultio-

2012 2209 2143 2250 nem
2170 2193 2242 2248 iis
2270 2194 2333 2249 in
2366 2192 2485 2265 94
2504 2194 2750 2263 ﬂamma
2766 2194 2939 2264 ignis,
2957 2195 3187 2266 quinon
3205 2200 3662 2259 noverunteum,

2014 2288 2065 2339 et
2093 2283 2197 2354 qui
2211 2297 2324 2337 non
2353 2283 2759 2352 obtemperant
2777 2284 3102 2353 Evangelia
3124 2284 3191 2338 ‘5.
3220 2283 3322 2339 Hic
3349 2284 3504 2354 ignis
3523 2301 3666 2356 apo-

2016 2372 2181 2427 stolis
2207 2371 2326 2427 vim
2354 2388 2529 2427 suam
2550 2372 2831 2440 exercuit,
2863 2372 3110 2444 quando
3135 2371 3540 2444 loquebantur
3558 2374 3668 2429 lin-

2015 2461 2146 2532 guis
2177 2460 2367 2530 igneis
2393 2461 2461 2495 ⁴⁶-
2493 2462 2593 2516 Hic
2620 2461 2774 2530 ignis
2800 2477 2903 2533 per
2932 2476 3140 2517 vocem
3173 2461 3427 2517 Paulum
3460 2461 3668 2533 splen-

2015 2551 2158 2605 dore
2182 2566 2251 2606 ac
2280 2549 2504 2605 lumine
2530 2549 2930 2614 circumfudit,
2950 2556 3208 2607 mentem
3242 2551 3485 2622 quidem
3512 2551 3668 2607 illius

2014 2639 2388 2702 illuminavit,
2417 2654 2663 2694 sensum
2692 2645 2894 2694 autem
2918 2639 3081 2695 visus
3115 2639 3243 2710 ejus
3272 2640 3665 2697 hebetavit“.

2016 2731 2215 2800 Neque
2231 2727 2389 2782 enim
2421 2729 2546 2783 sine
2572 2744 2751 2783 carne
2770 2728 2914 2783 vidit
2929 2728 3173 2784 luminis
3193 2728 3347 2784 illius
3367 2730 3665 2786 virtutem.

2017 2818 2119 2872 Hic
2175 2818 2327 2889 ignis
2366 2816 2508 2872 Mosi
2556 2817 2834 2888 apparuit
2874 2816 2935 2872 in
2962 2817 3117 2873 rubo
3148 2818 3215 2873 ⁸³.
3250 2818 3351 2874 Hic
3404 2818 3555 2889 ignis
3608 2819 3669 2875 in

2020 2907 2212 2978 specie
2245 2921 2452 2961 currus
2500 2905 2684 2961 Eliam
2712 2922 2746 2961 a
2776 2910 2929 2961 terra
2958 2908 3155 2977 rapuit
3181 2908 3247 2961 ‘9.
3284 2908 3469 2979 Hujus
3511 2907 3669 2978 ignis

2020 2994 2349 3050 efﬁcaciam
2398 2994 2704 3066 inquirens
2740 2995 2952 3051 beatus
2997 2996 3183 3052 David
3223 2996 3374 3051 dixit
3416 3014 3428 3052 :
3473 2997 3673 3053 Proba

312 3089 479 3147 ζητῶν
532 3087 557 3137 ὁ
614 3088 873 3159 μακάριος
927 3082 1094 3138 Δαϐὶδ
1141 3085 1298 3158 ἔλεγε,
1380 3090 1747 3157 Δοκίμασόν
1818 3104 1910 3158 με,

2020 3098 2129 3148 me,
2165 3083 2431 3152 Domine,
2463 3087 2514 3138 et
2563 3086 2723 3139 tenta
2774 3099 2885 3139 me.
2927 3085 3041 3141 Ure
3070 3100 3237 3142 renes
3296 3101 3452 3142 meos
3483 3092 3535 3143 et
3571 3100 3674 3142 cor

313 3177 522 3248 Κύριε,
564 3179 671 3226 καὶ
726 3178 1045 3247 πείρασόν
1098 3190 1212 3245 με·
1270 3177 1567 3248 πύρωσον
1612 3178 1914 3247 τούςνεφ-

310 3265 460 3334 ρούς
490 3282 609 3334 μου
640 3267 748 3314 καὶ
800 3266 908 3321 τὴν
965 3259 1249 3335 καρδίαν
1298 3283 1439 3335 μου,

384 3349 437 3405 Ι’.
470 3358 631 3404 Τοῦτο
659 3354 717 3403 τό
763 3358 865 3425 πῦρ
919 3356 1011 3411 τὴν
1062 3348 1288 3426 καρδίαν
1320 3353 1524 3407 Κλεόπα
1554 3356 1779 3415 καὶτοὺς
1822 3358 1916 3406 σὺν

310 3439 452 3511 αύτῷ
510 3438 770 3513 ἐθέρμανε,
826 3439 1102 3504 λαλοῦντος
1177 3449 1269 3494 τοῦ
1331 3450 1562 3514 Σωτῆρος
1627 3446 1754 3515 μετά
1823 3449 1915 3501 τὴν

309 3526 618 3595 ἀνάστασιν,
681 3531 792 3582 ὅθεν
869 3535 958 3584 καὶ
1020 3530 1229 3603 ἄγγελοι
1309 3536 1398 3584 καὶ
1457 3534 1523 3583 τὰ
1584 3531 1917 3605 λειτουργικὰ

306 3620 575 3690 πνεύματα
622 3620 806 3671 τούτου
860 3625 952 3673 τοῦ
1005 3624 1170 3692 πυρὸς
1231 3628 1326 3683 τῆς
1379 3620 1744 3697 λαμπρότητος
1798 3642 1916 3694 μετ-

308 3706 522 3779 έχουσι,
552 3709 686 3760 κατά
714 3711 772 3760 τὸ
800 3708 1085 3783 εἰρημένον,
1109 3708 1169 3762 '0
1190 3718 1386 3763 ποιῶν
1427 3710 1574 3772 τοῦς
1604 3709 1914 3783 ἀγγέλους

316 3796 509 3849 αὐτοῦ
549 3799 898 3870 πνεύματα,
935 3804 1045 3851 καὶ
1079 3803 1229 3861 τούς
1257 3799 1680 3874 λειτουργοὺς
1719 3801 1914 3854 αὐτοῦ

310 3893 428 3959 πῦρ
486 3885 733 3958 φλέγον.
788 3895 949 3941 Τοῦτο
979 3892 1038 3941 τὸ
1080 3897 1183 3961 πῦρ
1212 3893 1303 3949 τὴν
1337 3892 1384 3941 ἓν
1440 3897 1511 3960 τῷ
1552 3886 1698 3942 ἔνδον
1730 3890 1916 3962 ὀφθαλ-

307 3981 387 4044 μῷ
446 3971 601 4026 δοκὸν
639 3983 944 4041 κατακαῖον,
980 3979 1211 4050 καθαρὸν
1262 3982 1351 4031 τόν
1398 3986 1513 4030 νοῦν
1563 3978 1914 4037 ἀποκαθίστη-

313 4079 415 4129 σιν,
460 4062 542 4114 ῖνα
594 4062 865 4116 ἀπολαϐὼν
897 4068 953 4117 τὸ
997 4068 1133 4118 κατά
1163 4068 1318 4137 φύσιν
1366 4063 1686 4139 διορατικὸν,
1722 4069 1816 4140 ὁρᾷ
1849 4067 1915 4127 εἰς

309 4152 365 4202 τὸ
414 4147 643 4211 διηνεκὲς
689 4155 755 4205 τά
784 4160 876 4204 τοῦ
931 4160 1063 4206 Θεοῦ
1115 4155 1406 4226 θαυμάσια,
1453 4158 1588 4207 κατά
1616 4159 1703 4207 τόν
1746 4155 1917 4227 λέγον-

309 4258 391 4304 τα,
450 4238 900 4312 Ἀποκάλυψον
964 4244 1111 4304 τοὺς
1180 4242 1541 4315 ὀφθαλμούς
1601 4263 1739 4316 μου,
1809 4248 1916 4296 καὶ

310 4333 700 4387 κατανοήσω
748 4331 818 4382 τά
880 4332 1215 4404 θαυμάσια
1276 4331 1338 4383 ἐκ
1377 4339 1484 4384 τοῦ
1539 4336 1737 4405 νόμου
1780 4353 1913 4386 σου.

312 4422 477 4471 Τοῦτο
517 4426 794 4492 τοιγαροῦν
823 4422 880 4472 τό
910 4428 1014 4493 πῦρ
1044 4417 1305 4493 δαιμόνων
1338 4424 1450 4474 ἐστὶ
1476 4419 1914 4498 φυγαδευτὴριον,

315 4511 403 4559 καὶ
437 4506 698 4580 ἁμαρτίας
725 4507 1066 4583 ἀναιρετικὸν,
1100 4509 1435 4572 ἀναστάσεως
1461 4506 1520 4563 δε
1552 4507 1795 4584 δύναμις,
1828 4515 1916 4564 καὶ

315 4593 606 4658 ἀθανασίας
682 4596 925 4673 ἕνέργεια,
1007 4599 1201 4671 ψυχῶν
1280 4599 1441 4671 ἁγίων
1499 4604 1780 4673 φωτισμὸς,
1828 4607 1916 4655 καὶ

315 4683 531 4755 λογικῶν
594 4684 863 4760 δυνάμεων
925 4691 1204 4752 σύστασις.
1262 4696 1425 4743 Τοῦτο
1483 4693 1540 4742 τὸ
1596 4698 1699 4764 πῦρ
1758 4691 1917 4754 εὖξὼ-

317 4774 448 4843 μεθα
497 4778 585 4826 καὶ
635 4774 704 4837 εἰς
758 4778 896 4849 ἡμᾶς
974 4779 1192 4850 φθάσαι,
1256 4779 1339 4831 ἵνα
1392 4780 1611 4831 πάντοτε
1663 4780 1710 4831 ἓν
1786 4784 1915 4852 φωτὶ

315 4869 737 4933 περιπατοῦντες,
788 4859 1053 4936 μηδέποτε
1094 4866 1188 4919 κάν
1216 4870 1340 4940 πρὸς
1388 4866 1574 4941 βραχύ
1605 4868 1916 4941 προσκόψω-

314 4966 405 5021 μεν
446 4952 573 5024 πρὸς
619 4949 763 5003 λίθον
818 4956 933 5014 τοὺς
966 4950 1135 5016 πόδας
1190 4956 1355 5027 ἡμῶν,
1408 4955 1514 5007 ἀλλ’
1549 4959 1616 5018 ὡς
1649 4965 1913 5033 φωστῆρες

316 5036 365 5089 ἐν
416 5042 598 5112 κόσμῳ
642 5044 935 5114 φαινόμενοι
986 5041 1137 5114 λόγον
1193 5044 1333 5106 ζωῆς
1386 5047 1652 5117 ἐπέχωμεν
1711 5042 1911 5113 ἀιδίου,

317 5128 399 5180 ἴνα
456 5127 798 5192 ἀπολαύοντες
830 5132 878 5183 ἓν
916 5137 1026 5192 τοῖς
1074 5130 1290 5204 ἀγαθοῖς
1343 5141 1434 5185 τοῦ
1491 5142 1643 5203 Θεοῦ,
1701 5139 1794 5187 σὺν
1842 5144 1914 5208 τῷ

315 5222 492 5293 Κυρίῳ
546 5218 971 5293 ἀναπαυσὼμεθα
1025 5218 1073 5272 ἐν
1132 5220 1264 5293 ζωῇ,
1328 5217 1631 5286 δοξάζοντες
1688 5227 1910 5298 Πατέρα,

2020 3186 2212 3229 meum
2243 3172 2311 3227 5°.

2095 3354 2155 3406 X.
2196 3350 2299 3406 Hic
2345 3349 2499 3421 ignis
2531 3365 2632 3406 cor
2672 3350 2948 3422 Cleophas
2974 3368 3044 3408 ac
3087 3352 3228 3408 socii
3268 3353 3398 3421 ejus
3436 3352 3672 3409 inﬂam-

2027 3440 2252 3505 mabat,
2272 3456 2407 3494 cum
2448 3439 2789 3511 loqueretur
2816 3440 3087 3497 Salvator
3112 3457 3246 3496 cum
3282 3441 3393 3497 illis
3419 3448 3555 3514 post
3582 3458 3676 3498 re-

2025 3530 2641 3585 surrectionem.Unde
2654 3546 2896 3601 quoque
2910 3530 3102 3602 angeli
3118 3535 3172 3587 et
3185 3531 3675 3589 administratorii

2025 3619 2267 3691 spiritus
2298 3618 2591 3691 splendidi
2631 3618 2809 3689 hujus
2841 3620 2991 3688 ignis
3033 3620 3348 3691 participes
3392 3628 3547 3687 sunt,
3582 3638 3678 3678 se-

2024 3709 2291 3764 cundum
2324 3708 2381 3763 id
2395 3708 2558 3781 quod
2585 3707 2811 3763 dictum
2837 3714 2923 3764 est
2958 3726 2968 3763 :
2999 3709 3108 3775 Qui
3118 3710 3267 3779 facit
3295 3712 3675 3782 angelosejus

2020 3798 2285 3869 spiritus,
2312 3804 2364 3854 et
2395 3798 2698 3853 ministros
2726 3813 2857 3852 suos
2888 3799 3082 3867 ignem
3124 3799 3430 3855 ardentem
3472 3802 3538 3835 ⁵¹ο
3574 3801 3675 3856 Hic

2020 3888 2196 3957 ignis,
2225 3886 2454 3941 trabem
2489 3885 2783 3940 mterioris
2830 3885 2987 3941 oculi
3027 3902 3411 3958 consumens,
3456 3904 3676 3959 purum

2023 3975 2213 4031 reddit
2242 3974 2534 4039 animum,
2571 3977 2653 4042 ut,
2694 3980 2933 4046 recepta
2965 3975 3222 4030 naturali
3264 3975 3545 4032 facultate
3590 3979 3675 4033 vi-

2023 4063 2224 4128 dendi,
2241 4062 2870 4133 conspiciatperpetuo
2885 4063 3185 4119 mirabilia
3205 4063 3324 4134 Dei,
3343 4065 3675 4121 secundum

2023 4168 2159 4208 eum
2191 4152 2502 4224 quiinquit
2535 4168 2547 4205 :
2580 4153 2797 4208 Revela
2813 4152 3009 4207 oculos
3035 4159 3269 4217 meos,et
3295 4155 3678 4211 considerabo

2022 4239 2325 4297 mirabilia
2356 4240 2428 4295 de
2459 4241 2585 4310 lege
2612 4248 2715 4296 tua
2742 4242 2809 4295 ⁵³.
2843 4241 2938 4295 Hic
2970 4241 3169 4313 itaque
3191 4242 3345 4311 ignis
3371 4242 3536 4312 fugat
3556 4243 3680 4299 dte-

2026 4345 2256 4398 mones,
2294 4329 2437 4384 tollit
2462 4334 2726 4399 peccata,
2757 4328 3150 4385 resuscitandi
3187 4330 3305 4385 vim
3334 4330 3514 4386 habet
3547 4332 3680 4396 ;hic

2029 4418 2536 4475 immortalitatem
2583 4424 2881 4489 operatur,
2905 4424 3142 4474 sanctas
3182 4420 3416 4476 animas
3464 4420 3679 4477 illumi-

2026 4514 2149 4573 nat,
2183 4512 2238 4563 et
2294 4507 2603 4563 facultates
2633 4506 2952 4562 rationales
2998 4506 3217 4562 ﬁrmat.
3250 4508 3415 4564 Hunc
3474 4509 3675 4579 ignem

2026 4596 2410 4653 Obsecremus
2451 4595 2528 4650 ad
2560 4597 3267 4667 nosquoquepervenire,
3287 4604 3366 4661 ut,
3385 4603 3674 4668 perpetuo

2026 4686 2086 4741 in
2112 4686 2339 4740 lumine
2369 4683 2769 4747 ambulantes,
2806 4700 3117 4754 nunquam
3151 4684 3239 4739 vel
3266 4686 3550 4757 tantisper
3587 4687 3672 4742 of-

2026 4775 2345 4831 fendamus
2365 4774 2443 4829 ad
2474 4773 2734 4844 lapidem
2770 4773 2952 4844 pedes
2982 4780 3235 4840 nostros,
3267 4774 3371 4829 sed
3400 4775 3562 4830 velut
3586 4775 3677 4831 lu-

2028 4864 2279 4920 minaria
2306 4862 2364 4917 in
2396 4863 2623 4917 mundo
2637 4863 3007 4933 apparentia,
3024 4863 3277 4919 verbum
3292 4870 3527 4919 aeternae
3544 4865 3677 4921 vitae

2024 4954 2408 5016 retineamus,
2427 4956 2507 5017 ut,
2523 4951 2696 5007 bonis
2715 4951 2932 5006 divinis
2959 4951 3239 5021 fruentes,
3260 4969 3394 5008 cum
3426 4954 3679 5010 Domino

2024 5042 2082 5098 in
2105 5042 2227 5097 vita
2256 5040 2725 5113 requiescamus,
2767 5040 3167 5110 gloriﬁcantes
3205 5042 3456 5107 Patrem,
3502 5049 3558 5098 et
3595 5043 3678 5099 Fi-

2023 5133 2189 5197 lium,
2237 5136 2294 5187 et
2342 5129 2626 5202 Spiritum
2704 5134 2998 5195 sanctum,
3053 5131 3147 5185 cui
3195 5130 3385 5202 gloria
3442 5132 3503 5187 in
3571 5149 3679 5189 sae-

2026 5222 2175 5277 cula.
2210 5223 2417 5275 Amen.

314 5312 404 5360 καὶ
430 5310 569 5379 Υἰὸν,
611 5314 701 5362 καὶ
733 5308 881 5383 οἷγιον
925 5316 1133 5381 Πνεῦμα
1232 5311 1263 5368 ἠ
1294 5307 1426 5374 δόξα
1455 5311 1523 5374 εἰς
1560 5315 1677 5374 τοὺς
1706 5312 1917 5375 αἰῶνας.
1962 5311 2150 5383 Ἀμήν.

393 5549 439 5585 ⁵³
485 5550 621 5606 Luc.
690 5546 753 5616 x,
799 5553 888 5608 42.
968 5550 1015 5589 ⁴⁴
1066 5554 1203 5609 Luc.
1268 5569 1362 5619 xu,
1396 5556 1483 5609 49.

319 5622 365 5658 ⁴⁷
392 5624 519 5677 Act.
554 5637 631 5684 1x,
666 5625 701 5695 3
728 5637 858 5695 seq.
912 5634 915 5635 '
1039 5625 1088 5660 ⁴⁸
1116 5624 1300 5681 Exod.
1331 5642 1409 5695 ιιι,
1441 5628 1494 5682 2.

318 5707 434 5760 σιν,
470 5696 504 5749 4
555 5712 573 5763 ;
607 5694 781 5750 Hebr.
810 5694 849 5765 i,
876 5699 932 5751 7.
1009 5697 1056 5733 ⁵³
1087 5696 1239 5754 Psal.
1268 5694 1452 5763 cxvm,
1499 5698 1581 5753 18.

604 5789 844 5850 PATROL.
884 5791 989 5852 Gn.
1030 5795 1280 5855 XXXIV.

1563 5553 1610 5589 ‘5
1662 5554 1824 5609 Deut.
1856 5567 1928 5619 ιν,
1983 5556 2051 5608 24
2091 5568 2104 5620 ;
2140 5551 2313 5608 Hebr.
2355 5567 2455 5617 xu,
2496 5554 2563 5607 29
2598 5549 2684 5619 ;Il
2741 5551 2943 5608 Thess.
2992 5567 3032 5618 1,
3078 5552 3129 5606 8.

1671 5626 2186 5696 “llReg.1v,ll.

3208 5552 3255 5585 ⁴⁶
3305 5554 3427 5606 Act.
3480 5565 3536 5612 Il,
3587 5546 3678 5614 35,

2292 5624 2341 5660 ⁸ο
2363 5622 2515 5679 Psal.
2552 5639 2708 5691 xxvx,
2767 5637 2781 5691 ;
2815 5623 2954 5678 Luc.
2998 5638 3155 5687 XXIV,
3182 5624 3271 5677 32.
3424 5621 3467 5656 ⁵1
3526 5618 3681 5675 Psal.

3328 5787 3398 5846 22
