4148 6262
455 318 565 372 675
1752 313 1811 369 S.
1828 341 1835 347 -
1851 310 2155 369 MACARII
2196 307 2503 367 EGYPTII
3701 314 3770 369 67
3772 315 3809 368 6

1024 439 1311 498 HOMILIA
1357 440 1534 495 XXVI.
2138 442 2184 498 Α

2138 442 2184 498 Α
2819 442 3065 491 ΟΜΙΛΙΑ
3103 437 3218 504 Ka-

458 568 539 624 De
562 566 871 635 dignitate,
889 564 1263 635 praestantia,
1277 565 1574 631 facultate
1592 570 1646 621 et
1672 564 2096 634 operationibu:

2223 564 2372 634 Περὶ
2411 567 2518 635 τῇς
2558 559 2919 629 ἀξιότητος,
2955 568 3062 615 καὶ
3111 572 3220 635 τῆς
3257 567 3666 635 τιμιότητος,
3707 566 3816 614 καὶ

527 629 876 711 immortalis
889 629 1136 711 animae,
1154 639 1206 692 et
1222 629 1340 707 qua
1362 638 1589 711 ratione
1602 652 1668 692 ea
1682 629 1958 691 aSatana
1982 642 2110 689 ten-

2293 629 2403 695 τῆς
2438 629 2782 711 ᾂυνάμεως,
2814 639 2923 686 καὶ
2964 644 3071 695 τῆς
3106 629 3420 711 μέργαᾼσίας
3444 643 3556 697 τῆς
3591 634 3817 711 ἀθανάς

529 714 703 772 tetur,
719 715 770 764 et
784 710 1189 764 liberationem
1202 704 1665 763 e‘tentationibus
1691 712 2106 778 consequatur.

2291 723 2399 754 του
2438 704 2683 775 ψυχῆς,
2722 711 2824 757 xui
2862 716 2990 769 πῶς
3048 704 3206 765 αῦτη
3248 709 3366 759 ὑπὸ
3422 710 3818 778 τοῦᾉΣατανᾶ

531 782 807 837 Continet
839 795 974 835 vero
1003 780 1353 849 quaestiones
1381 780 1674 851 quaedam
1714 776 1948 835 summa
1977 778 2110 834 doc-

2292 777 2688 847 πειράζεται,
2733 783 2837 830 xui
2880 786 2989 839 τῆς
3028 776 3660 852 ἐλευθερώσεως-ἀπὸ
3698 785 3818 830 τῶν

530 854 693 908 trina
726 852 993 920 refertas.
1015 847 1028 849 “
1388 847 1407 851 “

2290 857 2666 923 πειρασμῶν
2720 847 3368 923 τυγχάνειηΣυνέχει
3409 847 3476 903 δὲ
3508 850 3821 910 ζητήσεις

2291 918 2471 980 τινας
2510 918 2673 972 πάνυ
2713 918 2947 983 πολλῆς
2989 918 3430 983 διδασκαλίας
3474 925 3818 993 γεμούσας.

530 1016 570 1070 Ι.
602 1019 679 1072 Ne
723 1014 925 1071 leviter
984 1014 1405 1071 intellectivam
1453 1014 1670 1070 animas
1711 1013 2107 1069 substantiam

2291 1008 2373 1061 A’.
2407 1014 2491 1067 Μὴ
2527 1009 2701 1072 ἁπλῶς
2748 1018 2809 1083 τῇ
2838 1017 2989 1084 νοερᾷ
3028 1021 3124 1073 τῆς
3152 1011 3340 1084 ψυχῆς
3367 1011 3523 1083 οὐσίᾳ
3548 1015 3766 1086 πρόσχῃ
3780 1031 3820 1076 ς,

456 1102 1069 1178 perpendas,dilecte.
1099 1105 1419 1160 Pretiosum
1438 1104 1747 1175 quoddam
1782 1119 1883 1158 vas
1897 1109 1982 1157 est
2004 1102 2083 1156 im

2223 1095 2478 1168 ἀγαπητέ.
2517 1103 2699 1171 Τίμιόν
2747 1120 2798 1152 τι
2854 1106 3037 1161 σκεῦός
3093 1100 3232 1153 ἐστιν
3273 1103 3302 1159 ἡ
3340 1101 3593 1164 ἀθάνατος
3637 1101 3819 1172 ψυχή.

460 1194 730 1250 mortalis
755 1193 976 1248 anima.
1011 1192 1157 1247 Vide
1197 1198 1490 1265 quantum
1527 1192 1769 1251 crelum.
1801 1197 1857 1247 et
1885 1196 2098 1264 quanta

2222 1183 2334 1238 Ἴδε
2372 1193 2531 1249 πόσος
2562 1190 2587 1239 6
2636 1189 2851 1263 οὐρανός
2899 1193 3048 1249 καὶὴ
3081 1187 3175 1261 γῆ,
3224 1195 3314 1242 καὶ
3372 1190 3467 1242 οὐκ
3518 1186 3820 1249 ηὐδόκησεν

459 1291 632 1347 terra,
666 1298 775 1337 nec
801 1287 1000 1337 tamen
1041 1281 1366 1337 delectatus
1407 1288 1492 1337 est
1524 1282 1634 1337 illis
1678 1285 1848 1345 Deus,
1891 1281 1992 1335 sed
2025 1296 2097 1335 sor

2222 1278 2271 1327 ἐν
2320 1276 2493 1338 αὐτοῖς
2523 1280 2547 1329 6
2581 1281 2729 1344 Θεὸς,
2783 1279 2924 1350 εἰμὴ
2975 1284 3128 1350 μόνον
3188 1280 3259 1343 εἰς
3312 1284 3389 1332 σέ.
3438 1279 3592 1332 Βλέπε
3636 1298 3731 1331 σου
3762 1281 3820 1330 τὸ

460 1374 583 1428 lum
609 1378 659 1427 te
695 1372 708 1426 ι
744 1372 1029 1441 Conspice
1068 1371 1423 1441 dignitatem
1458 1377 1510 1427 et
1534 1370 1899 1426 nobilitatem
1924 1377 2098 1433 tuam,

2224 1363 2429 1436 ἀξίωμα
2474 1372 2565 1418 καὶ
2612 1372 2705 1424 τὴν
2757 1367 3027 1438 εὐγένειαν,
3067 1370 3147 1420 ὅτι
3194 1373 3265 1441 μὴ
3301 1365 3373 1420 δι’
3416 1368 3659 1440 ἀγγέλων,
3695 1365 3824 1418 ἀλλὰ

460 1477 676 1533 nempe
708 1476 827 1515 non
861 1475 965 1530 per
981 1460 1246 1528 angelos,
1280 1460 1385 1515 sed
1413 1461 1472 1514 in
1498 1477 1605 1515 sua
1637 1460 1827 1531 ipsius
1855 1443 2098 1531 persona

2224 1449 2296 1504 δι’
2352 1454 2537 1506 ἑαυτοῦ
2589 1452 2737 1514 ἦλθεν
2777 1457 2801 1506 6
2838 1459 3023 1530 Κύριός
3072 1456 3139 1517 εἰς
3190 1461 3286 1515 σὴν
3335 1456 3630 1530 πρεσϐείαν,
3688 1457 3824 1507 ὥστε

459 1551 697 1606 venisse
724 1551 1039 1604 Dominum
1058 1549 1133 1603 ad
1165 1548 1521 1618 legationem
1543 1566 1650 1620 pro
1670 1555 1721 1604 te
1744 1548 2097 1611 obeundam,

2227 1561 2282 1594 σε
2334 1547 2418 1595 τόν
2488 1544 2787 1597 ἀπολωλότα
2837 1544 3278 1612 ἀνακαλέσασθαι,
3332 1551 3419 1598 τὸν
3474 1564 3821 1620 τετραυματι-

466 1647 527 1695 ut
557 1645 610 1695 te
644 1638 942 1711 perditum
973 1653 1042 1692 ac
1088 1638 1465 1693 vulneratum
1503 1643 1824 1703 revocaret,
1859 1642 1916 1692 et
1952 1636 2104 1692 resti-

2227 1635 2432 1703 σμένον,
2486 1638 2574 1686 καὶ
2628 1631 2919 1686 ἀποδοῦναί
2960 1655 3044 1687 σοι
3083 1639 3177 1694 τὴν
3229 1640 3437 1709 πρώτην
3491 1634 3682 1686 πλάσιν
3730 1640 3823 1685 τοῦ

466 1734 649 1784 tueret
680 1727 785 1781 tibi
814 1728 1068 1795 primam
1100 1725 1518 1782 formationem
1562 1728 1694 1799 puri
1728 1727 1890 1781 Adae.
1925 1728 2104 1781 Homo

2223 1724 2456 1796 καθαροῦ
2513 1720 2708 1795 Ἀδάμ.
2770 1729 3033 1786 Δεσπότης
3085 1726 3185 1799 ’γὰρ
3242 1720 3301 1781 ἦν
3334 1726 3359 1775 6
3389 1725 3679 1796 ἄνθρωπος,
3721 1721 3825 1774 ἀπὸ

462 1818 618 1875 enim
652 1815 938 1871 dominus
973 1820 1098 1870 erat
1135 1815 1409 1871 omnium
1438 1817 1705 1871 avertice
1723 1816 1854 1871 caeli
1888 1815 1966 1870 ad
1993 1816 2100 1869 ima

2186 1804 2189 1841 λ
2225 1819 2317 1863 τοῦ
2357 1812 2576 1885 οὐρανοῦ
2622 1817 2708 1865 καὶ
2760 1822 2857 1864 τῶν
2909 1815 3071 1880 κάτω,
3116 1818 3207 1865 καὶ
3242 1809 3567 1888 διακριτικὸς
3620 1814 3824 1878 παθῶν,

461 1923 671 1979 usque,
711 1904 992 1975 praeditus
1020 1903 1297 1959 facultate
1336 1904 1711 1960 discernendi
1752 1905 2099 1971 affectiones

2225 1904 2314 1954 xui
2390 1898 2651 1974 δαιμόνων
2726 1901 3010 1975 ἀλλότριος,
3088 1904 3317 1975 καθαρός
3389 1901 3491 1955 ἀπὸ
3569 1901 3830 1974 ἁμαρτίας

462 1996 690 2053 alienus
724 2011 758 2047 a
782 1992 1181 2059 daemonibus,
1214 2009 1399 2065 purus
1426 2010 1459 2048 a
1491 1999 1734 2065 peccato
1761 2000 1813 2049 et
1844 1994 2011 2061 vitiis,
2045 2009 2100 2048 at

2227 1990 2254 2048 ἦ
2316 2000 2509 2057 κακῶν,
2563 1995 2649 2043 xui
2706 1993 2945 2064 ὁμοίωμα
2993 2000 3127 2046 Θεοῦ
3160 2010 3173 2023 ·
3233 1989 3328 2044 διὰ
3359 1989 3417 2044 δὲ
3468 1993 3562 2054 τῆς
3588 1989 3832 2064 παραϐά-

461 2082 788 2140 similitudo
809 2082 904 2137 Dei
939 2102 950 2140 :
986 2098 1091 2153 per
1119 2083 1657 2151 transgressionem
1683 2099 1816 2138 vero
1839 2083 2029 2154 periit,
2047 2099 2099 2138 at

2228 2098 2356 2142 σεως
2405 2078 2673 2141 ἀπολωλώς
2729 2081 2859 2147 ἐστι,
2893 2087 2982 2134 καὶ
3025 2086 3529 2157 τετραυματισμένος
3563 2099 3577 2111 ’
3620 2080 3830 2153 Ἠμαύ-

459 2173 807 2227 vulneratus
830 2176 886 2224 et
919 2169 1091 2225 morti
1126 2171 1374 2226 traditus
1414 2177 1519 2226 est.
1564 2171 1915 2227 Obfuscavit
1955 2173 2097 2225 enim

2225 2188 2361 2239 ρωσε
2414 2172 2514 2242 γὰρ
2571 2173 2656 2221 τόν
2707 2172 2879 2222 νοῦνό
2920 2178 3167 2236 Σατανᾶς,
3218 2173 3267 2223 ἓν
3314 2190 3416 2222 τινι
3467 2171 3633 2233 οὕτως
3686 2168 3826 2237 ἐστὶ,

461 2269 724 2317 mentem
746 2260 1031 2327 Satanas;
1067 2259 1272 2330 aliqua
1295 2276 1365 2314 ex
1388 2266 1553 2329 parte
1584 2261 1664 2316 ita
1686 2277 1747 2315 se
1777 2261 1982 2325 habet,
2015 2260 2099 2315 alii

1910 2267 1982 2325 et,
2015 2260 2116 2315 ali-
2225 2262 2315 2309 xui
2343 2259 2391 2309 ἓν
2417 2277 2518 2309 τινι
2551 2258 2614 2331 ζῇ
2644 2264 2732 2312 καὶ
2764 2256 3041 2334 διακρίνει,
3074 2280 3165 2313 και
3190 2262 3300 2331 ἔχει
3332 2259 3548 2331 θέλημα.

467 2367 590 2424 qua
618 2366 689 2404 ex
708 2353 872 2421 parte
903 2348 1066 2412 vivit,
1099 2348 1400 2414 discernit,
1426 2365 1494 2404 ac
1514 2349 1881 2405 voluntatem
1912 2348 2113 2405 habet.

540 2471 1516 2543 ll.Interrogatio.Nonne.Spiritus
1527 2479 1728 2528 sancto
1745 2472 2112 2535 adveniente,

2299 2474 2370 2523 B'.
2428 2473 2804 2543 Ἐρώτησις.
2870 2473 3059 2545 Οὐχὶ,
3128 2480 3237 2526 τοῦ
3294 2476 3659 2545 Πνεύματος
3718 2480 3830 2525 τοῦ

468 2563 774 2620 naturalis
805 2577 1036 2633 quoque
1062 2561 1541 2630 concupiscentia
1598 2563 1967 2631 aestimatur
1996 2575 2106 2616 uno

2228 2560 2422 2631 ἁγίου
2490 2562 2870 2634 ἐρχομένου,
2938 2568 3044 2615 καὶ
3106 2564 3135 2621 ἡ
3202 2567 3442 2635 φυσικὴ
3512 2565 3832 2635 ἐπιθυμία

467 2669 599 2710 cum
624 2657 865 2721 peccato
894 2651 923 2702 ‘t

2234 2654 2740 2724 συνεκριζοῦται
2779 2656 2935 2724 μετά
2989 2652 3098 2712 τῆς
3136 2652 3504 2725 ἀμαρτίαςς

531 2758 868 2827 Responsio.
910 2759 1096 2813 Antea
1126 2756 1250 2811 dixi
1280 2761 1592 2828 peccatum
1629 2755 1809 2811 simul
1839 2755 2118 2824 eradicai,

2302 2758 2699 2830 Ἀπόκρισις.
2736 2766 2986 2832 Προεῐπον
3018 2762 3098 2811 ὅτι
3128 2764 3217 2811 xui
3247 2762 3275 2817 ἡ
3312 2758 3544 2832 ἁμαρτία
3595 2777 3824 2830 συνεκρι-

466 2847 897 2917 hominemque
936 2846 1053 2918 95
1096 2846 1353 2917 recipere
1384 2845 1641 2916 primam
1701 2844 2104 2900 formationem

2234 2848 2436 2917 ζοῦται,
2491 2853 2581 2899 xui
2655 2848 3006 2919 ἀπολαμϐάνει
3060 2850 3085 2899 6
3138 2850 3410 2924 ἄνθρωπος
3481 2854 3561 2906 τὴν
3612 2853 3816 2921 πρώτην

461 2939 595 3010 puri
627 2937 787 2992 Ades.
820 2935 922 2990 Hic
949 2936 1192 3006 quidem
1221 2937 1500 2990 virtutem
1529 2933 1778 3006 Spiritus
1799 2950 1870 2989 ac
1886 2949 2099 3004 regene

2231 2935 2424 2989 πλάσιν
2474 2944 2563 2988 τοῦ
2617 2939 2849 3010 καθαροῦ
2906 2935 3102 3010 Ἀδάμ.
3157 2939 3320 2999 Οὗτος
3378 2942 3553 3011 μέντοι
3597 2933 3684 2989 διὰ
3728 2937 3820 2997 τῆς

460 3026 757 3082 rationem
801 3023 1173 3095 spiritualem
1206 3023 1583 3095 progreditur
1608 3023 1684 3078 ad
1718 3022 1973 3091 gradum
1996 3038 2098 3093 per

2236 3022 2506 3099 δυνάμεως
2535 3033 2627 3078 τοῦ
2676 3030 2989 3099 Πνεῦματος,
3024 3033 3112 3079 καὶ
3156 3028 3251 3089 τῆς
3302 3025 3682 3099 ἀναγεννήσεως
3732 3045 3831 3087 της

463 3114 732 3172 factionis
760 3113 972 3169 Adami
1014 3113 1210 3185 primi,
1252 3112 1439 3184 ﬁtque
1477 3113 1857 3183 praestantior
1888 3128 1998 3168 eo:
2047 3111 2097 3167 si

2200 3116 2608 3195 ιπνευματικῆς,
2688 3118 2902 3190 ἔρχεται
2974 3121 3042 3178 εὶς
3098 3118 3164 3168 τὰ
3229 3120 3389 3191 μέτρα
3460 3123 3552 3168 τοῦ
3628 3120 3838 3187 πρῶτον

463 3205 708 3278 quidem
733 3203 793 3259 in
824 3203 1075 3259 deorum
1117 3218 1375 3257 numeru
1405 3201 1657 3257 refertur
1680 3201 1884 3256 homo.

2238 3202 2436 3277 Ἀδὰμ,
2491 3211 2581 3259 καὶ
2612 3206 2803 3279 μείζων
2851 3205 3011 3258 αὐτοῦ
3059 3210 3314 3277 γίγνεται.
3369 3206 3711 3259 ’Δποθεοῦται
3740 3208 3843 3281 γὰρ

2239 3296 2264 3345 6
2291 3296 2580 3369 ἄνθρωπος.

556 3381 644 3436 III.
689 3381 1101 3450 Interrogatio.
1143 3381 1348 3437 Utrum
1376 3380 1629 3436 Satanas
1656 3380 1734 3435 ad
1764 3386 1986 3436 certum
2012 3396 2129 3436 mo-

2312 3384 2383 3437 I".
2427 3385 2798 3460 Ἐρώτησις.
2840 3384 2909 3437 Εἰ
2947 3386 2972 3436 6
3011 3390 3295 3447 Σατανᾶς
3333 3388 3544 3457 μέτρῳ
3585 3382 3849 3455 irrupit-

486 3471 628 3526 dum
659 3469 1041 3533 immittatur,
1074 3484 1152 3524 an
1180 3485 1289 3538 pro
1318 3469 1509 3523 lubitu
1539 3469 1838 3538 belligcret
1866 3470 1894 3525 ?

1484 3486 1509 3522 κ
1539 3469 1838 3538 belligeret
1866 3470 1894 3525 ?
2242 3494 2368 3540 ται,
2407 3476 2436 3534 ἣ
2482 3478 2563 3536 ὡς
2604 3474 2770 3527 θέλει
2817 3474 3122 3545 πολεμεῖ;

550 3558 1158 3629 Responsio.lmpetus
1177 3558 1304 3627 ejus
1318 3573 1439 3612 non
1455 3557 1647 3611 solum
1668 3557 1957 3612 adversus
1978 3557 2132 3613 Chri-

2314 3564 2733 3639 Ἀπόκρισις.
2767 3564 2934 3617 Αὐτοῦ
2966 3564 2995 3620 ἡ
3031 3564 3165 3637 ὁρμὴ
3195 3562 3253 3614 οῦ
3284 3582 3438 3635 μονον
3472 3562 3544 3623 εἰς
3566 3564 3690 3622 τοὺς
3718 3568 3854 3634 Χρι-

484 3649 731 3710 stianos,
766 3646 869 3701 sed
901 3646 1079 3701 etiam
1114 3646 1404 3701 adversus
1436 3645 1782 3700 idololatras
1808 3652 1985 3717 atque
2006 3648 2122 3701 uni-

2244 3656 2507 3725 στιανοὺς,
2556 3652 2682 3704 ἀλλά
2732 3657 2822 3704 xui
2882 3652 2954 3713 εἰς
3010 3656 3127 3712 τοὺς
3184 3647 3582 3726 εἰδωλολάτρας,
3641 3654 3734 3701 καὶ
3787 3649 3856 3709 εἰς

479 3752 718 3791 versum
758 3736 1057 3789 mundum
1093 3734 1295 3789 fertur.
1340 3736 1397 3789 Si
1429 3750 1570 3804 ergo
1611 3736 2051 3791 concederetur.
2083 3752 2112 3791 e

2243 3742 2353 3793 ὅλον
2428 3745 2513 3793 τόν
2599 3745 2813 3813 κόσμον.
2876 3741 2936 3793 Εἰ
2989 3737 3076 3792 οὖν
3156 3746 3512 3814 παρεχωρεῖτο
3566 3742 3630 3800 ὡς
3718 3739 3847 3791 θέλει

473 3842 582 3898 pro
612 3825 803 3879 lubitu
827 3824 1049 3879 bellum
1075 3838 1294 3893 gerere,
1313 3839 1522 3879 omnes
1554 3825 1864 3895 sequidem
1890 3824 2110 3880 deleret

2242 3831 2499 3902 πολεμεῖν,
2548 3833 2746 3890 πάντας
2792 3828 2852 3880 ἂν
2896 3831 3133 3901 ἠφάνισε.
3163 3832 3257 3881 Διά
3284 3834 3375 3893 τί;
3431 3835 3527 3881 Οτι
3583 3831 3642 3880 τό
3696 3830 3845 3901 ξογον

481 3916 589 3980 Qui
610 3915 724 3969 hoc
752 3912 781 3967 ?
805 3929 1019 3984 nempe
1055 3914 1219 3984 quod
1253 3929 1405 3983 opus
1429 3929 1498 3968 ac
1524 3913 1891 3969 desiderium
1925 3916 2052 3987 ejus
2071 3915 2119 3970 in

2243 3920 2403 3971 αὐτοῦ
2442 3922 2614 3971 καὶτὸ
2668 3920 2866 3990 θέλημα
2912 3922 3064 3969 τοῦτό
3096 3920 3254 3970 ἐστιν.
3287 3915 3487 3990 ’Ὠσπερ
3533 3913 3592 3969 δὲ
3622 3918 3647 3967 6
3697 3936 3850 3991 κερα-

468 4006 585 4061 hoc
608 4009 891 4059 versetur.
926 4002 1457 4067 Quemadmodum
1489 4007 1691 4058 autem
1730 4003 1950 4073 figulus
1985 4021 2106 4060 vasa

2242 4014 2365 4081 μεῦς
2423 4007 2597 4081 βάλλει
2672 4012 2737 4061 τά
2809 4011 2990 4072 σκεύη,
3050 4012 3139 4058 καὶ
3214 4010 3384 4078 μέτρῳ
3459 4008 3699 4058 ὑποκαίει
3758 4010 3850 4063 τὴν

472 4095 766 4150 missurus
782 4092 839 4146 in
857 4092 1185 4155 fornacem,
1202 4106 1334 4145 eam
1356 4091 1660 4146 moderate
1677 4094 2110 4160 succendit,nor

2241 4101 2477 4170 κάμινον,
2528 4096 2586 4149 οῦ
2631 4096 2799 4164 πλέον,
2853 4098 2934 4148 ἱνα
2978 4101 3049 4168 μὴ
3102 4095 3392 4152 ὀπτηθέντα
3442 4096 3567 4167 ὑπὲρ
3620 4096 3680 4145 τὸ
3730 4090 3851 4146 δέον

472 4183 781 4247 intensius,
812 4197 883 4235 ne
899 4186 1076 4236 cocta
1105 4181 1238 4252 plus
1258 4196 1444 4252 quam
1465 4180 1653 4246 decet,
1682 4182 2110 4249 elidantur;net

2242 4187 2454 4260 ψοφηση
2494 4206 2505 4218 α
2542 4187 2634 4239 οὐκ
2666 4186 2892 4255 ἔλαττον,
2930 4186 3011 4237 ῖνα
3063 4189 3135 4257 μὴ
3190 4185 3361 4257 ἔνωμα
3393 4187 3514 4235 ὅντα
3543 4182 3844 4241 ἀπόληται·

477 4271 802 4334 remissius,
827 4285 901 4324 ne
926 4271 971 4323 si
1006 4272 1191 4323 cruda
1210 4269 1522 4333 exsistant,
1556 4269 1895 4339 dispeream
1920 4287 1989 4326 ac
2011 4273 2115 4325 dis-

2242 4281 2332 4328 xui
2388 4277 2481 4328 εἰό
2530 4275 2890 4350 ἀργυροκόπος
2932 4279 3022 4326 xui
3078 4278 3391 4346 χρυσοχόος
3444 4277 3610 4344 μέτρῳ
3668 4270 3846 4346 βάλλει

475 4360 783 4416 solvantur
826 4375 838 4425 ;
882 4358 1084 4413 itidem
1128 4356 1178 4411 si
1217 4358 1590 4427 argentarius
1632 4364 1688 4412 et
1729 4359 2032 4414 aurifaber
2056 4376 2113 4415 ac

2244 4370 2301 4417 τό
2352 4373 2454 4438 πῦρ
2490 4382 2502 4395 ⁸
2559 4364 2641 4416 ἐὰν
2689 4367 2790 4439 γὰρ
2837 4364 3093 4436 πλεονάσῃ
3147 4365 3206 4415 τό
3254 4370 3381 4435 πῦρ,
3432 4362 3609 4413 λύεται
3640 4363 3665 4413 6
3705 4382 3843 4434 χρυ-

484 4455 709 4505 certum
761 4447 1013 4503 modum
1065 4448 1266 4515 ignem
1314 4447 1602 4513 mittit;si
1660 4449 1818 4503 enim
1869 4448 2122 4504 abundel

2192 4459 2333 4555 )σός
2390 4460 2478 4506 xui
2509 4456 2533 4505 6
2578 4456 2826 4527 ἄργυρος,
2877 4458 2967 4505 καὶ
3018 4448 3368 4525 ἐξυδαροῦται
3416 4456 3504 4504 xui
3534 4450 3830 4503 ἀπόλλυται.

2246 4551 2283 4556 --
2328 4549 2337 4556 .
2403 4544 2413 4556 .
2452 4545 2463 4554 .
2509 4542 2520 4556 .
2568 4545 2588 4556 λ
2648 4549 2657 4556 .
2938 4550 2958 4556 -
3077 4538 3135 4556 η
3251 4540 3264 4556 ,
3488 4547 3507 4556 -
3622 4542 3634 4556 .
3703 4538 3727 4556 ι,
3755 4540 3765 4552 .

476 4538 655 4608 ignis,
684 4537 932 4592 solvitur
956 4551 1171 4591 aurum
1197 4541 1607 4604 etargentum,
1641 4535 1868 4608 liqueﬁt
1892 4540 2091 4609 acperi

2189 4535 2212 4555 ³
2246 4549 2343 4597 Καὶ
2375 4544 2467 4596 εἰό
2500 4542 2817 4616 ἀνθρώπινος
2872 4550 2988 4604 νοῦς
3046 4538 3186 4593 οἶδεν
3244 4540 3531 4614 ἐπιμετρεῐν
3581 4542 3648 4592 τὰ
3694 4538 3827 4613 βάρη

479 4627 683 4683 itidem
704 4626 751 4681 si
779 4627 1050 4680 humana
1076 4642 1245 4680 mens
1276 4626 1440 4680 novit
1470 4633 1629 4679 certo
1651 4627 1918 4696 quodam
1954 4629 2117 4683 modc

2244 4641 2315 4703 τῷ
2349 4638 2544 4697 κτήνει,
2593 4638 2682 4683 xui
2728 4641 2798 4703 τῷ
2829 4631 3067 4704 καμήλῳ,
3113 4631 3142 4689 ἢ
3192 4629 3328 4701 ἄλλῳ
3379 4635 3481 4682 τινὶ
3524 4638 3624 4682 τῶν
3672 4630 3834 4693 ζώων,

476 4717 788 4788 imponere
820 4731 1003 4770 onero
1030 4715 1325 4784 jumento,
1360 4714 1589 4769 camelo
1629 4720 1733 4769 aut
1764 4716 1859 4770 alii
1892 4717 2114 4771 cuidau

2245 4728 2314 4784 ῶς
2345 4719 2566 4774 δύναται
2597 4724 2732 4773 κατά
2762 4720 3037 4791 ἀναλογίαν
3067 4722 3133 4771 τὰ
3162 4718 3301 4793 βάρη
3338 4717 3614 4791 βαστάσαι
3649 4735 3661 4749 ’
3694 4722 3843 4788 πόσῳ

478 4805 1046 4875 adimali,quatenus
1076 4813 1316 4858 servata
1347 4804 1732 4874 proportione
1774 4821 1958 4860 onera
1989 4806 2116 4862 ferri

2243 4812 2433 4885 μᾶλλον
2482 4813 2508 4862 6
2566 4814 2708 4879 Θεὸς,
2765 4811 2821 4872 ὃς
2863 4806 2975 4861 οἶδε
3030 4811 3095 4861 τά
3169 4810 3326 4866 σκεύη
3383 4817 3482 4859 τῶν
3540 4807 3846 4881 ἀνθρώπων,

478 4900 690 4966 potest,
731 4898 955 4964 quanto
986 4892 1180 4961 magis
1212 4893 1387 4956 Deus,
1420 4892 1521 4963 qui
1557 4894 1724 4948 novit
1755 4909 1899 4949 vasa
1927 4894 2110 4952 homo

2135 4928 2137 4936 ι
2245 4902 2393 4963 οὗτος
2419 4900 2673 4972 ἐπαφίησι
2702 4905 2791 4953 καὶ
2821 4903 2912 4958 τὴν
2944 4899 3172 4951 ἐναντίαν
3205 4894 3427 4970 δύναμιν
3458 4894 3726 4972 διαφόρως
3760 4894 3773 4950 Ξ

479 4999 647 5048 num,
708 4983 971 5037 immittit
1027 4982 1434 5037 adversariam
1517 4987 1877 5053 potestatem
1961 4986 2135 5041 variis

479 5071 678 5128 modis
721 5070 732 5124 l

551 5162 641 5215 IV.
683 5158 1205 5223 Quemadmodum
1225 5175 1363 5215 vero
1396 5164 1567 5226 terra,
1596 5161 1876 5233 quamvis
1894 5163 1967 5219 sit
1992 5180 2133 5231 una,

2317 5168 2388 5223 Δ’.
2420 5166 2618 5242 Ὠσπερ
2652 5163 2709 5219 δὲ
2753 5171 2850 5238 μία
2895 5162 3031 5217 οὖσα
3058 5166 3088 5223 ἡ
3121 5161 3213 5236 γῆ,
3257 5163 3288 5222 ἡ
3341 5166 3430 5235 μέν
3469 5160 3583 5214 ἐστι
3629 5167 3853 5236 τραχῶ-

480 5253 607 5308 haec
646 5250 889 5322 quidem
931 5256 1021 5303 est
1061 5264 1299 5315 saxosa,
1323 5249 1422 5304 illa
1451 5266 1592 5305 vero
1618 5251 1859 5322 pinguis
1888 5270 1901 5308 :
1935 5259 1989 5309 et
2016 5255 2118 5311 alia

2246 5253 2367 5324 δης,
2408 5260 2438 5315 ἡ
2502 5254 2559 5310 δὲ
2614 5256 2864 5327 λιπόγεως
2905 5269 2919 5282 ⁸
2978 5260 3069 5307 xui
3117 5253 3242 5311 ἄλλη
3298 5256 3387 5326 μὲν
3440 5246 3739 5309 ἐπιτηδεύει
3780 5251 3847 5311 εἰς

478 5340 727 5413 quidem
756 5344 845 5393 est
892 5338 1102 5393 idonea
1156 5338 1232 5393 ad
1294 5338 1721 5410 plantationem
1774 5344 1982 5408 vineta,
2018 5344 2116 5399 alia

2246 5353 2453 5419 φυτείαν
2504 5345 2818 5418 ἀμπελῶνος,
2870 5344 2997 5403 ἄλλη
3047 5341 3105 5397 δε
3156 5343 3228 5405 είς
3304 5346 3496 5415 σπόρον
3555 5344 3701 5393 σίτου
3757 5345 3849 5392 καὶ

480 5446 620 5487 vero
652 5429 725 5483 ad
775 5427 1199 5483 seminandum
1237 5426 1602 5484 frumentum
1657 5437 1757 5485 aut
1790 5430 2082 5488 hordeum

2244 5439 2435 5510 κριθῶν
2466 5454 2477 5465 ·
2529 5436 2693 5496 οὕτως
2723 5436 2824 5487 εἰσὶ
2871 5432 3115 5509 διάφοροι
3152 5437 3241 5485 καὶ
3273 5432 3430 5485 αὗται
3459 5439 3559 5483 τῶν
3590 5426 3846 5501 καρδιῶν,

478 5522 560 5576 ita
587 5518 753 5574 varia
784 5523 921 5573 sunt
952 5517 1269 5573 hominum
1310 5518 1495 5573 corda
1526 5524 1705 5591 atque
1749 5520 2083 5578 voluntates

2243 5530 2333 5577 xui
2385 5534 2483 5577 τῶν
2535 5529 2884 5600 προαιρέσεων
2933 5532 3032 5575 τῶν
3081 5522 3406 5596 ἀνθρώπων·
3448 5520 3582 5571 οὕτω
3633 5522 3725 5570 xui
3779 5522 3847 5569 τὰ

481 5608 695 5665 eodem
714 5622 958 5679 quoque
998 5606 1183 5662 modo
1224 5606 1388 5662 dona
1414 5606 1670 5679 desuper
1700 5610 2086 5668 conferuntur
2116 5633 2119 5667 :

2245 5620 2566 5688 χαρίσματα
2609 5616 2800 5667 ἄνωθεν
2849 5609 3181 5667 έπιὸίδονται
3227 5628 3241 5643 ·
3346 5611 3436 5683 μὶν
3463 5604 3680 5662 δίδοται
3725 5603 3843 5660 δια-

480 5696 621 5761 huic
642 5696 886 5769 quidem
927 5695 1187 5753 donatur
1212 5694 1651 5753 administratio
1672 5698 1859 5771 verbi,
1884 5699 1962 5756 illi
1992 5718 2118 5759 verc

2247 5711 2394 5756 κόνία
2441 5704 2617 5779 λόγου,
2730 5700 2790 5757 δὲ
2830 5701 3103 5779 διάκρισις
3130 5716 3145 5733 ⁸
3180 5701 3315 5774 ἄλλῳ
3342 5703 3660 5774 χαρίσματα
3691 5696 3843 5781 ἰαμά-
