4148 6262
258 286 363 343 677

262 433 360 464 των
385 430 397 443 ’
431 410 543 465 οἶδε
570 414 669 483 γὰρ
710 412 735 463 6
776 413 924 479 Θεὸς,
969 417 1074 470 πῶς
1122 430 1201 471 τις
1232 406 1452 462 δύναται
1490 410 1855 481 οἰκονομῆσαι,
1899 407 1939 462 Α

260 506 351 554 καὶ
376 502 535 563 οὕτως
591 497 878 553 ἐπιδίδωσι
906 501 974 552 τὰ
1020 504 1336 573 χαρίσματα
1360 496 1587 573 διάφορα
1623 517 1635 528 ·
1670 501 1862 571 ὁμοίως

262 596 352 644 καὶ
400 591 472 654 εἰς
526 594 645 652 τοὺς
698 589 970 661 πολέμους,
1005 593 1141 662 μέρῳ
1193 594 1294 641 τινὶ
1345 591 1414 650 ὡς
1468 585 1690 641 δύναται
1736 590 1860 640 ὑπο-

264 678 519 743 δέξασθαι
586 684 676 732 καὶ
749 681 1044 752 ὑπομεῖναι,
1128 678 1291 739 οὓτως
1362 677 1629 751 ἐπαφίεται
1686 678 1860 739 αὐτοῖς

262 771 294 827 ἠ
320 767 520 822 ἐναντία
549 764 789 840 δύναμις.

336 965 410 1022 E'.
470 964 839 1038 Ἐρώτησις.
880 964 949 1017 Εἰ
994 960 1347 1036 δεξάμενός
1385 982 1483 1024 τις
1529 967 1641 1020 τὴν
1684 964 1858 1014 θείαν

266 1053 560 1128 δύναμιν,
616 1058 723 1107 καὶ
792 1062 1064 1129 μερικῶς
1124 1052 1523 1116 ἀλλοιωθεὶς,
1574 1056 1741 1124 μένει
1803 1051 1859 1103 ἐν

263 1153 335 1215 τῇ
370 1160 591 1217 φυσει;

336 1271 736 1344 Ἀπόκρισις.
783 1268 894 1324 Ἱνα
922 1272 980 1321 τὸ
1023 1268 1220 1341 θέλημα
1265 1273 1355 1321 καὶ
1394 1288 1513 1320 τετα
1562 1271 1649 1325 τὸν
1700 1269 1863 1341 χάριν

267 1357 593 1432 δοκιμασθῇ,
648 1365 748 1411 ποῦ
799 1359 943 1432 ῥέπει
1006 1360 1096 1408 καὶ
1166 1363 1443 1429 συμφωνεῖ,
1502 1358 1639 1427 μένει
1688 1354 1735 1406 ἐν
1798 1362 1859 1427 τῇ

266 1452 548 1506 ταυτότητι
594 1450 623 1505 ἡ
656 1448 832 1519 φύσις,
867 1448 891 1498 ό
926 1445 1148 1521 σκληρὸς
1187 1445 1234 1496 ἐν
1282 1453 1342 1517 τῇ
1388 1444 1726 1519 σκληρότητι,
1778 1448 1865 1495 καὶ

266 1538 292 1588 6
318 1544 505 1609 κοῦφος
548 1536 595 1588 ἐν
647 1545 709 1609 τῇ
758 1541 1063 1609 κουφότητι.
1129 1533 1407 1608 Συμϐαίνει
1433 1530 1511 1599 δὲ,
1542 1536 1621 1586 ὅτι
1652 1531 1865 1593 ἰδιώτης

269 1626 334 1676 ὢν
381 1646 460 1688 τις
510 1625 847 1698 ἀναγεννᾶται
900 1632 1274 1696 πνευματικῶς,
1352 1628 1438 1675 καὶ
1494 1621 1866 1695 μεταϐάλλεται

268 1714 339 1775 εἰς
394 1720 600 1787 σοφίαν,
656 1720 745 1767 καὶ
792 1718 1102 1787 γνωρίζεται
1146 1713 1283 1784 αὐτῷ
1338 1712 1613 1785 ἀπόκρυφα
1664 1718 1865 1784 μυστή-

266 1823 357 1878 ρια
387 1818 401 1833 '
435 1809 522 1856 καὶ
552 1800 768 1863 ἰδιώτης
809 1803 925 1856 ἐστὶ
982 1811 1043 1875 τῇ
1090 1805 1261 1874 φύσει.
1320 1801 1505 1863 Ἀλλος
1541 1801 1641 1853 ἀπὸ
1670 1803 1866 1873 φύσεως

271 1892 494 1967 σκληρὸς
543 1896 630 1957 ὧν,
668 1889 892 1945 δίδωσιν
934 1891 1119 1944 ἑαυτοῦ
1170 1895 1229 1943 τὸ
1278 1891 1475 1963 θέλημα
1526 1890 1596 1951 εἰς
1636 1895 1728 1947 τὴν
1761 1892 1867 1942 θεο-

270 1984 491 2047 σέϐειαν,
540 1986 630 2033 καὶ
682 1977 896 2051 δέχεται
935 1980 1090 2032 αὑτὸν
1127 1980 1152 2031 6
1181 1983 1330 2045 Θεὸς,
1380 1984 1519 2051 μένει
1551 1975 1609 2031 δὲ
1639 1982 1668 2037 ἡ
1712 1982 1869 2051 φύσις

267 2073 315 2123 ἐν
374 2078 434 2143 τῇ
502 2070 840 2143 σκληρότητι,
898 2074 987 2121 καὶ
1039 2065 1245 2121 εὐδοκεῖ
1304 2068 1370 2129 εἰς
1430 2068 1585 2120 αὑτὸν
1634 2068 1658 2118 ό
1709 2073 1856 2129 Θεὸς.

267 2160 450 2221 Ἀλλος
499 2158 608 2212 ἐστὶ
654 2167 907 2232 χρηστῶν
965 2160 1124 2222 ἠθῶν,
1198 2156 1451 2222 ἐπιεικὴς,
1510 2156 1721 2228 ἀγαθὸς,
1778 2154 1866 2209 δί-

272 2246 437 2302 δωσιν
469 2250 648 2301 ἑαυτὸν
678 2257 750 2319 τῷ
788 2256 921 2319 Θεῷ,
978 2251 1069 2299 καὶ
1102 2244 1319 2319 δέχεται
1368 2250 1457 2319 μεν
1512 2247 1666 2298 αὐτὸν
1696 2248 1722 2298 6
1759 2248 1861 2301 Κύ-

269 2359 381 2413 ριος
411 2353 423 2364 ’
489 2342 561 2410 μὴ
611 2336 893 2409 ἐμμένοντα
924 2334 983 2389 δὲ
1030 2343 1135 2397 τοῖς
1186 2335 1406 2406 ἀγαθοῖς
1458 2338 1628 2409 ἔργοις
1673 2336 1767 2387 οὐκ
1794 2335 1869 2387 εύ-

273 2426 436 2493 δοκεῖ,
491 2423 671 2484 ἐπειδὴ
723 2428 752 2484 ἡ
785 2428 942 2498 φύσις
980 2425 1067 2482 ὅλη
1120 2432 1213 2476 τοῦ
1262 2422 1439 2497 Ἀδὰμ
1496 2429 1683 2496 τρεπτὴ
1732 2423 1871 2476 ἐστιν

272 2516 357 2570 ἐπὶ
394 2520 450 2568 τὸ
495 2516 673 2582 καλὸν,
706 2519 794 2567 καὶ
843 2515 926 2568 ἐπὶ
972 2518 1030 2567 τὸ
1069 2517 1246 2585 κακόν,
1301 2511 1512 2573 δεκτικὴ
1546 2521 1637 2567 τοῦ
1685 2522 1868 2581 κακοῦ,

277 2606 385 2659 ἀλλ’
415 2605 460 2658 εἰ
484 2605 613 2658 θέλει
638 2604 732 2658 οὐκ
763 2603 1158 2662 ἀποτελεστική.

348 2731 420 2795 ς’.
459 2736 660 2803 Ὥσπερ
692 2730 954 2801 σωμάτιον
1037 2730 1358 2801 γραφόμενόν
1424 2725 1553 2791 ἐστι,
1611 2723 1875 2799 διαφόρως

275 2818 499 2881 θελήσας
548 2817 803 2890 ἔγραψας,
864 2817 1018 2870 πάλιν
1070 2816 1397 2886 ἀπαλείψας·
1449 2813 1785 2891 δέχεταιγάρ
1816 2819 1875 2868 τὸ

280 2910 546 2981 σωμάτιον
595 2914 769 2961 πᾶσαν
819 2912 1021 2980 γραφήν
1062 2923 1073 2935 ⁸
1114 2906 1248 2958 οὕτω
1295 2907 1431 2957 καὶὸ
1464 2905 1707 2977 σκληρὸς,
1752 2903 1877 2957 ἔδω-

281 3017 367 3049 κεν
399 2998 557 3049 αὑτοῦ
594 3000 653 3047 τὸ
712 2995 911 3067 θέλημα
962 2998 1085 3068 πρὸς
1133 2998 1218 3046 τὸν
1272 2999 1419 3053 Θεὸν,
1454 2996 1649 3065 ἐτράπη
1695 2993 1766 3054 εἰς
1819 2996 1877 3044 τὸ

282 3084 501 3155 ἀγαθὸν,
558 3083 755 3156 ἐδέχθη
789 3086 889 3135 ὑπὸ
919 3092 1008 3135 τοῦ
1041 3091 1194 3137 Θεοῦ.
1225 3082 1285 3134 Ὁ
1317 3086 1419 3156 γὰρ
1463 3086 1586 3143 Θεὸς
1618 3083 1699 3133 ἵνα
1729 3078 1874 3153 δείξῃ
1906 3112 1946 3167 C

276 3176 343 3224 τὰ
381 3172 566 3226 ἑαυτοῦ
601 3172 904 3242 σπλάγχνα,
958 3173 1155 3232 πάντας
1200 3168 1434 3241 δέχεται,
1482 3176 1657 3221 πᾶσαν
1688 3174 1865 3241 προαί-

277 3279 442 3333 ρεσιν.
519 3263 584 3313 Οἱ
628 3259 930 3325 ἀπόστολοι,
990 3260 1060 3321 εἰς
1108 3263 1171 3317 ἧν
1226 3260 1287 3310 ἄν
1331 3257 1479 3311 πόλιν
1538 3259 1875 3331 εἰσήρχοντο,

278 3352 485 3402 ἐποίουν
536 3351 653 3401 τινὰ
697 3353 909 3423 χρόνον,
965 3353 1054 3401 καὶ
1111 3349 1168 3400 ἐκ
1212 3356 1310 3400 τῶν
1352 3352 1679 3419 κακουμένων
1728 3351 1869 3409 τινας

283 3437 451 3504 ἰῶντο,
502 3439 646 3500 τινὰς
704 3434 762 3489 δὲ
808 3440 893 3495 οὔ,
941 3436 1153 3490 ’Ἠθελον
1209 3434 1268 3489 δὲ
1298 3437 1444 3489 αὐτοὶ
1496 3440 1545 3489 οἱ
1593 3434 1870 3490 ἀπόστολοι

279 3527 474 3587 πάντας
520 3530 640 3588 τοὺς
698 3529 905 3600 νεκροὺς
956 3526 1114 3580 οὔτῶν
1165 3526 1456 3590 ζωοποιεῖν,
1504 3531 1595 3579 καὶ
1642 3529 1756 3585 τοὺς
1788 3545 1879 3577 κα-

277 3619 556 3689 κουμένους
605 3616 672 3677 εἰς
716 3617 915 3687 ὑγίειαν
974 3621 1157 3691 φέρειν,
1218 3622 1307 3668 καὶ
1358 3615 1598 3676 ὀλοτελῶς
1645 3619 1739 3667 οὐκ
1769 3614 1874 3685 ἐγί-

278 3724 390 3758 νετο
445 3706 614 3759 αὐτῶν
678 3709 737 3758 τὸ
809 3704 1009 3777 θέλημα
1040 3725 1053 3737 ·
1104 3705 1162 3756 ού
1210 3707 1312 3777 γὰρ
1372 3704 1670 3780 ἐπετρέπετο
1710 3708 1883 3764 αὐτοῖς

280 3797 382 3848 ὅσα
424 3794 604 3853 ἤθελον
652 3802 836 3848 ποιεῖν.
875 3794 1097 3866 Ὁμοίως
1159 3800 1250 3847 καὶ
1289 3796 1314 3845 6
1356 3794 1582 3860 Παῦλος,
1626 3794 1708 3846 ὅτε
1737 3793 1885 3867 ἐκρα-

281 3885 417 3942 τήθη
459 3885 559 3936 ὑπὸ
599 3891 690 3935 τοῦ
740 3882 1023 3956 ἐθνάρχου,
1059 3883 1102 3935 εἰ
1127 3884 1300 3941 ἢθελεν
1328 3886 1358 3941 ἡ
1404 3887 1496 3935 σύν
1527 3883 1666 3954 αὐτῷ
1698 3885 1882 3957 χάρις,

283 3970 556 4023 ἄποίειτὸν
596 3974 859 4044 ἱθνάρχην
907 3977 997 4023 καὶ
1052 3975 1111 4025 1'6
1142 3978 1322 4042 τεῖχος
1372 3968 1745 4045 διαρραγῆναι,
1797 3970 1885 4021 ἆν-

287 4060 487 4131 θρωπος
543 4061 679 4130 ἔχων
731 4058 1071 4132 Παράκλητον
1100 4077 1113 4091 ·
1173 4058 1301 4110 ἀλλά
1352 4056 1444 4110 διὰ
1477 4062 1739 4132 σαργάνης
1778 4078 1884 4129 χα-

286 4146 443 4199 λᾶται
474 4148 499 4198 6
544 4146 875 4207 Ἀπόστολος.
938 4151 1039 4200 Καὶ
1092 4154 1193 4199 ποῦ
1224 4148 1254 4204 ἡ
1291 4155 1523 4199 συνοῦσα
1571 4151 1683 4199 θεία
1732 4144 1886 4199 δύνα-

286 4253 417 4308 μις;
474 4243 643 4289 ταῦτα
686 4235 1023 4308 οἰκονομικῶς
1079 4239 1290 4307 ἐγίνετο,
1327 4239 1394 4297 ιῖς
1432 4255 1549 4288 τινα
1605 4238 1889 4310 πράγματα

288 4331 452 4379 ποιεῖν
501 4325 692 4387 αύτούς
752 4332 947 4397 σημεῖα
1000 4330 1090 4378 καὶ
1161 4327 1452 4397 θαυμάσια,
1508 4331 1597 4378 καὶ
1654 4328 1722 4385 εῖς
1774 4345 1889 4378 τινα

290 4415 522 4468 ἀσθενεῖν
563 4416 793 4477 αύτούς·
850 4416 931 4467 ἵνα
987 4418 1035 4468 ἐν
1093 4417 1294 4476 τούτοις
1347 4412 1597 4488 διακριθῇ
1638 4417 1667 4472 ἡ
1711 4419 1891 4476 πίστις
1925 4461 1968 4515 D

294 4514 394 4557 τῶν
438 4504 673 4558 ἀπίστων
728 4509 820 4557 καὶ
872 4513 971 4558 τῶν
1020 4514 1241 4572 πιστῶν,
1295 4510 1386 4557 καὶ
1441 4508 1499 4557 τὸ
1559 4504 1892 4566 αὐτεξούσιον

295 4592 622 4667 δοκιμασθῇ,
678 4600 766 4648 καὶ
806 4596 1096 4668 φανερωθῇ,
1167 4595 1271 4667 εἰγε
1326 4594 1397 4656 εἰς
1436 4597 1503 4646 τὰ
1550 4594 1895 4667 ἀσθενέστερα

294 4687 424 4756 μέρη
475 4687 605 4745 τινες
664 4684 723 4735 ού
776 4682 1239 4748 σκανδαλίζονται.
1299 4684 1359 4735 Εἰ
1409 4687 1509 4757 γὰρ
1570 4686 1740 4736 πάντα
1795 4685 1894 4735 ὅσα

295 4771 478 4829 ἤθελον
534 4772 737 4825 ἐποίουν
788 4776 835 4825 οἱ
893 4773 1192 4845 ἀπόστολοι,
1264 4773 1627 4846 ἀναγκαστικῇ
1676 4770 1896 4844 δυνάμει

294 4858 534 4932 ἐφύτευον
577 4864 694 4921 τοὺς
749 4860 1053 4936 ἀνθρώπους
1092 4864 1158 4924 εἰς
1219 4867 1313 4921 τὴν
1356 4862 1667 4929 θεοσέϐείαν,
1702 4859 1796 4914 διὰ
1831 4864 1896 4914 τὰ

297 4955 513 5021 σημεῖα,
567 4954 657 5001 καὶ
701 4953 759 5002 τὸ
820 4951 1173 5018 αὐτεξούσιον,
1234 4956 1324 5003 καὶ
1374 4952 1546 5004 ούκέτι
1599 4956 1772 5012 πίστις
1806 4955 1896 5002 καὶ

296 5037 521 5091 ἀπιστία
552 5057 565 5072 ·
618 5040 643 5090 ό
700 5040 801 5111 γὰρ
832 5043 1250 5112 Χριστιανισμός
1280 5040 1421 5102 λίθος
1471 5040 1583 5093 ἐστὶ
1630 5045 1895 5114 προσκόμ-

290 5146 453 5201 ματος
482 5132 572 5180 καὶ
600 5131 764 5203 πέτρα
798 5124 1116 5183 σκανδάλου.

1517 285 1853 342 HOMILi/E.
1898 317 1961 327 —
2004 287 2176 344 HOM.
2220 289 2412 345 XXVI.

3521 294 3626 349 678

1972 409 2272 479 discretio,
2302 413 2399 469 alii
2430 413 2660 469 donum
2701 415 3044 470 conferendi
3077 416 3418 473 sanitatem.
3459 418 3626 473 Novit

1972 501 2127 555 enim
2158 504 2306 556 Deus
2332 518 2453 573 quo
2474 507 2649 574 pacto
2674 502 2811 575 quis
2836 503 3185 575 dispensare
3206 506 3414 576 possit,
3445 514 3624 578 atque

1970 603 2039 644 ea
2068 591 2295 645 ratione
2326 590 2550 646 confert
2581 591 2816 655 diversa
2847 591 3028 648 dona.
3072 593 3350 648 Similiter
3379 606 3624 665 quoque

1970 678 2046 733 ad
2074 677 2230 734 bella
2260 684 2416 735 certo
2446 681 2713 752 quodam
2750 681 2931 736 modo
2960 697 3070 752 pro
3101 682 3326 738 viribus
3356 683 3623 739 hominis

1970 768 2352 839 suscipienda
2368 783 2437 823 ac
2459 768 2831 835 sustinenda,
2858 770 2935 825 ad
2957 770 3118 826 hunc
3146 771 3625 829 modumimmit-

1971 855 2109 911 titur
2137 856 2249 912 illis
2280 857 2623 914 adversaria
2652 864 2934 929 potestas.

2040 965 2104 1018 V.
2126 966 2541 1036 Interrogatio.
2570 968 2779 1023 Utrum
2810 968 2914 1038 qui
2925 968 3144 1036 accipit
3157 968 3417 1025 divinam
3433 970 3617 1034 virtu,

1973 1059 2106 1117 tem,
2126 1070 2197 1110 ac
2211 1055 2274 1111 in
2288 1063 2464 1125 parte
2484 1063 2769 1121 mutatur,
2793 1057 2855 1112 in
2884 1063 3109 1113 natura
3130 1072 3240 1113 sua
3265 1064 3573 1127 permanet
3596 1057 3624 1112 ?

2050 1270 2390 1338 Responsio.
2425 1272 2494 1326 Ut
2526 1269 2802 1325 voluntas
2844 1274 2983 1342 post
3022 1275 3334 1342 acceptam
3381 1284 3626 1343 quoque

1975 1357 2228 1426 gratiam
2274 1358 2579 1430 probetur,
2629 1374 2752 1430 quo
2798 1360 3021 1425 tendat,
3066 1360 3231 1415 cuive
3273 1359 3627 1415 consentiat-

1976 1449 2188 1501 natura
2220 1453 2489 1502 remanet
2527 1448 2759 1511 eadem.
2803 1448 2991 1503 durus
3032 1449 3088 1503 in
3129 1448 3365 1513 duritie,
3400 1452 3455 1503 et
3483 1447 3628 1503 levis

1975 1535 2035 1591 in
2065 1535 2319 1591 levitate.
2355 1537 2808 1605 Contingitvero
2830 1536 3133 1608 plebeium
3153 1538 3502 1609 quempiam
3528 1551 3625 1591 re-

1977 1626 2246 1693 generari
2278 1625 2677 1696 spiritualiter,
2711 1643 2780 1683 ac
2824 1627 3040 1681 mutari
3076 1628 3135 1681 in
3175 1627 3529 1698 sapientem,
3573 1630 3631 1680 et

1979 1714 2173 1769 eidem
2195 1714 2441 1768 revelari
2463 1714 2696 1770 occulta
2718 1716 3002 1785 mysteria
3023 1734 3038 1785 ;
3064 1716 3167 1787 qui
3190 1721 3407 1770 natura
3426 1720 3627 1770 tamen

1978 1802 2247 1872 plebeius
2277 1806 2383 1857 est.
2419 1802 2581 1857 Alius
2615 1803 2801 1858 durus
2842 1809 3076 1867 natura,
3128 1803 3394 1875 applicat
3422 1802 3631 1858 volun-

1980 1898 2159 1948 tatem
2185 1908 2357 1948 suam
2390 1892 2468 1947 ad
2494 1892 2718 1947 cultum
2773 1892 3068 1956 divinum,
3124 1908 3306 1964 quem
3358 1897 3633 1962 acceptat

1978 1996 2222 2052 quoque
2254 1983 2439 2043 Deus;
2475 1985 2741 2036 remanet
2762 1996 2898 2036 vero
2918 1987 3131 2036 natura
3156 1982 3284 2052 ejus
3306 1981 3367 2035 in
3398 1996 3511 2035 sua
3527 1980 3633 2034 du-

1978 2069 2125 2128 ritie,
2148 2070 2316 2140 isque
2346 2069 2464 2124 Deo
2486 2069 2697 2140 placet.
2724 2069 2885 2124 Alius
2911 2074 2999 2124 est
3031 2070 3302 2125 moribus
3325 2068 3629 2138 benignis,

1981 2174 2211 2229 aequus,
2243 2158 2473 2224 bonus;
2501 2158 2669 2213 offert
2696 2159 2965 2230 seipsum
2990 2159 3128 2221 Deo,
3153 2174 3223 2214 ac
3249 2158 3463 2230 recipit
3492 2174 3631 2212 eum

1984 2248 2309 2313 Dominus;
2344 2263 2413 2303 eo
2444 2263 2608 2315 vero,
2664 2247 2769 2318 qui
2820 2263 2941 2303 non
2987 2254 3332 2318 perseverat
3360 2248 3421 2302 in
3452 2246 3631 2302 bonis

1981 2336 2287 2406 Operibus,
2315 2352 2437 2391 non
2460 2335 2817 2403 delectatur;
2848 2336 3145 2408 siquidem
3210 2338 3493 2392 universa
3522 2351 3632 2391 na-

1982 2430 2114 2481 tura
2135 2424 2276 2480 Adee
2310 2424 2614 2479 mutabilis
2637 2429 2723 2479 est
2742 2432 2865 2479 tum
2893 2426 2952 2480 in
2981 2425 3232 2491 bonum,
3264 2431 3389 2481 tum
3421 2425 3481 2480 in
3512 2441 3635 2481 ma-

1981 2513 2144 2575 lum;
2179 2529 2371 2584 capax
2398 2514 2643 2585 quidem
2674 2514 2836 2581 mali,
2865 2514 3030 2585 quod
3064 2520 3284 2585 tamen,
3319 2516 3367 2570 si
3389 2513 3541 2581 velit,
3574 2514 3635 2569 in

1983 2602 2257 2659 effectum
2293 2618 2415 2659 non
2444 2602 2703 2658 deducit.

2059 2728 2143 2780 VI.
2178 2726 2702 2792 Quemadmodum
2736 2730 2822 2781 est
2880 2727 3237 2782 membrana
3267 2726 3472 2782 litteris
3500 2742 3638 2783 con-

1989 2816 2119 2881 sita,
2149 2816 2209 2869 in
2235 2831 2356 2887 qua
2377 2816 2559 2880 varie,
2592 2822 2653 2870 ut
2671 2814 2947 2880 volueris.
2974 2816 3301 2886 scripseris,
3332 2831 3401 2871 ac
3424 2831 3632 2871 rursus

1989 2904 2420 2960 oblitteraveris
2438 2904 2624 2975 (capit
2644 2904 2802 2959 enim
2828 2904 3178 2960 membrana
3206 2920 3635 2976 quamcunque

1990 2994 2107 3063 96
2132 2992 2509 3063 scripturam)
2525 2993 2609 3046 sic
2631 2994 2809 3047 etiam
2846 2993 3033 3048 durus
3064 2992 3433 3049 voluntatem
3461 3009 3636 3049 suam

1990 3080 2235 3137 contulit
2247 3082 2305 3135 in
2323 3084 2859 3144 Deum,conversus
2873 3082 3047 3137 estad
3062 3082 3640 3154 bonum,susceptus

1990 3170 2302 3226 estaDeo.
2336 3172 2486 3224 Deus
2540 3171 2720 3234 enim,
2781 3177 2843 3225 ut
2895 3171 3105 3227 intima
3149 3172 3368 3227 amoris
3411 3172 3641 3228 viscera

1990 3261 2448 3324 demonstraret,
2478 3274 2689 3314 omnes
2730 3259 2938 3331 recipit
2976 3275 3343 3331 omnemque
3374 3259 3641 3315 volunta-

1990 3354 2129 3404 tem.
2156 3347 2414 3420 Apostoli
2443 3363 2873 3420 quamcunque
2898 3349 3195 3404 civitatem
3224 3348 3639 3417 ingredieban-

1991 3445 2105 3506 tur,
2140 3438 2532 3493 morabantur
2558 3439 2617 3492 in
2641 3452 2711 3493 ea
2741 3437 3117 3509 aliquantum
3150 3440 3458 3510 temporis,
3481 3444 3534 3494 et
3566 3454 3637 3494 ex

1992 3527 2148 3581 male
2162 3525 2385 3582 affectis
2398 3528 2689 3598 quosdam
2705 3527 3321 3600 sanabant,quosdam
3338 3543 3478 3584 vero
3493 3542 3634 3584 non.

1996 3618 2374 3687 Exoptabant
2397 3631 2536 3671 vero
2556 3617 2669 3687 ipsi
2692 3616 2945 3688 apostoli
2967 3624 3213 3672 cunctos
3236 3634 3445 3673 eorum
3475 3633 3636 3673 mor-

1992 3706 2198 3762 tuosin
2210 3706 2391 3761 vitam
2410 3705 2773 3774 postliminio
2791 3722 3092 3772 revocare,
3111 3713 3164 3761 et
3180 3706 3333 3763 male
3348 3707 3641 3762 habentes

1994 3795 2070 3852 ad
2094 3796 2410 3849 sanitatem
2445 3794 2806 3866 perducere;
2838 3811 3044 3850 verum
3103 3799 3382 3851 voluntas
3431 3810 3640 3851 eorum

1995 3899 2117 3939 non
2149 3899 2253 3955 per
2277 3884 2484 3937 omnia
2514 3883 2912 3953 implebatur;
2947 3900 3065 3939 non
3100 3885 3256 3938 enim
3281 3884 3538 3940 dabatur
3554 3885 3640 3939 eis

1995 3987 2375 4043 quaecunque
2400 3971 2695 4036 volebant,
2729 3988 3031 4042 peragere.
3064 3972 3346 4027 Similiter
3398 3972 3638 4035 Paulus,

1997 4075 2132 4113 cum
2157 4060 2515 4114 detineretur
2533 4076 2569 4115 a
2591 4059 2870 4129 praefecto
2900 4060 3108 4131 gentis,
3137 4062 3182 4115 si
3208 4060 3492 4115 voluisset
3512 4074 3644 4128 gra-

1998 4149 2078 4203 tia
2125 4162 2245 4219 qua
2269 4148 2556 4217 praeditus
2599 4154 2744 4212 erat,
2806 4149 3037 4203 fecisset
3096 4148 3441 4219 praefectum
3476 4148 3644 4203 illum

1997 4237 2208 4306 gentis,
2244 4240 2422 4307 atque
2448 4252 2685 4290 murum
2718 4237 3001 4309 dirumpi,
3032 4243 3087 4292 et
3109 4236 3362 4306 effringi,
3397 4238 3642 4310 quippe,

1998 4326 2099 4397 qui
2122 4325 2305 4380 homo
2328 4328 2453 4380 erat
2472 4325 2771 4381 Paracleto
2803 4324 3096 4396 repletus;
3118 4342 3325 4381 verum
3350 4342 3454 4398 per
3482 4342 3648 4397 spor-

2000 4415 2450 4470 tamdimittitur
2480 4414 2799 4485 Apostolus
2830 4416 2973 4468 “'5‘.
3002 4418 3065 4470 Et
3096 4415 3196 4470 ubi
3223 4415 3643 4479 virtusdivina,

2002 4519 2124 4573 qua
2136 4503 2421 4575 prmditus
2436 4512 2558 4558 erat
2571 4503 2597 4557 ?
2629 4504 2762 4557 Haec
2780 4519 2918 4558 cum
2933 4503 3381 4574 dispensatione
3397 4504 3641 4569 ﬁebant,

2004 4598 2066 4648 ut
2096 4593 2459 4664 quibusdam
2492 4592 2551 4647 in
2583 4592 2762 4647 rebus
2794 4592 3083 4648 miracula
3114 4610 3182 4648 ac
3213 4593 3385 4662 signa
3407 4594 3650 4648 ederent

2004 4684 2135 4754 ipsi,
2168 4682 2225 4736 in
2244 4682 2548 4753 aliquibus
2567 4682 2763 4737 minus
2778 4688 3022 4753 possent
3050 4699 3061 4737 :
3090 4682 3227 4737 utin
3254 4682 3415 4737 hisce
3432 4682 3649 4737 discer-

2004 4775 2243 4826 neretur
2270 4770 2416 4825 ﬁdes
2444 4770 2834 4834 credentium,
2863 4776 2918 4825 et
2940 4786 3059 4825 non
3092 4770 3480 4831 credentium.
3504 4770 3651 4825 libe-

2006 4875 2259 4931 rumque
2293 4860 2600 4915 arbitrium
2650 4859 3022 4930 probaretur,
3054 4876 3122 4914 ac
3152 4860 3650 4926 manifestaretur,

2008 4966 2151 5005 num
2186 4950 2435 5020 quidam
2457 4948 2535 5004 ob
2568 4949 2837 5021 ipsorum
2861 4948 2919 5003 in
2942 4949 3313 5020 quibusdam
3345 4948 3655 5004 inﬁrmita-

2010 5045 2127 5094 tem
2151 5036 2547 5093 offensionem
2576 5041 2940 5107 paterentur,
2975 5053 3183 5093 necne.
3205 5036 3261 5092 Si
3295 5039 3654 5109 enim,qu&3-

2024 5141 2262 5199 cunque
2294 5125 2596 5191 volebant,
2654 5126 2930 5181 fecissent
2974 5126 3249 5199 ap0stoli,
3299 5126 3357 5181 vi
3388 5127 3656 5199 quadam

293 5217 635 5274 necessaria
655 5216 1091 5289 compulissent
1109 5216 1388 5273 homines
1406 5217 1481 5272 ad
1513 5216 1737 5274 cultum
1759 5217 2050 5281 divinum,
2076 5232 2182 5287 per
2207 5214 2515 5282 miracula,
2548 5220 2603 5270 et
2626 5214 2874 5271 liberam
2893 5221 3251 5286 potestatem
3272 5232 3380 5271 nec
3398 5215 3657 5286 amplius

300 5307 452 5363 ﬁdes
481 5307 710 5374 fuisset,
739 5313 845 5364 aut
870 5306 1213 5363 inﬁdelitas.
1246 5306 1716 5362 Christianorum
1749 5306 1942 5362 cultus
1970 5306 2130 5361 enim
2154 5304 2310 5375 lapis
2342 5310 2428 5359 est
2452 5303 2806 5359 offensionis
2839 5311 2894 5361 et
2925 5312 3093 5376 petra
3122 5305 3410 5361 scandali.

367 5396 442 5447 Z'.
493 5398 633 5456 Πλὴν
664 5401 722 5450 τὸ
774 5402 892 5472 περὶ
928 5404 1020 5451 τοῦ
1069 5394 1187 5450 Ἰὼϐ
1214 5400 1587 5469 γεγραμμένον,
1630 5395 1725 5448 οὐκ
1758 5398 1898 5447 ἔστιν

301 5484 493 5551 ἁπλῶς,
546 5494 656 5549 πῶς
706 5486 1000 5562 ἐξῃτήσατο
1072 5486 1229 5541 αὐτὸν
1279 5487 1306 5539 6
1363 5490 1609 5545 Σατανᾶς.
1666 5484 1741 5537 Ού
1798 5486 1899 5559 γὰρ

373 5657 503 5700 εει-σι
541 5660 667 5717 Act.
690 5672 768 5729 ιχ,
798 5661 887 5714 24.

2083 5394 2198 5448 VII.
2221 5396 2455 5458 Verum,
2477 5394 2637 5465 quod
2663 5394 2902 5451 deJobo
2921 5396 3207 5466 scriptum
3231 5399 3338 5457 est,
3366 5409 3483 5448 non
3504 5392 3654 5455 leve,

2011 5488 2112 5540 aut
2137 5483 2388 5540 omnino
2400 5482 2630 5539 nullum
2647 5490 2759 5555 est,
2781 5484 3092 5557 quomodo
3110 5483 3391 5539 nimirum
3408 5482 3659 5536 Satanas
