4148 6262
509 333 616 390 679
1813 327 1874 381 S.
1916 321 2217 381 MACARII
2259 319 2565 377 EGYPTII
3772 321 3879 377 680

513 474 653 515 eum
685 457 1044 530 expetiverit.
1074 460 1202 513 Non
1227 454 1381 511 enim
1420 454 1610 526 potuit
1642 454 1768 509 sine
1796 452 2095 525 permissu
2124 466 2151 505 θ

2267 444 2499 506 ἠδύνατο
2555 446 2674 499 ἄνευ
2753 445 3045 518 ἑπιπροπῆς
3119 442 3205 517 ἀφ’
3263 443 3453 498 ἑαυτοῦ
3505 465 3558 498 τι
3632 455 3875 507 ποιῆσαι.

514 564 575 604 se
600 548 733 620 ipso
746 546 1083 619 quidquam
1100 545 1314 601 facere.
1331 544 1568 609 Verum,
1583 543 1727 614 quid
1744 541 1888 597 dicit
1906 540 2152 596 Domino

2271 536 2427 590 Ἀλλὰ
2451 541 2501 589 τί
2529 535 2665 607 λέγει
2688 542 2758 604 τῷ
2801 538 2975 607 Κυρίῳ
3002 535 3027 584 6
3060 530 3351 605 διάϐολος;
3386 539 3497 596 Δός
3536 554 3647 607 μοι
3686 536 3880 589 αὐτὸν

514 635 796 692 diabolus
832 636 853 689 ἲ
880 637 969 691 Da
992 634 1142 690 mihi
1167 634 1345 689 illum
1368 633 1431 688 in
1453 648 1688 701 manus,
1718 631 1836 686 nisi
1854 632 1917 684 in
1942 629 2152 698 faciem

2273 625 2362 685 εἰς
2389 632 2627 697 χεῖρας
2656 643 2669 655 ο
2762 628 2883 695 μὴν
2912 622 3005 684 εἰς
3036 628 3379 697 πρόσωπόν
3413 643 3481 676 σε
3512 625 3878 697 εὐλογήσει.

516 724 623 780 tibi
654 724 1103 781 benedixerit“.
1139 725 1257 778 Hoc
1273 722 1474 793 itaque
1504 720 1689 776 modo
1712 735 1874 776 nunc
1900 717 2154 774 estidem

2272 715 2452 776 Οὕτως
2489 720 2579 767 καὶ
2604 722 2691 766 νῦν
2745 715 2771 765 6
2802 714 2957 775 αὐτὸς
2990 711 3107 766 Ἰὼϐ
3158 712 3292 781 ἐστι,
3347 718 3437 766 καὶ
3468 714 3494 765 6
3534 714 3693 776 αὐτὸς
3728 720 3879 780 Θεὸς,

511 813 639 878 Job,
678 814 834 868 idem
868 814 1045 878 Deus,
1096 818 1152 867 et
1198 811 1354 866 idem
1413 810 1714 866 diabolus.
1746 809 1826 865 Eo
1855 810 1991 881 ipso
2020 821 2149 875 ergc

2271 809 2360 857 xui
2386 806 2411 856 6
2442 804 2598 866 αὐτὸς
2633 800 2896 863 διάϐολος.
2932 804 3013 856 Ἐν
3054 804 3161 874 ὅσῳ
3219 798 3306 855 οὗν
3346 805 3600 875 τυγχάνει
3640 813 3734 867 τῆς
3788 804 3881 857 ἀν-

513 909 840 965 momento,
865 917 988 972 quo
1009 906 1370 957 consecutus
1391 905 1515 955 erat
1538 899 1769 954 Domini
1802 896 2087 953 auxilium
2108 900 2151 950 et

2270 893 2528 964 τιλὴψεως
2578 901 2732 957 Θεοῦ,
2791 897 2882 945 καὶ
2930 895 3045 944 ἔστι
3097 893 3367 965 πρόθυμος
3404 898 3495 945 καὶ
3527 893 3652 953 ζέων
3680 901 3741 966 τῇ
3772 896 3880 967 χά-

513 996 829 1063 promptus
851 995 976 1046 erat
1022 994 1075 1044 et
1102 989 1365 1044 fervidus
1428 989 1615 1060 gratia
1659 986 1973 1059 expetebat
1996 984 2151 1039 illum

2270 1001 2378 1055 ριτι
2409 982 2681 1045 ἐξαιτεὶται
2714 982 2869 1033 αὐτόν
2896 983 2921 1032 6
2953 987 3201 1040 Σατανᾶς.
3244 986 3343 1034 Καὶ
3398 980 3531 1054 λέγει
3563 990 3633 1053 τῷ
3677 989 3876 1057 Κυρίῳ,

516 1080 785 1145 Satanas,
817 1079 1022 1133 dicens
1055 1078 1347 1133 Domino:
1386 1078 1726 1148 Quiajuvas
1746 1076 1938 1140 illum,
1963 1078 2017 1130 et
2036 1088 2154 1128 suc-

2272 1068 2530 1129 Ἐπειδὴ
2593 1068 2863 1143 βοηθεῖς
2930 1072 3122 1140 αὐτῷ,
3198 1075 3307 1123 xui
3372 1070 3883 1143 ἁντιλαμϐάνεις

512 1170 711 1225 curris
727 1168 844 1232 illi,
864 1169 1044 1223 servit
1070 1167 1173 1221 tibi
1194 1190 1214 1236 ,-
1235 1167 1505 1238 relinque
1526 1168 1721 1229 illum,
1742 1170 1795 1221 et
1812 1164 1983 1220 trade
1993 1162 2150 1227 mihi,

2271 1161 2487 1225 αὐτοῦ,
2523 1158 2820 1213 δουλεύει
2848 1177 2983 1227 σοις
3037 1161 3190 1232 ἄφες
3219 1160 3421 1212 αὐτόν
3450 1166 3561 1214 καὶ
3589 1159 3883 1233 παράδος

510 1257 629 1312 nisi
652 1258 715 1311 in
746 1257 966 1325 faciem
991 1257 1100 1311 tibi
1120 1255 1484 1312 benedixerit
1508 1256 1577 1309 ⁵⁸.
1606 1257 1884 1326 Superest
1911 1260 1989 1318 ut,
2020 1252 2148 1323 quis

2271 1268 2400 1321 μοι,
2430 1245 2602 1320 μὴν
2642 1249 2735 1311 εἰς
2766 1254 3113 1322 πρόσωπον
3164 1268 3230 1301 σε
3260 1249 3491 1321 εὐλογὴ
3511 1268 3629 1305 σει.
3658 1255 3879 1315 Λοιπὸν,

510 1345 923 1401 consolatione
956 1344 1213 1400 reﬁcitur
1270 1347 1491 1409 anima,
1532 1344 1721 1413 gratia
1752 1359 1815 1397 se
1846 1341 2148 1403 subducat,

2272 1340 2341 1398 ὡς
2370 1340 2450 1389 ότι
2488 1338 2865 1412 παρακαλεῖται
2894 1341 2923 1397 ἠ
2971 1339 3148 1410 ψυχὴ,
3178 1341 3207 1397 ἡ
3237 1340 3399 1412 χάρις
3430 1338 3753 1404 ύποστέλλει,
3789 1345 3881 1392 καὶ

512 1440 691 1505 atque
720 1434 926 1489 anima
957 1432 1386 1488 tentationibus
1436 1434 1724 1489 tradatur.
1755 1433 1992 1486 Accedit
2022 1444 2150 1498 ergc

2271 1425 2635 1501 παραδίδοται
2665 1431 2693 1486 ἡ
2741 1428 2890 1499 ψυχὴ
2933 1435 3265 1500 πειρασμοῖς.
3298 1427 3555 1503 Ἔρχεται
3580 1429 3666 1481 ούν
3698 1431 3723 1481 6
3754 1424 3876 1481 διά-

512 1522 815 1588 diabolus,
847 1522 1107 1577 inferens
1142 1522 1379 1579 inﬁnita
1430 1522 1609 1586 mala,
1658 1522 2150 1589 desperationem,

2273 1515 2434 1583 ϐολος,
2463 1516 2711 1591 ἐπιφέρων
2750 1524 2916 1591 μυρία
2974 1521 3131 1581 κακὰ,
3175 1516 3519 1590 ἀπελπισμὸν,
3550 1518 3874 1589 ἀπόγνωσιν,

511 1612 1118 1677 abrenuntiationem,
1173 1611 1568 1681 cogitationes
1623 1626 1858 1681 pravas,
1890 1607 2149 1677 afﬂigens

2274 1603 2654 1679 διαλογισμοὺς
2682 1612 2958 1679 πονηρούς,
2994 1606 3179 1661 θλίϐων
3226 1612 3321 1665 τὴν
3359 1607 3572 1679 ψμχὴν,
3622 1611 3704 1661 ἶνα
3741 1629 3886 1680 χαυ-

512 1700 801 1765 animam,
837 1707 899 1755 ut
947 1699 1210 1781 emolliat
1264 1705 1322 1754 et
1376 1698 1674 1754 abalienet
1716 1714 1850 1753 eam
1909 1713 2072 1768 aspe
2102 1696 2150 1751 in

2131 1712 2163 1751 [ι
2272 1701 2412 1768 νώση
2438 1701 2525 1749 καὶ
2553 1696 2874 1771 ἀλλοτριώσῃ
2903 1699 3096 1754 ταύτην
3126 1705 3221 1759 τῆς
3242 1692 3451 1757 ἐλπίδος
3482 1704 3574 1749 τοῦ
3615 1704 3769 1751 θεοῦ.

514 1789 699 1845 Deum
729 1796 1039 1859 concepta.
2197 1796 2241 1851 Β

586 1879 718 1933 VIII.
744 1879 1009 1933 Prudens
1038 1884 1238 1933 autem
1292 1877 1516 1943 anima,
1548 1878 1711 1933 hisce
1763 1876 1935 1931 malis
1985 1880 2164 1947 atque

2344 1872 2503 1927 H'.'H
2547 1870 2606 1926 δε
2643 1879 2862 1949 φρονίμη
2917 1874 3073 1946 ψυχὴ
3133 1877 3182 1926 ἐν
3247 1881 3358 1937 τοῖς
3410 1882 3592 1938 κακοῖς
3631 1871 3768 1928 οὖσα
3794 1880 3883 1929 xui

513 1966 938 2024 afﬂictionibus
958 1966 1193 2033 obruta,
1218 1983 1334 2022 non
1360 1967 1659 2038 desperat,
1681 1966 1786 2021 sed
1805 1971 1978 2031 tenet,
1998 1964 2151 2037 quod

2272 1960 2318 2013 ἐν
2369 1970 2432 2033 τῇ
2473 1963 2663 2034 θλίψει,
2717 1964 2809 2016 οὐκ
2861 1963 3151 2029 ἀπελπίζει,
3210 1965 3340 2016 ἀλλὰ
3377 1971 3559 2038 κρατεῖ
3590 1964 3614 2016 ὃ
3645 1973 3833 2039 κρατεῖ
3867 1984 3878 1996 ·

514 2062 670 2112 tenet
697 2072 710 2111 :
740 2072 809 2111 ac
835 2071 1216 2127 quaecunque
1246 2058 1296 2112 ei
1330 2056 1493 2111 illata
1524 2056 1736 2110 fuerint
1768 2071 1873 2126 per
1902 2054 2152 2109 inﬁnitas

2270 2055 2358 2101 xui
2408 2052 2510 2104 ὃσα
2558 2054 2619 2103 ἄν
2679 2055 2920 2126 ἐπενέγκῃ
2972 2053 3102 2111 αὑτὴ
3178 2049 3271 2105 διὰ
3323 2058 3525 2126 μυρίων
3572 2064 3882 2127 πειρασμῶν

516 2146 873 2203 tentationes
901 2146 1129 2209 tolerat,
1164 2146 1480 2217 inquiens:
1514 2146 1714 2200 Etiam
1741 2144 1791 2199 si
1809 2143 2055 2209 moriar,
2089 2141 2154 2197 ab

2269 2142 2619 2212 ὑπομένουσα,
2651 2142 2805 2213 λέγει,
2840 2142 2973 2195 Ἐὰν
3031 2147 3139 2194 καὶ
3173 2141 3491 2211 ἀποθάνω,
3535 2146 3651 2214 ἐγὼ
3684 2144 3882 2197 αὐτόν

514 2250 579 2291 ρο
601 2251 719 2290 non
747 2235 1018 2302 deﬁciam
1042 2251 1060 2287 :
1091 2242 1147 2289 et
1176 2240 1321 2298 tum,
1364 2234 1412 2288 si
1446 2234 1735 2288 sustineat
1756 2233 1937 2287 homo
1972 2246 2152 2302 usque

2269 2229 2381 2280 οὐκ
2421 2228 2601 2302 ἀφέω.
2660 2238 2757 2284 Καὶ
2779 2238 2894 2284 τότε
2939 2232 3025 2284 ἐὰν
3079 2234 3329 2305 ὑπομείνῃ
3360 2233 3425 2293 εἰς
3454 2233 3594 2296 τέλος
3624 2235 3648 2285 ό
3681 2234 3878 2308 ἄνθρω-

513 2325 591 2380 ad
613 2324 812 2385 ﬁnem,
849 2325 1055 2394 incipit
1076 2324 1362 2378 Dominus
1408 2322 1712 2394 disputare
1743 2338 1878 2376 cum
1905 2324 2151 2377 Satana:

2268 2338 2380 2384 πος,
2408 2321 2632 2393 ἄρχεται
2658 2322 2683 2372 ό
2717 2325 2902 2394 Κύριος
2934 2318 3270 2393 διαλέγεσθαι
3300 2329 3372 2392 τῷ
3403 2328 3624 2393 Σατανᾷ,
3650 2322 3866 2397 Ὀρᾶς,

524 2414 693 2469 Vides
704 2419 931 2483 quanta
947 2414 1512 2483 mala,quantasque
1524 2410 1874 2480 afﬂictiones
1886 2409 2162 2465 intuleris

2268 2415 2440 2460 πόσα
2473 2413 2638 2462 κακὰ
2675 2416 2789 2463 xui
2830 2410 3085 2481 θλίψεις
3125 2413 3484 2483 ἐπήνεγκας
3531 2412 3722 2484 αύτῷ,
3758 2419 3868 2466 xui

510 2502 626 2567 illi,
691 2516 797 2557 nec
850 2501 1059 2571 paruit
1118 2500 1257 2554 tibi:
1324 2500 1426 2556 sed
1490 2500 1641 2556 mihi
1700 2501 1897 2562 servit,
1949 2514 2020 2555 ac
2074 2515 2148 2554 me

2270 2497 2393 2569 οὐχ
2453 2500 2789 2558 ὑπήκουσέ
2829 2520 2949 2567 σοι,
3006 2499 3134 2552 ἀλλ’
3184 2499 3321 2573 ἐμοὶ
3380 2498 3707 2569 δουλεύει,
3763 2509 3871 2556 xui

511 2590 738 2647 metuit.
772 2593 916 2645 Tum
951 2590 1178 2661 pudore
1210 2588 1474 2644 suffusus
1520 2591 1791 2653 Satanas,
1826 2588 1988 2660 quod
2006 2588 2149 2643 dica‘

2272 2586 2378 2658 ἐμὲ
2423 2610 2454 2660 φ
2475 2609 2499 2640 ο
2514 2587 2649 2641 ϐεἰτ
2667 2609 2699 2641 α
2715 2610 2751 2644 ι.
2817 2594 2944 2642 Τότε
2993 2593 3409 2662 καταισχύνεται
3430 2592 3456 2643 6
3487 2587 3749 2657 διάϐολος,
3781 2596 3871 2644 καὶ

512 2679 669 2735 ultra
695 2694 816 2734 non
845 2678 1044 2733 habet.
1080 2679 1382 2743 Quantum
1410 2678 1569 2733 enim
1605 2678 1683 2733 ad
1719 2678 1958 2743 Jobum,
1992 2678 2038 2731 si
2060 2692 2150 2732 no-

2272 2677 2445 2729 ούκέτι
2500 2680 2613 2750 ἔχει
2678 2699 2730 2731 τι
2781 2679 2960 2735 εἰπεῖν.
3031 2683 3133 2732 Καὶ
3182 2682 3283 2752 γὰρ
3339 2682 3423 2733 ἐπὶ
3491 2688 3585 2732 τοῦ
3634 2679 3765 2750 Ἰὼϐ,
3824 2681 3867 2733 εί

512 2768 693 2823 visset
714 2784 851 2823 eum
874 2766 934 2821 in
958 2766 1314 2822 tentationes
1343 2766 1630 2839 illapsum
1664 2771 2002 2822 constanter
2034 2782 2150 2837 per-

2272 2763 2414 2838 ᾔδει,
2472 2769 2552 2820 ὅτι
2610 2768 2680 2831 εἰς
2737 2772 2859 2831 τούς
2915 2773 3241 2842 πειρασμοὺς
3287 2768 3524 2842 ἐμπεσὼν
3550 2770 3711 2843 με’λλει
3739 2772 3865 2822 ύπο-

510 2856 772 2914 laturum
804 2872 956 2921 esse,
1000 2873 1109 2912 nec
1140 2861 1489 2928 superatum
1523 2857 1613 2921 iri,
1646 2873 1769 2913 non
1801 2862 1954 2912 certe
1985 2872 2148 2929 expet

2271 2858 2436 2923 μένειν
2491 2861 2581 2908 xui
2634 2860 2705 2928 μὴ
2764 2858 3044 2923 ἡττᾶσθαι,
3102 2857 3197 2909 οὐκ
3243 2859 3304 2909 ἄν
3364 2856 3645 2931 ἐξῃτήσατο
3680 2858 3852 2922 αὐτὸν,

512 2947 738 3004 tivisset
767 2962 928 3011 eum,
986 2962 1059 3001 ne
1090 2946 1320 3018 pudore
1367 2946 1723 3002 afﬁceretur.
1777 2946 1870 3001 Sic
1922 2961 2150 3018 quoque

2274 2943 2356 2994 ἶνα
2398 2948 2469 3013 μὴ
2517 2948 2913 3017 καταισχυνθῆ.
2975 2947 3151 3007 Οὕτως
3195 2951 3284 2999 καὶ
3332 2954 3419 2998 νῦν
3470 2947 3540 3009 εἰς
3581 2950 3691 3008 τοὺς
3728 2947 3854 2999 ὑπο-

511 3052 693 3103 nunc,
723 3040 964 3108 propter
989 3051 1093 3091 eos
1118 3033 1219 3107 qui
1250 3035 1555 3106 perferunt
1584 3034 1935 3091 afﬂictiones
1953 3051 2022 3091 ac
2045 3042 2149 3091 ten-

2220 3103 2236 3110 _
2272 3037 2511 3104 μένοντας
2568 3034 2761 3106 θλίψεις
2832 3040 2921 3087 xui
2975 3040 3315 3110 πειρασμούς,
3374 3039 3782 3109 καταισχύνεται
3832 3037 3858 3087 6

512 3103 785 3193 tationes,
818 3103 1201 3181 confunditur
1246 3103 1516 3189 Satanas,
1552 3141 1621 3180 ac
1672 3124 2018 3197 paenitentia
2048 3124 2150 3179 du-

2231 3106 2239 3157 :
2274 3130 2522 3190 Σατανᾶς,
2559 3129 2648 3177 xui
2680 3132 2957 3196 μετανοιεῑ,
3018 3127 3100 3177 ὄτι
3138 3122 3305 3197 μηδὲν
3340 3129 3548 3184 ἤνυσεν.
3609 3125 3869 3199 Ἀρχεται

512 3216 680 3282 citur,
701 3216 862 3287 quod
881 3212 1310 3269 nihileffecerit.
1330 3213 1711 3285 Incipitenim
1729 3214 2011 3269 Dominus
2023 3229 2150 3270 eum

2272 3215 2372 3285 γὰρ
2396 3215 2421 3264 6
2457 3215 2646 3287 Κύριος
2669 3213 2819 3285 λόγον
2846 3214 2985 3285 αύτῴ
3012 3222 3175 3268 ποιεῖν
3207 3234 3219 3247 ’
3253 3212 3384 3268 Ἴδε
3420 3235 3545 3289 παρ
3562 3221 3777 3289 εχὼρη
3796 3215 3874 3266 σά

511 3306 594 3360 sic
615 3304 836 3376 alloqui
862 3321 874 3359 :
920 3303 1081 3369 Vide,
1109 3302 1353 3365 discedi,
1367 3303 1731 3371 permisitibi
1747 3319 1878 3359 eum
1911 3307 2149 3369 tentare,

2279 3321 2403 3369 σοι,
2474 3299 2577 3355 ἴδε
2635 3302 2953 3379 ἐπέτρεψά
3013 3323 3118 3356 σοι
3170 3307 3497 3378 πειράσαι
3536 3304 3870 3376 utSt-62,923

510 3393 787 3463 nunquid
815 3391 1185 3461 praestitisti?
1213 3391 1489 3463 nunquid
1517 3392 1934 3462 obtemperavit
1962 3393 2112 3449 tibi?

1906 3393 1934 3446 ῖι
1962 3393 2112 3449 tibi?
2271 3411 2326 3443 τι
2370 3388 2756 3459 atumem;
2799 3398 2883 3465 μή
2921 3413 2982 3445 τι
3020 3395 3356 3451 ὑπήκουσέ
3397 3413 3544 3465 σοι;

584 3483 663 3537 ΙΧ.
701 3481 1123 3549 Interrogatio.
1152 3482 1248 3535 An
1276 3481 1481 3551 utique
1523 3490 1767 3538 cunctas
1800 3482 2050 3537 hominis
2071 3497 2162 3538 co-

2344 3479 2424 3534 Θ’.
2452 3479 2821 3553 Ἐρώτησις.
2856 3482 2926 3535 Εἰ
2952 3482 3075 3554 ἄρα
3113 3482 3295 3543 ὂλους
3324 3486 3435 3535 τοὺ
3459 3505 3481 3545 ς
3511 3483 3880 3555 λογισμοὺς

522 3571 839 3642 gitationes
870 3575 923 3626 et
950 3570 1201 3625 consilia
1225 3570 1387 3624 novit
1414 3570 1674 3626 Satanas
1695 3571 1722 3625 ‘I

2270 3576 2376 3620 τοῦ
2436 3568 2727 3644 ἀνθρπου
2781 3576 2888 3623 xui
2935 3572 3011 3623 τὰ
3058 3577 3346 3643 νοήματα
3395 3568 3572 3625 οἶδεν
3629 3573 3655 3623 6
3689 3578 3882 3624 Σατα-

2268 3663 2404 3724 νᾶς;

580 3748 692 3819 97
738 3746 1074 3815 Responsio.
1107 3745 1166 3801 Si
1197 3745 1400 3811 homo,
1434 3746 1536 3817 qui
1570 3762 1708 3802 cum
1739 3746 1984 3802 homine
2013 3763 2160 3803 con-

2341 3748 2743 3821 Ἀπόκρισις.
2795 3749 2858 3802 Εἰ
2886 3750 3157 3823 ἄνθρωπος
3206 3749 3458 3825 ἀνθρώπῳ
3507 3752 3743 3815 σύνεστι,
3786 3754 3874 3801 xui

508 3844 798 3902 versatur,
843 3836 1006 3890 novit
1037 3851 1171 3906 quas
1204 3841 1341 3890 sunt
1377 3835 1527 3906 ejus,
1563 3842 1617 3890 et
1649 3841 1706 3891 tu
1749 3842 1922 3890 natus
1961 3852 2146 3892 annos

2268 3832 2381 3888 οἶδε
2405 3838 2471 3888 τὰ
2500 3836 2678 3902 αὐτοῦ,
2726 3842 2814 3889 καὶ
2846 3841 2912 3889 σὺ
2958 3841 3126 3891 εἴκοσι
3159 3837 3283 3890 ἑτῶν
3329 3839 3584 3911 ὑπάρχων
3628 3834 3787 3899 οἶδας
3811 3842 3871 3890 τὰ

506 3924 707 3996 viginti
736 3925 950 3981 novisti
981 3940 1051 3980 ea
1080 3940 1216 3996 quas
1242 3929 1378 3979 sunt
1406 3924 1682 3995 proximi,
1716 3926 1989 3996 nunquid
2014 3942 2144 3996 ergo

2266 3933 2357 3977 τοῦ
2410 3925 2648 3989 πλησίον,
2715 3946 2818 4000 αρα
2874 3927 3028 3989 αὐτὸς
3086 3929 3111 3979 6
3183 3934 3412 3989 Σατανᾶς
3486 3926 3587 3979 ἀπὸ
3660 3937 3872 3999 γενετῆς

505 4018 760 4072 Satanas
798 4015 951 4086 ipse,
1004 4014 1108 4086 qui
1160 4030 1195 4069 a
1241 4013 1543 4069 nativitate
1594 4013 1694 4069 tibi
1744 4021 2143 4079 conversatur,

2268 4020 2432 4067 συνών
2462 4035 2545 4067 σοι
2576 4015 2669 4067 ούκ
2714 4013 2825 4068 οἶδε
2870 4020 2988 4077 τοὺς
3012 4016 3301 4089 λογισμοὺς
3326 4036 3421 4069 σου
3448 4035 3461 4085 ;
3492 4016 3874 4088 ἑξακισχιλίων

502 4102 1148 4174 ignoratcogitationes
1175 4103 1347 4159 tuas?
1370 4102 1596 4159 Sexties
1612 4103 1770 4157 enim
1793 4104 1950 4159 mille
1972 4120 2140 4160 anno

2263 4107 2362 4178 γὰρ
2394 4101 2501 4163 ἤδη
2538 4107 2679 4157 ἐστὶν
2718 4107 2863 4160 ἑτῶν.
2910 4111 3008 4159 Καὶ
3063 4107 3121 4158 ού
3170 4106 3380 4178 λέγομεν
3428 4106 3583 4158 αύτόν
3623 4109 3724 4180 πρὸ
3779 4114 3874 4158 τοῦ

500 4208 636 4249 rum
668 4196 902 4249 aetatem
937 4190 1138 4247 habet.
1170 4194 1284 4247 Nec
1314 4191 1568 4246 dicimus
1600 4207 1760 4257 eum,
1792 4193 2138 4265 priusquam

2262 4196 2515 4267 πειράσαι
2562 4198 2649 4246 τὸν
2714 4197 3004 4268 ἄνθρωπον,
3091 4192 3285 4250 εἰδέναι
3342 4200 3395 4248 τί
3460 4194 3629 4267 μελλει
3678 4202 3869 4251 ποιεῖν.

498 4285 683 4338 tentet
722 4281 1052 4347 hominem,
1097 4296 1274 4336 nosse
1307 4280 1451 4353 quid
1501 4279 1765 4336 facturus
1813 4282 1907 4336 sit.
1947 4285 2136 4339 Tentat

2263 4283 2507 4354 Πειράζει
2557 4286 2658 4355 γὰρ
2700 4285 2725 4335 6
2764 4287 3046 4355 πειράζων,
3088 4284 3182 4337 ούκ
3244 4281 3357 4337 οἶδε
3396 4280 3476 4352 δε,
3517 4282 3561 4335 εἰ
3613 4282 3869 4336 ὑπακούει

500 4373 661 4428 enim
708 4376 982 4439 tentator,
1046 4386 1165 4426 non
1230 4376 1427 4425 tamen
1478 4371 1783 4440 cognitum
1845 4371 2026 4426 habet
2072 4388 2138 4427 an

2262 4371 2424 4441 αὐτῷ,
2454 4376 2482 4429 ἣ
2526 4376 2597 4443 μὴ
2641 4373 2912 4438 ὑπακούει,
2972 4374 3066 4435 ἕως
3120 4374 3181 4425 ἄν
3220 4377 3279 4425 τὸ
3334 4372 3532 4444 θέλημα
3562 4370 3748 4424 δοῦλον
3786 4368 3861 4439 δῷ

497 4462 1021 4532 obtemperaturus
1049 4461 1139 4529 sit,
1171 4474 1378 4523 necne,
1411 4459 1603 4514 donec
1638 4459 2004 4516 voluntatem
2033 4476 2135 4516 set“

2218 4464 2228 4510 ⁵
2261 4462 2290 4517 ἡ
2331 4459 2516 4532 ψυχή.
2556 4464 2691 4513 Οὔτε
2749 4461 2904 4514 πάλιν
2958 4461 3189 4533 λέγομεν,
3244 4463 3324 4515 ὃτι
3363 4461 3512 4523 ὅλους
3570 4465 3687 4520 τοὺς
3724 4460 3856 4529 λογι-

501 4565 636 4606 vam
664 4550 713 4604 ei
742 4549 937 4604 tradat
958 4549 1180 4604 anima.
1211 4551 1409 4619 Neque
1436 4548 1574 4603 item
1599 4548 1875 4615 dicimus,
1901 4556 2139 4605 cunctas

2261 4554 2421 4618 σμοὺς
2448 4550 2544 4612 τῆς
2593 4547 2817 4624 καρδίας
2868 4556 2958 4604 xui
3006 4554 3097 4613 τὰς
3147 4550 3453 4624 ἐνθυμήσεις
3506 4548 3699 4604 οἶδενὸ
3736 4544 3850 4599 διά-

498 4638 890 4709 cogitationes
923 4638 1118 4693 cordis
1169 4643 1225 4692 et
1269 4636 1563 4692 desideria
1594 4653 1770 4693 nosse
1812 4638 2136 4693 diabolum.

2258 4637 2643 4712 ϐολος.“Ωσπερ
2694 4642 2795 4714 γὰρ
2837 4643 2921 4692 ἐὰν
3068 4638 3304 4713 δένδρον,
3355 4646 3445 4693 xui
3490 4643 3589 4714 ἔχῃ
3633 4633 3852 4698 κλάδους

494 4728 740 4783 Perinde
785 4726 967 4791 enim,
1001 4741 1070 4780 ac
1104 4727 1151 4779 si
1188 4726 1263 4780 sit
1294 4725 1472 4781 arbor
1517 4742 1648 4796 quia
1683 4726 1902 4781 inultos
1944 4744 2132 4784 ramos

2259 4727 2470 4788 πολλοὺς
2516 4735 2605 4780 xui
2642 4728 2805 4781 πολλὰ
2865 4730 2993 4802 μέλη
3031 4747 3042 4759 ’
3094 4731 3272 4783 λοιπόν
3326 4730 3430 4783 εἰσί
3482 4750 3614 4791 τινες
3672 4722 3860 4786 κλάδοι

494 4814 719 4870 habeat
738 4831 807 4869 ac
831 4813 1017 4868 multa
1040 4813 1330 4879 membra,
1361 4813 1441 4869 ita
1463 4830 1706 4885 quoque
1736 4821 1872 4871 sunt
1896 4816 2132 4887 quidam

2255 4815 2519 4889 λογισμῶν
2575 4821 2664 4869 καὶ
2701 4821 2994 4891 νοημάτων,
3062 4824 3152 4872 καὶ
3205 4824 3423 4893 κατέχει
3468 4821 3660 4881 αὐτοὺς
3698 4820 3725 4870 ὀ
3770 4824 3865 4871 Σα-

492 4904 643 4958 rami
685 4903 1111 4972 cogitationum
1150 4909 1204 4958 et
1235 4902 1642 4967 consiliorum,
1676 4919 1829 4975 quos
1870 4920 2130 4977 compre-

2256 4911 2428 4966 τανᾶς.
2494 4912 2592 4960 Καὶ
2641 4907 2770 4960 εἰσὶν
2842 4907 2987 4960 ἄλλοι
3042 4908 3291 4982 λογισμοὶ
3346 4913 3435 4962 καὶ
3483 4913 3740 4979 νοήματα,
3786 4912 3861 4979 μὴ

492 4991 701 5047 hendit
725 4994 1012 5062 Satanas;
1044 4996 1183 5045 sunt
1205 5007 1342 5046 vero
1364 4990 1492 5047 alia:
1520 4992 1907 5061 cogitationes
1933 5000 1987 5049 et
2008 5010 2130 5051 con'

1444 5007 1492 5046 ω
1520 4992 1907 5061 cogitationes
1933 5000 1987 5049 et
2008 5010 2146 5051 con-
2256 5000 2599 5069 κατεχόμενοι
2628 4998 2727 5049 ὑπὸ
2746 5004 2835 5049 τοῦ
2858 5004 3081 5057 Σατανᾶ,

498 5079 651 5147 silia,
682 5096 818 5152 quae
846 5096 882 5135 a
911 5080 1135 5135 Satana
1168 5095 1288 5135 non
1314 5080 1928 5151 comprehenduntur.

568 5185 623 5239 X.
668 5185 731 5239 ln
762 5184 1026 5256 quadam
1070 5183 1227 5239 enim
1274 5200 1335 5239 re
1367 5184 1644 5255 prmvalet
1682 5203 1821 5258 pars
1865 5190 2145 5260 nequitiaa

2331 5192 2397 5247 l’.
2462 5191 2547 5245 Ἕν
2611 5212 2713 5245 τινι
2764 5195 2866 5268 γὰρ
2924 5194 3261 5269 ἱσχυρότερόν
3309 5194 3423 5247 ἔστι
3475 5196 3533 5246 τὸ
3577 5198 3736 5267 μέρος
3768 5202 3872 5256 τῆς

491 5272 567 5329 ad
596 5274 1007 5343 generandum
1041 5273 1449 5341 cogitationes,
1482 5291 1684 5330 rursus
1710 5276 1767 5330 in
1795 5278 2059 5348 quadam
2084 5296 2129 5335 τε

2254 5286 2435 5340 κακίας
2491 5280 2539 5333 ἐν
2592 5290 2664 5352 τῷ
2696 5280 2875 5355 βρύειν
2919 5287 3042 5346 τοὺς
3084 5284 3388 5357 λογισμοὺς,
3418 5285 3467 5335 ἓν
3498 5302 3601 5335 τινι
3650 5283 3808 5335 πάλιν
3839 5286 3867 5337 6

489 5364 771 5433 cogitatio
788 5361 1050 5417 hominis
1071 5362 1338 5433 superior
1359 5363 1578 5426 evadit,
1598 5372 1965 5438 acceptoque
1978 5369 2127 5423 auxit

2253 5370 2499 5443 λογισμὸς
2572 5379 2663 5423 τοῦ
2721 5370 2993 5446 ἀνθρώπου
3064 5374 3330 5448 ὑπερνικᾴ,
3391 5371 3663 5445 λαμϐάνων
3720 5371 3863 5444 βοή-

487 5451 590 5519 lio,
636 5468 707 5508 ac
745 5451 1161 5523 redemptione
1205 5467 1241 5507 a
1284 5454 1421 5516 Deo,
1470 5453 1833 5509 contradidit
1876 5456 2125 5525 malitiae1

2255 5462 2391 5512 θειαν
2439 5464 2529 5512 καὶ
2582 5460 2841 5535 λύτρωσιν
2892 5464 3036 5537 παρὰ
3084 5470 3238 5529 Θεοῦ,
3306 5466 3394 5515 xui
3460 5461 3738 5533 ἀντιλέγων
3795 5471 3862 5534 τῇ

488 5541 757 5616 quadam
787 5541 845 5597 in
877 5556 938 5596 re
971 5539 1329 5606 succumbit,
1364 5547 1418 5596 et
1454 5541 1723 5613 quadam
1753 5544 1811 5599 in
1838 5560 1900 5605 re
1930 5546 2126 5604 volun.

2255 5553 2435 5629 κακία,
2504 5550 2553 5603 ἓν
2594 5570 2697 5603 τινι
2746 5554 3084 5625 κεκράτηται,
3135 5557 3225 5607 καὶ
3274 5555 3321 5605 ἔν
3361 5572 3463 5607 τινι
3492 5554 3606 5625 ἔχει
3637 5550 3864 5625 θέλημα.

561 5704 608 5742 ⁵⁸
640 5702 751 5762 Job
781 5719 837 5768 ιι,
864 5707 915 5760 2.
994 5704 1043 5740 ⁵⁸
1080 5702 1189 5760 Job
1216 5721 1257 5769 ι,
1290 5704 1355 5758 10
1376 5717 1543 5776 seqq.
