4148 6262
279 312 380 367 681

284 438 651 509 Προσίρχεται
691 431 793 503 γὰρ
839 432 1002 495 ἔστιν,
1052 429 1136 482 ὅτε
1165 436 1237 501 τῷ
1277 436 1391 501 Θεῷ
1426 433 1571 498 ζεων,
1621 435 1710 483 καὶ
1741 426 1879 483 οἶδεν
1913 433 1958 486 Α

281 527 308 578 6
339 528 585 588 Σατανᾶς,
631 524 718 572 xul
772 518 954 591 βλέπει
992 519 1073 571 ὃτι
1109 519 1225 571 κατ’
1270 519 1429 571 αὐτοῦ
1479 526 1635 585 ποιεῖ,
1684 524 1771 571 καὶ
1822 518 1879 570 οὗ

1422 610 1519 661 Διά
1572 612 1624 660 τί
1652 625 1666 674 ;
1696 604 1877 665 ἐπειδή

282 707 397 776 ἔχει
437 700 636 772 θέλημα
664 704 756 751 τοῦ
787 696 986 770 βοῆσαι
1018 700 1146 771 πρὸς
1177 700 1263 749 τόν
1294 701 1437 761 Θεὸν,
1482 700 1595 770 ἔχει
1628 700 1882 769 φυσικοὺς

280 793 509 864 καρπούς
566 794 657 841 τοῦ
735 785 1012 859 ἀγαπῆσαι
1065 789 1215 854 Θεὸν,
1284 794 1375 839 τοῦ
1424 794 1729 852 πιστεῦσαι,
1790 793 1882 838 τοῦ

284 881 605 941 ἒπιζητῆσαι
658 880 748 928 καὶ
798 875 1117 951 προσελθεῖν.
1177 880 1278 928 Καὶ
1315 878 1416 947 γὰρ
1470 874 1518 927 ἓν
1571 882 1675 935 τοῖς
1712 894 1883 944 φαινο-

282 973 474 1044 μένοις,
525 968 551 1019 ό
580 968 807 1040 γεωργὸς
854 964 1127 1039 ἐργάζεται
1179 970 1273 1021 τήν
1326 972 1448 1036 γῆν,
1481 964 1640 1024 οὕτως
1670 969 1759 1015 καὶ
1813 962 1883 1022 εἰς

282 1062 341 1112 τό
395 1058 759 1129 πνευματικόν,
809 1054 879 1117 εἰς
933 1051 1029 1107 δύο
1090 1058 1350 1126 πρόσωπα
1396 1060 1589 1106 νοεῖται
1642 1056 1708 1105 τὰ
1755 1053 1885 1126 πρά-

284 1166 483 1221 γματα.

285 1245 588 1310 γεωργῆσαι
639 1239 734 1292 τήν
779 1242 879 1304 γῆν
934 1230 1027 1295 τῆς
1086 1230 1309 1304 καρδίας
1353 1233 1535 1297 αὐτοῦ,
1591 1236 1680 1283 καὶ
1732 1238 1886 1288 πονῆ-

289 1346 403 1381 σαι,
452 1330 605 1381 Ζητεῖ
631 1324 733 1397 γὰρ
785 1323 810 1374 ό
842 1324 968 1381 Θεὸς
1013 1324 1100 1373 τόν
1149 1325 1324 1387 πόνον,
1377 1326 1466 1373 καὶ
1496 1321 1749 1393 κάματον,
1798 1323 1887 1371 καὶ

286 1419 381 1473 τήν
424 1412 673 1487 ἐργασίαν
727 1417 819 1463 τοῦ
879 1408 1175 1483 ἀνθρώπου.
1227 1408 1359 1463 Ἀλλ’
1418 1407 1503 1460 ἐὰν
1556 1414 1627 1480 μή
1696 1409 1887 1461 ἄνωθεν

288 1505 503 1575 ὶπιφανῇ
576 1501 795 1574 οὐράνια
869 1503 1016 1571 νέφη,
1090 1503 1179 1551 καὶ
1236 1500 1375 1551 ὑετοὶ
1440 1499 1680 1571 χάριτος,
1738 1493 1889 1550 ούδὶν

291 1591 549 1664 ὠφελήσω
579 1592 605 1642 ό
628 1592 857 1663 γεωργός
888 1593 1092 1661 καμὼν,

285 612 504 668 δύναται
577 614 820 680 επισχεῖν
890 610 977 659 τόν
1057 608 1347 681 ἄνθρωπον.

575 1149 687 1219 Χρὴ
746 1140 834 1196 οὖν
904 1147 990 1195 τὸν
1044 1144 1313 1216 ἄνθρωπον
1380 1141 1481 1195 ἀπό
1538 1146 1884 1215 προαιρέσεως

363 1714 467 1770 IA'.
501 1714 667 1768 Τοῦτο
710 1709 769 1766 δέ
808 1711 919 1765 ἐστι
965 1714 1023 1763 τό
1064 1717 1278 1782 σημεῖον
1323 1716 1414 1761 τοῦ
1445 1716 1887 1782 Χριστιανισμοῦ,

290 1805 392 1856 ὅσα
440 1803 500 1855 ἄν
549 1805 711 1875 κάμῃ,
768 1806 857 1854 xui
905 1802 1029 1861 ὅσας
1076 1799 1135 1851 ἆ)
1188 1805 1385 1871 ποιήσῃ
1421 1794 1779 1861 δικαιοσύνας,
1823 1800 1891 1859 ὡς
1925 1786 1965 1841 Β

289 1889 457 1965 μηδὲν
514 1897 744 1952 ποιήσας
817 1887 1141 1952 διακεῖσθαι,
1208 1893 1298 1939 καὶ
1372 1889 1634 1945 νηστεύων
1703 1886 1888 1957 λέγειν,

290 1981 418 2035 Οὐκ
462 1979 858 2038 ἐνήστευσα·
892 1978 1189 2049 εὐχόμενος,
1215 1976 1343 2029 Οὐκ
1374 1976 1700 2047 ηὐξάμην·
1726 1994 1891 2048 παρα-

290 2074 528 2142 μένωντῇ
554 2069 710 2140 εὐχῇ,
738 2071 822 2120 Οὐ
862 2070 1253 2139 παρέμεινα·
1290 2070 1393 2117 καὶ
1437 2064 1642 2134 ἀκμήν
1683 2062 1891 2136 ἀρχὴν

288 2162 415 2233 ἔχω
456 2166 563 2212 τοῦ
603 2157 848 2220 ἀσκεῖν,
882 2162 989 2209 καὶ
1027 2157 1324 2227 κάμνειν
1350 2152 1443 2205 κᾶν
1468 2149 1721 2224 δίκαιοςῇ
1750 2155 1893 2225 παρὰ

291 2258 424 2319 Θεῷ,
462 2247 649 2321 ὀφείλει
678 2246 862 2319 λέγειν,
910 2246 1059 2317 Ἐγὼ
1100 2245 1213 2297 οὐκ
1253 2243 1387 2316 εἰμὶ
1427 2239 1712 2309 δίκαιος,
1748 2245 1892 2295 οὔτε

289 2341 524 2410 κάμνω,
572 2337 729 2389 ἀλλὰ
765 2336 904 2389 καθ’
953 2337 1196 2409 ἡμέραν
1235 2336 1553 2407 ἄρχομαι.
1586 2331 1802 2404 Ὀφείλει
1834 2329 1893 2384 δὲ

292 2432 431 2501 ἔχειν
484 2426 601 2479 καθ’
646 2428 840 2498 ἡμέραν
868 2429 963 2483 τὴν
995 2421 1186 2476 ἐλπίδα
1216 2428 1305 2476 καὶ
1334 2428 1428 2482 τήν
1454 2426 1651 2496 χαρὰν,
1687 2426 1772 2474 xui
1800 2426 1890 2479 τήν

291 2513 617 2592 προσδοκίαν
638 2523 732 2577 τῆς
752 2514 1035 2586 μελλούσης
1061 2511 1333 2585 βασιλείας
1350 2518 1439 2565 xui
1460 2512 1889 2584 ἀπολυτρώσεως,

292 2605 581 2677 καὶλέγων,
607 2605 747 2659 Ἐὰν
790 2608 1066 2677 σήμερον
1107 2602 1223 2654 οὐκ
1263 2600 1890 2674 ἐλυτρὼθήν,αύ⁸ριον

291 2696 653 2771 λυτροῦμαι
675 2710 688 2723 ·
723 2694 793 2755 ὡς
816 2695 917 2766 γὰρ
952 2694 977 2744 6
1010 2694 1236 2764 φυτεύων
1268 2692 1492 2763 ἄμπελον
1519 2695 1641 2764 πρὶν
1672 2691 1702 2748 ή
1739 2689 1888 2761 ἑξάρ-

293 2785 484 2849 ξασθαι
527 2792 617 2837 τοῦ
663 2785 920 2855 καμάτου,
974 2784 1089 2853 ἔχει
1136 2785 1225 2839 τήν
1255 2783 1431 2855 χαρὰν
1474 2778 1522 2831 ἓν
1571 2779 1759 2849 ἑαυτῷ,
1800 2783 1889 2830 xui

290 2880 383 2934 τήν
440 2870 660 2928 ἑλπίδαο
706 2876 796 2924 καὶ
838 2867 1228 2944 προδιαγράφει
1285 2870 1333 2921 ἐν
1389 2878 1462 2940 τῷ
1518 2876 1587 2939 νῷ
1636 2869 1886 2931 οἰνεῶνας,

287 2968 373 3016 xui
422 2963 641 3036 ψηφίζει
681 2957 1001 3036 προσόδους,
1048 2965 1207 3030 μήπω
1248 2963 1518 3031 γενομένου
1572 2957 1737 3011 οἲνου.
1788 2962 1889 3009 Καὶ

288 3053 447 3112 οὕτως
504 3047 823 3122 ἀναδέχεται
873 3052 959 3099 τόν
1012 3050 1264 3119 κάματον.
1317 3048 1375 3100 Ἠ
1406 3051 1507 3119 γὰρ
1560 3046 1702 3107 ἐλπὶς
1736 3051 1824 3098 καὶ
1854 3047 1884 3103 ἡ

290 3137 587 3214 προσδοκία
641 3146 778 3191 ποιεῖ
825 3139 981 3189 αὑτὸν
1033 3138 1309 3210 προθύμως
1347 3138 1577 3209 κάμνειν,
1629 3141 1718 3187 καὶ
1764 3139 1887 3195 τέως
1922 3148 1961 3203 C

285 3228 339 3280 ἐκ
387 3236 477 3280 τοῦ
520 3231 664 3280 οἴκου
697 3225 891 3287 πολλὰς
924 3221 1161 3285 δαπάνας
1212 3226 1490 3297 σκορπίζει
1514 3245 1526 3256 ·
1561 3226 1752 3295 ὁμοίως
1799 3227 1887 3275 καὶ

286 3318 311 3369 ὁ
342 3313 638 3387 οἰκοδομῶν
690 3311 849 3378 οἶκον,
898 3318 987 3366 καὶ
1041 3315 1066 3365 ὁ
1120 3322 1381 3385 γεωργῶν,
1432 3321 1634 3385 πρῶτον
1686 3312 1739 3364 ἐκ
1790 3319 1886 3364 τῶν

293 3402 443 3458 ἰδίων
473 3403 636 3456 πολλὰ
667 3403 941 3478 σκορπίζει
994 3399 1087 3454 διὰ
1118 3406 1210 3460 τήν
1251 3398 1438 3454 ἐλπίδα
1465 3410 1558 3464 τῆς
1598 3401 1886 3472 μελλούσης

285 3488 555 3569 προσόδου
593 3506 605 3519 ⁸
637 3492 769 3543 οὕτω
799 3489 1084 3555 κάνταῦθα,
1129 3489 1212 3543 ἐὰν
1242 3495 1311 3563 μή
1336 3510 1411 3550 τις
1432 3493 1532 3563 ἔχῃ
1566 3494 1666 3563 πρό
1700 3488 1885 3561 ὀφθαλ-

285 3591 393 3656 μῶν
422 3586 516 3641 τήν
566 3583 743 3655 χαρὰν
797 3585 886 3632 καὶ
917 3584 1009 3638 τήν
1038 3577 1245 3646 ἓλπίδα,
1285 3582 1365 3631 ότι
1392 3579 1615 3634 Μέλλω
1655 3579 1884 3651 λυτρώ-

287 3691 441 3734 σεως
470 3672 825 3743 τυγχάνειν
866 3674 975 3721 καὶ
1016 3670 1200 3735 ζωῆς,
1257 3670 1316 3721 οὐ
1365 3667 1586 3721 δύναται
1617 3671 1883 3740 ὑπομένειν

283 3763 376 3823 τὰς
427 3759 646 3831 θλίψεις,
696 3763 813 3812 οὔτε
866 3762 923 3811 τὸ
977 3763 1204 3832 φορτίον,
1251 3763 1341 3811 xui
1386 3764 1478 3816 τήν
1538 3763 1719 3816 στενήν
1759 3754 1882 3809 ὁδόν

284 3847 642 3914 ἀναδέξασθαι
671 3867 683 3878 ’
718 3851 747 3907 ἡ
786 3851 887 3922 γὰρ
932 3855 1164 3900 συνοῦσα
1216 3847 1358 3909 ἐλπὶς
1408 3853 1493 3899 καὶ
1550 3850 1694 3920 χαρὰ
1748 3854 1883 3899 ποιεῖ

286 3940 440 3991 αὐτόν
487 3941 718 4010 κάμνειν,
782 3943 871 3988 καὶ
923 3938 1189 4008 ὑπομένειν
1252 3939 1339 3996 τὰς
1400 3936 1620 4007 θλίψεις,
1680 3942 1769 3987 xui
1826 3938 1883 3986 τό

290 4030 518 4100 φορτίον,
549 4030 639 4077 καὶ
665 4029 758 4083 τὴν
793 4029 967 4082 στενήν
999 4022 1123 4076 ὁδὸν
1150 4020 1524 4086 ἀναδέξασθαι.

362 4309 458 4366 1Β’.
512 4308 710 4384 ’Ὠσπερ
773 4305 833 4361 δε
884 4307 977 4359 οὐκ
1032 4309 1168 4359 ἔστιν
1244 4306 1448 4358 εὔκολον
1506 4302 1655 4358 δόλον
1710 4312 1884 4378 φυγεῖν

287 4398 388 4452 ἀπὸ
444 4401 631 4471 πυρός,
671 4398 832 4459 οὕτως
873 4393 996 4449 οὐδὲ
1027 4395 1214 4467 ψυχήν
1263 4394 1317 4447 ἐκ
1362 4404 1450 4448 τοῦ
1482 4399 1646 4467 πυρός
1676 4403 1765 4446 τοῦ
1800 4396 1887 4446 θα-

285 4491 437 4541 νάτου
478 4488 521 4540 εἰ
549 4492 621 4559 μή
657 4483 691 4538 δ
698 4489 751 4538 ιὰ,
779 4485 970 4539 πολλοῦ
1017 4486 1284 4557 καμάτου,
1322 4483 1406 4545 Ὡς
1436 4483 1518 4536 ἐπὶ
1550 4488 1606 4536 τό
1646 4484 1886 4536 πλεῖστον
1922 4501 1967 4555 D

289 4572 347 4628 di
394 4578 419 4628 6
484 4582 730 4643 Σατανᾶς,
776 4579 845 4638 ὡς
899 4574 982 4627 ἐπὶ
1033 4576 1291 4649 προφάσει
1340 4573 1547 4645 ἀγαθῶν
1600 4573 1886 4644 λογισμῶν,

288 4669 367 4716 ὅτι
418 4664 480 4717 ἐκ
518 4668 750 4717 τούτου
792 4662 1075 4717 δύνασαι
1131 4664 1578 4737 εὐαρεστῆσαι
1617 4671 1696 4734 τῷ
1739 4670 1887 4734 Οεῷ,

289 4752 563 4806 ὑποϐάλλει
604 4762 665 4827 τῇ
711 4754 890 4826 ψυχῇ,
937 4758 1026 4805 καὶ
1058 4754 1366 4806 ύποκλέπτει
1418 4753 1579 4811 αὑτήν
1616 4753 1685 4813 εἰς
1731 4752 1891 4804 λεπτὰ

290 4846 379 4919 xui
426 4841 735 4913 εὐλογοφανῆ
788 4847 1046 4914 νοήματα,
1095 4848 1185 4895 xui
1240 4843 1333 4893 οὐκ
1393 4839 1532 4895 οἶδεν
1577 4841 1889 4894 ὑποκλεπτο-

290 4935 414 5003 μένη
445 4926 732 5004 διακρῖναι,
784 4936 872 4982 καὶ
919 4931 1082 4992 οὕτως
1129 4930 1369 5003 ἐμπίπτει
1420 4932 1491 4992 εἰς
1540 4928 1750 5001 παγίδα
1802 4936 1888 4982 καὶ

292 5019 545 5074 ἀπώλειαν
603 5026 694 5071 τοῦ
744 5015 1012 5071 διαϐόλου.
1066 5024 1134 5071 Τό
1209 5017 1267 5072 δε
1319 5026 1663 5094 καιριώτατον
1739 5020 1889 5073 ὅπλον

289 5116 379 5162 τοῦ
425 5106 653 5167 ἀθλητοῦ
692 5113 781 5160 xui
840 5105 1155 5179 ἀγωνιστοῡ,
1206 5114 1358 5161 τοῦτό
1390 5108 1553 5175 ἐστιν,
1616 5111 1696 5161 ἶνα
1728 5110 1893 5162 εἰσελ-

295 5201 393 5252 θὼν
451 5198 521 5260 εἰς
566 5202 660 5256 τήν
708 5192 934 5271 καρδίαν
974 5201 1171 5269 ποιήσῃ
1206 5197 1421 5269 πόλεμον
1448 5201 1576 5271 πρὸς
1612 5202 1696 5249 τόν
1728 5206 1894 5251 Σατα-

293 5295 403 5355 νᾶν,
446 5292 530 5341 xul
587 5292 795 5360 μισήση
850 5285 1048 5350 ἑαυτὸν,
1094 5291 1183 5338 καὶ
1222 5286 1517 5357 ἀρνήσηται
1569 5293 1661 5345 τήν
1708 5288 1894 5360 ψυχήν

296 5379 477 5442 αὑτοῦ,
527 5376 750 5450 ὀργισθῇ
785 5395 839 5428 τε
868 5380 957 5427 καὶ
1006 5373 1286 5448 ἐπιπλήξῃ,
1330 5380 1419 5426 καὶ
1459 5384 1573 5438 ταῖς
1615 5380 1896 5438 συνούσαις

298 5466 600 5538 ἐπιθυμίαις
648 5464 987 5528 ἂντιτάξηται
1038 5468 1127 5517 xui
1185 5463 1535 5539 ἀντιπαλαίσῃ
1590 5473 1694 5526 τοῖς
1759 5466 1898 5538 λογι-

304 5561 477 5627 σμοῖς,
508 5560 597 5607 καὶ
626 5556 874 5628 μαχεσθῇ
918 5555 1079 5626 αύτῷ.

377 5679 473 5734 ΙΓ’.
531 5679 592 5733 Εἰ
644 5675 703 5732 δὲ
752 5679 823 5741 εἰς
850 5682 906 5732 τό
967 5683 1263 5752 φαινόμενον
1318 5678 1601 5751 φυλάσσεις
1656 5680 1713 5730 τό
1748 5681 1899 5752 σῶμά

1565 304 1900 361 HOMILUE.
1932 300 2002 347 έ-
2029 304 2204 362 ΗΟΜ.
2246 308 2448 365 XXVI.

3546 303 3651 360 682

1994 435 2173 488 tatem
2225 434 2421 491 habet.
2476 434 2778 491 interdum
2830 434 2990 490 enim
3044 432 3271 489 accedit
3326 432 3404 489 ad
3456 428 3643 488 Deum

1990 519 2243 589 fervens,
2276 525 2503 596 scitque
2538 523 2815 589 Satanas,
2846 540 2915 579 ac
2947 522 3105 579 videt
3147 538 3285 578 eum
3318 521 3429 577 sibi
3463 536 3645 592 repu-

1992 625 2195 679 gnare,
2255 627 2363 667 nec
2418 618 2617 668 tamen
2676 613 2996 685 reprimere
3056 617 3252 683 potest
3311 610 3642 666 hominem.

1993 700 2100 765 Qui
2154 700 2312 756 hoc?
2359 703 2510 767 Quia
2565 702 2743 757 habet
2796 704 3163 757 voluntatem
3219 699 3525 756 clamandi
3571 699 3647 755 ad

1998 791 2201 854 Deum,
2234 790 2417 844 habet
2464 791 2688 845 fructus
2739 790 3064 860 naturales,
3099 795 3161 845 ut
3190 789 3412 845 scilicet
3443 787 3652 860 diligat

1999 879 2200 942 Deum,
2239 884 2300 933 ut
2325 879 2546 944 credat,
2578 885 2637 933 ut
2686 880 2970 950 requirat,
3004 883 3062 934 et
3091 878 3168 933 ad
3212 894 3349 933 eum
3380 876 3646 932 accedat.

1994 968 2057 1020 In
2103 968 2280 1021 rebus
2308 968 2466 1024 enim
2505 968 2758 1024 externis
2819 969 2965 1023 visui
3022 967 3333 1037 subjectis,
3388 965 3650 1036 agricola

1998 1060 2216 1111 terram
2244 1063 2511 1128 exercet;
2546 1059 2629 1112 sic
2658 1073 2901 1130 quoque
2933 1058 2992 1113 in
3024 1074 3085 1113 re
3118 1055 3408 1127 spirituali
3436 1064 3649 1112 omnes

1996 1160 2089 1199 res
2110 1145 2223 1200 sub
2244 1146 2483 1202 duabus
2499 1146 2770 1218 personis
2788 1146 3217 1215 intelliguntur.
3239 1148 3481 1218 Oportet
3506 1160 3649 1214 ergo

1996 1233 2304 1291 hominem
2330 1236 2531 1291 dedita
2551 1251 2735 1308 opera
2760 1241 2816 1291 et
2840 1235 3109 1291 consulto
3132 1234 3400 1290 excolere
3424 1239 3644 1289 terram

1998 1322 2193 1377 cordis
2225 1324 2336 1389 sui,
2364 1328 2423 1378 et
2443 1324 2737 1380 laborare.
2772 1325 3035 1396 Requirit
3089 1324 3248 1379 enim
3287 1326 3438 1379 Deus
3468 1322 3647 1378 labo-

1998 1426 2143 1475 rem,
2194 1412 2627 1481 fatigationem,
2679 1428 2750 1469 ac
2802 1412 3216 1484 operationem
3244 1411 3321 1467 ab
3368 1410 3649 1469 homine:

1998 1516 2228 1564 verum,
2261 1501 2373 1556 nisi
2405 1501 2665 1573 desuper
2713 1502 3103 1574 apparuerint
3155 1500 3347 1556 nubes
3382 1498 3650 1555 cmlestes

2000 1605 2068 1644 ac
2096 1590 2314 1660 pluvia;
2345 1592 2569 1660 gratias,
2594 1590 2741 1646 nihil
2758 1590 3021 1661 proderit
3044 1588 3323 1660 agricolae
3349 1588 3541 1644 labor.

2076 1717 2300 1771 Xl.lloc
2352 1721 2553 1772 autem
2602 1717 3006 1773 estindicium
3067 1716 3379 1772 Christiani
3425 1715 3646 1783 cultus,

2000 1810 2257 1877 quantos
2287 1806 2420 1876 quis
2450 1805 2690 1861 labores
2719 1806 3082 1870 sustinuerit,
3112 1810 3166 1860 et
3197 1810 3456 1876 quantas
3472 1804 3647 1874 justi-

2002 1895 2113 1950 tias
2145 1895 2457 1965 peregerit,
2482 1911 2550 1950 ac
2583 1894 2630 1948 si
2661 1893 2805 1949 nihil
2838 1893 3151 1961 effecisset,
3209 1894 3287 1949 ita
3315 1910 3378 1948 se
3411 1908 3647 1962 gerere;

2002 1990 2057 2038 et
2085 1983 2183 2037 ubi
2214 1983 2350 2055 quis
2374 1983 2753 2054 jejunaverit,
2786 1982 3015 2037 dicere:
3044 1983 3181 2039 Non
3198 1982 3481 2053 jejunavi
3501 2000 3520 2037 :
3547 1981 3651 2036 ubi

2004 2077 2277 2142 precatus
2304 2071 2510 2126 fuerit:
2534 2072 2669 2127 Non
2691 2087 2822 2126 sum
2841 2077 3121 2141 precatus
3140 2089 3160 2125 :
3186 2070 3285 2124 ubi
3306 2071 3361 2125 in
3385 2069 3653 2125 oratione

2003 2159 2486 2231 perseveraverit,
2512 2160 2649 2215 Non
2668 2161 3061 2227 perseveravi,
3095 2174 3258 2214 nunc
3281 2158 3482 2215 adhuc
3508 2159 3658 2222 inci.

2000 2249 2098 2318 pio
2124 2263 2214 2304 me
2239 2263 2510 2305 exercere
2560 2263 2631 2304 ac
2684 2248 3013 2305 elaborare.
3063 2248 3128 2303 Et
3171 2247 3305 2304 licet
3348 2247 3543 2318 justus
3580 2248 3653 2304 sit

2007 2338 2169 2410 apud
2205 2340 2407 2401 Deum,
2442 2337 2619 2392 debet
2647 2336 2841 2392 dicere
2868 2352 2879 2391 :
2911 2340 3042 2393 Non
3073 2353 3200 2393 sum
3218 2340 3438 2408 justus,
3469 2351 3655 2407 neque

2004 2428 2228 2496 laboro,
2262 2426 2363 2481 sed
2387 2426 2606 2495 incipio
2637 2427 2920 2497 quotidie.
2946 2428 3233 2481 Caaterum
3261 2442 3366 2497 per
3383 2426 3652 2496 singulos

2001 2516 2128 2572 dies
2155 2516 2374 2572 habere
2403 2515 2583 2570 debet
2609 2531 2799 2587 spem,
2834 2516 3122 2585 gaudium
3158 2530 3229 2571 ac
3261 2514 3544 2570 fiduciam
3578 2514 3652 2570 de

2001 2604 2200 2660 futuro
2222 2619 2409 2673 regno
2425 2619 2494 2658 ac
2509 2603 2963 2674 redemptionis,
2979 2604 3221 2659 dicens:
3251 2604 3318 2659 Si
3341 2603 3512 2659 hodie
3530 2619 3650 2658 non

2002 2695 2591 2756 iiberatussum,cras
2605 2693 3452 2759 liberabor.Quemadmodum
3467 2692 3649 2757 enim,

1998 2784 2102 2856 qui
2124 2783 2352 2854 plantat
2382 2782 2641 2846 vineam,
2676 2781 3031 2853 priusquam
3053 2782 3337 2853 suscipiat
3360 2781 3650 2847 laborem,

1999 2888 2169 2944 spem
2215 2871 2373 2927 fovet
2430 2870 2595 2941 apud
2645 2886 2707 2924 se
2756 2886 2827 2926 ac
2875 2870 3186 2941 gaudium,
3248 2870 3570 2926 adumbrat
3594 2870 3650 2924 in

1998 2966 2199 3017 mente
2252 2976 2361 3015 sua
2408 2958 2765 3023 vindemias,
2815 2963 2997 3031 atque
3056 2965 3348 3030 supputat
3403 2959 3653 3014 reditus-

1999 3050 2269 3106 nondum
2301 3053 2440 3103 nato
2468 3048 2640 3102 vino:
2676 3053 2730 3101 et
2760 3048 2872 3103 hac
2890 3048 3119 3103 ratione
3150 3047 3420 3103 laborem
3444 3063 3652 3119 aggre-

1998 3138 2175 3193 ditur.
2211 3140 2355 3209 Spes
2381 3136 2542 3191 enim
2575 3142 2755 3209 atque
2803 3138 3165 3208 exspectatio
3195 3136 3457 3192 reddunt
3481 3136 3648 3192 illum

1997 3228 2257 3286 alacrem
2289 3226 2363 3281 ad
2396 3225 2824 3291 laborandum,
2866 3230 2921 3280 et
2953 3231 3074 3280 tam
3109 3225 3212 3279 diu
3233 3242 3262 3280 e
3291 3241 3351 3279 re
3375 3224 3650 3282 familiari

1998 3331 2252 3385 magnos
2282 3314 2565 3387 expendit
2590 3320 2892 3385 sumptus.
2912 3313 3119 3370 Itidem
3146 3315 3248 3385 qui
3268 3313 3525 3371 aadiﬁcat
3542 3314 3648 3370 do-

2000 3422 2190 3469 mum,
2223 3410 2325 3459 aut
2355 3409 2572 3458 terram
2626 3401 2859 3468 excolit,
2892 3402 3155 3474 primum
3204 3402 3277 3458 de
3321 3419 3429 3458 suo
3463 3402 3651 3459 multa

1997 3499 2218 3565 erogat,
2254 3498 2493 3564 propter
2546 3499 2899 3563 conceptam
2954 3507 3121 3562 spem
3156 3491 3332 3547 futuri
3382 3491 3645 3547 reditus:

1995 3583 2206 3639 eodem
2280 3581 2460 3637 modo
2526 3596 2620 3636 res
2684 3581 2780 3637 hic
2842 3597 2904 3636 se
2936 3580 3138 3648 habet,
3210 3582 3318 3636 nisi
3358 3581 3494 3654 quis
3523 3597 3646 3653 praa

1994 3673 2181 3729 oculis
2239 3671 2512 3727 habuerit
2578 3670 2870 3740 gaudium
2935 3686 3004 3725 ac
3060 3686 3251 3742 spem,
3322 3669 3638 3726 videlicet:

1997 3763 2439 3819 Consecuturus
2461 3775 2589 3815 sum
2606 3760 3064 3828 redemptionem
3082 3775 3153 3816 ac
3175 3760 3374 3826 vitam,
3394 3776 3511 3815 non
3535 3775 3636 3830 po-

1996 3852 2129 3905 terit
2161 3849 2452 3904 sustinere
2510 3847 2881 3914 aﬂlictiones,
2936 3864 3127 3920 neque
3177 3865 3352 3913 onus,
3402 3864 3508 3903 nec
3539 3863 3642 3902 an-

1995 3946 2234 4009 gustam
2267 3939 2420 3993 viam
2456 3938 2776 4008 suscipere.
2842 3939 2985 4008 Spes
3007 3938 3167 3992 enim
3225 3953 3294 3992 ac
3335 3937 3648 4006 gaudium,

1995 4029 2043 4082 si
2072 4043 2212 4081 eum
2263 4026 2640 4090 comitentur,
2675 4024 2942 4080 efﬁciunt
3000 4032 3060 4079 ut
3107 4026 3236 4097 ipse
3278 4025 3529 4092 laboret,
3583 4039 3651 4078 ac

1994 4114 2252 4187 perferat
2310 4113 2725 4170 tribulationes
2770 4119 2950 4186 atque
3023 4130 3176 4169 onus
3232 4118 3290 4169 et
3333 4118 3654 4183 angustam

2002 4203 2160 4258 viam
2190 4201 2500 4273 suscipiat.

2071 4311 2181 4366 XII.
2219 4311 2744 4376 Quemadmodum
2767 4316 2967 4366 autem
2992 4311 3228 4365 nonnisi
3254 4324 3495 4365 summa
3516 4323 3653 4362 cum

1998 4399 2370 4464 difficultate,
2386 4399 2558 4454 torris
2572 4399 2776 4469 effugit
2790 4401 2987 4469 ignem
3013 4416 3025 4466 ;
3055 4401 3137 4455 sic
3150 4414 3393 4471 quoque
3412 4414 3520 4453 nec
3534 4396 3654 4469 98

1998 4491 2200 4545 anima
2222 4489 2421 4558 ignem
2458 4490 2686 4550 mortis,
2714 4489 2826 4543 nisi
2855 4505 3094 4543 summo
3117 4505 3253 4543 cum
3274 4487 3501 4543 labore.
3530 4489 3648 4543 Ca3-

1998 4586 2188 4635 terum
2238 4593 2652 4650 saepenumero
2713 4580 2983 4649 Satanas,
3018 4578 3174 4633 velut
3217 4577 3329 4632 sub
3364 4580 3651 4647 praetextu

1997 4668 2298 4724 bonarum
2331 4667 2788 4737 cogitationum,
2842 4666 3088 4733 scilicet,
3118 4682 3193 4723 ex
3244 4681 3307 4723 eo
3334 4668 3496 4734 potes
3525 4664 3657 4734 pta-

1998 4772 2128 4813 cere
2165 4761 2298 4822 er,
2334 4758 2600 4826 suggerit
2627 4756 2867 4822 animae,
2897 4772 2966 4811 ac
2996 4756 3197 4811 furtim
3228 4754 3473 4809 deducit
3518 4768 3653 4808 eam

2001 4845 2077 4900 ad
2106 4845 2280 4910 levia,
2311 4849 2490 4917 atque
2522 4845 2581 4899 in
2614 4845 2874 4915 speciem
2905 4844 3243 4916 probabilia
3276 4842 3527 4898 consilia
3554 4858 3566 4895 :
3600 4844 3659 4897 et

2000 4933 2098 4989 illa
2142 4933 2298 4988 clam
2321 4933 2578 4988 deducta
2615 4934 2800 4989 nescit
2833 4932 3191 5001 discernere,
3225 4936 3403 5004 atque
3455 4931 3539 4984 sic
3570 4930 3655 4983 in-

2001 5023 2212 5079 ciditin
2226 5023 2446 5095 laqueu
2458 5040 2512 5078 m
2527 5029 2581 5078 et
2597 5022 2843 5078 exitium
2859 5022 3107 5078 diaboli.
3136 5023 3439 5094 Praecipua
3454 5036 3589 5075 vero
3604 5023 3660 5073 et

2002 5113 2264 5168 maxime
2296 5118 2638 5184 opportuna
2698 5112 2930 5168 athletae
2987 5118 3043 5166 et
3094 5109 3454 5166 decertantis
3488 5123 3660 5164 arma

2003 5206 2140 5257 sunt
2165 5200 2315 5269 haec,
2344 5206 2403 5256 ut
2437 5217 2505 5255 ex
2530 5201 2751 5255 intimis
2781 5199 3183 5272 penetralibus
3210 5199 3407 5255 cordis
3436 5197 3658 5253 bellum

2004 5295 2171 5360 gerat
2219 5290 2510 5345 adversus
2570 5292 2872 5355 Satanam,
2934 5289 3073 5344 odio
3136 5294 3539 5362 prosequatur
3597 5300 3660 5338 se

2005 5377 2226 5449 ipsum,
2256 5380 2513 5447 abneget
2546 5380 2813 5433 animam
2852 5394 3047 5444 suam,
3081 5379 3375 5433 irascatur
3404 5375 3453 5430 ei
3483 5381 3661 5443 atque

2006 5467 2402 5537 reprehendat
2428 5483 2583 5529 eam,
2632 5468 2819 5523 insitis
2863 5467 3291 5538 cupiditatibus
3347 5463 3656 5521 renitatur,

2006 5555 2324 5612 reluctetur
2344 5557 2831 5627 cogitationibus,
2863 5563 3042 5628 atque
3068 5559 3294 5626 pugnet
3318 5566 3543 5607 secum.

2079 5679 2214 5736 XIII.
2249 5680 2421 5747 Quod
2449 5680 2494 5736 si
2529 5682 2786 5738 exterius
2817 5677 3121 5735 custodias
3168 5692 3386 5746 corpus
3424 5678 3591 5728 tuum
3626 5687 3661 5725 a
