4148 6262
500 278 607 334 683

1827 281 1887 336 S.
1930 281 2227 341 MACARII
2266 282 2577 339 EGYPTII

3765 289 3885 343 684

499 422 879 494 corruptione
899 427 957 478 et
976 429 1217 495 stupro;
1247 422 1404 479 intus
1437 428 1636 481 autem
1662 424 2020 481 adulterium
2048 430 2150 481 aut

2278 427 2356 461 του
2389 407 2489 461 ἀπὸ
2532 412 2725 483 φθορᾶς
2772 414 2861 462 καὶ
2890 412 3133 484 πορνείας
3170 425 3186 442 ο
3233 412 3424 464 ἔσωθεν
3454 408 3514 464 δὲ
3548 412 3888 483 ἐμοίχευσας

502 518 778 584 stuprum
810 513 1148 568 committas
1170 514 1225 567 in
1256 514 1719 583 cogitationibus
1753 514 1887 580 tuis,
1918 514 2153 570 adulter

502 618 564 656 es
595 602 755 672 apud
794 605 997 671 Deum,
1028 617 1135 657 nec
1165 602 1407 673 prodest
1464 604 1569 658 tibi
1600 604 1960 675 quidquam,
1984 604 2150 676 quod

503 706 723 762 corpus
760 690 984 745 habeas
1031 691 1381 759 virgineum.
1419 692 1945 756 Quemadmodum
2000 693 2045 746 si
2078 693 2153 747 sit

502 779 947 835 adolescentula
976 795 1045 835 ac
1076 780 1339 849 juvenis,
1400 781 1505 851 qui
1538 781 1938 837 fraudulentis
1972 782 2152 837 istam

503 867 822 923 verborum
849 868 1138 922 illecebris
1171 868 1425 924 illectam
1459 875 1839 941 corrumpat;
1871 871 1969 925 illa
1996 874 2153 941 post-

504 957 755 1011 modum
789 956 1170 1012 exsecrabilis
1206 958 1269 1012 tit
1320 974 1563 1029 sponso,
1609 975 1680 1014 eo
1724 960 1887 1031 quod
1921 959 2155 1014 adulte-

503 1045 657 1100 rium
691 1047 1084 1101 commiserit:
1118 1047 1200 1101 sic
1251 1063 1491 1119 quoque
1524 1049 1730 1103 anima
1776 1050 2151 1120 incorporea,

505 1134 551 1188 si
584 1134 924 1190 societatem
975 1151 1111 1189 cum
1166 1142 1438 1206 serpente
1470 1138 1528 1191 in
1560 1137 1941 1193 interioribus
1966 1136 2155 1192 animi

505 1222 838 1277 recessibus
878 1222 1102 1289 abdito,
1160 1226 1369 1295 spiritu
1420 1225 1706 1281 nimirum
1741 1243 1948 1298 pravo,
1975 1228 2153 1290 ineat,

507 1311 874 1368 adulteretur
930 1320 1067 1368 ante
1131 1315 1337 1369 Deum.
1405 1316 1611 1387 Itaque
1679 1317 1966 1386 scriptum
2029 1321 2154 1370 est:

510 1400 709 1455 Omnis
750 1402 857 1471 qui
896 1401 1109 1457 viderit
1146 1404 1476 1469 mulierem,
1510 1404 1590 1459 ad
1623 1405 2157 1473 concupiscendum

506 1504 656 1553 eam,
670 1491 803 1559 jam
816 1490 1140 1547 moechatus
1159 1496 1242 1548 est
1261 1492 1323 1547 in
1338 1494 1515 1548 corde
1531 1510 1633 1549 suo
1652 1495 1720 1545 ⁵⁷.
1747 1495 1842 1549 Est
1856 1494 2011 1549 enim
2041 1498 2158 1547 stu-

510 1594 687 1649 prum
711 1580 876 1650 quod
904 1595 1152 1652 corpore
1208 1582 1550 1652 perﬁcitur:
1612 1588 1698 1638 est
1753 1599 1995 1654 quoque
2040 1588 2159 1637 stu-

2261 504 2349 550 xui
2396 498 2704 572 ἐπόρνευσας
2762 498 2809 550 ἐν
2840 508 2956 560 τοῖς
2980 499 3252 573 λογισμοῖς
3312 520 3429 565 σου,
3482 504 3753 573 μοιχεύεις
3804 509 3887 571 τῷ

2262 595 2398 657 Θεῷ,
2439 592 2528 639 καὶ
2578 585 2728 640 οῦδὲν
2786 587 3057 660 ὠφέλησας
3113 592 3171 640 τό
3207 598 3359 659 σῶμα
3411 591 3548 660 ἔχων
3596 591 3883 661 παρθένον·

2260 675 2458 751 Ὠσπερ
2500 676 2583 729 ἐὰν
2628 674 2857 749 ᾖνεᾶνις
2902 681 2992 729 καὶ
3046 682 3334 743 νεανίσκος,
3390 682 3481 729 καὶ
3528 675 3665 749 δόλῳ
3714 678 3888 730 κολα⁹

2261 770 2453 828 κεύσας
2505 767 2667 825 αὐτὴν
2695 769 2902 839 φθείρῃ,
2952 766 3130 819 λοιπόν
3185 765 3449 839 βδελυκτή
3508 769 3622 820 ἐστι
3647 776 3717 838 τῷ
3747 788 3887 839 νυμ-

2263 862 2381 928 φίῳ,
2432 858 2512 908 ὅτι
2559 856 2842 928 ἐμοιχεύθη
2872 877 2884 889 ·
2910 856 3046 907 οὕτω
3089 860 3179 908 καὶ
3222 858 3252 914 ἡ
3300 854 3578 929 ἀσώματος
3606 856 3760 927 ψυχὴ
3800 864 3881 927 τῷ

2264 942 2647 1017 ἐνδομυχοῦντι
2705 949 2810 1016 ὄφει
2853 952 3173 998 κοινωνοῦσα
3212 953 3283 1016 τῷ
3323 954 3536 1020 πονηρῷ
3590 949 3879 1018 πνεύματι,

2263 1038 2497 1106 πορνεύει
2547 1034 2646 1086 ἀπό
2683 1042 2816 1087 Θεοῦ
2841 1050 2855 1063 ⁸
2913 1039 3000 1086 καὶ
3037 1038 3350 1109 γέγραπται,
3385 1041 3510 1097 Πᾶς
3551 1036 3577 1086 6
3618 1033 3886 1108 βλέπων

2264 1132 2541 1193 γυναῖκα
2564 1127 2720 1197 πρὸς
2748 1127 2816 1175 τό
2846 1122 3282 1195 ἐπιθυμῆσαι,
3314 1120 3439 1183 ἤδη
3475 1126 3884 1196 ἐμοίχευσεν

2265 1213 2322 1265 ἐν
2362 1233 2431 1286 τῃ
2475 1210 2716 1286 καρδίᾳ
2754 1212 3257 1285 αύτοῦ.”Εστιγὰρ
3283 1218 3496 1288 πορνεία
3515 1210 3611 1266 διὰ
3632 1218 3888 1285 σώματος

2266 1304 2560 1376 τελουμένη,
2576 1308 2665 1354 καὶ
2687 1306 2799 1355 ἔστι
2820 1307 3033 1374 πορνεία
3053 1302 3238 1375 ψυχῆς
3259 1305 3613 1364 κοινωνούσης
3645 1311 3717 1373 τῷ
3740 1310 3887 1355 Σατα

2266 1395 2401 1463 wit-i2
2428 1393 2559 1451 αὐτὴ
2574 1394 2675 1463 γὰρ
2690 1392 2843 1463 ψυχὴ
2873 1397 3145 1451 κοινωνικὴ
3172 1391 3285 1445 ἐστι
3306 1397 3396 1445 καὶ
3419 1389 3613 1465 ἀδελφὴ
3639 1388 3885 1463 ἣδαιμό-

2267 1505 2385 1550 νων,
2414 1483 2442 1540 ἡ
2475 1490 2606 1536 Θεοῦ
2638 1487 2726 1534 καὶ
2754 1480 2979 1553 ἀγγέλων
3015 1503 3028 1517 ·
3062 1486 3152 1534 καὶ
3181 1482 3359 1535 λοιπόν
3389 1485 3722 1554 μοιχεύουσα
3741 1482 3890 1553 μετὰ

2268 1582 2358 1626 τοῦ
2404 1570 2671 1636 διαϐόλου,
2728 1572 3005 1641 ἄχρηστός
3054 1570 3167 1623 ἐστι
3193 1579 3265 1642 τῷ
3306 1571 3596 1646 ἐπουρανίῳ
3632 1575 3887 1642 Νυμφίῳ.

507 1684 684 1739 prum
716 1669 933 1723 animae
965 1686 1104 1725 cum
1139 1672 1356 1727 Satana
1386 1672 1813 1742 participantis.
1851 1671 2072 1726 Eadem
2104 1668 2264 1725 enim
2282 1665 2489 1720 anima
2514 1662 2674 1717 socia
2696 1665 2783 1715 est
2814 1667 2867 1714 et
2912 1676 3081 1716 soror
3107 1665 3209 1716 aut
3235 1660 3606 1726 daemonum,
3643 1666 3748 1715 aut
3776 1660 3882 1714 Dei

507 1760 565 1811 et
594 1758 943 1828 angelorum
968 1777 982 1827 ;
1016 1775 1149 1830 quae
1184 1776 1321 1815 vero
1348 1761 1707 1815 adulterium
1736 1760 2058 1816 committit
2083 1773 2222 1813 cum
2253 1756 2491 1819 Satana,
2526 1751 2721 1805 minus
2751 1749 3077 1805 commoda
3104 1755 3191 1805 est
3221 1749 3447 1805 cmlesti
3480 1751 3735 1821 Sponso.

584 1882 715 1936 XIV.
746 1883 1164 1953 Interrogatio.
1222 1886 1427 1941 Utrum
1459 1885 1705 1956 quiescit
1731 1886 2032 1941 interdum
2061 1883 2159 1940 Sa-
2195 1882 2234 1935 Β

515 1976 711 2040 tanas,
732 1976 786 2027 et
807 1972 977 2027 homo
1001 1973 1295 2030 liberatur
1317 1990 1354 2030 a
1378 1975 1551 2040 bello,
1577 1982 1679 2031 aut
1700 1975 1970 2046 quandiu
1994 1973 2156 2037 vivit,

514 2060 666 2116 bello
692 2061 1016 2130 infestatur
1039 2062 1068 2114 ‘I

509 2200 529 2232 δ
585 2186 924 2254 Responsio.
986 2188 1242 2243 Satanas
1296 2203 1613 2260 nunquam
1672 2192 1948 2243 cessata
2004 2187 2160 2242 bello

526 2275 823 2346 gerendo;
856 2276 1126 2346 quandiu
1170 2278 1314 2331 vivit
1343 2278 1560 2346 aliquis
1594 2278 1651 2331 in
1675 2277 1789 2333 hoc
1824 2276 2067 2342 saeculo,
2092 2293 2163 2333 ac

512 2363 783 2435 quandiu
839 2381 1078 2420 carnem
1124 2372 1332 2435 gestat,
1376 2366 1533 2421 bello
1580 2366 1908 2421 lacessitur.
1943 2368 2161 2421 Verum

515 2451 619 2507 ubi
647 2452 761 2508 tela
787 2453 1145 2525 nequissimi
1166 2455 1350 2523 ignita
1381 2454 1599 2510 fuerint
1618 2456 1926 2520 exstincta,
1962 2454 2019 2509 in
2043 2470 2162 2525 quo

511 2540 763 2612 posthac
786 2540 903 2596 illic
931 2542 1144 2598 laedere
1193 2544 1384 2613 possit
1416 2544 1743 2608 hominem,
1784 2543 1914 2599 licet
1942 2544 2165 2600 venerit

520 2630 771 2684 Satanas
799 2630 860 2684 in
884 2631 1176 2700 judicium
1200 2632 1226 2686 ‘2
1277 2635 1372 2687 Est
1403 2633 1619 2705 aliquis
1648 2633 1876 2687 amicus
1902 2633 2076 2703 regis,
2110 2638 2165 2688 et

517 2718 698 2773 habet
757 2721 1225 2776 controversiam
1262 2738 1396 2775 cum
1451 2722 1990 2781 adversariozcum
2022 2736 2163 2791 ergo

519 2821 719 2876 regem
773 2807 993 2863 habeat
1039 2809 1152 2864 sibi
1194 2810 1522 2879 propitium
1583 2816 1636 2864 et
1665 2810 2019 2879 benignum,
2059 2811 2163 2882 qui

522 2896 830 2967 suppetias
861 2897 1006 2953 ferat
1036 2898 1135 2962 illi,
1169 2897 1511 2954 nullatenus
1562 2898 1829 2954 laedetur.
1872 2899 1976 2955 Ubi
2005 2900 2164 2955 enim

520 2985 676 3055 quis,
707 3001 917 3040 omnes
940 2986 1176 3042 ordines
1202 3004 1271 3043 ac
1298 2988 1518 3056 gradus
1555 2994 1975 3058 transgressus,
2010 2989 2166 3059 regis

521 3074 754 3129 amicus
787 3076 1057 3139 evaserit,
1090 3076 1184 3131 hic
1216 3076 1463 3147 posthac
1494 3092 1812 3148 aquonam
1845 3083 1947 3133 aut
1969 3078 2166 3151 quain

521 3178 584 3218 re
614 3162 989 3218 offendetur?
1020 3164 1081 3218 In
1113 3164 1293 3219 rebus
1325 3165 1686 3237 conspicuis,
1713 3171 1851 3221 sunt
1878 3166 2162 3231 civitates,

522 3267 658 3324 quae
677 3252 838 3308 dona
855 3260 909 3307 et
936 3269 1211 3309 annonas
1237 3255 1575 3326 accipiunt;
1602 3257 1648 3310 si
1673 3271 1812 3326 ergo
1840 3256 1897 3311 in
1922 3272 2167 3311 munere

523 3341 806 3397 obeundo
836 3343 1234 3412 pauxillulum
1286 3350 1549 3415 erogent,
1584 3345 1811 3400 nullam
1865 3346 2167 3415 jacturam

524 3429 771 3491 faciunt,
807 3448 943 3485 cum
979 3438 1138 3488 tanta
1171 3434 1469 3505 accipiant
1498 3450 1566 3489 ac
1592 3435 1919 3506 suscipiant
1951 3450 1986 3489 a
2010 3450 2165 3505 rege.

526 3518 619 3573 Sic
672 3536 913 3591 quoque
963 3522 1298 3588 Christiani,
1360 3523 1493 3577 licet
1555 3523 1709 3577 bello
1762 3528 2042 3594 petantur
2095 3524 2172 3578 ab

529 3608 718 3673 hoste,
752 3610 1052 3665 divertunt
1084 3614 1281 3665 tamen
1314 3612 1427 3682 ipsi
1456 3613 1532 3667 ad
1567 3612 1962 3677 divinitatem,
1993 3618 2173 3683 atque

540 3697 797 3751 induunt
824 3699 1097 3754 virtutem
1126 3715 1196 3754 ac
1247 3701 1513 3771 requiem
1556 3718 1626 3756 ex
1685 3701 1827 3767 alto,
1882 3717 1989 3756 nec
2039 3706 2176 3757 sunt

532 3786 864 3859 quidquam
890 3786 1117 3843 solliciti
1147 3789 1219 3843 de
1251 3788 1429 3844 bello.

603 3914 1242 3978 XV.Quemadmodum
1258 3916 1417 3970 enim
1435 3915 1923 3971 Dominusinduit
1937 3930 2177 3986 corpus,

530 4000 872 4073 relinquens
931 4018 1173 4059 omnem
1215 4004 1615 4076 principatum
1678 4020 1748 4059 ac
1801 4008 2174 4075 potestatem,

532 4090 744 4147 eodem
777 4107 1019 4164 quoque
1048 4093 1230 4148 modo
1258 4094 1569 4149 Christiani
1601 4094 1932 4149 induuntur
1963 4094 2179 4165 Spiritu

535 4186 765 4245 sancto,
813 4186 868 4236 et
910 4184 1115 4254 requie
1145 4182 1440 4237 fruuntur.
1493 4184 1660 4248 Quod
1694 4183 1739 4237 si
1769 4198 2012 4255 quoque
2060 4181 2180 4237 bel-

532 4268 657 4324 lum
708 4270 962 4325 exterius
1010 4273 1270 4341 ingruat,
1318 4271 1448 4328 ferit
1498 4274 1769 4335 Satanas,
1826 4287 2033 4325 verum
2063 4271 2181 4343 ipsi

533 4359 781 4415 interius
812 4361 1021 4415 virtute
1056 4361 1286 4421 Domini
1312 4362 1522 4416 muniti
1548 4366 1705 4426 sunt,
1728 4377 1835 4415 nec
1862 4360 1935 4415 de
1960 4362 2181 4416 Satana

538 4453 678 4502 sunt
717 4448 965 4503 solliciti.
1026 4450 1183 4506 Sicut
1238 4449 1330 4504 ille
1362 4450 1418 4504 in
1450 4450 1685 4505 deserto
1720 4450 1963 4505 tentavit
1990 4449 2182 4503 Domi-

535 4553 684 4592 num
714 4539 1116 4609 quadraginta
1144 4540 1289 4605 dies,
1315 4540 1459 4611 quid
1490 4539 1570 4593 illi
1594 4539 1816 4604 nocuit,
1841 4539 2002 4610 quod
2023 4545 2184 4593 exte-

535 4627 658 4682 rius
692 4642 1009 4696 aggressus
1064 4634 1152 4683 est
1206 4645 1422 4699 corpus
1474 4629 1629 4683 illius
1683 4630 1728 4663 ⁵⁸
1762 4630 1788 4684 ‘2
1830 4630 1991 4683 Intus
2023 4629 2181 4684 enim

539 4718 691 4770 Deus
722 4721 863 4770 erat.
901 4719 991 4771 Sic
1044 4733 1285 4788 quoque
1344 4717 1679 4781 Christiani,
1736 4717 1869 4772 licet
1925 4718 2180 4771 exterius

538 4808 850 4868 tententur,
930 4805 1170 4859 interius
1232 4807 1350 4878 99
1415 4806 1807 4861 nihilominus
1872 4806 2181 4861 divinitate

538 4890 732 4945 referti
760 4898 914 4957 sunt,
951 4909 1058 4948 nec
1084 4894 1203 4948 ullo
1230 4896 1455 4951 damno
1488 4896 1781 4967 injuriave
1819 4894 2179 4950 afﬁciuntur.

540 4981 655 5033 Hos
686 4980 909 5048 gradus
939 4989 1137 5037 autem
1172 4985 1214 5036 si
1258 4984 1390 5054 quis
1421 4989 1779 5040 consecutus
1828 4991 1935 5049 est,
1985 4982 2078 5038 ille
2107 4984 2185 5038 ad

538 5067 861 5140 perfectam
913 5071 1286 5127 dilectionem
1347 5072 1576 5141 Christi,
1640 5078 1695 5127 et
1752 5073 2185 5143 plenitudinem

541 5156 882 5224 divinitatis,
936 5162 1216 5230 pervenit.
1276 5165 1347 5216 At
1392 5163 1494 5232 qui
1546 5178 1667 5217 non
1720 5168 1806 5217 est
1865 5162 2183 5232 ejusmodi,

540 5245 741 5303 adhuc
788 5248 1028 5303 interius
1082 5248 1304 5305 bellum
1367 5251 1651 5309 sustinet:
1714 5251 1862 5306 hora
1915 5253 2185 5322 quadam

541 5335 867 5392 delectatur
888 5338 1173 5404 oratione,
1204 5339 1319 5394 alia
1338 5356 1473 5394 vero
1504 5340 1648 5394 hora
1683 5341 1739 5394 in
1773 5339 2095 5396 afﬂictione
2118 5357 2187 5396 ac

542 5426 808 5499 periculo
838 5429 1138 5489 consistit;
1173 5428 1253 5484 ita
1310 5430 1467 5484 enim
1520 5429 1645 5484 vult
1698 5432 2017 5498 Dominus;
2047 5447 2187 5486 cum

543 5518 700 5573 enim
721 5518 917 5574 adhuc
945 5517 1253 5586 sitiut‘ans,
1310 5526 1541 5575 exercet
1566 5519 1735 5575 illum
1780 5521 1856 5575 ad
1884 5521 2183 5592 praelium,

616 5673 658 5706 ετ
703 5672 901 5730 κελαι),
933 5689 986 5739 v,
1018 5676 1105 5729 28.
1184 5675 1230 5711 ⁵⁸
1270 5672 1468 5731 Matth.
1506 5689 1581 5737 ιν,
1618 5676 1650 5728 2
1675 5688 1799 5744 seq.

2342 1876 2439 1931 IA'.
2470 1875 2839 1948 Ἐρώτησις.
2865 1874 2933 1927 Εἰ
2962 1874 3296 1946 ἡσυχάζει
3327 1875 3478 1927 ποτε
3508 1874 3533 1925 6
3565 1879 3891 1934 Σατανᾶς,

2271 1971 2379 2019 καὶ
2417 1965 2867 2036 ἐλευθεροῦται
2898 1964 2922 2014 ό
2954 1964 3286 2035 ἄνθρωπος
3325 1961 3388 2015 ἐκ
3420 1970 3528 2015 τοῦ
3568 1961 3882 2034 πολέμου,

2272 2059 2302 2116 ἢ
2345 2058 2439 2118 ἓως
2477 2056 2559 2106 ὅτε
2600 2054 2689 2126 ζῇ,
2722 2055 2839 2125 ἔχει
2879 2052 3097 2125 πόλεμον
3131 2071 3144 2121 ;

2348 2178 2750 2252 Ἀπόκρισις,
2781 2176 2839 2229 Ὀ
2871 2182 3103 2236 Σατανᾶς
3141 2171 3389 2228 οὐδέποτε
3418 2176 3691 2247 ἡσυχάζει
3731 2174 3885 2228 πολε-

2272 2269 2551 2338 μῶν;ἓως
2608 2265 2667 2317 ἂν
2717 2266 2780 2338 ζῇ
2843 2285 2918 2325 τις
2973 2270 3059 2317 τόν
3114 2265 3277 2316 αἰῶνα
3328 2271 3529 2330 τοῦτον,
3584 2269 3677 2317 καὶ
3742 2272 3891 2337 φορεῖ

2275 2360 2464 2429 σάρκα,
2524 2355 2845 2427 πολεμεῖται,
2879 2353 3017 2407 Ἀλλ’
3063 2356 3185 2407 ὅταν
3238 2356 3305 2407 τὰ
3345 2353 3470 2426 βέλη
3523 2360 3616 2405 τοῦ
3655 2362 3893 2428 πονηροῦ

2272 2449 2336 2499 τὰ
2388 2449 2723 2518 πεπυρωμένα
2780 2443 2998 2517 σϐεσθῇ,
3039 2443 3217 2496 λοιπόν
3271 2446 3373 2495 ἐκεῖ
3423 2447 3476 2495 τί
3522 2442 3750 2515 βλάπτει
3795 2447 3883 2496 τόν

2273 2538 2564 2611 ἄνθρωπον,
2625 2534 2668 2587 εἰ
2716 2539 2804 2585 καὶ
2863 2536 3078 2607 ἔρχεται
3136 2534 3161 2584 6
3215 2539 3449 2594 Σατανᾶς
3492 2535 3622 2606 πρός
3680 2533 3879 2605 λόγον;

2274 2627 2427 2680 Ἐστι
2474 2646 2555 2687 τις
2602 2626 2745 2696 φίλος
2794 2623 3071 2696 βασιλέως,
3103 2628 3192 2675 καὶ
3224 2626 3336 2694 ἔχει
3368 2620 3522 2680 δίκην
3562 2626 3697 2695 πρὸς
3743 2623 3881 2674 ἀντί-

2276 2715 2422 2769 δικον
2452 2733 2463 2747 ·
2498 2719 2618 2768 ὅταν
2674 2711 2761 2766 οὖν
2788 2718 2874 2765 τόν
2908 2711 3129 2786 βασιλέα
3158 2715 3256 2784 ἔχῃ
3313 2711 3559 2787 ἐπιρῥεπῆ
3593 2718 3685 2765 καὶ
3734 2713 3875 2784 φίλον

2275 2807 2452 2871 αὐτοῦ,
2505 2809 2649 2867 ὅστις
2702 2802 2885 2877 βοηθεῖ
2932 2802 3094 2873 αὐτῷ,
3156 2799 3307 2853 οὐδὲν
3359 2799 3658 2874 βλάπτεται.
3714 2799 3870 2851 Ὀταν

2273 2898 2373 2967 γάρ
2429 2914 2505 2954 τις
2538 2894 2711 2965 φθάσῃ
2756 2892 2879 2953 ὅλας
2933 2894 3027 2953 τὰς
3065 2890 3233 2953 τάξεις
3288 2889 3559 2963 παρελθεῖν
3610 2892 3692 2940 καὶ
3745 2892 3867 2949 τούς

2277 2984 2535 3059 βαθμούς,
2588 2986 2677 3034 καὶ
2704 2982 2948 3053 γενέσθαι
3003 2980 3145 3052 φίλος
3199 2977 3477 3051 βασιλέως,
3516 2979 3659 3040 οὗτος
3691 2978 3865 3029 λοιπόν

2276 3080 2327 3127 τί
2359 3072 2643 3147 βλάπτεται
2691 3072 2790 3123 ὑπό
2822 3086 2998 3136 τινος;
3033 3069 3103 3129 εἰς
3132 3072 3187 3121 1'6
3223 3071 3522 3141 φαινόμενον
3570 3068 3673 3121 εἰσὶ
3711 3066 3876 3127 πόλεις

2275 3161 2635 3236 λαμϐάνουσαι
2690 3156 2834 3232 δῶρα
2886 3163 2976 3211 καὶ
3007 3157 3215 3219 ἆννόνας
3260 3160 3404 3231 παρά
3455 3165 3546 3209 τοῦ
3586 3154 3871 3229 βασιλέως.

2210 3235 2339 3306 CEZ
2386 3248 2472 3303 οὖν
2522 3250 2692 3321 ὀλίγον
2747 3270 2799 3301 τι
2850 3249 3265 3320 λειτουργοῦσιν,
3332 3243 3482 3299 οὐδὲν
3545 3250 3878 3318 ζημιοῦνται,

2279 3344 2431 3395 ὁπότε
2459 3348 2689 3394 τοσαῦτα
2726 3339 3032 3406 πορίζονται
3063 3343 3151 3390 καὶ
3185 3333 3436 3408 δέχονται
3474 3338 3619 3410 παρὰ
3647 3343 3739 3388 τοῦ
3785 3332 3889 3408 βα-

2284 3432 2481 3493 σιλέως.
2539 3430 2715 3490 Οὕτως
2769 3434 2856 3480 καὶ
2902 3430 2950 3480 οἱ
3007 3430 3335 3501 Χριστιανοὶ,
3378 3426 3421 3477 εἰ
3472 3428 3561 3476 καὶ
3603 3425 3890 3496 πολεμοῦν-

2283 3541 2369 3572 ται
2400 3522 2542 3591 παρὰ
2581 3525 2671 3570 τοῦ
2720 3518 2939 3589 ἐχθροῦ,
2996 3515 3101 3568 ἀλλ’
3153 3515 3301 3568 αὐτοὶ
3354 3514 3642 3567 κατέλυσαν
3674 3514 3748 3575 εἰς
3792 3518 3887 3572 τὴν

2289 3611 2525 3671 θεότητα,
2586 3611 2674 3659 καὶ
2730 3603 3039 3658 ἐνεδύσαντο
3092 3609 3185 3663 τὴν
3230 3603 3282 3667 ἐξ
3334 3603 3499 3675 ὕψους
3541 3599 3767 3675 δύναμιν
3800 3608 3893 3654 καὶ

2287 3696 2599 3762 ἀνάπαυσιν,
2632 3700 2719 3748 xui
2755 3692 2904 3748 οὐδὲν
2933 3694 3270 3767 φροντίζουσι
3302 3700 3393 3745 τοῦ
3422 3692 3666 3764 πολέμου.

2361 3911 2458 3965 ΙΕ¹.
2517 3908 2716 3980 Ὠσπερ
2769 3914 2867 3985 ’γὰρ
2919 3911 2943 3961 ὁ
2996 3910 3189 3974 Κύριος
3247 3902 3527 3959 ἐνεδύσατο
3586 3907 3642 3958 τὸ
3712 3913 3890 3977 σῶμα,

2289 4000 2586 4053 καταλιπὼν
2631 4004 2805 4051 πᾶσαν
2864 3998 3037 4072 ἀρχὴν
3068 4001 3157 4048 καὶ
3205 3995 3465 4061 ἐξουσίαν,
3527 3995 3660 4047 οὕτω
3719 3996 3891 4046 κοιὶοί

2289 4093 2600 4161 Χριστιανοὶ
2644 4084 2912 4139 ἐνδύονται
2978 4090 3035 4138 τό
3094 4092 3301 4156 Πνεῦμα
3355 4086 3413 4136 1'6
3473 4083 3640 4154 ἅγιον,
3698 4088 3789 4135 καὶ
3841 4085 3890 4134 ἓν

2292 4178 2579 4231 ἀναπαύσει
2628 4178 2777 4231 εἰσίν.
2835 4172 2982 4231 Είδε
3010 4179 3100 4227 καὶ
3156 4176 3373 4245 ἔρχεται
3411 4171 3629 4241 πόλεμος
3682 4169 3885 4237 ἔξωθεν,

2290 4272 2464 4341 κρούει
2516 4268 2540 4319 6
2599 4272 2848 4331 Σατανᾶς,
2900 4264 3003 4316 ἀλλ’
3064 4264 3213 4316 αὐτοὶ
3267 4264 3457 4314 ἐσωθεν
3508 4261 3886 4333 ἡσφαλισμένοι

2292 4358 2388 4410 εἰσὶ
2420 4366 2480 4429 τῇ
2516 4364 2606 4409 τοῦ
2649 4361 2842 4430 Κυρίου
2881 4352 3120 4426 δυνάμει,
3176 4356 3265 4405 καὶ
3318 4351 3376 4404 ού
3408 4354 3747 4425 φροντίζουσι
3793 4356 3879 4401 τοῦ

2293 4452 2493 4499 Σατανᾶ
2524 4463 2536 4475 '
2570 4447 2737 4505 καθὼς
2788 4446 2973 4505 ἐκεῖνος
3024 4442 3091 4502 εἰς
3143 4446 3235 4500 τὴν
3294 4443 3483 4513 ἔρημον
3529 4439 3770 4512 ἐπείρασε
3796 4440 3875 4488 τόν

2295 4538 2483 4608 Κύριον
2559 4536 2757 4606 ἡμέρας
2830 4535 3239 4608 τεσσαράκοντα,
3298 4534 3347 4581 τί
3415 4529 3569 4581 αύτόν
3652 4528 3869 4596 ἔϐλαψεν,

2294 4626 2374 4676 ὃτι
2434 4624 2613 4686 ἔξωθεν
2680 4622 2944 4695 προσῆλθε
3011 4630 3082 4692 τῷ
3139 4626 3343 4691 σώματι
3398 4619 3600 4684 αύτοῦ;
3661 4616 3870 4669 Ἐσωθεν

2292 4716 2392 4787 γὰρ
2448 4717 2574 4773 Θεὸς
2628 4709 2710 4771 ἦν.
2745 4713 2894 4764 Ούτω
2946 4716 3035 4763 καὶ
3066 4711 3115 4761 οἱ
3144 4713 3472 4782 Χριστιανοὶ,
3510 4708 3553 4760 εἰ
3591 4712 3681 4759 καὶ
3712 4705 3881 4767 ἔξωθεν

2292 4805 2648 4874 πειράζονται,
2706 4800 2812 4853 ἀλλ’
2888 4802 3074 4852 ἔσωθεν
3155 4798 3545 4870 πεπληρωμένοι
3624 4796 3726 4848 εἰσὶ
3803 4802 3887 4853 τῆς

2297 4894 2548 4955 θεότητος,
2600 4894 2688 4942 καὶ
2714 4887 2865 4941 οὐδὲν
2920 4886 3247 4941 ἀδικοῦνται.
3301 4886 3389 4949 Εἰς
3414 4893 3582 4939 ταῦτα
3608 4881 3665 4937 δὲ
3694 4886 3762 4935 τὰ

2293 5001 2391 5055 τρα
2446 4984 2488 5033 εἴ
2553 5000 2633 5040 τις
2691 4982 2929 5051 ἔφθασεν,
2995 4978 3067 5041 εἰς
3128 4982 3220 5035 τὴν
3283 4976 3475 5029 τελείαν
3530 4973 3738 5047 ἀγάπην
3803 4980 3892 5026 τοῦ

2298 5077 2554 5143 Χριστοῦ,
2590 5075 2679 5121 καὶ
2735 5068 2805 5131 εἰς
2856 5071 2913 5120 τό
2969 5067 3228 5141 πλήρωμα
3284 5074 3378 5128 τῆς
3419 5068 3658 5126 θεότητος
3708 5069 3893 5121 κατην-

2297 5180 2472 5219 τησεν.
2514 5160 2571 5212 Ὁ
2628 5156 2686 5212 δὲ
2735 5163 2805 5230 μὴ
2867 5164 3117 5222 τοιοῦτος,
3162 5155 3331 5227 ἀκμὴν
3389 5156 3575 5207 ἔσωθεν
3605 5156 3719 5225 ἔχει
3750 5152 3892 5205 πόλε-

2297 5266 2418 5323 μον·
2451 5252 2560 5321 ὥρᾳ
2608 5248 2926 5301 ἀναπαύεται
2972 5247 3038 5307 εἰς
3090 5250 3182 5304 την
3223 5245 3409 5317 εὐχὴν,
3460 5248 3548 5295 καὶ
3605 5241 3730 5315 ἄλλῃ
3790 5245 3895 5314 ὥρᾳ

2300 5340 2347 5392 ἐν
2414 5339 2580 5409 θλίψει
2636 5344 2725 5390 καὶ
2778 5337 2980 5409 πολέμῳ
3050 5341 3252 5395 στήκει.
3308 5334 3459 5386 Οὕτω
3521 5335 3619 5406 γὰρ
3680 5331 3813 5384 θέλει
3869 5332 3894 5382 6

2301 5433 2505 5505 Κύριος,
2557 5425 2735 5485 ἐπειδὴ
2790 5425 2959 5499 ἀκμὴν
3012 5430 3194 5485 νήπιός
3252 5422 3384 5493 ἐστι,
3441 5423 3698 5495 γυμνάζει
3742 5421 3894 5472 αὐτόν

2303 5518 2370 5579 εἰς
2440 5520 2557 5578 τοὺς
2640 5516 2889 5588 πολέμους
2965 5534 3052 5582 καζ
3123 5517 3189 5567 τὰ
3241 5509 3336 5566 δύο
3402 5516 3661 5587 πρόσωπα
3706 5511 3892 5563 ἔσωθεν
