4148 6262
293 282 398 339 685

1543 285 1890 341 HOMILI/E.
1932 318 2000 328 —
2040 289 2214 345 HOM.
2255 291 2454 347 XXVI.

3552 296 3662 351 686

292 405 468 481 βρύει,
519 411 609 459 καὶ
665 409 722 458 τὸ
775 414 877 479 φῶς
910 411 999 460 καὶ
1050 408 1111 460 τὸ
1143 411 1351 475 σκότος,
1402 414 1493 463 καὶ
1531 412 1560 469 ἠ
1597 408 1896 473 ἀνάπαυσις

2022 432 2077 473 ιο
2106 416 2241 473 dua;
2270 434 2540 488 personae
2560 418 2803 475 interius
2829 418 3178 485 scaturiunt,
3200 418 3405 476 lumen
3421 425 3478 477 et
3498 425 3656 478 tene-

290 500 378 547 καὶ
410 498 438 553 ἠ
478 495 651 566 θλίψις
684 512 697 524 ⁸
746 499 994 568 εὔχονται
1038 499 1086 549 ἓν
1134 497 1443 564 ἀναπαύσει,
1499 504 1589 551 καὶ
1627 499 1754 573 οῖλλη
1788 503 1898 574 ὥρᾳ

289 588 339 637 ἰν
365 584 567 660 θορύϐῳ
598 583 751 637 εἰσίν.

361 709 460 773 Ῑς-’.
515 708 626 761 Ούκ
674 709 875 769 ἀκούεις
911 713 962 761 τί
1011 709 1148 781 λέγει
1178 712 1204 763 6
1255 711 1456 774 Παῦλος
1507 729 1519 742 ·

288 801 496 851 πάντα
531 800 612 851 τὰ
648 803 1044 870 χαρίσματα
1084 818 1100 834 ο

1577 713 1717 766 Ἐὰν
1771 717 1899 786 ἔχω

1164 798 1266 852 ἐὰν
1305 797 1575 875 παραδῶ
1614 806 1681 855 τὸ
1721 806 1900 875 σῶμά

1203 888 1305 941 ἐὰν
1371 898 1509 951 ταῖς
1571 891 1901 961 γλώσσαις

288 986 402 1029 τῶν
443 975 725 1048 ἀγγέλων
764 976 951 1045 λαλῶ,
997 976 1252 1049 ἀγάπην
1293 975 1361 1032 δε
1400 984 1481 1051 μὴ
1524 983 1675 1052 ἔχω,
1719 982 1899 1035 οὐθέν

291 1066 440 1138 εἰμι.
486 1061 697 1125 Ἐπειδὴ
731 1073 900 1118 ταῦτα
930 1068 994 1118 τὰ
1018 1072 1339 1141 χαρίσματα
1366 1072 1723 1143 προτρεπτικά
1752 1070 1856 1122 εἰσι
1883 1087 1895 1101 ·

289 1160 379 1208 καὶ
408 1158 457 1207 οἱ
483 1155 533 1207 ἐν
558 1156 761 1215 τούτοις
793 1161 1090 1220 στήκοντες,
1118 1157 1268 1209 εἰκαὶ
1299 1156 1347 1209 έν
1378 1163 1526 1228 φωτὶ,
1558 1164 1737 1216 νήπιοί
1762 1160 1865 1212 εἱσι
1884 1186 1895 1198 -

288 1244 468 1298 πολλοὶ
492 1246 593 1318 γὰρ
635 1253 734 1296 τῶν
766 1241 997 1317 ἀδελφῶν
1030 1242 1183 1304 ἦλθον
1225 1246 1291 1307 εἰς
1335 1250 1401 1299 τά
1450 1256 1669 1300 τοιαῦτα
1708 1252 1897 1321 μέτρα,

290 1339 381 1387 καὶ
437 1336 598 1405 ἔσχον
672 1353 989 1406 χαρισματα
1068 1334 1321 1406 ἰαμάτων,
1397 1342 1487 1389 καὶ
1546 1336 1896 1408 ἀποκάλυψιν,

293 1429 382 1475 καὶ
460 1428 780 1495 προφητείαν
835 1439 852 1456 ⁸
916 1428 1006 1476 καὶ
1088 1422 1270 1484 ἐπειδὴ
1355 1425 1449 1476 ούκ
1528 1428 1758 1497 ἔφθασαν
1828 1426 1899 1488 εἰς

294 1517 387 1571 τὴν
418 1512 611 1564 τελείαν
640 1511 869 1582 ἀγάπην,
902 1514 1030 1565 ὅπου
1062 1515 1088 1564 6
1118 1510 1483 1586 σύνδεσμος
1521 1517 1632 1577 τῆς
1669 1515 1901 1569 τελειό-

294 1620 508 1667 τητος,
576 1600 792 1658 ἐπῆλθεν
858 1602 1037 1662 αὐτοῖς
1107 1601 1345 1675 πόλεμος,
1407 1608 1493 1656 καὶ
1550 1603 1899 1676 ἀμελήσαντες

298 1693 499 1744 ἔπεσον.
555 1690 618 1743 Εἰ
677 1687 736 1744 δέ
785 1711 862 1752 τις
907 1693 1095 1763 φθάσει
1152 1692 1225 1754 εἰς
1271 1698 1363 1752 τὴν
1420 1694 1611 1746 τελείαν
1668 1693 1898 1765 ἀγάπην,

296 1779 447 1840 οὗτος
494 1779 671 1831 λοιπὸν
721 1775 949 1847 δέδεται,
996 1786 1084 1832 καὶ
1134 1784 1274 1833 ἐστιν
1324 1783 1792 1855 ᾐχμαλωτισμένος
1834 1784 1901 1844 εἰς

296 1872 388 1925 την
416 1870 599 1941 χάριν.
652 1868 711 1921 Εἰ
751 1865 811 1920 δέ
856 1888 936 1930 τις
974 1872 1117 1941 παρὰ
1157 1874 1343 1945 μικρὸν
1384 1870 1583 1942 ἐγγίσει
1629 1882 1701 1944 τῷ
1730 1876 1899 1947 μέτρῳ

296 1956 389 2018 τῆς
449 1954 673 2027 ἀγάπης,
732 1961 802 2028 μὴ
859 1959 1045 2029 φθάσει
1093 1955 1152 2011 δε
1197 1959 1264 2019 εἰς
1320 1960 1482 2019 αὐτὴν
1539 1966 1633 2020 τὴν
1689 1960 1899 2033 ἀγάπην

301 2040 541 2112 δεθῆναι,
574 2043 745 2115 ἀκμὴν
779 2047 804 2097 6
854 2053 1088 2107 τοιοῦτος
1130 2049 1230 2099 ὑπὸ
1280 2047 1432 2119 φόϐον
1464 2050 1601 2113 ἐστὶ,
1633 2055 1722 2103 καὶ
1751 2051 1900 2103 πόλε-

298 2154 394 2205 μον
418 2138 507 2187 καὶ
556 2142 778 2204 πτῶσιν,
807 2139 897 2187 καὶ
949 2136 993 2189 εἰ
1021 2140 1093 2208 μὴ
1141 2134 1509 2209 ἀσφαλίσεται,
1542 2140 1715 2213 ῥίπτει
1746 2142 1897 2194 αὑτὸν

297 2224 323 2274 ό
349 2228 594 2284 Σατανᾶς.

289 906 427 959 μου,
497 888 597 939 ἶνα
658 890 1097 960 καυθήσομαι
1147 904 1159 917 ·

367 2343 467 2399 12⁸.
522 2345 696 2406 Οὕτως
746 2348 847 2421 γὰρ
904 2346 1084 2399 πολλοὶ
1134 2348 1497 2407 ἐπλανήθησαν
1556 2351 1781 2423 χάριτος
1828 2350 1898 2412 είς

297 2434 487 2497 αύτούς
558 2439 854 2507 γενομένης.
951 2436 1228 2508 Ἐνόμισαν
1304 2439 1384 2490 ὅτι
1457 2438 1739 2491 κατέλαϐον
1813 2444 1898 2498 τὴν

295 2524 613 2590 τελειότητα,
638 2530 729 2576 καὶ
749 2525 940 2595 ἔλεγον,
970 2526 1185 2598 Ἀρκεῖ
1222 2529 1395 2599 ἡμῖν,
1428 2528 1494 2579 ού
1530 2529 1895 2601 χρῄζομενο

298 2613 403 2665 ἀλλ’
446 2615 471 2665 6
500 2616 691 2687 Κύριος
738 2616 855 2665 οὔτε
902 2614 1039 2674 τέλος
1091 2618 1223 2687 ἔχει,
1286 2619 1401 2667 οὔτε
1433 2616 1747 2687 κατάληψιν.
1800 2622 1901 2669 Καὶ

298 2705 345 2755 οἱ
386 2707 697 2775 Χριστιανοὶ
741 2704 799 2754 ού
853 2702 1111 2775 τολμῶσιν
1164 2704 1342 2769 εἰπεῖν,
1403 2707 1482 2757 ότι
1525 2705 1899 2779 Κατελάϐομεν,

298 2790 425 2844 ἀλλὰ
500 2794 926 2863 τεταπεινωμένοι
999 2792 1102 2844 εἰσί
1182 2797 1363 2854 νυκτός
1427 2798 1517 2846 καὶ
1575 2797 1794 2868 ἡμέρας,
1853 2794 1901 2846 ἐν

299 2888 403 2941 τοῖς
456 2885 778 2953 φαινομένοις
844 2883 911 2933 τά
964 2883 1254 2956 γράμματα
1308 2883 1559 2936 ἀτέλεστά
1616 2884 1741 2950 εἰσι,
1809 2890 1901 2936 καὶ

301 2966 476 3031 οὐδεὶς
531 2966 643 3022 οἶδε
699 2978 871 3040 τοῦτο,
931 2970 974 3023 εἰ
1028 2976 1098 3041 μὴ
1164 2972 1540 3043 σχολαστικὸς,
1606 2974 1630 3024 6
1680 2978 1905 3045 μετρίως

304 3061 480 3122 μαθὼν
526 3062 834 3132 γράμματα.
869 3059 1049 3120 Οὕτως
1079 3063 1164 3111 καὶ
1212 3057 1335 3125 ὧδε,
1381 3059 1557 3113 οὐδενί
1599 3062 1712 3113 ἐστι
1742 3082 1905 3113 κατα-

2007 508 2151 573 brae,
2178 507 2349 578 quies
2396 512 2453 564 et
2491 506 2771 563 afﬂictio:
2820 514 3140 580 precantur
3179 509 3239 564 in
3278 510 3495 581 quiete,
3538 510 3657 568 alia

2009 612 2148 651 vero
2187 596 2337 652 hora
2366 597 2425 652 in
2464 598 2909 668 perturbatione
2947 598 3296 654 consistunt.

2075 723 2207 778 XVI.
2244 724 2368 777 Non
2417 720 2591 777 audis
2639 721 2786 792 quid
2834 722 2914 778 ait
2965 722 3222 781 Paulus:
3279 723 3347 780 Si
3394 724 3656 780 habuero

2008 811 2205 868 omnia
2220 812 2407 874 dona;
2430 812 2483 866 si
2496 811 2799 867 tradidero
2811 826 3026 881 corpus
3038 828 3229 868 meum
3244 819 3307 867 ut
3321 814 3657 880 comburar;

2009 902 2059 956 si
2084 901 2302 971 linguis
2320 901 2668 970 angelorum
2691 902 2921 972 loquar,
2943 901 3299 958 charitatem
3322 908 3515 959 autem
3536 919 3655 958 non

2011 990 2292 1053 habuero,
2310 990 2467 1045 nihil
2491 1005 2619 1045 sum
2632 990 2700 1043 δ’.
2728 989 3036 1061 Siquidem
3050 990 3178 1045 haec
3199 990 3361 1046 dona
3378 992 3655 1048 exhorta-

2011 1079 2162 1135 toria
2212 1085 2391 1134 sunt:
2429 1084 2487 1134 et
2511 1080 2611 1151 qui
2654 1079 2712 1133 in
2738 1078 2831 1133 his
2876 1078 3235 1145 consistunt,
3277 1081 3557 1151 quamvis
3597 1081 3659 1136 in

2008 1169 2138 1226 luce
2178 1170 2311 1235 sint,
2353 1174 2551 1224 tamen
2580 1167 2834 1223 infantes
2873 1173 3030 1223 sunt.
3074 1168 3228 1225 Multi
3251 1168 3408 1223 enim
3452 1170 3660 1225 fratres

2010 1258 2089 1315 ad
2127 1258 2237 1314 hos
2274 1258 2497 1327 gradus
2541 1261 2959 1328 pervenerunt,
3003 1272 3072 1312 ac
3114 1257 3454 1313 habuerunt
3495 1258 3659 1315 dona

2010 1348 2413 1411 sanationum,
2428 1345 2843 1402 revelationem
2858 1362 2926 1401 ac
2940 1346 3349 1418 prophetiam;
3368 1348 3656 1419 quoniam

2009 1443 2207 1493 autem
2232 1436 2307 1491 ad
2322 1435 2641 1507 perfectam
2661 1435 3009 1490 charitatem
3027 1450 3148 1489 non
3166 1441 3582 1506 pervenerunt,
3596 1436 3658 1492 in

2008 1542 2132 1598 qua
2177 1526 2481 1581 vinculum
2521 1528 2605 1580 est
2642 1524 3108 1595 perfectionis“,
3160 1524 3412 1595 prosiliit
3451 1524 3511 1579 in
3552 1541 3657 1581 eos

2010 1614 2254 1679 bellum,
2309 1613 2473 1684 quod
2522 1629 2656 1668 cum
2724 1612 3093 1682 negligerent
3138 1613 3566 1669 occubuerunt.
3603 1614 3660 1671 Si

2011 1720 2151 1760 vero
2176 1703 2309 1774 quis
2341 1703 2672 1774 pervenerit
2698 1702 2774 1759 ad
2798 1702 3118 1773 perfectam
3149 1703 3522 1769 charitatem,
3561 1703 3657 1759 hic

1935 1768 1972 1822 Β
2014 1768 2220 1865 postea
2253 1768 2565 1847 devinctus
2607 1808 2676 1847 ac
2732 1768 3070 1862 ca'ptivatus
3108 1798 3195 1847 est
3231 1808 3267 1847 a
3306 1768 3515 1861 gratia.
3559 1793 3658 1848 Sin

2009 1884 2143 1955 quis
2181 1882 2495 1954 paululum
2535 1880 2613 1936 ad
2660 1881 2916 1950 gradum
2956 1881 3161 1949 gratiae
3210 1880 3661 1953 appropinqua-

2008 1974 2173 2038 verit,
2206 1988 2315 2028 nec
2344 1971 2491 2027 dum
2521 1986 2591 2026 eo
2618 1970 2968 2043 pervenerit,
3000 1976 3117 2025 uta
3146 1969 3429 2025 charitate
3456 1970 3660 2025 devin-

2008 2062 2217 2128 ciatur,
2269 2060 2398 2117 talis
2428 2060 2627 2115 adhuc
2667 2063 2757 2115 est
2789 2059 2901 2114 sub
2920 2059 3068 2129 jugo
3099 2059 3353 2127 timoris,
3402 2058 3539 2115 belli
3585 2074 3656 2115 ac

2011 2167 2184 2208 casus
2210 2168 2223 2217 ;
2257 2156 2313 2206 et
2339 2150 2451 2205 nisi
2469 2149 2791 2215 muniatur,
2822 2148 3055 2220 projicit
3073 2163 3213 2203 eum
3235 2149 3513 2205 Satanas.

2080 2349 2233 2405 XVII.
2285 2349 2404 2402 Hoc
2451 2346 2610 2401 enim
2650 2352 2848 2416 pacto,
2898 2343 3175 2415 permulti
3206 2360 3243 2400 a
3286 2344 3496 2415 gratia,
3538 2359 3661 2416 qua

2008 2436 2277 2495 exornati
2306 2440 2472 2491 erant
2504 2435 2878 2497 aberrarunt,
2912 2433 3320 2489 existimantes
3355 2449 3419 2487 se
3450 2448 3662 2488 conse-

2010 2532 2179 2583 cutos
2199 2541 2325 2580 esse
2345 2523 2793 2596 perfectionem,
2817 2528 2872 2577 et
2892 2521 3196 2577 dicebant:
3220 2522 3456 2590 Sufﬁcit
3469 2522 3659 2589 nobis,

2011 2633 2130 2672 non
2146 2630 2409 2685 egemus;
2429 2630 2565 2668 cum
2588 2618 2787 2668 tamen
2806 2612 3090 2666 Dominus
3105 2626 3212 2665 nec
3225 2610 3403 2664 ﬁnem
3418 2609 3658 2675 habeat,

2011 2721 2121 2761 nec
2143 2702 2703 2775 comprehendatur.
2738 2702 2929 2771 Atque
2956 2699 3268 2755 Christiani
3294 2714 3413 2753 non
3440 2699 3664 2755 audent

2012 2795 2206 2850 dicere
2247 2808 2308 2848 se
2355 2790 2903 2863 comprehendisse,
2954 2787 3058 2843 sed
3097 2787 3391 2843 humiliati
3428 2803 3665 2858 perma-

2013 2888 2157 2940 nent
2180 2882 2283 2937 diu
2315 2886 2632 2952 noctuque.
2676 2881 2739 2933 In
2780 2878 2959 2933 rebus
2993 2876 3306 2933 oculorum
3339 2876 3484 2931 aciei
3523 2876 3667 2933 sub-

2010 2972 2203 3043 jectis,
2256 2970 2459 3024 litterae
2513 2967 2937 3039 perfectionem
2978 2966 3263 3035 consequi
3319 2969 3663 3036 nequeunt;

2015 3068 2072 3117 et
2114 3060 2337 3115 nemini
2379 3058 2493 3113 hoc
2524 3060 2926 3129 perspectum,
2980 3054 3091 3109 nisi
3136 3053 3510 3121 scholastica,
3560 3052 3666 3125 qui

302 3146 501 3209 ληπτός
553 3149 578 3199 6
612 3151 741 3208 Θεὸς
787 3152 877 3200 καὶ
926 3153 1201 3219 μετρητὸς,
1252 3150 1394 3220 εἰμὴ
1428 3159 1536 3212 τοίς
1565 3156 1904 3221 γευσαμένοις

2022 3148 2391 3204 mediocriter
2436 3124 3021 3209 litteras—addidicit;
3065 3143 3150 3196 sic
3193 3157 3437 3212 quoque
3466 3157 3530 3196 se
3574 3124 3667 3197 res

306 3234 359 3296 ἐξ
388 3234 549 3287 αὐτοῦ
605 3234 817 3301 ἐκείνου,
877 3236 936 3287 οὗ
995 3233 1257 3302 ἐδέξαντο,
1305 3243 1393 3289 καὶ
1439 3240 1761 3313 γνωρίζουσι
1813 3244 1906 3297 τὴν

307 3323 500 3376 έαυτῶν
544 3322 809 3375 ἀσθένειαν
845 3342 855 3352 ·
890 3324 962 3385 εἰς
1008 3330 1206 3397 χωρίον
1251 3328 1335 3379 id»
1374 3346 1456 3388 τις
1499 3326 1716 3399 ἀπέλθῃ,
1758 3327 1910 3398 ὀλίγα

305 3414 595 3484 γράμματα
624 3408 800 3481 εἰδὼς,
846 3413 975 3464 ὅπου
1024 3412 1155 3465 εἰσὶν
1207 3411 1433 3479 ἰδιῶται,
1486 3412 1765 3478 δοξάζεται
1822 3417 1908 3468 ὑπ’

306 3500 478 3562 αὐτῶν
520 3501 545 3552 6
591 3500 943 3571 σχολαστικος
993 3518 1005 3530 ⁸
1062 3499 1242 3561 ἐπειδὴ
1294 3509 1523 3578 χωρικοί
1566 3505 1695 3557 εἰσιν
1737 3504 1908 3558 όλοτε·

306 3590 422 3654 λῶς,
477 3595 547 3663 μὴ
601 3587 794 3653 εἰδότες
862 3589 1175 3664 δοκιμάσαι.
1232 3594 1403 3655 Αὐτὸς
1451 3591 1509 3647 δε
1566 3595 1711 3656 οὗτος
1768 3597 1793 3647 6
1848 3599 1911 3648 τά

306 3678 456 3750 ὀλίγα
511 3675 664 3741 εἰδως
709 3690 1015 3753 γράμματα,
1064 3680 1150 3733 ἔάν
1185 3681 1379 3755 ἀπέλθῃ
1437 3684 1508 3746 εἱς
1558 3684 1724 3748 πόλιν,
1780 3687 1909 3743 ὅπου

309 3767 410 3821 εἰσὶ
462 3769 682 3843 ῥότορες
726 3774 817 3822 καὶ
865 3770 1236 3841 σχολαστικοὶ,
1288 3772 1347 3824 ού
1396 3773 1563 3845 τολμᾷ
1608 3776 1911 3848 παραφανῆ-

309 3877 393 3909 ναι
446 3858 643 3923 αὐτοῖς,
691 3861 808 3911 οὔτε
853 3858 1081 3919 λαλῆσαι
1115 3878 1129 3891 ⁸
1163 3864 1232 3922 ὡς
1261 3866 1495 3933 χωρικός
1546 3865 1647 3936 γὰρ
1678 3868 1909 3935 κρίνεται

310 3947 409 3997 ύπὸ
434 3955 532 3997 τῶν
566 3947 938 4018 σχολαστικῶν
950 3992 961 4003 .

2016 3238 2111 3294 hic
2152 3236 2352 3300 habet,
2399 3235 2543 3290 nulli
2592 3231 3147 3303 comprehensibilis
3187 3235 3275 3286 est
3320 3233 3504 3301 Deus;
3557 3245 3667 3286 nec

2019 3326 2395 3381 mensionem
2434 3324 2511 3378 ab
2550 3322 2671 3377 ullo
2700 3320 2980 3383 admittit,
3026 3324 3429 3391 praeterquam
3467 3320 3546 3375 ab
3596 3319 3666 3374 iis

2018 3416 2119 3487 qui
2138 3416 2453 3484 gustarunt
2476 3427 2549 3466 ex
2574 3426 2644 3466 eo
2676 3412 2826 3481 ipso,
2854 3424 3035 3480 quem
3054 3414 3463 3479 susceperunt,
3488 3414 3667 3479 atque

2019 3507 2358 3574 agnoscunt
2410 3499 2874 3556 imbecillitatem
2928 3514 3123 3553 suam.
3176 3498 3240 3551 1n
3292 3514 3394 3552 rus
3437 3498 3484 3550 si
3532 3496 3669 3567 quis

2019 3595 2220 3664 itaque
2262 3591 2503 3656 habeat,
2539 3604 2734 3661 pauca
2782 3588 2976 3643 sciens
3016 3587 3090 3643 de
3138 3586 3360 3651 litteris,
3410 3586 3511 3641 ubi
3533 3591 3671 3641 sunt

2020 3682 2243 3754 plebei;
2286 3680 2618 3736 celebratur
2658 3683 2855 3733 tamen
2886 3677 2964 3733 ab
2992 3676 3103 3732 illis
3128 3675 3518 3731 scholasticus
3552 3674 3668 3739 ille,

2019 3771 2315 3844 siquidem
2343 3768 2546 3825 rustici
2569 3767 2921 3839 suntplane,
2951 3781 3061 3821 nec
3086 3765 3421 3836 dijudicare
3454 3765 3669 3819 sciunt.

2020 3862 2154 3933 Ipse
2202 3875 2359 3923 vero,
2405 3859 2508 3929 qui
2545 3873 2770 3929 paucas
2809 3855 3017 3910 didicit
3064 3855 3306 3919 litteras,
3342 3855 3391 3908 si
3442 3852 3671 3925 proﬁci-

2022 3955 2219 4006 scatur
2257 3950 2316 4003 in
2352 3948 2581 4011 urbem,
2624 3946 2725 4001 ubi
2752 3950 2891 4000 sunt
2917 3948 3183 4000 oratores
3227 3948 3283 3998 et
3314 3942 3672 4005 scholastici,

310 4048 430 4088 non
484 4035 666 4089 audet
720 4036 779 4090 in
841 4042 1233 4108 conspectum
1279 4054 1487 4095 eorum
1543 4040 1801 4111 prodire,
1864 4055 1973 4095 nec
2022 4038 2297 4110 proloqui
2335 4053 2348 4101 ;
2383 4036 2426 4089 si
2495 4033 2905 4107 quidemvelut
2969 4032 3224 4087 rusticus
3268 4031 3574 4103 judicatur
3639 4047 3677 4088 a

316 4121 705 4177 scholasticis.

386 4244 492 4299 ΗΓ.
547 4245 912 4318 Ἐρώτησις.
957 4247 1023 4299 Εἰ
1062 4248 1137 4299 ὢν
1180 4250 1237 4300 ἐν
1271 4248 1518 4321 πολέμῳ
1559 4252 1910 4324 ἄνθρωπος,

316 4337 630 4406 καὶέχων
667 4337 741 4387 τὰ
773 4332 889 4388 δύο
928 4341 1239 4410 πρόσωπα
1274 4336 1330 4390 ἐν
1368 4346 1439 4411 τῇ
1482 4339 1661 4412 ψυχῇ
1697 4340 1911 4407 αὐτοῦ,

2094 4252 2279 4309 XVIII.
2322 4249 2741 4319 Interrogatio.
2784 4248 2851 4303 Si
2877 4247 3047 4302 homo
3071 4246 3217 4303 bello
3248 4260 3585 4317 oppressus,
3620 4250 3674 4301 et

2025 4342 2259 4409 duplici
2284 4354 2541 4409 persona
2586 4338 2648 4394 in
2688 4337 2892 4394 anima
2916 4337 3224 4407 praeditus,
3255 4336 3485 4405 peccati
3520 4334 3677 4391 vide-

316 4426 430 4487 τῆς
488 4424 802 4498 ἁμαρτίας
858 4430 966 4478 καὶ
1018 4445 1130 4489 της
1184 4428 1480 4501 χάριτος,
1538 4433 1811 4500 μετέστη
1854 4429 1905 4481 ἐν

2029 4430 2160 4487 licet
2210 4437 2261 4485 et
2300 4430 2535 4497 gratiae,
2573 4428 2984 4496 transferatur
3022 4440 3097 4481 ετ
3146 4425 3254 4481 hoc
3284 4425 3527 4490 mundo,
3561 4440 3675 4496 quo

316 4521 426 4567 τοῦ
464 4519 710 4586 κόσμου
750 4518 1002 4581 τούτου,
1044 4524 1161 4569 ποῦ
1203 4525 1535 4591 προχωρεῖ
1568 4524 1918 4591 κατεχόμε-

316 4622 418 4666 νος
450 4603 538 4666 εἰς
574 4607 648 4656 τὰ
688 4600 801 4657 δύο
849 4609 1007 4677 μέρη
1046 4623 1059 4674 ;

391 4726 788 4799 Ἀπόκρισις.
842 4728 1012 4782 Ὀπου
1054 4732 1167 4803 ἔχει
1210 4734 1296 4783 τὸν
1344 4734 1537 4784 σκοπὸν
1578 4734 1603 4784 6
1643 4739 1775 4798 νοῦς,
1826 4737 1915 4785 καὶ

320 4816 448 4866 ὅπου
497 4814 697 4886 ἀγαπᾷ,
743 4816 847 4870 ἐκεῖ
887 4826 1174 4892 προχωρεῖ,
1217 4825 1385 4872 Μόνον
1421 4821 1463 4872 εἰ
1510 4820 1789 4893 ἐπέρχεταί
1835 4841 1918 4874 σοι

321 4902 494 4973 θλίψις
550 4908 639 4955 καὶ
691 4904 931 4976 πόλεμος,
978 4906 1251 4978 ἀντιλέγειν
1302 4908 1511 4980 ὀφείλεις
1569 4915 1659 4961 καὶ
1709 4917 1907 4981 μισεῖν.

317 4994 388 5048 Τό
439 4994 538 5066 γὰρ
597 4990 756 5044 ἕλθείν
812 4997 895 5045 τὸν
951 4995 1191 5068 πόλεμον,
1250 4998 1342 5049 ούκ
1390 5001 1503 5050 ἔστι
1553 5004 1641 5051 σόν
1679 5016 1692 5030 ο
1754 5003 1811 5051 τό
1860 4996 1917 5052 δὲ

318 5083 572 5154 μισῆσαι,
634 5086 723 5133 σόν
781 5080 893 5135 ἔστι
925 5104 937 5116 ·
984 5089 1071 5135 καὶ
1117 5090 1233 5137 τότε
1278 5084 1475 5158 βλέπων
1526 5090 1551 5139 6
1596 5091 1781 5162 Κύριος
1830 5092 1917 5140 τὸν

317 5180 436 5225 νοῦν
500 5191 617 5237 σου,
660 5173 736 5224 ὅτι
794 5171 1051 5245 ἀγωνίζῃ,
1099 5179 1188 5225 καὶ
1245 5174 1449 5246 ἀγαπᾷς
1496 5176 1649 5228 αὐτὸν
1696 5177 1747 5240 ἐξ
1802 5178 1919 5238 ὅλης

317 5262 521 5334 ψυχῆς,
586 5258 905 5334 διαχωρίζει
951 5265 1038 5313 τόν
1094 5264 1309 5315 θάνατον
1367 5264 1420 5315 ἐκ
1463 5262 1554 5327 τῆς
1593 5265 1775 5337 ψυχῆς
1824 5287 1918 5319 σου

320 5358 418 5424 μιᾷ
447 5353 556 5426 ὥρᾳ
586 5368 597 5380 ·
650 5350 743 5403 ούκ
797 5354 906 5403 ἔστι
952 5354 1053 5424 γὰρ
1100 5352 1239 5420 αύτῷ
1293 5349 1597 5424 δυσχερές·
1638 5361 1727 5407 καὶ
1758 5374 1920 5424 προσ-

320 5439 636 5511 λαμϐάνεταί
703 5460 758 5493 σε
816 5441 882 5501 εἰς
930 5444 1047 5500 τοὺς
1094 5441 1313 5501 κόλπους
1374 5442 1553 5507 αὐτοῦ,
1602 5449 1691 5495 καὶ
1748 5444 1818 5504 εἰς
1861 5448 1918 5495 τὸ

323 5537 470 5599 φῶς·
510 5528 733 5603 ἁρπάζει
775 5532 875 5604 γάρ
929 5549 985 5583 σε
1016 5530 1066 5583 ἐν
1109 5531 1243 5604 ῥοπῇ
1300 5532 1435 5603 ὧρας
1466 5533 1520 5583 ἐκ
1577 5539 1667 5584 τοῦ
1720 5537 1919 5605 στόμα-

395 5682 444 5715 ⁵⁹
476 5681 655 5738 lCor.
684 5697 806 5754 xm,
838 5698 875 5737 1.
954 5684 1000 5719 ⁶⁰
1032 5683 1252 5741 Coloss.
1283 5698 1361 5748 ιιι,
1402 5686 1483 5738 lli.

2022 4519 2239 4590 pergit,
2268 4534 2305 4574 a
2334 4518 2567 4574 duabus
2590 4516 2866 4586 partibus
2894 4515 3165 4572 detentus
3197 4515 3225 4571 ἵ)

2097 4731 2435 4800 Responsio.
2487 4728 2647 4794 Illuc,
2690 4727 2793 4783 ubi
2834 4727 3223 4783 intentionem
3274 4741 3448 4781 suam
3498 4724 3681 4780 habet

2030 4821 2288 4888 animus,
2309 4826 2365 4875 et
2388 4819 2708 4890 ubidiligit,
2734 4817 2890 4880 illuc,
2918 4818 3184 4889 inquam,
3212 4814 3418 4871 tendit.
3449 4814 3682 4869 Solum-

2029 4910 2230 4973 modo,
2266 4910 2311 4963 si
2336 4909 2575 4977 ingruat
2602 4906 2841 4963 afflictio
2871 4911 2972 4961 aut
2999 4904 3243 4969 bellum,
3273 4903 3681 4960 contradicere

2027 4999 2231 5067 debes,
2264 5015 2333 5054 ac
2364 4998 2503 5053 odio
2532 4994 2832 5068 prosequi.
2868 4997 2936 5051 Ut
2964 4995 3125 5049 enim
3164 4994 3403 5063 ingruat
3434 4991 3679 5057 bellum,

2030 5094 2197 5143 tuum
2220 5102 2339 5143 non
2367 5092 2484 5152 est;
2517 5086 2718 5140 odisse
2743 5090 2964 5146 tamen.
2992 5089 3159 5137 tuum
3182 5086 3291 5139 est.
3318 5086 3540 5137 Actum
3571 5082 3687 5136 Do-

2028 5177 2576 5247 minus,conspecto
2591 5172 3103 5244 animotuo,quod
3118 5171 3367 5226 dimices
3382 5186 3451 5226 ac
3465 5170 3682 5239 diligas

2029 5282 2165 5319 eum
2206 5281 2275 5319 ex
2311 5271 2433 5319 tota
2476 5264 2696 5331 anima,
2740 5270 3013 5331 segregat
3052 5266 3306 5316 mortem
3348 5260 3426 5315 ab
3477 5260 3681 5314 anima

2031 5360 2129 5409 tua
2156 5355 2303 5408 hora
2328 5355 2499 5425 100
2531 5369 2677 5417 una;
2711 5352 2856 5424 (non
2877 5352 3036 5406 enim
3063 5355 3151 5405 est
3183 5349 3233 5405 ei
3266 5350 3379 5404 hoc
3398 5346 3680 5417 difﬁcile),

2030 5449 2086 5497 et
2123 5444 2369 5497 assumit
2409 5448 2463 5496 te
2504 5443 2562 5497 in
2600 5441 2800 5497 sinum
2841 5457 3017 5495 suum
3047 5456 3114 5495 ac
3148 5439 3363 5493 lucem.
3409 5435 3590 5506 Eripit
3631 5439 3681 5487 te

2031 5539 2337 5588 momento
2368 5532 2529 5588 hora:
2560 5547 2591 5587 e
2628 5530 2903 5587 faucibus
2937 5529 3338 5591 tenebrarum,
3381 5540 3451 5579 ac
3480 5520 3677 5578 confe-
