4148 6262
480 312 591 367 687
1776 298 1836 355 S.
1881 298 2179 356 MACAPJI
2216 298 2519 355 EGYPTII
3724 303 3830 359 633

481 437 618 494 stim
645 436 919 493 transfert
938 443 991 492 te
1022 435 1081 490 in
1106 448 1359 503 regnum
1387 446 1584 486 suum.
1621 432 1737 485 Deo
1767 428 1926 483 enim
1959 428 2119 483 horaa

2196 448 2320 488 ,τος
2372 434 2463 481 τοῦ
2504 432 2740 496 σκότους,
2788 433 2877 481 καὶ
2926 428 3109 491 εύθέως
3149 431 3461 502 μετατίθησί
3522 448 3578 482 σε
3631 429 3702 492 εἰς
3745 433 3834 488 τὴν

483 531 790 582 momento
815 526 1021 581 omnia
1045 538 1348 596 peragere,
1380 519 1549 576 facile
1575 524 1685 583 est,
1720 518 1902 574 modo
1924 532 2121 572 amore

2241 514 2509 589 βασιλείαν
2541 519 2722 575 αὐτοῦ.
2769 525 2853 588 Τῷ
2897 520 2998 592 γὰρ
3048 526 3160 589 Θεῷ
3222 518 3268 570 ἐν
3313 519 3447 593 ῥοπῇ
3501 521 3639 594 ὧρας
3668 521 3839 572 πάντα

484 616 537 671 ei
564 615 674 671 soli
704 615 1012 670 devinctus
1044 614 1141 667 sis.
1185 614 1329 667 Nam
1361 612 1512 664 Deus
1543 608 1767 677 indiget
1803 622 1986 679 opera
2025 606 2122 660 hu-

2242 606 2431 680 εύχερῆ
2479 607 2591 660 ἐστι
2647 616 2888 673 ποιῆσαι,
2943 612 3095 679 μόνον
3154 608 3236 660 ἶνα
3286 613 3376 666 τὴν
3435 608 3643 679 ἀγάπην
3706 612 3841 681 ἔχῃς

483 720 687 767 mana,
716 705 856 777 quia
888 703 1049 758 socia
1077 700 1404 756 divinitatis
1435 703 1521 754 est
1546 698 1771 754 anima.

2245 700 2369 769 πρὸς
2417 697 2592 751 αὐτόν.
2643 698 2843 773 Χρῃζει
2892 699 2993 772 γὰρ
3036 698 3060 749 6
3115 701 3241 756 Θεὸς
3295 706 3389 758 τῆς
3442 696 3692 772 ἐργασίας
3746 705 3841 751 τοῦ

2245 785 2539 859 ἀνθρώπου,
2616 782 2796 845 ἐπειδὴ
2873 791 3143 845 κοινωνικὴ
3225 785 3365 839 ἐστιν
3421 787 3452 843 ἠ
3512 785 3668 858 ψυχὴ
3745 794 3843 847 τῆς

2247 876 2508 936 θεότητος.

566 993 692 1047 XIX.
740 993 802 1045 Et
828 994 890 1045 ut
919 1004 1077 1060 smpe
1108 987 1371 1043 diximus
1401 984 1753 1059 parabolam
1788 983 2005 1047 coloni,
2035 980 2134 1052 qui

2317 982 2426 1036 19'.
2480 988 2579 1036 Καὶ
2625 985 2793 1043 καθὼς
2846 981 3090 1043 πολλάκις
3142 984 3348 1054 εἴπομεν
3400 986 3493 1040 τὴν
3536 981 3842 1056 παραϐολήν

485 1082 738 1148 laborat,
770 1096 840 1134 ac
865 1094 1068 1133 semen
1097 1082 1263 1133 terra:
1290 1075 1632 1142 committit;
1674 1072 1851 1129 debet
1877 1072 2123 1141 desuper

2244 1079 2333 1123 τοῦ
2388 1080 2635 1146 γεωργοῦ,
2692 1075 2772 1124 ὃτι
2827 1077 3004 1144 καμὼν
3038 1076 3129 1124 καὶ
3188 1070 3361 1143 βαλὼν
3412 1090 3498 1123 τον
3550 1077 3743 1144 σπόρον
3796 1074 3844 1123 ἑν

488 1171 753 1242 accipere
778 1167 1044 1240 pluviam
1071 1186 1083 1221 :
1112 1166 1227 1221 nisi
1253 1167 1412 1220 enim
1438 1164 1629 1219 nubes
1667 1162 2031 1225 emerserint,
2065 1174 2126 1214 ac

2247 1169 2307 1232 τῇ
2362 1169 2452 1233 γῇ,
2508 1161 2696 1233 ὀφείλει
2750 1157 3063 1223 ἐκδέξασθαι
3120 1165 3210 1212 καὶ
3272 1163 3359 1213 τὸν
3424 1162 3617 1214 ἄνωθεν
3671 1162 3841 1214 ὑετόν.

489 1260 644 1315 venti
675 1256 967 1321 ﬂaverint,
991 1255 1133 1311 nihil
1170 1255 1340 1325 juvat
1368 1253 1539 1310 labor
1565 1250 1867 1323 agricolae;
1903 1249 2127 1305 nudum

2245 1249 2358 1302 Ἐὰν
2418 1252 2519 1323 γὰρ
2575 1255 2646 1322 μὴ
2702 1249 2918 1323 ἐπιφανῇ
2968 1254 3089 1322 νέφη
3147 1255 3237 1301 καὶ
3291 1250 3470 1321 ἄνεμοι
3522 1252 3841 1316 πνεύσωσιν,

488 1363 693 1405 semen
731 1347 889 1401 enim
931 1345 1202 1415 subjacet
1235 1365 1249 1398 :
1285 1344 1400 1398 hoc
1434 1342 1689 1398 transfer
1730 1342 1806 1395 ad
1837 1355 1930 1395 res
1968 1338 2126 1412 spiri-

2248 1335 2397 1391 οὐδὲν
2472 1339 2728 1411 ὠφέλησεν
2780 1341 2805 1390 6
2863 1340 3089 1410 κάματος
3164 1346 3254 1391 τοῦ
3326 1346 3560 1413 γεωργοῦ
3590 1355 3602 1367 ⁸
3658 1339 3683 1389 6
3738 1340 3843 1409 γὰρ

488 1438 701 1493 tuales.
771 1437 826 1491 Si
876 1452 987 1490 sua
1034 1433 1229 1488 solum
1282 1433 1341 1487 in
1398 1432 1747 1503 operatione
1803 1434 2126 1501 perseveret

2249 1434 2437 1502 σπόρος
2474 1432 2668 1500 γυμνός
2724 1430 2994 1481 ὑπόκειται
3022 1445 3034 1457 ·
3084 1434 3238 1481 τοῦτο
3283 1426 3490 1480 ἀνέλαϐε
3537 1432 3626 1480 καὶ
3674 1427 3746 1488 εἰς
3786 1430 3844 1479 τό

489 1527 694 1591 homo,
724 1540 833 1580 nec
859 1523 1491 1594 suscipialquidquam
1514 1537 1550 1576 a
1570 1527 1786 1577 natura
1813 1535 1923 1574 sua
1946 1524 2127 1573 extra-

2247 1523 2591 1590 πνευματικόν
2631 1534 2643 1546 °
2714 1520 2797 1570 ἐὰν
2851 1522 3004 1589 μόνον
3060 1516 3107 1569 ἂν
3164 1524 3226 1590 τῇ
3286 1514 3401 1589 ἰδίᾳ
3452 1516 3674 1591 ἐργασίᾳ
3720 1515 3850 1568 ἀπο-

489 1632 695 1679 neum,
722 1630 843 1669 non
876 1618 1067 1683 potest
1092 1612 1314 1668 fructus
1344 1611 1559 1681 dignos
1585 1610 1837 1665 Domino
1870 1608 2127 1663 reddere.

2246 1612 2392 1679 μείνῃ
2455 1609 2480 1659 6
2510 1608 2800 1682 ἄνθρωπος,
2851 1612 2943 1659 καὶ
2996 1611 3066 1679 μὴ
3128 1603 3437 1669 ἐπιδέξηταί
3486 1626 3537 1658 τι
3586 1606 3720 1669 ξένον
3749 1603 3850 1667 τῆς

494 1705 646 1771 Quid
691 1718 834 1771 ergo
890 1708 979 1757 est
1015 1702 1272 1757 hominis
1321 1699 1633 1771 operatio?
1685 1698 2132 1762 Abrenuntiare,

2249 1699 2450 1768 φύσεως
2498 1697 2679 1761 αὑτοῦ,
2720 1697 2777 1749 οὐ
2828 1693 3051 1749 δύναται
3089 1699 3320 1767 καρπούς
3364 1696 3538 1758 ἀξίους
3568 1704 3639 1766 τῷ
3671 1699 3850 1768 Κυρίῳ

493 1793 693 1863 egredi
730 1808 802 1847 ex
841 1793 954 1846 hoc
1012 1791 1258 1853 mundo,
1308 1804 1683 1861 perseverare
1735 1788 1795 1842 in
1850 1786 2131 1853 oratione,

2210 1781 2557 1839 ἶάποδοῦναι.
2612 1791 2674 1839 Τί
2732 1783 2791 1838 δέ
2840 1785 2979 1838 ἐστιν
3026 1788 3056 1843 ἡ
3104 1788 3328 1858 ἐργασία
3377 1792 3467 1836 τοῦ
3529 1783 3848 1858 ἀνθρώπου;

494 1881 758 1953 vigilare,
792 1879 1035 1949 diligere
1069 1881 1252 1934 Deum
1280 1894 1349 1933 ac
1390 1878 1598 1933 fratres
1629 1896 1641 1935 :
1685 1877 1798 1931 hoc
1829 1877 2132 1948 proprium

2246 1879 2315 1927 T6
2384 1874 2768 1943 ἀποτάξασθαι,
2833 1878 2892 1926 1'6
2959 1873 3173 1936 ἐξελθεῖν
3240 1875 3297 1925 ἐκ
3364 1881 3455 1926 τοῦ
3506 1878 3731 1944 κόσμου,
3791 1876 3850 1924 τὸ

489 1976 578 2027 est
616 1971 746 2041 eius
787 1970 1095 2024 sustinere.
1135 1968 1193 2024 Si
1232 1982 1373 2023 vero
1411 1983 1523 2023 sua
1564 1967 1761 2021 solum
1792 1966 2127 2038 operatione

2247 1966 2513 2037 ὑπομένειν
2558 1964 2608 2016 έν
2658 1972 2717 2036 τῇ
2765 1963 2922 2035 εὐχῇ,
2952 1966 3011 2015 τὸ
3058 1961 3356 2035 ἀγρυπνεῖν,
3399 1965 3457 2014 τὸ
3511 1961 3713 2034 ἀγαπᾷν
3763 1965 3854 2014 τὸν

493 2064 806 2117 contentus
856 2058 949 2123 sit,
998 2075 1105 2113 nec
1168 2073 1336 2129 spem
1382 2058 1573 2113 foveat
1620 2056 1782 2113 aliud
1824 2056 2131 2129 quidpiam

2249 2057 2377 2107 Θεὸν
2443 2058 2532 2104 καὶ
2607 2057 2728 2115 τοὺς
2786 2049 3059 2124 ἀδελφούς.
3138 2053 3303 2106 Τοῦτο
3358 2048 3497 2104 ἴδιον
3571 2053 3844 2125 ὑπομένειν

498 2148 887 2220 suscipiendi,
934 2163 1128 2219 neque
1169 2148 1327 2202 venti
1359 2147 1607 2217 Spiritus
1643 2149 1831 2202 sancti
1870 2146 2136 2201 animam

2249 2143 2408 2195 αὐτοῦ
2440 2142 2609 2199 ἔστιν,
2662 2141 2801 2197 Ἀλλ’
2832 2141 2917 2194 ἐὰν
2966 2143 3215 2215 ὑπομείνῃ
3272 2140 3321 2192 ἐν
3372 2148 3435 2213 τῇ
3465 2141 3646 2193 ἑαυτοῦ
3700 2140 3858 2213 ἔργα·

492 2237 856 2303 aﬂlaverint;
898 2237 989 2291 vel
1016 2236 1362 2292 emerserint
1400 2237 1593 2291 nubes
1627 2236 1913 2300 ccelestes,
1946 2251 2015 2290 ac
2039 2234 2130 2291 de-

2252 2237 2362 2303 σία,
2422 2236 2511 2282 καὶ
2564 2236 2636 2303 μὴ
2692 2229 2877 2303 ἐλπίσῃ
2938 2230 3060 2283 ἄλλο
3122 2250 3173 2282 τι
3220 2226 3585 2296 ἐπιδέξασθαι,
3632 2234 3718 2282 καὶ
3777 2236 3852 2301 μὴ

496 2327 792 2383 scenderit
815 2342 845 2381 e
877 2327 1026 2383 caelo
1052 2326 1270 2397 pluvia,
1304 2331 1359 2381 et
1385 2325 1586 2395 irriget
1612 2326 1902 2392 animam,
1931 2323 2134 2395 nequit

2249 2324 2540 2373 πνεύσωσιν
2577 2322 2626 2372 οἱ
2672 2322 2851 2391 ἄνεμοι
2882 2327 2973 2372 τοῦ
3023 2319 3175 2391 ἁγίου
3222 2322 3514 2391 Ιινεύματος
3560 2327 3623 2391 τῇ
3668 2319 3851 2392 ψυχῇ,

494 2419 676 2474 homo
702 2416 926 2472 fructus
946 2415 1162 2486 dignos
1191 2414 1441 2470 reddere
1474 2413 1746 2469 Domino.

2249 2415 2339 2462 καὶ
2387 2409 2470 2462 ἐὰν
2535 2414 2606 2481 μὴ
2686 2409 2902 2481 ἐπιφανῇ
2962 2411 3181 2483 οὐράνια
3235 2413 3384 2480 νέφη,
3458 2413 3548 2461 καὶ
3623 2410 3849 2483 κατέλθῃ

2251 2499 2303 2563 ἐξ
2329 2500 2547 2574 ούρανοῦ
2580 2502 2742 2564 ὑετὸς,
2797 2504 2886 2551 καὶ
2917 2498 3158 2571 έπιϐρέξῃ
3216 2499 3280 2572 τῇ
3312 2499 3491 2571 ψυχῇ,
3521 2498 3579 2551 οὐ
3630 2496 3855 2553 δύναται

2253 2591 2571 2661 όιίνθρωπος
2598 2592 2834 2662 καρπούς
2876 2586 3049 2650 ἀξίους
3089 2584 3383 2640 ἀποδοῦναι
3408 2596 3479 2657 τῷ
3515 2592 3711 2660 Κυρίῳ.

568 2702 672 2755 XX.
704 2699 1001 2771 Scriptum
1036 2700 1238 2770 itaque
1275 2702 1363 2753 est
1392 2715 1404 2753 :
1438 2697 1725 2769 Agricola
1756 2712 1886 2753 cum
1931 2695 2146 2752 viderit

2327 2696 2405 2749 ις’.
2434 2699 2729 2769 Γέγραπται
2760 2691 2840 2762 δὲ,
2871 2696 2951 2746 ὅτι
2978 2694 3037 2746 ²Ο
3098 2698 3378 2766 γεωργός
3423 2696 3571 2747 ὅταν
3618 2691 3726 2767 ἴδῃ
3782 2698 3847 2746 1'6

500 2790 801 2858 palmitem
879 2789 1167 2858 ferentem
1216 2789 1504 2857 fructum,
1574 2791 1799 2857 purgat
1869 2801 2021 2851 eum,
2082 2792 2138 2839 ut

2253 2784 2465 2856 κλῆμα
2526 2788 2709 2856 φέρον
2777 2785 3043 2857 καρπὸν,
3116 2785 3464 2855 καθαρίζει
3526 2786 3689 2848 αὐτὸ,
3744 2785 3844 2834 ῖνα

497 2878 878 2949 cOpiosiorem
901 2881 1162 2949 fructum
1194 2878 1410 2947 afferat
1435 2896 1452 2929 .·
1480 2882 1541 2932 at
1564 2892 1683 2931 non
1711 2877 1996 2945 ferentem
2017 2876 2135 2944 frui

2256 2874 2513 2925 πλείονα
2563 2871 2855 2942 έξενέγκῃ
2907 2887 2919 2900 ·
2977 2873 3043 2922 τὸ
3105 2867 3176 2923 δε
3230 2875 3310 2940 μὴ
3370 2876 3559 2943 φέρον
3605 2873 3837 2943 καρπὸν

496 2975 655 3024 clum
671 2969 866 3023 evellit
877 2974 951 3033 ,et
966 2983 1088 3023 com
1099 2967 1427 3023 burendum
1445 2966 1629 3021 tradit
1642 2967 1683 3001 ⁶¹
1695 3003 1711 3021 .
1726 2967 2065 3021 Verumtam
2075 2978 2134 3018 e1:

2256 2962 2526 3036 ἐκριζοῖ,
2577 2966 2676 3013 καὶ
2722 2960 2806 3019 εἰς
2843 2967 3076 3012 καῦσιν
3127 2956 3393 3012 δίδωσι.
3442 2960 3576 3019 Πλὴν
3604 2967 3686 3011 τοῦ
3718 2958 3831 3011 ἀνθ-

502 3056 617 3113 boc
655 3056 958 3113 hominem
995 3057 1183 3116 decet.
1217 3061 1300 3121 ut,
1334 3056 1455 3109 sive
1490 3055 1736 3125 jejunet,
1769 3054 1891 3108 sive
1929 3052 2140 3121 vigilet,

2205 3099 2224 3119 ,
2256 3057 2432 3126 ρώπου
2458 3054 2610 3102 τοῦτό
2660 3048 2818 3113 ἐστιν,
2854 3049 2937 3101 ἵνα
2966 3052 3064 3101 εἴτε
3111 3051 3409 3114 νηστεύσει,
3443 3052 3543 3101 εἴτε
3583 3047 3843 3122 ἀγρυπνεῖ,

2205 3133 2224 3155 ,ι
2283 3144 2302 3155 ..
2419 3144 2441 3155 ι.
2672 3142 2693 3155 ,ο
2844 3138 2863 3155 κ
2886 3142 2895 3151 ο
3176 3145 3193 3155 .,
3265 3138 3277 3151 ν
3437 3140 3448 3152 ,
3566 3138 3585 3153 ι,
3825 3145 3843 3155 ,,,

512 3145 637 3201 sive
660 3150 949 3216 precetur,
977 3145 1097 3200 sive
1116 3144 1258 3200 boni
1282 3144 1425 3216 quid
1443 3143 1640 3211 faciat,
1660 3147 1877 3198 cuncta
1896 3142 2149 3197 Domino

2216 3138 2224 3155 ¹
2258 3144 2357 3193 εἴτε
2387 3144 2615 3212 εὔχεται,
2650 3142 2748 3191 εἴτε
2775 3138 2928 3189 καλὸν
2960 3157 3011 3189 τι
3052 3145 3212 3202 ποιεῖ,
3258 3138 3518 3212 ἔπιγράφῃ
3550 3138 3755 3191 ἅπαντα
3782 3145 3854 3208 τῷ

504 3234 783 3300 ascribat,
816 3235 911 3289 his
941 3234 1137 3289 verbis
1164 3251 1310 3289 usus
1345 3251 1358 3288 :
1390 3233 1523 3290 Nisi
1544 3232 1697 3289 Deus
1718 3232 2142 3287 corroborasset

2259 3232 2451 3302 Κυρίῳ
2478 3236 2629 3280 τοῦτο
2650 3227 2829 3298 λέγων,
2853 3229 2931 3279 ὅτι
2952 3227 3021 3280 Εἰ
3054 3231 3130 3299 μὴ
3164 3228 3189 3278 6
3220 3230 3377 3289 Θεὸς
3407 3223 3862 3296 ἐνεδυνάμωσέ

506 3340 617 3388 me,
649 3341 768 3380 non
810 3325 1129 3394 potuissem
1173 3324 1469 3394 jejunare,
1514 3327 1618 3378 aut
1646 3322 1906 3390 precari,
1939 3327 2043 3376 aut
2074 3334 2144 3376 ex

2257 3339 2346 3390 με,
2390 3318 2500 3371 οὐκ
2561 3314 2900 3388 ἠδυνάμην
2957 3318 3316 3380 νηστεύειν,
3358 3316 3387 3374 ἦ
3442 3318 3787 3387 εὔχεσθατ,
3827 3318 3855 3374 ἣ

499 3414 608 3469 hoc
656 3413 876 3469 mundo
907 3414 1126 3482 egredi.
1175 3414 1389 3483 Sicque
1433 3414 1606 3475 Deus,
1642 3412 1803 3465 bona
1847 3410 2030 3465 animi
2062 3411 2137 3463 tui

2258 3407 2321 3460 ἐκ
2359 3415 2469 3460 τοῦ
2506 3412 2753 3478 κόσμου
2796 3405 3117 3460 ἀπελθεῖν.
3162 3410 3263 3458 Καὶ
3294 3406 3428 3457 οὕτω
3454 3402 3699 3478 βλέπωνό
3731 3409 3864 3468 Θεὸς

498 3501 824 3556 intentione
847 3507 1188 3571 conspecta,
1220 3500 1507 3554 nimirum
1530 3505 1583 3555 te
1614 3515 1703 3558 ea.
1731 3514 1867 3570 quae
1895 3497 2136 3554 natural:

2257 3502 2350 3554 τὴν
2398 3496 2601 3567 ἀγαθήν
2664 3514 2759 3547 σου
2813 3499 3136 3569 προαίρεσιν,
3199 3496 3279 3546 ὅτι
3322 3496 3388 3546 τὰ
3439 3498 3526 3560 σὰ,
3578 3494 3708 3567 ἅπερ
3759 3494 3863 3547 ἀπὸ

501 3591 787 3646 instinctu
808 3590 1063 3660 peragis,
1091 3591 1207 3642 Deo
1230 3589 1544 3652 ascribere,
1573 3588 1701 3659 ipse
1726 3588 1995 3643 vicissim
2019 3603 2139 3650 sua,

2259 3589 2458 3657 φύσεως
2505 3592 2693 3648 ποιεῖς,
2745 3593 2814 3653 τῷ
2858 3592 2972 3653 Θεῷ
3015 3585 3338 3655 ἓπιγράφεις,
3386 3583 3539 3635 πάλιν
3587 3584 3748 3646 αὐτὸς
3799 3586 3866 3636 τὰ

504 3677 835 3750 spiritualia
865 3692 1103 3748 nempe,
1132 3676 1333 3731 divina
1358 3684 1413 3731 et
1442 3676 1724 3743 cmlestia,
1756 3676 1861 3731 tibi
1886 3676 2013 3731 haec
2038 3676 2142 3730 lar-

2257 3672 2373 3726 ἰδια
2407 3674 2589 3738 αὐτοῦ,
2638 3676 2704 3724 τὰ
2749 3674 3094 3744 πνευματικὰ,
3134 3674 3199 3724 τὰ
3248 3675 3359 3724 θεῖα
3405 3676 3490 3724 καὶ
3556 3672 3862 3747 ἐπουράνια,

504 3768 662 3838 gitur
689 3784 702 3821 :
737 3782 871 3838 quas
904 3782 1041 3821 vero
1066 3771 1204 3821 sunt
1226 3765 1368 3821 illa?
1402 3766 1625 3821 fructus
1656 3766 1926 3837 Spiritus,
1958 3764 2142 3821 exsul-

2260 3769 2343 3816 σοὶ
2390 3770 2556 3816 ταῦτα
2583 3762 2886 3836 χαρίζεται,
2941 3766 3056 3814 τίνα
3086 3757 3145 3814 δέ
3192 3760 3331 3814 ἐστιν
3362 3780 3375 3829 ;
3409 3763 3463 3814 οἷ
3483 3769 3573 3815 τοῦ
3621 3766 3868 3835 ΙΙνεύμα-

500 3857 645 3914 tatio
673 3862 728 3912 et
756 3856 977 3912 ltetitia.

2255 3872 2341 3915 τος
2372 3857 2583 3927 καρποὶ,
2618 3850 2941 3922 ἀγαλλίασις,
2974 3855 3063 3903 καὶ
3093 3850 3400 3923 εὐφροσύνη,

576 3983 702 4037 XXI.
723 3981 1143 4052 Interrogatio.
1185 3981 1391 4036 Verum
1417 3996 1548 4035 cum
1571 3980 1813 4050 fructus
1839 3983 2149 4038 naturales

2330 3976 2460 4035 ΚΝ.
2503 3978 2869 4051 Ἐρώτησις.
2913 3974 3068 4030 Ἀλλ’
3126 3972 3353 4033 ἐπειδὴ
3398 3975 3529 4028 εἰσι
3586 3981 3861 4047 φυσικοὶ

497 4072 617 4127 sint
642 4072 851 4127 horum
880 4071 1119 4134 similes,
1141 4070 1287 4137 ﬁdes
1315 4069 1594 4125 nimirum
1617 4076 1669 4125 et
1694 4070 1979 4138 precatio,
2004 4072 2135 4127 edis

2257 4073 2491 4140 καρποὶ
2531 4070 2787 4126 τούτοις
2827 4068 3066 4138 ὅμοιοι,
3111 4064 3349 4136 ἀγάπη,
3383 4070 3627 4130 πίστις,
3670 4066 3857 4137 εὐχῆς

498 4176 625 4219 sere
671 4161 835 4216 nobis
861 4160 1150 4232 quomodo
1182 4175 1240 4215 se
1272 4159 1529 4215 habeant
1562 4160 1897 4225 naturalia,
1927 4166 1980 4215 et
2013 4176 2136 4232 quo-

2107 4176 2153 4215 )-
2261 4154 2595 4231 διάκρινον
2636 4158 2804 4227 ἡμῖν,
2848 4164 2969 4215 πῶς
3008 4153 3143 4207 ἔστι
3186 4157 3259 4206 τὰ
3298 4156 3745 4227 πνευματικά;

498 4251 669 4308 modo
693 4250 1039 4321 spiritualia
1068 4248 1096 4302 7

570 4360 910 4429 Responsio.
941 4360 1040 4423 Ea,
1066 4373 1201 4430 quae
1224 4362 1275 4414 te
1306 4356 1438 4429 ipso
1460 4367 1701 4413 auctore
1727 4359 1873 4428 agis,
1896 4358 2151 4415 honesta

2330 4354 2729 4425 Ἀπόκρισις.
2783 4353 2860 4403 Τὰ
2906 4352 2974 4401 σὰ
3020 4349 3055 4401 ἃ
3095 4356 3278 4415 ποιεῖς,
3318 4348 3453 4401 καλὰ
3491 4354 3581 4421 μέν
3625 4348 3738 4402 ἔστι
3768 4355 3854 4401 καὶ

496 4448 741 4519 quidem
774 4451 928 4516 sunt,
964 4451 1019 4502 et
1061 4448 1179 4501 Deo
1210 4450 1401 4516 grata,
1444 4445 1550 4501 sed
1582 4462 1701 4500 non
1729 4462 1879 4518 pura
1914 4463 1925 4501 :
1970 4448 2134 4513 velut,

2205 4450 2332 4518 )τῷ
2385 4450 2497 4512 Θεῷ
2551 4436 2933 4515 εύπρόσδεκτα,
2984 4437 3089 4490 ἀλλ’
3122 4439 3215 4491 οὐκ
3272 4442 3385 4491 ἔστι
3433 4441 3638 4513 καθαρά
3678 4454 3689 4466 ·
3727 4440 3843 4501 οἷον,

495 4536 692 4605 diligis
709 4539 912 4599 Deum,
931 4551 1137 4591 verum
1154 4536 1352 4589 minus
1366 4534 1619 4605 perfecte
1638 4552 1649 4600 ;
1667 4536 1825 4590 venit
1843 4537 2133 4601 Dominus

2262 4531 2465 4603 ἀγαπᾷς
2514 4534 2601 4583 τὸν
2649 4533 2791 4595 Θεὸν,
2827 4527 2934 4580 ἀλλ’
2966 4528 3024 4580 οὐ
3073 4527 3270 4590 τελείως
3299 4543 3313 4558 ⁶
3347 4531 3561 4601 ἔρχεται
3593 4530 3619 4580 6
3650 4531 3840 4601 Κύριος,

495 4625 1106 4681 confertdilectionem
1124 4623 1889 4689 immutabilem,ccelcstem
1909 4624 2126 4680 scilicet

2262 4620 2487 4676 δίδωσιν
2539 4622 2747 4693 ἀγάπην
2794 4621 3043 4693 ἄτρεπτον
3097 4623 3189 4676 τὴν
3222 4621 3544 4693 ἓπουράνιον.
3604 4622 3743 4690 Εὗχῃ
3781 4620 3843 4668 σύ

494 4715 756 4771 Precaris
776 4713 1142 4777 naturaliter,
1170 4713 1671 4784 occupationibus
1692 4730 1763 4768 ac
1790 4713 1969 4769 variis
1990 4715 2132 4784 cogi-

2260 4722 2491 4785 φυσικῶς
2562 4713 2691 4784 μετά
2760 4716 2850 4760 τοῦ
2919 4706 3204 4783 ῥέμϐεσθαι
3250 4712 3340 4759 καὶ
3396 4704 3794 4779 διαλογίζεσθαι
3828 4722 3840 4737 '

493 4804 817 4859 tationibus
846 4803 1200 4867 distractus;
1235 4803 1461 4857 confert
1493 4803 1594 4857 tibi
1632 4804 1916 4857 Dominus
1947 4819 2131 4875 preca

2260 4799 2460 4855 δίδωσί
2511 4820 2593 4853 σοι
2629 4802 2654 4852 6
2684 4801 2808 4860 Θεὸς
2859 4801 2949 4855 τὴν
2999 4798 3232 4871 καθαρὰν
3278 4800 3464 4869 εύχην,
3512 4797 3561 4849 έν
3595 4800 3855 4869 Πνεύματι

492 4892 717 4948 tionem
751 4908 964 4962 puram
996 4892 1053 4946 in
1084 4892 1299 4963 Spiritu
1335 4897 1389 4945 et
1416 4892 1676 4947 veritate.
1714 4893 1775 4947 In
1805 4893 1984 4947 rebus
2013 4910 2130 4965 qua

2258 4897 2346 4944 καὶ
2405 4890 2637 4961 ἀληθείᾳ.
2694 4890 2776 4941 Ἐν
2826 4893 2933 4947 τοῖς
2986 4889 3327 4959 φαινομένοις,
3374 4888 3520 4957 ἡεγῆ
3556 4888 3624 4948 ὡς
3672 4888 3755 4939 ἰπὶ
3800 4889 3856 4938 1'6

493 4980 681 5036 oculis
696 4980 1187 5051 suhjacent,terra
1203 4986 1260 5037 ut
1273 4980 1330 5051 pl
1343 4981 1599 5036 urimum
1617 4997 1684 5036 ex
1704 4998 1767 5035 se
1785 4982 1915 5052 ipsa
1927 4981 2126 5053 profer

2256 4980 2496 5033 πλεῖστον
2559 4977 2641 5051 ἀφ’
2700 4977 2890 5037 ἑαυτῆς
2956 4976 3154 5048 ἐκφέρει
3205 4976 3295 5036 τὰς
3360 4974 3583 5036 ἀκάνθας
3638 4992 3649 5004 ·
3713 4977 3738 5027 6
3801 4972 3859 5029 δε

491 5072 726 5143 spinas;
743 5071 989 5126 colonus
1003 5076 1200 5126 autem
1220 5070 1383 5136 fodit,
1406 5070 1962 5141 exercetdiligenter
1974 5088 2043 5127 ac
2057 5088 2129 5126 se-

2254 5073 2482 5145 γεωργὸς
2585 5070 2826 5131 σκάπτει,
2932 5064 3205 5137 ἐργάζεται
3302 5064 3572 5136 ἐπιμελῶς,
3678 5062 3860 5137 βάλλει

491 5160 893 5232 ωιιιειῑ;ερὶιιεθ
908 5165 1107 5216 tamen
1127 5158 1213 5214 vel
1227 5175 1344 5214 non
1363 5164 1503 5215 sata:
1518 5160 1922 5232 propullulant
1936 5160 2117 5216 etmul

2258 5164 2449 5232 σπόρον
2480 5176 2491 5188 ’
2541 5156 2647 5210 ἀλλ’
2696 5158 2751 5207 αἱ
2803 5156 3027 5207 ἄκανθαι
3075 5158 3147 5225 μὴ
3205 5158 3555 5229 σπειρόμεναι,
3600 5153 3861 5226 ἀναφύον-

490 5249 831 5322 tiplicantur
846 5250 1189 5321 (postquam
1208 5249 1364 5304 enim
1382 5254 1782 5321 transgressus
1798 5256 1903 5315 est,
1918 5251 2128 5305 dictum

2256 5268 2331 5313 σι,
2408 5251 2499 5299 καὶ
2553 5246 2901 5303 πληθύνονται
2945 5260 2956 5271 ·
3032 5243 3162 5313 μετά
3226 5244 3326 5315 γὰρ
3403 5246 3497 5301 τὴν
3555 5242 3861 5314 παράϐασιν

490 5344 581 5396 est
593 5339 852 5395 Adamo:
882 5338 1151 5395 Tribulos
1170 5345 1222 5394 et
1235 5339 1437 5407 spinas
1448 5340 1732 5407 producet
1750 5339 1855 5394 tibi
1872 5346 2032 5395 terra
2047 5341 2128 5411 ⁶²).

2253 5337 2429 5413 ἐρρέθη
2461 5344 2531 5405 τῷ
2556 5333 2750 5405 Ἀδὰμ,
2783 5330 3139 5405 Τριϐόλους
3181 5336 3286 5384 καὶ
3328 5331 3610 5393 ἀκάνθας
3640 5331 3859 5385 ἀνατε-

488 5434 694 5487 Denuo
726 5429 973 5484 colonus
1001 5435 1234 5483 exercet
1256 5434 1493 5490 terram,
1519 5427 1722 5483 effodit
1753 5429 1976 5499 spinas,
2007 5444 2126 5500 qua

2250 5427 2343 5480 λεῖ
2403 5446 2502 5478 σοι
2569 5427 2597 5482 ἡ
2662 5434 2761 5497 γῆ.
2822 5424 2981 5477 Πάλιν
3037 5424 3063 5475 6
3118 5425 3343 5495 γεωργὸς
3397 5420 3597 5473 ἐκπονεῖ
3644 5428 3706 5493 τῇ
3761 5428 3855 5494 γῇ,

486 5519 879 5577 nihilominus
901 5516 1100 5576 adhuc
1128 5516 1617 5589 multiplicantur.
1652 5517 1861 5589 Accipe
1894 5518 2002 5573 hoc
2024 5518 2124 5590 spi-

2252 5516 2571 5569 ἀνασκάπτει
2596 5517 2687 5577 τὰς
2720 5513 2965 5578 ἀκανθας,
2998 5516 3087 5565 καὶ
3117 5512 3273 5565 αὗται
3311 5513 3386 5563 ἔτι
3415 5510 3780 5569 πληθύνονται.

560 5702 602 5736 ⁶¹
632 5703 801 5758 Joan.
832 5717 932 5769 xv,
963 5705 1016 5756 2.
1094 5702 1141 5735 δ’
1165 5702 1305 5757 Gen.
1340 5714 1421 5764 ιιι,
1460 5700 1544 5753 18.
