4148 6262
314 321 418 376 689

1569 322 1907 377 ΗΟΜΙΙᾸᾹΞ.
1946 355 2013 364 -
2055 325 2228 380 HOM.
2271 324 2476 380 XXVI.

3566 323 3671 377 690

313 445 566 500 Ἀνάλαϐε
621 452 773 500 τοῦτο
827 457 1187 520 πνευματικῶς
1220 466 1230 476 ·
1274 449 1405 520 μετά
1456 449 1555 520 γὰρ
1614 451 1708 505 τὴν
1737 451 1896 523 παρά-

2016 450 2316 506 ritualiter.
2351 454 2496 506 Nam
2525 454 2661 521 post
2697 449 3239 518 transgressionem
3281 454 3434 504 terra
3473 449 3674 504 cordis

316 535 467 588 ϐασιν
535 539 562 594 ἡ
628 546 689 608 γῆ
762 536 815 589 ἐκ
865 546 955 598 τῆς
1016 535 1242 611 καρδίας
1291 536 1485 610 ἐκφέρει
1543 536 1771 596 ἀκάνθας
1819 543 1906 589 καὶ

314 624 578 698 τριϐόλους

317 716 370 765 αἱ
425 716 646 767 οἰκανθαι
707 725 805 767 τῶν
879 725 1114 789 πονηρῶν
1195 719 1496 788 πνευμάτων
1574 715 1905 788 ἀναφύονται.

623 625 944 699 ’ἐργάζεται
992 629 1016 678 6
1088 627 1374 700 ἅνθρωπος,
1440 625 1659 690 ἐκπονεῖ,
1707 631 1797 678 καὶ
1836 630 1908 678 ἔτι

316 799 440 855 Εἶτα
481 803 608 856 αὐτὸ
676 808 733 856 τὸ
792 805 939 876 ἅγιον
1000 813 1207 878 Πνεῦμα
1267 804 1792 878 συναντιλαμϐάνεται
1821 813 1908 864 τῆς

314 891 575 953 ἀσθενείας
631 902 730 945 τῶν
806 894 1109 969 ἀνθρώπων,
1160 900 1249 947 καὶ
1298 897 1323 946 6
1384 897 1569 966 Κύριος
1619 892 1795 967 βάλλει
1861 895 1908 943 ἐν

315 981 441 1054 αὐτῇ
495 991 556 1055 τῇ
617 991 684 1056 γῇ
742 991 836 1044 τῆς
891 982 1117 1058 καρδίας
1194 990 1385 1057 σπόρον
1439 984 1760 1057 ἐπουράνιον,
1820 987 1908 1034 καὶ

905 1079 993 1126 καὶ
1047 1080 1288 1134 πεσόντος
1336 1081 1425 1125 τοῦ
1470 1078 1686 1145 σπόρου,
1737 1071 1908 1143 ἀκμὴν

315 1162 363 1210 οἱ
393 1160 622 1233 τρίϐολοι
675 1166 763 1213 καὶ
811 1164 1034 1215 ἄκανθαι
1085 1163 1418 1234 ἀναφύονται.
1479 1163 1640 1215 Πάλιν
1689 1161 1842 1222 αὐτὸς
1884 1162 1908 1211 ὀ

315 1069 590 1142 ἐργάζεται
652 1073 813 1132 αὐτὴν
849 1091 859 1102 ·

319 1253 529 1322 Κύριος,
583 1253 733 1303 καὶὸ
790 1253 1059 1325 ἄνθρωπος
1138 1256 1441 1325 ἐργάζονται
1498 1256 1590 1310 τὴν
1667 1259 1765 1322 γῆν
1820 1258 1910 1310 τῆς

313 1337 518 1410 ψυχῆς,
558 1344 644 1391 καὶ
687 1340 816 1392 ἑπτα
870 1345 1073 1415 πονηρά
1124 1346 1388 1413 πνεύματα
1443 1344 1532 1392 καὶ
1590 1343 1646 1393 αἱ
1687 1341 1910 1391 ἄκανθαι

316 1423 567 1498 βρύουσιν
604 1428 725 1491 ἐκεῖ,
789 1434 877 1481 καὶ
924 1427 1260 1502 ἀναφύονται,
1314 1431 1405 1491 ἕως
1453 1429 1512 1481 οὗ
1563 1432 1776 1501 γένηται
1835 1429 1911 1480 θέ-

313 1534 423 1588 ρος,
474 1523 562 1568 καὶ
603 1521 854 1591 πλεονάσῃ
899 1521 927 1576 ἡ
963 1521 1142 1592 χάρις,
1198 1525 1286 1571 καὶ
1343 1518 1808 1591 καταξηρανθῶσιν
1857 1515 1912 1568 ἐκ

313 1611 409 1664 τῆς
437 1607 630 1677 θέρμης
659 1615 749 1659 τοῦ
780 1607 926 1665 ἡλίου
957 1611 1012 1660 αἱ
1041 1611 1283 1662 ἄκανθαι.

386 1729 500 1782 ΚΒ’.
552 1731 611 1783 Εἰ
663 1733 763 1803 γὰρ
823 1738 910 1784 καὶ
962 1737 1174 1786 σύνεστι
1220 1737 1380 1785 κακία
1446 1740 1506 1804 τῇ
1569 1735 1738 1804 φύσει,
1805 1732 1911 1784 ἀλλ’

2015 540 2289 610 producit
2320 540 2522 611 spinas
2545 545 2597 594 et
2624 539 2900 593 tribulos:
2920 539 3132 593 excolit
3157 539 3361 602 homo,
3382 538 3670 602 elaborat,

2018 628 2218 683 adhuc
2279 633 2478 683 tamen
2520 629 2706 700 spinae
2757 643 3080 696 pravorum
3156 628 3467 698 spirituum
3533 643 3673 682 ena-

2019 723 2283 771 scuntur.
2322 717 2540 772 Deinde
2571 722 2811 771 sanctus
2839 716 2931 771 ille
2967 717 3214 788 Spiritus
3235 716 3544 787 suppetias
3566 716 3675 771 fert

2018 806 2402 861 imbecillitati
2444 807 2744 868 humanae,
2780 811 2834 859 et
2865 805 3153 860 Dominus
3201 807 3367 876 101
3417 805 3586 858 mittit
3615 805 3673 858 in

2020 900 2233 950 terram
2268 896 2463 950 cordis
2495 910 2698 949 semen
2744 894 3000 958 cteleste,
3032 900 3209 965 atque
3237 894 3448 948 excolit
3487 909 3620 949 eam
3655 910 3668 947 :

2019 999 2140 1055 quo
2161 985 2385 1038 semine
2410 985 2586 1054 jacto,
2616 983 2814 1037 adhuc
2833 982 3026 1037 tribuli
3051 988 3106 1036 et
3136 983 3322 1052 spinae
3355 981 3667 1052 pullulant.

2021 1072 2226 1127 Denuo
2275 1073 2400 1143 ipse
2459 1073 2761 1134 Dominus,
2783 1087 2850 1126 ac
2905 1071 3083 1126 homo
3134 1076 3408 1125 exercent
3455 1076 3668 1124 terram

2021 1163 2257 1225 animae,
2290 1166 2346 1216 et
2373 1169 2599 1231 septem
2639 1161 2775 1214 mali
2821 1161 3060 1230 spiritus
3085 1175 3154 1213 ac
3177 1159 3362 1230 spina:
3404 1158 3674 1212 exoriun-

2019 1250 2264 1314 turillic,
2295 1255 2353 1306 et
2409 1250 2783 1320 repullulant,
2815 1250 3007 1302 donec
3054 1248 3334 1303 adveniat
3387 1252 3584 1314 testas,
3615 1251 3673 1300 et

2019 1340 2287 1394 abundet
2317 1340 2526 1408 gratia,
2549 1355 2617 1394 ac
2644 1338 3013 1392 desiccentur
3044 1336 3120 1392 ab
3143 1343 3288 1392 aestu
3311 1336 3448 1390 solis
3478 1335 3665 1406 spinas

2021 1435 2230 1485 enatm.

2095 1735 2250 1790 XXII.
2286 1735 2401 1789 Etsi
2450 1733 2608 1788 enim
2663 1732 2928 1803 nequitia
2979 1730 3240 1785 adhaeret
3300 1734 3549 1793 naturae,
3591 1694 3686 1781 sic

310 1818 444 1868 οὕτω
495 1824 857 1892 κατακυριεύει
916 1825 1132 1887 ταύτης,
1178 1825 1206 1880 ἦ
1268 1825 1380 1892 ἔχει
1425 1801 1608 1893 νομήν.
1655 1824 1760 1882 Τάς
1807 1823 1896 1894 γὰρ

2023 1830 2222 1881 tamen
2254 1824 2598 1878 dominatur
2642 1823 2713 1886 ei,
2743 1801 2878 1892 quae
2911 1820 3088 1874 habet
3120 1824 3384 1889 pastum.
3412 1821 3666 1872 Teneras

308 1910 563 1980 τρυφερᾶς
602 1908 768 1979 χλόας
814 1917 905 1961 τοῦ
957 1916 1106 1962 σίτου
1163 1908 1383 1962 δύναται
1428 1914 1492 1962 τὰ
1536 1911 1746 1973 ζιζάνια
1779 1930 1910 1981 συμ-

308 1999 526 2065 πνίγειν.
583 1999 876 2059 Φθάσαντος
939 1996 998 2051 δε
1053 2002 1226 2072 θέρους
1282 2001 1414 2072 μετὰ
1479 2003 1535 2050 τό
1591 1999 1908 2072 ξηρανθῆναι

308 2086 429 2144 τούς
458 2091 712 2159 καρπούς,
744 2084 895 2140 οὐδὲν
937 2087 1233 2160 βλάπτουσι
1276 2092 1336 2140 τά
1378 2089 1587 2148 ζιζάνια
1627 2091 1712 2139 τὸν
1740 2096 1902 2142 σῖτον.

311 2179 410 2226 Καὶ
444 2178 542 2247 γὰρ
585 2175 668 2227 ἐὰν
728 2176 900 2249 συμϐῇ
960 2180 1234 2250 τριάκοντα
1284 2174 1504 2250 μοδίους
1554 2175 1702 2243 εἶναι,
1745 2178 1905 2228 καθα-

307 2270 401 2336 ροῦ
435 2268 602 2334 σίτου,
650 2268 760 2316 ἔστι
796 2269 894 2338 γὰρ
931 2267 1074 2338 μίξις
1136 2267 1238 2319 ἐκεῖ
1266 2267 1531 2330 ζιζανίων,
1575 2269 1638 2326 ὡς
1667 2272 1903 2337 χοινικός

308 2370 360 2402 τι
398 2357 817 2427 παραφαίνεσθαι
851 2375 863 2387 ·
934 2361 1206 2427 κέχωσται
1264 2359 1363 2430 γὰρ
1417 2352 1510 2407 διὰ
1570 2359 1653 2406 τὸν
1694 2355 1903 2406 πλεονα-

311 2445 442 2513 σμόν
464 2451 553 2493 τοῦ
588 2448 736 2495 σίτου
773 2466 783 2476 -
818 2444 952 2496 οὕτω
994 2450 1083 2496 καὶ
1115 2445 1161 2496 ἐν
1192 2453 1252 2517 τῇ
1312 2447 1521 2520 χάριτι,
1554 2446 1671 2495 ὅταν
1700 2443 1904 2495 πλεονά-

313 2549 376 2602 σῃ
413 2533 441 2588 ἡ
477 2527 649 2604 δωρεὰ
703 2541 794 2584 τοῦ
839 2541 992 2600 Θεοῦ,
1038 2539 1126 2586 καὶ
1179 2536 1206 2591 η
1241 2536 1400 2608 χάρις
1453 2533 1523 2593 εἰς
1570 2536 1652 2584 τόν
1711 2534 1904 2606 ἄνθρω-

314 2639 427 2686 πον,
471 2626 561 2673 καὶ
611 2621 805 2695 πλουτῇ
847 2624 912 2683 εἰς
961 2627 1044 2676 τόν
1116 2628 1323 2696 Κύριον,
1378 2631 1504 2695 συνῇ
1563 2619 1620 2674 δε
1673 2624 1702 2679 ἡ
1745 2627 1905 2673 κακία

313 2720 552 2782 μερικῶς,
591 2715 649 2763 ού
700 2709 923 2764 δύναται
971 2711 1301 2783 καταϐλάψαι
1353 2716 1438 2764 τόν
1468 2713 1754 2784 ἄνθρωπον,
1789 2715 1904 2762 οῦτε

312 2801 425 2870 ἔχει
481 2800 640 2872 ἰσχύν
679 2821 815 2866 τινα,
858 2803 886 2861 ἡ
943 2808 1102 2874 νομὴν
1147 2803 1260 2854 κατ’
1312 2803 1495 2857 αὑτοῦ.
1553 2800 1610 2853 Ἠ
1668 2803 1766 2873 γὰρ
1813 2808 1903 2852 τοῦ

315 2893 508 2961 Κυρίου
540 2889 758 2956 ἔλευσις,
790 2898 875 2944 καὶ
907 2895 936 2950 ἡ
970 2897 1185 2965 πρόνοια
1243 2889 1334 2944 διὰ
1386 2899 1538 2944 τοῦτο
1568 2895 1788 2962 γέγονεν,
1823 2891 1904 2941 ἵνα

310 2982 431 3040 τούς
477 2986 538 3050 τῇ
594 2986 754 3051 κακίᾳ
817 2977 1232 3053 δεδουλωμένους
1293 2986 1456 3046 ὄντας,
1517 2985 1606 3032 καὶ
1669 2980 1899 3050 ἐνόχους,

309 3071 397 3117 καὶ
427 3068 870 3140 ὑποτεταγμένους
913 3069 1250 3142 ἐλευθερώσῃ,
1300 3075 1387 3121 καὶ
1437 3073 1634 3139 ποιήσῃ
1689 3071 1902 3127 νικητὰς

2020 1915 2179 1968 enim
2238 1912 2454 1968 herbas
2509 1911 2784 1964 frumenti
2835 1916 3025 1980 potest
3073 1907 3278 1962 lolium
3327 1906 3668 1970 suffocare;

2018 2003 2329 2072 ingruente
2363 2017 2500 2055 vero
2522 2005 2724 2055 aestate
2760 1998 2856 2052 ubi
2890 1998 3115 2052 fructus
3135 1995 3672 2058 exsiccatifuerint,

2018 2092 2159 2148 nihil
2193 2092 2350 2146 laedit
2401 2089 2606 2144 lolium
2641 2089 3024 2143 frumentum.
3064 2090 3264 2157 Itaque
3306 2085 3355 2138 si
3408 2085 3672 2138 evenerit

2020 2187 2080 2235 ut
2103 2182 2218 2235 sint
2246 2180 2484 2249 triginta
2510 2177 2694 2232 modii
2726 2176 3004 2231 frumenti
3056 2175 3210 2245 puri,
3244 2175 3336 2228 vix
3371 2173 3487 2227 illic
3538 2187 3666 2242 per-

2018 2271 2212 2324 mistio
2235 2268 2372 2332 lolii,
2399 2267 2554 2322 velut
2584 2266 2846 2337 aliquota
2878 2263 3108 2318 sextarii
3141 2279 3279 2334 pars
3331 2261 3664 2333 apparebit,

2015 2360 2227 2413 obruta
2249 2362 2387 2412 sunt
2403 2357 2558 2410 enim
2589 2356 2774 2409 nimia
2791 2353 2966 2424 copia
2993 2353 3268 2406 frumenti
3289 2367 3298 2403 :
3321 2353 3402 2404 sic
3425 2366 3669 2422 quoque

2014 2449 2072 2503 in
2107 2448 2314 2516 gratia,
2348 2463 2483 2500 cum
2510 2445 2738 2500 donum
2772 2443 2864 2498 Dei
2894 2448 2948 2496 et
2971 2442 3160 2510 gratia
3191 2439 3665 2494 abundaveritin

2013 2538 2276 2600 homine,
2298 2543 2475 2608 atque
2499 2535 2905 2602 ditescaterga
2925 2533 3263 2597 Dominum,
3293 2530 3444 2584 adsit
3466 2535 3669 2583 tamen

2015 2628 2216 2699 aliqua
2239 2627 2295 2681 in
2328 2632 2492 2697 parte
2517 2624 2819 2695 nequitia;
2852 2627 3056 2692 nequtt
3083 2620 3180 2675 illa
3210 2619 3422 2674 laedere
3469 2617 3664 2672 homi-

2015 2734 2172 2782 nem,
2221 2731 2414 2787 neque
2457 2715 2576 2769 vim
2622 2713 2806 2767 ullam
2858 2715 2960 2765 aut
3015 2710 3337 2780 imperium
3399 2708 3454 2760 in
3514 2723 3653 2761 eum

2014 2807 2258 2862 obtinet.
2297 2805 2598 2859 Adventus
2629 2802 2787 2856 enim
2821 2800 3052 2854 Domini
3085 2804 3138 2852 et
3170 2797 3547 2869 providentia
3576 2800 3663 2849 est

2014 2900 2350 2966 propterea,
2372 2898 2435 2946 ut
2462 2893 2519 2946 in
2540 2891 2880 2946 servitutem
2906 2887 3143 2943 malitiae
3170 2887 3462 2948 redactos,
3495 2885 3665 2954 eique

2013 2985 2306 3040 obnoxios
2365 2988 2419 3036 et
2463 2981 2819 3050 subjugatos
2871 2978 3167 3040 liberaret,
3225 2992 3294 3031 ac
3341 2974 3564 3044 peccati
3612 2978 3668 3027 et

2014 3073 2218 3128 mortis
2262 3073 2505 3125 victores
2533 3069 2807 3123 efficeret.
2852 3067 2972 3120 Non
3018 3067 3237 3119 debent
3271 3079 3411 3132 ergo
3458 3062 3663 3117 fratres

309 3163 398 3204 τοῦ
423 3157 640 3207 θανάτου
694 3162 783 3208 καὶ
844 3167 939 3217 τῆς
992 3159 1271 3233 ἁμαρτίας.
1329 3159 1439 3209 Ούκ
1479 3157 1772 3228 ὀφείλουσιν
1814 3153 1896 3207 οὖν

2012 3159 2406 3217 admiratione
2431 3159 2588 3222 duci,
2633 3158 2680 3210 si
2718 3172 2752 3211 a
2802 3154 3168 3228 quibusdam
3209 3152 3568 3222 afﬂigantur,
3605 3149 3665 3204 id

309 3238 520 3314 ἀδελφοὶ
573 3245 885 3312 ξενίζεσθαι,
951 3251 1050 3299 εἴτε
1099 3249 1197 3298 ὑπὸ
1247 3268 1395 3299 τινων
1453 3245 1709 3298 θλίϐονται
1772 3249 1902 3320 πρὸς

309 3335 365 3381 τὸ
392 3338 574 3392 κακίας
615 3332 994 3405 ἀπαλλαγῆναι.

383 3455 506 3512 ΚΓ’.
550 3463 648 3510 Καὶ
686 3462 787 3532 γὰρ
846 3461 916 3522 εἰς
963 3465 1018 3512 τὸ
1065 3461 1283 3513 παλαιόν
1332 3465 1523 3521 Μωσῆς
1576 3465 1664 3512 καὶ
1701 3462 1900 3534 Ἀαρὼν

304 3547 511 3616 ἔχοντες
557 3552 648 3605 τὴν
695 3551 998 3623 ἱερωσύνην,
1039 3550 1203 3602 πολλὰ
1255 3554 1442 3603 ἔπαθον
1475 3568 1485 3580 ·
1551 3551 1784 3621 Καιάφας
1840 3549 1898 3604 δὲ

302 3640 394 3693 τὴν
443 3639 643 3688 ἐκείνων
696 3635 957 3714 καθέδραν
996 3643 1151 3711 ἔχων,
1209 3641 1361 3701 αύτος
1409 3637 1590 3701 ἐδίωξε
1643 3645 1731 3692 καὶ
1775 3660 1896 3692 κατι

299 3728 462 3796 ἐκρινε
498 3730 584 3777 τὸν
618 3731 804 3798 Κύριον
840 3749 851 3761 ⁸
899 3731 1032 3801 ὅμως
1075 3726 1132 3782 δὲ
1185 3737 1278 3788 τὴν
1320 3733 1600 3804 ἱερωσύνην
1639 3732 1662 3780 ό
1711 3733 1895 3804 Κύριος

297 3823 481 3884 τιμῶν,
539 3815 728 3887 ἀφῆκεν
775 3818 898 3870 αὐτὸ
950 3821 1192 3890 γενέσθαι
1226 3838 1237 3849 ·
1301 3822 1491 3891 ὁμοίως
1535 3821 1582 3870 οἱ
1631 3829 1894 3891 προφῆται

298 3903 382 3953 ὑπ’
433 3904 589 3956 αὐτοῦ
653 3914 740 3957 τοῦ
822 3910 997 3968 ἔθνους
1072 3906 1375 3965 ἐδιώκοντο.
1449 3912 1642 3961 Λοιπὸν
1706 3913 1895 3979 Πέτρος

298 3996 491 4043 Μωσέα
539 3989 834 4061 διεδέξατο,
887 4001 974 4053 τὴν
1026 4003 1207 4054 καινὴν
1265 3997 1581 4054 Ἐκκλησίαν
1633 4005 1888 4068 Χριστοῦ,

296 4083 385 4128 καὶ
433 4084 519 4136 τὴν
577 4081 827 4140 ἀληθινὴν
888 4086 1168 4156 ἱερωσύνην
1215 4085 1587 4158 ἐγχειρισθείς.
1631 4091 1736 4136 Νῦν
1791 4088 1892 4156 γὰρ

297 4164 407 4218 ἐστι
440 4165 721 4241 βάπτισμα
771 4175 931 4244 πυρὸς
987 4178 1074 4223 καὶ
1131 4176 1441 4244 Πνεύματος,
1504 4179 1592 4224 καὶ
1640 4178 1888 4246 περιτομή

295 4277 373 4318 τις
417 4257 465 4309 ἐν
515 4256 714 4332 καρδίᾳ
764 4265 1034 4333 γινομένη.
1091 4267 1159 4314 T6
1208 4265 1307 4336 γὰρ
1357 4264 1488 4314 θεῖον
1535 4267 1624 4314 καὶ
1675 4261 1894 4335 ἐπουρά-

295 4366 400 4398 νιον
434 4355 640 4421 Πνεῦμα
686 4347 938 4422 ἐπιδημεῖ
969 4355 1017 4404 ἓν
1075 4361 1146 4423 τῷ
1189 4360 1257 4422 νῷ
1295 4368 1305 4379 ·
1347 4351 1477 4409 πλὴν
1510 4355 1624 4403 οῦτε
1669 4348 1811 4404 οὗτοι
1845 4364 1892 4412 οὶ

296 4437 498 4502 τέλειοι,
544 4438 636 4500 ἓως
675 4440 806 4492 εἰσὶν
843 4442 915 4502 εἱς
945 4447 1037 4498 τὴν
1087 4444 1276 4514 σάρκα,
1329 4441 1675 4516 ἀμεριμνοῦσι
1707 4438 1800 4493 διὰ
1832 4445 1887 4493 τὸ

292 4526 649 4592 αὐτεξούσιον,
688 4529 794 4580 ἀλλ’
867 4531 1079 4602 ἔμφοϐοι
1129 4531 1266 4583 εἱσι·
1340 4527 1424 4581 διό
1479 4535 1566 4582 καὶ
1633 4550 1887 4603 παραχω-

291 4624 503 4686 ροῦνται
568 4621 932 4692 πειράζεσθαι.
1004 4620 1060 4673 Εἰ
1111 4617 1168 4672 δὲ
1225 4622 1413 4690 φθάσει
1479 4621 1508 4677 ἡ
1559 4619 1712 4690 ψυχὴ
1756 4625 1890 4692 πρὸς

294 4706 484 4761 ἐκείνην
515 4711 607 4763 τὴν
667 4709 813 4759 πόλιν
843 4719 939 4761 τῶν
993 4710 1149 4780 ἁγίων
1201 4708 1453 4775 ἀπελθεῖν,
1500 4714 1610 4760 τότε
1663 4706 1883 4760 δύναται

1744 4798 1884 4852 Ἐκεῖ

288 4885 388 4956 γὰρ
434 4883 602 4935 ούκέτι
652 4888 762 4938 ἐστὶ
805 4907 1044 4961 μέριμνα,
1105 4891 1132 4947 ἦ
1193 4889 1386 4959 θλίψις,
1431 4891 1459 4948 ἡ
1508 4896 1679 4954 πόνος,
1719 4893 1746 4946 ἦ
1790 4898 1882 4960 γῆ-

284 4992 400 5044 ρας,
455 4975 482 5032 ἡ
546 4981 794 5038 Σατανᾶς,
839 4980 867 5033 ἤ
911 4977 1162 5048 πόλεμος·
1211 4978 1316 5030 ἀλλ’
1369 4980 1679 5041 ἀνάπαυσις,
1710 4980 1876 5050 χαρὰ,

291 4798 446 4864 μόνον
503 4795 620 4846 ἄνευ
693 4797 910 4867 θλίψεως
977 4805 1065 4850 καὶ
1116 4804 1465 4873 πειρατηρίων
1522 4795 1649 4849 εἶναι
1685 4819 1696 4830 ·

285 5062 483 5136 εἰρήνη,
527 5068 613 5115 καὶ
651 5070 899 5136 σωτηρία.
932 5065 988 5116 Ὀ
1042 5069 1141 5138 γὰρ
1173 5071 1361 5141 Κύριος
1413 5071 1461 5119 ἐν
1515 5072 1656 5138 μέσῳ
1711 5067 1878 5118 αὐτῶν

282 5155 421 5204 ἐστιν
480 5152 534 5214 ὃς
587 5152 906 5205 ἐπικαλεῖται
975 5159 1154 5212 Σωτὴπ
1223 5153 1314 5207 διὰ
1381 5160 1438 5208 τὸ
1517 5158 1700 5217 σώζειν
1766 5161 1878 5216 τοὺς

282 5242 690 5312 αἱχμαλῶτους’
760 5243 933 5316 ἰατρὸς
987 5243 1338 5309 ἐπικέκληται,
1409 5241 1589 5303 ἐπειδὴ
1641 5246 1878 5318 οὐράνιον

289 5336 378 5381 καὶ
427 5333 594 5382 θείκόν
637 5334 904 5404 φάρμακον
950 5328 1168 5397 δίδωσι,
1202 5337 1290 5384 καὶ
1342 5333 1480 5385 ἰᾶται
1518 5338 1581 5385 τὰ
1611 5336 1751 5390 πάθη
1785 5341 1879 5394 τῆς

277 5418 503 5489 ψυχῆςο
554 5423 602 5472 ἔν
683 5441 794 5473 τισι
869 5424 969 5496 γὰρ
1023 5424 1327 5494 κυριεύουσι
1391 5431 1482 5474 τοῦ
1558 5422 1873 5493 ἀνθρώπουο

281 5512 412 5580 πρὸς
460 5509 608 5580 λόγον
655 5508 714 5562 δὲ
771 5511 946 5576 εἰπεῖν,
1008 5514 1121 5564 ἔστι
1201 5512 1450 5572 Βασιλεύς
1505 5518 1593 5564 καὶ
1648 5516 1796 5577 Θεὸς,
1852 5513 1877 5563 6

283 5597 489 5658 Ἰησους
517 5616 528 5628 ·
568 5601 813 5674 τύραννος
862 5597 920 5653 δὲ
959 5606 1046 5654 καὶ
1095 5603 1276 5675 ἄρχων
1320 5605 1500 5665 κακὸς,
1550 5602 1575 5652 6
1622 5606 1869 5663 Σατανᾱςζ

2010 3251 2094 3315 ﬁt,
2128 3255 2188 3304 ut
2216 3249 2592 3303 vindicentur
2623 3261 2658 3301 a
2687 3244 2930 3300 malitia.

2084 3463 2261 3519 XXIII.
2301 3460 2523 3516 Etenim
2570 3457 2883 3530 quondam
2942 3459 3130 3511 Moses
3180 3459 3232 3508 et
3265 3459 3484 3518 Aaron,
3521 3469 3659 3507 cum

2008 3555 2335 3624 potirentur
2366 3548 2721 3610 sacerdotio,
2756 3546 2940 3602 multa
2977 3543 3368 3616 pertulerunt.
3404 3541 3660 3612 Caiphas

2008 3652 2229 3707 autem,
2257 3640 2360 3712 qui
2394 3655 2598 3694 eorum
2633 3637 2977 3691 cathedram
3019 3633 3276 3696 tenebat,
3308 3633 3434 3703 ipse
3463 3647 3659 3702 perse-

2007 3738 2177 3788 cutus
2222 3735 2327 3794 est,
2373 3735 2426 3784 et
2472 3724 2900 3782 condemnavit
2947 3724 3265 3778 Dominum
3311 3739 3321 3774 :
3369 3721 3657 3775 Dominus

2007 3828 2204 3877 tamen
2229 3818 2624 3875 sacerdotium
2657 3819 2990 3870 reverenter
3015 3812 3266 3876 habens,
3291 3809 3559 3881 permisit
3589 3808 3657 3863 il-

2002 3910 2106 3965 lud
2143 3910 2288 3964 ﬁeri.
2319 3909 2527 3962 Itidem
2558 3904 2865 3976 prOphettB
2898 3919 2933 3957 a
2959 3907 3132 3969 gente
3160 3916 3268 3953 sua
3298 3898 3656 3970 persecutio-

2003 4015 2142 4054 nem
2179 3998 2337 4068 passi
2372 4003 2526 4050 sunt.
2563 3995 2768 4048 Postea
2801 3994 2994 4047 Mosen
3028 3989 3255 4058 excepit
3296 3991 3519 4051 Petrus,
3562 3987 3656 4040 cui

2005 4103 2161 4141 nova
2189 4084 2451 4140 Ecclesia
2480 4082 2684 4138 Christi
2718 4097 2786 4135 ac
2813 4095 3022 4134 verum
3058 4077 3460 4132 sacerdotium
3493 4091 3657 4130 com-

2005 4176 2257 4229 missum
2308 4179 2410 4227 est.
2448 4173 2575 4227 Jam
2616 4171 2774 4224 enim
2816 4174 2902 4223 est
2933 4167 3234 4237 baptisma
3261 4165 3414 4231 ignis
3455 4163 3656 4233 etspi-

2002 4264 2169 4328 ritus,
2197 4269 2251 4317 et
2281 4260 2652 4317 circumcisio
2685 4257 2966 4330 quaedam
2995 4257 3051 4309 in
3086 4253 3262 4308 corde
3291 4251 3369 4308 ﬁt.
3409 4253 3651 4307 Divinus

2002 4354 2158 4407 enim
2193 4358 2246 4407 et
2277 4351 2524 4405 caelestis
2565 4350 2811 4418 Spiritus
2862 4347 3270 4400 commoratur
3312 4343 3369 4396 in
3418 4345 3638 4396 mente.

2001 4445 2212 4498 Verum
2268 4457 2460 4512 neque
2498 4439 2556 4492 hi
2601 4436 2859 4508 perfecti,
2892 4433 3161 4506 quandiu
3193 4439 3328 4485 sunt
3370 4432 3425 4485 in
3451 4445 3650 4494 carne,

2000 4537 2201 4587 carent
2250 4527 2648 4585 sollicitudine
2706 4530 2946 4596 propter
2987 4522 3210 4577 arbitrii
3269 4520 3646 4584 libertatem;

1998 4621 2101 4674 sed
2154 4627 2313 4674 metu
2362 4617 2790 4688 percutiuntur,
2839 4619 3015 4683 atque
3075 4616 3389 4681 propterea
3440 4609 3650 4662 tentari

1998 4710 2434 4781 permittuntur.
2480 4704 2586 4760 Ubi
2621 4719 2758 4758 vero
2790 4703 2993 4757 anima
3028 4699 3102 4754 ad
3145 4698 3304 4752 illam
3347 4697 3646 4751 civitatem

1995 4805 2336 4854 sanctorum
2357 4793 2707 4866 pervenerit,
2731 4797 2856 4846 tum
2879 4789 3122 4843 demum
3141 4788 3369 4857 absque
3385 4784 3649 4840 afﬂictio-

1994 4889 2168 4942 nibus
2223 4893 2277 4942 et
2316 4882 2738 4941 tentationibus
2789 4881 2968 4934 vitam
3026 4893 3202 4946 agere
3271 4881 3483 4947 potest.
3535 4874 3649 4928 Illic

1992 4979 2147 5032 enim
2184 4993 2301 5031 non
2335 4973 2594 5043 amplius
2621 4978 2707 5026 est
2739 4968 3095 5032 sollicitudo,
3131 4971 3233 5021 aut
3259 4965 3518 5028 aﬂlictio,
3545 4971 3649 5019 aut

1989 5067 2182 5128 labor,
2215 5071 2318 5120 aut
2347 5069 2639 5123 senectus,
2670 5065 2772 5115 aut
2815 5061 3087 5121 Satanas,
3118 5060 3221 5111 aut
3265 5055 3510 5119 bellum,
3545 5054 3646 5109 sed

1990 5157 2244 5227 requies,
2275 5152 2586 5223 gaudium,
2620 5148 2822 5204 laatitia
2853 5154 2909 5201 et
2937 5145 3120 5200 salus.
3150 5146 3216 5202 In
3261 5144 3456 5199 medio
3485 5144 3644 5197 enim

1989 5245 2226 5300 illorum
2250 5247 2336 5296 est
2363 5239 2665 5301 Dominus,
2691 5235 2794 5308 qui
2817 5234 3150 5306 appellatur
3175 5233 3464 5296 Salvator,
3482 5231 3643 5302 quod

1988 5334 2197 5388 liberet
2231 5329 2538 5401 captivos:
2574 5325 2909 5397 appellatur
2951 5323 3239 5387 medicus,
3271 5322 3433 5392 quod
3475 5320 3644 5374 acele-

1990 5429 2140 5477 stem
2163 5437 2232 5475 ac
2262 5421 2527 5474 divinam
2555 5417 2913 5471 medicinam
2928 5414 3210 5478 conferat,
3229 5410 3640 5466 etaﬂectiones

1989 5511 2203 5567 anima:
2244 5517 2404 5564 curet
2433 5524 2444 5561 :
2489 5506 2866 5578 aliquatenus
2898 5504 3057 5557 enim
3091 5499 3407 5571 imperium
3437 5498 3495 5550 in
3526 5496 3630 5548 ho-

1995 5601 2220 5656 minem
2243 5597 2512 5654 obtinent
2541 5595 2676 5651 illaa.
2720 5593 2847 5649 Uno
2885 5591 3070 5646 verbo
3096 5594 3295 5644 autem
3326 5592 3386 5639 ut
3414 5584 3633 5646 dicam,

278 5688 460 5743 Jesus
490 5693 573 5744 est
595 5691 714 5744 Rex
740 5697 793 5746 et
823 5694 976 5747 Deus
1009 5707 1022 5756 ;
1046 5693 1294 5748 Satanas
1323 5697 1522 5748 autem
1555 5695 1848 5763 tyrannus
1877 5694 1934 5747 et
1953 5691 2230 5764 princeps
2249 5686 2549 5760 nequitiae.
