4148 6262
544 286 647 342 691
1853 289 1909 344 8.
1954 286 2182 343 MACAF

2296 285 2578 344 EGYPTI
2586 288 2603 342 Ι
3783 288 3896 345 692

618 414 794 470 XXIV.
828 413 999 479 Quod
1031 420 1319 486 superest,
1345 417 1518 481 Deus,
1549 420 1605 471 et
1626 412 1823 483 angeli
1844 413 1971 483 ejus
1993 411 2189 468 homi-
2226 416 2256 467 Α

2266 458 2271 467 .
2375 418 2490 465 KA'.
2526 415 2773 467 Λοιπὸνὸ
2814 416 2940 475 Θεὸς
2990 418 3079 467 καὶ
3123 417 3171 467 οἱ
3214 412 3424 486 ἄγγελοι
3469 413 3630 465 αὐτοῦ
3680 414 3764 466 τὸν
3812 413 3904 465 οἷν-

543 518 683 557 nem
713 502 880 559 illum
912 504 1249 561 voluntuna
1280 521 1484 560 secum
1508 504 1905 560 domesticum
1938 501 2181 557 reddere

2304 502 2503 573 θρωπον
2552 510 2731 555 τοῦτον
2776 500 3053 574 βούλονται
3104 504 3476 556 οἰκειώσασθαι
3541 504 3653 569 μεθ’
3709 501 3904 554 ἑαυτῶν

543 593 602 647 in
627 607 810 660 regno
846 608 858 647 :
894 594 1092 648 itidem
1126 594 1403 650 diabolus
1436 598 1495 649 et
1525 593 1719 665 angeli
1745 593 1875 663 ejus
1904 594 2181 662 exoptant

2300 589 2371 649 εἱς
2400 594 2493 649 τήν
2539 588 2807 663 βασιλείαν
2843 608 2855 620 ’
2906 594 3098 664 ὁμοίως
3126 594 3152 645 ὁ
3206 589 3447 653 διάϐολος
3476 595 3566 643 καὶ
3606 592 3655 642 οἱ
3692 590 3908 662 ἄγγελοι

543 695 682 735 eum
714 681 825 736 sibi
859 682 1185 754 adjungere
1229 690 1284 737 et
1313 684 1372 737 in
1405 699 1549 739 suas
1581 689 1779 754 partes
1823 681 2181 754 pertrahere.

2299 678 2459 731 αὐτοῦ
2538 680 2769 732 θέλουσιν
2832 681 3210 734 οἰκειώσασθαι
3272 688 3451 733 τοῦτον
3531 680 3597 741 εἰς
3661 679 3898 741 ἑαυτούς.

540 770 726 825 Media
766 771 943 841 igitur
963 777 1049 825 est
1074 772 1991 846 animainterduasliypostases,
2009 781 2178 847 atque

2298 772 2445 826 Μέση
2498 764 2585 820 οὖν
2645 768 2783 821 ἐστιν
2838 772 2868 829 ἡ
2910 769 3066 842 ψυχή
3128 779 3227 823 τῶν
3282 766 3378 822 δύο
3409 770 3769 836 ύποστάσεων,
3816 771 3908 820 καὶ

541 864 734 914 utram
767 859 827 913 in
862 868 1085 929 partem
1103 868 1310 932 postea
1332 862 1625 919 inclinarit
1654 863 2179 930 voluntasanimaa,

2297 855 2473 909 λοιπὸν
2503 858 2575 920 εἰς
2604 860 2707 911 οἷον
2736 860 2797 910 ἄν
2853 864 3009 933 μέρος
3038 859 3171 934 ῥέψη
3216 863 3273 911 τὸ
3332 858 3529 930 θέλημα
3571 866 3663 919 τῆς
3694 856 3908 929 ψυχῆς,

541 947 670 1017 ejus
712 947 777 1003 ﬁt
803 950 1065 1021 propria,
1088 951 1336 1022 ejusque
1366 952 1545 1008 filius.
1578 953 1818 1009 Perinde
1850 958 2073 1019 autem,
2116 970 2179 1010 ac

2298 944 2488 998 ἕκείνου
2544 951 2743 1017 γίνεται
2802 954 2892 1000 καὶ
2932 951 3064 1008 υἱὸς.
3132 947 3331 1020 Ὠσπερ
3375 943 3434 1000 δὲ
3482 945 3565 999 ἐὰν
3621 945 3905 1017 ἀποστείλῃ

543 1035 587 1089 si
613 1038 805 1093 mittat
833 1046 1002 1110 pater
1030 1041 1333 1112 quispiam
1364 1042 1423 1096 in
1457 1042 1764 1112 regionem
1804 1045 2181 1115 peregrinam

2296 1054 2372 1095 τις
2422 1041 2595 1110 πατὴρ
2654 1036 2721 1097 εἰς
2773 1034 3015 1111 πατρίδα
3059 1037 3201 1100 ξένην
3258 1041 3344 1089 τὸν
3389 1037 3571 1089 ἑαυτοῦ
3601 1038 3736 1103 υἱὸν,
3776 1036 3908 1087 ὃπου

535 1123 726 1181 ﬁlium
753 1143 953 1197 suum,
986 1127 1089 1183 ubi
1118 1136 1435 1185 occurrant
1473 1132 1524 1186 ei
1547 1133 1605 1186 in
1634 1133 1726 1188 via
1758 1132 1981 1202 bestiae,
2005 1138 2173 1206 atque

2298 1122 2597 1177 ἀπαντῶσιν
2650 1126 2789 1197 αύτῷ
2847 1127 2966 1178 καθ’
3014 1124 3137 1179 ὁδὸν
3180 1129 3358 1201 θηρία,
3392 1131 3481 1178 xui
3512 1122 3735 1177 δίδωσιν
3763 1124 3911 1193 αὐτῷ

534 1214 798 1270 conferat
828 1215 904 1271 illi
946 1216 1276 1287 pharmaca
1304 1226 1361 1274 et
1392 1222 1659 1277 antidota
1688 1240 1700 1288 ;
1729 1228 1791 1277 ut
1824 1224 1871 1277 si
1910 1223 2172 1279 adorian-

2296 1215 2565 1288 φάρμακα,
2612 1220 2701 1266 xui
2750 1213 3002 1268 ἀντίδοτα
3034 1236 3046 1247 ·
3098 1217 3180 1267 ἵνα
3222 1216 3305 1268 ἐὰν
3359 1215 3498 1285 αύτῷ
3557 1213 3810 1266 ἐπελθωσι
3842 1214 3912 1263 τὰ

536 1308 630 1358 tur
654 1319 789 1359 eum
819 1304 1031 1361 bellum
1061 1314 1163 1362 aut
1184 1308 1713 1375 dracones,oblato
1736 1312 2063 1382 pharmaco
2086 1312 2174 1367 illa

2297 1304 2455 1376 θηρία
2501 1307 2530 1361 ή
2594 1300 2891 1375 δράκοντες,
2944 1302 3110 1376 ἐπιδῷ
3155 1308 3213 1357 τὸ
3274 1312 3563 1377 φάρμακον,
3627 1307 3717 1355 καὶ
3771 1300 3910 1354 ἀπο-

534 1391 845 1448 interﬁciat
881 1410 893 1447 :
925 1402 1135 1450 eodem
1162 1413 1403 1469 quoque
1439 1400 1618 1455 modo
1646 1416 1751 1455 vos
1780 1417 2021 1460 omnem
2051 1421 2172 1461 ner-

2294 1398 2462 1464 κτείνῃ
2531 1392 2705 1445 αὐτά’
2765 1392 2924 1453 οὓτως
2975 1398 3065 1445 καὶ
3136 1395 3287 1465 ἡμεῖς
3355 1389 3696 1445 σπουδάσατε
3731 1389 3911 1443 λαϐεῖν

535 1496 680 1536 vum
721 1482 1026 1548 intendite,
1057 1491 1119 1538 ut
1161 1486 1466 1558 accipiatis
1508 1490 1745 1545 caeleste
1785 1493 2173 1563 pharmacum

2293 1480 2595 1555 ἐπουράνιον
2661 1484 2954 1556 φάρμακον,
3022 1485 3080 1534 τὸ
3148 1483 3422 1554 ἰαματικὸν
3482 1486 3571 1533 καὶ
3629 1476 3910 1532 ἀντίδοτον

532 1570 699 1638 quod
740 1570 961 1625 mederi
1002 1577 1196 1642 potest
1234 1581 1288 1631 et
1329 1578 1663 1633 antidotum
1699 1586 1788 1634 est
1821 1584 2037 1638 animae
2074 1601 2087 1650 ;
2122 1593 2170 1639 ut

2293 1578 2387 1629 τῆς
2416 1570 2622 1642 ψυχῆς,
2684 1573 2766 1622 ἵνα
2819 1568 2893 1623 δι’
2947 1570 3105 1622 αὐτοῦ
3161 1570 3497 1629 ἀποκτείνητε
3526 1568 3783 1622 τὰίοϐόλα
3815 1570 3910 1625 θη-

530 1661 661 1726 ejus
698 1659 989 1715 beneﬂcio
1013 1663 1363 1719 interimatis
1403 1683 1698 1724 venenum
1729 1672 2060 1728 emittentes
2085 1675 2168 1729 be-

2292 1666 2379 1734 ρία
2409 1668 2507 1711 τῶν
2560 1659 2869 1733 ἀκαθάρτων
2904 1662 3228 1732 πνευμάτων.
3287 1660 3397 1712 Ούκ
3456 1662 3569 1711 ἔστι
3613 1661 3713 1731 γὰρ
3755 1661 3905 1709 εὔκο-

533 1746 677 1800 stias
702 1748 1152 1806 immundorum
1184 1754 1519 1821 spirituum.
1544 1760 1667 1812 Non
1693 1765 1777 1813 est
1808 1762 1965 1815 enim
1987 1762 2171 1827 facile.

2253 1748 2375 1813 ;λον
2430 1756 2670 1822 πρᾶγμα,
2732 1752 2966 1823 καθαρὰν
3026 1747 3250 1823 καρδίαν
3307 1751 3609 1807 κτήσασθαι
3644 1769 3658 1782 ο
3711 1749 3755 1799 εἰ
3816 1752 3891 1819 μή

528 1849 747 1904 purum
784 1852 886 1892 cor
931 1839 1254 1907 possidere,
1296 1842 1410 1897 nisi
1454 1845 1639 1901 multo
1677 1863 1815 1902 cum
1856 1852 2166 1906 certamine

2290 1842 2418 1910 μετά
2478 1837 2673 1910 ἀγῶνος
2729 1839 2917 1891 πολλοῦ
2981 1845 3067 1891 καὶ
3134 1840 3395 1910 καμάτου,
3460 1840 3543 1889 ἱνα
3594 1833 3904 1894 συνείδησιν

529 1927 585 1976 et
617 1922 843 1989 labore,
891 1928 1060 1998 102
1107 1935 1166 1983 ut
1217 1933 1641 1990 conscientiam
1692 1940 1748 1991 et
1791 1953 1892 1992 cor
1957 1955 2167 2010 purum

2289 1932 2378 1979 xui
2435 1929 2668 2002 καθαρὰν
2735 1925 2961 2000 καρδίαν
3041 1933 3308 1987 κτήσηται
3378 1929 3403 1979 ὀ
3462 1928 3754 2001 ἄνθρωπος,
3816 1927 3905 1977 ἱνα

526 2010 748 2068 habeat
772 2013 975 2080 homo,
1011 2022 1071 2072 ut
1100 2020 1334 2089 penitus
1364 2023 1649 2080 evellatur
1676 2027 1963 2099 nequitia.

1500 2023 1649 2080 latur
1676 2027 1963 2099 nequitia.
2289 2015 2535 2079 ὁλοτελῶς
2566 2016 2823 2089 ἐκριζωθῇ
2857 2020 2914 2068 τὸ
2958 2022 3138 2074 κακὸν.

601 2120 755 2173 XXV.
788 2122 1087 2193 Contingit
1116 2126 1273 2181 enim
1307 2129 1499 2199 gratia
1550 2131 1813 2205 aliquem
1862 2138 2175 2207 praeditum

2362 2140 2480 2196 κε’.
2539 2147 2639 2195 Καὶ
2694 2143 2855 2215 χάριν
2903 2144 3004 2216 γὰρ
3050 2140 3323 2214 συμϐαίνει
3354 2139 3483 2193 εἶναι
3523 2143 3594 2201 εἷς
3629 2159 3767 2205 τινα,
3812 2144 3904 2191 καὶ

531 2221 682 2272 esse,
719 2209 889 2280 cujus
922 2218 1119 2268 tamen
1152 2231 1255 2271 cor
1283 2219 1552 2275 nondum
1588 2221 1659 2276 sit
1685 2224 2086 2292 puriﬁcatum.
2113 2232 2169 2285 Et

2288 2232 2317 2289 ἡ
2351 2227 2550 2306 καρδία
2606 2230 2665 2283 ού
2718 2232 3093 2305 κεκαθάρισται
3129 2248 3140 2259 ’
3189 2235 3277 2282 καὶ
3335 2228 3427 2283 διὰ
3456 2236 3607 2282 τοῦτο
3637 2231 3821 2281 ἔπεσον
3853 2228 3904 2280 οἱ

529 2300 843 2367 propterea
879 2302 1217 2358 ceciderunt
1241 2306 1343 2377 qui
1378 2307 1529 2378 lapsi
1566 2317 1720 2377 sunt,
1754 2328 1824 2369 eo
1854 2318 2016 2386 quod
2053 2333 2167 2373 non

2285 2325 2546 2383 πεσόντες,
2583 2320 2663 2370 ὅτι
2710 2319 2804 2371 ούκ
2834 2321 3151 2371 ἐπίστευσαν
3206 2320 3338 2391 μετὰ
3375 2324 3469 2375 τήν
3522 2321 3684 2391 χάριν
3728 2324 3902 2369 συνεῖ-

526 2384 923 2457 crediderunt,
948 2396 1083 2461 post
1112 2402 1419 2465 acceptam
1453 2399 1703 2465 gratiam
1736 2384 2037 2460 adhaerere
2060 2406 2164 2461 illis

2284 2428 2369 2461 ναι
2424 2409 2603 2470 αὐτοῖς
2659 2412 2745 2460 τὸν
2805 2411 2997 2461 καπνὸν
3046 2412 3135 2460 xui
3209 2412 3303 2466 τὴν
3362 2407 3621 2480 ἁμαρτίαν
3656 2424 3667 2435 ·
3716 2408 3902 2467 πάντες

525 2470 763 2529 fumum
778 2491 847 2529 ac
862 2485 1191 2547 peccatum.
1204 2484 1420 2539 Omnes
1438 2502 1576 2543 vero
1588 2490 1605 2559 j
1617 2490 1730 2544 usti
1749 2506 1851 2562 per
1863 2501 2163 2563 angustam

2286 2493 2345 2550 δὲ
2374 2500 2424 2550 οἱ
2453 2494 2655 2550 δίκαιοι
2718 2493 2812 2549 διὰ
2861 2505 2952 2557 τῆς
3002 2505 3185 2557 στενῆς
3235 2502 3324 2549 καὶ
3372 2496 3709 2568 τεθλιμμένης
3746 2491 3896 2559 ὁδου,

526 2565 705 2630 atque
732 2562 1066 2621 aﬂlictionis
1100 2570 1337 2640 plenam
1359 2575 1517 2631 viam
1541 2593 1729 2650 usque
1746 2581 1823 2635 ad
1853 2562 2033 2639 ﬁnem
2058 2588 2164 2642 Deo

2283 2590 2447 2662 μέχρι
2518 2586 2696 2648 τέλους
2761 2585 3119 2658 εύηρέστησαν
3196 2594 3267 2655 τῷ
3321 2592 3455 2656 Θεῷ,
3659 2583 3897 2656 Ἀϐραὰμ

524 2648 822 2718 placuere.
855 2654 1232 2714 Abrahamus
1267 2678 1402 2717 cum
1435 2648 1792 2735 essetdives,
1820 2676 1943 2726 tum
1963 2689 2162 2730 secun-

2284 2679 2416 2728 κατά
2446 2679 2573 2728 Θεὸν
2613 2675 2861 2736 πλούσιος
2893 2676 2983 2739 ὧν,
3009 2679 3098 2726 καὶ
3129 2677 3266 2725 κατὰ
3294 2678 3512 2745 κόσμον,
3546 2678 3663 2745 γὴν
3716 2673 3892 2725 ἑαυτὸν

524 2735 671 2792 dum
712 2739 897 2796 Deum
927 2750 1053 2799 tum
1111 2751 1443 2807 secundum
1479 2756 1794 2823 mundum,
1824 2764 2047 2820 terram
2102 2781 2162 2821 αι

2284 2785 2390 2816 και
2419 2761 2665 2817 σποδὸν
2715 2764 3018 2834 ὠνόμαζεν’
3074 2767 3165 2815 καὶ
3217 2759 3405 2827 Δαϐὶδ,
3448 2759 3743 2822 Ὀνειδος
3793 2759 3886 2811 ἀν-

522 2828 823 2894 pulverem
872 2833 918 2866 ⁸³
945 2850 1005 2887 se
1046 2834 1246 2905 ipsum
1298 2842 1648 2899 nominavit.
1683 2849 1744 2901 Et
1784 2851 1969 2906 David
2013 2870 2024 2904 :
2057 2853 2160 2922 0p-

2286 2856 2564 2926 θρωπων,
2602 2858 2752 2924 φησὶ,
2782 2857 2871 2904 καὶ
2902 2848 3318 2923 ἐξουδένωμα
3365 2852 3547 2913 λαῶν,
3608 2856 3686 2902 xui
3727 2855 3876 2901 σκω-

522 2917 834 3016 probri'um
866 2922 1189 2990 hominum,
1218 2928 1427 3000 inquit,
1464 2939 1517 2987 et
1549 2935 1801 3002 obiectio
1842 2941 2056 3009 plebis.
2087 2917 2160 3009 Et,

2282 2917 2412 3005 λῆξ,
2457 2946 2565 2993 καὶ
2591 2941 2701 2993 οὐκ
2737 2943 3092 3017 ἄνθρωπος.
3124 2945 3345 3013 Ὁμοίως
3374 2942 3563 3001 πάντες
3585 2942 3627 2992 οὶ
3648 2938 3867 2991 ἀπόστο-

524 3006 737 3062 vermis
764 3015 815 3064 et
848 3026 964 3067 non
997 3013 1168 3071 homo
1200 3017 1265 3071 5‘.
1294 3017 1570 3077 Similiter
1594 3040 1805 3083 omnes
1834 3006 2083 3101 apostoli
2118 3006 2162 3089 et

2282 3030 2361 3083 λοι
2416 3036 2507 3082 καὶ
2535 3039 2799 3103 προφῆται
2839 3032 3280 3102 κακουχούμενοι,
3324 3026 3671 3101 ὁνεδιζὸμενοι
3701 3024 3829 3085 ἦσαν
3858 3044 3869 3054 ·

521 3095 827 3166 prophetae
853 3100 1009 3156 male
1031 3102 1213 3159 habiti
1244 3112 1499 3165 summis
1529 3095 1942 3175 atﬁciebantur
1963 3128 2159 3179 contu-

2240 3125 2246 3178 :
2284 3119 2487 3180 αὐτὸςὸ
2526 3095 2715 3194 Κύρίος
2763 3120 2817 3181 ὃς
2876 3095 3018 3170 ἐστιν
3075 3118 3200 3180 ὁδὸς
3250 3123 3341 3171 xui
3374 3122 3503 3179 Θεὸς
3533 3117 3688 3171 ἐλθὼν
3721 3116 3775 3168 ού
3809 3112 3878 3168 δι’

524 3183 734 3238 meliis.
770 3186 1056 3246 Dominus
1083 3193 1228 3263 ipse,
1252 3198 1352 3267 qui
1385 3201 1480 3256 via
1501 3208 1593 3257 est
1617 3210 1670 3260 et
1688 3206 1863 3277 Deus,
1883 3226 2021 3266 cum
2047 3228 2162 3269 non

2284 3210 2482 3275 ἑαυτὸν,
2517 3209 2642 3261 ἀλλὰ
2691 3206 2785 3262 διὰ
2838 3212 2915 3278 σὲ,
2973 3209 3056 3259 ἵνα
3103 3228 3183 3260 σοι
3216 3211 3376 3270 τύπος
3432 3212 3649 3279 γίνηται
3688 3210 3880 3267 παντὸς

524 3278 765 3372 propter
790 3278 1048 3349 seipsum
1086 3282 1190 3337 sed
1223 3295 1464 3357 propter
1490 3295 1542 3346 te
1574 3296 1749 3359 venit,
1782 3302 1844 3352 ut
1880 3306 2058 3372 typus
2101 3319 2162 3359 ac

2282 3297 2502 3370 ἀγαθοῦ,
2556 3296 2708 3371 βλέπε
2765 3297 2836 3358 εἰς
2891 3302 3044 3349 ποίαν
3110 3278 3613 3359 ταπείνωσινῗῆλθε,
3679 3299 3881 3371 μορφήν

522 3363 865 3432 exemplum
889 3368 993 3422 tibi
1011 3370 1381 3430 ﬁeretomnis
1395 3379 1565 3449 boni;
1588 3363 2160 3462 perpendeiuquanl

2283 3363 2469 3439 δούλου
2490 3363 2689 3450 λαϐὼν,
2723 3390 2865 3452 Θεὸς,
2902 3389 3015 3447 Υἱὸς
3060 3394 3209 3448 Θεοῦ,
3247 3386 3517 3449 Βασιλεύς,
3550 3386 3670 3447 Υἱὸς
3721 3382 3886 3457 βασι-

522 3450 645 3501 tam
676 3451 1067 3513 humilitatem
1096 3478 1155 3514 se
1178 3462 1477 3533 ahjecerit,
1498 3450 1870 3529 forma—servi
1904 3450 2160 3551 accepta,

2278 3474 2424 3541 λέως,
2490 3472 2679 3537 διδοὺς
2740 3479 2830 3547 μεν
2915 3475 3071 3537 αὐτὸς
3147 3475 3399 3546 ἰαματικά
3467 3477 3736 3548 φάρμακα,
3793 3478 3886 3526 καὶ

524 3540 626 3633 qui
654 3545 739 3591 est
771 3540 943 3607 Deus,
979 3546 1077 3600 Dei
1113 3549 1309 3615 Filius,
1345 3556 1482 3619 Rex,
1514 3556 1689 3613 Filius
1712 3564 1904 3631 Regis,
1932 3540 2162 3625 don-aus

2281 3567 2571 3637 θεραπεύων
2643 3540 2761 3626 τούς
2830 3569 3409 3638 τετραυματισμένους·
3463 3564 3645 3626 ἔξωθεν
3705 3560 3765 3615 δε
3818 3566 3886 3623 ὡς

518 3627 763 3695 quidem
805 3628 933 3700 ipse
975 3639 1246 3693 curantia
1288 3642 1634 3712 pharmaca,
1670 3666 2013 3725 sanansque
2045 3659 2156 3714 vul-

1708 3627 1932 3725 anansq
1944 3672 2013 3710 ue
2045 3659 2169 3714 vul-
2280 3651 2345 3713 εἷς
2369 3663 2466 3706 τῶν
2496 3658 3011 3728 τετραυματισμίνων
3030 3658 3346 3725 φαινόμενος.

520 3718 759 3769 neratos
785 3732 799 3781 ;
824 3720 1079 3777 exterius
1113 3730 1309 3782 tamen
1347 3730 1502 3786 velut
1534 3749 1688 3790 unus
1724 3718 2166 3803 vulneratorum

514 3816 836 3873 apparens.

592 3930 769 3988 XXVI.
803 3936 1091 3995 Caeterum
1109 3956 1183 3996 ne
1204 3942 1496 4016 despicias
1510 3948 1774 4009 divinam
1790 3954 2161 4029 dignitatem,

2350 3955 2467 4021 Kg’.
2514 3955 2670 4011 Ἀλλὰ
2746 3960 2817 4028 μή
2892 3957 3291 4030 καταφρονήσῃς
3343 3962 3436 4007 τοῦ
3500 3957 3671 4007 θεικοῦ
3728 3952 3884 4018 ἀξιώ-

516 4016 664 4076 dum
694 4026 990 4096 conspicis
1019 4027 1185 4086 illum
1217 4036 1470 4091 exterius
1490 4016 1890 4112 humiliatumv,
1918 4016 2154 4105 utsimi:

2273 4065 2452 4119 ματος,
2525 4042 2724 4117 βλέπων
2806 4045 2960 4097 αὐτὸν
3051 4044 3229 4107 ἔξωθεν
3305 4048 3734 4116 τεταπεινωμένον
3816 4046 3885 4105 ὡς

513 4106 631 4206 lem
655 4112 866 4179 nobis;
902 4123 1142 4188 propter
1170 4134 1283 4175 nos
1319 4124 1401 4179 sic
1426 4132 1725 4198 apparuit,
1759 4106 1887 4189 non.
1921 4146 2151 4210 propter

2273 4106 2447 4206 ὸμοιον
2478 4136 2601 4205 ἡμῖν
2645 4152 2656 4164 ·
2704 4131 2777 4187 δι’
2824 4137 2960 4207 ἡμᾶς
3010 4135 3174 4195 οὕτως
3234 4135 3412 4206 ἐφάνη,
3455 4140 3513 4185 οὐ
3563 4129 3635 4185 δι’
3677 4132 3877 4189 ἑαυτὸν.

512 4212 573 4297 se
606 4199 824 4268 ipsum.
840 4203 1161 4297 Perpende,
1177 4210 1411 4286 eajhora
1430 4232 1553 4288 qua
1575 4199 1948 4280 clamabant}
1965 4199 2150 4285 Crimi-

2271 4223 2547 4282 Ἐννόησον
2602 4226 2649 4276 ἐν
2795 4226 2904 4297 ὥρᾳ
2943 4224 3182 4297 ἔκραζον,
3233 4225 3632 4295 Σταύρωσον,
3693 4227 3878 4275 σταύ-

510 4285 643 4354 ﬁge,
682 4293 961 4388 cruci/ipe
1013 4312 1144 4354 eum
1201 4285 1270 4368 δεῖ,
1306 4320 1377 4359 ac
1425 4285 1682 4378 populus
1739 4316 2148 4384 concurrebat,

2267 4332 2477 4388 ρωσον
2538 4313 2749 4378 αὐτὸν,
2782 4318 2865 4364 xui
2897 4312 3104 4385 όὸχλος
3133 4316 3449 4384 συνήρχετο,
3500 4320 3610 4373 πῶς
3643 4308 3705 4370 ἧν
3732 4331 3874 4365 τετα-

515 4387 701 4477 quam
727 4377 1073 4440 humiliatus
1096 4395 1217 4446 erat
1245 4408 1368 4462 prie
1388 4377 1671 4452 omnibus
1696 4399 1723 4453 ?
1752 4377 2153 4466 Quemadmo;

2269 4407 2573 4475 πεινωμένος
2618 4406 2760 4477 παρα
2836 4404 3058 4464 πάντας.
3120 4401 3319 4477 Ὠσπερ
3372 4400 3419 4453 ἐν
3464 4409 3571 4463 τοῖς
3629 4406 3870 4473 φαινομέ-

511 4461 657 4518 dum
679 4469 738 4520 in
763 4470 941 4526 rebus
968 4461 1432 4548 aspectabilibus
1457 4484 1504 4538 si
1543 4488 1678 4557 quis
1711 4461 1791 4544 sit
1822 4491 2149 4563 improbus,

2222 4478 2390 4559 ⁵νοις,
2433 4492 2515 4544 ἐὰν
2557 4488 2915 4565 ᾖκακοποιὸς,
2981 4496 3071 4544 xui
3103 4491 3233 4562 λάϐῃ
3279 4489 3538 4563 ἀπόφασιν
3588 4493 3726 4566 παρά
3776 4498 3860 4541 τοῦ

510 4559 834 4651 postquam
879 4567 1171 4636 acceperit
1211 4572 1563 4629 sententiam
1596 4592 1631 4631 a
1676 4559 2051 4648 magistratu,
2077 4559 2148 4640 ab

2264 4559 2571 4655 ai'pxovrog,'
2620 4581 2797 4633 λοιπὸν
2856 4584 2953 4633 υπὸ
3008 4588 3098 4633 τοῦ
3175 4577 3349 4653 δήμου
3410 4578 3527 4632 ὅλου
3589 4577 3856 4652 βδελυκτός

510 4655 611 4695 uni
623 4659 789 4701 verso
804 4651 1026 4721 populo
1042 4660 1797 4733 exsecrationijdevovetur,
1811 4685 1879 4724 ac
1893 4676 2148 4730 contem-

2265 4672 2378 4723 ἐστι
2423 4676 2512 4723 καὶ
2571 4667 2997 4743 ἑξουδενωμένος,
3058 4670 3239 4732 Ούτως
3269 4671 3294 4721 ὁ
3344 4672 3531 4742 Κύριος
3572 4672 3619 4721 ἓν
3658 4676 3713 4740 τῇ
3754 4670 3860 4739 ὥρᾳ

509 4732 634 4799 ptui
685 4734 957 4805 habetur,
991 4742 1074 4798 sic
1129 4762 1371 4819 quoque
1415 4732 1697 4809 Dominus
1745 4756 1895 4813 hora
1939 4762 2147 4829 crucis,

2264 4768 2353 4812 τοῦ
2420 4769 2645 4834 σταυροῦ
2680 4777 2691 4789 ·
2780 4732 2848 4821 ὡς
2930 4761 3197 4832 ἄνθρωπος
3260 4758 3452 4831 μελλων
3525 4757 3863 4817 ἀποθνήσκειν

508 4820 800 4891 tanquam
830 4825 1015 4884 homo
1059 4834 1237 4891 vitam
1264 4852 1400 4893 cum
1432 4848 1621 4898 morte
1651 4853 2146 4917 commulaturus,

2263 4848 2724 4920 κατευτελισμένος
2761 4845 2819 4907 ἦν
2852 4850 2950 4901 ὑπὸ
2992 4857 3090 4900 τών
3139 4852 3457 4920 Φαρισαίων.
3486 4847 3609 4899 Ὀτε
3635 4843 3695 4899 δὲ
3718 4846 3868 4899 πάλιν

508 4906 984 4977 vilipendebatur
1022 4936 1056 4974 a
1096 4923 1425 4982 Pharisaeis.
1460 4932 1712 4995 Quando
1756 4950 1962 4992 rursus
2016 4955 2146 4995 con-

2263 4939 2542 4990 ἐνέπτυσαν
2571 4938 2640 4998 εἰς
2689 4941 2746 4990 τὸ
2800 4942 3081 5011 πρόσωπον
3113 4935 3295 5003 αὐτοῦ,
3331 4943 3420 4989 καὶ
3451 4935 3703 4994 ἐπέθηκαν
3733 4936 3869 5007 αύτῷ

506 5008 796 5069 spuerunt
834 5003 889 5058 in
925 5009 1146 5067 vultum
1171 5013 1317 5084 ejus,
1344 5022 1399 5071 et
1424 5018 1842 5091 imposuerunt
1872 5026 1922 5079 ei
1955 5042 2144 5083 corco-

2264 5025 2533 5079 ἀκάνθινον
2560 5032 2827 5099 στέφανον,
2842 5033 2931 5079 καὶ
2954 5026 3238 5101 ἐῤῥάπισαν
3262 5026 3438 5090 αὐτὸν,
3457 5030 3609 5078 ποίαν
3627 5026 3733 5097 οὐχ
3754 5026 3872 5078 ὑπε-

502 5103 647 5144 nam
680 5092 976 5162 spineam,
1007 5105 1063 5154 et
1090 5100 1362 5173 colaphis
1393 5122 1531 5163 eum
1571 5113 1929 5182 ceciderunt,
1963 5132 2140 5187 quam

2260 5114 2383 5189 ρέϐη
2414 5120 2722 5168 ταπείνωσιν
2753 5116 2765 5171 !
2797 5120 3089 5188 Γέγραπται
3119 5117 3242 5187 γὰρ,
3277 5116 3357 5167 ὅτι
3382 5118 3497 5167 Τὸν
3527 5119 3719 5165 νῶτόν
3750 5134 3869 5187 μου

502 5193 623 5233 non
646 5196 1167 5252 supergressusest
1190 5191 1590 5253 humilitatem
1615 5198 1641 5252 ?
1665 5201 1960 5274 Scriptum
1990 5206 2140 5262 enim

2265 5201 2521 5257 δέδωκα
2586 5205 2670 5265 εἰς
2721 5208 3209 5278 μάστιγας,καὶ
3252 5207 3318 5256 τὸ
3377 5208 3721 5276 πρόσωπόν
3750 5224 3869 5277 μου

501 5273 587 5321 est
615 5286 626 5317 :
661 5271 911 5329 Dorsum
944 5292 1131 5335 meum
1163 5280 1305 5337 dedi
1316 5271 1808 5359 ﬂagellantibus,
1823 5308 1930 5348 nec
1956 5302 2139 5352 averti

2260 5293 2369 5346 ούκ
2405 5293 2790 5367 ἀπεστράφη
2836 5293 2953 5347 ἀπὸ
2996 5294 3330 5368 αἰσχύνης
3369 5295 3864 5365 ἑμπτυσμάτων,

494 5358 559 5427 fa
567 5358 710 5414 ciem
742 5376 933 5418 meam
949 5380 984 5421 a
999 5370 1370 5437 turpitudine
1382 5382 1958 5445 conspuentium,nec
1969 5400 2132 5453 gena:

2259 5388 2369 5436 xui
2435 5387 2545 5445 τὰς
2622 5389 2935 5455 σιαγόνας
3001 5404 3119 5457 μου
3208 5385 3323 5436 ἀπὸ
3402 5383 3865 5458 ῥαπισμάτων.

501 5462 657 5503 meas
687 5464 723 5504 a
752 5454 1216 5518 percutz'enlibus
1238 5463 1303 5515 οδ.
1335 5463 1504 5529 Quod
1537 5466 1585 5521 si
1617 5470 1769 5523 Deus
1795 5475 1989 5527 tantas
2010 5488 2139 5528 con-

2260 5473 2317 5527 Εἰ
2361 5470 2419 5525 δὲ
2470 5474 2495 5525 ὁ
2545 5476 2673 5534 Θεὸς
2722 5454 2792 5537 εἰς
2832 5454 3089 5535 τοσαύτας
3160 5473 3352 5549 ὕϐρεις,
3408 5477 3495 5524 καὶ
3544 5475 3707 5535 πάθη,
3767 5477 3861 5525 xui

500 5538 795 5608 tumelias,
829 5544 1175 5613 passionem
1201 5565 1271 5606 ac
1290 5550 1686 5613 humilitatem
1711 5557 1909 5629 subiit,
1935 5565 2017 5627 tu,
2043 5563 2138 5636 qui

2255 5566 2566 5615 ταπείνωσιν
2615 5562 2859 5627 κατῆλθε,
2909 5565 2973 5617 σύ
3028 5564 3053 5614 ὸ
3104 5565 3255 5636 φύσει
3312 5558 3563 5636 βόρϐορος
3626 5565 3716 5613 xui
3772 5564 3864 5632 φύ-

575 5664 620 5696 ⁶³
654 5665 791 5721 Gen.
833 5684 990 5738 xvm,
1023 5675 1109 5728 27.
1192 5677 1237 5710 δι
1259 5675 1473 5733 Psalm.
1508 5695 1627 5745 xxx,
1658 5686 1711 5735 7.
1790 5683 1836 5719 6⁵
1869 5684 2006 5740 Luc.
2039 5702 2197 5752 mu.

1192 5677 1237 5710 5‘
1259 5675 1473 5733 Psalm.
1508 5695 1627 5745 xxx,
1658 5686 1711 5735 7.
1790 5683 1836 5719 6⁵
1869 5684 2006 5740 Luc.
2039 5702 2197 5752 mu,
2226 5688 2315 5741 21.
2394 5689 2441 5723 ⁸⁸
2473 5688 2584 5744 lsa.
2619 5703 2671 5753 L,
2701 5693 2760 5745 6.
