4148 6262
306 269 409 325 693

1568 265 1909 321 HOMlLl/E.
1950 296 2017 309 --
2059 267 2231 324 HOM.
2267 269 2490 325 XXVII.

3563 259 3671 316 694

310 413 435 455 σεως
488 396 692 459 θνητῆς,
749 393 851 445 ὅσα
900 392 960 444 ἂν
1016 395 1356 466 ταπεινωθῇς,
1412 389 1563 445 ούδεν
1609 393 1784 464 ὅμοιον
1834 389 1905 464 τῷ

2052 400 2235 451 natura
2263 396 2439 452 limus
2461 412 2543 461 es,
2573 400 2630 450 et
2653 394 2915 451 mortalis
2942 396 3191 457 naturae,
3222 394 3669 462 quantumcun-

309 488 536 556 Δεσπότη
593 502 687 535 σου
740 486 995 543 ποιήσεις.
1028 481 1085 535 Ὀ
1135 486 1266 545 Θεὸς
1310 479 1405 535 διὰ
1457 485 1514 534 σε
1560 482 1739 534 ἑαυτὸν
1791 483 1910 533 ἑτα-

306 575 546 639 πείνωσε,
602 576 691 623 καὶ
748 575 812 624 σύ
867 568 961 623 διὰ
1017 575 1233 623 σεαυτόν
1285 576 1342 624 ού
1387 579 1746 636 ταπεινοῦσαι,
1806 569 1912 621 ἀλλ’

308 662 497 735 ἓπαίρῃ
530 666 618 714 καὶ
677 667 937 733 τυφοῦσαι
972 678 983 691 ·
1037 658 1159 718 ἦλθε
1197 664 1299 734 γὰρ
1348 664 1443 723 τὰς
1488 660 1688 731 θλιψεις
1730 664 1819 712 καὶ
1849 662 1914 711 τά

310 750 446 825 βάρη
480 749 674 819 λαϐεῖν,
728 756 818 803 καὶ
870 756 964 809 τὴν
997 752 1158 802 αὑτοῦ
1209 751 1501 803 ἀνάπαυσίν
1549 770 1632 802 σοι
1682 746 1866 802 δοῦναι
1895 766 1910 780 ⁸

308 846 397 893 καὶ
453 845 518 893 σύ
573 840 633 892 ού
685 840 841 900 θέλεις
893 844 1078 900 πόνους
1124 838 1401 912 βαστάσαι
1453 844 1542 891 καὶ
1587 841 1789 904 παθεῖν,
1834 841 1916 890 ἱνα

314 931 444 984 οὕτω
493 925 697 1001 δυνηθῇ
756 948 858 981 σαυ
907 932 974 981 τά
1006 932 1285 1002 τραύματα
1316 929 1497 989 ἰάσεως
1536 935 1738 1000 τυχεῖν.
1786 928 1918 990 Δόξα

309 1027 372 1092 τῇ
432 1018 599 1091 ἀνοχῇ
654 1023 742 1071 καὶ
785 1020 1129 1092 μακροθυμίᾳ
1178 1019 1359 1084 αὐτοῦ,
1413 1019 1482 1079 εἰς
1530 1022 1649 1080 τοὺς
1702 1017 1913 1079 αἰῶνας.

325 1110 510 1182 Ἀμήν.

913 1284 1158 1336 ΟΜΙΛΙΑ
1204 1281 1323 1334 ΚΖ’.

320 1394 476 1461 Περὶ
528 1398 637 1449 τῆς
675 1387 1023 1461 ἀξιότητος
1063 1394 1189 1461 ’καὶ
1231 1390 1684 1461 στάσεως-τοῦ
1726 1395 1923 1460 Χρισ-

385 1456 609 1531 τίανοῦ
670 1460 1008 1531 ἀνθρώπου
1051 1456 1165 1512 διὰ
1218 1459 1459 1512 πολλῶν
1518 1456 1917 1531 διηγουμένη

391 1529 680 1615 διάτελνεῖ
710 1529 870 1589 αὕτη
914 1533 942 1589 ἡ
984 1531 1230 1603 ὁμιλία,
1272 1533 1346 1592 ὡς
1382 1535 1490 1582 καὶ
1529 1533 1557 1589 ἡ
1600 1529 1923 1605 προηγου-

389 1607 562 1675 μένη.
611 1602 870 1656 Ἔπειτα
907 1608 1052 1675 περὶ
1094 1610 1200 1654 τοῦ
1251 1602 1680 1664 αύτεξουσίου
1720 1602 1923 1656 πανω-

389 1623 562 1675 μενη.
635 1622 870 1656 ιπειτα
907 1623 978 1655 πε
1036 1624 1052 1655 ι
1094 1622 1200 1654 του
1251 1622 1680 1664 αυτεςουσιου
1720 1624 1923 1656 πανω-

389 1676 619 1747 φέλιμα
656 1675 855 1727 πολλὰ
894 1622 1233 1739 διδάσκει,
1278 1673 1692 1746 ἀναμιγνῦσα
1734 1679 1923 1737 ζητή-

391 1746 745 1808 σειςτινὰς
786 1749 957 1806 Θείας
999 1751 1233 1817 σοφίας
1269 1746 1467 1820 πλήρε
1491 1766 1565 1808 ις.

388 1850 470 1906 Α’.
508 1853 671 1903 Γνώθί
725 1869 818 1903 σου
874 1856 968 1909 τὴν
1019 1851 1290 1921 εὐγένειαν,
1325 1849 1364 1903 ὦ
1414 1853 1671 1926 ἄνθρωπε,
1729 1858 1818 1905 καὶ
1869 1856 1927 1905 τὸ

320 1938 526 2011 ἀξίωμα
582 1957 594 1969 °
654 1959 763 1999 πως
818 1944 987 2010 τίμιος
1048 1936 1110 2005 εἶ,
1176 1936 1399 2011 ἁδελφός
1451 1948 1708 2014 Χριστοῦ,
1791 1941 1929 2013 φῦιος

319 2027 599 2101 βασιλέως,
654 2031 825 2101 νύμφη
887 2034 979 2080 τοῦ
1035 2027 1348 2103 ἐπουρανίου
1406 2035 1668 2101 Νυμφίου.
1713 2030 1771 2083 Ὁ
1826 2033 1927 2104 γὰρ

323 2118 565 2180 δυνηθεὶς
618 2119 895 2188 ἓπιγνῶναι
951 2121 1009 2169 τό
1072 2116 1278 2191 ἀξίωμα
1339 2126 1431 2179 τῆς
1483 2119 1667 2171 ἑαυτοῦ
1724 2119 1927 2191 ψυχῆς,

327 2207 478 2269 οὗτος
503 2204 723 2259 δύναται
771 2206 1049 2278 ἐπιγνῶναι
1084 2212 1176 2265 τὴν
1229 2203 1474 2279 δύναμιν,
1508 2214 1597 2261 καὶ
1627 2211 1693 2260 τά
1720 2214 1930 2280 μυστή-

322 2315 414 2368 ρια
465 2304 559 2357 τῆς
620 2297 884 2361 θεότητος,
938 2301 1027 2348 καὶ
1084 2294 1276 2368 μᾶλλον
1334 2299 1559 2351 ἐντεῦθεν
1609 2300 1933 2358 ταπεινωθῆ-

326 2404 411 2436 ναι
444 2403 455 2414 ·
519 2381 700 2443 ἐπειδὴ
765 2381 856 2437 διὰ
931 2380 1205 2457 δυνάμεως
1264 2393 1421 2450 Θεοῦ,
1477 2385 1653 2458 βλέπει
1710 2407 1790 2448 τις
1839 2392 1931 2446 τὴν

319 2482 519 2526 πτῶσιν
573 2473 775 2525 ἑαυτοῦ.
833 2472 975 2527 Ἀλλ’
1008 2480 1062 2524 δν
1106 2478 1293 2547 τρόπον
1327 2475 1483 2536 αύτός
1535 2471 1629 2527 διὰ
1678 2477 1932 2548 παθημά-

326 2583 425 2615 των
482 2568 572 2615 καὶ
632 2571 863 2635 σταυροῦ
939 2562 1192 2636 παρῆλθε,
1266 2569 1352 2615 καὶ
1418 2564 1583 2625 οὕτως
1645 2562 1929 2633 ἐδοξάσθη,

325 2658 411 2705 καὶ
462 2654 703 2705 ἓκαθισεν
749 2654 797 2704 ἓν
851 2648 1001 2722 δεξιᾷ
1046 2660 1138 2704 τοῦ
1193 2658 1397 2728 Πατρός
1428 2671 1441 2684 ο
1496 2659 1586 2706 καὶ
1634 2654 1769 2706 ούτω
1820 2660 1928 2729 χρὴ

321 2745 410 2794 καὶ
470 2743 527 2794 σε
586 2742 901 2813 συμπαθεῖν,
954 2746 1045 2793 καὶ
1106 2744 1571 2815 συσταυρωθῆναι,
1630 2748 1716 2796 καὶ
1776 2746 1934 2806 οὕτως

325 2829 569 2895 ἀνελθεῖν,
623 2835 713 2882 καὶ
772 2832 1118 2901 συγκαθίσαι,
1186 2836 1275 2883 καὶ
1330 2834 1658 2904 συναφθῆναι
1708 2843 1780 2904 τῷ
1830 2841 1933 2886 σώ-

324 2939 458 2992 μασι
520 2926 614 2972 τοῦ
672 2927 931 2993 Χριστοῦ,
1006 2924 1093 2971 καὶ
1147 2922 1368 2973 πάντοτε
1426 2920 1828 2992 συμϐασιλεύειν
1889 2923 1935 2982 ἐν

326 3008 497 3079 ἒκείνῳ
526 3016 598 3078 τῷ
658 3007 826 3072 αἰῶνι,
880 3010 1017 3080 εἴπερ
1072 3013 1482 3081 συμπάσχομεν,
1548 3011 1630 3061 ἱνα
1677 3016 1766 3063 καὶ
1817 3031 1936 3063 συν-

332 3094 366 3147 δ
370 3096 692 3167 οξασθῶμεν.

401 3183 468 3235 Β’.
503 3183 660 3235 Ὅσοι
712 3185 812 3257 γὰρ
846 3180 1117 3240 δυνηθῶσι
1156 3186 1523 3255 περιγενέσθαι
1552 3190 1641 3239 καὶ
1670 3188 1937 3261 παρελθεῖν

328 3274 454 3331 τούς
510 3274 759 3343 θριγκούς
786 3280 879 3331 τῆς
928 3276 1136 3335 κακίας,
1180 3272 1511 3345 εἰσέρχονται
1540 3274 1609 3337 εἰς
1661 3281 1754 3334 την
1784 3280 1939 3329 ἐπου-

328 3361 503 3431 ράνιον
568 3359 739 3425 πόλιν,
802 3364 895 3417 τὴν
978 3360 1379 3433 εἰρηγευομένην
1432 3368 1521 3415 καὶ
1572 3370 1763 3435 μεστὴν
1815 3366 1939 3417 πολ-

332 3448 429 3500 λῶν
487 3447 718 3520 ἀγαθῶν,
767 3451 895 3501 ὅπου
953 3452 1019 3502 τὰ
1064 3452 1334 3521 πνεύματα
1385 3460 1484 3503 τῶν
1552 3449 1770 3505 δικαίων
1822 3453 1941 3507 ἀνα-

325 3540 601 3591 παύονται.
663 3545 747 3590 Δεῖ
789 3534 875 3590 ούν
925 3540 1050 3612 ὑπὲρ
1083 3542 1274 3591 τούτου
1314 3541 1547 3612 μεγάλως
1594 3550 1822 3601 πονῆσαι
1851 3550 1940 3598 καὶ

331 3625 698 3699 ἀγωνίσασθαι
731 3644 744 3657 ⁶
779 3627 837 3679 ού
889 3630 989 3701 γάρ
1024 3632 1137 3681 ἔστι
1188 3626 1398 3682 δίκαιον
1444 3634 1532 3682 τὸν
1580 3637 1814 3704 Νυμφίον
1848 3630 1941 3686 διὰ

331 3720 387 3770 σε
443 3715 650 3770 ἐλθόντα
702 3719 885 3769 παθεῖν
936 3722 1025 3769 καὶ
1089 3722 1476 3794 σταυρωθῆναι,
1528 3727 1615 3773 καὶ
1672 3727 1765 3780 τὴν
1817 3725 1942 3795 νύμ..

332 3825 448 3877 φην,
487 3803 561 3858 δι’
608 3805 668 3864 ἣν
720 3807 746 3857 ό
778 3810 1013 3879 Νυμφίος
1064 3812 1390 3879 παρεγένετο,
1441 3815 1530 3862 καὶ
1573 3816 1940 3883 καυχουμένην

337 3891 467 3946 εἶναι
496 3902 585 3946 καὶ
634 3894 921 3967 ῥέμϐεσθαι
950 3913 963 3926 ’
998 3898 1171 3967 ὥσπερ
1220 3899 1321 3971 γὰρ
1355 3900 1401 3949 ἐν
1454 3906 1564 3960 τοῖς
1594 3906 1938 3971 φαινομένοις,

338 3980 422 4033 ἰὰν
462 3979 490 4051 ᾗ
536 4002 613 4041 τις
655 3988 840 4054 πόρνη,
882 3989 1044 4035 πᾶσιν
1075 3981 1392 4036 ἐπιδίδωσιν
1424 3986 1609 4044 ἑαυτὴν
1650 3987 1880 4049 ἀτάκτως
1921 4004 1933 4016 ·

340 4070 473 4121 ούτω
504 4074 593 4121 καὶ
647 4072 676 4128 ἡ
710 4070 864 4141 ψυχὴ
902 4076 1055 4124 παντὶ
1104 4069 1416 4125 ἐπιδέδωκεν
1466 4074 1652 4133 ἑαυτὴν
1702 4074 1937 4148 δαίμονι,

340 4164 428 4210 καὶ
460 4160 723 4231 φθείρεται
761 4160 862 4211 ὑπὸ
917 4167 1016 4211 τῶν
1046 4164 1369 4232 πνευμάτων.
1421 4162 1539 4216 Εἰσὶ
1576 4168 1676 4236 γὰρ
1717 4168 1765 4216 οὶ
1795 4168 1943 4237 ἕχον-

337 4267 414 4309 τες
471 4253 566 4307 τὴν
611 4248 891 4323 ἁμαρτίαν,
938 4254 1027 4301 καὶ
1080 4253 1137 4302 τὸ
1186 4254 1346 4302 κακὸν
1396 4254 1531 4304 κατὰ
1587 4259 1889 4327 προαίρεσιν
1924 4274 1938 4287 ·

337 4340 470 4399 τινὲς
525 4334 582 4390 δὲ
638 4340 783 4412 παρὰ
809 4342 1133 4413 προαίρεσιν.
1183 4340 1287 4395 Καὶ
1313 4344 1365 4392 τί
1395 4343 1509 4393 ἐστι
1537 4350 1706 4395 ταῦτα
1733 4363 1746 4408 ;
1779 4346 1827 4396 οἰ
1852 4346 1941 4417 μεν

2023 502 2140 556 que
2157 486 2502 541 humiliatus
2523 487 2722 551 fueris,
2750 486 2911 549 nihil,
2945 482 3108 555 quod
3131 498 3268 537 cum
3290 478 3541 534 Domino
3566 484 3665 531 tuo

2025 576 2502 645 comparandum
2524 577 2615 643 sit,
2641 575 2866 630 feceris.
2891 576 3039 628 Deus
3065 572 3146 626 tui
3170 569 3361 640 gratia
3384 583 3445 622 se
3469 567 3667 635 ipsum

2021 664 2377 730 humiliavit,
2413 673 2472 718 tu
2502 681 2643 719 vero
2671 665 2755 719 tui
2790 662 2977 732 gratia
3008 677 3127 716 non
3168 657 3427 714 demittis
3458 660 3533 719 te,
3565 652 3670 708 sed

2025 753 2320 809 extolleris
2353 760 2530 825 atque
2558 753 2887 808 insolescis.
2921 750 3087 805 Venit
3116 749 3298 812 enim,
3322 752 3382 801 ut
3406 743 3672 799 afﬂictio-

2028 859 2132 897 nes
2180 849 2236 897 et
2277 858 2460 898 onera
2504 848 2606 898 tua
2634 841 2874 905 tolleret,
2916 856 2985 896 ac
3034 837 3304 909 requiem
3345 850 3515 889 suam
3568 830 3672 887 tibi

2028 931 2318 987 conferret
2352 949 2363 984 :
2394 937 2455 987 tu
2486 948 2625 987 vero
2650 931 2887 987 labores
2920 927 3164 983 sufferre
3191 942 3260 981 ac
3299 923 3421 995 pati
3453 921 3673 987 renuis,

2028 1037 2150 1093 quo
2168 1021 2398 1093 possint
2414 1022 2527 1077 hoc
2548 1027 2722 1092 pacto
2740 1025 2841 1074 tua
2860 1018 3108 1073 vulnera
3126 1014 3440 1070 sanitatem
3468 1023 3677 1065 conse-

2030 1111 2155 1182 qui.
2190 1110 2386 1165 Gloria
2417 1110 2488 1165 sit
2519 1108 2819 1179 patientiaa
2845 1111 2900 1161 et
2929 1103 3368 1173 longanimitati
3400 1099 3591 1170 ipsius
3617 1096 3677 1151 in

2033 1199 2271 1255 saecula.
2305 1201 2512 1253 Amen.

2590 1286 2876 1343 HOMILIA
2920 1283 3119 1337 XXVII.

2037 1397 2387 1466 Dignitatem
2404 1401 2455 1451 et
2470 1402 2680 1466 statum
2694 1391 3025 1466 Christiani
3039 1387 3285 1443 hominis
3300 1384 3533 1453 copiosa
3548 1396 3680 1466 ora-

2107 1453 2647 1538 ?z'oneproseqm’tur
2661 1463 3352 1538 haee_homilia,_ute1q_uw
3364 1453 3671 1538 praecedit.

2104 1525 2327 1597 Deinde
2355 1542 2427 1596 de
2453 1525 2639 1594 libero
2665 1534 2917 1591 arbitrio
2947 1534 3141 1606 multa
3168 1525 3479 1606 utilissima
3508 1525 3677 1606 docet

2104 1613 2400 1680 permistis
2414 1607 2832 1682 quaestionibus
2845 1604 3200 1676 quibusdam
3219 1602 3423 1657 divina
3442 1602 3681 1666 sapien-

2109 1687 2192 1740 tia
2218 1686 2435 1754 plenis.

2108 1863 2426 1931 1.Agnosce
2439 1856 2807 1913 nobilitatem
2823 1859 2985 1909 tuam
2999 1895 3011 1918 ,
3028 1852 3279 1917 ohomo,
3296 1853 3584 1920 tuamque
3598 1844 3682 1899 di-

2039 1952 2353 2024 gnitatem:
2377 1963 2561 2020 quam
2576 1946 2872 2018 pretiosus
2889 1942 2988 2007 sis,
3012 1942 3188 1996 frater
3202 1937 3432 2001 Christi,
3453 1934 3685 1991 amicus

2037 2041 2214 2111 regis,
2241 2053 2464 2111 sponsa
2488 2033 2704 2107 Sponsi
2727 2032 2999 2089 caelestis.
3026 2030 3372 2100 Quicunque
3399 2026 3557 2081 enim
3585 2039 3689 2093 po-

2043 2110 2217 2185 tuerit
2269 2110 2630 2198 cognoscere
2683 2121 3033 2193 dignitatem
3100 2118 3318 2173 animae
3373 2130 3518 2177 suae,
3591 2110 3685 2166 ille

2044 2219 2629 2293 poteritcognoscere
2641 2213 2967 2286 potentiam
2984 2216 3039 2265 et
3053 2208 3327 2281 mysteria
3340 2202 3685 2267 divinitatis;

2043 2292 2311 2383 quinimo
2355 2306 2494 2363 inde
2537 2303 2837 2359 humiliari
2891 2300 3145 2371 poterit:
3189 2292 3687 2369 quandoquidem

2042 2398 2332 2454 beneﬁcio
2347 2395 2572 2449 virtutis
2587 2393 2796 2447 divinae
2814 2390 3029 2461 aliquis
3057 2404 3232 2443 suum
3247 2385 3432 2457 ipsius
3447 2383 3686 2453 lapsum

2042 2490 2322 2544 intuetur.
2354 2487 2638 2541 Caeterum
2668 2497 2788 2553 quo
2821 2484 2994 2550 pacto
3022 2479 3147 2548 ipse
3169 2491 3275 2546 per
3304 2472 3610 2544 passiones
3637 2473 3692 2522 et

2044 2592 2279 2633 crucem
2318 2574 2566 2637 transiit,
2600 2577 2655 2626 et
2692 2572 2772 2625 ita
2802 2568 3166 2640 gloriﬁcatus
3206 2569 3293 2619 est
3328 2579 3396 2617 ac
3424 2559 3575 2615 sedit
3613 2556 3691 2611 ad

2046 2667 2313 2721 dextram
2335 2662 2554 2729 Patris;
2576 2661 2660 2715 sic
2685 2673 2925 2732 quoque
2941 2662 2992 2711 te
3022 2652 3282 2726 compati
3309 2664 3556 2706 necesse
3583 2651 3686 2710 est,

2054 2755 2223 2827 103
2260 2753 2555 2824 simulque
2587 2747 2875 2817 cruciﬁgi,
2909 2751 2967 2801 et
2996 2746 3079 2800 sic
3105 2756 3417 2811 resurgere
3448 2757 3458 2793 :
3493 2742 3550 2793 et
3576 2750 3694 2791 una

2049 2823 2254 2899 s—edere
2280 2848 2335 2896 et
2362 2823 2646 2909 conjungi
2678 2837 2911 2908 corpori
2945 2833 3168 2895 Christi,
3205 2836 3260 2885 et
3301 2832 3585 2902 perpetuo
3614 2823 3693 2879 si-

2049 2932 2173 2987 mul
2214 2945 2461 2999 regnare
2502 2928 2561 2981 in
2603 2927 2700 2981 illo
2736 2923 2972 2988 saeculo,
3016 2921 3300 2993 siquidem
3343 2918 3523 2972 simul
3561 2928 3692 2969 cum

2049 3038 2111 3078 eo
2131 3021 2418 3091 patimur,
2448 3022 2578 3072 utet
2605 3029 2723 3070 una
2747 3030 2880 3069 cum
2896 3012 3004 3067 illo
3028 3006 3515 3080 gloriﬁcemur".

2119 3195 2186 3249 Il.
2229 3193 2579 3263 Quicunque
2629 3189 2785 3245 enim
2828 3201 3110 3258 superare
3151 3200 3219 3239 ac
3262 3181 3555 3238 transilire
3594 3194 3698 3251 po-

2051 3284 2267 3341 tuerint
2296 3288 2467 3354 septa
2509 3279 2807 3351 nequitire,
2838 3275 3251 3345 ingrediuntur
3290 3272 3350 3327 in
3395 3270 3695 3326 caelestem

2051 3373 2367 3435 civitatem,
2412 3369 2573 3440 pacis
2612 3383 2682 3421 ac
2722 3365 3043 3420 multorum
3091 3364 3388 3417 bonorum
3433 3358 3697 3430 plenam,

2051 3462 2153 3516 ubi
2177 3461 2421 3532 spiritus
2445 3459 2744 3528 justorum
2762 3456 3163 3526 requiescunt.
3190 3454 3378 3523 Super
3391 3450 3503 3503 hoc
3524 3447 3701 3516 igitur

2052 3564 2310 3607 mamme
2341 3546 2742 3604 laborandum
2775 3561 2845 3599 ac
2875 3541 3303 3598 decertandum
3338 3556 3351 3594 :
3396 3537 3693 3609 siquidem

2049 3655 2171 3695 non
2207 3644 2293 3694 est
2334 3653 2595 3708 aequum,
2642 3636 2941 3707 Sponsum
2984 3632 3064 3687 tui
3106 3630 3298 3700 gratia
3336 3628 3694 3689 venientem,

2049 3744 2296 3801 passum
2314 3742 2382 3782 ac
2409 3724 2933 3787 cruciﬁxumesse;
2960 3736 3246 3792 sponsam
3273 3733 3435 3782 vero,
3461 3721 3701 3789 propter

2050 3833 2236 3891 quam
2279 3817 2544 3886 Sponsus
2575 3814 2752 3877 venit,
2793 3812 2852 3865 in
2888 3809 3131 3865 mollitie
3166 3807 3388 3861 versari
3421 3811 3474 3859 et
3518 3803 3702 3873 negli-

2052 3907 2248 3975 gentia
2270 3904 2541 3959 distrahi.
2568 3899 3095 3967 Quemadmodum
3119 3896 3276 3952 enim
3295 3896 3354 3949 in
3368 3894 3548 3949 rebus
3564 3908 3701 3948 ocu-

2050 3993 2245 4049 lorum
2272 3992 2415 4047 aciei
2438 3989 2742 4059 subjectis,
2766 3989 2901 4042 sisit
2925 3986 3201 4041 meretrix
3215 3984 3538 4055 quaepiam,
3561 3996 3697 4052 quae

2053 4081 2332 4137 omnibus
2370 4096 2431 4135 se
2472 4080 2665 4149 ipsam
2706 4078 2954 4148 turpiter
2993 4075 3329 4146 prostituat,
3375 4073 3456 4125 sic
3492 4077 3549 4125 et
3583 4069 3706 4125 ani-

2053 4186 2173 4235 ma,
2204 4169 2615 4239 cuicunquese
2644 4166 2884 4221 tradidit
2906 4162 3190 4228 daamoni,
3220 4168 3273 4217 et
3298 4159 3700 4230 corrumpitur

2052 4276 2088 4316 θ.
2136 4258 2462 4329 spiritibus.
2523 4260 2643 4311 Non
2693 4256 2911 4310 desunt
2968 4253 3154 4318 enim,
3201 4251 3303 4322 qui
3353 4253 3600 4322 peccato
3649 4253 3704 4303 et

2056 4347 2297 4402 malitiae
2339 4344 2580 4402 obnoxii
2615 4349 2753 4399 sunt
2790 4360 2858 4398 ex
2897 4341 3224 4414 proposito,
3269 4340 3519 4410 quidam
3561 4352 3703 4391 vero

337 4429 473 4479 κατά
525 4432 831 4501 προαίρεσιν
879 4430 1089 4499 ἔχοντες
1117 4432 1173 4480 τό
1223 4432 1399 4496 κακὸν,
1435 4431 1579 4484 οὗτοί
1632 4433 1762 4486 εἰσιν
1810 4436 1934 4487 οἰτέ

2054 4442 2268 4508 praeter
2294 4436 2691 4507 propositum.
2716 4432 2864 4498 Quid
2899 4447 3038 4487 vero
3066 4430 3180 4486 sibi
3206 4429 3410 4484 volunt
3432 4428 3543 4482 ista
3564 4427 3592 4482 ?
3621 4428 3700 4480 Ex

340 4517 530 4569 ἑαυτῶν
585 4517 781 4590 θελημα
828 4514 1155 4580 ἐπιδιδόντες
1208 4526 1268 4592 τῇ
1334 4524 1513 4593 κακίᾳ,
1571 4528 1658 4574 καὶ
1719 4521 1942 4582 συνηδό-

341 4625 504 4678 μενοι,
564 4612 652 4659 καὶ
708 4606 1046 4679 φιλιαξοντες,
1104 4608 1248 4661 οὗτοι
1301 4608 1507 4683 εἰρήνην
1565 4613 1756 4682 ἔχουσι
1814 4616 1945 4684 μετά

342 4702 431 4745 τοῦ
458 4701 679 4760 Σατανᾶ,
733 4700 822 4747 καὶ
848 4696 905 4747 ού
949 4705 1164 4749 ποιοῦσι
1214 4698 1430 4771 πόλεμον
1461 4699 1509 4751 ἐν
1541 4708 1644 4761 τοῖς
1670 4700 1942 4773 λογισμοῖς

347 4785 477 4854 μετὰ
528 4790 620 4834 τοῦ
674 4779 936 4837 διοϐόλου.
994 4788 1059 4838 Οἱ
1113 4783 1171 4839 δὲ
1225 4791 1369 4861 παρὰ
1423 4794 1752 4865 προαίρεσιν,
1802 4792 1944 4845 οὗτοι

344 4875 538 4943 ἔχουσι
568 4875 661 4929 τὴν
693 4871 895 4934 ἑαυτοῖς
948 4873 1205 4946 ἁμαρτίαν
1268 4876 1944 4952 ἀντιστρατευομένην

346 4957 403 5011 ἐν
444 4966 577 5022 τοῖς
616 4959 873 5031 μέλεσιν
914 4962 1138 5028 αὐτῶν,
1193 4967 1328 5017 κατὰ
1354 4970 1438 5018 τόν
1473 4968 1809 5022 Ἀπόστολον.
1848 4976 1946 5023 Καὶ

347 5051 488 5102 ἔστιν
541 5051 570 5107 ἠ
627 5046 934 5121 ὁμιχλώδης
984 5046 1222 5123 δύναμις,
1277 5060 1365 5107 καὶ
1408 5059 1463 5107 τὸ
1519 5058 1770 5130 κάλυμμα
1806 5062 1948 5134 παρά

346 5143 672 5212 προαίρεσιν,
719 5143 807 5190 καὶ
862 5138 919 5190 οὗ
968 5148 1333 5212 συμφωνοῦσιν
1386 5143 1434 5195 ἐν
1493 5153 1602 5209 τοῖς
1652 5147 1945 5220 λογισμοῖς,

348 5230 467 5279 οὔτε
521 5225 860 5292 συνήδονται,
919 5228 948 5287 ἦ
1010 5229 1383 5301 ὑπακούουσιν,
1440 5232 1543 5285 ἀλλ’
1600 5235 1944 5307 ἀντιλέγουσι,

349 5321 439 5368 καὶ
484 5315 942 5392 ἀντιπράττουσιν,
1000 5316 1299 5389 ὀργίζονται
1351 5320 1565 5383 ἑαυτοῖς.
1625 5325 1784 5379 Οὗτοι
1821 5326 1950 5378 πολύ

353 5404 458 5457 εἰσι
512 5405 767 5468 καλλίονες
806 5411 894 5459 καὶ
948 5426 1245 5480 τιμιωτεροι
1290 5412 1435 5483 παρά
1475 5419 1608 5483 Θεῷ,
1650 5415 1775 5487 ὑπὲρ
1826 5417 1950 5468 ἐκεί·

429 5631 471 5665 ⁸⁷
503 5632 669 5688 Rom.
700 5648 817 5699 vm,
851 5634 914 5688 17
990 5636 1037 5669 ⁸⁸
1068 5636 1237 5692 Rom.
1271 5637 1367 5707 VlI,
1402 5638 1490 5692 23.

2057 4526 2362 4598 proposito
2409 4524 2656 4594 quidem
2715 4521 2954 4577 malitia:
2994 4520 3238 4575 obnoxii
3285 4522 3422 4572 sunt
3458 4517 3539 4582 hi,
3596 4514 3705 4587 qui

2054 4615 2423 4670 voluntatem
2454 4629 2627 4668 suam
2657 4611 2897 4667 malitias
2931 4609 3322 4673 tradiderunt,
3354 4606 3573 4677 illaque
3603 4605 3703 4659 de-

2054 4702 2269 4769 lectati,
2303 4702 2631 4758 amicitiam
2663 4717 2801 4757 cum
2828 4717 2900 4756 ea
2925 4700 3129 4755 ineunt
3161 4715 3172 4752 :
3215 4694 3562 4766 hujusmodi
3600 4694 3702 4767 qui

2057 4799 2213 4859 sunt,
2246 4808 2455 4864 pacem
2486 4792 2688 4846 colunt
2724 4806 2861 4845 cum
2895 4791 3133 4851 Satana,
3168 4802 3277 4841 nec
3306 4785 3529 4841 bellum
3564 4783 3706 4839 infe-

2057 4888 2195 4938 runt
2235 4879 2713 4949 cogitationibus.
2748 4879 2857 4944 Qui
2886 4892 3023 4932 vero
3060 4881 3277 4947 praeter
3303 4875 3699 4946 propositum,

2057 4971 2116 5026 hi
2142 4970 2367 5026 habent
2390 4970 2637 5040 quidem
2660 4967 2824 5039 apud
2847 4982 2908 5021 se
2935 4972 3248 5036 peccatum
3276 4979 3620 5035 repugnans
3646 4965 3709 5018 in

2059 5059 2332 5116 membris
2372 5061 2654 5123 eorum“,
2698 5057 3032 5113 secundum
3061 5056 3410 5126 Apostolum
3446 5071 3457 5107 :
3502 5059 3708 5125 estque

2059 5149 2354 5205 nebulosa
2380 5148 2467 5202 vis
2494 5154 2548 5203 et
2570 5147 2758 5218 caligo
2786 5154 3000 5217 praeter
3025 5146 3397 5217 propositum
3424 5163 3435 5199 :
3468 5158 3587 5198 non
3622 5149 3706 5198 ta-

2061 5255 2199 5294 men
2231 5237 2610 5293 consentiunt
2638 5237 2695 5291 in
2729 5236 3212 5308 cogitationibus,
3256 5252 3364 5290 nec
3393 5251 3514 5289 una
3545 5233 3711 5288 dele-

2061 5332 2296 5383 ctantur
2314 5334 2416 5383 aut
2444 5326 2883 5397 obtemperant,
2908 5327 3010 5382 sed
3039 5326 3459 5382 contradicunt
3486 5328 3541 5377 et
3570 5336 3708 5375 con-

2063 5415 2396 5482 trafaciunt,
2428 5415 2772 5473 irascuntur
2800 5416 2911 5472 sibi
2944 5417 3054 5488 ipsi
3080 5432 3091 5469 :
3134 5414 3195 5469 hi
3223 5413 3401 5483 longe
3429 5415 3710 5483 prastan-
