4148 6262
488 283 596 337 695
1786 280 1840 333 8.
1886 277 2126 334 MACAH

2228 276 2534 332 EGYPTII
3737 280 3844 335 696

489 411 670 466 tiores
694 425 762 464 ac
785 407 1089 478 digniores
1115 411 1252 462 sunt
1275 405 1435 479 apud
1471 408 1676 472 Deum,
1700 421 1886 477 quam
1909 403 2005 467 illi,
2033 405 2127 475 qui

2246 424 2359 465 νους
2411 408 2530 466 τοὺς
2583 401 2696 478 ἰδίᾳ
2752 409 3055 479 προαιρέσει
3099 407 3156 457 τό
3211 404 3406 477 θελημα
3456 405 3624 457 αὐτῶν
3678 400 3846 456 ἐπιδι-

491 500 566 554 de
587 499 876 554 industria
898 515 967 554 ac
996 499 1268 552 consulto
1297 497 1659 551 voluntatem
1681 511 1856 550 suam
1896 493 2129 549 malitiae

1645 511 1856 550 isuam
1896 493 2137 549 malitiae
2249 491 2431 556 δόντας
2461 502 2523 566 τῇ
2558 501 2735 567 κακίᾳ,
2769 500 2857 547 καὶ
2886 491 3283 567 συνηδομένους.

493 588 884 652 tradiderunt,
919 593 974 642 et
1007 603 1122 641 una
1154 586 1542 641 delectantur.

566 697 654 750 ΙΙΙ.
671 695 1194 760 Quemadmodum
1212 694 1259 747 si
1286 695 1358 748 sit
1382 708 1504 758 rex,
1520 693 1620 764 qui
1655 692 1962 747 inveniens
1978 690 2138 762 puel-

2322 691 2390 744 Γ¹.
2422 698 2620 763 Ὠσπερ
2675 689 2814 763 ἐδινῇ
2851 689 3120 762 βασιλεὺς,
3161 695 3250 742 καὶ
3281 690 3402 761 εύρῃ
3435 690 3688 759 πενιχράν
3733 708 3850 740 τινα

493 784 613 840 lam
629 784 960 856 quamdam
975 798 1321 856 pauperem,
1340 783 1557 852 pannis
1571 781 1850 845 obsitam,
1867 796 1988 835 non
2009 795 2131 834 eru-

2248 784 2405 852 κόρην
2460 782 2595 854 ῥάκη
2655 777 3018 851 ἐνδεδύμένην,
3054 784 3141 830 καὶ
3192 784 3260 851 μὴ
3319 778 3672 849 ἐπαισχυνθῇ,
3723 776 3851 829 ἀλλὰ

493 873 936 937 bescat,ablatis
952 872 1206 928 sordidis
1221 872 1349 942 ejus
1366 869 2131 938 indumentis,nigrediuem

2248 872 2348 944 ἄρῃ
2404 869 2568 932 αὐτῆς
2608 873 2672 922 τὰ
2717 871 2926 944 ῥυπαρὰ
2977 865 3262 940 ἐνδύματα,
3312 874 3397 920 xui
3455 867 3719 939 ἁποπλύνη
3756 872 3849 924 τὴν

495 962 689 1017 eluere
716 977 968 1032 eamque
1005 967 1250 1016 exornet
1292 959 1620 1031 splendidis
1666 959 1949 1028 vestibus,
1994 959 2133 1014 asci-

2245 959 2506 1032 μελανίαν,
2541 965 2623 1010 xui
2681 965 2926 1033 κοσμήσῃ
2965 959 3127 1017 αὐτὴν
3159 955 3422 1030 ἐνδύμασι
3451 957 3724 1030 λαμπροῖς,
3765 961 3857 1008 καὶ

495 1056 737 1121 scatque
766 1067 899 1105 eam
914 1049 1026 1106 sibi
1057 1049 1282 1104 sociam
1299 1049 1474 1118 regis,
1506 1054 1683 1119 atque
1713 1063 1930 1102 mensa
1951 1064 2071 1102 suae
2085 1055 2133 1102 et

2245 1056 2443 1121 ποιήσῃ
2503 1050 2664 1106 αὐτὴν
2717 1053 2955 1101 κοινωνόν
2989 1048 3268 1122 βασιλέως,
3320 1053 3407 1100 καὶ
3453 1056 3543 1107 τῆς
3590 1049 3857 1119 τραπέζης

496 1139 754 1195 convivii
791 1140 1145 1211 participem
1199 1138 1396 1202 faciat,
1436 1138 1517 1191 sic
1568 1153 1810 1209 quoque
1853 1138 2134 1192 Dominus

2246 1139 2428 1204 αὐτοῦ,
2461 1142 2549 1189 καὶ
2600 1146 2690 1198 τῆς
2741 1139 2969 1210 εὐωχίας
3019 1135 3226 1210 μεταδῷ
3257 1137 3387 1209 αὐτῇ
3425 1155 3436 1166 ⁸
3495 1137 3656 1195 οὕτως
3713 1129 3857 1186 καὶὸ

495 1227 743 1283 offendit
769 1229 1035 1284 animam
1066 1227 1436 1282 vulneratam
1470 1242 1539 1280 ac
1571 1241 1938 1297 percussam,
1975 1226 2133 1281 adhi-

2251 1231 2442 1300 Κύριος
2517 1227 2628 1300 εὗρε
2703 1233 2796 1284 τὴν
2892 1227 3077 1298 ψυχὴν
3155 1229 3689 1300 τετραυματισμένην,
3765 1229 3858 1275 καὶ

496 1316 745 1388 buitque
781 1317 831 1370 ei
871 1319 1290 1388 pharmacum,
1332 1319 1388 1369 et
1417 1315 1576 1369 exuit
1607 1330 1739 1369 eam
1784 1315 1925 1369 atris
1962 1315 2134 1369 indu-

2247 1317 2625 1389 πεπληγμένην,
2664 1322 2752 1367 καὶ
2785 1313 2972 1368 ἔδωκεν
3004 1321 3134 1389 αὐτῇ
3169 1318 3461 1388 φάρμακον,
3494 1319 3583 1365 καὶ
3615 1310 3856 1376 ἐξέδυσεν

498 1407 740 1470 mentis,
781 1412 837 1461 et
876 1405 1242 1474 turpitudine
1272 1403 1527 1466 malitiae,
1567 1408 1743 1475 atque
1792 1404 1982 1458 induit
2008 1421 2136 1459 eam

2251 1407 2412 1464 αὐτὴν
2465 1409 2529 1458 τὰ
2558 1406 2752 1477 μέλανα
2799 1402 3081 1477 ἐνδύματα,
3131 1411 3220 1457 καὶ
3250 1411 3341 1463 τὴν
3375 1405 3713 1478 αἰσχρότητα
3761 1412 3859 1462 τῆς

495 1495 864 1550 vestimentis
907 1495 1103 1562 regiis,
1137 1492 1494 1557 caelestibus,
1537 1493 1772 1556 divinis,
1816 1492 2053 1564 fulgidis
2089 1500 2133 1548 el

2251 1501 2455 1560 κακίας,
2533 1500 2622 1548 καὶ
2698 1493 2932 1547 ἐνέδυσεν
3009 1495 3169 1552 αὐτὴν
3249 1491 3517 1565 ἐνδύματα
3577 1492 3853 1564 βασιλικὰ,

498 1582 816 1653 gloriosis:
859 1584 1263 1655 imposuitque
1304 1581 1386 1636 illi
1437 1597 1744 1650 coronam,
1799 1583 2136 1654 sociamque

2253 1585 2555 1660 ἐπουράνια,
2611 1593 2701 1644 τῆς
2757 1587 3018 1650 θεότητος,
3073 1586 3311 1655 φωτεινὰ,
3369 1588 3458 1634 καὶ
3498 1578 3681 1644 ἔνδοξα
3719 1597 3732 1610 ⁶
3769 1585 3860 1632 καὶ

496 1673 801 1727 constituit
828 1674 1004 1743 regiae
1039 1689 1265 1728 mensae
1293 1672 1369 1725 ad
1398 1670 1691 1739 gaudium
1723 1676 1777 1724 et
1803 1671 2134 1726 exsultatio-

2255 1677 2498 1731 ἐπέθηκεν
2551 1670 2681 1746 αὐτῇ
2740 1678 3006 1744 στέφανον,
3061 1678 3148 1725 καὶ
3197 1672 3435 1730 ἐποίησεν
3488 1671 3649 1728 αὐτὴν
3679 1690 3861 1720 κοινω-

498 1777 658 1816 nem.
689 1761 1285 1834 thuemadmodum
1310 1761 1356 1813 si
1383 1761 1453 1813 sit
1475 1759 1702 1825 hortus,
1731 1762 1832 1831 qui
1851 1763 2136 1815 consistus

2217 1760 2338 1816 ινόν
2381 1767 2645 1835 τραπέζης
2700 1761 2984 1834 βασιλικῆς
3034 1762 3105 1821 εἰς
3157 1764 3331 1833 χαρὰν
3376 1766 3466 1812 καὶ
3523 1759 3855 1830 ἀγαλλίασιν.

501 1851 575 1905 sit
615 1851 931 1906 arboribus
964 1850 1276 1906 iructiferis
1320 1849 1583 1920 undique
1615 1849 1766 1904 bene
1806 1849 2102 1904 olentibus
2133 1867 2139 1904 :

2261 1859 2360 1907 Καὶ
2401 1856 2571 1926 ὥσπερ
2628 1849 2771 1924 ἐδινῇ
2820 1848 3158 1925 παράδεισος,
3215 1857 3303 1904 καὶ
3355 1853 3454 1923 ἔχη
3510 1853 3612 1902 ἐκεῖ
3665 1845 3866 1920 δένδρα

506 1940 623 1994 sint
655 1957 898 2012 quoque
939 1941 1016 1994 ibi
1059 1941 1190 1996 loca
1240 1940 1430 1994 multa
1471 1939 1814 1994 amoenitate
1855 1939 2144 2008 jucunda,

2259 1948 2585 2016 καρποφόρα,
2633 1947 2721 1993 καὶ
2769 1940 2860 1992 ὅλα
2894 1938 3088 2006 εὐώδη,
3142 1946 3230 1993 xui
3263 1939 3388 1992 ὦσιν
3437 1939 3541 1992 ἐκεῖ
3564 1944 3713 1991 τόποι
3741 1937 3865 1989 πολ-

500 2028 676 2098 plane
721 2029 973 2100 pulchra
1007 2047 1074 2084 ac
1113 2026 1288 2098 plena
1327 2025 1663 2096 fragrantiae
1705 2033 1760 2081 et
1803 2027 2052 2100 quietis;
2099 2040 2138 2083 e1

2259 2033 2340 2085 λοὶ
2439 2030 2741 2105 ἐπιτερπεῖς,
2842 2029 2948 2081 ὅλοι
3024 2033 3207 2102 ὡραῖοι
3307 2035 3395 2081 καὶ
3470 2029 3867 2102 πεπληρωμένοι

500 2117 848 2189 quicunque
889 2117 1255 2188 ingrediatur
1283 2115 1439 2178 illuc,
1483 2114 1715 2170 laetetur
1751 2123 1808 2170 et
1838 2117 2105 2188 quiescat
2137 2140 2138 2145 η

2263 2118 2481 2180 εὐωδίας
2511 2125 2599 2172 καὶ
2648 2118 2982 2178 ἀναπαύσεως
3019 2135 3030 2146 ·
3080 2124 3168 2170 καὶ
3221 2121 3362 2180 ὅστις
3402 2117 3460 2169 ἆν
3499 2118 3690 2190 ἀπέλθῃ
3736 2117 3864 2181 ἐκεῖ,

503 2206 586 2259 sic
619 2223 679 2261 se
719 2206 944 2262 habent
975 2207 1190 2260 animae
1223 2207 1279 2259 in
1307 2219 1491 2273 regno
1517 2205 1662 2269 hoc;
1708 2211 1844 2258 tota:
1878 2204 2141 2258 fruuntur

2263 2211 2587 2282 εὐφραίνεται
2608 2214 2696 2259 καὶ
2717 2208 3062 2259 ἀναπαύεται·
3085 2209 3245 2270 οὕτως
3273 2213 3505 2279 γίνονται
3536 2211 3588 2259 αἱ
3618 2207 3801 2278 ψυχαὶ
3819 2206 3867 2258 ἐν

503 2294 746 2362 gaudio,
781 2295 978 2350 laetitia
999 2302 1053 2349 et
1076 2311 1252 2366 pace;
1284 2309 1454 2364 reges
1481 2299 1536 2348 et
1561 2293 1789 2348 domini
1819 2299 2027 2347 suntet
2048 2293 2141 2347 dii.

2263 2307 2323 2372 τῇ
2370 2298 2632 2371 βασιλείᾳ,
2679 2297 2790 2349 ὅλαι
2827 2297 2956 2349 εἰσὶν
2996 2296 3043 2348 ἓν
3084 2304 3251 2371 χαρᾷ,
3294 2303 3382 2348 καὶ
3424 2298 3734 2370 εὐφροσύνη,
3769 2301 3860 2347 καὶ

506 2382 804 2454 Scriptum
837 2384 993 2438 enim
1022 2391 1109 2439 est
1145 2400 1155 2437 :
1190 2385 1316 2440 Rex
1355 2383 1759 2453 regnantium,
1792 2388 1844 2438 et
1876 2383 2144 2437 Dominus

2263 2389 2437 2463 εἰρήνη
2469 2409 2479 2419 ·
2517 2387 2756 2460 βασιλεῖς
2786 2392 2875 2438 xui
2926 2390 3099 2460 κύριοί
3145 2387 3248 2439 εἰσι
3280 2393 3366 2439 καὶ
3408 2389 3533 2439 θεοί.
3571 2392 3867 2458 Γέγραπται

509 2472 942 2528 dominantium
963 2474 1029 2526 ‘9.

2261 2481 2381 2550 γὰρ,
2426 2477 2740 2537 Βασιλεύς
2778 2485 2894 2528 τῶν
2937 2474 3437 2549 βασιλευόντων,
3479 2482 3587 2527 xui
3630 2479 3864 2549 Κύριος

2263 2576 2378 2620 τῶν
2418 2571 2869 2639 κυριευόντων.

579 2670 664 2721 ιν.
687 2671 810 2723 Non
831 2683 972 2738 ergo
1000 2669 1467 2724 Christianorum
1500 2668 1692 2723 cultus
1723 2673 1810 2722 est
1838 2667 2150 2739 quippiam

2336 2674 2403 2728 A'.
2442 2674 2550 2726 Οὐκ
2578 2676 2716 2724 ἔστιν
2739 2673 2827 2724 οὖν
2855 2675 2910 2724 τό
2941 2676 3106 2745 τυχόν
3139 2675 3163 2724 ό
3196 2677 3617 2745 Χριστιανισμός
3641 2691 3651 2703 ·
3683 2675 3735 2724 τό
3762 2675 3861 2744 γὰρ

510 2756 753 2825 vulgare
784 2775 796 2811 :
831 2760 1178 2829 mysterium
1211 2758 1370 2812 enim
1403 2758 1516 2813 hoc
1551 2773 1838 2826 magnum
1878 2763 1983 2810 est.
2020 2758 2148 2810 Per-

2264 2769 2554 2835 μυστήριον
2603 2769 2751 2813 τοῦτο
2797 2765 2928 2833 μέγα
2984 2761 3146 2816 ἐστίν.
3201 2763 3482 2831 Ἐπίγνωθι
3532 2758 3736 2815 οὗν,σου
3767 2765 3859 2815 τὴν

507 2847 702 2917 pende
729 2863 866 2918 ergo
901 2847 1266 2904 nobilitatem
1294 2853 1480 2917 tuam,
1506 2847 1670 2919 quod
1702 2848 1778 2902 ad
1812 2848 2036 2917 regiam
2070 2846 2145 2899 di-

2270 2853 2542 2922 εὐγένειαν,
2577 2853 2656 2902 ὅτι
2689 2850 2760 2911 εἰς
2810 2848 3088 2921 βασιλικόν
3144 2849 3350 2921 ἀξίωμα
3399 2849 3632 2913 ἐκλήθης,
3678 2853 3859 2917 γένος

506 2937 791 3006 gnitatem
819 2944 1061 2992 vocatus
1080 2939 1189 2991 sis:
1213 2939 1406 2993 Genus
1429 2939 1697 3002 electum,
1727 2935 2144 2993 sacerdotium.

2267 2940 2584 3004 ἐκλεκτόν,
2641 2942 2985 3013 ἱεράτευμα
3046 2944 3154 2991 καὶ
3209 2940 3383 2999 ἔθνος
3423 2939 3629 3009 ἅγιον·
3673 2940 3850 3011 τόγαρ

511 3033 562 3082 et
585 3041 725 3096 gens
746 3032 950 3082 sancta
969 3026 1030 3080 7°.
1055 3028 1390 3098 Mysterium
1417 3026 1576 3082 enim
1601 3025 2033 3082 Christianismi
2064 3040 2149 3095 pe-

2214 3100 2231 3103 ;
2267 3035 2557 3103 μυστήριον
2597 3037 2686 3081 τοῦ
2730 3034 3157 3102 Χριστιανισμοῡ
3199 3028 3334 3090 ξένον
3378 3027 3492 3080 ἐστὶ
3533 3035 3620 3079 τοῦ
3656 3031 3852 3096 κόσμου

509 3117 813 3186 regrinum
837 3123 924 3171 est
955 3117 1031 3171 ab
1063 3117 1174 3172 hoc
1207 3117 1456 3172 mundo.
1491 3117 1684 3173 Gloria
1724 3117 1880 3186 regis
1910 3115 2147 3189 quidem

2269 3123 2474 3172 τούτου.
2496 3118 2554 3171 Ἠ
2574 3123 2664 3192 μὲν
2687 3122 2962 3190 φαινομένη
2990 3114 3121 3181 δόξα
3143 3126 3230 3170 τοῦ
3255 3115 3528 3190 βασιλέως,
3552 3123 3640 3169 καὶ
3665 3118 3690 3168 ό
3721 3116 3876 3167 πλού-

511 3206 863 3276 conspicua,
893 3222 961 3260 ac
999 3205 1221 3262 divitia:
1262 3211 1499 3262 terrena
1533 3213 1691 3265 sunt.
1729 3205 2149 3277 corruptibilia,

2270 3229 2372 3277 τος,
2405 3210 2608 3278 ἑπίγειά
2639 3207 2770 3272 ἐστι,
2805 3212 2894 3259 καὶ
2917 3209 3136 3279 φθαρτὰ,
3181 3212 3270 3259 καὶ
3301 3212 3672 3280 παρερχόμενα
3705 3223 3714 3233 ·
3749 3205 3877 3257 ἐκεί-

511 3294 674 3349 ﬂuxa
705 3300 760 3349 et
792 3295 1042 3350 caduca.
1092 3298 1361 3366 Regnum
1393 3301 1596 3351 autem
1627 3295 1791 3361 illud,
1821 3302 1875 3351 et
1918 3295 2149 3359 divitiae,

2270 3319 2328 3356 νη
2389 3295 2447 3351 δὲ
2495 3300 2523 3356 ἠ
2569 3297 2834 3369 βασιλείᾳ,
2886 3302 2976 3348 καὶ
3023 3299 3047 3347 ό
3101 3297 3344 3360 πλοῦτος,
3393 3297 3679 3368 πράγματά
3738 3293 3874 3346 ἐστι·

514 3389 653 3437 sunt
684 3399 774 3437 res
809 3384 1041 3447 divinae,
1072 3400 1164 3438 res
1191 3386 1458 3440 ccelestes
1485 3390 1662 3455 atque
1690 3384 1982 3454 gloriosae,
2013 3400 2152 3440 nun-

2273 3390 2403 3451 θεῖα,
2439 3389 2719 3459 πράγματα
2773 3388 3055 3458 ἐπουράνια
3083 3391 3170 3438 καὶ
3201 3383 3405 3450 ἔνδοξα,
3442 3381 3711 3456 μηδέποτε
3743 3402 3876 3454 παρ-

512 3488 700 3543 quam
717 3474 1440 3544 prmieriturmmunquam
1457 3473 1875 3528 dissolvendae.
1896 3477 2150 3543 Regnanl

2273 3483 2530 3549 ερχόμενα
2575 3478 2603 3535 ἣ
2657 3476 2895 3548 λυόμενα.
2940 3475 3389 3546 Συμϐασιλεύουσι
3444 3477 3544 3546 γὰρ
3601 3481 3673 3543 τῷ
3731 3475 3882 3525 ἔπου-

513 3559 672 3614 enim
706 3577 840 3612 cum
870 3560 1090 3614 caelesti
1125 3576 1259 3628 rege
1284 3563 1339 3614 in
1369 3561 1587 3615 caelesti
1614 3561 2151 3633 Ecclesia;ipsequ€

2271 3572 2430 3641 ρανίῳ
2483 3564 2709 3638 βασιλεῖ,
2781 3564 2828 3617 ἐν
2882 3573 2942 3636 τῇ
3005 3565 3293 3636 ἐπουρανίῳ
3369 3563 3656 3634 Ἐκκλησία
3715 3580 3726 3590 ·
3787 3566 3880 3612 καὶ

511 3648 944 3717 primogenitus
965 3656 1042 3703 est
1070 3663 1144 3704 ex
1169 3650 1502 3712 mortuis“,
1527 3651 1904 3720 primogeniti
1922 3667 2149 3724 quoque

2273 3661 2681 3728 πρωτότοκος
2721 3659 2825 3725 μέν
2866 3653 3049 3706 ἐστιν
3093 3654 3290 3714 αὐτὸς
3336 3652 3398 3703 ἐκ
3438 3660 3694 3720 νεκρῶν,
3739 3670 3884 3722 πρω-

514 3737 651 3808 ipsi.
682 3739 966 3792 Caeterum
994 3737 1128 3792 licet
1153 3738 1299 3792 tales
1325 3740 1440 3792 sint
1466 3738 1628 3792 electi
1654 3746 1708 3793 et
1736 3740 1967 3810 probati
2001 3741 2152 3813 apud

2273 3751 2476 3798 τότοκοι
2499 3741 2556 3796 δὲ
2582 3748 2670 3794 xui
2701 3743 2866 3797 αὐτοί.
2898 3743 3051 3796 Ἀλλὰ.
3067 3748 3252 3817 καίπερ
3288 3750 3515 3794 τοιοῦτοι
3544 3746 3682 3802 ὄντες
3709 3738 3885 3791 ἐκλεκ-

515 3826 734 3891 Deum;
758 3825 920 3896 apud
944 3841 1006 3879 se
1035 3832 1233 3881 tamen
1257 3831 1396 3880 sunt
1418 3827 1668 3893 minimi,
1696 3833 1751 3883 et
1774 3829 1944 3883 valde
1966 3845 2153 3901 repro-

2273 3839 2353 3886 τοὶ
2374 3839 2462 3886 καὶ
2485 3829 2695 3904 δόκιμοι
2716 3836 2857 3905 παρὰ
2884 3841 3017 3903 Θεῷ,
3047 3834 3168 3907 παρ’
3199 3831 3395 3892 ἑαυτοῖς
3419 3832 3548 3884 εἰσιν
3572 3830 3880 3900 ἐλαχιστοι,

517 3915 670 3984 bati;
721 3913 894 3986 104
929 3915 1093 3987 quod
1143 3915 1257 3970 illis
1289 3922 1376 3971 est
1425 3915 1582 3970 velut
1623 3918 1890 3972 naturale
1931 3924 1986 3973 et
2023 3935 2155 3976 con-

2273 3928 2358 3975 xui
2412 3921 2524 3973 λίαν
2581 3917 3127 3994 ἀποδεδοκιμασμένοι
3183 3941 3195 3953 ·
3249 3926 3337 3973 xui
3388 3928 3534 3972 τοῦτο
3584 3920 3759 3980 αύτοῖς
3814 3920 3882 3978 ὡς

517 4010 765 4070 cretum,
801 4012 860 4058 ut
886 4004 959 4059 de
997 4019 1058 4058 se
1090 4004 1389 4060 humiliter
1428 4011 1530 4060 aut
1570 4006 1716 4061 nihil
1746 4008 2020 4065 sentiant.

2276 4015 2494 4084 φυσικόν
2543 4016 2628 4062 xui
2683 4016 2876 4068 πηκτόν
2929 4010 3038 4063 ἐστι
3096 4011 3424 4071 ταπεινοὺςῆ
3469 4014 3527 4061 τό
3559 4005 3725 4080 μηδὲν
3761 4008 3880 4060 ἐαυ-

2276 4105 2396 4162 τούς
2434 4102 2699 4171 ἡγεῖσθαι.

587 4201 648 4254 V.
683 4199 1100 4270 Interrogatio.
1131 4200 1506 4271 Ignorantne
1535 4217 1673 4271 ergo
1699 4218 1759 4258 se
1779 4205 2166 4261 accessionem

2348 4206 2419 4259 E'.
2471 4207 2830 4279 Ἐρώτησις.
2875 4206 3002 4258 Ούκ
3069 4202 3338 4259 οἴδασιν
3378 4202 3508 4271 οὖν,
3553 4206 3655 4256 ὅτε
3691 4223 3881 4274 προσ-

517 4297 878 4355 consecutos,
908 4305 999 4356 ac,
1023 4291 1184 4359 quod
1198 4306 1316 4344 non
1348 4290 1666 4357 habebant,
1685 4293 1986 4362 possidere
2006 4309 2043 4349 a
2064 4309 2155 4349 nar

2281 4297 2478 4353 θήκην
2532 4295 2775 4358 ἔλαϐον,
2835 4300 2941 4348 καὶ
2981 4296 3005 4346 ὃ
3047 4296 3157 4347 οὐκ
3225 4292 3427 4367 εἶχον,
3499 4293 3878 4359 ἐκτήσαντο,

521 4385 659 4433 tura
693 4394 801 4433 sua
829 4379 1137 4449 quidpiam
1178 4379 1441 4436 alienum
1467 4380 1495 4435 τ

2279 4385 2450 4447 ξένον
2489 4393 2602 4444 τῆς
2642 4388 2885 4456 φύσεως
2923 4385 3147 4437 αὐτῶν.

593 4486 932 4556 Responsio.
966 4487 1086 4556 Ego
1115 4503 1254 4541 vero
1279 4488 1379 4542 tibi
1403 4488 1538 4543 dico
1565 4488 1694 4543 illos
1714 4505 1831 4544 non
1867 4506 2000 4546 esse
2031 4507 2168 4560 pro-
2203 4459 2231 4513 ί

2232 4461 2247 4510 )
2353 4491 2748 4562 Ἀπόκρισις.
2785 4492 2918 4563 Ἐγὼ
2945 4495 3042 4564 γάρ
3080 4512 3162 4544 σοι
3189 4491 3338 4562 λέγω,
3372 4494 3450 4544 ὅτι
3481 4495 3573 4543 οὐκ
3606 4491 3702 4544 εἰσὶ
3729 4485 3870 4540 δεδο-

521 4577 715 4640 batos,
747 4592 855 4629 nec
902 4577 1119 4630 essein
1170 4591 1516 4647 progressu,
1561 4584 1739 4649 atque
1779 4579 2051 4650 ignorare
2085 4597 2159 4645 se,

2279 4586 2609 4653 κιμασμένοι,
2641 4586 2728 4633 καὶ
2761 4581 2853 4632 οὐκ
2904 4582 3032 4633 εἰσὶν
3065 4581 3111 4633 ἐν
3168 4579 3431 4654 προκοπῇ,
3461 4586 3550 4633 xui
3614 4581 3866 4650 ἀγνοοῦσιν

519 4665 683 4736 quod
704 4681 822 4719 non
855 4665 1181 4730 habebant,
1214 4666 1536 4736 possidere.
1567 4669 1876 4733 Caeterum,
1896 4669 2000 4739 qui
2025 4669 2157 4724 tales

2281 4675 2344 4731 ὡς
2401 4671 2425 4722 ὃ
2478 4671 2570 4722 οὐκ
2616 4669 2758 4742 εἶχον
2818 4673 3121 4729 ἐκτήσαντο.
3190 4671 3348 4725 Ἀλλὰ
3399 4674 3666 4732 τοιούτους
3709 4673 3869 4728 ὄντας,

522 4762 680 4820 sunt,
714 4771 817 4810 eos
870 4754 1006 4826 ipsa
1038 4757 1226 4824 gratia
1281 4756 1571 4811 accedens
1600 4758 1790 4820 docet,
1844 4775 1915 4813 ne
1963 4759 2078 4814 ullo
2112 4761 2160 4814 in

2283 4762 2412 4819 αὐτὴ
2471 4763 2498 4818 ἡ
2533 4762 2696 4832 χάρις
2729 4761 2950 4812 ἐλθοῦσα
2983 4757 3256 4827 διδάσκει,
3302 4766 3374 4832 μὴ
3410 4764 3549 4832 ἔχειν
3581 4764 3672 4817 τὴν
3699 4759 3876 4829 ψυχὴν

527 4843 718 4915 pretio
758 4843 1022 4898 habeant
1053 4845 1287 4899 animas
1313 4861 1472 4911 suas,
1507 4845 1648 4900 dum
1679 4862 2060 4918 progressum
2093 4849 2165 4903 fa-

2284 4853 2451 4900 αύτῶν
2526 4855 2721 4920 τιμίαν,
2802 4854 2945 4910 ὄντας
3021 4849 3068 4901 ἐν
3130 4852 3392 4924 προκοπῇ,
3453 4849 3579 4901 ἀλλὰ
3654 4855 3886 4920 φυσικῶς

525 4934 706 4995 ciunt,
757 4932 861 4986 sed
895 4938 1110 4988 natura
1137 4933 1400 5003 abjectos
1427 4940 1483 4989 et
1521 4935 1772 4990 infames
1800 4953 1863 4991 se
1893 4937 2058 5008 ipsos
2090 4954 2163 4992 re-

2285 4939 2502 5010 ἀτίμους
2558 4939 2768 5001 ἑαυτούς
2809 4941 3053 5010 ἡγεῖσθαι
3089 4957 3099 4968 ·
3149 4945 3238 4991 καὶ
3269 4943 3412 5012 παρὰ
3450 4946 3561 5009 Θεῷ
3615 4945 3781 5009 τίμιοι
3813 4941 3885 4988 ὄν-

526 5027 752 5094 putent.
778 5022 980 5092 Itaque
1004 5038 1138 5076 cum
1164 5023 1325 5093 apud
1360 5026 1544 5078 Deum
1571 5025 1833 5096 praeclari
1855 5027 1988 5092 sint,
2011 5027 2164 5098 apud

2285 5048 2365 5090 τες
2397 5029 2518 5102 παρ’
2569 5029 2771 5090 ἑαυτοῖς
2804 5029 2897 5079 οὐκ
2937 5029 3057 5080 εἰσί.
3115 5034 3214 5082 Καὶ
3263 5027 3310 5080 ἓν
3342 5025 3578 5101 προκοπῇ
3630 5031 3719 5078 καὶ
3750 5033 3887 5098 γνω-

527 5126 588 5165 se
621 5109 782 5180 ipsos
837 5126 954 5164 non
985 5117 1123 5166 sunt
1157 5128 1169 5165 :
1213 5128 1470 5183 cumque
1515 5114 1630 5168 sint
1660 5113 1718 5168 in
1753 5131 2069 5186 progressu
2119 5123 2165 5171 el

2287 5137 2365 5169 σει
2419 5126 2552 5171 Θεοῦ
2606 5123 2763 5181 ὄντες,
2822 5122 2889 5178 ὼς
2945 5115 3111 5190 μηδὲν
3167 5115 3362 5179 εἰδότες
3402 5118 3503 5170 εἰσί
3539 5131 3550 5143 ⁸
3613 5121 3702 5168 xui
3747 5119 3890 5188 παρὰ

526 5199 734 5255 notitia
756 5199 879 5263 Dei,
912 5200 1156 5271 perinde
1183 5207 1336 5263 sunt,
1363 5218 1432 5255 ac
1456 5203 1504 5257 si
1532 5203 1646 5257 sint
1675 5204 1947 5260 omnium
1976 5221 2164 5261 rerum

2287 5215 2399 5276 Θεῷ
2453 5207 2694 5259 πλούσιοι
2735 5212 2886 5276 ὄντες,
2943 5208 3065 5281 παρ’
3117 5207 3319 5269 ἑαυτοῖς
3349 5208 3452 5260 εἰσι
3484 5227 3495 5238 ·
3549 5209 3721 5278 ὥσπερ
3773 5202 3832 5257 δὲ
3864 5207 3889 5256 ό

528 5291 718 5361 ignari
753 5307 765 5343 :
821 5296 874 5344 et
906 5290 1066 5361 apud
1104 5294 1284 5345 Deum
1322 5307 1456 5346 cum
1487 5295 1600 5348 sint
1636 5293 1977 5366 locupletes,
2011 5296 2166 5367 apud

2287 5299 2516 5368 Χριστός
2546 5302 2790 5370 μορφὴν
2833 5294 3065 5349 δούλου
3107 5295 3327 5362 λαϐὼν,
3372 5295 3464 5348 δια
3494 5304 3586 5356 τῆς
3616 5313 3889 5366 ταπεινοφ-

529 5397 590 5435 se
615 5386 751 5433 sunt
778 5394 1095 5450 pauperes.
1128 5381 1651 5445 Quemadmodum
1675 5389 1872 5438 autem
1895 5385 2167 5451 Christus,

2285 5388 2511 5459 ροσύνης
2543 5385 2750 5443 ἐνίκησε
2780 5389 2864 5437 τόν
2898 5383 3140 5457 διάφολον
3175 5403 3186 5414 ’
3240 5386 3400 5448 οὕτως
3431 5385 3482 5448 ἐξ
3512 5385 3686 5458 ἀρχῆς
3717 5385 3742 5434 ὁ
3776 5389 3889 5456 ὄφις

526 5476 765 5538 sumpta
784 5469 943 5524 servi
967 5469 1251 5537 forma",
1281 5485 1385 5542 per
1406 5471 1799 5527 humilitatem
1820 5473 2164 5530 vicitdiabo-

2291 5471 2384 5526 δια
2449 5482 2539 5534 τῆς
2591 5473 3028 5547 ύψηλοφροσύνης
3084 5479 3172 5526 xui
3231 5480 3501 5547 τυφὼσεως
3561 5473 3888 5544 κατέστρεψε

607 5676 652 5708 δί’
683 5678 868 5747 Apoc.
897 5692 1056 5745 xvm,
1095 5679 1174 5732 14.
1253 5676 1339 5730 τοι
1367 5679 1481 5731 Pet.
1518 5691 1574 5740 ιι,
1607 5677 1660 5730 9.
1738 5677 1781 5711 ⁷¹
1815 5675 2032 5733 Coloss.
2066 5693 2104 5742 1,
2141 5678 2222 5733 18.

1166 5720 1174 5730 .
1253 5676 1339 5730 τοι
1367 5679 1481 5731 Pet.
1518 5691 1574 5740 ιι,
1607 5677 1660 5730 9.
1738 5677 1781 5711 ⁷¹
1815 5675 2032 5733 Coloss.
2066 5693 2104 5742 1,
2141 5678 2222 5733 18.
2299 5679 2347 5713 ⁷³
2381 5677 2631 5750 Philipp.
2669 5693 2724 5742 ιι,
2753 5678 2804 5732 7.
