4148 6262
317 314 422 372 697

1562 318 1901 376 ΗΟΜΙΙᾸΑΞ.
1945 353 2011 362 -
2056 317 2226 379 ΗΟΜ.
2263 321 2488 380 XXVII.

3554 331 3660 387 698

315 445 400 494 τόν
426 438 625 515 Ἀδάμ.
660 447 759 495 Kal
789 449 874 493 νῦν
910 444 934 494 ό
967 442 1120 504 αὐτὸς
1153 448 1265 516 ὄφις
1297 441 1606 517 ἑνδομυχῶν
1652 453 1763 506 ταῖς
1793 466 1916 520 καρ-

2033 447 2148 502 lum
2176 467 2187 503 :
2224 449 2304 503 sic
2332 449 2498 504 initio
2525 467 2768 521 serpens
2795 465 2899 521 per
2928 453 3338 522 arrogantiam
3367 460 3425 510 et
3450 455 3668 512 fastum

317 528 460 593 δίαις
509 527 601 582 διὰ
643 537 920 602 τυφὼσεως
969 532 1280 586 καταϐάλλει
1325 540 1412 587 καὶ
1458 535 1666 587 ἀπολύει
1691 541 1746 588 τὸ
1777 541 1917 606 ’γένος

313 629 412 672 τῶν
443 627 791 694 Χριστιανῶν.

387 921 456 985 ς’.
517 921 716 996 Ὠσπερ
759 925 860 995 γὰρ
893 918 991 974 ’ἐὰν
1094 944 1172 986 τις
1221 923 1498 999 ἐλεύθερος,
1555 930 1643 976 καὶ
1700 925 1906 995 εὐγενὴς

314 1013 448 1062 κατά
513 1015 709 1083 κόσμον
762 1018 850 1063 καὶ
926 1012 1143 1066 πλοῦτον
1214 1016 1350 1084 ἔχων
1397 1014 1576 1080 πολύν,
1629 1017 1702 1065 ἔτι
1756 1033 1918 1087 προσ-

314 1096 584 1164 οδεύηται,
644 1106 733 1152 καὶ
779 1101 963 1174 εἰσάγῃ
1016 1106 1263 1176 καρποὺς,
1315 1099 1464 1163 οὗτος
1497 1102 1788 1154 ἀπονοεῖται
1827 1109 1916 1154 καὶ

316 1188 494 1262 θαρρεῖ
558 1189 742 1259 ἑαυτῷ,
803 1195 892 1242 καὶ
949 1191 1274 1251 ἀϐάστακτος
1345 1197 1411 1242 ὧν
1467 1195 1664 1251 πάντας
1725 1193 1906 1243 λακτί-

315 1277 413 1340 ζει,
447 1283 535 1329 καὶ
565 1277 832 1349 κολαφίζει
866 1296 878 1308 '
939 1280 1103 1341 οὕτως
1133 1280 1234 1332 εἰσί
1263 1299 1394 1340 τινες
1418 1285 1488 1352 μῆ
1523 1283 1730 1350 ἔχοντες
1779 1277 1912 1331 διά-.

312 1385 510 1436 κρισιν,
563 1370 754 1438 μικρὰν
838 1364 895 1419 δὲ
944 1367 1236 1420 ἀνάπαυσιν
1293 1371 1519 1442 εὑρόντες
1585 1373 1673 1420 καὶ
1723 1368 1909 1439 εύχὴν,

318 1455 538 1526 ἤρξαντο
613 1458 907 1526 τυφοῦσθαι
971 1463 1059 1508 καὶ
1127 1457 1461 1510 ἀπονοεῖσθαι
1509 1464 1598 1509 καὶ
1666 1462 1915 1530 κατακρί-

315 1563 412 1595 νειν
448 1562 460 1572 ·
508 1565 598 1596 και
656 1546 790 1596 οῦτω
834 1550 1115 1598 κατέπεσον
1161 1547 1227 1606 εἰς
1266 1549 1332 1598 τὰ
1359 1553 1632 1599 κατώτατα
1670 1555 1763 1607 τῆς
1797 1554 1910 1616 γῆς.

311 1635 370 1684 Ὀ
418 1636 519 1707 γὰρ
552 1633 708 1695 αὐτὸς
739 1637 853 1704 ὄφις
878 1635 904 1685 ό
935 1633 1166 1686 ἐκϐωλὼν
1198 1640 1282 1687 τὸν
1322 1633 1497 1706 Ἀδὰμ
1529 1632 1621 1687 διὰ
1650 1643 1744 1694 τῆς
1781 1633 1917 1704 ὑψη-

314 1722 648 1794 λοφροσύνης,
675 1723 847 1787 εἰπὼν,
875 1722 934 1774 Ὠ
958 1743 978 1782 ς
1032 1726 1164 1775 θεοὶ
1215 1727 1570 1795 γενήσεσθε
1599 1742 1610 1753 '
1647 1724 1791 1783 οὗτος
1821 1727 1915 1774 καὶ

323 1819 408 1862 νῦν
466 1811 513 1862 ἐν
560 1819 668 1871 ταῖς
725 1809 968 1884 καρδίαις
1008 1812 1285 1865 ὑποϐάλλει
1325 1813 1778 1887 ύψηλοφροσύνην,
1834 1812 1914 1864 λέ·
1951 1806 1987 1858 Β

317 1922 438 1972 γων,
495 1901 750 1960 Τέλειος
797 1899 868 1964 εἴ,
933 1899 1118 1975 ἀρκεῖ
1185 1921 1306 1968 σοι,
1356 1901 1790 1966 ἐπλούτησας,
1848 1902 1915 1952 ού

312 1994 546 2062 χρείαν
599 1992 792 2060 ἔχεις,
847 1992 1170 2062 μακάριος
1218 1988 1292 2048 εἶ,
1334 1992 1456 2043 Εἰσὶ
1506 1988 1563 2043 δὲ
1594 1992 1752 2062 ἕτεροι
1783 1993 1918 2042 κατὰ

311 2084 529 2150 κόσμον,
564 2080 612 2129 οἱ
649 2078 869 2131 πλοῦτον
901 2083 989 2152 μὲν
1040 2083 1266 2150 ἔχοντες,
1300 2084 1383 2132 τὸν
1418 2077 1475 2133 δὲ
1505 2077 1917 2154 προσοδεύοντες

312 2168 359 2220 ἐν
390 2175 608 2240 καρποῖς
637 2168 864 2232 πολλοῖς,
919 2174 1236 2240 κατέχουσιν
1273 2170 1486 2231 ἑαυτούς
1538 2169 1586 2220 ἓν
1628 2166 1915 2239 διακρίσει,

313 2263 401 2309 καὶ
423 2261 538 2309 οΰτε
567 2266 895 2328 καυχῶνται,
935 2261 1050 2310 οὕτε
1089 2262 1407 2331 ἐπαίρονται,
1465 2257 1574 2310 ἀλλ’
1603 2258 1735 2311 εἰσὶν
1761 2260 1872 2309 ἶσοι
1900 2276 1912 2288 ’

315 2343 498 2398 οῖδασι
527 2349 629 2420 γὰρ
673 2348 752 2397 ὅτι
799 2349 930 2416 μετὰ
985 2351 1078 2404 τὴν
1123 2344 1388 2419 πρόσοδον
1437 2350 1652 2419 ἔρχεται
1705 2347 1914 2420 ἀφορία,

318 2441 414 2488 Kal
469 2435 623 2486 πάλιν
673 2437 793 2487 ὅταν
843 2438 1138 2506 ἐμπέσωσιν
1168 2438 1239 2497 εἰς
1289 2438 1483 2508 ζημίαν
1532 2441 1621 2488 καὶ
1675 2435 1914 2507 ἀφορίαν,

314 2525 373 2576 ού
404 2524 704 2588 λυποῦνται,
741 2523 846 2575 ἀλλ’
877 2528 986 2577 ἶσοι
1031 2526 1161 2577 εἰσίν
1195 2546 1206 2556 ·
1243 2523 1425 2578 οἴδασι
1480 2528 1581 2599 γὰρ
1632 2527 1712 2577 ὅτι
1765 2524 1918 2576 πάλιν

317 2609 633 2684 διαδέχεται
703 2613 932 2686 εύφορία.
1023 2619 1122 2667 Kal
1179 2615 1226 2666 ἕν
1293 2618 1493 2676 τούτοις
1558 2613 1773 2666 ἐπιπολὺ
1826 2633 1918 2683 γυ-

316 2705 619 2775 μνασθέντες
671 2703 728 2754 ού
777 2703 1084 2769 ξενίζονται,
1138 2709 1254 2757 οὔτε
1311 2704 1358 2756 ἐν
1401 2701 1691 2778 προσόδοις
1718 2707 1809 2754 καὶ
1840 2701 1919 2754 εύ-

319 2797 524 2866 φορίαις
581 2800 882 2865 τυφοῦνται,
935 2797 1052 2846 οῦτε
1092 2796 1176 2846 ίαν
1232 2793 1413 2867 ἐπέλθῃ
1452 2795 1639 2867 ζημία,
1701 2792 1920 2855 ξενίζον-

323 2902 427 2934 ται.

315 2971 464 3026 nihil
548 2971 840 3042 peregrini
938 2973 1088 3044 ipsis
1186 2974 1414 3038 accidit,
1503 2989 1699 3045 neque
1773 2971 1848 3025 de

323 3060 370 3114 si
403 3061 697 3115 damnum
726 3062 983 3129 ingruat,
1016 3061 1468 3132 obstupescunt,

396 3181 470 3232 Z’.
503 3185 572 3233 Τὸ
614 3177 700 3232 οὖν
744 3187 963 3253 πρᾶγμα
989 3190 1079 3233 τοῦ
1123 3190 1545 3256 Χριστιανισμοῦ
1585 3187 1738 3235 τοῦτό
1765 3183 1878 3232 ἐστι
1907 3200 1918 3212 ·
1958 3178 1998 3232 C

322 3277 502 3341 γεῦσις
587 3269 852 3333 ἀληθείας,
911 3269 1109 3342 βρῶσις
1183 3277 1271 3323 καὶ
1331 3277 1485 3332 πόσις
1541 3270 1591 3334 ἐξ
1658 3271 1919 3334 ἀληθείας,

325 3365 502 3428 φαγεῖν
552 3361 626 3409 ἔτι
675 3363 763 3410 καὶ
811 3367 946 3410 πιεῖν
1015 3357 1106 3411 διὰ
1182 3357 1449 3432 δυνάμεως
1496 3367 1584 3412 καὶ
1636 3359 1914 3431 ἐνεργείας.

318 3446 520 3520 Ὠσπερ
551 3451 634 3499 ἐὰν
761 3454 930 3519 πηγὴ,
984 3455 1072 3501 καὶ
1124 3451 1190 3500 ὠν
1235 3471 1309 3510 τις
1359 3449 1460 3503 ἐκεῖ
1490 3447 1659 3520 διψῶν
1684 3452 1923 3523 ἄρχηται

326 3542 485 3590 πίνειν
514 3559 525 3570 ο
570 3535 679 3589 εἶτα
733 3539 782 3590 ἐν
822 3545 894 3607 τῷ
949 3539 1142 3610 μεταξύ
1174 3539 1458 3613 ἀποσπάσῃ
1517 3560 1595 3600 τις
1625 3541 1798 3606 αὐτὸν,
1833 3543 1922 3592 καὶ

319 3632 390 3698 μὴ
455 3623 531 3696 δῷ
588 3627 958 3699 ἐμπλησθῆναι
1006 3628 1126 3680 ὃσον
1180 3629 1325 3694 θέλει,
1383 3628 1560 3681 λοιπὸν
1610 3629 1800 3700 μᾶλλον
1843 3631 1922 3680 ἐκ·

317 3721 520 3768 καίεται
555 3718 876 3788 γευσάμενος
935 3725 1025 3769 τοῦ
1071 3714 1285 3783 ὕδατος,
1337 3723 1424 3770 καὶ
1478 3718 1712 3779 ἐπιζητεῖ
1763 3739 1922 3770 σπου-

314 3802 582 3878 δαιότερον
615 3824 627 3836 ·
699 3807 856 3866 ούτως
909 3812 998 3859 καὶ
1051 3811 1108 3859 τὸ
1174 3811 1522 3879 πνευματικὸν
1577 3812 1785 3880 γεύεταί
1841 3829 1921 3871 τις

310 3900 400 3945 καὶ
489 3893 874 3966 μεταλαμϐάνει
941 3904 1131 3967 τροφῆς
1193 3896 1522 3971 ἐπουρανίου,
1579 3896 1689 3948 εἶτα
1743 3896 1790 3948 ἐν
1848 3905 1919 3968 τῷ

311 3983 502 4051 μεταξύ
551 3983 868 4048 ύποστέλλει,
902 3990 990 4036 καὶ
1035 3981 1210 4046 οὐδεὶς
1267 3986 1407 4054 αύτῷ
1456 3983 1681 4037 δίδωσιν
1726 3985 1922 4057 ἐμπλη-

315 4071 534 4126 σθῆναι.

390 4263 470 4320 Η’.
510 4266 883 4337 Ἐρώτησις.
918 4265 1204 4318 Διὰτίού
1248 4263 1525 4319 δίδωσιν
1566 4267 1926 4340 ἐμπλησθῆ-

316 4371 460 4422 ναι;

393 4479 805 4554 Ἀπόκρισις.
857 4480 1169 4534 Ἐπίσταται
1224 4485 1249 4534 ό
1293 4486 1477 4556 Κύριος
1531 4489 1623 4542 τῆν
1661 4483 1926 4537 ἀσθένειαν

319 4577 411 4620 τοῦ
467 4569 760 4644 ἀνθρώπου,
817 4570 898 4623 ὂτι
957 4576 1156 4642 ταχέως
1225 4574 1579 4648 ύπεραίρεται,
1629 4571 1722 4626 διὰ
1775 4583 1925 4628 τοῦτο

327 4659 649 4723 ύποστέλλει,
727 4665 816 4712 καὶ
866 4669 1174 4734 παραχωρεῖ
1229 4665 1598 4734 γυμνασθῆναι
1650 4669 1739 4716 καὶ
1797 4663 1924 4736 βλη-

320 4748 472 4802 θῆναι
516 4751 600 4799 τόν
663 4749 950 4822 ἄνθρωπον.
1009 4751 1068 4802 Εἰ
1112 4754 1213 4824 ’γὰρ
1263 4757 1449 4826 μικρὸν
1495 4752 1789 4824 λαμϐάνεις,
1835 4759 1924 4806 καὶ

321 4831 504 4896 οὐδεὶς
539 4854 594 4887 σε
627 4833 902 4908 βαστάζει,
957 4839 1085 4891 ἀλλὰ
1134 4849 1412 4913 τυφοῦσαι,
1459 4848 1606 4914 πόσῳ
1645 4843 1834 4914 μᾶλλον
1882 4843 1924 4896 εἰ

322 4923 406 4994 ὑφ’
459 4925 508 4975 ἓν
559 4930 642 4976 σοί
689 4945 764 4985 τις
808 4925 990 4980 ἐδίδου
1049 4931 1431 5001 ἐμπλησθῆναι,
1474 4933 1566 4984 οὐκ
1611 4935 1671 4984 οἰν
1719 4953 1774 4985 σε
1815 4936 1923 5006 ἓφευ

313 5030 438 5087 ρεν,
471 5011 586 5065 AD’
619 5009 768 5076 εἰδὼς
817 5017 842 5066 ό
896 5020 1024 5077 Θεὸς
1092 5023 1182 5076 τῆν
1231 5019 1515 5086 ἀσθένειαν,
1572 5022 1834 5093 οἰκονομεῖ
1863 5041 1920 5075 σε

317 5101 394 5163 εἰς
463 5101 682 5172 θλίψεις,
751 5104 832 5155 ἵνα
888 5110 1123 5168 ταπεινὸς
1175 5113 1316 5180 γένη,
1361 5115 1450 5162 καὶ
1504 5107 1920 5184 σπουδαιότερος

312 5198 402 5243 τοῦ
464 5191 727 5250 ἐπιζητεῖν
775 5197 862 5244 τὸν
904 5199 1050 5248 Θεὸν.
1121 5201 1219 5248 Kal
1248 5199 1348 5268 γὰρ
1386 5202 1520 5250 κατά
1548 5204 1744 5266 κόσμον
1785 5221 1920 5254 πτω-

320 5282 420 5346 χός
495 5295 575 5337 τις
648 5281 805 5349 ευρὼν
879 5277 1156 5350 βαλάντιον
1209 5291 1469 5354 χρυσοῦν,
1532 5283 1632 5336 ἀπὸ
1677 5285 1921 5358 ἑλαφρίας

317 5365 510 5437 ἤρξατο
535 5369 842 5441 κηρύσσειν,
870 5368 1086 5442 Εὗρον,
1126 5370 1308 5444 εὗρον
1341 5370 1705 5444 βαλάντιον,
1737 5375 1920 5427 πλού-

318 5459 461 5516 σιός
490 5455 648 5527 εἰμι.
696 5462 822 5509 Τότε
866 5460 920 5510 ὲκ
967 5466 1058 5520 τῆς
1109 5463 1280 5532 φήμης
1333 5462 1552 5520 ἤκουσεν
1584 5463 1608 5514 ὁ
1641 5463 1917 5531 ἀπολέσας,

315 5547 407 5595 καὶ
465 5544 637 5598 ἔλαϐεν
702 5546 849 5602 αύτό.
922 5547 1106 5611 Ἄλλος
1174 5548 1425 5612 πλούσιος
1500 5550 1783 5622 ἀπενοήθη,
1833 5560 1922 5609 καὶ

389 5696 435 5730 ⁷⁸
469 5697 607 5755 Gen.
629 5714 708 5771 In,
744 5703 791 5754 5.

1946 2962 2235 3022 reditibus
2312 2965 2413 3014 aut
2487 2959 2752 3014 ubertate
2827 2960 2942 3031 ipsi
3018 2961 3391 3031 superbiunt,

1961 4531 1999 4584 ι)

2026 538 2644 594 subvertitAdamum.
2671 543 2834 595 Nunc
2864 543 3217 614 quoqueille
3240 544 3367 615 ipse
3402 562 3673 616 serpens,

2025 625 2083 679 in
2143 626 2522 680 interioribus
2600 628 2796 682 cordis
2863 631 3198 685 recessibus
3253 633 3517 700 abditus,
3568 648 3676 704 per

2028 715 2373 785 superbiam
2421 717 2672 771 destruit
2723 733 2792 772 ac
2843 717 3114 774 dissolvit
3162 735 3350 789 genus
3405 721 3677 778 Christia-

2028 819 2266 859 norum.

2097 912 2188 965 VI.
2215 911 2738 975 Quemadmodum
2773 914 2929 968 enim
2961 915 3007 968 si
3036 917 3171 986 quis
3204 917 3275 970 sit
3316 916 3461 971 liber
3485 933 3554 972 ac
3589 917 3678 972 in-

2028 1016 2217 1068 genus
2244 1000 2301 1053 in
2337 1002 2583 1063 mundo,
2615 1017 2682 1055 ac
2714 1017 2969 1070 magnas
3003 1004 3307 1074 possideat
3330 1008 3681 1077 opes;insu-

2029 1106 2132 1161 per
2185 1091 2407 1144 reditus
2464 1090 2767 1162 percipiat,
2819 1099 2873 1146 et
2940 1094 3161 1147 fructus
3214 1095 3455 1164 colligat
3511 1113 3526 1159 ;
3584 1095 3677 1151 ille

2029 1195 2251 1233 vesana
2282 1179 2546 1250 quadam
2579 1180 2892 1235 insolentia
2909 1181 3162 1244 effertur,
3184 1188 3364 1254 atque
3385 1184 3438 1238 in
3466 1201 3525 1238 se
3545 1185 3674 1256 ipso

2028 1268 2311 1323 ﬁduciam
2347 1267 2503 1323 locat
2536 1287 2546 1334 ;
2583 1285 2842 1340 cumque
2901 1271 2973 1323 sit
3012 1271 3414 1339 intolerabilis,
3461 1289 3673 1328 omnes

2028 1356 2188 1411 calce
2220 1358 2380 1427 petit,
2422 1363 2476 1410 et
2520 1357 2790 1427 colaphis
2834 1357 3013 1413 afﬁcit
3045 1379 3056 1416 :
3088 1361 3166 1414 ita
3217 1369 3354 1416 sunt
3404 1362 3677 1432 quidam.

2027 1448 2190 1502 nulla
2215 1447 2567 1502 discretione
2599 1447 2852 1518 praediti,
2880 1449 3004 1519 qui,
3026 1450 3335 1520 paululum
3365 1451 3579 1522 quietis
3607 1467 3678 1506 ac

2028 1537 2382 1608 precationis
2408 1538 2584 1600 nacti,
2618 1536 2908 1607 incipiunt
2938 1538 3088 1592 altos
3115 1539 3226 1593 sibi
3253 1556 3489 1596 sumere
3509 1541 3679 1611 spiri-

2026 1627 2468 1691 tus,insolentia
2498 1625 2894 1698 efferimatque
2923 1627 3073 1682 alios
3101 1628 3431 1698 dijudicare
3459 1647 3471 1684 :
3501 1635 3680 1702 atque

2027 1716 2142 1770 hoc
2174 1716 2354 1770 modo
2377 1715 2742 1769 delabuntur
2773 1717 2826 1768 in
2859 1715 3333 1785 profundissima
3372 1725 3557 1773 terrae.
3581 1719 3681 1774 Ille

2025 1805 2182 1859 enim
2203 1805 2328 1874 ipse
2357 1819 2624 1874 serpens,
2659 1806 2758 1875 qui
2786 1804 3123 1859 deturbavit
3153 1807 3340 1860 Adam
3379 1823 3483 1879 per
3513 1824 3682 1863 arro-

2025 1893 2311 1964 gantiam,
2347 1893 2551 1947 dicens
2585 1909 2598 1946 :
2632 1892 2818 1946 Erilis
2847 1893 2999 1948 sicut
3029 1894 3158 1948 dii:
3189 1896 3313 1966 ipse
3344 1912 3503 1951 nunc
3533 1912 3680 1968 quo-

2025 1999 2142 2055 que
2175 1984 2231 2036 in
2264 1982 2547 2036 cordibus
2582 1982 2844 2051 suggerit
2875 1983 3303 2051 arrogantiam.
3336 1985 3613 2055 inquiens
3659 2005 3671 2044 :

2027 2071 2334 2140 Perfectus
2365 2085 2439 2139 es,
2472 2070 2693 2136 sufﬁcit
2725 2071 2848 2136 tibi,
2863 2072 3054 2139 factus
3084 2087 3137 2127 es
3153 2073 3679 2141 locuplesmullius

2028 2159 2275 2227 indiges,
2313 2159 2513 2214 beatus
2541 2174 2596 2214 es
2631 2163 2697 2213 ⁷³.
2732 2162 2855 2214 Non
2887 2159 3102 2214 desunt
3124 2160 3221 2215 alii
3255 2178 3418 2216 more
3452 2163 3678 2229 saeculi,

2027 2249 2128 2319 qui
2161 2249 2378 2318 opibus
2427 2248 2669 2318 quidem
2723 2247 2870 2302 dum
2921 2249 3180 2320 opulenti
3221 2257 3376 2318 sunt,
3412 2267 3566 2322 quas
3607 2269 3679 2308 ex

2027 2337 2224 2391 nimiis
2248 2336 2539 2391 fructuum
2561 2335 2846 2391 reditibus
2865 2338 3269 2404 accumulant,
3287 2341 3591 2395 continent
3615 2356 3678 2396 se

2028 2427 2190 2498 ipsos
2234 2426 2291 2480 in
2342 2425 2716 2491 discretione,
2750 2443 2858 2481 nec
2917 2427 3269 2494 gloriantur,
3300 2445 3492 2500 neque
3542 2429 3680 2486 effe-

2026 2521 2257 2581 runtur,
2285 2515 2390 2569 sed
2422 2520 2559 2569 sunt
2596 2515 2754 2586 aequi
2791 2532 2801 2569 :
2833 2523 3053 2571 norunt
3085 2518 3242 2571 enim
3273 2525 3405 2588 post
3437 2519 3680 2574 uberta-

2027 2613 2144 2660 tem
2170 2610 2484 2659 venturam
2508 2604 3182 2660 sterilitatem.Etdenuo
3199 2607 3296 2660 ubi
3313 2608 3368 2661 in
3385 2607 3678 2664 damnum

2027 2702 2082 2751 et
2113 2693 2475 2748 sterilitatem
2519 2693 2854 2757 inciderint,
2888 2711 3007 2748 non
3041 2695 3382 2750 afﬁciuntur
3423 2697 3676 2766 tristitia,

2027 2783 2130 2838 sed
2175 2783 2329 2853 {equi
2373 2787 2684 2837 remanent
2722 2799 2734 2835 :
2771 2789 2988 2837 norunt
3041 2784 3198 2838 enim
3231 2784 3430 2839 denuo
3481 2801 3683 2840 suces-

2027 2888 2232 2928 suram
2262 2872 2691 2925 ubertatem.Et
2720 2870 2778 2924 in
2810 2870 2903 2925 his
2937 2876 2998 2926 ut
3025 2872 3347 2942 plurimum
3381 2874 3684 2930 exercitati

3486 2978 3682 3035 neque

2111 3173 2218 3225 VII.
2248 3174 2357 3227 Res
2388 3169 2564 3238 igitur
2609 3169 3040 3226 Christianismi
3096 3172 3178 3227 sic
3235 3189 3295 3228 se
3349 3174 3527 3230 habet
3561 3193 3573 3230 :
3602 3175 3678 3230 de

2033 3267 2269 3333 gustare
2317 3260 2645 3322 veritatem,
2689 3259 2863 3314 edere
2909 3276 2977 3315 ac
3031 3261 3233 3317 bibere
3283 3264 3356 3317 de
3415 3264 3682 3330 veritate,

2032 3351 2203 3406 edere
2236 3365 2304 3404 ac
2331 3348 2531 3403 bibere
2564 3348 2806 3418 insuper
2835 3365 2944 3420 pro
2995 3349 3219 3405 viribus
3266 3359 3318 3406 et
3377 3351 3683 3408 facultate.

2034 3437 2557 3506 Quemadmodum
2590 3437 2633 3491 si
2658 3438 2792 3510 quis
2823 3437 3127 3503 sitfons,et
3149 3440 3283 3512 quis
3308 3442 3683 3497 sitibundum

2031 3529 2148 3585 illic
2179 3545 2246 3583 ex
2281 3544 2350 3583 eo
2383 3526 2623 3597 incipiat
2641 3527 2841 3581 bibere
2877 3544 2889 3592 ;
2923 3529 3138 3584 deinde
3172 3530 3321 3585 inter
3351 3530 3683 3587 bibendum

2031 3618 2338 3675 abstrahat
2375 3633 2511 3672 eum
2563 3616 2887 3688 quispiam,
2937 3634 3046 3673 nec
3095 3621 3386 3676 concedat
3427 3621 3683 3694 impleri,

2031 3712 2324 3780 quantum
2375 3704 2512 3760 velit
2569 3721 2581 3758 :
2637 3711 2844 3776 postea
2887 3706 3296 3762 vehementius
3343 3709 3686 3778 inardescit,

2032 3802 2207 3867 gustu
2247 3811 2420 3866 aquae
2471 3799 2770 3866 percepto,
2813 3799 2867 3849 et
2923 3796 3227 3851 ardentius
3282 3802 3565 3870 exoptat:
3602 3799 3686 3855 sic

2030 3900 2272 3958 quoque
2333 3885 2390 3936 in
2445 3899 2506 3936 re
2557 3882 2843 3952 spirituali
2901 3900 2993 3938 res
3049 3901 3109 3938 se
3162 3885 3362 3950 habet,
3409 3887 3689 3957 degustat

2032 3974 2332 4045 quispiam
2369 3975 2425 4024 et
2469 3972 2764 4041 particeps
2803 3971 2866 4025 ﬁt
2906 3972 3020 4026 cibi
3072 3973 3343 4039 cmlestis,
3379 3980 3501 4029 tum
3534 3976 3687 4032 inter

2034 4061 2396 4132 gustandum
2442 4059 2828 4123 subtrahitur,
2866 4060 3185 4133 nullusque
3233 4063 3337 4117 dat
3379 4065 3430 4118 ei
3481 4068 3544 4120 ut
3597 4081 3690 4122 sa-

2035 4150 2228 4205 tietur.

2107 4275 2244 4329 VIII.
2278 4273 2698 4343 Interrogatio.
2733 4275 3119 4341 Quamobrem
3184 4277 3428 4346 impleri
3493 4294 3612 4334 non

2037 4365 2383 4423 conceditur
2413 4362 2440 4417 ?

2115 4491 2285 4562 105
2319 4490 2652 4559 Responsio,
2697 4490 2862 4545 Novit
2905 4490 3190 4545 Dominus
3225 4491 3688 4549 imbecillitatem

2034 4579 2316 4644 hominis,
2336 4577 2495 4650 quod
2519 4578 2688 4633 facile
2702 4578 3044 4645 extollatur;
3065 4585 3376 4651 propterea
3393 4581 3691 4639 subtrahit

2035 4675 2091 4724 et
2132 4667 2415 4740 permittit
2462 4668 2718 4722 exerceri
2752 4673 2808 4722 et
2833 4669 3040 4737 jactari
3073 4669 3400 4725 hominem.
3438 4669 3495 4726 Si
3528 4672 3686 4726 enim

2034 4758 2340 4814 modicum
2375 4756 2784 4828 accipias,nec
2814 4759 2948 4828 quis
2980 4763 3032 4812 te
3064 4758 3314 4814 tolerare
3347 4759 3554 4830 possit.
3585 4761 3690 4817 sed

2031 4846 2400 4910 intumescis,
2426 4850 2652 4916 quanto
2676 4845 2891 4914 magis,
2934 4847 2979 4900 si
3007 4848 3139 4917 quis
3175 4863 3294 4902 uno
3327 4847 3546 4903 haustu
3581 4849 3686 4905 tibi

2030 4933 2378 4990 concederet
2407 4934 2750 4999 exsaturari,
2772 4950 2950 4990 nemo
2981 4940 3034 4990 te
3061 4935 3233 4991 ferret
3259 4934 3286 4988 ‘P
3310 4937 3483 5008 Atqui
3509 4937 3686 5004 Deus,

2030 5028 2346 5094 perspecta
2377 5023 2772 5079 imbecillitate
2789 5029 2906 5088 tua,
2925 5039 2994 5079 ex
3009 5024 3454 5096 dispensatione
3482 5028 3685 5098 singu-

2029 5111 2137 5167 lari
2169 5112 2411 5183 exponit
2437 5117 2491 5166 te
2518 5111 2962 5178 afﬂictionibus,
2991 5118 3052 5167 ut
3077 5113 3361 5170 humilior
3391 5116 3686 5181 reddaris,

2033 5218 2102 5257 ac
2133 5201 2451 5256 studiosior
2477 5200 2815 5271 inquirendi
2843 5202 2958 5256 Dei.
2995 5204 3145 5257 More
3178 5203 3334 5258 enim
3373 5206 3432 5259 in
3459 5205 3687 5260 mundo

2030 5296 2269 5360 recepto
2303 5290 2612 5344 mendicus
2633 5291 2902 5360 quidam,
2947 5291 3185 5346 invento
3208 5295 3514 5364 marsupio
3557 5293 3688 5348 auri

2031 5379 2229 5449 pleno,
2250 5395 2371 5450 pre:
2401 5378 2634 5433 levitate
2658 5378 2861 5448 incipit
2883 5381 3191 5435 vociferari
3211 5399 3222 5436 :
3242 5381 3684 5444 Inveni,inveni

2032 5468 2420 5538 marsuqium,
2447 5467 2606 5524 dives
2628 5484 2776 5524 sum.
2793 5471 2939 5523 Tum
2954 5485 3024 5524 ex
3053 5486 3291 5525 rumore
3308 5469 3553 5532 audivit,
3573 5468 3681 5540 qui

2032 5557 2390 5629 perdiderat,
2423 5573 2492 5613 ac
2531 5557 2754 5629 recepit
2793 5556 2959 5614 illud.
2994 5557 3159 5613 Alius
3201 5558 3367 5613 dives
3400 5557 3685 5628 superbia
