4148 6262
461 294 568 350 699

1766 282 1823 336 S.
1867 276 2163 335 MACARII
2206 275 2514 333 EGYPTII

3718 278 3831 333 700

463 418 729 490 quadam
745 416 927 472 animi
943 414 1150 479 elatus,
1168 410 1432 467 calcibus
1445 412 1641 481 petere
1668 407 1867 479 ccepit,
1880 422 2113 461 omnes-

2244 404 2560 473 ιπελάκτισε,
2613 409 2700 456 καὶ
2752 402 2946 476 ἤρξατο
3002 404 3201 465 πάντας
3251 403 3502 477 ὑϐρίζειν,
3561 409 3651 457 καὶ
3674 405 3828 477 ὑπερ-

466 524 584 579 que
619 504 982 562 contumelia
1014 501 1266 563 afﬁcere,
1298 504 1350 554 et
1376 514 1553 569 super
1568 495 2071 570 quosdamefferri
2098 511 2111 560 ;

467 613 590 668 quo
621 595 825 651 audito
854 610 955 649 rex
981 592 1108 663 ejus
1138 586 1773 662 publicavitbona:sic
1805 602 1865 641 se
1896 601 1989 640 res
2007 584 2116 640 ha-

467 687 567 742 bet
592 688 647 740 in
682 701 742 739 re
789 682 1097 755 spirituali.
1126 678 1439 735 Paululum
1468 678 1683 749 quietis
1714 675 1817 731 ubi
1866 674 2115 747 quidam

468 775 858 845 degustarint,
886 770 1305 827 administrare
1324 767 1383 821 id
1405 768 1687 831 nesciunt,
1718 764 1823 819 sed
1854 764 2113 834 perdunt

468 866 529 920 id
560 879 801 936 quoque
830 860 993 933 quod
1033 863 1403 928 acreperunt.
1428 859 1636 911 Tentat
1663 855 1821 909 enim
1849 869 1951 908 eos
1980 868 2121 925 pec-

470 959 691 1017 catum,
721 956 776 1005 et
805 954 1060 1005 occaecat
1084 947 1320 1001 illorum
1353 950 1631 1000 mentem.

538 1056 1052 1125 IX.Interrogatio.
1075 1056 1211 1109 Post
1226 1052 1619 1109 visitationem
1636 1052 1850 1121 gratia?
1858 1050 2112 1118 factam,

469 1164 581 1223 quo
590 1155 767 1218 pacto
785 1146 1072 1201 labuntur
1089 1141 1366 1198 nonnulli
1377 1140 1628 1197 ?Nonne
1646 1141 1908 1195 Satanas
1926 1139 2112 1193 mani-

465 1240 621 1308 festo
638 1239 809 1305 longe
827 1233 1183 1289 imbecillior
1194 1238 1277 1287 est
1300 1230 1476 1286 “lnam
1491 1230 1595 1284 ubi
1607 1230 1874 1300 dies,qua
1888 1228 2122 1283 ratione

471 1333 659 1397 potest
688 1340 811 1380 nox
836 1338 965 1380 esse
990 1326 1013 1376 .9

542 1449 886 1519 Responsio.
903 1450 1027 1502 Non
1042 1446 1206 1517 quod
1221 1443 1633 1513 exstinguatur
1662 1442 1879 1511 gratia,
1897 1447 1997 1497 aut
2022 1442 2128 1496 im.

472 1541 736 1596 becillior
764 1536 1073 1598 reddatur,
1118 1534 1221 1588 sed
1254 1539 1316 1587 ut
1345 1533 1599 1587 liberum
1624 1531 1933 1586 arbitrium
1960 1536 2131 1586 tuum

472 1647 542 1687 ac
570 1629 821 1684 libertas
859 1624 1304 1696 probetur,quo
1332 1620 1854 1692 vergat,permittit
1883 1625 1939 1675 te
1972 1620 2135 1675 mali-

474 1720 570 1774 tiae
604 1734 615 1773 :
642 1724 830 1787 tuque
854 1730 1059 1769 rursus
1079 1712 1380 1766 voluntate
1409 1726 1600 1781 appro
1618 1709 1917 1781 pinquans
1940 1709 2134 1764 Domi-

487 1825 586 1871 no,
622 1805 985 1866 admoneris,
1014 1807 1073 1855 ut
1122 1801 1344 1854 revisas
1387 1801 1661 1868 gratiam.
1697 1803 1766 1852 At
1806 1814 1927 1868 quo
1958 1804 2133 1869 pacto

2226 494 2470 566 αἰρεσθαί
2522 513 2691 559 τινων,

2229 601 2311 635 σεν
2350 586 2511 635 αὐτοῦ
2541 586 2606 635 τὰ
2643 584 2955 657 ὑπάρχοντα
2990 600 3002 612 ·

2770 494 2880 545 ὅθεν
2958 490 3188 554 ἀκούσας
3240 494 3265 544 ὁ
3316 491 3561 565 βασιλεὺς
3608 490 3834 566 ἐδήμευ-

3059 583 3224 645 οὐτως
3268 588 3356 635 καὶ
3395 583 3462 644 εἰς
3508 586 3566 636 τὸ
3606 602 3835 655 πνευμα-

2226 677 2408 724 τικόν·
2481 679 2672 745 μικρᾶς
2754 672 3093 734 ἀναπαύσεως
3171 671 3255 724 ἐὰν
3328 675 3619 744 γεύσωνταί
3676 692 3832 740 τινες,

2229 760 2321 813 οὐκ
2348 757 2531 813 οἴδασι
2580 759 2874 825 διοικῆσαι,
2910 760 3014 813 ἀλλ’
3052 760 3307 814 ἀπολοῦσι
3353 767 3443 814 καὶ
3496 761 3638 828 αὐτὸ,
3669 763 3834 814 ὄέλαο

2230 850 2336 903 ϐον.
2394 851 2636 918 Πειράξει
2683 853 2781 925 γὰρ
2833 851 3024 913 αὐτοὺς
3081 854 3112 910 ἡ
3166 851 3415 927 ἁμαρτία,
3457 856 3547 904 καὶ
3588 852 3826 912 σκοτίζει

2233 939 2401 991 αὐτῶν
2423 943 2508 991 τὸν
2534 948 2674 994 νοῦν.

2306 1046 2386 1101 Θ¹.
2448 1046 2834 1120 Ἐρώτησις.
2919 1050 3091 1101 Μετά
3166 1051 3230 1099 τὸ
3290 1046 3632 1119 ἐπίσκεψιν
3704 1056 3815 1109 τῆς

2234 1138 2508 1209 χάριτος
2539 1139 2860 1208 γενέσθαι,
2904 1146 3031 1197 πῶς
3068 1141 3385 1190 πίπτουσί
3413 1158 3575 1199 τινες
3608 1159 3622 1205 ς
3658 1142 3825 1210 Οὐχὶ

2236 1229 2260 1279 ὁ
2314 1232 2593 1288 Σατανᾶς
2635 1226 3101 1301 ἀσθενέστερος
3142 1224 3613 1280 ἀποδείκνυται
3643 1228 3835 1297 πολῦ;

2231 1312 2430 1368 Ὀπου
2456 1317 2575 1389 γὰρ
2602 1318 2823 1388 ἡμέρα,
2858 1324 2981 1378 πῶς
3010 1312 3285 1368 δύναται
3307 1316 3417 1379 νύξ
3445 1313 3610 1369 εἶναι
3638 1333 3653 1383 ;

2312 1441 2712 1512 Ἀπόκρισις.
2740 1444 2861 1511 Οὐχ
2913 1440 2994 1491 ὃτι
3024 1442 3052 1498 ἡ
3099 1443 3263 1514 χάρις
3307 1440 3594 1507 σϐέννυται,
3619 1444 3648 1498 ἢ
3685 1440 3850 1494 ἀσθε-

2241 1538 2333 1593 νεῖ,
2390 1529 2494 1582 ἀλλ’
2550 1530 2633 1582 ἵνα
2679 1534 2737 1581 τὸ
2791 1529 3126 1592 αὐτεξούσιον
3184 1549 3300 1597 σου,
3350 1535 3439 1582 καὶ
3496 1532 3526 1588 ἡ
3587 1529 3851 1603 ἐλευθερία

2247 1615 2571 1690 δοκιμασθῇ,
2624 1618 2727 1670 ποῦ
2770 1618 2930 1692 ῥέπει,
3015 1626 3329 1693 παραχωρεί
3382 1626 3445 1691 τῇ
3497 1622 3699 1690 κακίᾳ·
3756 1623 3850 1670 καὶ

2244 1707 2396 1760 πάλιν
2433 1712 2498 1759 σὺ
2528 1716 2599 1777 τῷ
2651 1707 2898 1778 θελήματι
2940 1708 3303 1782 προσεγγίξων
3358 1715 3430 1777 τῷ
3500 1713 3673 1782 Κυρίῳ
3720 1726 3850 1779 προ-

2244 1801 2408 1869 τρέπῃ
2463 1804 2554 1849 τοῦ
2608 1794 2997 1866 ἐπισκέψασθαί
3053 1815 3112 1848 σε
3166 1801 3260 1853 τὴν
3306 1798 3486 1869 χάριν.
3549 1796 3689 1849 Ἐπεὶ
3740 1805 3853 1856 πῶς

474 1896 761 1966 scriptum
793 1898 880 1947 est
913 1908 924 1945 :
968 1890 1259 1957 Spiritum
1296 1903 1369 1943 ne
1406 1888 1798 1957 exstinguatis
1826 1889 1900 1941 7‘:
1936 1887 2131 1957 siipse

474 1980 975 2050 inexstinguibilis
988 1986 1077 2033 est
1092 1984 1145 2032 et
1160 1977 1392 2032 lucidus
1412 1975 1439 2030 ‘P
1455 1979 1533 2031 Tu
1553 1992 1689 2031 vero
1704 1976 2005 2030 voluntate
2029 1980 2132 2030 tua

473 2074 804 2143 negligens,
838 2075 893 2124 et
920 2085 1039 2122 non
1063 2066 1463 2129 consentiens,
1490 2065 1882 2133 exstingueris
1901 2081 1935 2119 a
1955 2064 2131 2135 Spiri-

473 2169 559 2220 tu.
591 2162 808 2216 Eodem
842 2158 1024 2213 modo
1055 2157 1195 2211 dicit
1232 2176 1245 2211 :
1276 2156 1369 2211 Ne
1425 2154 1779 2210 contristetis
1833 2154 2130 2223 Spiritum

474 2257 882 2317 sanctum,per
896 2263 1063 2319 quem
1080 2246 1375 2315 obsignati
1387 2247 1521 2300 estis
1537 2245 1603 2298 in
1616 2243 1768 2298 diem
1784 2243 2129 2310 redemptio-

474 2343 569 2397 nis
591 2343 661 2396 ⁷³.
696 2339 869 2393 Vides
903 2337 962 2391 in
996 2342 1096 2390 tua
1135 2334 1432 2390 voluntate
1475 2333 1651 2387 situm
1697 2348 1847 2399 esse,
1880 2338 1934 2386 et
1969 2332 2024 2385 in
2057 2331 2129 2386 1i-

2243 1891 2553 1959 γέγραπται,
2635 1887 2718 1938 Τὸ
2782 1890 3033 1954 Πνεῦμα
3082 1889 3163 1956 μὴ
3221 1884 3541 1951 σϐέννυτε,
3598 1885 3643 1936 εἰ
3688 1888 3853 1938 ἐκεῖνο

2244 1976 2501 2027 ἄσϐεστον
2530 1977 2660 2039 ἐστι,
2697 1978 2783 2025 xui
2835 1977 3114 2045 φωτεινόν;
3171 1973 3333 2028 Ἀλλά
3365 1978 3430 2026 σὺ
3473 1982 3545 2043 τῷ
3589 1982 3665 2043 σῷ
3700 1974 3847 2033 θελή-

2243 2084 2371 2135 ματι
2429 2062 2648 2133 ἀμελῶν,
2708 2065 2794 2113 καὶ
2841 2065 2913 2133 μὴ
2980 2070 3265 2133 συμφωνῶν
3327 2061 3745 2115 κατασϐέννυσαι
3795 2066 3855 2115 ἐκ

2239 2161 2329 2205 τοῦ
2386 2154 2702 2223 Πνεύματος.
2768 2150 2993 2223 Ὁμοίως
3073 2150 3229 2221 λέγει,
3310 2156 3406 2210 Μὴ
3464 2151 3725 2205 λυπεῖτε
3782 2156 3855 2205 τὸ

2241 2247 2495 2312 Πνεῦμα
2523 2244 2590 2293 τὸ
2623 2239 2829 2310 οἷγιον,
2878 2242 2936 2291 ἓν
3068 2241 3560 2313 ἐσφραγίσθητε
3598 2240 3677 2303 εἰς
3708 2244 3856 2313 ἡμέ-

2238 2350 2349 2403 ραν
2373 2329 2897 2403 ἀπολυτρώσεως.
2950 2328 3106 2401 Ὁρᾷς
3135 2331 3212 2381 ὃτι
3261 2328 3310 2381 ἐν
3347 2338 3419 2400 τῷ
3470 2328 3721 2402 Θελήματί
3755 2350 3854 2384 σου

474 2430 616 2486 hero
640 2427 881 2483 arbitrio
922 2430 1041 2487 tuo,
1073 2429 1134 2478 ut
1164 2424 1387 2478 honore
1418 2421 1645 2476 afﬁcias
1679 2420 1959 2490 Spiritum
1990 2437 2126 2475 san-

476 2525 661 2583 ctum,
695 2523 751 2571 et
782 2530 903 2570 non
931 2514 1266 2568 contristes.
1302 2514 1421 2580 Ego
1477 2526 1614 2564 vero
1646 2509 1750 2564 tibi
1801 2509 1958 2573 dico,
1994 2526 2129 2581 per-

479 2608 643 2663 fectis
671 2620 916 2677 quoque
946 2601 1315 2667 Christianis,
1350 2606 1405 2655 et
1435 2600 1679 2672 quidem
1709 2599 2026 2669 captivatis
2070 2606 2127 2655 et

476 2696 779 2753 inebriatis
802 2708 1005 2747 amore
1037 2690 1445 2759 ergajbonum,
1481 2690 1671 2742 inesse
1694 2688 1946 2742 liberum
1974 2688 2127 2743 arbi-

479 2785 677 2845 trium.
715 2781 872 2836 unde
899 2780 1142 2835 inﬁnitis
1158 2778 1330 2833 malis
1346 2776 1689 2843 examinati,
1705 2781 2129 2831 convertuntur

478 2875 553 2930 ad
587 2874 840 2928 bonum.

547 2982 608 3036 X.
644 2976 891 3033 Perinde
913 2990 983 3029 ac
1020 2974 1067 3027 si
1117 2973 1234 3027 sint
1282 2972 1566 3043 primates
1622 2969 1891 3042 quidam,
1916 2970 2129 3026 divites

478 3085 549 3126 ac
580 3067 835 3131 nobiles,
864 3064 1007 3136 quia
1038 3062 1281 3133 propria
1306 3060 1611 3115 voluntate
1652 3065 1706 3113 et
1732 3060 2012 3115 instinctu
2038 3075 2131 3114 re-

473 3158 751 3229 linquant
775 3153 1013 3208 divitias
1047 3156 1101 3206 et
1122 3149 1496 3205 nobilitatem
1511 3164 1683 3203 suam
1697 3163 1765 3202 ac
1788 3147 2128 3216 dignitates,

473 3252 530 3303 et
550 3247 788 3309 abeant,
813 3258 882 3298 ac
908 3241 1161 3296 induant
1192 3238 1436 3295 sordida
1467 3243 1523 3292 et
1562 3236 1709 3292 vilia
1756 3239 2129 3303 vestimenta,

475 3340 533 3391 et
562 3332 955 3404 ignominiam
985 3344 1093 3401 pro
1142 3328 1351 3397 gloria,
1381 3327 1619 3398 sintque
1670 3324 1867 3381 miseri
1890 3330 1946 3381 et
1974 3326 2135 3395 abje-

474 3425 550 3481 cti
586 3424 734 3491 ;hoc
776 3422 957 3475 situm
1006 3418 1179 3472 estin
1236 3432 1442 3471 eorum
1493 3415 1738 3486 propria
1789 3414 2123 3471 voluntate.

477 3515 600 3581 Ego
629 3526 766 3566 vero
799 3508 900 3563 tibi
939 3508 1093 3570 dico,
1125 3506 1289 3576 quod
1320 3504 1483 3575 ipsos
1532 3520 1771 3575 quoque
1800 3506 2125 3574 apostolos,

474 3600 571 3655 vel
598 3603 1047 3653 consummatos
1066 3595 1126 3648 in
1155 3594 1366 3661 gratia,
1386 3609 1503 3647 non
1528 3592 1897 3657 prohibuerit
1917 3594 2128 3662 gratia,

472 3704 595 3762 quo
631 3688 849 3749 minus,
878 3701 1013 3757 quae
1072 3683 1301 3746 vellent,
1342 3681 1691 3752 perﬁcerent
1726 3698 1736 3736 :
1771 3681 2009 3736 etiamsi
2028 3698 2125 3737 vo-

2164 3101 2207 3158 Ο
2245 3082 2369 3126 σιοι,

2238 2427 2422 2485 κεῖται,
2476 2425 2567 2472 καὶ
2609 2421 2656 2472 ἑν
2705 2427 2766 2491 τῇ
2814 2418 3244 2480 αὐτεξουσιότητί
3301 2438 3417 2484 σου,
3450 2422 3506 2471 τὸ
3533 2429 3764 2491 τιμῆσαι
3791 2424 3854 2474 τὸ

2238 2516 2450 2581 Πνεῦμα
2495 2513 2554 2560 τὸ
2608 2508 2777 2578 ἅγιον,
2862 2514 2951 2560 καὶ
3009 2512 3080 2580 μὴ
3146 2509 3402 2567 λυπῆσαι.
3462 2508 3594 2580 Ἐγὼ
3650 2507 3711 2562 δέ
3761 2530 3847 2563 σοι

2239 2599 2389 2669 λέγω,
2446 2598 2527 2650 ὃτι
2560 2602 2649 2649 καὶ
2701 2603 2809 2663 τοῖς
2867 2597 3073 2658 τελείοις
3127 2604 3463 2670 Χριστιανοίς
3502 2605 3607 2660 τοῖς
3661 2598 3839 2671 ᾐχμᾶ,

2237 2688 2597 2758 λωτισμένοις,
2690 2691 2779 2738 καὶ
2863 2688 3273 2758 μεμεθυσμένοις
3353 2687 3423 2747 εἰς
3501 2690 3558 2739 τὸ
3621 2686 3837 2759 ἀγαθὸν-

2241 2780 2449 2829 σύνεστι
2505 2779 2562 2828 τὸ
2622 2775 2975 2842 αὐτεξούσιον,
3040 2778 3153 2829 ὅθεν
3214 2782 3424 2849 μυρίοις
3471 2784 3651 2839 κακοῖς
3675 2777 3839 2839 ἐξετα-

2246 2868 2448 2928 σθέντες
2479 2870 2750 2939 τρέπονται
2781 2863 2865 2917 ἐπὶ
2895 2869 2949 2916 τὸ
2982 2864 3196 2936 ἀγαθόν.

2312 2974 2369 3028 Ι¹.
2429 2972 2628 3048 ’Ὠσπερ
2661 2974 2782 3023 ὅταν
2830 2971 2930 3024 ὦσί
2985 2991 3113 3032 τινες
3174 2971 3536 3044 ἀξιωματικοὶ,
3569 2977 3651 3024 καὶ
3674 2970 3829 3024 πλού-

2451 3067 2539 3113 καὶ
2604 3061 2839 3133 εὐγενεῖς,
2918 3066 3008 3113 καὶ
3057 3060 3203 3113 οὗτοι
3279 3059 3401 3134 ἰδίῳ
3456 3062 3699 3133 θελήματι
3746 3066 3837 3113 καὶ

2241 3155 2543 3225 προαιρέσει
2588 3150 2919 3203 καταλίπωσι
2970 3153 3056 3202 τὸν
3114 3150 3354 3216 πλοῦτον,
3418 3156 3510 3203 καὶ
3567 3156 3661 3210 τὴν
3705 3149 3849 3221 εὐγέ-

2242 3261 2378 3294 νειαν
2441 3240 2630 3309 αὐτῶν,
2699 3244 2787 3292 καὶ
2844 3242 2911 3293 τά
2962 3239 3253 3308 ἀξιώματα,
3319 3245 3410 3293 καὶ
3471 3240 3735 3293 ἀπέλθωσι
3759 3245 3854 3293 καὶ

2244 3326 2566 3383 ἓνδύσωνται
2609 3330 2821 3403 ῥυπαρά
2876 3334 2966 3381 καὶ
3017 3332 3235 3403 πενικρά
3283 3327 3539 3401 ἑδύματα,
3602 3334 3691 3382 καὶ
3742 3328 3855 3382 ἀτι-

2244 3424 2369 3491 μίαν
2400 3417 2515 3470 ἀντὶ
2542 3414 2714 3482 δόξης,
2779 3422 2869 3470 καὶ
2930 3414 3037 3470 ὦσι
3089 3418 3549 3492 ταλαιπωροῦντες,
3579 3424 3671 3471 καὶ
3709 3418 3856 3482 ἐξου-

2248 3504 2567 3578 δενούμενοι,
2621 3514 2770 3559 τοῦτο
2796 3506 3195 3560 καταλέλειπται
3246 3515 3321 3577 τῷ
3357 3504 3476 3578 ἰδίῳ
3508 3507 3677 3560 αὐτῶν
3707 3506 3857 3567 θελή-

2247 3614 2390 3667 ματι.
2431 3595 2560 3666 Ἐγὼ
2602 3592 2662 3647 δέ
2695 3614 2779 3647 σοι
2807 3595 2958 3666 λέγω,
3010 3597 3091 3647 ὅτι
3118 3600 3208 3648 καὶ
3237 3600 3358 3657 τοὺς
3389 3596 3705 3656 ἀποστόλους
3735 3600 3865 3658 τοὺς

2246 3684 2655 3754 τετελειωμένους
2704 3683 2751 3734 ἐν
2807 3692 2866 3755 τῇ
2922 3686 3131 3758 χάριτι,
3190 3685 3247 3737 οὐ
3282 3685 3562 3738 κεκώλυκεν
3594 3688 3623 3743 ἡ
3667 3688 3861 3757 χάρις,

471 3778 718 3833 luissent
745 3775 1122 3846 ipsi,ea,qu&3
1157 3770 1808 3841 displicebantgratiaa,
1830 3786 2134 3841 peragere.

473 3871 697 3923 Natura
736 3864 895 3920 enim
960 3868 1163 3918 nostra
1230 3876 1423 3930 capax
1472 3866 1579 3926 est,
1631 3864 1754 3914 tum
1812 3859 1955 3915 boni
2009 3866 2138 3917 tum

474 3956 614 4013 mali
650 3972 663 4010 :
697 3970 766 4009 ac
801 3958 1063 4025 potestas
1096 3950 1438 4006 adversaria
1459 3949 1838 4004 exhortandi.
1876 3965 1997 4004 non
2038 3966 2128 4006 co-

473 4044 653 4116 gendi
700 4046 820 4099 vim
876 4041 1056 4097 habet
1092 4054 1102 4092 :
1148 4039 1350 4111 quoad
1391 4043 1608 4094 caetera
1650 4037 1837 4094 habes
1868 4038 2125 4095 liberum

472 4135 783 4191 arbitrium
844 4130 1129 4201 vergendi
1190 4144 1555 4200 quocunque
1608 4127 1889 4183 volueris.
1934 4131 2138 4185 Nonne

474 4223 821 4296 perpendis,
835 4223 1074 4277 Petrum
1090 4219 1279 4288 fuisse
1308 4218 1728 4285 reprehensum
1747 4219 1879 4282 7°,et
1894 4219 2138 4273 Paulum

474 4313 798 4368 abeuntem
826 4310 1095 4378 arguisse
1119 4308 1287 4361 illum
1312 4324 1324 4369 ;
1356 4307 1479 4376 qui,
1499 4306 1778 4376 quamvis
1809 4305 1941 4361 talis
1960 4312 2138 4373 esset,

479 4401 678 4457 adhuc
713 4397 1193 4469 reprehensibilis
1214 4396 1380 4451 erat?
1400 4394 1611 4449 Paulus
1625 4411 1885 4467 quoque,
1905 4397 2005 4466 qui
2020 4403 2143 4451 erat

481 4487 1075 4561 spiritualis,propria
1090 4485 1395 4540 voluntate
1415 4483 1873 4554 disputationem
1887 4488 2144 4555 suscepit

482 4596 621 4634 cum
651 4575 946 4640 Barnaba,
978 4581 1031 4629 et
1070 4593 1081 4629 :
1116 4575 1219 4629 Ira
1247 4573 1597 4629 exacerbati
1646 4573 2041 4629 discesserunt
2070 4575 2144 4629 ab

2248 3774 2282 3825 οἷ
2333 3772 2597 3825 ἐϐούλοντο
2658 3772 2872 3847 πρᾶξαι,
2933 3777 3033 3846 εἴγε
3088 3774 3267 3834 ἤθελον
3324 3775 3468 3827 αὐτοὶ
3536 3779 3740 3843 ἐκεῖνοι,
3789 3780 3865 3846 μὴ

2250 3862 2536 3936 ἀρέσκοντα
2565 3882 2681 3914 τινα
2718 3869 2778 3935 τῇ
2827 3864 3016 3934 χάριτι
3075 3861 3512 3935 διαπράττεσθαι.
3561 3868 3661 3916 Καὶ
3691 3866 3799 3936 γὰρ
3826 3866 3861 3921 ἡ

2250 3954 2406 4023 φύσις
2437 3952 2582 4022 ἡμῶν
2645 3948 2855 4010 δεκτικὴ
2915 3952 3071 4004 καλοῦ
3140 3958 3229 4005 καὶ
3285 3960 3449 4004 κακοῦ
3506 3951 3651 4005 ἐστι·
3691 3957 3783 4005 καὶ
3824 3954 3858 4011 ἡ

2249 4039 2452 4091 ἐναντία
2539 4036 2758 4112 δύναμις
2824 4046 3197 4116 προτρεπτικὴ,
3281 4042 3373 4094 οὐκ
3463 4040 3863 4113 ἀναγκαστικίμ

2252 4132 2446 4182 Λοιπὸν
2481 4132 2546 4180 σὺ
2578 4131 2715 4199 ἔχεις
2768 4132 2824 4181 τὸ
2867 4129 3200 4192 αὐτεξούσιον
3247 4130 3423 4205 ῥέψαι,
3476 4132 3603 4183 ὅπου
3656 4128 3857 4203 βούλει.

2251 4219 2373 4290 Οὐχ
2404 4220 2547 4291 ὁρᾷς,
2581 4219 2661 4271 ὅτι
2729 4223 2971 4293 Πέτρος
3036 4224 3579 4292 κατεγνωσμένος
3630 4216 3720 4285 ἦν,
3768 4224 3859 4271 καὶ

2252 4307 2482 4361 ἀπελθὼν
2530 4307 2725 4368 Παυλος
2779 4307 2985 4379 ἤλεγξεν
3049 4309 3224 4375 αὐτὸν,
3276 4315 3365 4361 καὶ
3422 4310 3445 4361 ὁ
3503 4317 3733 4369 τοιοῦτος
3765 4308 3857 4359 ἀκ-

2251 4402 2352 4469 μὴν
2397 4401 2817 4469 κατεγνωσμένος
2872 4394 2971 4464 iv;
3036 4404 3126 4451 xui
3179 4400 3203 4449 6
3249 4398 3453 4460 Παῦλος
3510 4401 3856 4471 πνευματικὸς

2250 4492 2338 4552 ὢν,
2392 4486 2446 4537 ἐκ
2512 4493 2603 4538 τοῦ
2687 4482 2826 4537 ἰδίου
2899 4487 3182 4559 θελήματος
3239 4484 3508 4540 διάλεκτον
3572 4487 3844 4543 ἐποιήσατο

497 4669 669 4739 106
696 4668 943 4722 invicem
972 4665 1015 4699 ⁷⁷
1054 4664 1253 4734 liaque
1276 4663 1464 4733 inquit
1493 4662 1685 4716 idem:
1721 4663 1827 4715 Vos
1852 4662 1953 4733 qui
1973 4662 2145 4731 spiri-

486 4759 677 4812 tuates
706 4757 857 4819 estis,
888 4754 1224 4808 instaurate
1256 4751 1603 4821 hujusmodi
1633 4751 1847 4819 spiritu
1876 4767 2141 4808 mansue-

496 4844 718 4900 tudinis
732 4843 1117 4899 eonsiderans
1137 4840 1529 4909 temetipsum,
1548 4855 1620 4896 ne
1641 4844 1691 4893 et
1713 4845 1777 4894 tu
1802 4843 2041 4896 tenteris
2070 4840 2141 4905 ⁷⁸,

490 4936 637 4988 Ecce
680 4931 1014 5003 spirituales
1080 4934 1398 4993 tentantur,
1434 4930 1575 5000 quia
1621 4934 1890 4999 superest
1945 4930 2145 4984 adhuc

487 5020 802 5077 arbitrium
863 5019 1162 5083 liberum;
1196 5022 1252 5073 et
1303 5018 1504 5073 hostes
1569 5020 1817 5083 instant,
1869 5018 2141 5089 quandiu

490 5114 802 5167 versantur
831 5100 889 5162 in
910 5108 1025 5163 hoc
1057 5106 1298 5162 saeculo.

564 5218 645 5271 XI.
680 5216 1104 5285 Interrogatio.
1135 5215 1263 5269 Non
1292 5217 1566 5284 poterant
1587 5229 1836 5281 peccare
1866 5215 2134 5281 apostoli,

486 5308 538 5363 si
564 5307 908 5370 voluissent,
936 5319 1011 5360 an
1026 5318 1161 5360 vero
1187 5303 1315 5372 ipsa
1346 5304 1652 5360 voluntate
1685 5304 1984 5373 potentior
2011 5311 2136 5359 erat

490 5397 692 5469 gratia
713 5398 738 5452 ?

552 5501 892 5573 Responsio.
920 5504 1163 5557 Peccare
1193 5498 1439 5573 quidem
1491 5515 1614 5555 non
1652 5504 1929 5572 poterant
1964 5521 1975 5565 ;
2008 5516 2128 5556 non

554 5666 601 5707 ⁷⁸
632 5665 653 5723 I
686 5663 889 5719 Thess.
921 5680 976 5735 γ,
1012 5662 1095 5717 19.
1198 5662 1246 5697 ⁷⁵
1282 5660 1593 5733 Ephes.1v,
1616 5660 1741 5715 340.

1816 5660 1865 5695 ⁷⁵
1897 5659 2017 5716 Gal.
2054 5678 2108 5726 u,
2140 5666 2223 5717 tl.

2252 4578 2381 4647 μετὰ
2406 4573 2664 4648 Βαρνάϐα,
2704 4580 2812 4638 καὶ,
2863 4575 3383 4649 Παροξυνθέντες
3432 4575 3838 4647 ἀνεχώρησαν

2254 4664 2353 4715 ἀπ’
2402 4662 2722 4721 ἀλλήλων.
2778 4668 2878 4716 Καὶ
2909 4664 3060 4715 πάλιν
3089 4666 3113 4714 ὁ
3154 4664 3310 4727 αὐτὸς
3340 4664 3496 4736 λέγει,
3536 4664 3738 4736 Ὑμεῖς
3784 4662 3843 4712 οἱ

2253 4756 2681 4824 πνευματικοὶ
2733 4753 3173 4827 καταρτίζετε
3211 4755 3315 4805 τὸν
3356 4761 3668 4817 τοιοῦτον,
3705 4769 3846 4803 σκο-

2251 4851 2377 4894 πῶν
2443 4844 2734 4912 σεαυτὸν,
2770 4846 2850 4914 μὴ
2905 4847 3014 4894 καὶ
3066 4846 3138 4895 σὺ
3188 4844 3568 4915 πειρασθῇς.
3628 4837 3769 4893 Ἰδού
3808 4842 3857 4892 οὶ

2251 4936 2593 5003 πνευματικοὶ
2649 4931 3009 5004 πειράζονται,
3053 4929 3148 4984 διὰ
3207 4935 3267 4984 τὸ
3325 4936 3635 5004 παραμένειν
3684 4933 3761 4982 ἔτι
3798 4933 3857 4982 τὸ

2252 5019 2586 5081 αὐτεξούσιον
2623 5038 2633 5049 ·
2669 5024 2757 5072 καὶ
2787 5023 2835 5071 οἰ
2888 5022 3078 5093 ἐχθροὶ
3110 5019 3417 5091 ἐπίκεινται,
3444 5021 3537 5082 ἕως
3565 5022 3687 5072 ὅτου
3718 5019 3852 5072 εἰσὶν

2251 5111 2299 5161 ἓν
2335 5116 2408 5179 τῷ
2441 5110 2589 5161 αἰῶνι
2619 5110 2808 5180 τούτῳ.

2321 5215 2428 5269 ΙΛ’.
2462 5214 2833 5288 Ἐρώτησις.
2903 5216 3029 5269 Οὐκ
3081 5213 3400 5275 ἠδύναντο
3454 5216 3859 5292 ἁμαρτάνειν

2246 5304 2703 5369 οἰάπὸστολοι,
2749 5305 2800 5358 εἰ
2840 5306 3083 5371 ἤθελον,
3118 5306 3495 5364 ἤκαὶαύτοῦ
3528 5313 3634 5359 τοῦ
3686 5305 3864 5364 θελή-

2243 5414 2438 5466 ματος
2482 5394 2890 5469 ἰσχυροτέρα
2929 5392 2998 5453 ἧν
3030 5397 3059 5453 ἡ
3094 5397 3290 5470 χάρις
3325 5412 3338 5461 ;

2313 5500 2709 5576 Ἀπόκρισις.
2742 5500 3081 5575 Ἄμαρτάνειν
3131 5505 3219 5575 μὲν
3274 5502 3367 5554 οὐκ
3396 5497 3652 5559 ἠδύναντο
3689 5518 3701 5531 ·
3738 5505 3863 5556 οὔτε

2326 5663 2371 5696 ⁷⁷
2405 5665 2534 5719 Act.
2569 5678 2661 5727 xv,
2698 5667 2785 5718 15.
2880 5662 2929 5696 ⁷⁸
2956 5661 3081 5719 Gal.
3124 5678 3194 5729 vr,
3232 5667 3281 5719 t.
