4148 6262
314 260 411 314 701

1566 254 1906 315 HOMILIA'S.
1946 285 2014 295 —
2054 254 2226 311 HOM.
2281 256 2497 314 XXVII.

3570 271 3672 326 702

312 386 415 458 γὰρ
472 386 689 457 ᾑροῦντο
742 382 791 435 ἐν
835 390 963 457 φωτὶ
1006 383 1146 446 ὄντες
1196 388 1285 436 καὶ
1339 383 1386 436 ἐν
1433 385 1621 457 χάριτι
1668 384 1884 455 τοιαύτῃ

2025 380 2183 437 enim
2214 383 2670 453 extollebantur,
2702 385 2929 459 quippe
2959 388 3062 460 qui
3111 394 3282 447 erant
3318 391 3547 450 lumine
3602 412 3672 452 ac

313 473 455 531 Πλὴν
514 476 576 525 ού
631 473 863 547 λέγομεν,
917 473 997 525 ὃτι
1066 476 1096 532 ἡ
1151 475 1311 545 χάρις
1360 475 1408 525 ἓν
1461 473 1633 533 αὐτοῖς
1683 473 1907 542 ἠσθένει,

311 560 440 614 ἀλλὰ
486 562 717 634 λέγομεν,
777 565 858 615 ὅτι
912 564 1282 636 παραχωρεῖή
1339 564 1500 634 χάρις
1557 568 1647 614 καὶ
1674 568 1784 622 τοῖς
1833 580 1911 613 τε·

307 649 462 713 λείοις
518 658 885 723 πνευματικοῖς
948 654 1089 724 ἔχειν
1166 654 1232 703 τὰ
1317 651 1599 724 θελήματα,
1670 655 1761 702 καὶ
1816 654 1911 707 τὴν

306 737 545 801 ἐξουσίαν
591 748 683 793 τοῦ
730 748 895 793 ποιεῖν
948 742 984 792 οἱ
1034 741 1258 806 θέλουσι,
1317 746 1408 793 καὶ
1454 740 1732 815 τρέπεσθαι
1781 740 1908 791 ὅπου

305 826 604 901 βούλονται.
658 834 757 883 Καὶ
790 830 921 888 αὐτὴ
971 827 1028 883 δ⁴ε
1058 832 1087 889 ἠ
1125 833 1281 902 φύσις
1328 832 1357 888 ἡ
1407 828 1702 904 ἀνθρωπίνη
1755 827 1905 880 ἀσθε-

299 921 393 978 νὴς
434 915 586 983 ,οὖσα
637 920 749 990 ἔχει
806 918 1066 985 ἐξουσίαν,
1123 923 1212 971 καὶ
1271 923 1513 979 συνόντος
1559 927 1651 971 τού
1709 916 1906 988 ἀγαθοῦ

299 1009 601 1077 τρέπεσθαι.
659 1006 860 1080 ⁴Ὢσπερ
916 1006 998 1060 ἐὰν
1060 1006 1159 1061 ὦσί
1217 1028 1349 1069 τινες
1398 1004 1728 1080 ἐνδεδυμένοι
1781 1026 1905 1059 παν-

297 1095 500 1160 οπλίαν,
556 1098 786 1169 θώρακα,
845 1102 933 1149 καὶ
983 1096 1132 1162 ὅπλα,
1184 1100 1242 1149 τὸ
1293 1097 1470 1149 λοιπόν
1528 1098 1714 1149 ἔσωθέν
1772 1096 1904 1147 εἰσιν

297 1184 698 1257 ἠσφαλισμένοι,
729 1190 821 1237 καὶ
879 1185 1063 1265 ἐχθροὶ
1113 1187 1207 1238 οὐκ
1255 1185 1570 1258 ἐπέρχονται
1618 1184 1833 1245 αὐτοῖς·
1869 1185 1897 1242 ἦ

295 1276 607 1347 ἐπέρχονται
662 1278 775 1346 μὲν,
832 1274 1009 1327 λοιπόν
1066 1270 1125 1327 δὲ
1186 1276 1233 1326 ἓν
1296 1284 1368 1345 τῷ
1424 1274 1676 1345 θελήματι
1734 1273 1901 1325 αὐτῶν

294 1361 456 1428 ἐστιν,
510 1368 541 1421 ἦ
600 1366 915 1438 χρήσασθαι
977 1369 1080 1423 τοῖς
1149 1364 1324 1425 ὃπλοῖς
1391 1368 1480 1416 καὶ
1548 1363 1902 1433 ἀνταγωνίσα-

298 1452 446 1521 σθαι,
502 1457 589 1504 καὶ
644 1452 1015 1505 ἀντιπαλαῖσαι
1045 1460 1155 1513 τοῖς
1207 1453 1439 1524 ἐχθροῖς,
1497 1457 1583 1504 καὶ
1638 1454 1703 1504 τά
1757 1472 1900 1508 νικη-

291 1544 450 1614 τήρια
499 1540 900 1612 ἀπενέγκασθαι,
953 1545 983 1600 ἧ
1033 1538 1422 1601 συνηδυνθῆναι
1468 1547 1553 1594 καὶ
1604 1541 1899 1615 εἰρηνεῡσαι

292 1631 422 1698 μετά
464 1638 560 1681 τῶν
609 1628 834 1704 ἐχθρῶν,
893 1635 983 1682 καὶ
1039 1636 1109 1702 μὴ
1156 1630 1472 1702 πολεμῆσαι,
1532 1635 1702 1681 καίτοι
1749 1632 1897 1700 ἕχον-

2022 471 2215 539 gratia
2245 472 2494 543 praediti.
2528 476 2654 530 Non
2693 481 2893 531 tamen
2924 476 3183 533 dicimus
3218 479 3575 539 imbecillem
3610 486 3669 540 in

2020 559 2089 614 iis
2112 559 2294 615 fuisse
2321 562 2571 629 gratiam
2598 579 2611 628 ;
2637 562 2742 617 sed
2769 565 3029 620 dicimus
3050 567 3303 638 gratiam
3334 572 3669 641 permittere

2021 646 2111 703 vel
2161 648 2307 719 ipsis
2341 649 2749 720 spiritualibus
2794 653 3087 725 perfectis,
3123 662 3183 712 ut
3233 657 3494 716 habeant
3526 678 3668 717 suas

2019 737 2376 805 voluntates,
2409 755 2479 794 ac
2517 747 2869 811 potestatem
2900 743 3158 799 faciendi
3198 762 3575 820 quaecunque
3605 750 3670 805 Ii-

2017 825 2272 891 buerint,
2308 834 2363 883 et
2400 827 2727 885 inclinandi
2770 846 2893 901 quo
2934 832 3242 890 voluerint.
3276 836 3391 907 Ipsi
3424 853 3668 911 quoque

2017 920 2247 970 natura;
2286 916 2588 983 humanm,
2624 924 2687 974 ut
2736 919 3053 976 imbecillis
3092 929 3196 989 est,
3241 924 3391 990 licet,
3436 928 3669 984 etiamsi

2014 1002 2244 1059 bonum
2293 1005 2371 1059 illi
2417 1007 2723 1073 inhaireat,
2755 1010 3013 1065 converti
3057 1016 3113 1065 et
3161 1014 3392 1069 mutari.
3449 1016 3668 1081 Quem-

2016 1093 2350 1149 admodum
2384 1096 2431 1149 si
2460 1096 2710 1167 quidam
2746 1096 3089 1154 universam
3117 1109 3508 1168 armaturam,
3537 1105 3663 1161 tho-

2012 1197 2233 1247 racem,
2257 1191 2494 1239 etarma
2517 1184 3133 1259 fuerintinduti,quod
3155 1189 3233 1244 ad
3251 1197 3484 1259 caetera,
3504 1195 3663 1250 intus

2012 1277 2150 1325 sunt
2175 1271 2406 1338 muniti,
2431 1288 2540 1328 nec
2561 1273 2762 1329 hostes
2791 1275 3082 1331 insultant
3104 1277 3247 1336 illis:
3278 1286 3383 1335 aut
3410 1282 3455 1335 si
3482 1282 3665 1339 insul-

2013 1360 2204 1425 tarint,
2228 1360 2285 1414 in
2318 1376 2527 1416 eorum
2554 1362 2857 1418 voluntate
2889 1364 3065 1420 situm
3088 1373 3194 1432 est,
3223 1372 3324 1423 aut
3351 1369 3430 1423 uti
3459 1373 3662 1438 armis,

2010 1463 2346 1518 repugnare
2386 1466 2455 1504 ac
2489 1451 2758 1506 reluctari
2801 1452 3096 1519 hostibus,
3133 1461 3188 1509 et
3236 1458 3543 1514 victoriam
3576 1477 3663 1516 re-

2009 1535 2191 1602 ferre;
2221 1543 2321 1592 aut
2342 1538 2598 1594 deliciari
2629 1545 2683 1593 et
2710 1556 2922 1610 pacem
2952 1542 3097 1597 inire
3128 1558 3260 1598 cum
3293 1545 3585 1612 hostibus,
3607 1554 3663 1605 et

2009 1640 2127 1680 non
2151 1625 2474 1691 decertare,
2492 1630 2773 1699 quamvis
2793 1629 3059 1686 habeant
3079 1649 3284 1692 arma:
3318 1636 3399 1689 sic
3419 1654 3661 1709 quoque

289 1734 368 1775 τες
412 1716 579 1768 ὅπλα·
632 1717 765 1769 οὕτω
812 1722 900 1769 καὶ
958 1720 1005 1769 οἱ
1054 1723 1367 1790 Χριστιανοὶ
1424 1714 1755 1789 ἐνδεδυμένοι
1802 1720 1887 1774 τὴν

2010 1714 2322 1769 Christiani
2353 1716 2672 1785 perfectam
2707 1718 2983 1772 virtutem
3014 1718 3228 1785 induti,
3261 1728 3315 1777 et
3345 1740 3515 1780 arma
3546 1742 3661 1781 coa-

287 1804 477 1857 τελείαν
530 1802 771 1877 δύναμιν,
826 1811 915 1858 καὶ
976 1809 1184 1878 ἔχοντες
1241 1810 1307 1858 τὰ
1358 1807 1491 1859 ὃπλα
1553 1809 1618 1858 τά
1679 1808 1897 1879 ἐπουρά-

284 1912 389 1957 νια,
420 1893 465 1945 εἰ
518 1894 745 1959 θελουσι,
810 1892 1128 1954 συνήδονται
1159 1904 1229 1966 τῷ
1281 1903 1500 1967 Σατανᾷ,
1535 1901 1623 1947 καὶ
1672 1898 1895 1966 εἰρηνεύ-

284 2000 407 2033 ουσι
472 1984 581 2055 μετ’
660 1984 840 2052 αὐτοῦ,
906 1990 994 2037 καὶ
1052 1985 1109 2037 ού
1167 1985 1472 2055 πολεμοῦσι.
1532 1989 1735 2057 Τρεπτὴ
1793 1987 1892 2057 γάρ

282 2069 427 2121 ἐστιν
478 2073 507 2129 ἡ
567 2075 743 2144 φύσις,
798 2078 887 2125 καὶ
944 2074 987 2125 εἰ
1043 2074 1171 2126 θέλει
1229 2094 1328 2138 τις,
1387 2078 1584 2143 γίνεται
1641 2076 1749 2133 υἱός
1802 2082 1893 2125 τού

284 2166 440 2226 Θεοῦ,
494 2164 591 2214 εἴτε
633 2162 787 2214 πάλιν
839 2165 952 2225 υίὸς
999 2163 1275 2228 ἀπωλείας,
1333 2159 1428 2215 διὰ
1472 2167 1529 2215 τό
1580 2166 1893 2236 παραμένειν

280 2250 341 2300 τό
372 2249 724 2313 αὐτεξούσιον.

359 2357 456 2411 ῙΒ’.
510 2356 665 2410 ’Ἄλλο
722 2360 836 2411 ἐστὶ
883 2362 940 2411 τό
994 2364 1110 2431 περὶ
1162 2360 1321 2432 ἄρτου
1375 2356 1748 2429 διηγήσασθαι
1802 2364 1888 2412 xui

278 2447 558 2520 τραπέζης,
622 2453 712 2500 καὶ
768 2448 889 2500 ἄλλο
920 2451 1031 2501 ἐστὶ
1080 2456 1256 2519 φαγεῖν
1309 2453 1392 2501 καὶ
1449 2448 1619 2501 λαϐεῖν
1679 2452 1765 2502 τόν
1812 2454 1892 2501 νό-

284 2553 405 2586 στον
460 2544 551 2587 τοῦ
604 2537 787 2610 ἄρτου,
847 2542 936 2589 καὶ
992 2534 1418 2608 ἐνδυναμωθῆναι
1470 2537 1562 2589 ὅλα
1618 2540 1683 2590 τὰ
1738 2539 1887 2610 μελη.

281 2622 438 2677 ’Δλλο
468 2624 608 2678 ἐστὶν
658 2626 813 2679 εἰπεῖν
868 2631 984 2700 περὶ
1028 2635 1185 2678 ποτοῦ
1240 2623 1508 2685 ἡδυτάτου
1556 2626 1751 2698 λόγοις,
1804 2633 1888 2682 xui

280 2716 403 2770 ἄλλο
469 2718 607 2772 ἐστὶν
655 2718 888 2772 ἀπελθεῖν
948 2725 1038 2772 καὶ
1107 2716 1409 2791 δράξασθαι
1461 2720 1516 2783 ἐξ
1574 2721 1737 2783 αὐτῆς
1794 2730 1890 2785 τῆς

276 2815 466 2878 πηγῆς,
500 2813 591 2861 xui
626 2808 992 2880 ἐμπλησθῆναι
1039 2808 1203 2871 αὐτῆς
1232 2818 1328 2871 τῆς
1376 2812 1605 2880 γεύσεως
1635 2818 1726 2863 τοῦ
1758 2807 1889 2869 ἡδυ-

274 2898 434 2948 τάτου
463 2906 642 2950 ποτοῦ.
690 2896 845 2950 Ἀλλο
888 2896 1003 2951 ἐστὶ
1051 2894 1422 2968 διηγήσασθαι
1470 2904 1585 2970 περὶ
1640 2899 1884 2971 πολέμου,

272 2989 363 3036 καὶ
396 2990 638 3054 γενναίων
678 2984 932 3051 ἀθλητῶν,
972 2990 1063 3037 καὶ
1102 2987 1447 3058 πολεμιστῶν,
1488 2992 1578 3038 καὶ
1613 2987 1734 3038 ἄλλο
1772 2988 1886 3040 ἐστὶ

272 3075 330 3123 τό
363 3071 597 3125 ἀπελθεῖν
645 3092 763 3125 τινα
808 3073 874 3133 εἰς
913 3073 1204 3145 παράταξιν
1248 3074 1493 3144 πολέμου,
1541 3080 1629 3126 καὶ
1685 3075 1885 3146 συμϐα-
1923 3090 1962 3145 C

270 3155 371 3209 λεῖν
395 3165 507 3220 τοῖς
536 3159 768 3231 ἐχθροῖς,
800 3164 888 3211 xui
912 3159 1154 3211 εἰσελθεῖν
1185 3165 1275 3211 xui
1305 3160 1539 3226 ἐξελθεῖν,
1569 3166 1659 3212 καὶ
1687 3160 1882 3245 λαϐεῖν,

269 3251 358 3298 xui
419 3242 621 3311 δοῦναι,
683 3252 773 3299 xui
831 3246 1217 3318 ἀπενέγκασθαι
1264 3251 1330 3300 τὰ
1377 3254 1684 3322 νικητήρια.
1734 3242 1885 3303 Ούτῶ

269 3333 363 3386 κάν
394 3342 499 3395 τοῖς
545 3344 934 3408 πνευματικοῖς.
968 3336 1121 3391 ⁴¹Αλλο
1152 3337 1265 3390 ἐστὶ
1308 3341 1366 3391 τό
1422 3345 1613 3410 γνώσει
1662 3344 1763 3391 τινὶ
1794 3333 1884 3391 καὶ

269 3427 347 3475 νοῑ
396 3420 661 3495 διηγῆσαι
690 3426 894 3497 λόγους,
936 3432 1024 3478 καὶ
1075 3426 1197 3478 i110
1244 3430 1359 3480 ἐστὶ
1404 3432 1460 3479 τὸ
1492 3431 1540 3479 ἐν
1594 3429 1882 3480 ὑποστάσει

269 3517 357 3565 xui
406 3515 560 3587 ἔργῳ,
610 3519 697 3566 καὶ
746 3514 794 3565 ἐν
846 3514 1188 3588 πληροφορίᾳ,
1243 3521 1333 3568 xui
1379 3515 1427 3568 ἐν
1475 3526 1547 3587 τῷ
1596 3513 1740 3569 ἔνδον
1795 3516 1879 3569 ἀν-

266 3602 473 3675 θρώπῳ,
541 3609 630 3655 καὶ
682 3612 754 3674 τῷ
797 3613 866 3675 νῷ
918 3607 1058 3676 ἔχειν
1131 3609 1215 3657 τόν
1282 3607 1567 3679 θησαυρὸν,
1618 3611 1707 3658 xui
1782 3611 1876 3665 τὴν

260 3693 443 3765 χάριν,
477 3696 567 3743 xui
610 3697 703 3751 τὴν
748 3701 948 3764 γεῦσιν,
1000 3698 1089 3746 xui
1133 3698 1225 3752 τὴν
1274 3693 1526 3765 ἐνέργειαν
1573 3702 1666 3747 τοῦ
1718 3695 1872 3767 ἁγίου

262 3784 576 3853 Πνεύματος.
625 3784 690 3834 Οἱ
740 3785 841 3856 γὰρ
898 3782 1085 3853 ψιλούς
1136 3783 1316 3853 λόγους
1371 3786 1615 3855 λέγοντες,
1680 3788 1873 3857 φαντά-

265 3870 461 3935 ζονται,
498 3877 585 3922 xui
623 3880 934 3943 φυσιοῦνται
976 3874 1076 3923 ὑπὸ
1124 3880 1213 3924 τοῦ
1248 3876 1358 3932 νοός
1404 3873 1592 3927 αύτῶν.
1626 3872 1694 3925 Ὀ
1750 3876 1869 3945 γὰρ

262 3955 465 4027 λόγος,
488 3964 863 4031 φησὶν,ημῶν
903 3964 1113 4012 καὶτὸ
1160 3966 1463 4033 κήρυγμα
1502 3961 1615 4013 οὐκ
1656 3960 1716 4013 ἓν
1745 3982 1872 4014 πει-

267 4046 477 4105 θανοῖς
546 4044 957 4120 ἀνρθωπίνης
1025 4052 1258 4119 σοφίας
1315 4048 1551 4118 λόγοις,
1626 4047 1751 4100 ἀλλ’
1813 4050 1870 4101 ἐν

263 4130 603 4196 ἀποδείξει
646 4137 1015 4207 Πνεύματος
1053 4141 1159 4187 xui
1201 4132 1564 4209 δυνάμεως·
1599 4143 1689 4189 xui
1720 4139 1870 4190 πάλιν

263 4222 496 4295 ἀλλάχοῦ
526 4223 680 4295 λέγει,
738 4228 816 4277 Τό
881 4220 950 4276 δὲ
1014 4225 1186 4285 τέλος
1254 4232 1368 4287 τῆς
1429 4226 1871 4299 παραγγελίας

262 4314 437 4364 ἐστιν
479 4311 695 4383 ἀγάπη
738 4312 803 4364 ἐκ
842 4309 1120 4387 καρδίας
1168 4316 1473 4386 καθαρᾶς,
1518 4320 1625 4367 xui
1668 4334 1870 4368 συνει-

263 4399 507 4463 δήσεως
547 4402 813 4475 ἀγαθῆς,
856 4409 963 4457 καὶ
1002 4408 1284 4466 πίστεως
1323 4403 1782 4480 ἀνυποκρίτου.
1810 4404 1868 4458 Ὀ
1901 4442 1947 4496 D

260 4500 487 4554 τοιοῦτος
519 4497 577 4545 ού
608 4498 806 4546 πίπτει.
850 4492 1064 4555 Πολλοῖς
1101 4495 1203 4565 γὰρ
1243 4494 1576 4554 ἐκζητήσασι
1614 4499 1700 4546 τὸν
1740 4498 1868 4549 Θεὸν

262 4582 447 4652 ἠνοίγει
474 4585 624 4655 θύρα,
649 4588 739 4635 καὶ
755 4580 894 4635 εἶδον
920 4585 1204 4656 θησαυρόν,
1233 4584 1576 4642 καὶείσῆλθον
1607 4585 1673 4645 εἰς
1690 4585 1865 4640 αύτόν.

264 4674 360 4722 Καὶ
393 4674 461 4730 ὡς
488 4668 621 4729 ἦσαν
648 4671 695 4723 ἐν
727 4678 876 4745 χαρᾲ
901 4672 1148 4744 λέγοντες,
1186 4672 1470 4747 Εὗρομεν
1513 4675 1865 4747 θησαυρόν,

263 4756 554 4811 ἀπέκλεισεν
608 4760 779 4820 αὐτοῖς
821 4764 907 4821 τὰς
968 4764 1145 4835 θύρας,
1178 4762 1400 4835 ἤρξαντο
1445 4762 1576 4835 βοᾲν
1606 4768 1695 4815 xui
1744 4783 1865 4816 πεν-

261 4848 378 4912 θεῖν,
407 4852 495 4899 καὶ
522 4847 1184 4923 ἐπιζητεῖν,Θησαυρὸν
1247 4851 1510 4925 εὕρομεν
1580 4857 1689 4904 καὶ
1754 4852 1863 4905 ἀπ-

262 4934 598 5008 ωλέσαμεν.
654 4936 1004 5007 Οἰκονομικῶς
1067 4941 1167 5013 γὰρ
1223 4940 1523 4993 ύποστέλλει
1579 4942 1609 4999 ἡ
1677 4944 1860 5014 χάρις,

261 5026 339 5077 ἶνα
403 5025 648 5097 μειζόνως
705 5026 1139 5096 ἐπιζητήσωμεν·
1199 5028 1225 5078 ό
1270 5032 1369 5102 γὰρ
1435 5031 1702 5103 θησαυρός
1759 5028 1865 5084 δεί-

259 5134 437 5167 κνυται
466 5118 595 5189 πρὸς
621 5118 809 5188 τρόπον
840 5123 935 5176 τῆς
967 5114 1099 5174 ζητή
1112 5134 1253 5176 σεως.

326 5223 421 5277 ΙΓ’.
458 5223 824 5296 Ἐρώτησις.
878 5217 1135 5279 Ἐπειδή
1178 5241 1345 5284 τινες
1382 5223 1707 5295 λέγουσιν,
1761 5226 1860 5277 ὅτι

259 5316 410 5384 μετὰ
448 5316 563 5371 τὴν
603 5314 804 5384 χάριν
845 5308 1081 5382 μετέϐη
1126 5330 1221 5371 τις
1261 5311 1379 5364 ἀπὸ
1419 5321 1527 5364 τοῦ
1583 5315 1859 5365 θανάτου

260 5401 343 5462 εἰς
380 5406 491 5460 τήν
534 5402 722 5470 ζωὴν,
764 5400 819 5453 εἰ
857 5397 1259 5462 δύναταίτις
1293 5401 1352 5454 ἐν
1392 5407 1546 5475 φωτὶ
1578 5406 1653 5454 ῶν
1681 5406 1857 5474 ἔχειν

256 5491 575 5565 ῥυπαροὺς
612 5490 999 5562 λογισμούς;

324 5634 369 5668 ⁷ο
413 5632 435 5687 Ι
462 5634 593 5689 Cor.
625 5648 684 5697 ιι,
715 5632 769 5687 4.
853 5634 901 5669 ⁸ο
930 5635 950 5687 I
981 5634 1133 5690 Tim.
1176 5632 1291 5704 1,5.

2005 1801 2176 1857 lestia
2202 1804 2560 1870 obtinentes,
2585 1806 2632 1859 si
2650 1805 2847 1869 velint,
2866 1806 3241 1864 oblectantur
3263 1827 3400 1867 cum
3416 1814 3657 1882 Satana,

2006 1897 2059 1945 et
2087 1907 2296 1960 pacem
2329 1910 2461 1948 cum
2493 1910 2563 1949 eo
2591 1895 2970 1960 contrahunt,
2997 1911 3106 1951 nec
3126 1898 3349 1955 bellum
3377 1901 3656 1959 inferunt.

2004 1981 2293 2036 Mutabilis
2332 1982 2492 2037 enim
2519 1988 2604 2037 est
2637 1988 2867 2049 natura,
2902 1991 2958 2040 et
2983 1985 3029 2039 si
3059 1986 3194 2043 velit
3222 1989 3379 2059 quis,
3410 1990 3470 2045 fit
3494 1990 3656 2047 ﬁlius

2004 2069 2105 2122 Dei
2137 2087 2150 2136 ;
2185 2069 2273 2124 sin
2306 2077 2533 2135 contra,
2567 2070 2721 2126 filius
2753 2072 3025 2128 interitus
3059 2093 3071 2132 :
3108 2090 3179 2130 eo
3209 2077 3373 2147 quod
3405 2081 3658 2149 supersit

2000 2155 2257 2213 liberum
2284 2159 2622 2215 arbitrium.

2076 2353 2180 2407 XII.
2225 2353 2398 2409 Aliud
2446 2360 2533 2410 est
2571 2355 2645 2410 de
2697 2372 2851 2427 pane
2881 2362 2937 2413 et
2969 2375 3175 2415 mensa
3227 2360 3563 2431 disserere;
3597 2370 3653 2421 et

2000 2440 2163 2497 aliud
2198 2442 2372 2498 edere
2403 2460 2473 2499 ac
2506 2461 2743 2501 sumere
2772 2448 3126 2503 suavitatem
3156 2451 3348 2520 panis,
3373 2457 3435 2506 ut
3460 2469 3655 2509 corro-

1999 2529 2284 2587 borentur
2316 2532 2453 2587 inde
2479 2534 2685 2590 omnia
2706 2535 2999 2591 membra.
3032 2537 3203 2592 Aliud
3232 2543 3324 2593 est
3348 2540 3654 2613 disputare

1998 2619 2192 2674 verbis
2226 2622 2299 2676 de
2341 2627 2483 2692 potu
2514 2624 2891 2690 suavissimo,
2929 2630 2983 2680 et
3039 2626 3199 2682 aliud
3237 2628 3421 2696 abire,
3478 2636 3534 2687 et
3581 2648 3653 2688 ex

1997 2708 2132 2780 ipso
2160 2708 2317 2764 fonte
2340 2726 2572 2781 capere,
2609 2713 2861 2784 ipsoque
2886 2722 3064 2783 gustu
3098 2717 3439 2773 suavissimi
3471 2726 3651 2792 potus

1996 2798 2228 2869 repleri.
2255 2798 2427 2853 Aliud
2457 2802 2848 2857 estdisserere
2871 2803 2945 2856 de
2974 2802 3151 2869 bello,
3182 2807 3436 2862 strenuis
3468 2809 3650 2865 athle-

1999 2887 2068 2941 tis
2108 2890 2167 2940 et
2211 2886 2599 2944 bellatoribus
2651 2908 2664 2942 :
2708 2898 2762 2945 et
2811 2890 2974 2945 aliud
3006 2891 3170 2948 abire
3204 2897 3556 2967 quempiam
3588 2899 3648 2954 in

1996 2975 2187 3030 aciem
2220 2974 2556 3041 militarem,
2590 2993 2728 3033 cum
2756 2979 3030 3034 hostibus
3066 2998 3281 3037 manus
3314 3000 3649 3057 conserere,

1998 3062 2248 3133 ingredi,
2304 3065 2527 3133 egredi,
2568 3067 2858 3137 accipere,
2900 3068 3063 3133 dare,
3122 3075 3176 3125 et
3207 3071 3518 3130 victoriam
3560 3091 3651 3131 re-

1995 3158 2257 3223 portare.
2298 3152 2391 3207 Sic
2421 3169 2664 3226 quoque
2691 3171 2755 3210 se
2794 3171 2889 3210 res
2921 3156 3102 3212 habet
3131 3158 3189 3213 in
3215 3160 3643 3231 spiritualibus.

1994 3241 2171 3297 Aliud
2203 3248 2290 3297 est
2326 3243 2533 3299 notitia
2574 3244 2843 3316 quadam
2892 3251 2948 3301 et
3002 3247 3297 3305 intellectu
3348 3253 3649 3325 explicare

1995 3346 2324 3395 sermones,
2359 3337 2414 3387 et
2444 3332 2606 3387 aliud
2638 3333 2695 3387 in
2724 3333 3037 3405 hypostasi
3069 3342 3123 3392 et
3150 3354 3350 3410 opere,
3383 3358 3453 3397 ac
3481 3343 3648 3399 certi-

1996 3419 2199 3475 tudine
2242 3420 2400 3487 fidei,
2434 3427 2490 3475 et
2528 3422 2587 3476 in
2626 3422 2887 3477 interiori
2915 3424 3158 3481 homine
3192 3433 3246 3482 et
3276 3430 3483 3486 animo
3512 3448 3646 3504 pos-

1992 3509 2186 3564 sidere
2218 3509 2585 3574 thesaurum,
2618 3511 2895 3579 gratiam,
2925 3520 3188 3583 gustum,
3223 3523 3279 3572 et
3310 3519 3642 3577 efficaciam

1990 3598 2243 3669 Spiritus
2278 3600 2485 3654 sancti.
2529 3600 2638 3664 Qui
2670 3601 2828 3655 enim
2864 3602 3029 3658 nuda
3082 3605 3262 3660 verba
3312 3609 3641 3679 proferunt,

1983 3686 2653 3759 imaginationejactant
2677 3707 2736 3745 se
2761 3697 2815 3745 et
2843 3692 3247 3749 intumescunt
3280 3699 3482 3753 animo
3507 3715 3640 3755 suo.

1980 3776 2187 3832 Sermo
2218 3778 2371 3834 enim
2404 3794 2585 3845 meus,
2618 3780 2833 3850 inquit,
2865 3788 2917 3835 et
2949 3784 3298 3849 praedicatio
3331 3802 3481 3853 mea,
3521 3804 3641 3845 non

1982 3871 2111 3920 erat
2136 3866 2199 3919 in
2225 3868 2620 3933 persuasoriis
2646 3868 2926 3923 humanae
2955 3870 3262 3937 sapientiai
3292 3876 3505 3939 verbis,
3537 3879 3641 3933 sed

1980 3952 2043 4006 in
2074 3954 2402 4009 ostensione
2416 3954 2676 4024 Spiritus
2694 3971 2764 4010 ac
2779 3959 3138 4022 potentiw".
3158 3962 3219 4014 Et
3241 3977 3476 4018 rursum
3494 3964 3636 4021 alibi

1981 4040 2123 4094 dicit
2147 4060 2158 4099 :
2189 4041 2353 4095 Finis
2371 4044 2658 4111 praecepti
2679 4044 3060 4110 estcharitas,
3094 4062 3169 4103 ex
3182 4064 3336 4115 puro
3363 4052 3557 4117 corde,
3582 4061 3638 4109 et

1982 4130 2339 4185 conscientia
2365 4133 2516 4186 bona
2537 4140 2587 4187 et
2611 4132 2729 4199 ﬁde
2754 4148 2873 4188 non
2888 4133 3257 4191 simulata“.
3277 4138 3636 4208 Hujusmodi

1980 4218 2085 4289 qui
2136 4225 2222 4273 est
2265 4234 2385 4273 non
2426 4220 2603 4275 cadit.
2646 4221 2832 4276 Multis
2876 4222 3056 4288 enim,
3091 4226 3193 4296 qui
3229 4225 3415 4282 Deum
3470 4245 3636 4299 quas-

1981 4307 2219 4370 sierant,
2261 4314 2466 4379 aperta
2505 4314 2591 4363 est
2614 4309 2824 4380 janua,
2858 4326 2928 4365 ac
2959 4312 3236 4369 viderunt
3285 4314 3631 4375 thesaurum

1979 4412 2047 4450 ac
2074 4396 2323 4465 ingressi
2352 4404 2485 4452 sunt
2518 4396 2576 4452 in
2604 4414 2762 4453 eum.
2798 4401 2861 4453 Et
2891 4416 3028 4455 cum
3058 4401 3280 4470 gaudio
3314 4405 3633 4474 perfunde-

1978 4491 2180 4540 rentur
2222 4486 2483 4541 dicentes
2541 4504 2552 4540 :
2602 4488 2941 4543 Invenimus
2986 4490 3346 4557 thesaurum,
3381 4494 3631 4551 occlusit

1977 4573 2089 4627 illis
2114 4573 2269 4629 fores
2297 4590 2307 4628 :
2335 4580 2644 4645 caeperunt
2673 4575 2954 4645 clamare,
2978 4577 3199 4647 lugere,
3224 4586 3279 4635 et
3302 4582 3624 4654 inquirere,

1976 4663 2321 4719 thesaurum
2334 4664 2666 4720 invenimus
2686 4668 2740 4721 et
2757 4666 3144 4733 perdidimus.
3168 4671 3625 4742 Dispensatione

1976 4754 2134 4807 enim
2185 4753 2471 4823 singulari
2521 4753 2796 4809 subducit
2834 4772 2896 4809 se
2940 4759 3150 4826 gratia,
3187 4765 3248 4813 ut
3280 4758 3623 4830 diligentius

1974 4839 2372 4911 inquiramus.
2391 4843 2725 4897 Thesaurus
2739 4843 2898 4899 enim
2925 4850 3415 4919 monstraturpro
3441 4850 3623 4909 modo

1972 4929 2396 4999 indagationis.

2046 5217 2176 5271 XIII.
2218 5215 2380 5287 107
2407 5217 2821 5287 Interrogatio.
2854 5218 3001 5275 Cum
3028 5220 3291 5289 afferant
3309 5225 3611 5291 nonnulli,

1971 5308 2129 5379 quod
2156 5313 2399 5375 accepta
2428 5306 2629 5377 gratia
2655 5313 2919 5364 transeat
2949 5310 3244 5380 quispiam
3271 5326 3308 5367 a
3337 5319 3524 5369 morte
3550 5314 3614 5367 in

1972 5396 2174 5460 vitam,
2208 5412 2349 5451 num
2384 5402 2576 5465 potest
2605 5395 2822 5468 aliquis
2860 5399 3082 5455 tumine
3106 5400 3362 5457 donatus
3396 5399 3612 5461 habere

1970 5484 2241 5541 sordidas
2268 5484 2669 5556 cogitationes.
