4148 6262
512 287 617 343 703

586 408 925 480 Responsio.
952 404 1247 476 Scriptum
1281 404 1371 456 est
1404 399 1591 453 :Cum
1615 393 1891 465 spiritum
1922 404 2160 457 accepe-
2193 389 2239 442 Α

515 500 669 569 ritis,
699 513 860 553 nunc
891 510 1072 552 carne
1103 486 1596 549 consummamini
1620 484 1686 537 εί.
1718 483 1934 536 Iterum
1962 485 2162 533 autem

514 590 707 661 inquit
738 610 749 640 :
777 587 1013 641 Induite
1039 582 1377 637 universam
1400 582 1773 632 armaturam
1803 570 2072 637 spiritus,
2097 573 2162 621 ut

513 659 750 750 possitis
775 680 935 732 stare
955 674 1237 728 adversus
1260 667 1521 724 assultus
1551 662 1776 718 diaboli
1792 662 1857 712 ⁸³.
1892 659 1999 713 Per
2023 671 2163 711 eum

516 780 853 824 sermonem
876 762 997 817 duo
1020 766 1157 815 sunt
1186 758 1337 822 loca,
1368 762 1490 811 tum
1517 752 1618 807 ubi
1650 756 1795 807 erat.
1818 763 1955 802 cum
1974 744 2165 801 induit

514 873 702 924 arma,
747 861 872 910 tum
908 851 1008 907 ubi
1056 856 1161 913 est,
1204 862 1343 901 cum
1394 844 1614 899 bellum
1674 839 1819 909 gerit
1873 837 2163 892 adversus

514 944 883 1017 principatus
910 952 964 995 et
994 943 1309 1011 potestates
1339 950 1351 989 :
1387 936 1443 988 in
1473 932 1698 987 lumine
1730 941 1946 997 nempe
1976 925 2161 978 autin

515 1014 795 1089 tenebris.
820 1032 882 1085 Et
916 1048 927 1085 :
971 1030 1047 1086 Ut
1075 1026 1311 1097 possitis
1344 1024 1542 1079 omnia
1560 1018 1775 1089 jacuta
1805 1016 1968 1071 mala
1998 1014 2161 1068 illius

511 1124 699 1193 ignita
745 1122 1120 1190 exstinguere
1152 1117 1219 1169 ⁸³.
1268 1117 1332 1169 Et
1361 1127 1600 1167 rursum
1637 1126 1648 1162 :
1683 1108 1771 1163 Ne
1801 1103 2161 1161 contristetis

511 1213 801 1281 Spiritum
814 1213 1083 1266 sanctum
1099 1205 1207 1261 Dei
1220 1205 1287 1257 ⁸⁸.
1311 1202 1595 1257 Etiterum
1625 1197 1817 1252 :Fieri
1836 1210 1951 1249 non
1974 1197 2161 1261 potest

514 1308 577 1357 ut
591 1302 697 1372 qui
707 1297 1123 1366 semelfuerint
1138 1292 1549 1354 illuminati,et
1562 1283 1931 1358 gustaverint
1944 1281 2163 1337 donum

516 1369 642 1453 Dei,
673 1406 743 1445 ac
769 1388 1095 1457 participes
1121 1382 1273 1451 facti
1304 1381 1536 1450 fuerint
1561 1374 1825 1446 Spiritus
1873 1370 2084 1434 sancti,
2115 1369 2165 1424 si

513 1478 935 1548 prolabuntur,
968 1477 1326 1529 renoventur
1348 1469 1416 1520 ⁸⁵.
1453 1469 1611 1529 Ecce,
1644 1464 1746 1535 qui
1779 1466 1916 1515 sunt
1942 1457 2160 1513 illumi-

515 1547 659 1630 nati,
694 1574 749 1621 et
786 1566 1198 1631 gustaverunt,
1223 1558 1523 1613 labuntur.
1561 1553 1751 1615 Vides,
1785 1548 1948 1621 quod
1980 1547 2163 1601 homo

516 1656 735 1711 habeat
763 1654 1132 1707 voluntatem
1157 1644 1563 1703 consentiendi
1582 1639 1845 1707 Spiritui,
1870 1643 1926 1692 et
1943 1635 2164 1690 habeat

1809 264 1869 322 S.
1913 259 2211 321 MACARII
2251 255 2555 315 EGYPTH

3747 250 3863 305 704

2344 383 2743 457 Ἀπόκρισις.
2788 383 3103 453 Γέγραπται,
3144 378 3222 430 ὅτι
3252 375 3573 449 Πνεύμᾶτι
3612 374 3891 449 ἰναρξοί-

2273 493 2448 546 μενοι
2488 471 2543 524 ἐν
2586 474 2778 543 σαρκὶ
2817 477 2922 520 νῦν
2961 466 3382 520 ἐπιτελεῖσθε.
3420 470 3569 536 Λέγει
3592 460 3650 517 δὲ
3675 462 3832 515 πάλιν
3873 478 3889 492 ⁸

2274 560 2671 615 Ἐνδύσασθε
2732 564 2843 617 τὴν
2898 556 3255 610 πανοπλίαν
3314 562 3423 608 τοῦ
3484 557 3888 626 Πνεύματος,

2272 657 2428 726 πρὸς
2465 655 2532 703 τό
2575 647 2901 702 δύνασθαι
2940 648 3103 719 ὑμᾶς
3134 644 3524 703 ἀντιστῆναι
3563 646 3715 716 πρός
3753 645 3881 704 τὰς

2272 737 2618 814 μεθοδείας
2681 746 2788 791 τοῦ
2849 734 3181 799 διαϐόλου,
3238 738 3373 809 Πρός
3420 733 3570 804 λόγον
3620 732 3722 784 εἰσὶ
3778 727 3891 784 δύο

2273 834 2442 894 τόποι,
2474 837 2573 882 ποῦ
2605 831 2671 879 ὧν
2711 823 2990 880 ἐνεδύσατο
3020 827 3084 877 τὰ
3123 824 3273 889 ὅπλα,
3308 828 3395 875 καὶ
3425 830 3526 875 ποῦ
3564 824 3630 873 ὧν
3669 819 3896 892 πολεμεῖ

2272 923 2400 993 πρὸς
2431 922 2523 979 τὰς
2554 917 2721 992 ἀρχὰς
2768 921 2857 969 καὶ
2908 918 2999 977 τάς
3030 915 3290 979 ἐξουσίας,
3341 915 3391 965 ἐν
3446 916 3574 984 φωτὶ
3604 915 3692 975 ὧν,
3732 913 3762 967 ἤ
3829 911 3891 961 ἐν

2275 1013 2467 1063 σκότει.
2500 1010 2625 1077 Καὶ,
2664 1010 2824 1079 Πρὸς
2864 1008 2927 1057 τὸ
2971 1000 3295 1057 δύνασθαι
3357 1003 3519 1073 ὑμᾶς
3556 1002 3762 1052 πάντα
3798 1001 3893 1050 τὰ

2274 1096 2421 1171 βέλη
2466 1105 2575 1149 τοῦ
2604 1103 2885 1168 πονηροῦ
2923 1097 2997 1146 τὰ
3025 1094 3443 1166 πεπυρωμένα
3484 1090 3867 1142 σϐέσαιοκοιὶ

2270 1187 2567 1249 πάλιν,Μὴ
2628 1185 2887 1236 λυπεῖτε
2936 1186 3001 1234 τὸ
3066 1188 3319 1252 Πνεῦμα
3382 1183 3451 1231 τό
3512 1179 3696 1249 ἃγιον
3758 1183 3893 1228 τοῦ

2274 1282 2434 1328 Θεοῦ’
2478 1279 2568 1326 καὶ
2610 1273 2781 1338 πάλιν,
2836 1268 3189 1326 Ἀδύνατον
3229 1273 3372 1329 τοὺς
3411 1267 3583 1330 ἂπαξ
3638 1283 3881 1339 φωτισ-

2276 1367 2493 1425 θέντας
2523 1365 2962 1434 γευσαμένους
2986 1379 3047 1413 τε
3081 1368 3191 1419 τῆς
3234 1355 3480 1431 δωρεᾶς
3516 1364 3625 1409 τοῦ
3689 1364 3873 1427 Θεοῦ,

2272 1460 2380 1505 καὶ
2437 1458 2759 1525 μετόχους
2807 1454 3189 1522 γενομένους
3251 1451 3611 1519 Πνεύματος
3658 1449 3879 1520 ἁγίου,

2272 1547 2378 1594 καὶ
2409 1545 2896 1615 παραπεσόντας
2937 1538 3435 1597 ἀναεκαινίζειν.
3464 1532 3877 1610 Ἰδούοὶφωτισ-

2277 1634 2439 1691 θέντες
2469 1635 2557 1682 καὶ
2596 1632 2905 1701 γευσάμενοι
2935 1625 3404 1701 παραῤῥίπτουσιν.
3434 1625 3603 1700 Ὁρᾷς,
3639 1628 3716 1679 ὅτι
3751 1630 3878 1699 ἔχει

514 1745 882 1800 voluntatem
914 1757 1052 1795 eum
1086 1734 1493 1794 contristandi.
1530 1731 1785 1788 Omnino
1815 1728 1973 1782 enim
1998 1740 2165 1778 assu-

2276 1720 2472 1791 θελημα
2499 1727 2589 1771 τοῦ
2622 1727 2971 1790 συμφωνῆσαι
2999 1725 3071 1787 τῷ
3103 1718 3383 1785 Πνεύματι,
3418 1724 3506 1767 xui
3530 1718 3643 1786 ἔχει
3676 1717 3884 1787 θέλημα

517 1835 625 1889 mit
646 1830 932 1891 arma,ad
962 1825 1383 1899 prodeundum
1409 1824 1465 1876 in
1495 1820 1735 1882 bellum,
1763 1824 1818 1872 et
1843 1814 2163 1885 conﬂigen-

515 1923 663 1977 dum
694 1936 832 1975 cum
889 1917 1169 1973 hostibus
1205 1932 1216 1969 :
1250 1914 1499 1967 omnino
1551 1908 1921 1966 illuminatus
1962 1907 2071 1965 est,
2105 1907 2167 1956 ut

517 2011 727 2067 militet
766 2009 1052 2064 adversus
1086 2004 1381 2060 tenebras.

590 2118 733 2172 XIV.
764 2113 1173 2184 Interrogatio.
1216 2110 1342 2177 Qua
1373 2108 1605 2162 ratione
1627 2103 1771 2159 dicit
1796 2099 2114 2170 Apostolus
2146 2112 2165 2150 :

520 2230 543 2259 ‹‹
574 2207 637 2263 Si
664 2207 925 2263 habuero
952 2216 1180 2257 omnem
1208 2197 1532 2257 scientiam,
1577 2201 1630 2249 et
1656 2206 1881 2247 omnem
1906 2186 2166 2259 prophe-

520 2298 684 2363 tiam,
713 2310 783 2351 ac
808 2295 1021 2363 loquar
1043 2288 1269 2359 linguis
1296 2286 1670 2357 angelorum,
1691 2280 1848 2336 nihil
1871 2294 2000 2333 sum
2023 2277 2070 2311 ⁸⁸
2096 2273 2163 2328 7»

594 2508 926 2579 Responsio.
957 2508 1081 2561 Non
1115 2505 1192 2558 ita
1216 2500 1510 2557 debemus
1541 2495 1794 2569 opinari,
1818 2491 1993 2565 quasi
2020 2489 2167 2545 nihil

518 2602 593 2657 sit
615 2596 934 2670 Apostolus
959 2613 972 2661 ;
998 2593 1100 2648 sed
1123 2592 1323 2660 quoad
1351 2589 1510 2643 illam
1537 2584 1907 2647 charitatem,
1925 2596 2061 2653 quae
2078 2584 2169 2634 est

522 2688 802 2761 perfecta,
824 2686 947 2739 haec
988 2699 1115 2736 esse
1145 2680 1359 2748 exigua
1389 2694 1401 2731 ε
1430 2683 1485 2732 et
1514 2691 1674 2739 eum,
1706 2672 1809 2744 qui
1834 2672 2013 2726 hosce
2036 2684 2165 2739 gra-

518 2759 631 2833 dus
662 2776 915 2844 adeptus
945 2779 1054 2836 est,
1096 2770 1217 2824 labi
1250 2782 1426 2840 posse
1457 2783 1469 2820 :
1504 2764 1606 2835 qui
1652 2778 1788 2817 vero
1818 2759 2164 2815 charitatem

516 2865 812 2927 habuerit,
849 2862 1059 2917 cadere
1104 2858 1327 2929 nequit.
1376 2857 1497 2925 Ego
1535 2868 1673 2919 vero
1727 2850 1828 2907 tibi
1882 2849 2015 2903 dico
2070 2862 2164 2902 me

518 2954 739 3011 vidisse
766 2953 922 3006 viros
948 2947 1232 3005 omnibus
1246 2945 1419 3000 donis
1441 2940 1871 3002 accumulatos,
1898 2954 1966 2994 ac
1990 2937 2165 3008 Spiri-

518 3050 612 3099 tus
641 3040 960 3115 participes
981 3038 1186 3104 factos,
1210 3034 1311 3107 qui
1335 3049 1472 3088 cum
1499 3047 1616 3086 non
1645 3029 2061 3101 pervenissent
2086 3026 2161 3081 ad

2274 1818 2366 1863 τοῦ
2385 1810 2519 1867 λυπῆ
2532 1828 2639 1863 σαι.
2671 1810 2882 1868 Πάντως
2902 1809 2999 1878 γὰρ
3021 1803 3365 1876 ἀναλαμϐάνει
3383 1803 3516 1856 ὅπλα
3537 1812 3627 1856 τοῦ
3650 1804 3897 1858 ἀπελθεῖν

2276 1899 2347 1960 εἰς
2368 1898 2607 1970 πόλεμον,
2627 1902 2717 1948 καὶ
2745 1895 3109 1966 ἀγωνίσασθαι
3130 1896 3265 1945 κατὰ
3286 1901 3385 1945 τὼν
3412 1892 3615 1967 έχθρῶν
3633 1912 3645 1922 ·
3679 1896 3893 1955 πάντως

2278 1987 2560 2059 ἐφωτίσθη,
2594 1987 2675 2037 ἶνα
2702 1987 3086 2057 στρατεύσηται
3116 1985 3252 2035 κατά
3280 1989 3371 2035 τοῦ
3400 1986 3640 2043 σκότους.

2350 2112 2446 2165 ΙΔ’.
2504 2112 2881 2184 Ἐρώτησις.
2954 2115 3087 2170 Πῶς
3156 2107 3390 2179 λέγειό
3450 2108 3893 2171 Ἀπόστολος·

2284 2202 2476 2254 «Ἐὰν
2538 2202 2665 2271 ἔχω
2730 2205 2939 2251 πᾶσαν
3003 2202 3113 2254 τὴν
3177 2205 3439 2268 γνῶσιν,
3506 2201 3611 2249 καὶ
3676 2204 3897 2251 πᾶσαν

2278 2293 2695 2364 προφητείαν,
2757 2292 2866 2338 καὶ
2930 2286 3093 2337 λαλῶ
3163 2293 3301 2346 ταῖς
3365 2286 3697 2357 γλώσσαις
3765 2296 3891 2339 τῶν

2280 2378 2581 2451 ἀγγέλων,
2631 2373 2819 2429 οὐδέν
2859 2376 3012 2446 εἰμι.
3049 2397 3072 2426 ν

2350 2505 2753 2576 Ἀπόκρισις.
2788 2500 2911 2573 Ούχ
2951 2500 3112 2563 ούτως
3141 2499 3401 2572 ὀφείλομεν
3439 2507 3591 2567 νοεῖν,
3633 2502 3713 2553 ὅτι
3736 2499 3895 2554 ούδέν

2279 2593 2468 2646 ἐστινό
2526 2588 3027 2654 Ἀπόστολος,’ἀλλά
3081 2594 3207 2663 πρός
3260 2588 3453 2647 ἐκείνην
3509 2594 3602 2647 τὴν
3646 2588 3879 2661 ἀγάπην,

2279 2686 2395 2745 ἣτις
2423 2681 2536 2735 έστὶ
2586 2681 2769 2745 τελεία,
2824 2687 2991 2731 ταῦτα
3017 2680 3181 2753 μικρά
3211 2677 3343 2743 ἔστι,
3395 2683 3483 2730 καὶ
3513 2680 3539 2730 6
3570 2680 3616 2731 εν
3675 2682 3877 2739 τούτοις

2276 2778 2343 2824 ὤν
2398 2778 2505 2832 τοῖς
2549 2775 2776 2844 μέτροις,
2832 2774 3047 2821 ττίπτει⁹
3109 2770 3134 2820 ό
3193 2765 3251 2821 δι
3298 2771 3436 2839 ἔχων
3492 2773 3585 2828 τὴν
3640 2768 3866 2839 ἀγάπην,

2276 2860 2507 2919 ἀπτωτός
2554 2860 2714 2912 έστιν.
2759 2858 2894 2928 Ἐγὼ
2950 2854 3009 2909 δέ
3048 2876 3132 2909 σοι
3182 2857 3333 2928 λέγω,
3396 2860 3464 2919 ὡς
3518 2854 3645 2909 εἶδον
3673 2856 3872 2926 ἀνθρώ-

2274 2970 2403 3011 πους
2442 2948 2511 3010 εἰς
2564 2947 2655 2999 ὅλα
2679 2948 2745 2999 τὰ
2795 2950 3112 3018 χαρίσματα
3165 2948 3465 3016 γενομένους
3497 2952 3581 2998 καὶ
3613 2950 3865 3017 μετόχους

2275 3042 2608 3111 Πνεύματοςο
2661 3040 2750 3088 καὶ
2802 3036 2942 3088 οὖτόι
2985 3040 3056 3107 μὴ
3107 3037 3390 3108 φθάσαντες
3444 3036 3514 3097 εἰς
3553 3039 3639 3094 την
3678 3034 3867 3087 τελείαν

518 3105 842 3207 perfectam
861 3105 1251 3191 'charitatem,
1283 3123 1432 3195 lapsi
1461 3125 1616 3176 sunt.
1651 3117 1906 3185 Quidam
1934 3117 2093 3172 enim
2133 3131 2165 3171 e

2276 3128 2502 3201 ἀγάπην,
2562 3129 2763 3181 ἔπεσον.
2820 3124 2908 3187 Εἷς
2953 3126 3055 3199 γάρ
3106 3144 3185 3187 τις
3209 3132 3308 3176 τῶν
3361 3124 3576 3197 εὐγενῶν
3626 3123 3887 3186 ἀποταξά-

517 3206 841 3288 nobilibus,
860 3235 998 3274 cum
1013 3215 1411 3271 renuntiasset
1431 3210 1701 3277 terrenis,
1722 3207 1984 3264 vendidit
2004 3206 2169 3263 bona

519 3328 649 3378 sua,
685 3324 892 3366 servos
924 3308 1196 3362 libertate
1218 3300 1485 3370 donavit,
1514 3299 1780 3373 prudens
1802 3296 2068 3369 quidem,
2098 3310 2167 3350 ac

521 3399 733 3457 sobrias
769 3398 1002 3461 mentis,
1036 3392 1394 3466 percelebris
1445 3388 1669 3460 alioqui
1722 3387 1800 3442 ob
1849 3387 2169 3442 honestam

519 3490 705 3544 vitam
734 3504 745 3541 :
782 3487 1005 3541 interea
1026 3499 1087 3537 se
1113 3483 1315 3552 ipsum
1349 3477 1804 3548 magnifaciens,
1830 3475 2170 3543 arrogantia

517 3576 819 3637 intumuit,
836 3590 904 3628 ac
925 3571 1164 3627 tandem
1180 3570 1257 3625 ad
1281 3567 1503 3623 scelera
1527 3563 1827 3621 etinﬁnita
1851 3562 2009 3619 mala
2035 3577 2168 3634 pro-

516 3664 723 3736 lapsus
755 3667 858 3717 est.

596 3772 702 3825 XV.
735 3769 895 3824 Alius
944 3772 1208 3837 tempore
1254 3762 1680 3835 persecutionis
1725 3775 1945 3832 corpus
1992 3776 2165 3815 suum

522 3860 783 3924 tradidit,
811 3865 867 3914 et
898 3874 1035 3913 cum
1067 3860 1221 3910 esset
1250 3853 1575 3920 confessor,
1607 3856 1816 3923 postea
1844 3865 1989 3921 pace
2014 3849 2169 3905 facta

519 3950 750 4007 solutus
772 3953 877 4013 est,
898 3951 1140 4018 eratque
1163 3940 1666 4012 magninominis:
1685 3939 1985 4010 palpebrae
2007 3938 2169 3994 enim

520 4042 648 4110 ejus
680 4039 834 4094 laesae
860 4043 1018 4102 sunt,
1047 4033 1333 4107 quoniam
1367 4030 1530 4085 fumo
1563 4036 1731 4085 erant
1759 4033 2033 4101 perustae.
2068 4028 2168 4083 Hic

518 4128 905 4201 postmodum
928 4125 1115 4195 gloria
1140 4122 1490 4185 illustratus,
1509 4135 1648 4174 cum
1670 4118 1747 4174 ad
1767 4134 1969 4189 preces
1994 4133 2169 4173 voca-

516 4223 700 4283 retur,
738 4218 1103 4271 frumentum
1137 4210 1386 4281 accepit,
1420 4209 1699 4279 deditque
1732 4208 1787 4262 id
1823 4223 2007 4279 puero
2034 4222 2162 4271 suo,

520 4323 712 4380 eoque
752 4306 990 4362 devenit
1015 4302 1139 4374 ejus
1174 4315 1368 4364 mens,
1402 4315 1466 4353 ac
1494 4299 1540 4354 si
1566 4312 1881 4369 nunquam
1909 4295 2166 4351 audivis-

524 4402 612 4452 set
642 4396 894 4450 verbum
928 4393 1045 4448 Dei.
1080 4392 1238 4446 Alius
1279 4388 1531 4460 praebuit
1561 4402 1777 4456 corpus
1810 4402 1984 4440 suum
2020 4391 2167 4441 tem-

2276 3238 2423 3292 μενος
2480 3216 2741 3281 έπώλησεν
2812 3215 2973 3267 αύτοῦ
3048 3217 3114 3268 τὰ
3168 3216 3502 3288 ὑπάρχοντα,
3561 3214 3887 3288 ἠλευθέρωσε

2278 3305 2517 3370 δούλους,
2570 3310 2636 3357 ὤν
2695 3308 2939 3378 φρόνιμος
2995 3308 3083 3355 καὶ
3141 3308 3369 3369 συνετὸς,
3427 3304 3608 3356 λοιπόν
3635 3302 3888 3378 περιϐόη-

2278 3416 2364 3457 τος
2418 3392 2478 3454 ἦν
2521 3394 2603 3447 ἐπὶ
2660 3401 2828 3466 σεμνῷ
2880 3390 2977 3466 βίῳ
3008 3410 3018 3422 ·
3066 3398 3155 3445 καὶ
3208 3392 3255 3444 έν
3307 3400 3377 3464 τῷ
3435 3392 3630 3465 μεταξύ
3692 3392 3892 3455 οἰηθεὶς

2278 3491 2393 3559 περὶ
2474 3484 2680 3551 ἑαυτοῦ,
2747 3488 2837 3535 καὶ
2894 3484 3161 3554 τυφωθεὶς,
3233 3482 3370 3543 τέλος
3453 3487 3735 3535 κατέπεσεν
3818 3482 3892 3544 εἰς

2279 3575 2568 3646 ἀσελγείας,
2600 3577 2687 3625 xui
2718 3576 2883 3644 μυρία
2908 3574 3066 3624 κακά.

2350 3769 2447 3823 ΙΕ’.
2480 3768 2664 3829 Ἀλλος
2712 3767 2794 3821 έπὶ
2840 3765 3079 3840 διωγμοῦ
3136 3764 3323 3820 ἔδωκεν
3372 3767 3557 3821 ἑαυτοῦ
3607 3771 3664 3820 τὸ
3712 3776 3888 3841 σῶμα,

2278 3864 2367 3911 xui
2430 3863 2497 3909 ὤν
2552 3856 2888 3931 όμολογητὴς,
2944 3859 3076 3929 μετά
3132 3864 3299 3909 ταῦτα
3355 3856 3563 3931 εἰρήνης
3616 3863 3893 3929 γενομένης

2279 3947 2529 4011 ἀπελύθη,
2578 3950 2663 3998 xui
2721 3943 2781 4005 ἧν
2838 3945 3141 4019 ὀνομαστός.
3192 3948 3270 3998 Tu
3315 3948 3415 4020 γὰρ
3449 3943 3680 4018 βλέφαρα
3726 3946 3893 3999 αὐτοῦ

2279 4033 2339 4096 ἧν
2384 4034 2657 4109 βλαϐέντα,
2705 4031 2885 4093 ἐπειδὴ
2934 4036 3313 4093 ύπεκαπνίσθη.
3357 4034 3523 4097 Οὗτος
3572 4034 3751 4087 λοιπὸν
3794 4034 3893 4089 δο-

2279 4125 2577 4197 ξαζόμενος,
2627 4128 2716 4176 καὶ
2764 4123 3070 4197 καλούμενος
3120 4123 3189 4186 εἰς
3244 4126 3331 4184 τάς
3381 4123 3567 4195 εύχάς,
3606 4123 3882 4196 λαμϐάνων

2280 4219 2466 4283 σιτίον,
2507 4210 2691 4265 ἐδίδου
2722 4221 2793 4283 τῷ
2812 4209 2970 4265 παιδὶ
2996 4213 3156 4265 αὐτοῦ
3182 4230 3192 4241 ·
3228 4218 3316 4265 xui
3356 4213 3522 4275 οὕτως
3581 4209 3641 4271 ἦν
3693 4216 3719 4266 6
3774 4223 3889 4278 νοῦς

2276 4302 2455 4367 αὑτοῦ,
2515 4304 2580 4362 ὡς
2630 4298 2895 4374 μηδέποτε
2962 4299 3188 4361 ἀκούσας
3251 4300 3401 4369 λόγον
3486 4310 3640 4357 Θεοῦ.
3696 4302 3888 4366 Ἄλλος

2276 4388 2439 4444 ἔδωκε
2468 4396 2524 4443 τό
2581 4400 2732 4462 σῶμα
2788 4392 2948 4443 αὑτοῦ
2989 4393 3073 4443 ἐπὶ
3127 4387 3384 4462 διωγμοῦ,
3421 4395 3511 4443 xui
3560 4390 3878 4467 ἐκρεμάσθη,

522 4502 663 4557 pore
683 4481 1127 4552 persecutionis,
1154 4486 1207 4533 et
1230 4493 1561 4549 suspensus
1587 4482 1845 4546 estaque
1870 4474 2162 4539 efferbuit,

2276 4484 2365 4533 xui
2403 4479 2606 4543 ἐξέστη,
2662 4480 2771 4532 εἶτα
2824 4477 3012 4537 ἐϐλήθη
3046 4479 3117 4541 εἰς
3174 4484 3266 4537 τὴν
3325 4478 3575 4551 φυλακήν,
3632 4484 3877 4552 Υπηρέτει

522 4592 591 4630 ac
615 4580 820 4645 postea
847 4571 1151 4640 conjectus
1184 4569 1240 4622 in
1260 4581 1576 4623 carcerem.
1608 4564 1963 4620 Ministrabat
1993 4564 2169 4633 igitur

521 4666 573 4720 ei
600 4664 767 4734 juxta
800 4662 975 4716 tidem
1007 4658 1283 4731 quaedam
1336 4655 1644 4718 canonica,
1675 4669 1813 4708 cum
1843 4668 1965 4723 qua
1995 4651 2166 4709 fami-

515 4754 767 4811 liaritate
793 4755 1117 4815 contracta,
1144 4748 1203 4801 in
1234 4761 1470 4800 carcere
1499 4744 1645 4798 dum
1676 4748 1851 4807 esset,
1886 4741 2170 4813 delapsus

520 4849 609 4899 est
641 4844 698 4896 in
746 4847 1042 4910 stuprum.
1076 4836 1235 4902 Vide,
1269 4834 1434 4889 dives
1483 4834 1585 4903 qui
1620 4831 1967 4887 vendiderat
2008 4830 2171 4889 bona

523 4948 652 4995 sua,
687 4934 741 4984 et
765 4930 869 5000 qui
900 4925 1220 4982 tradiderat
1235 4939 1453 4994 corpus
1484 4937 1659 4976 suum
1686 4920 1763 4975 ad
1790 4920 2166 4992 martyrium,

520 5036 643 5092 quo
675 5023 850 5089 pacto
880 5013 1173 5071 ceciderit.

596 5125 727 5181 XVI.
754 5123 914 5177 Alius
944 5120 1194 5192 quidam
1226 5118 1445 5175 athleta
1477 5132 1688 5187 sagax,
1720 5116 1823 5188 qui
1855 5132 2169 5174 conversa-

523 5216 698 5271 batur
722 5228 957 5268 mecum
982 5212 1038 5264 in
1061 5210 1258 5273 domo,
1286 5222 1642 5277 mecumque
1668 5220 1872 5277 preces
1890 5204 2166 5272 faciebat,

526 5303 701 5377 108
732 5304 884 5359 adeo
913 5297 1177 5370 locuples
1207 5303 1333 5351 erat
1363 5295 1572 5363 gratia,
1601 5301 1661 5351 ut
1692 5296 1842 5350 inter
1868 5296 2166 5350 orandum

512 5397 685 5468 juxta
716 5407 809 5447 me
837 5391 1358 5460 compungeretur.
1381 5384 1826 5440 Fervebatenim
1845 5385 1901 5439 in
1923 5384 2020 5439 illo
2037 5400 2166 5454 gra-

515 5487 617 5542 tia.
641 5486 933 5539 Donatum
961 5493 1203 5550 quoque
1230 5475 1342 5547 ipsi
1364 5479 1488 5531 erat
1504 5473 1732 5529 donum
1759 5476 2162 5542 sanationum,

591 5592 634 5627 ⁸¹
698 5589 817 5645 Gal.
875 5603 956 5653 ιιι,
1020 5590 1069 5642 3.
1152 5585 1198 5620 ⁸³
1254 5581 1466 5654 Ephes.
1530 5596 1606 5647 τι,
1664 5581 1716 5636 2.

514 5677 640 5731 xui,
682 5667 732 5717 2.

1796 5581 1843 5617 ⁸³
1904 5580 2048 5635 Ibid.
2113 5583 2196 5639 l6.

2277 4565 2363 4621 οὖν
2427 4568 2568 4639 αὐτῷ
2626 4572 2761 4621 κατὰ
2814 4574 2989 4620 πίστιν
3051 4573 3298 4626 κακονική
3352 4586 3453 4635 τις,
3521 4575 3610 4622 καὶ
3655 4573 3871 4628 ποιήσας

2281 4659 2555 4716 συνηθείαν
2604 4657 2712 4730 μετ’
2762 4658 2944 4721 αὐτῆς,
3001 4662 3068 4709 ὧν
3135 4657 3182 4709 ἐν
3245 4666 3306 4732 τῇ
3379 4658 3601 4732 φυλακῇ,
3650 4656 3870 4720 ἐξέπεσεν

2279 4746 2352 4808 εἰς
2397 4751 2657 4819 πορνείαν.
2711 4742 2819 4800 Ἰδε
2858 4748 2884 4798 6
2931 4746 3175 4807 πλούσιος
3228 4749 3254 4799 ό
3302 4747 3552 4811 πωλήσας
3609 4752 3673 4800 τὰ
3714 4748 3877 4820 ὑπάρ-

2279 4855 2445 4908 χοντα
2470 4836 2652 4902 αὑτοῦ,
2708 4840 2797 4888 καὶ
2830 4837 2855 4887 ό
2888 4831 3015 4898 δούς
3044 4839 3101 4888 τὸ
3162 4844 3313 4909 σῶμα
3366 4836 3527 4890 αὐτοῦ
3578 4837 3650 4899 εἰς
3687 4840 3883 4913 μαρτύ-

2277 4944 2409 5000 ριον,
2442 4933 2551 4987 πῶς
2575 4928 2769 4981 ἔπεσεν.

2351 5119 2448 5185 Ις·’.
2482 5120 2666 5182 Ἀλλος
2733 5118 2794 5174 δέ
2853 5141 2931 5183 τις
2986 5126 3230 5196 φρόνιμος
3290 5122 3522 5187 ἀσκητὴς
3570 5129 3738 5179 συνών
3796 5146 3887 5200 μοι

2278 5212 2325 5262 ἔν
2358 5218 2418 5283 τῇ
2454 5210 2617 5283 οἰκίᾳ,
2649 5215 2737 5263 καὶ
2766 5211 2875 5283 μετ’
2908 5210 3034 5283 ἐμοῦ
3085 5212 3382 5286 εὐχόμενος,
3430 5216 3590 5276 οὕτως
3642 5210 3705 5274 ἦν
3731 5216 3888 5270 πλού-

2280 5317 2387 5359 σιος
2417 5300 2464 5350 έν
2517 5307 2578 5372 τῇ
2614 5302 2820 5372 χάριτι,
2868 5303 2937 5362 ὡς
2984 5301 3258 5375 εὐχόμενος
3306 5302 3455 5375 έγγύς
3487 5322 3587 5377 μου
3638 5310 3889 5360 κατανύτ-

2276 5390 2478 5442 τεσθαι.
2535 5386 2801 5461 Ἐϐρασσε
2850 5392 2951 5463 γὰρ
2996 5389 3044 5442 ἐν
3100 5390 3241 5462 αύτῷ
3284 5394 3313 5450 ἡ
3365 5395 3565 5467 χάρις·
3620 5390 3779 5454 ἐδόθη
3825 5394 3886 5451 δὶ

2276 5477 2415 5550 αύτῷ
2465 5481 2652 5531 καὶτὸ
2700 5480 2952 5552 χάρισμα
3011 5488 3110 5533 τῶν
3168 5480 3421 5554 ἰαμάτων,
3478 5488 3571 5573 xui
3637 5483 3697 5537 οῦ
3727 5491 3884 5558 μόνον

2275 5585 2323 5620 ⁸⁸
2378 5585 2596 5656 Ephes.
2662 5601 2741 5650 IV,
2791 5586 2878 5643 30.
2957 5586 3003 5623 ³⁵
3066 5587 3238 5644 Hebr.
3275 5602 3349 5656 γι,
3404 5593 3453 5645 4.
3533 5591 3581 5627 ⁸⁸
3635 5590 3656 5645 1
3714 5593 3882 5653 Corr.
