4148 6262
264 260 366 317 705

265 394 382 450 τοὺς
418 386 670 461 δαίμονας
724 387 1031 451 ἁπηλαυνεν,
1089 387 1215 439 ἀλλὰ
1260 392 1347 439 καὶ
1399 391 1515 446 τοὺς
1557 381 1860 456 δεδεμένους
1890 381 1935 435 Α

263 486 449 552 χεῖρας
480 483 565 530 καὶ
610 473 795 542 πόδας,
850 481 939 528 καὶ
975 479 1194 548 ἔχοντας
1248 478 1387 533 πάθη
1440 473 1602 540 δεινὰ,
1653 471 1745 526 διὰ
1768 482 1862 535 τῆς

265 567 540 627 ἐπιθέσεως
588 573 688 617 τῶν
737 574 930 640 χειρῶν
994 564 1350 637 ἐθεράπευσεν.
1413 563 1540 616 Εἶτα
1596 562 1859 635 ἀμελήσας

266 661 351 708 xui
417 652 763 727 δοξαζόμενος
814 657 912 706 ὑπὸ
967 662 1056 707 τοῦ
1107 659 1329 728 κόσμου,
1380 660 1468 706 καὶ
1519 650 1864 725 συνηδόμενος

269 745 427 814 αὐτῷ,
491 745 748 817 ἐτυφωθη,
809 751 898 797 καὶ
939 743 1166 806 ἐξέπεσεν
1211 745 1276 804 εἰς
1317 744 1450 796 αὐτὰ
1488 745 1554 795 τὰ
1594 740 1866 815 βαθύτατα

267 844 363 895 τῆς
428 833 708 906 ἁμαρτίας.
764 831 875 887 Ἴδε
918 839 1007 886 καὶ
1061 836 1085 886 6
1136 838 1270 906 ἔχων
1329 836 1579 908 χάρισμα
1638 832 1866 902 ἰαμάτων

269 927 464 976 ἔπεσεν.
520 924 697 995 Ὀρᾷς,
756 931 862 984 πῶς
921 928 1018 997 πρὸ
1075 931 1164 976 τοῦ
1212 925 1465 996 ἔρχεσθαι
1525 922 1594 984 εἰς
1660 920 1870 991 ἀγάπης

269 1018 433 1088 μέτρα
483 1018 786 1066 πίπτουσιν.
841 1012 935 1075 Ὃς
959 1016 1059 1087 γὰρ
1114 1016 1317 1085 φθάσας
1365 1013 1436 1074 εἰς
1487 1017 1579 1069 τὴν
1637 1011 1866 1081 ἀγάπην,

275 1099 486 1155 δέδεται
535 1108 622 1154 καὶ
667 1105 1010 1174 μεμέθυσται,
1056 1103 1204 1164 οὗτος
1248 1106 1749 1164 καταπεπόντισται,
1783 1104 1870 1150 καὶ

272 1193 613 1263 αἰχμάλωτός
671 1191 811 1244 ἐστιν
865 1193 929 1252 εἰς
988 1191 1138 1244 ἄλλον
1197 1196 1410 1264 κόσμον,
1464 1194 1527 1251 ὡς
1575 1199 1669 1251 τῆς
1731 1185 1872 1250 ἰδίας

274 1284 475 1353 φύσεως
504 1281 597 1334 οὐκ
624 1282 1011 1354 αἰσθανόμενος.

347 1476 444 1531 ΙΖ’.
480 1476 848 1551 Ἐρώτησις.
891 1482 961 1530 Τί
992 1478 1199 1529 ἐστιν·
1241 1501 1256 1524 α
1289 1483 1353 1532 *Α
1394 1476 1722 1548 ὀφθαλμὸς
1762 1473 1873 1526 οὐκ

276 1562 578 1634 εἷὸε,καὶ
635 1564 740 1627 οὖς
802 1567 911 1618 οὐκ
960 1570 1218 1630 ἤκουσε,
1281 1572 1386 1618 καὶ
1428 1565 1532 1617 ἐπὶ
1597 1560 1872 1638 καρδίαν

277 1653 615 1728 ἀνθρώπου
659 1655 769 1706 οὐκ
809 1654 996 1712 ἀνέϐη
1034 1672 1047 1719 ;
1079 1675 1106 1705 ι)

348 1760 752 1834 Ἀπόκρισις.
809 1763 932 1814 Κατ’
989 1760 1175 1813 ἐκεῖνον
1214 1765 1300 1812 τόν
1339 1763 1517 1834 καιρὸν
1546 1762 1594 1811 oi
1640 1758 1872 1831 μεθάλοι,
1911 1721 1948 1774 Β

279 1853 368 1899 καὶ
428 1846 648 1913 δίκαιοι,
708 1855 796 1901 καὶ
851 1848 1100 1922 βασιλεῖς,
1159 1854 1248 1901 καὶ
1309 1859 1590 1922 προφῆται,
1652 1851 1732 1901 ὅτι
1785 1851 1873 1919 μὲν

279 1940 492 2011 ἔρχεται
512 1940 536 1989 6
569 1944 874 2012 Λυτρωτὴς,
905 1937 1123 2010 ᾔδεισαν
1140 1957 1151 1968 ·
1173 1942 1252 1991 ὅτι
1271 1936 1329 1991 δὲ
1349 1941 1573 2010 πάσχει,
1603 1943 1690 1990 καὶ
1720 1957 1876 1990 σταυ-

278 2035 483 2099 ροῦται,
543 2033 633 2080 καὶ
705 2030 836 2100 αἷμα
891 2031 1127 2100 ἐκχεῖται
1179 2027 1261 2081 ἐπὶ
1309 2036 1400 2080 τοῦ
1459 2035 1709 2101 σταυροῦ,
1763 2029 1878 2079 οὔτε

278 2113 523 2188 ᾔδεισαν,
580 2121 696 2169 οὔτε
748 2122 1001 2183 ἥκουσαν,
1055 2123 1170 2171 οὔτε
1225 2117 1373 2175 ἀνέϐη
1436 2117 1603 2169 αὐτῶν
1648 2120 1730 2169 ἐπὶ
1786 2121 1878 2174 τὴν

276 2205 526 2279 καρδίαν,
590 2210 668 2260 ὅτι
699 2211 847 2260 ἔσται
901 2207 1180 2281 βάπτισμα
1228 2211 1388 2283 πυρὸς
1438 2213 1527 2259 καὶ
1589 2211 1880 2278 Πνεῦματος

275 2295 428 2367 ἁγίου
471 2315 483 2328 ο
536 2302 623 2349 καὶ
677 2299 753 2349 ὅτι
801 2298 850 2349 ἐν
894 2306 954 2369 τῇ
991 2297 1276 2370 Ἐκκλησία
1331 2301 1679 2371 προσφέρεται
1729 2298 1881 2370 ἄρτος

272 2390 359 2437 xui
421 2387 581 2452 οἶνος,
661 2386 935 2438 ἀντίτυπον
1011 2395 1105 2448 τῆς
1157 2389 1345 2460 σαρκός
1393 2387 1552 2438 αὐτοῦ
1626 2390 1714 2437 καὶ
1790 2392 1882 2436 τοῦ

275 2475 500 2548 αἰμίιτος
530 2493 541 2504 ’
594 2480 683 2527 καὶ
726 2478 773 2527 οἱ
821 2475 1286 2547 μεταλαμϐάνοντες
1339 2475 1392 2526 ἐκ
1439 2483 1530 2528 τοῦ
1580 2478 1881 2546 φαινομένου

278 2566 468 2639 ἄρτου,
500 2573 855 2636 πνευματικῶς
887 2570 979 2623 τὴν
1031 2566 1201 2638 σάρκα
1230 2574 1321 2617 τοῦ
1355 2569 1548 2638 Κυρίου
1599 2564 1838 2616 ἐσθίουσι
1867 2580 1878 2591 ⁸

279 2660 370 2707 καὶ
402 2656 487 2706 ὅτι
517 2656 565 2706 οἱ
615 2652 898 2706 ἀπόστολοι
944 2659 1034 2706 καὶ
1078 2656 1126 2706 οἱ
1157 2659 1466 2725 Χριστιανοὶ
1512 2649 1762 2724 δέχονται
1797 2655 1882 2703 τὸν

281 2743 645 2818 Παράκλητον,
703 2748 791 2796 καὶ
839 2741 1108 2796 ἓνδύονται
1167 2740 1387 2816 δύναμιν
1446 2743 1497 2804 ἐξ
1553 2742 1734 2813 ὕψους,
1794 2746 1882 2792 καὶ

282 2833 605 2907 πληροῦνται
654 2841 748 2893 τῆς
788 2835 1073 2894 θεότητος·
1137 2838 1224 2885 καὶ
1283 2835 1361 2884 ὅτι
1424 2841 1774 2904 συγκιρῶνται
1831 2832 1885 2882 αἱ

283 2923 463 2994 ψυχαὶ
491 2930 563 2993 τῷ
613 2921 742 2993 ἁγίῳ
779 2925 1054 2993 Πνεῦματι.
1087 2929 1250 2974 Τοῦτο
1299 2922 1392 2973 οὐκ
1429 2918 1648 2994 ᾔδεισαν
1680 2924 1728 2972 οἱ
1757 2939 1884 2992 προ-

288 3020 452 3082 φῆται
506 3017 595 3063 καὶ
647 3009 899 3084 βασιλεῖς,
933 3015 1049 3062 οὔτε
1098 3010 1248 3068 ἀνέϐη
1304 3011 1467 3063 αὐτῶν
1521 3012 1603 3061 ἐπὶ
1637 3015 1728 3067 τὴν
1763 3028 1889 3081 καρ-

1526 252 1866 312 HOMILIZE.
1913 284 1978 293 ——
2017 251 2190 309 HOM.
2237 255 2452 310 XXVII.

3513 259 3615 316 706

1969 396 2077 436 nec
2093 381 2286 437 solum
2301 382 2612 438 daemones
2628 382 3194 454 expellebat,verum
3205 385 3373 441 etiam
3388 385 3617 444 vinctos

1970 471 2252 527 manibus
2282 488 2351 527 ac
2377 471 2652 544 pedibus,
2683 488 2754 528 ac
2785 473 3070 542 gravibus
3094 473 3618 532 morbislaboran-

1972 567 2074 630 tes,
2097 560 2655 633 perimpositionem
2672 577 2964 618 manuum
2984 563 3468 621 curabat.Postea
3479 581 3617 621 cum

1974 650 2335 720 negligentia
2355 649 2669 716 difﬂueret,
2702 657 2879 724 atque
2898 651 3148 722 gloriam
3166 659 3373 709 nactus
3393 669 3430 710 a
3445 669 3619 710 mun-

1975 739 2076 803 do,
2105 740 2194 793 sui
2219 739 2406 810 ipsius
2421 739 2811 796 delectatione
2831 746 3145 808 teneretur,
3171 741 3623 814 superbiaintu—

1977 829 2144 891 muit,
2165 833 2344 900 atque
2361 829 2644 900 delapsus
2662 834 2748 885 est
2768 830 2825 885 in
2849 830 2979 902 ipsa
3001 830 3469 902 profundissima
3491 847 3622 904 peo-

1976 919 2109 974 cati.
2145 919 2305 983 Vide,
2339 918 2503 990 quod
2555 919 2735 974 etiam
2769 919 2882 984 ille,
2930 920 3034 992 qui
3077 921 3307 976 donum
3365 921 3623 977 sanatio-

1977 1023 2125 1062 num
2147 1007 2422 1072 habebat,
2439 1008 2735 1064 ceciderit.
2759 1009 2930 1065 Vides
2947 1009 3275 1081 quomodo,
3297 1016 3625 1082 antequam

1979 1095 2329 1167 perveniant
2355 1097 2430 1151 ad
2459 1113 2807 1153 mensuram
2840 1098 3159 1164 charitatis,
3192 1099 3492 1156 labantur.
3517 1097 3626 1164 Qui

1980 1186 2138 1239 enim
2179 1185 2527 1241 charitatem
2573 1191 2884 1242 assecutus
2915 1187 3167 1243 vincitur
3195 1193 3251 1242 et
3277 1187 3624 1252 inebriatur,

1979 1275 2073 1330 hic
2096 1274 2462 1343 demergitur
2491 1281 2545 1331 et
2567 1276 2980 1348 captivaturin
3001 1275 3186 1332 alium
3211 1277 3531 1348 mundum,
3558 1292 3628 1334 ac

1981 1363 2029 1417 si
2056 1364 2363 1434 propriam
2395 1368 2673 1419 naturam
2703 1379 2824 1420 non
2857 1366 3089 1421 sentiat.

2057 1471 2212 1524 XVII.
2245 1469 2661 1541 Interrogatio.
2697 1471 2851 1538 Quid
2876 1473 3003 1528 est?
3035 1492 3061 1524 «
3093 1473 3232 1540 Quae
3280 1474 3486 1530 oculus
3511 1488 3630 1529 non

1982 1559 2152 1627 vidit,
2177 1574 2283 1615 nec
2311 1561 2482 1615 auris
2507 1561 2760 1631 audivit,
2785 1561 2965 1618 necin
2988 1577 3090 1618 cor
3102 1563 3353 1619 hominis
3370 1562 3634 1620 ascende-

1983 1653 2121 1704 runt
2154 1649 2244 1702 δη
2267 1668 2293 1700 υ

2055 1757 2396 1825 Responsio.
2430 1756 2532 1812 Illo
2566 1761 2828 1829 tempore
2843 1763 3173 1828 magnetes,
3200 1760 3549 1831 justi,reges
3579 1763 3635 1816 et

1989 1846 2317 1917 prophetas,
2349 1851 2668 1901 venturum
2698 1863 2827 1902 esse
2861 1848 3249 1918 Salvatorem,
3299 1854 3590 1906 noverant
3617 1864 3629 1904 :

1987 1951 2305 2006 passurum
2324 1936 3182 2006 autemesse,cruciﬁgendum,
3197 1953 3267 1994 ac
3280 1939 3636 2008 sanguinem

1991 2023 2376 2096 profusurum
2404 2025 2462 2079 in
2489 2040 2685 2090 cruce,
2716 2041 2837 2080 non
2869 2031 3178 2092 noverant,
3211 2043 3406 2100 neque
3435 2027 3638 2084 audie-

1989 2118 2159 2177 rant;
2194 2127 2387 2182 neque
2419 2113 2687 2168 ascendit
2716 2113 2775 2169 in
2807 2129 3014 2169 eorum
3043 2131 3144 2171 cor
3182 2114 3448 2172 futurum
3486 2115 3635 2188 bap-

1992 2199 2171 2255 tisma
2197 2200 2351 2271 ignis
2394 2216 2466 2256 ac
2517 2202 2765 2272 Spiritus
2796 2204 3026 2269 sancti;
3076 2204 3238 2271 item,
3270 2205 3332 2260 in
3380 2203 3640 2261 Ecclesia

1992 2289 2366 2344 offerendum
2391 2306 2519 2344 esse
2538 2306 2758 2361 panem
2787 2297 2841 2346 et
2871 2293 3099 2360 vinum,
3127 2298 3335 2366 typum
3364 2310 3472 2351 seu
3492 2295 3640 2365 ﬁgu-

1991 2394 2122 2434 ram
2154 2379 2348 2433 carnis
2380 2378 2511 2448 ejus
2531 2395 2599 2434 ac
2632 2380 2938 2449 sanguinis
2966 2387 3175 2454 :atque
3197 2383 3443 2455 eos,qui
3465 2383 3641 2454 parti-

1994 2467 2195 2538 cipant
2238 2467 2311 2522 de
2353 2483 2508 2538 pane
2555 2469 2769 2524 visibili
2829 2469 2928 2541 (t),
2979 2470 3356 2542 spiritualiter
3402 2488 3640 2528 carnem

1998 2557 2228 2612 Domini
2268 2572 2476 2612 esuros
2526 2574 2542 2610 :
2602 2559 2763 2623 item,
2823 2559 3128 2630 apostolos
3181 2567 3237 2616 et
3285 2561 3642 2618 Christianos

1994 2648 2378 2716 suscepturos
2411 2645 2799 2714 Paracletum,
2833 2653 3013 2720 atque
3060 2647 3401 2705 induendos
3430 2651 3643 2706 virtute

1996 2750 2068 2789 ex
2095 2733 2234 2798 alto,
2283 2749 2352 2790 ac
2399 2733 2718 2805 replendos
2765 2736 3110 2793 divinitate:
3163 2739 3644 2795 commiscendas

1996 2839 2239 2895 quoque
2271 2823 2505 2878 animas
2520 2840 2646 2878 curn
2663 2824 2878 2896 Spiritu
2905 2832 3132 2882 sancto.
3150 2829 3269 2883 Hoc
3284 2827 3646 2898 ignorabant

1996 2912 2302 2985 propheta
2339 2928 2407 2968 ac
2438 2928 2625 2982 reges,
2675 2929 2871 2984 neque
2901 2916 3254 2972 ascenderat
3284 2918 3343 2972 in
3374 2934 3476 2974 cor
3516 2917 3647 2974 illo-

1998 3018 2152 3056 rum.
2188 3004 2350 3056 Nunc
2376 2992 2538 3055 enim.
2559 3003 2870 3058 Christiani
2889 3004 3006 3059 alio
3034 3010 3207 3076 pacto
3229 3005 3543 3073 ditescunt,
3575 3022 3646 3062 ac

294 3067 305 3082 θ
342 3067 350 3069 ἡ
648 3067 657 3084 ,
867 3067 897 3074 -,
1238 3067 1244 3068 κ
1833 3067 1842 3081 .

290 3097 431 3153 δίαν.
479 3107 587 3152 Νῦν
626 3103 727 3172 γὰρ
784 3102 832 3151 οἱ
875 3105 1185 3171 Χριστιανοὶ
1233 3099 1391 3159 ἄλλως
1439 3099 1743 3163 πλουτοῦσι,
1799 3103 1888 3150 καὶ

2002 3089 2298 3144 desiderio
2341 3089 2651 3160 rapiuntur
2676 3091 2752 3146 ad
2803 3067 3173 3148 divinitatem
3201 3112 3218 3162 ;
3269 3099 3327 3150 at
3364 3095 3499 3151 licet
3530 3067 3647 3151 hoc

292 3187 631 3240 ἓπιποθοῦσιν
684 3188 750 3248 εἰς
802 3193 894 3246 τὴν
955 3191 1173 3245 θεὸτητα
1214 3206 1225 3217 ·
1285 3187 1410 3239 ἀλλὰ
1482 3192 1571 3239 xui
1642 3190 1887 3245 τοιαύτην

293 3279 470 3346 χαρὰν
496 3281 585 3328 καὶ
610 3276 940 3349 παράκλησιν
970 3280 1177 3348 ἔχοντες
1228 3279 1327 3329 ὑπὸ
1377 3275 1530 3348 φόϐον
1560 3281 1648 3328 καὶ
1700 3281 1888 3350 τρόμον

291 3364 445 3420 εἰσίν.

363 3463 470 3519 1Η’.
498 3463 871 3540 Ἐρώτησις.
897 3464 1037 3518 Ὑπὸ
1065 3471 1244 3518 ποῖον
1275 3463 1468 3538 φόϐον
1499 3470 1605 3517 καὶ
1633 3467 1888 3539 τρόμοις

367 3591 768 3662 Ἀπόκρισις.
809 3597 912 3642 Τοῦ
964 3595 1036 3662 μὴ
1074 3590 1330 3662 σφαλῆναι
1369 3593 1417 3642 ἓν
1446 3609 1570 3657 τινι,
1602 3588 1730 3642 ἀλλὰ
1756 3610 1892 3662 συμ-

290 3688 472 3752 φωνεῖν
503 3689 564 3752 τῇ
619 3682 829 3754 χάριτι.
859 3679 1057 3754 Ὠσπερ
1099 3682 1182 3732 ἐὰν
1276 3699 1351 3739 τις
1379 3683 1518 3752 ἔχων
1570 3682 1888 3753 θησαυροὺς,

290 3774 385 3821 καὶ
432 3765 590 3842 ὁδεύῃ
626 3769 690 3830 εἰς
720 3773 906 3829 τόπους
932 3771 1052 3820 ἔνθα
1095 3769 1197 3821 εἰσὶ
1239 3769 1451 3840 λῃσταὶ,
1485 3769 1660 3822 λοιπὸν
1712 3774 1894 3844 χαίρει

297 3861 387 3930 μὲν
420 3855 515 3910 διὰ
542 3859 760 3910 πλοῦτον
789 3863 879 3911 καὶ
908 3861 994 3909 τὸν
1029 3861 1309 3930 θησαυρὸν,
1347 3859 1445 3910 ὑπὸ
1479 3858 1633 3930 φόϐον
1668 3854 1726 3910 δέ
1757 3858 1891 3924 ἐστι,

299 3951 482 4018 μήπως
533 3946 822 4008 ἐπελθόντες
876 3947 933 3998 οὐ
990 3947 1182 4003 λησταὶ
1225 3947 1523 4003 συλήσωσιν
1579 3947 1753 4012 αὐτὸν,
1808 3953 1896 3999 καὶ

305 4037 373 4094 ὡς
430 4031 709 4105 βαστάζων
758 4034 823 4094 εἱς
875 4037 968 4094 τὰς
1015 4043 1198 4107 χεῖρας
1243 4035 1402 4085 αὑτοῦ
1457 4039 1514 4086 τὸ
1554 4033 1691 4087 ἴδιον
1749 4044 1900 4106 σῶμα

305 4123 467 4184 οὕτως
517 4121 679 4174 ἐστίν.
743 4119 882 4175 Ἰδοὺ
933 4125 1032 4194 γὰρ
1085 4121 1133 4172 ἐν
1183 4130 1292 4183 τοῖς
1349 4127 1669 4194 φαινομένοις
1714 4126 1900 4184 πάντες

311 4209 696 4283 ἀπεταξάμεθα,
755 4216 846 4263 καὶ
902 4210 1051 4282 ἐσμὲν
1111 4211 1241 4272 ξένοι
1297 4216 1386 4262 καὶ
1458 4209 1757 4282 ἀκτήμονις,
1813 4218 1902 4264 καὶ

306 4305 573 4362 κοινωνίας
655 4308 906 4375 σαρκικῆς
975 4299 1323 4373 ἐστερημένοι.
1411 4304 1627 4364 Λοιπὸν,
1704 4297 1786 4352 ἴδε
1845 4306 1904 4353 τό

311 4401 463 4465 σῶμα
504 4398 671 4443 κεῖται
701 4389 772 4451 εἰς
815 4389 978 4462 εὐχήν
1011 4408 1023 4420 ·

309 4483 352 4535 εἰ
396 4483 499 4557 ἄρα
534 4485 626 4533 σὺν
659 4488 733 4550 τῷ
782 4485 986 4553 σώματι
1016 4486 1105 4531 xui
1147 4481 1172 4530 6
1221 4487 1337 4541 νοῦς
1382 4486 1667 4550 συμφωνεῖ,
1705 4478 1904 4554 Ὠσπερ

309 4575 395 4624 ἐπὶ
453 4576 510 4623 τὸ
569 4571 807 4623 πλεῖστον
856 4572 904 4621 οἱ
957 4577 1195 4642 τεχνῖται
1257 4570 1386 4640 μετὰ
1455 4573 1672 4640 κόσμον,
1728 4574 1817 4620 καὶ
1860 4570 1908 4619 οἱ

312 4659 771 4734 ἓργαστηριάρχαι
802 4661 990 4731 ἔχουσι
1019 4662 1076 4710 τό
1105 4666 1258 4730 σῶμα
1288 4653 1664 4730 ἀποδεδεμένον
1719 4658 1789 4718 εἰς
1815 4661 1908 4716 τὴν

315 4751 527 4818 τέχνην,
579 4750 772 4820 ὁμοίως
822 4753 909 4800 καὶ
988 4751 1072 4800 τὸν
1125 4755 1241 4800 νοῦν
1297 4750 1478 4807 νυκτὸς
1533 4751 1622 4798 καὶ
1679 4749 1899 4818 ἡμέρας.

318 4839 514 4889 Λοιπὸν
568 4841 632 4888 σὺ
679 4836 960 4908 ἐπίσκεψαι
1010 4840 1243 4902 σεαυτὸν,
1279 4839 1414 4908 ἔχων
1462 4838 1520 4888 τὸ
1577 4844 1729 4907 σῶμα
1776 4835 1910 4898 ξένον

317 4933 408 4978 τοῦ
457 4929 658 4998 κόσμου
692 4929 896 4995 τούτου,
949 4920 1050 5000 ἆρα
1080 4928 1221 4998 ἔχεις
1266 4931 1355 4977 καὶ
1384 4928 1470 4977 τόν
1502 4933 1620 4976 νοῦν
1653 4924 1912 4997 ἀλλότριον

317 5018 503 5067 τούτου
558 5021 649 5066 τοῦ
704 5015 904 5084 αἰῶνος,
946 5018 1031 5065 καὶ
1083 5015 1139 5066 οὗ
1197 5014 1359 5088 ῥέμϐῃ
1412 5014 1478 5074 εἰς
1531 5018 1614 5066 τὸν
1669 5021 1911 5087 κόσμονς

323 5110 424 5158 Καὶ
469 5106 570 5177 γὰρ
599 5104 819 5166 ἕκαστος
848 5106 1095 5176 κοσμικὸς
1126 5104 1154 5160 ἡ
1209 5109 1551 5172 στρατιώτης,
1609 5103 1637 5161 ἦ
1671 5107 1912 5176 ἔμπορος,

321 5197 449 5248 ὅπου
492 5197 604 5266 ἔχει
648 5199 706 5246 τὸ
756 5202 926 5266 σῶμα,
956 5195 1059 5245 ἐκεῖ
1106 5195 1325 5264 ἔχειτὸν
1355 5200 1471 5244 νοῦν
1518 5189 1914 5266 ἀποδεδεμένον,

323 5290 411 5337 καὶ
471 5285 575 5337 ἐκεῖ
627 5284 767 5355 αὐτῷ
834 5282 973 5335 ἐστιν
1031 5283 1055 5333 6
1111 5284 1390 5350 θησαυρός.
1439 5286 1732 5358 Γέγραπται
1792 5285 1916 5357 γὰρ,

324 5370 525 5427 Ὅπου
571 5376 596 5426 6
648 5375 1006 5446 θησαυρὸς,
1061 5369 1196 5423 ἐκεῖ
1270 5375 1375 5423 καὶ
1423 5374 1451 5428 ἡ
1514 5366 1774 5446 καρδία.

403 5562 449 5597 ⁸⁷
482 5562 502 5616 Ι
536 5565 664 5619 Cor.
709 5577 769 5627 ιι,
805 5566 857 5618 9.
935 5562 982 5597 ⁸⁸
1014 5559 1211 5618 Matth.
1249 5575 1321 5625 v1,
1356 5559 1443 5615 2t.

1999 3178 2219 3247 gaudio
2250 3183 2304 3233 et
2335 3180 2743 3235 consolatione
2773 3179 3178 3251 perfruantur,
3208 3183 3416 3240 timore
3446 3188 3646 3242 tamen

2001 3284 2070 3324 ac
2105 3273 2356 3324 tremore
2389 3268 2826 3326 concutiuntur.

2071 3463 2269 3519 XVIII.
2301 3464 2715 3534 Interrogatio.
2752 3465 2875 3533 Quo
2906 3466 3112 3525 timore
3134 3483 3207 3525 ac
3237 3474 3488 3526 tremore
3515 3470 3544 3528 ?

2076 3591 2415 3660 Responsio.
2437 3592 2481 3645 Ν
2487 3605 2518 3645 e
2539 3590 2816 3646 aberrent
2835 3590 2895 3646 in
2913 3591 3137 3662 aliquo,
3157 3593 3264 3649 sed
3287 3594 3652 3652 concordent

2003 3681 2226 3750 gratias.
2252 3679 2505 3734 Perinde
2532 3694 2601 3734 ac
2625 3678 2674 3733 si
2691 3679 2847 3751 quis,
2870 3680 2972 3752 qui
2995 3681 3218 3738 habeat
3239 3683 3572 3748 thesauros,
3597 3689 3654 3740 et

2002 3768 2416 3841 proﬁciscatur
2446 3768 2523 3823 ad
2565 3767 2717 3833 loca,
2773 3770 2872 3823 ubi
2928 3775 3065 3825 sunt
3109 3770 3389 3841 latrones,
3432 3773 3654 3841 gaudet

2003 3858 2250 3930 quidem
2285 3862 2524 3928 propter
2553 3873 2699 3926 opes
2723 3858 3155 3925 ctthesaurum,
3190 3860 3302 3915 sub
3323 3867 3487 3916 metu
3507 3862 3654 3916 nihi-

2005 3947 2265 4001 lominus
2293 3951 2399 4009 est,
2431 3960 2504 4000 ne
2524 3946 3008 4015 supervenientes
3033 3947 3293 4004 latrones
3311 3950 3654 4021 depraeden-

2009 4041 2102 4090 tur
2134 4051 2218 4099 se,
2247 4039 2300 4088 et
2342 4034 2586 4104 perinde
2614 4041 2700 4088 est
2761 4051 2829 4090 ac
2861 4035 2909 4089 si
2940 4041 3127 4106 gestet
3167 4039 3448 4094 manibus
3477 4055 3654 4096 suum

2009 4123 2324 4195 proprium
2359 4139 2594 4193 corpus.
2613 4123 2755 4178 Ecce
2769 4125 2949 4188 enim,
2974 4125 3179 4197 quoad
3201 4143 3292 4192 ea,
3314 4143 3450 4198 quas
3468 4128 3656 4185 oculis

2013 4218 2237 4285 patent,
2270 4227 2480 4266 omnes
2498 4212 2991 4280 renuntiavimus,
3017 4230 3088 4270 ac
3109 4231 3317 4270 sumus
3341 4217 3657 4288 peregrini,

2015 4309 2193 4372 atque
2225 4301 2455 4371 inopes,
2488 4300 2833 4372 carnalique
2865 4302 3142 4359 societate
3168 4305 3380 4376 privati
3413 4322 3426 4358 :
3454 4307 3658 4378 quoad

1073 4388 1362 4461 ὀφείλουσιν
1411 4386 1539 4440 ἰδεῖν
1584 4391 1632 4441 οἱ
1672 4385 1882 4461 ἀδελφοὶ

2016 4396 2227 4446 caetera
2251 4389 2405 4454 vide,
2439 4405 2655 4461 corpus
2685 4389 2759 4446 ad
2807 4391 3138 4447 orationem
3170 4395 3502 4464 propendet
3524 4413 3539 4463 ;
3563 4395 3662 4451 de-

2015 4480 2157 4535 bent
2187 4479 2395 4533 fratres
2425 4479 2749 4545 attendere,
2777 4496 2923 4535 num
2955 4482 3186 4552 corpori
3223 4499 3391 4538 mens
3420 4500 3664 4557 quoque

2017 4573 2303 4624 consonet
2331 4588 2342 4624 :
2374 4567 2893 4638 quemadmodum
2925 4576 2986 4624 ut
3011 4570 3336 4640 plurimum
3358 4573 3418 4628 in
3436 4573 3666 4630 mundo

2019 4657 2292 4722 artiﬁces,
2308 4661 2487 4729 atque
2502 4657 2959 4714 architectorum
2981 4659 3276 4732 principes
3293 4661 3522 4718 habent
3543 4679 3669 4719 cor-

2018 4764 2132 4819 pus
2155 4745 2501 4802 devinctum
2527 4746 2604 4802 ad
2637 4754 2847 4813 artem,
2872 4748 3074 4803 itidem
3103 4754 3160 4804 et
3191 4751 3463 4807 animum
3485 4757 3666 4808 noctu

2021 4837 2262 4907 diuque.
2287 4837 2370 4890 Tu
2396 4850 2537 4904 ergo
2555 4836 2858 4906 perpende
2891 4841 2941 4892 te
2967 4838 3183 4904 ipsum,
3208 4839 3310 4910 qui
3337 4840 3524 4896 habes
3545 4857 3670 4896 cor-

2023 4941 2133 4997 pus
2165 4923 2544 4995 peregrinum
2577 4925 2651 4979 ab
2676 4926 2788 4980 hoc
2812 4926 3059 4991 mundo,
3077 4942 3220 4982 num
3243 4930 3423 4984 etiam
3443 4929 3671 4987 habeas

2025 5021 2282 5069 mentem
2316 5012 2574 5069 alienam
2606 5015 2683 5069 ab
2713 5013 2828 5070 hoc
2851 5015 3088 5080 saeculo,
3111 5033 3179 5072 ac
3196 5033 3317 5073 non
3334 5020 3672 5091 occupatio-

2026 5103 2204 5159 nibus
2232 5102 2444 5157 mundi
2476 5103 2795 5158 detinearis
2826 5103 2853 5159 ‘I
2879 5104 3133 5169 Quilibet
3158 5107 3319 5164 enim
3343 5108 3670 5172 saacularis,

2029 5191 2153 5247 sive
2183 5191 2371 5256 miles,
2434 5191 2556 5245 sive
2589 5196 2901 5260 mercator,
2958 5193 3060 5249 ubi
3093 5210 3309 5267 corpus
3340 5197 3540 5266 habet,
3592 5197 3674 5252 ibi

2029 5297 2269 5354 quoque
2287 5280 2741 5338 habetmentem
2764 5284 3123 5349 devinctam,
3144 5286 3344 5359 ibique
3362 5288 3675 5342 thesaurus

2030 5372 2160 5441 ejus
2211 5375 2317 5425 est.
2362 5369 2658 5443 Scriptum
2701 5372 2859 5428 enim
2905 5379 3035 5433 est:
3084 5373 3192 5431 Ubi
3235 5375 3565 5438 thesaurus,
3597 5372 3680 5426 ibi

2031 5460 2201 5516 etiam
2226 5476 2326 5516 cor
2357 5461 2425 5516 ⁸³.

415 5660 494 5733 (t)
527 5660 589 5716 Id
622 5664 726 5725 est,
759 5675 878 5717 non
911 5659 1126 5716 visibili
1155 5657 1337 5715 modo
1376 5660 1431 5714 et
1458 5673 1550 5721 eo,
1582 5672 1700 5728 quo
1729 5655 1923 5714 editur
1952 5655 2070 5715 alia
2109 5671 2273 5734 caro,
2311 5655 2413 5714 sed
2442 5657 2730 5738 spirituali
2759 5661 2815 5716 et
2844 5656 3142 5714 invisibili.

593 5761 831 5815 PATROL.
866 5761 965 5816 GR.
1000 5758 1240 5816 XXXIV.

3261 5753 3331 5812 23
