4130 6286
554 242 659 300 7οτ
1840 239 1898 295 s.
1941 236 2244 295 MACARII
2284 238 2592 295 XEGYPTII
3786 250 3915 308 7os

621 371 789 442 109
826 371 949 426 XIX.
971 368 1284 441 Reliquum
1316 370 1421 433 est,
1447 370 1582 423 tuus
1609 367 1849 422 animus
1875 366 2037 438 quali
2068 366 2189 421 the-
2226 372 2252 419 Α

2370 365 2479 419 ΙΘ’.
2535 369 2730 418 Λοιπὸν
2781 368 2925 428 ὀσός
2952 375 3071 430 νοῦς
3124 369 3196 431 εἰς
3242 376 3389 423 ποῖόν
3438 374 3549 425 ἔστι
3606 376 3912 450 θησαυρὸν,

540 476 717 517 sauro
745 462 818 515 sit
851 460 1131 522 intentus,
1156 474 1232 512 an
1262 462 1415 512 totus
1444 456 1620 527 plane
1648 455 1768 511 Deo
1800 471 1907 511 nec
1940 471 2013 509 ne
2039 456 2066 511 ‘P
2099 454 2171 509 si:

2300 448 2400 523 ἆρα
2445 453 2561 516 ὅλος
2610 452 2787 507 διόλου
2844 461 2973 529 πρὸς
3019 461 3105 509 τόν
3162 465 3289 512 Θεὸν
3340 459 3502 527 ἐστιν,
3536 463 3565 521 ἢ
3610 467 3715 530 οῦς
3762 466 3810 517 εἰ
3846 462 3915 518 δὲ

536 551 735 605 minus
765 555 871 614 est,
894 548 1206 618 exponatis
1226 545 1392 610 mihi,
1416 545 1563 617 quid
1580 543 1907 616 impediat?
1924 543 2167 599 Profectt

2300 543 2393 595 οὐκ
2423 546 2582 609 ἔστιν,
2616 544 2835 615 ὀφείλετέ
2882 566 2970 617 μοι
3003 547 3182 615 εἰπεῖν,
3213 554 3263 601 τί
3310 548 3421 602 ἐστι
3459 554 3517 602 1'6
3559 550 3853 623 ἐμποδίζον

539 642 789 697 Satanas
810 646 863 694 et
888 638 1194 692 daemones
1212 636 1603 705 suntspiritus
1620 649 1906 705 nequam,
1926 633 2026 705 qui
2044 632 2170 687 deti

2301 634 2509 693 Πάντως
2559 636 2827 705 πνεύματά
2883 634 2987 687 εἱσι
3042 641 3262 710 πονηρὰ,
3321 640 3345 690 6
3407 647 3637 702 Σατανᾶς
3702 648 3793 695 καὶ
3859 646 3914 695 οἱ

534 734 677 786 nent
704 735 959 783 mentem
991 733 1167 797 atque
1199 726 1468 780 animam
1501 723 1870 778 subvertunt.
1903 722 2165 777 Versutu:

2302 717 2562 793 δαίμονες,
2624 728 2935 794 κατέχοντες
2986 729 3071 777 τόν
3123 735 3262 793 νοῦν,
3314 732 3403 780 καὶ
3459 730 3913 803 περισκελίζοντες

534 821 695 875 enim
708 812 1431 880 estdiabolus,instructus
1449 811 1993 877 machinis,foribus
2008 816 2165 879 terge

2297 814 2390 867 τὴν
2462 810 2667 882 ψυχήν.
2744 811 2801 863 Ὁ
2874 815 2975 886 γὰρ
3050 814 3371 878 πολύπλοκος
3444 814 3685 880 διάϐολος
3758 823 3910 893 ἔχων

535 911 734 977 minis,
758 924 827 963 ac
853 905 1082 962 vafritie
1102 904 1291 959 multa
1317 909 1609 974 occupata
1641 907 1798 956 tenet
1818 916 2045 972 pascua
2066 900 2165 955 ani

2298 901 2526 971 μάγανα,
2581 904 2668 951 καὶ
2714 903 2936 974 τρίθυρα
2974 909 3063 956 καὶ
3107 905 3366 958 ποικιλίαν
3414 906 3627 976 πολλὴν,
3679 914 3910 982 κατέχει

534 1016 647 1056 ωδε
669 1003 849 1069 atque
883 995 1290 1064 cogitationes,
1339 1008 1447 1047 nec
1472 990 1927 1063 permittitrecte
1960 1004 2165 1061 precar

2298 989 2386 1047 τὰς
2410 991 2565 1059 νομὰς
2590 998 2684 1051 τῆς
2713 991 2900 1062 ψυχῆς
2937 996 3169 1054 καὶτοὺς
3214 994 3517 1067 λογισμοὺς.
3565 1002 3654 1051 καὶ
3700 999 3799 1051 οὐκ
3847 998 3910 1071 ἐᾷ

531 1098 586 1149 et
611 1086 892 1146 accedere
919 1085 995 1139 ad
1031 1087 1215 1138 Deum
1246 1081 1575 1154 ;quoniam
1603 1081 1737 1152 ipsa
1772 1086 1985 1134 natura
2009 1076 2162 1149 parti

2299 1075 2463 1150 ὀρθῶς
2514 1082 2909 1151 προσεύχεσθαι
2960 1086 3048 1134 καὶ
3099 1085 3465 1156 προσεγγίζειν
3524 1094 3657 1158 Θεῷ,
3709 1085 3902 1147 ἔπειδή

529 1198 672 1254 ceps
699 1185 785 1235 est
811 1179 1161 1233 daemonum
1188 1187 1258 1227 ac
1284 1171 1596 1242 spirituum
1630 1168 1909 1239 nequitiae
1940 1184 1952 1232 ;
1981 1167 2160 1221 itiden

2298 1165 2428 1223 αὐτὴ
2482 1168 2511 1224 ἡ
2558 1170 2714 1239 φύσις
2764 1176 3036 1229 κοινωνικὴ
3086 1174 3199 1223 ἑστι
3246 1181 3345 1225 τῶν
3378 1170 3639 1247 δαιμόνων
3678 1182 3767 1229 καὶ
3798 1187 3908 1230 τῶν

530 1270 884 1341 angelorum
913 1281 980 1319 ac
1005 1262 1252 1334 Spiritus
1275 1260 1491 1315 sancti:
1511 1258 1798 1330 templum
1820 1262 1908 1312 est
1927 1258 2160 1312 Satanae

2295 1258 2597 1325 πνευμάτων
2654 1265 2749 1318 τῆς
2807 1264 3073 1333 πονηρίας,
3135 1263 3324 1332 ὁμοίως
3366 1268 3457 1315 καὶ
3509 1264 3756 1337 ἀγγέλων,
3807 1272 3903 1319 xui

532 1378 602 1417 ac
643 1356 931 1428 templum
964 1351 1153 1408 sancti
1194 1350 1463 1421 Spiritus.
1528 1350 1816 1403 Caeterum
1866 1344 2163 1417 expanditc

2299 1347 2590 1416 Πνεύματος
2640 1345 2793 1416 ἁγίου
2826 1369 2839 1379 '
2888 1354 3008 1411 ναός
3057 1348 3169 1401 ἐστι
3213 1358 3304 1403 τοῦ
3358 1360 3577 1419 Σατανᾶ,
3631 1361 3720 1407 καὶ
3771 1362 3902 1417 ναὸς

530 1448 803 1505 animum
832 1449 1086 1499 vestrum
1099 1482 1111 1505 ,
1129 1438 1334 1494 fratres
1350 1437 1669 1508 cujusnam
1686 1435 1826 1489 estis
1845 1435 2157 1506 participes

2293 1440 2382 1484 τοῦ
2430 1433 2582 1503 ἁγίου
2642 1439 2959 1508 Πνεύματος,
3018 1443 3212 1491 Λοιπὸν
3262 1441 3615 1511 ἐπισκέψασθε
3657 1447 3745 1496 τὸν
3774 1454 3900 1497 νοῦν

532 1536 885 1607 angelorum
908 1548 983 1587 an
1003 1531 1350 1585 daemonum
1371 1527 1398 1582 ?
1416 1526 1587 1595 cujus
1610 1524 1901 1595 templum
1920 1528 1974 1578 et
1993 1522 2163 1577 domi

2294 1522 2455 1593 ὑμῶν,
2500 1521 2729 1596 ἀδελφοὶ,
2770 1529 2907 1587 τίνος
2946 1525 3061 1579 ἐστὶ
3099 1534 3359 1595 κοινωνοὶ,
3402 1528 3649 1601 ἀγγέλων,
3694 1534 3723 1590 ἦ
3768 1530 3902 1586 δαι-

529 1626 733 1683 cilium
761 1623 919 1687 estis,
962 1620 1057 1675 Dei
1112 1633 1190 1673 an
1238 1614 1461 1671 diaboli
1503 1614 1531 1665 ‘2
1580 1629 1681 1668 cor
1711 1612 1875 1684 quali
1907 1612 2160 1667 thesaur<

2291 1616 2457 1682 μόνων
2487 1629 2500 1679 ;
2531 1619 2665 1673 τίνος
2694 1613 2810 1667 ἐστὶ
2848 1619 2979 1678 ναὸς,
3015 1616 3315 1692 οἰκητήριον
3345 1624 3492 1685 Θεοῦ,
3527 1622 3555 1680 ᾖ
3592 1617 3627 1674 δ
3633 1621 3846 1675 ιαϐόλου
3883 1640 3896 1690 ;

530 1717 603 1772 sit
627 1713 939 1785 repletum,
973 1698 1174 1778 gratiae
1207 1721 1284 1760 an
1316 1706 1549 1759 Satanae
1590 1701 1617 1756 ?
1657 1702 1821 1757 Velut
1864 1702 2043 1771 igitur
2072 1701 2161 1756 do-

2290 1699 2346 1753 Ἠ
2378 1699 2574 1774 καρδία
2617 1709 2769 1756 ποίου
2802 1707 3073 1779 θησαυροῦ
3119 1712 3470 1778 μεμίστωται,
3510 1717 3603 1771 τῆς
3640 1713 3896 1783 χάριτος,

530 1821 663 1861 mus
691 1819 827 1857 cum
858 1799 1073 1855 referta
1093 1801 1183 1851 est
1211 1793 1614 1866 graveolentia
1640 1807 1709 1847 ac
1732 1797 2009 1854 stercore,
2037 1806 2161 1846 con-

2290 1792 2319 1850 ἢ
2376 1798 2467 1843 τοῦ
2523 1799 2726 1844 Σατανᾶ
2773 1811 2785 1859 ;
2840 1793 3039 1867 Ὠσπερ
3099 1793 3185 1847 οὖν
3254 1797 3422 1850 οἰκίαν
3493 1806 3898 1872 μεμεστωμένην

530 1893 688 1950 venit
710 1891 874 1947 illam
904 1888 1141 1960 penitus
1168 1882 1409 1955 purgari
1432 1888 1611 1953 atque
1651 1880 1949 1947 exornari,
1982 1896 2051 1935 ac
2090 1896 2161 1935 rei

2291 1876 2568 1943 δυσωδίας
2623 1887 2712 1935 καὶ
2768 1889 3007 1958 κοπρίας,
3066 1890 3176 1958 χρὴ
3232 1889 3427 1944 ταύτην
3503 1889 3899 1961 καθαρισθῆναι

528 1983 674 2055 pleri
731 1979 945 2053 quavis
992 1973 1318 2044 fragrantia
1366 1977 1421 2027 et
1477 1971 1802 2035 thesauris;
1839 1975 1901 2024 ut
1929 1970 2159 2040 Spiritu:

2290 1974 2347 2021 1'6
2400 1971 2532 2035 ὅλον,
2599 1977 2689 2023 xui
2747 1975 3100 2045 κοσμηθῆναι,
3171 1979 3260 2026 xui
3318 1975 3658 2049 πληρωθῆναι
3711 1982 3898 2041 πάσης

527 2078 769 2128 sanctus
798 2068 993 2124 veniat
1013 2081 1122 2137 pro
1155 2064 1397 2131 Satana,
1419 2077 1487 2117 ac
1514 2061 1847 2132 requiescat
1868 2059 1929 2113 in
1959 2058 2158 2114 animi:

2290 2056 2513 2121 εὐωδίας
2567 2066 2655 2112 καὶ
2714 2064 3011 2137 θησαυρῶν,
3067 2066 3203 2116 ὥστε
3255 2071 3463 2137 Πνεῦμα
3520 2067 3671 2138 ἅγιον
3731 2067 3895 2121 ἐλθεῖν

3888 572 3921 620 ἃ

528 2161 1019 2218 Christianorum.

2291 2148 2403 2200 ἀντὶ
2433 2157 2525 2201 τοῦ
2568 2157 2787 2216 Σατανᾶ,
2821 2157 2911 2205 καὶ
2954 2154 3316 2213 ίπαναπαῆναι
3359 2154 3428 2216 είς
3454 2157 3546 2217 τὰς
3575 2156 3767 2229 ψυχὰς
3794 2168 3894 2211 τῶν

2288 2245 2639 2310 Χριστιανῶν.

601 2374 705 2427 XX.
741 2367 1283 2429 Verumenimvero,
1318 2378 1440 2419 non
1495 2360 1694 2417 statim
1749 2359 1953 2416 audito
1994 2358 2177 2414 verbo

2362 2361 2438 2417 κ’.
2474 2362 2613 2420 Πλὴν
2662 2362 2756 2415 οῦκ
2786 2363 2933 2425 εύθύς
2980 2384 3055 2425 τις
3099 2363 3325 2428 ἀκούσας
3374 2365 3528 2439 λόγον
3580 2376 3738 2434 Θεοῦ,
3784 2368 3888 2430 ἤδη

528 2463 647 2526 Dei,
670 2460 885 2531 aliquis
902 2456 1153 2512 ﬁtbonaa
1181 2453 1385 2525 partis.
1406 2452 1461 2507 Si
1486 2451 1647 2505 enim
1668 2448 1847 2504 simul
1874 2448 2159 2504 audieudc

2286 2456 2461 2523 γέγονε
2507 2461 2597 2505 τοῦ
2638 2451 2835 2525 ἀγαθοῦ
2885 2457 3093 2527 μέρους.
3129 2454 3193 2509 Εἰ
3233 2458 3331 2529 γὰρ
3359 2456 3469 2529 ἅμα
3516 2466 3588 2528 τῷ
3638 2458 3889 2527 ἀκοῦσαι.

526 2551 857 2607 efﬁceretur
907 2544 1090 2618 partis
1128 2543 1321 2608 honre,
1372 2554 1762 2612 nequaquam
1818 2538 2151 2593 exstitissen

2287 2541 2513 2613 ἐγίγνετο
2544 2550 2634 2594 τοῦ
2676 2542 2875 2613 ἀγαθοῦ
2912 2548 3115 2618 μέρους,
3149 2545 3321 2597 οὐκέτι
3374 2545 3432 2597 ἂν
3488 2544 3624 2604 ἦσαν
3672 2547 3886 2621 ἀγῶνες,

526 2637 871 2701 certamina,
905 2639 1009 2690 aut
1030 2633 1378 2689 occasiones
1409 2629 1726 2696 bellorum,
1756 2633 1859 2683 aut
1904 2643 2113 2682 cursus

2286 2631 2314 2688 ἡ
2373 2636 2547 2704 καιροὶ
2598 2631 2852 2703 πολέμων,
2913 2634 2942 2691 ἡ
3000 2629 3196 2705 δρόμος
3248 2656 3258 2666 ·
3318 2633 3424 2687 ἀλλ’
3498 2634 3797 2708 ἀκαμάτως,
3846 2640 3888 2692 εἰ

526 2729 629 2785 sed
689 2729 815 2783 sine
854 2724 1079 2789 labore,
1124 2720 1304 2776 modo
1354 2718 1635 2784 audisset,
1689 2715 2057 2788 pervenisset
2095 2732 2157 2772 ac

2283 2723 2436 2791 μόνον
2466 2724 2704 2784 ἤκουσεν,
2759 2717 2906 2778 ἦλθεν
2937 2720 2996 2771 ἂν
3027 2721 3095 2782 εἰς
3121 2725 3456 2776 κατάπαυσιν
3486 2730 3576 2777 xui
3608 2729 3671 2778 τὰ
3716 2728 3885 2781 τελεια

523 2818 786 2889 quietem
810 2830 879 2870 ac
906 2811 1159 2884 gradum
1194 2806 1541 2879 perfectum.
1558 2808 1948 2876 Nequaquam
1972 2808 2154 2859 auten

2283 2814 2460 2882 μέτρα,
2497 2809 2619 2880 oux
2668 2809 2832 2870 οὕτως
2880 2806 2940 2860 δέ
2990 2808 3102 2863 ἐστι
3131 2813 3195 2862 τὰ
3235 2815 3544 2885 πράγματα.
3590 2821 3880 2889 Περιαιρεῖς

523 2906 604 2962 ita
633 2921 726 2961 res
766 2920 830 2960 se
868 2902 1066 2957 habet.
1095 2897 1275 2953 Tollis
1301 2896 1460 2951 enim
1491 2894 1861 2949 voluntatem
1887 2894 2146 2948 hominis

2282 2901 2382 2971 γὰρ
2431 2902 2487 2950 1'6
2535 2898 2731 2969 θέλημα
2772 2906 2863 2950 τοῦ
2912 2897 3205 2973 ἀνθρώπου,
3251 2910 3404 2954 τοῦτο
3448 2903 3612 2975 λέγων,
3657 2908 3742 2955 καί
3769 2905 3865 2962 τήν

523 2996 671 3051 dum
704 2994 818 3049 hoc
863 2991 1101 3056 asseris,
1133 2993 1189 3042 et
1234 2985 1627 3041 reluctantem
1660 2982 1995 3039 facultatem
2039 2998 2154 3038 esst

2270 2987 2558 3063 fivtinulov
2610 2983 2830 3059 δύναμιν
2859 2986 2917 3039 ού
2948 2986 3110 3057 λέγεις
3161 2986 3291 3042 εἶναι
3318 2991 3636 3045 παλαίουσάν
3664 3000 3732 3063 τῷ
3760 3002 3854 3063 νῷ.

519 3101 732 3155 negas,
754 3099 889 3157 qua:
912 3081 1202 3152 repugnet
1227 3075 1449 3131 animo.
1474 3075 1591 3129 Nos
1615 3078 1812 3127 autem
1831 3072 1943 3126 hoc
1964 3072 2146 3128 asseri

2243 3066 2455 3149 ἶἮμείς
2486 3073 2545 3128 δὲ
2591 3080 2742 3128 τοῦτό
2776 3095 2955 3149 φαμεν,
3006 3078 3086 3129 ότι
3127 3079 3152 3129 6
3196 3077 3395 3132 ἀκούων
3444 3082 3615 3152 λόγον,
3664 3083 3874 3156 ἔρχεται

521 3193 679 3244 mus,
697 3190 835 3228 eum
853 3171 955 3243 qui
978 3168 1228 3224 verbum
1251 3164 1442 3229 audit,
1459 3164 1655 3218 venire
1674 3161 1731 3216 in
1765 3163 2152 3232 compunctio-

2282 3167 2347 3228 εἰς
2390 3165 2688 3229 κατάνυξιν,
2756 3170 2844 3218 xui
2898 3169 3028 3238 μετὰ
3086 3174 3243 3221 τοῦτο
3306 3170 3730 3232 ὑποστελλούσης
3783 3181 3881 3236 τῆς

520 3280 660 3319 nem
695 3286 705 3328 ;
741 3278 811 3317 ac
841 3265 1068 3333 postea,
1095 3255 1465 3311 subducente
1491 3269 1551 3306 se
1578 3251 1786 3322 gratia,
1808 3266 1912 3322 per
1933 3250 2151 3323 dispen'

2278 3258 2496 3329 χάριτος
2525 3255 2640 3307 κατ’
2674 3254 2967 3328 οἰκονομίαν
2997 3258 3125 3329 πρὸς
3146 3261 3203 3309 τό
3236 3266 3490 3333 συμφέρον
3523 3267 3595 3331 τῷ
3626 3258 3878 3335 ἀνθρώπῳ

522 3354 817 3408 sationem
867 3349 945 3403 ad
997 3346 1472 3401 emolumentum
1513 3340 1796 3404 hominis,
1828 3340 2060 3409 ingredi
2109 3340 2153 3394 ir

2280 3346 2577 3417 εἰσέρχεται
2608 3344 2679 3406 εἰς
2724 3349 3019 3416 γυμνασίαν
3063 3350 3151 3398 καὶ
3198 3344 3442 3400 παιδείαν
3490 3349 3740 3422 πολέμου,
3790 3357 3879 3404 καὶ

517 3440 993 3497 exercitationem
1024 3452 1092 3490 ac
1117 3432 1499 3503 disciplinam
1531 3430 1881 3494 militarem;
1931 3434 2056 3483 tum
2077 3428 2148 3484 lu.

2272 3441 2416 3503 71'6st
2456 3434 2622 3491 πάλην
2671 3439 2760 3485 καὶ
2815 3432 2989 3505 ἀγῶνα
3026 3438 3168 3509 πρὸς
3196 3440 3281 3487 τόν
3330 3443 3580 3503 Σατανᾶν,
3615 3445 3704 3491 xui
3750 3444 3880 3511 μετὰ

520 3536 677 3585 ctam
709 3527 1092 3587 committere,
1119 3539 1187 3578 ac
1202 3518 1663 3575 certameninire
1687 3517 1978 3573 adversus
2010 3520 2151 3575 Sata‘

2277 3522 2465 3575 πολλοῦ
2512 3519 2712 3596 δρόμου
2765 3528 2854 3574 καὶ
2909 3521 3101 3593 ἀγῶνος
3132 3522 3437 3599 ἀποφέρεται
3463 3530 3531 3578 τὰ
3571 3534 3876 3603 νικητήρια,

519 3634 683 3681 nam,
714 3632 782 3672 ac
813 3614 998 3669 multo
1030 3628 1211 3667 cursu
1236 3616 1291 3664 et
1322 3608 1642 3663 certamine
1665 3613 1963 3677 reportata
1987 3608 2142 3663 victo

2277 3618 2366 3664 xui
2420 3617 2620 3683 γίνεται
2675 3617 3009 3685 Χριστιανός.
3059 3613 3121 3667 Εἰ
3176 3615 3274 3688 γάρ
3323 3635 3402 3677 τις
3452 3614 3654 3668 ἁκούων
3698 3638 3874 3689 μονον,

514 3709 616 3765 riae
644 3707 864 3779 palma,
892 3702 1147 3758 evadere
1173 3699 1592 3755 Christianum.
1625 3698 1681 3751 Si
1726 3698 1863 3767 quis
1894 3696 2053 3751 enim
2094 3714 2145 3752 e1

2278 3701 2553 3773 ἁκαμάτως
2583 3700 2770 3772 ἐγίνετο
2800 3708 2891 3753 τοῦ
2923 3700 3143 3772 ἀγαθοῦ,
3175 3709 3265 3755 xui
3296 3708 3344 3756 οί
3393 3706 3676 3780 θεατρικοὶ,
3710 3714 3805 3761 καὶ
3832 3712 3872 3763 οἱ

515 3797 725 3855 auditu
758 3794 970 3859 solum,
1004 3792 1236 3862 absque
1266 3786 1380 3842 ullo
1410 3786 1615 3842 labore
1641 3785 1971 3841 efﬁceretur
1990 3786 2146 3842 bona

2274 3796 2454 3865 πόρνοι
2499 3793 2686 3852 πάντες
2724 3790 2996 3862 μέλλουσιν
3054 3791 3286 3845 ἀπελθεῖν
3334 3794 3401 3854 είς
3459 3792 3733 3868 βασιλείαν
3789 3805 3865 3851 xui

510 3886 905 3961 partis,etiam
929 3883 1030 3955 qui
1047 3878 1335 3936 theatrica
1354 3892 1583 3948 pompa
1604 3875 1884 3946 gaudent,
1921 3880 1975 3930 et
1997 3892 2141 3932 scor‘

2275 3879 2414 3939 ζωήν
2447 3898 2459 3910 ⁸
2496 3878 2598 3931 ἀλλ’
2636 3876 2812 3941 οὐδεὶς
2854 3879 3031 3943 αὐτοῖς
3063 3878 3225 3934 δώσει
3254 3885 3450 3941 ταύτην
3480 3886 3600 3936 οἰνευ
3631 3890 3868 3959 καμάτου

509 3983 727 4035 tatores
752 3966 1556 4040 omnes,ingressurisuntin
1572 3980 1824 4036 regnum
1848 3981 1918 4019 ac
1947 3967 2127 4021 vitam

2272 3974 2361 4021 xui
2392 3968 2607 4040 ἀγῶνος,
2642 3966 2824 4027 ἐπειδὴ
2877 3975 3061 4029 στενή
3114 3973 3253 4023 ἑστι
3308 3978 3416 4025 καὶ
3476 3975 3869 4047 τεθλιμμένη

508 4074 568 4125 at
588 4081 767 4122 nemo
784 4064 867 4118 eis
897 4061 1178 4129 largietur
1202 4072 1339 4112 eam
1356 4055 1589 4126 absque
1611 4053 1813 4109 labore
1837 4070 1906 4109 ac
1930 4070 2134 4125 pugna

2271 4060 2300 4116 ἠ
2345 4054 2513 4120 ὁδός.
2572 4058 2646 4110 Δι’
2678 4058 2841 4119 αὐτῆς
2870 4066 2967 4119 τῆς
3020 4066 3268 4132 τραχείας
3306 4058 3434 4114 ὀδοῦ
3464 4068 3555 4115 καὶ
3586 4059 3872 4119 διοδιῦσαι

507 4155 803 4229 siquidem
852 4154 1126 4221 Angusta
1155 4153 1233 4203 est
1276 4161 1346 4202 ac
1375 4143 1699 4214 afﬁctionis
1750 4144 1931 4211 plena
1962 4145 2059 4198 via
2089 4145 2134 4178 8°

2269 4154 2403 4222 χρὴ,
2457 4154 2545 4200 καὶ
2592 4150 2885 4221 ὑπομεῖναι,
2936 4154 3026 4202 xui
3075 4149 3333 4218 θλιϐἤναι,
3401 4156 3490 4205 xui
3541 4154 3709 4218 οὕτως
3767 4157 3870 4209 εἱσ-

506 4251 611 4302 Per
638 4245 836 4315 ipsam
869 4254 1146 4311 asperam
1168 4238 1324 4292 viam
1342 4234 1612 4299 transire,
1634 4231 1883 4289 tolerare
1898 4235 1955 4288 et
1974 4232 2137 4304 afﬂig

1196 4238 1324 4291 iam
1342 4234 1612 4299 transire,
1634 4231 1883 4289 tolerare
1898 4235 1955 4288 et
1974 4232 2159 4304 afﬂigi
2268 4237 2427 4290 ελθεῖν
2459 4238 2527 4299 εἰς
2552 4243 2646 4297 τὴν
2668 4242 2827 4299 ζωήν.

505 4336 757 4406 oportet,
780 4335 836 4385 et
860 4330 942 4383 sic
968 4325 1200 4398 ingredi
1232 4325 1435 4379 vitam.

576 4461 705 4514 XXI.
765 4456 819 4513 Si
851 4456 1010 4511 enim
1041 4452 1263 4522 absque
1294 4449 1499 4505 labore
1530 4462 1822 4519 prospero
1875 4463 2155 4504 successu
2189 4430 2207 4486 Ῑ

2223 4435 2235 4482 θ
2336 4450 2466 4507 ΚΑ’.
2506 4450 2567 4504 Εἰ
2611 4454 2709 4525 γὰρ
2749 4451 2867 4503 ἄνευ
2906 4453 3142 4523 καμάτου
3183 4447 3244 4509 ἦν
3279 4453 3632 4526 κατορθῶσαι,
3685 4453 3854 4506 οὐκέτι

504 4548 582 4605 uti
613 4547 899 4610 licuisset,
934 4558 1053 4597 non
1085 4537 1508 4611 ampliuslapis
1524 4535 1869 4591 oﬂensionis
1896 4552 1965 4590 ac
1989 4542 2135 4607 petra

2263 4539 2402 4601 λίθος
2445 4545 2853 4613 προσκόμματος
2899 4546 2988 4592 xui
3034 4544 3198 4613 πέτρα
3239 4537 3538 4595 σκανδάλου
3579 4539 3634 4600 ἦν
3662 4543 3687 4592 ὁ
3717 4549 3846 4614 Χρι-

499 4636 767 4693 scandali
798 4639 950 4689 esset
983 4628 1471 4687 Christianismus
1503 4644 1521 4690 ,'
1554 4642 1663 4680 nec
1693 4625 1843 4680 ﬁdes
1867 4631 1922 4680 et
1947 4624 2129 4681 inﬁde

2268 4633 2598 4702 στιανισμός,
2644 4633 2757 4682 οὔτε
2786 4635 2963 4692 πίστις
2993 4634 3077 4682 καὶ
3109 4629 3348 4696 ἀπιστία,
3381 4640 3549 4693 ποιεῖς
3579 4628 3630 4684 δε
3668 4630 3839 4682 λοιπόν

497 4728 651 4782 litas.
683 4723 998 4780 Constituis
1030 4722 1272 4789 insuper
1298 4732 1539 4789 quoque
1592 4715 1899 4769 hominem
1949 4713 2125 4770 devin

2262 4721 2352 4767 xui
2401 4719 2487 4767 τόν
2532 4716 2801 4785 ἄνθρωπον
2850 4711 3017 4784 δετὸν,
3068 4716 3288 4789 ἄρεπτον
3338 4716 3404 4777 εἰς
3443 4721 3501 4769 1'6
3561 4715 3748 4787 ἀγαθόν
3796 4735 3846 4768 τε

498 4822 681 4879 ctum,
725 4809 1161 4867 immutabilem
1196 4814 1320 4861 tum
1356 4806 1434 4860 ad
1464 4806 1715 4869 bonum,
1753 4809 1878 4858 tum
1909 4804 1986 4858 ad
2018 4820 2129 4861 ma-

2261 4810 2351 4855 xui
2390 4810 2568 4860 κακόν.
2611 4810 2692 4874 Τῷ
2729 4806 2831 4875 γὰρ
2873 4801 3139 4875 δυναμένῳ
3178 4812 3439 4877 τραπῆναι
3480 4806 3552 4868 εἰς
3593 4805 3851 4880 ἀμφότερα

494 4904 644 4959 lum.
696 4902 920 4957 Etenim
976 4900 1050 4967 ei,
1106 4897 1209 4968 qui
1244 4894 1458 4949 mutari
1492 4898 1685 4964 potest
1714 4893 1773 4947 in
1832 4897 2125 4965 utramqut

2260 4896 2326 4945 τὰ
2376 4898 2525 4968 μέρη,
2574 4898 2726 4963 νόμος
2783 4889 3018 4957 δέδοται,
3064 4902 3133 4963 τῷ
3185 4896 3362 4964 ἔχοντι
3416 4897 3473 4947 τό
3526 4895 3852 4956 αὐτεξούσιον

495 5002 750 5064 partem,
774 4990 863 5045 lex
893 4989 1036 5043 data
1061 4990 1149 5041 est
1181 5001 1193 5051 ;
1226 4985 1277 5039 ei
1308 4984 1613 5047 nimirum,
1642 4982 1745 5053 qui
1776 4980 2031 5037 liberum
2058 4998 2124 5037 ar

2257 4991 2481 5042 ποιῆσαι
2530 4981 2747 5052 πόλεμον
2801 4984 2933 5054 πρὸς
2987 4986 3080 5039 τὴν
3140 4981 3367 5035 ἐναντίαν
3423 4978 3667 5055 δύναμιν.
3728 4988 3849 5056 Atri

492 5082 735 5137 bitrium
791 5079 990 5143 habet,
1027 5082 1089 5130 ut
1117 5073 1343 5129 bellum
1402 5077 1563 5142 gerat
1596 5072 1883 5126 adversus
1915 5075 2122 5127 contra

2256 5074 2357 5145 γὰρ
2400 5075 2551 5144 φύσει
2586 5075 2741 5142 νόμος
2791 5070 2849 5122 ού
2890 5078 3057 5122 κεῖται
3097 5086 3111 5101 ⁸
3168 5073 3285 5124 οὔτε
3321 5074 3421 5143 γὰρ
3464 5072 3489 5123 6
3531 5071 3697 5137 ἣλιος,
3742 5076 3856 5127 οὔτε

492 5170 646 5226 riam
706 5172 1079 5240 potestatem.
1113 5164 1403 5218 Devinctus
1436 5161 1593 5216 enim
1637 5164 1863 5215 naturaa
1897 5159 1992 5215 lex
2022 5176 2123 5216 n01

2258 5164 2282 5212 6
2332 5161 2540 5234 οὐρανὸς
2586 5163 2675 5211 καὶ
2718 5161 2747 5216 ἡ
2803 5168 2870 5230 γῆ
2925 5162 3337 5233 νενομοθέτηται,
3383 5157 3562 5219 ἐπειδὴ
3626 5163 3692 5213 τὰ
3750 5167 3852 5214 κτί-

490 5258 824 5331 imponitur
848 5272 861 5311 :
891 5270 1084 5325 neque
1100 5253 1259 5307 enim
1281 5252 1389 5313 sol,
1413 5266 1605 5321 neque
1627 5250 1843 5304 caelum
1868 5254 1969 5305 aut
1986 5254 2121 5305 terra

2258 5269 2433 5322 σματα
2465 5246 2618 5310 δετῆς
2667 5247 2771 5300 εἰσι
2803 5251 3004 5320 φύσεως
3038 5266 3049 5278 ·
3082 5250 3195 5302 ὃθεν
3222 5251 3338 5302 οὔτε
3368 5258 3516 5322 τιμῇ,
3552 5252 3666 5302 οὔτε
3698 5252 3850 5303 κολὰ-

486 5350 616 5419 lege
650 5351 962 5403 teneantur
995 5342 1169 5415 :quia
1198 5348 1484 5395 creaturae
1500 5343 1639 5394 sunt
1667 5339 1861 5408 ligatae
1888 5344 2115 5395 naturae

2256 5358 2334 5391 σει
2377 5341 2694 5391 ὑπόκεινται.
2741 5336 2799 5389 Ἡ
2829 5340 2929 5411 γὰρ
2980 5343 3105 5409 τιμὴ
3148 5344 3236 5391 καὶ
3270 5341 3300 5398 ἡ
3353 5335 3485 5401 δόξα
3527 5340 3853 5406 ἡτοίμασται

491 5440 647 5496 unde
674 5453 782 5492 nec
808 5432 1083 5507 praemio,
1117 5447 1226 5487 nec
1259 5428 1555 5501 supplicio
1587 5429 2122 5504 subjacent.Honox

2248 5426 2320 5501 τῷ
2359 5431 2649 5501 τρεπομένῳ
2690 5427 2755 5487 εἰς
2815 5430 2869 5479 τό
2910 5426 3105 5501 ἀγαθόν
3139 5446 3151 5459 ·
3194 5427 3346 5482 πάλιν
3387 5424 3446 5481 δὲ
3483 5430 3513 5487 ἠ
3550 5431 3731 5501 γέεννα
3763 5435 3852 5484 καὶ

559 5642 604 5679 ⁸⁸
634 5638 835 5697 Matth.
870 5651 964 5706 v11,
1003 5639 1081 5693 14.
