4130 6286
1527 25 1532 30 .
1563 23 1574 26 -
1641 18 1656 24 -
1689 15 1750 34 ars.
1783 23 1820 36 ,;
1865 19 1870 22 -
2213 13 2270 28 ινα-
2296 10 2313 13 '
2362 8 2565 33 ,..,-.~.—~-'W-‘v

254 430 360 484 709

1476 414 1818 472 HOMILI/E.
1864 444 1928 454 —
1966 412 2139 468 HOM.
2186 411 2428 467 XXVIII.

2586 40 2619 53 ‘..:
2632 36 2647 51 4
2656 36 2727 51 in“...

3515 409 3625 465 710

253 547 282 604 ἡ
316 544 532 606 κόλασις
552 545 713 615 ταύτῃ
748 548 809 613 τῇ
851 546 1045 611 τρεπτῇ
1098 540 1248 611 φύσει
1286 537 1630 606 ἡτοίμασται,
1674 539 1734 603 τῇ
1766 526 1850 582 δυ-

1968 529 2128 584 enim
2155 532 2212 583 et
2241 527 2431 597 gloria
2461 528 2799 598 praeparata
2826 529 2917 580 est
2943 524 3015 591 ei,
3048 524 3212 598 quod
3234 526 3495 581 converti
3518 542 3623 598 po-

250 632 438 707 ναμίνῂ
473 632 755 705 ἀποφυγεῖν
809 633 867 682 τὸ
922 631 1102 693 κακὸν,
1155 630 1244 678 καὶ
1292 623 1449 698 ῥέψαι
1480 622 1548 682 εἰς
1578 626 1630 674 τὸ
1664 619 1857 691 ἀγαθὸν

254 728 342 775 καὶ
377 720 546 785 δεξιὸν
599 724 773 794 μέρος.
826 715 968 772 Ἰδού
1021 716 1180 788 λέγεις
1228 713 1384 766 αὐτὸν
1421 709 1479 764 δε
1508 719 1598 771 τῆς
1639 712 1855 782 φύσεως.

252 815 469 877 Λοιπὸν,
503 813 589 862 τὸν
624 808 819 881 ἀγαθὸν
850 809 1118 879 ἄνθρωπον
1150 807 1206 857 οὐ
1240 809 1404 864 ποιεῖς
1454 800 1596 863 ἀξιον
1623 803 1854 852 ἐπαίνου.

246 890 305 953 Ὀ
330 902 427 973 γὰρ
456 898 561 952 ἀπὸ
593 900 795 971 φύσεως
825 898 1063 969 χρηστὸς
1089 898 1178 945 καὶ
1207 891 1403 963 ἀγαθὸς
1428 890 1521 942 οὐκ
1551 891 1691 941 ἔστιν
1714 886 1857 939 ἐπαί-

254 1010 341 1042 νου
372 989 540 1054 ἄξιος,
582 988 625 1041 εἰ
654 992 744 1039 καὶ
785 985 1101 1057 ἐπιθυμητός
1140 982 1301 1035 ἐστιν.
1336 979 1411 1033 Οὐ
1437 981 1538 1051 γὰρ
1573 976 1854 1044 ἐπαινετὸν,

248 1079 291 1131 εἰ
316 1084 405 1131 καὶ
459 1078 802 1149 ἐπιθυμητὸν,
862 1078 921 1126 τὸ
980 1077 1051 1145 μὴ
1112 1074 1376 1146 προιρέσει
1438 1067 1653 1139 ἀγαθόν.
1684 1067 1854 1118 Ἐκεῖ-

247 1187 332 1229 νος
387 1170 489 1241 γάρ
548 1166 689 1219 ἔστιν
730 1163 939 1217 ἐπαίνου
996 1162 1163 1227 ἄξιος,
1214 1161 1238 1211 6
1290 1156 1406 1231 ἰδίᾳ
1458 1152 1664 1227 σπουδῇ
1725 1156 1857 1226 μετά

251 1254 444 1327 ἀγῶνος
475 1260 565 1307 καὶ
614 1254 781 1313 πάλης
826 1251 1180 1323 ἐπανελόμενος
1236 1251 1294 1301 τὸ
1350 1247 1545 1318 ἀγαθὸν
1603 1242 1852 1305 αὐτεξου-

253 1350 371 1398 σίου
400 1346 773 1418 προαιρέσεως.

1967 622 2079 673 test
2109 619 2186 673 ad
2218 617 2448 673 bonum
2478 632 2490 670 :
2520 631 2551 670 e
2582 615 2819 670 diverso
2847 630 2978 671 vero
3010 615 3285 685 gehenna
3316 620 3370 671 et
3399 616 3625 688 suppli-

1967 707 2126 761 cium
2154 706 2347 761 eidem
2378 703 2651 759 mutabili
2673 708 2903 759 natura:
2931 709 3334 777 praeparatum
3353 708 3458 770 est,
3483 721 3619 777 quas

1965 811 2183 867 nempe
2207 798 2403 866 potest
2424 794 2641 849 evitare
2662 792 2911 859 malum,
2935 808 3005 849 ac
3025 808 3271 863 vergere
3294 793 3372 850 ad
3392 793 3620 850 bonam

1965 887 2304 942 etdextram
2321 889 2572 955 partem.
2590 885 2732 939 Ecce
2746 884 2967 939 asseris
2981 899 3118 939 eum
3134 882 3331 953 ligatas
3353 888 3581 939 natura:
3605 899 3619 938 :

1964 974 2193 1030 bonum
2226 988 2367 1044 ergo
2400 973 2592 1028 virum
2631 987 2755 1028 non
2785 972 3095 1029 constituis
3132 972 3312 1029 laude
3343 972 3621 1043 dignum.

1967 1062 2077 1131 Qui
2104 1063 2264 1118 enim
2293 1080 2329 1119 a
2361 1067 2576 1118 natura
2610 1062 2783 1133 110
2814 1066 3165 1117 mansuetus
3195 1078 3265 1119 ac
3295 1061 3492 1118 bonus
3511 1067 3618 1127 est,

1964 1168 2087 1208 non
2101 1152 2398 1208 erltlaude
2412 1151 2654 1222 dignus,
2668 1152 2946 1223 quamvis
2962 1152 3034 1206 sit
3046 1150 3479 1208 desiderabilis.
3494 1154 3622 1208 Non

1965 1241 2125 1296 enim
2149 1240 2473 1305 laudabile,
2504 1239 2640 1296 licet
2660 1238 3079 1307 desiderabile,
3104 1241 3271 1312 quod
3292 1257 3414 1297 non
3437 1246 3525 1297 est
3550 1256 3622 1297 ex

1965 1330 2274 1401 proposito
2304 1328 2553 1385 bonum.
2590 1328 2687 1385 Ille
2718 1330 2878 1384 enim
2904 1328 3083 1385 laude
3122 1329 3341 1400 dignus
3370 1332 3478 1395 est,
3510 1329 3620 1402 qui

247 1416 493 1506 proprio
505 1416 700 1489 studio
716 1446 834 1487 non
849 1429 1067 1501 absque
1080 1427 1394 1484 certamine
1407 1440 1476 1480 ac
1490 1437 1694 1496 pugna
1709 1418 2086 1490 amplectitur
2097 1418 2259 1490 quod
2273 1418 2488 1474 bonum
2502 1417 2796 1484 est,libera
2810 1416 3030 1474 arbitrii
3046 1416 3352 1475 voluntate
3366 1419 3599 1475 ductus.

1084 1548 1383 1624 παρεμϐολὴ
1470 1554 1702 1621 Περσῶν,
1759 1549 1846 1597 καὶ

1680 1654 1848 1687 αυτων

322 1557 442 1610 KB’.
504 1554 705 1630 Ὠσπερ
793 1555 913 1606 ὅταν

248 1644 546 1719 παρεμϐολὴ
623 1644 909 1716 Ῥωμαίων,
986 1646 1075 1693 καὶ
1156 1639 1427 1702 ἱξελθωσιν
1507 1636 1597 1688 ἀπ’

248 1740 503 1808 πτερωτοὶ
567 1731 663 1787 δύο
715 1737 984 1785 νεανίσκοι
1055 1725 1391 1801 ἰσοδυναμοι,
1442 1730 1531 1778 καὶ
1584 1729 1850 1783 ποιήσωσι

249 1824 417 1881 πάλην
455 1840 467 1852 ⁸
556 1823 718 1884 οὕτως
778 1824 807 1880 ἠ
866 1819 1141 1880 ἀντίπαλος
1208 1814 1431 1889 δύναμις
1511 1820 1600 1867 καὶ
1653 1816 1677 1865 6
1730 1820 1851 1875 νοῦς

251 1915 443 1983 ἔχουσι
494 1916 552 1964 τὸ
605 1910 880 1985 ἰσόρροπον
935 1910 1050 1961 κατ’
1110 1906 1337 1965 ἀλλήλων
1372 1924 1384 1935 ·
1418 1910 1508 1957 καὶ
1540 1908 1631 1963 τὴν
1670 1899 1847 1955 ἰσοδυ-

2032 1544 2184 1599 XXII.
2230 1543 2479 1598 Perinde
2520 1559 2590 1598 ac
2644 1543 2691 1597 si
2749 1543 2822 1599 sit
2859 1544 3017 1599 acies
3070 1543 3384 1600 Persarum
3437 1548 3618 1617 atque

1960 1632 2116 1687 acies
2152 1634 2582 1698 Romanorum,
2625 1636 2803 1704 atque
2834 1632 3130 1704 prodeant
3161 1648 3233 1689 ex
3263 1634 3334 1687 iis
3373 1633 3623 1706 pennati

1960 1720 2370 1777 adolescentes
2401 1721 2545 1787 duo,
2574 1721 2800 1777 viribus
2833 1721 3121 1793 aequales,
3147 1723 3251 1795 qui
3281 1722 3445 1779 lucta
3485 1738 3624 1779 con-

1963 1810 2212 1866 tendant
2236 1827 2249 1877 ;
2279 1811 2358 1867 ita
2380 1810 2727 1867 adversaria
2748 1816 3016 1881 potestas
3043 1818 3099 1867 et
3118 1826 3290 1867 mens
3310 1828 3520 1885 inquas
3538 1813 3623 1868 vi-

1961 1915 2054 1955 res
2075 1899 2344 1955 obtinent
2372 1900 2658 1955 adversus
2683 1916 2746 1955 se
2776 1899 3033 1956 invicem
3058 1917 3072 1955 :
3102 1916 3171 1956 ac
3192 1917 3400 1972 parem
3432 1900 3624 1957 facul-

248 2005 436 2071 ναμίαν
514 2003 628 2072 ἔχει
683 2002 707 2051 6
758 2002 988 2059 Σατανᾶς
1053 2003 1145 2048 τοῦ
1195 1996 1580 2069 προτρέπεσθαι
1627 1997 1715 2044 καὶ
1767 2010 1850 2043 κο-

1966 1993 2142 2044 tatem
2174 1989 2354 2044 habet
2394 1990 2644 2046 Satanas
2675 1989 3037 2045 adhortandi
3069 1994 3127 2045 et
3158 1990 3455 2047 alliciendi
3494 1990 3625 2048 ani-

248 2088 479 2142 λακεύειν
506 2093 599 2147 τὴν
631 2088 811 2159 ψυχὴν
852 2087 925 2148 εἰς
957 2088 1014 2139 τό
1043 2082 1179 2137 ῖδιον
1208 2085 1406 2156 θέλημα
1438 2101 1450 2112 ·
1486 2088 1574 2135 καὶ
1618 2084 1646 2140 ἡ
1694 2082 1848 2152 ψυχὴ

248 2178 416 2237 πάλην
475 2181 588 2250 ἔχει
642 2184 732 2229 τοῦ
764 2175 1065 2247 ἀντιλέγειν,
1115 2180 1203 2227 καὶ
1253 2175 1302 2225 ἐν
1343 2169 1532 2245 μηδενὶ
1579 2170 1719 2241 αὐτῷ
1758 2171 1853 2222 ὑπ-

248 2269 478 2323 ακούειν.
542 2269 925 2339 Προτρεπτικαὶ
975 2265 1074 2338 γὰρ
1124 2263 1254 2315 εἰσιν
1285 2264 1341 2314 αἱ
1371 2260 1656 2335 ἀμφότεραι
1696 2257 1853 2312 δυνά-

246 2376 359 2428 μεις
391 2364 482 2409 τοῦ
513 2375 567 2409 τε
596 2362 760 2406 κακοῦ
790 2358 879 2406 καὶ
909 2360 997 2406 τοῦ
1033 2351 1254 2423 ἀγαθοῦ,
1301 2350 1395 2403 οὐκ
1444 2349 1847 2421 ἀναγκαστικαί.

244 2452 318 2517 Τῇ
378 2442 464 2498 οὖν
520 2448 738 2516 τοιαύτη
782 2446 1081 2517 προαιρέσει
1145 2437 1365 2493 δίδοται
1409 2441 1523 2491 θεία
1552 2436 1849 2508 ἀντίληψις,

244 2540 333 2588 καὶ
367 2530 592 2587 δύναται
646 2532 948 2585 παλαίουσα
984 2529 1156 2583 λαϐεῖν
1210 2528 1342 2581 ὅπλα
1390 2527 1444 2591 ἐξ
1489 2527 1731 2602 οὐρανοῦ,
1764 2531 1853 2578 καὶ

245 2620 327 2676 δι’
350 2623 521 2677 αὐτῶν
567 2624 854 2694 ἐκριζῶσαι
902 2624 991 2672 καὶ
1047 2626 1263 2677 νικῆσαι
1312 2622 1404 2675 τὴν
1459 2616 1738 2691 ἁμαρτίαν.
1782 2618 1851 2667 T6

243 2716 332 2783 μὲν
358 2716 473 2787 γὰρ
498 2710 777 2781 ἄντιλέγειν
817 2717 878 2781 τῇ
924 2708 1158 2783 ἁμαρτίᾳ
1212 2704 1432 2759 δύναται
1457 2707 1487 2763 ἠ
1519 2704 1697 2776 ψυχὴ,
1732 2705 1850 2756 ἄνευ

245 2798 304 2854 δὲ
336 2810 470 2855 Θεοῦ
502 2809 721 2859 νικῆσαι
750 2800 779 2859 ᾖ
806 2798 1093 2874 ἐκριςῶσαι
1121 2800 1208 2849 τὸν
1238 2799 1397 2848 κακὸν
1429 2794 1486 2846 οὐ
1520 2791 1759 2847 δύναται.
1788 2794 1852 2845 Οἱ

245 2886 304 2943 δὲ
358 2890 590 2961 λέγοντες
616 2894 711 2947 τὴν
756 2888 1011 2965 ἆμαρτίαν
1057 2883 1185 2939 εἶναι
1240 2888 1308 2946 ὡς
1337 2889 1561 2956 γίγαντα
1597 2889 1850 2955 γενναῖον,

245 2983 335 3031 καὶ
387 2984 482 3037 τὴν
524 2978 711 3049 ψυχὴν
757 2980 827 3038 ὡς
870 2972 1104 3039 παιδίον,
1157 2983 1325 3034 κακῶς
1358 2973 1616 3045 λέγουσιν.
1654 2972 1712 3023 Εἰ
1749 2973 1849 3043 γὰρ

246 3066 406 3127 οὕτως
436 3066 549 3120 ἐστὶ
605 3070 670 3118 τά
708 3067 1001 3139 πράγματα
1027 3064 1265 3137 ἀνόμοια,
1317 3065 1386 3122 ὡς
1432 3066 1589 3133 γίγας
1615 3063 1643 3118 ἡ
1679 3061 1852 3133 ἁμαρ-

248 3158 354 3218 τία,
382 3159 471 3207 καὶ
519 3158 583 3215 ὡς
636 3150 851 3207 παιδίον
882 3155 911 3211 ἡ
945 3152 1124 3224 ψυχὴ,
1167 3148 1349 3211 ἄδικος
1379 3152 1404 3201 6
1434 3152 1734 3221 νομοθέτης,
1767 3152 1850 3199 νό-

251 3259 344 3309 μον
404 3239 650 3305 δεδωκὼς
705 3250 777 3313 τῷ
829 3243 1082 3317 ἀνθρώπῳ
1136 3247 1303 3297 ποιεῖν
1352 3239 1520 3296 πάλην
1579 3241 1711 3309 πρὸς
1764 3240 1852 3288 τὸν

252 3334 499 3384 Σατανᾶν.

323 3523 443 3579 ΚΓ’.
500 3525 660 3586 Οὗτος
719 3520 778 3579 δέ
820 3523 962 3577 ἐστιν
1023 3525 1049 3576 6
1110 3522 1337 3595 θεμέλιος
1394 3531 1490 3584 τῆς
1540 3526 1668 3596 πρὸς
1724 3524 1852 3575 Θεὸν

245 3607 397 3679 ὁδοῦ,
451 3619 511 3667 τὸ
560 3617 609 3667 ἓν
666 3616 900 3687 ὑπομονῇ
942 3612 1132 3685 πολλῇ,
1190 3612 1240 3664 ἐν
1292 3609 1485 3677 ἑλπίδι,
1524 3610 1571 3663 ἐν
1614 3630 1855 3667 ταπεινο-

245 3705 500 3777 φροσύνῃ,
562 3703 609 3756 ἓν
666 3708 904 3775 πτωχείᾳ
975 3705 1285 3775 πνεύματος,
1346 3700 1394 3753 ἐν
1450 3706 1705 3775 πραότητι
1772 3698 1855 3761 δι-

241 3786 441 3844 οδεύειν
482 3797 575 3852 τὴν
608 3790 733 3845 ὁδὸν
772 3801 865 3854 τῆς
900 3792 1056 3858 ζωῆς,
1103 3796 1193 3843 καὶ
1215 3788 1306 3843 διὰ
1330 3793 1524 3844 τούτων
1549 3792 1852 3848 κτήσασθαι

242 3874 467 3934 δύναταί
516 3903 591 3945 τις
655 3887 748 3941 τὴν
808 3878 1153 3940 δικαιοσύνην
1188 3880 1236 3932 ἕν
1297 3880 1482 3951 ἐαυτῷ.
1517 3884 1745 3953 Λέγομεν
1794 3877 1853 3933 δε

243 3963 589 4031 δικαιοσύνην
636 3973 791 4024 αὐτὸν
852 3974 939 4023 τὸν
976 3974 1187 4043 Κύριον.
1222 3970 1388 4022 Λῦται
1425 3971 1527 4043 γὰρ
1558 3971 1613 4021 αἱ
1659 3968 1853 4021 ἕντολαὶ

241 4056 400 4118 οὕτως
454 4063 920 4135 προστάσσουσαι,
983 4062 1157 4132 ὧσπερ
1229 4059 1377 4131 μίλιά
1438 4059 1541 4111 εἰσι
1595 4064 1854 4116 στήκοντα

242 4149 332 4196 καὶ
379 4156 573 4220 σημεῖα
617 4158 713 4210 τῆς
774 4148 1060 4219 βασιλικῆς
1116 4144 1265 4211 ὀδοῦ,
1326 4146 1621 4216 ἀνοιγούσης
1660 4147 1732 4207 εἰς
1762 4152 1853 4205 τὴν

245 4230 550 4306 ἐπουράνιον
580 4237 725 4289 πόλιν
752 4240 877 4298 τοὺς
916 4232 1274 4295 διοδεύοντας.
1307 4239 1458 4306 Λέγει
1485 4238 1606 4309 γὰρ,
1640 4235 1855 4289 Μακά-

242 4340 383 4395 ριοι
442 4328 499 4377 οἱ
549 4330 811 4397 πτωχοὶ
891 4332 972 4395 τῷ
1017 4326 1356 4397 πνεύματι,
1422 4325 1735 4396 μακάριοι
1788 4318 1854 4376 οἱ

244 4421 500 4486 πραεῖς,
550 4417 873 4489 μακάριοι
927 4416 985 4467 οἱ
1041 4413 1395 4485 ἐλεήμονες,
1454 4415 1765 4486 μακάριοι
1796 4409 1854 4465 oi

246 4499 677 4574 εἰΡὶενοποιοί,
739 4503 938 4558 Τοῦτον
970 4499 1078 4555 εἶπε
1130 4502 1571 4575 Χριστιανισμόν.
1604 4502 1663 4554 Εἰ
1691 4498 1749 4554 δε
1776 4522 1851 4563 τις

249 4594 416 4667 ταύτῃ
457 4602 519 4668 τῇ
554 4591 662 4665 ὀδῷ
711 4594 770 4647 οὐ
817 4589 1069 4659 διοδεύει,
1113 4588 1301 4664 ἀνοδίᾳ
1334 4590 1677 4659 πεπλάνηται,
1705 4599 1847 4663 κακῷ

1964 2094 2127 2133 mam
2161 2078 2239 2134 ad
2262 2079 2629 2134 voluntatem
2662 2095 2857 2145 suam,
2884 2083 3063 2151 atque
3088 2080 3292 2136 anima
3317 2096 3349 2137 e
3379 2080 3620 2140 diverso

1962 2182 2233 2238 pugnam
2262 2166 2462 2234 habet,
2487 2174 2550 2222 ut
2572 2168 2963 2236 contradicat,
2998 2173 3055 2223 et
3078 2168 3138 2224 in
3169 2168 3333 2226 nulla
3348 2186 3411 2226 re
3440 2170 3493 2226 ei
3519 2169 3623 2227 ob-

1965 2256 2703 2328 sequatur.Exhortatione
2717 2257 2875 2312 enim
2891 2258 3132 2314 excitari
3148 2265 3405 2330 possunt
3421 2260 3619 2316 ambm

1962 2344 2300 2409 facultates,
2337 2351 2463 2400 tum
2509 2347 2584 2401 ad
2616 2346 2871 2412 bonum,
2920 2352 3042 2402 tum
3094 2348 3172 2403 ad
3208 2349 3459 2415 malum,
3498 2364 3621 2405 non

1964 2438 2161 2489 tamen
2204 2432 2502 2505 compelli.
2539 2434 2680 2490 Huic
2718 2435 2893 2503 igitur
2923 2435 3122 2492 liberae
3154 2436 3423 2493 electioni
3445 2437 3624 2494 datur

1962 2522 2167 2578 divina
2193 2524 2616 2587 remuneratio,
2655 2529 2970 2597 potestque
3010 2525 3357 2582 dimicando
3387 2541 3622 2583 sumere

1962 2626 2133 2666 arma
2158 2611 2233 2665 de
2263 2610 2430 2677 caelo,
2459 2616 2639 2682 atque
2661 2628 2870 2667 eorum
2898 2613 3191 2670 beneﬁcio
3218 2614 3524 2671 eradicare
3551 2631 3623 2672 ac

1965 2716 2251 2771 superare
2273 2704 2610 2772 peccatum.
2632 2702 3047 2758 Contradicere
3066 2703 3224 2757 enim
3248 2708 3496 2775 peccato
3519 2719 3623 2776 po-

1962 2794 2073 2844 test
2099 2789 2343 2859 quidem
2372 2790 2622 2845 anima:
2674 2790 2800 2845 sine
2847 2792 2963 2846 Deo
3003 2806 3143 2847 vero
3189 2807 3474 2863 superare
3518 2797 3624 2850 aut

1962 2878 2295 2948 exstirpare
2352 2877 2556 2933 vitium
2615 2879 2839 2951 nequit.
2905 2880 3122 2935 Verum
3185 2880 3290 2953 qui
3346 2885 3623 2939 asserunt

1960 2973 2279 3040 peccatum
2311 2982 2440 3022 esse
2468 2966 2629 3022 velut
2654 2972 2964 3023 strenuum
2994 2970 3320 3039 gigantem,
3350 2970 3619 3028 animam

1961 3071 2103 3111 vero
2163 3055 2323 3110 velut
2362 3054 2670 3127 pusillum,
2728 3072 3048 3128 perperam
3090 3058 3317 3115 dicunt.
3360 3060 3415 3116 Si
3456 3059 3620 3116 enim

1963 3144 2114 3198 adeo
2159 3150 2356 3199 essent
2394 3160 2487 3199 res
2531 3143 2869 3211 dissimiles,
2897 3150 2960 3201 ut
2998 3152 3314 3217 peccatum
3346 3149 3422 3204 sit
3458 3148 3619 3204 velut

1961 3232 2151 3303 gigas,
2184 3234 2389 3288 anima
2416 3248 2551 3288 vero
2594 3232 2755 3289 velut
2786 3234 3055 3305 pusillus,
3073 3235 3316 3309 iniquus
3351 3240 3507 3293 esset
3533 3236 3619 3293 le-

1886 3346 1926 3402 C
1961 3320 2206 3392 gislator
2247 3322 2351 3392 qui
2380 3321 2573 3391 legem
2607 3321 2737 3379 tulit
2766 3321 3018 3393 homini,
3062 3328 3125 3380 ut
3153 3340 3425 3396 pugnam
3456 3326 3619 3384 ineat

1961 3408 2252 3465 adversus
2286 3411 2588 3467 Satanam.

2030 3518 2221 3573 XXIII.
2246 3520 2361 3573 Hoc
2374 3522 2572 3574 autem
2589 3523 2677 3575 est
2697 3518 3159 3576 fundamentum
3187 3520 3296 3577 vias
3326 3522 3403 3579 ad
3427 3514 3613 3579 Deum

1962 3605 2339 3671 deducentis,
2372 3608 2432 3662 in
2465 3607 2779 3664 tolerantia
2813 3608 3025 3675 multa,
3058 3609 3118 3664 in
3168 3626 3296 3682 spe,
3326 3612 3387 3667 in
3418 3611 3619 3668 humi-

1959 3694 2143 3761 litate,
2166 3696 2226 3750 in
2246 3702 2597 3767 paupertate
2621 3697 2881 3769 spiritus,
2898 3698 2957 3753 in
2971 3700 3433 3757 mansuetudine
3453 3701 3615 3757 viam

1962 3784 2088 3840 vitae
2121 3800 2441 3857 peragrare
2475 3802 2488 3852 ;
2529 3794 2583 3841 et
2612 3786 2828 3842 horum
2854 3786 3147 3843 beneﬂcio
3180 3789 3315 3860 quis
3345 3789 3615 3847 obtinere

1963 3875 2467 3947 potestjustitiam
2499 3876 2558 3930 in
2592 3892 2653 3931 se
2683 3876 2813 3948 ipso
2854 3892 2867 3930 :
2916 3877 3171 3932 dicimus
3217 3883 3418 3934 autem
3444 3880 3611 3949 justi-

1962 3964 2104 4019 tiam
2139 3965 2338 4034 ipsum
2380 3965 2720 4019 Dominum.
2752 3968 2883 4020 Haec
2913 3965 3075 4021 enim
3124 3967 3434 4034 mandata,
3475 3984 3613 4039 qua:

1962 4051 2122 4106 hunc
2152 4053 2210 4106 in
2244 4052 2492 4107 modum
2514 4054 2887 4124 praecipiunt,
2914 4062 3051 4109 sunt
3076 4059 3362 4126 tanquam
3380 4055 3612 4125 lapides

1965 4139 2222 4195 miliares
2248 4140 2364 4205 ﬁxi,
2390 4146 2446 4196 et
2470 4142 2643 4211 signa
2662 4142 2839 4211 regias
2862 4142 2996 4208 viae,
3020 4142 3369 4199 deducentis
3394 4144 3471 4200 ad
3499 4160 3613 4200 co:-

1961 4227 2173 4283 lestem
2198 4229 2497 4285 civitatem
2525 4230 2987 4286 inambulantes.
3006 4229 3378 4302 Inquitenim
3404 4249 3416 4288 :
3442 4234 3613 4289 Beati

1959 4332 2252 4387 pauperes
2273 4318 2489 4386 spiritu
2514 4335 2530 4380 ;
2556 4318 2727 4374 Beati
2743 4319 2909 4375 mites
2930 4342 2950 4389 ,-
2977 4321 3146 4376 Beati
3165 4320 3609 4387 misericordes;

1960 4405 2129 4462 Beati
2149 4407 2384 4476 paciﬁci
2408 4410 2475 4462 9°.
2507 4411 2671 4463 Hunc
2697 4407 2878 4464 dicito
2904 4424 3035 4465 esse
3065 4409 3606 4467 Christianismum.

1961 4496 2016 4552 Si
2042 4512 2179 4552 vero
2201 4497 2335 4568 quis
2349 4497 2461 4552 hac
2474 4497 2571 4552 via
2592 4512 2712 4553 non
2731 4498 3080 4568 inambulet,
3110 4514 3215 4570 per
3234 4498 3406 4555 devia
3431 4505 3605 4566 errat,

1958 4586 2118 4642 malo
2157 4585 2551 4642 fundamento
2582 4602 2749 4641 usus.
2775 4586 2969 4643 Gloria
2993 4586 3478 4643 miserationibus
3500 4588 3607 4646 Pa-

243 4679 455 4756 θεμελίῳ
511 4688 793 4759 κέχρηται.
850 4682 985 4746 Δὸξα
1030 4689 1136 4742 τοῖς
1191 4680 1479 4754 οἰκτιρμοίς
1510 4684 1730 4756 Πατρός,
1758 4685 1846 4733 καὶ

1966 4675 2080 4746 tris,
2123 4679 2179 4730 et
2202 4674 2342 4741 Filii,
2378 4680 2435 4731 et
2457 4673 2709 4746 Spiritus
2740 4674 2928 4732 sancti
2954 4676 3014 4731 in
3050 4675 3288 4733 saecula.
3321 4680 3528 4733 Amen.

237 4768 385 4834 Υἱοῦ,
413 4776 503 4824 καὶ
532 4772 686 4844 ἀγίου
710 4773 1031 4846 Πνεύματος,
1058 4770 1128 4833 εἰς
1159 4773 1278 4833 τοὺς
1311 4769 1520 4831 αἰῶνας.
1545 4769 1732 4842 Ἀμήν.

830 4897 1080 4952 ΟΜῙΛῙΑ
1121 4894 1248 4951 KH'.

238 5022 594 5093 Διαγράφει
623 5024 733 5073 καὶ
774 5017 1173 5093 ἀποδύρεται
1204 5019 1360 5093 αῇτη
1402 5020 1432 5078 ἢ
1476 5017 1699 5093 ὁμιλία
1729 5024 1840 5079 τὴν

309 5089 555 5181 ξυμφορ
580 5093 647 5144 ἀν
674 5099 786 5179 τῇς
824 5091 1063 5181 ψυχης,
1096 5090 1339 5181 ὃτιιὸιά
1515 5089 1838 5180 ἁμαρτίαν

307 5164 333 5213 6
381 5163 614 5238 Κύριος
662 5164 773 5215 οὐκ
825 5163 995 5215 οἰκεῖ
1030 5163 1086 5215 ἐν
1144 5166 1325 5236 αὐτῇ.
1374 5169 1493 5238 Καὶ
1534 5163 1682 5236 περὶ
1730 5171 1838 5217 τοῦ

306 5232 598 5290 Ἰωάννου
628 5242 738 5287 τοῦ
776 5242 1169 5302 Βαπτιστοῦ,
1215 5232 1313 5287 ὅτι
1356 5232 1577 5296 οὐδεὶς
1608 5232 1665 5288 ἓν
1708 5255 1837 5306 γεν-

303 5316 521 5371 νητοῖς
548 5315 868 5380 γυναικῶν
899 5306 1098 5360 αὐτοῦ
1130 5306 1371 5379 μείζων
1407 5306 1577 5364 ἐστί,

303 5432 384 5488 Λ’.
412 5432 616 5509 Ὠσπερ
659 5431 925 5508 ὀργισθεὶς
964 5433 989 5484 6
1025 5436 1152 5494 Θεὸς
1210 5450 1332 5484 ποτε
1371 5427 1673 5499 Ἰουδαίοις,
1706 5452 1838 5505 παρ-

230 5515 393 5575 έδωκὶ
446 5527 537 5582 τὴν
587 5520 928 5596 ἐερουσαλὴμ
980 5522 1053 5585 εἰς
1082 5524 1139 5574 τὸ
1177 5522 1431 5594 προφανὲς
1471 5520 1704 5596 ἕχθροῖς,
1746 5526 1835 5573 καὶ

226 5604 498 5681 ἐκυρίευον
550 5612 716 5663 αὐτῶν
771 5613 819 5664 οἱ
870 5619 1147 5685 μισοῦντες
1199 5610 1402 5679 αὐτοὺς,
1480 5615 1570 5663 καὶ
1623 5610 1716 5663 οὐκ
1774 5606 1834 5668 ἦν

227 5695 310 5749 ἕσι
347 5701 461 5754 εκεῖ
522 5698 693 5775 ἑορτὴ,
732 5701 849 5754 οὔτε
895 5700 1201 5777 προσφορὼ
1244 5698 1379 5754 οὕτω
1426 5703 1513 5753 καὶ
1558 5705 1619 5772 τῇ
1674 5697 1829 5771 ψυχῇ

299 5824 343 5859 ⁹⁰
368 5826 572 5886 Matth.
608 5843 661 5897 ν,
688 5830 722 5883 2
766 5843 890 5903 seq.

2496 4891 2784 4949 HOMILIA
2816 4891 3043 4947 XXVIII.

1950 5017 2232 5098 Describit
2257 5033 2329 5074 ac
2358 5017 2627 5098 deplorat
2651 5017 2775 5073 hac
2801 5016 3045 5098 humilia
3066 5016 3605 5098 calamitatemani-

2017 5107 2147 5157 ma,
2175 5093 2235 5145 in
2262 5104 2381 5161 qua
2404 5096 2652 5157 propter
2670 5096 2975 5157 peccatum
2999 5104 3118 5143 non
3142 5088 3374 5144 habitat
3404 5088 3601 5145 Chris-

2019 5169 2133 5217 tus.
2164 5162 2241 5216 Et
2271 5161 2585 5216 deJoanne
2609 5160 2905 5228 Baptista,
2935 5160 3086 5232 quod
3101 5159 3256 5217 inter
3276 5166 3445 5216 natos
3470 5177 3600 5217 mu-

2019 5169 2133 5217 tus.
2164 5162 2241 5216 Et
2271 5161 2585 5216 deJoanne
2609 5161 2905 5228 Baptista,

2021 5234 2227 5289 tierum
2257 5233 2463 5288 nullus
2491 5248 2558 5288 eo
2579 5232 2653 5287 sit
2679 5234 2895 5301 major.

2016 5429 2059 5483 Ι.
2088 5427 2613 5496 Quemadmodum
2662 5426 2805 5483 olim
2866 5429 3017 5483 Deus
3049 5425 3322 5482 infensus
3378 5422 3599 5481 Iudaeis

1944 5517 2185 5574 tradidit
2211 5516 2540 5573 Jerusalem
2572 5517 2631 5571 in
2663 5516 3068 5589 spectaculum
3092 5515 3387 5580 hostibus,
3410 5519 3465 5569 et
3494 5513 3598 5567 do-

1945 5606 2154 5662 minati
2177 5611 2316 5662 sunt
2345 5605 2402 5661 in
2423 5621 2549 5671 eos,
2581 5606 2684 5677 qui
2714 5605 2967 5661 oderant
2993 5603 3144 5669 illos,
3178 5619 3287 5658 nec
3317 5605 3447 5657 erat
3471 5616 3597 5655 am-

1944 5696 2102 5769 plius
2130 5696 2212 5753 ibi
2243 5694 2482 5765 festum,
2511 5710 2704 5773 neque
2734 5693 2955 5752 oblatio
2996 5708 3010 5751 :
3056 5693 3142 5748 sic
3184 5691 3367 5748 etiam
3408 5690 3595 5746 iratus
