4130 6286
556 337 655 394 "lli

1853 333 1912 389 S.
1957 330 2258 389 MACARII
2296 325 2598 385 XEGYPTII

3813 318 3922 376 712

558 464 797 529 animae,
822 467 1065 534 propter
1084 460 1619 530 transgressionem
1649 460 1940 525 mandati,
1964 459 2202 514 tradidit

2315 455 2596 528 ὀργισθεὶς,
2623 451 2716 505 διὰ
2741 458 2835 511 τὴν
2872 452 3173 527 παράϐασιν
3223 461 3313 512 τῇς
3362 451 3588 515 ἐντολῆς,
3622 445 3925 523 παρέδωκεν

557 568 692 608 eam
735 552 1026 617 hostibus,
1064 549 1444 605 daemonibus
1494 553 1551 603 et
1597 547 2057 605 affectionibus:
2101 547 2204 618 qui

558 656 697 695 cum
717 642 799 695 sic
812 636 1600 708 seduxissenteam,penitus
1625 653 1756 693 eam
1773 638 2203 692 deformarunt:

556 744 667 785 nec
696 729 954 800 amplius
994 727 1110 782 illic
1149 732 1273 781 erat
1321 726 1563 793 festum,
1593 741 1701 780 nec
1734 726 2066 790 incensum,
2100 739 2208 778 nec

556 818 781 874 oblatio
831 833 936 888 per
977 833 1112 872 eam
1165 816 1286 870 Deo
1326 814 1708 882 oﬁerebatur,
1743 816 1978 886 repletis
2009 815 2067 868 in
2099 813 2208 867 viis

556 905 893 974 insignibus
919 905 1047 976 ejus
1083 904 1228 958 diris
1262 902 1422 970 feris,
1452 919 1521 958 ac
1563 903 1878 974 reptilibus
1908 901 2210 974 spiritibus

554 994 615 1048 in
646 1010 716 1050 ea
746 994 1208 1048 diversantibus.
1240 996 1308 1047 Et
1337 992 1854 1063 quemadmodum
1890 993 2129 1055 domus,
2165 990 2212 1044 si

555 1089 755 1139 careat
792 1083 1038 1137 domino
1077 1082 1472 1146 inbabitante,
1508 1082 1784 1136 tenebras
1824 1082 2114 1152 probrum
2143 1095 2212 1133 ac

554 1171 982 1226 contumeliam
1026 1171 1241 1234 induit,
1271 1169 1671 1241 sordibusque
1718 1186 1788 1225 ac
1839 1174 2098 1224 stercore
2129 1183 2214 1222 re-

552 1259 780 1330 pletur;
819 1261 900 1314 sic
943 1275 1188 1331 quoque
1230 1259 1434 1314 anima
1479 1259 1763 1314 destituta
1799 1260 2050 1314 Domino
2082 1273 2210 1322 suo,

553 1365 692 1403 cum
735 1349 965 1417 angelis
1011 1349 1070 1402 in
1126 1364 1186 1403 se
1227 1348 1612 1419 tripudiante,
1667 1348 1925 1402 tenebris
1965 1347 2211 1419 peccati.

554 1438 922 1508 turpitudine
947 1437 1337 1493 aﬂ‘ectionum
1365 1444 1544 1508 atque
1565 1438 1731 1492 omni
1765 1438 2099 1508 ignominia
2131 1453 2215 1492 re-

555 1526 772 1598 pietur.

631 1652 698 1708 Il.
733 1652 834 1706 Vae
865 1651 999 1716 vite,
1035 1651 1082 1705 si
1117 1667 1296 1706 nemo
1331 1652 1388 1706 in
1431 1666 1501 1706 ea
1533 1651 1817 1716 ambulet,
1851 1666 1958 1705 nec
2013 1650 2216 1705 audiat

2315 544 2472 601 αὐτὴν
2503 551 2611 604 τοῖς
2637 542 2867 614 ἐχθροῖς,
2921 539 3147 614 δαίμοσί
3177 562 3228 594 τε
3257 546 3346 593 καὶ
3379 542 3569 592 πάθεσι
3599 560 3611 571 ·
3648 542 3734 589 καὶ
3787 537 3926 588 οὕτω

2315 633 2664 691 πλανήσαντες
2724 632 2905 696 αὐτὴν,
2988 631 3187 692 τελείως
3260 633 3539 702 ἠφάνισαν,
3600 632 3689 679 καὶ
3751 626 3923 678 οὐκέτι

2318 718 2378 779 ἧν
2436 721 2541 773 ἐκεῖ
2593 721 2709 773 οὒτε
2766 721 2936 792 ἑορτὴ,
2987 725 3102 772 οὔτε
3165 722 3421 792 θυμίαμα,
3478 719 3594 770 οὔτε
3647 716 3928 789 προσφορὰ

2321 807 2394 862 δι’
2426 811 2584 870 αὐτῆς
2615 818 2685 878 τῷ
2732 818 2844 879 Θεῷ
2873 809 3296 882 ἀναπεμπομένη,
3351 808 3682 865 πλησθέντων
3723 805 3772 856 ἐν
3813 812 3927 863 ταῖς

2321 897 2466 960 ὁδοῖς
2496 907 2595 950 τῶν
2625 901 3000 972 γνωρισμάτων
3049 899 3209 958 αὐτῆς
3266 900 3457 970 θηρίων
3490 893 3690 957 δεινῶν,
3725 899 3814 945 καὶ
3846 893 3927 966 ἑρο

2318 998 2481 1041 πετών
2555 990 2857 1059 πνευμάτων
2923 993 3171 1062 πονηρίας
3239 989 3290 1039 ἐν
3335 987 3464 1057 αὐτῇ
3543 983 3924 1036 καταλυόντων.

2325 1083 2423 1130 Καὶ
2473 1079 2644 1151 ὥσπερ
2711 1074 2867 1142 οἶκος,
2930 1077 3013 1130 ἐὰν
3067 1082 3136 1149 μὴ
3195 1079 3294 1148 ἔχῃ
3331 1080 3417 1128 τόν
3475 1072 3737 1131 δεσπότην
3806 1091 3926 1123 κατ-

2322 1174 2583 1230 οικοῦντα,
2637 1172 2837 1235 σκότος,
2903 1172 2992 1218 καὶ
3045 1167 3278 1237 ἀτιμίαν,
3353 1169 3441 1217 καὶ
3491 1163 3638 1237 ὕϐριν
3666 1159 3920 1223 ἐνδύεται,

2321 1261 2410 1307 καὶ
2447 1257 2708 1330 ῥυπαρίας
2764 1262 2853 1308 καὶ
2901 1265 3125 1329 κοπριῶν
3181 1254 3544 1326 ἐμπέπλησται
3575 1269 3587 1282 ⁸
3650 1252 3786 1304 οὕτω
3838 1255 3927 1301 καὶ

2321 1345 2475 1416 ψυχὴ
2532 1348 2561 1402 ἡ
2617 1349 2688 1414 μὴ
2748 1348 2952 1415 ἔχουσα
2999 1349 3084 1397 τὸν
3144 1349 3406 1401 Δεσπότην
3463 1342 3621 1402 αὐτῆς
3667 1343 3796 1413 μετὰ
3825 1347 3927 1390 τῶν

2324 1434 2546 1505 ἀγγέλων
2599 1434 2646 1484 ἐν
2680 1434 2834 1506 ἑαυτῇ
2889 1438 3194 1507 χορεύοντα,
3255 1438 3469 1492 σκότους
3524 1431 3803 1503 ἁμαρτίας,
3840 1432 3926 1480 καὶ

2323 1525 2587 1595 αἰσχύνης
2613 1526 2810 1589 παθῶν,
2835 1529 2924 1575 καὶ
2952 1526 3124 1583 πάσης
3156 1523 3369 1594 ἀτιμίας
3397 1520 3777 1593 ἐμπίμπλαται.

2396 1647 2468 1702 B'.
2515 1648 2648 1700 Ούαὶ
2704 1645 2835 1717 ὁδῷ,
2873 1647 2958 1699 ἐὰν
3008 1645 3197 1719 μηδεὶς
3224 1649 3272 1698 ἐν
3307 1646 3436 1718 αὐτῇ
3478 1652 3758 1717 περιπατῇ,
3791 1647 3926 1715 μήτε

557 1740 616 1795 in
651 1757 720 1796 ea
752 1757 962 1796 vocem
1003 1741 1264 1796 hominis
1308 1740 1320 1793 l
1351 1741 1492 1811 quia
1521 1740 1958 1812 receptaculum
1992 1744 2078 1794 est
2116 1739 2202 1793 be-

2325 1735 2486 1809 ἀκούῃ
2527 1736 2575 1788 ἐν
2635 1736 2764 1809 αὐτῇ
2823 1744 2989 1808 φωνῆς
3043 1735 3357 1808 ἀνθρώπνιυι
3411 1737 3491 1786 ὅτι
3541 1733 3928 1806 καταλυτὴριον

560 1830 833 1885 stiarum.
867 1832 960 1884 Vae
1005 1830 1245 1891 animae,
1289 1829 1335 1882 si
1379 1845 1500 1884 non
1533 1829 1797 1884 ambulet
1827 1829 1884 1883 in
1917 1845 1986 1883 ea
2017 1829 2213 1883 Domi-

553 1934 686 1983 nus,
723 1925 902 1990 atque
930 1934 1071 1973 voce
1097 1934 1207 1972 sua
1239 1917 1401 1988 fuget
1440 1934 1509 1972 ex
1542 1934 1609 1973 ea
1641 1918 1974 1989 spirituales
2008 1917 2212 1987 nequi-

549 2007 646 2062 tiae
669 2007 890 2063 bestias
919 2010 928 2063 l
964 2009 1064 2062 Va?
1096 2007 1324 2072 domui,
1353 2007 1400 2061 si
1433 2023 1552 2061 non
1577 2007 1860 2062 dominus
1885 2006 2208 2061 eaminha-

552 2095 728 2150 bitett
757 2099 850 2150 Vae
868 2103 1050 2158 terra),
1072 2098 1113 2165 ι
1136 2098 1178 2165 ι
1198 2098 1239 2165 1
1267 2095 1316 2149 si
1335 2096 1611 2158 caruerit,
1639 2096 1739 2166 qui
1761 2101 2030 2151 exerceat
2052 2112 2205 2161 eam,

551 2185 764 2240 colono
798 2186 808 2236 !
847 2185 946 2239 Vae
969 2187 1130 2250 navi,
1162 2187 1206 2239 si
1239 2186 1596 2240 destituatur
1619 2184 2040 2253 gubernatore,
2064 2201 2210 2256 quo-

551 2275 718 2328 niam
756 2273 1034 2329 fluctibus
1067 2280 1123 2329 et
1153 2277 1509 2344 tempestate
1551 2274 1731 2328 maris
1761 2276 1990 2346 jactata
2021 2275 2205 2345 periti

549 2365 645 2418 Vae
669 2365 906 2428 animae,
937 2380 1072 2418 cum
1099 2380 1303 2418 verum
1330 2364 1794 2432 gubernatorem
1828 2363 2119 2418 Christum
2149 2364 2209 2418 in

552 2468 616 2508 se
643 2469 764 2507 non
797 2453 1074 2507 habuerit
1105 2453 1116 2506 l
1150 2453 1439 2522 quoniam
1473 2453 1531 2506 in
1579 2453 1796 2507 acerbo
1827 2452 2206 2507 tenebrarum

549 2542 700 2596 mari
723 2544 967 2612 degens,
993 2549 1047 2596 et
1065 2541 1344 2596 ﬂuctibus
1371 2539 1754 2597 aﬂ'ectionum
1787 2548 2094 2612 quassata,
2121 2547 2210 2595 at—

548 2646 664 2701 que
698 2647 733 2685 a
767 2630 1073 2700 spiritibus
1101 2645 1388 2702 nequam,
1415 2631 1576 2685 velut
1595 2630 1837 2685 hiemali
1863 2635 2206 2700 tempestate

542 2719 790 2792 jactata,
820 2721 1060 2774 tandem
1080 2721 1382 2775 interitum
1406 2720 1811 2791 consequitur.
1842 2719 1940 2774 Vae
1966 2722 2204 2784 animae,

547 2809 598 2863 si
630 2811 906 2875 caruerit,
941 2809 1043 2881 qui
1089 2811 1327 2866 excolat
1385 2809 1546 2864 illam
1581 2810 1912 2880 diligenter,
1956 2809 2204 2875 Christo,

549 2903 614 2953 ut
646 2899 839 2954 bonos
871 2898 1094 2954 fructus
1144 2899 1393 2970 Spiritus
1427 2900 1755 2970 producere
1782 2900 1968 2970 possit
1996 2899 2007 2950 l
2041 2899 2204 2970 quia,

547 3003 686 3042 cum
731 2989 805 3043 sit
835 2989 1087 3051 deserta,
1140 2987 1328 3058 spinis
1360 3004 1429 3043 ac
1471 2987 1700 3042 tribulis
1727 2987 1921 3060 plena.
1959 2988 2205 3043 tandem

546 3077 921 3132 exustionem
952 3076 1106 3147 ignis
1133 3093 1242 3149 pro
1273 3076 1469 3131 fructu
1502 3077 1776 3148 producit
1797 3093 1866 3132 ac
1897 3078 2209 3149 consequi-

547 3172 660 3221 tur.
689 3169 779 3221 Vae
815 3168 1051 3236 animae,
1087 3169 1132 3221 si
1176 3182 1297 3222 non
1331 3167 1610 3221 habuerit
1663 3168 1979 3222 Dominum
2029 3184 2205 3223 suum

547 3255 841 3312 Christum
874 3259 932 3310 in
957 3274 1017 3311 se
1042 3256 1443 3311 habitantem!
1471 3255 1635 3327 quia,
1676 3273 1813 3310 cum
1851 3257 1922 3310 sit
1946 3257 2206 3323 deserta,

548 3361 617 3400 ac
649 3345 831 3400 fetore
859 3345 1246 3400 affectionum
1288 3351 1532 3409 scateat,
1566 3345 1961 3400 diversorium
1985 3347 2207 3401 exsistit

544 3433 850 3488 vitiorum.

624 3648 719 3705 Ill.
756 3646 1277 3711 Quemadmodum
1310 3652 1465 3703 enim
1510 3648 1811 3714 colonum,
1846 3650 1893 3706 si
1935 3650 2207 3720 accingat

548 3753 608 3791 se
623 3737 698 3791 ad
713 3735 1101 3792 excolendam
1124 3743 1597 3809 terram,oportet
1616 3739 2012 3794 instrumenta
2026 3746 2205 3812 atque

549 3825 905 3881 indumenta
937 3827 1012 3880 ad
1041 3827 1339 3882 culturam
1374 3827 1772 3883 accommoda
1816 3845 2051 3884 sumere
2082 3847 2094 3884 :
2129 3831 2207 3886 ita

547 3913 834 3981 Christus,
884 3932 985 3970 rex
1037 3916 1130 3970 ille
1178 3916 1437 3972 ccelestis
1469 3933 1537 3971 ac
1587 3934 1758 3972 verus
1791 3919 2073 3987 agricola,
2107 3936 2207 3974 ve-

544 4007 715 4060 niens
750 4006 826 4060 ad
870 4005 1201 4062 desolatam
1248 4023 1352 4077 per
1392 4007 1590 4061 vitium
1626 4007 2081 4074 humanitatem,
2117 4027 2206 4064 as-

546 4100 794 4166 sumpto
827 4111 1096 4166 corpore,
1132 4112 1200 4150 ac
1231 4112 1338 4166 pro
1372 4096 1771 4151 instrumento
1803 4113 2038 4152 crucem
2074 4115 2205 4170 por-

544 4185 751 4255 tando,
768 4184 1025 4239 excoluit
1046 4185 1314 4239 animam
1339 4185 1656 4249 desertam,
1676 4191 1728 4239 et
1744 4203 1811 4240 ex
1827 4203 1896 4241 ea
1908 4185 2203 4258 decerpsit

544 4274 750 4343 apinas
803 4279 858 4327 et
906 4274 1154 4329 tribulos
1202 4290 1526 4345 pravorum
1573 4276 1914 4346 spirituum,
1968 4282 2023 4330 et
2062 4277 2203 4333 lolia

543 4363 775 4435 peccati
834 4363 1063 4427 evulsit,
1107 4369 1284 4435 atque
1333 4379 1512 4418 omne
1563 4364 1762 4418 tenum
1819 4371 2201 4436 peccatorum

2326 1828 2516 1899 θηρίων
2554 1829 2828 1897 τυγχάνει.
2884 1825 3019 1877 Ούαὶ
3064 1825 3242 1897 ψυχῇ,
3289 1827 3478 1876 ὁπόταν
3532 1827 3602 1895 μὴ
3664 1819 3822 1892 ὁδεύη
3879 1819 3927 1870 ἐν

2322 1915 2511 1987 αύτῇὸ
2544 1917 2753 1988 Κύριος,
2804 1920 2893 1966 xui
2943 1922 3003 1986 τῇ
3055 1923 3192 1986 φωνῇ
3230 1914 3387 1966 αὐτοῦ
3443 1916 3601 1984 φεύγῃ
3657 1911 3708 1973 ἐξ
3760 1911 3927 1971 αὐτῆς

2320 2007 2383 2056 τὰ
2429 2007 2752 2076 πνευματικὰ
2832 2012 2928 2064 τῆς
2984 2009 3227 2077 πονηρίας
3288 2004 3488 2075 θηρίαῐ
3562 2001 3695 2053 Οὐαὶ
3757 1999 3922 2068 οἰκίᾳ,

2323 2095 2475 2146 ὁπότε
2519 2096 2543 2144 ὁ
2594 2091 2857 2153 δεσπότης
2900 2093 2993 2145 οὐκ
3022 2093 3153 2145 οἰκεῖ
3197 2096 3245 2145 ἐν
3277 2097 3406 2166 αῦτῇ
3445 2091 3455 2145 l
3493 2092 3626 2144 Ούαὶ
3651 2098 3743 2162 γῇ,
3773 2092 3924 2141 ὁπότε

2320 2190 2390 2257 μὴ
2451 2187 2565 2255 ἔχει
2643 2187 2727 2234 τόν
2816 2186 3154 2256 ἐργαζόμενον
3217 2182 3378 2240 αὐτὴν
3455 2180 3726 2252 γεωργὸνῑ
3791 2179 3923 2231 Οὖαί

2320 2275 2502 2344 πλοίῳ,
2561 2275 2750 2325 ὁπόταν
2797 2277 2867 2344 μὴ
2921 2275 3018 2345 ἔχῃ
3071 2276 3158 2324 τόν
3188 2271 3527 2346 κυϐερνήτην,
3573 2272 3652 2321 ὁτι
3695 2269 3799 2321 ἀπὸ
3827 2279 3918 2321 τῶν

2319 2365 2561 2435 κυμάτων
2614 2367 2704 2414 καὶ
2781 2369 2872 2414 τοῦ
2946 2361 3105 2413 σάλου
3165 2369 3260 2422 τῆς
3315 2361 3585 2421 θαλάσσης
3648 2364 3916 2433 φερόμενον

2319 2451 2622 2505 ἀπόλλυται.
2666 2451 2800 2503 Οὐαὶ
2828 2451 3004 2523 ψυχῇ,
3055 2453 3245 2502 ὁπόταν
3295 2455 3364 2522 μὴ
3417 2452 3516 2522 ἔχῃ
3561 2452 3649 2500 τὸν
3682 2447 3924 2506 ἀληθινόν

2318 2541 2636 2615 κυϐερνήτην
2696 2545 2926 2612 Χριστὸν
3000 2540 3045 2591 ἐν
3129 2539 3302 2611 αύτῇι
3355 2542 3434 2591 ὁτι
3469 2538 3516 2589 ἐν
3571 2547 3632 2610 τῇ
3680 2538 3918 2609 θαλάσση

2315 2641 2407 2691 τῆς
2437 2637 2644 2705 πικρίας
2684 2639 2774 2681 τοῦ
2840 2635 3059 2691 σκότους
3112 2632 3478 2700 τυγχάνουσα,
3529 2632 3622 2680 καὶ
3676 2629 3775 2679 ὑπὸ
3829 2635 3919 2678 τοῦ

2320 2720 2478 2771 σάλου
2537 2728 2636 2770 τῶν
2678 2721 2855 2771 παθῶν
2916 2721 3306 2788 κυματουμένη,
3368 2722 3458 2768 καὶ
3518 2718 3617 2768 ύπό
3671 2724 3768 2767 τῶν
3826 2735 3919 2767 πο-

2315 2818 2482 2881 νηρῶν
2539 2811 2842 2879 πνευμάτων
2904 2809 3284 2878 χειμαζομένη,
3343 2810 3401 2858 τὸ
3452 2807 3592 2865 τέλος
3654 2804 3913 2855 ἀπώλειαν

2317 2905 2525 2955 κτᾶται,
2560 2897 2689 2949 Ούαὶ
2719 2897 2897 2968 ψυχῇ,
2931 2899 3123 2948 ὁπόταν
3165 2901 3236 2967 μὴ
3298 2898 3398 2968 ἔχῃ
3447 2899 3532 2947 τὸν
3575 2893 3904 2966 ἐργαζόμενον

2319 2988 2480 3045 αὐτὴν
2540 2986 2785 3058 ἐπιμελῶς
2838 2989 3087 3059 Χριστόν,
3137 2987 3218 3037 ἵνα
3278 2989 3507 3057 καρπούς
3561 2983 3773 3054 ἀγαθούς
3810 2989 3900 3034 τοῦ

2320 3080 2615 3147 Πνεύματος
2665 3078 2882 3145 ἐνεγκεῖν
2960 3072 3210 3146 δυνηθῇί
3267 3074 3346 3125 ὃτι
3388 3076 3579 3147 ἕρημος
3629 3067 3776 3134 οὖσα,
3823 3091 3914 3138 καὶ

2319 3164 2552 3217 ἀκανθῶν
2582 3169 2670 3216 καὶ
2701 3163 2948 3237 τριϐόλων
2998 3168 3186 3236 μεστὴ,
3229 3166 3286 3215 τὸ
3341 3163 3482 3223 τέλος
3519 3169 3708 3214 καῦσιν
3754 3165 3923 3233 πυρὸς

2316 3263 2628 3328 καρποῦται.
2659 3254 2794 3306 Ούαὶ
2821 3253 3000 3326 ψυχῇ,
3055 3255 3244 3306 ὁπόταν
3297 3258 3368 3325 μὴ
3409 3256 3507 3326 ἔχη
3539 3256 3626 3305 τόν
3659 3256 3922 3308 Δεσπότην

2317 3347 2478 3406 αύτῆς
2529 3347 2759 3418 Χριστὸν
2819 3343 2866 3394 ἐν
2934 3343 3088 3414 ἑαυτῇ
3153 3341 3535 3395 κατοικοῦνταί
3597 3342 3676 3393 ὃτι
3732 3343 3923 3413 ἔρημος

2317 3432 2450 3487 οὖσα
2498 3440 2587 3486 καὶ
2629 3431 2904 3494 δυσωδίας
2933 3435 3112 3485 παθῶν
3147 3432 3568 3505 ἑμπεπλησμένη,
3619 3431 3925 3488 καταλυτή-

2315 3544 2425 3599 ριον
2450 3528 2640 3584 κακίας
2668 3524 2940 3594 τυγχάνει.

2388 3649 2459 3704 Γ¹.
2510 3648 2711 3720 ’Ὠσπερ
2743 3650 2843 3718 γὰρ
2893 3648 2918 3698 ὁ
2970 3649 3200 3720 γεωργὸς
3231 3645 3354 3698 ἐπὰν
3385 3647 3672 3718 πορεύηται
3697 3644 3924 3719 ἐργάσαο

2319 3741 2442 3791 σθαι
2472 3743 2564 3796 τὴν
2594 3746 2711 3808 γῆν,
2772 3733 2886 3788 δέον
2918 3738 2980 3787 τὰ
3025 3734 3263 3810 ἐργαλεῖα
3314 3756 3402 3787 και
3447 3734 3618 3807 ἆμφια
3667 3740 3803 3807 πρὸς
3835 3741 3913 3792 τὴν

2317 3827 2564 3902 ἐργασίαν
2610 3825 2884 3897 λαμϐάνειν
2962 3826 3122 3885 οὕτως
3185 3830 3274 3876 καὶ
3332 3825 3356 3876 ὁ
3414 3828 3643 3896 Χριστὸς
3688 3826 3714 3875 ὁ
3761 3823 3910 3897 βασι-

2314 3916 2806 3990 λεύςόέπουράνιος
2845 3922 2934 3966 καὶ
2988 3913 3226 3973 ἀληθινὸς
3279 3917 3528 3986 γεωργός,
3582 3911 3740 3965 ἐλθὼν
3794 3918 3918 3988 πρὸς

2316 4011 2407 4063 τὴν
2440 4005 2795 4078 ἐρημωθεῖσαν
2854 4005 2953 4055 ὑπὸ
3012 4010 3107 4063 τῆς
3157 4008 3345 4063 κακίας
3385 4001 3786 4077 ἀνθρωπότητα,
3851 4006 3918 4054 ἓν·

2317 4091 2609 4167 δυσάμενος
2656 4098 2712 4145 τὸ
2765 4102 2918 4164 σῶμα
2967 4097 3056 4144 καὶ
3121 4093 3185 4152 ὡς
3243 4091 3500 4166 ἐργαλεῖον
3553 4096 3639 4143 τὸν
3692 4096 3921 4166 σταυρόν

2315 4181 2612 4258 βαστάσας,
2662 4183 2940 4257 εἰργάσατο
2989 4186 3080 4240 τὴν
3134 4184 3323 4255 ἔρημον
3365 4181 3573 4253 ψυχὴν,
3624 4186 3713 4233 καὶ
3743 4180 3919 4234 ἔλαϐεν

2313 4275 2365 4337 ἒξ
2431 4279 2587 4334 αὐτῆς
2652 4275 2742 4334 τὰς
2794 4271 3022 4333 ἀκάνθας
3062 4275 3151 4323 καὶ
3191 4270 3458 4343 τριϐόλους
3509 4280 3609 4322 τῶν
3675 4280 3917 4343 πονηρῶν

2312 4367 2635 4435 πνευμάτων,
2710 4367 2797 4414 καὶ
2853 4364 2918 4414 τὰ
2974 4361 3185 4422 ζιζάνια
3238 4368 3333 4422 τῆς
3400 4359 3661 4434 ἁμαρτίας
3709 4360 3911 4424 ἐξέτιλε,

544 4451 677 4522 ejus
700 4452 822 4520 igni
849 4452 1180 4507 combussit
1209 4469 1221 4506 :
1256 4468 1516 4523 cumque
1544 4454 1623 4506 sic
1652 4455 2010 4509 exercuisset
2040 4455 2200 4511 illam

2315 4458 2401 4506 xui
2462 4457 2632 4504 πάντα
2684 4457 2879 4524 χόρτον
2962 4451 3348 4522 ἁμαρτημάτων
3403 4450 3561 4510 αὐτῆς
3611 4453 3731 4520 πυρὶ
3777 4467 3909 4498 κατ-

545 4540 708 4611 ligno
731 4543 944 4605 crucis,
973 4541 1267 4612 plantavit
1288 4543 1344 4595 in
1372 4559 1440 4596 ea
1470 4542 1934 4613 pulcherrimum
1963 4544 2200 4600 hortum

544 4631 815 4701 Spiritus,
849 4631 1048 4685 omnis
1099 4630 1331 4699 generis
1366 4632 1789 4685 suavissimum
1846 4638 1901 4686 et
1935 4633 2200 4701 gratissi-

545 4736 712 4776 mum
742 4720 1001 4775 fructum
1029 4720 1147 4775 Deo
1179 4720 1338 4775 velut
1369 4721 1621 4776 Domino
1653 4721 2101 4791 producentem.

616 4934 704 4988 IV.
736 4935 800 4987 Et
831 4933 981 4988 sicut
1032 4933 1089 4987 in
1141 4935 1416 5005 Egypto,
1450 4934 1657 4989 triduis
1705 4934 1963 4990 tenebris
2007 4935 2196 5002 factis,

542 5039 664 5079 non
701 5022 940 5076 videbat
983 5021 1140 5076 ﬁlius
1166 5028 1414 5093 patrem,
1451 5039 1557 5078 nec
1585 5023 1764 5079 frater
1801 5024 2064 5088 fratrem,
2091 5041 2199 5080 nec

545 5112 780 5168 amicus
809 5111 1106 5166 sincerum
1141 5127 1209 5165 ac
1235 5127 1590 5181 germanum
1625 5113 1907 5178 amicum,
1943 5113 2198 5169 tenebris

543 5199 963 5257 obvelantibus
992 5215 1092 5255 eos
1129 5213 1140 5251 :
1177 5201 1259 5254 sic
1314 5208 1636 5274 postquam
1690 5202 1958 5257 Adamus
1998 5208 2197 5258 trans-

542 5305 784 5361 gressus
806 5293 892 5343 est
919 5289 1297 5360 mandatum,
1325 5296 1381 5345 et
1410 5307 1443 5345 a
1465 5293 1714 5362 pristina
1744 5293 1933 5361 gloria
1958 5293 2191 5359 excidit,

541 5396 610 5436 ac
650 5378 879 5449 spiritui
927 5379 1133 5433 mundi
1186 5378 1486 5434 obnoxius
1518 5384 1606 5436 est
1636 5379 1847 5449 factus,
1898 5381 2194 5438 velamine

537 5483 779 5540 quoque
795 5466 1174 5522 tenebrarum
1191 5469 1457 5523 veniente
1477 5470 1532 5523 in
1559 5470 1822 5523 animam
1838 5470 1989 5540 ejus,
2006 5470 2190 5540 ipsius

535 5558 736 5629 culpa,
769 5555 861 5612 vel
895 5573 1085 5628 usque
1114 5557 1190 5612 ad
1223 5562 1597 5628 postremum
1625 5557 1943 5623 Adamum,
1974 5575 2190 5631 nempe

537 5646 877 5704 Dominum.
922 5662 1039 5701 non
1075 5646 1314 5702 videbat
1348 5663 1553 5702 verum
1587 5646 1819 5701 Patrem
1871 5647 2185 5714 caelestem,

537 5736 763 5800 bonam
808 5752 876 5792 ac
903 5737 1234 5808 benignam
1280 5743 1553 5801 matrem,
1587 5737 1838 5804 gratiam
1873 5736 2124 5816 Spiritus
2164 5756 2181 5823 5

2312 4547 2536 4595 έκαυσε·
2595 4545 2684 4592 καὶ
2740 4540 2897 4600 οὕτως
2953 4542 3299 4614 ἐργασάμενος
3340 4539 3501 4597 αὐτὴν
3542 4547 3610 4610 τῷ
3657 4537 3780 4605 ξύλῳ
3806 4543 3899 4586 τοῦ

2315 4639 2562 4704 σταυροῦ,
2596 4630 2866 4702 ἐφύτευσεν
2921 4628 2971 4681 ἐν
3024 4629 3153 4700 αὐτῇ
3185 4632 3272 4680 τόν
3310 4629 3686 4700 παγκάλλιστον
3728 4626 3898 4696 παρά-

2314 4719 2488 4774 δεισον
2532 4728 2623 4772 τοῦ
2674 4721 2985 4790 Πνεύματος,
3045 4719 3215 4770 πάντα
3262 4721 3460 4791 καρπὸν
3506 4715 3640 4776 ἡδὺν
3680 4720 3768 4768 καὶ
3796 4716 3904 4766 ἐπι-

2316 4813 2546 4884 θυμητὸν
2578 4814 2793 4882 φέροντα
2823 4810 2885 4868 ὡς
2913 4812 3146 4880 Δεσπότῃ
3180 4815 3314 4878 Θεῷ.

2383 4935 2451 4988 Δ⁷.
2516 4938 2615 4988 Καὶ
2670 4936 2842 5006 ὥσπερ
2914 4931 2961 4984 ἐν
3017 4932 3270 5004 Αἰγύπτῳ
3324 4936 3606 5007 τριημέρου
3692 4936 3913 4992 σκότους

2307 5028 2599 5096 γενομένου,
2653 5023 2746 5075 οὐκ
2801 5022 3000 5075 ἔϐλεπεν
3065 5025 3176 5085 υίὸς
3227 5027 3445 5097 πατέρα,
3522 5025 3640 5074 οὔτε
3690 5019 3915 5094 ἀδελφὸς

2308 5110 2547 5185 ἀδελφόν,
2593 5116 2709 5164 οὔτε
2757 5112 2898 5184 φίλος
2950 5118 3167 5183 γνήσιον
3208 5111 3372 5183 φίλον,
3423 5118 3514 5164 τοῦ
3572 5117 3791 5171 σκότους
3821 5132 3914 5164 xu-

2304 5201 2558 5272 λύψαντος
2602 5202 2786 5262 αύτούς
2820 5219 2831 5230 ·
2889 5202 3023 5253 οὕτω
3068 5210 3158 5254 τοῦ
3214 5198 3389 5273 Ἀδὰμ
3446 5200 3778 5274 παραϐάντος
3817 5205 3914 5258 τὴν

2305 5289 2530 5360 ἐντολὴν,
2586 5297 2673 5343 καὶ
2728 5295 2969 5353 πεσόντος
3024 5291 3124 5343 ἀπὸ
3175 5300 3267 5352 τῆς
3322 5295 3571 5364 προτέρας
3604 5287 3781 5354 δόξης,
3817 5296 3908 5341 καὶ

2305 5383 2402 5431 ὑπὸ
2460 5383 2515 5432 τὸ
2560 5388 2760 5452 πνεῦμα
2816 5388 2906 5432 τοῦ
2949 5398 3150 5452 κοσμου
3198 5386 3480 5451 γεγονότος,
3527 5384 3615 5432 xui
3665 5387 3755 5431 τοῦ
3814 5399 3910 5430 κα-

2301 5469 2567 5540 λύμματος
2616 5477 2705 5520 τοῦ
2762 5473 2975 5530 σκότους
3056 5468 3284 5530 ἐλθόντος
3327 5465 3373 5521 ἐν
3419 5476 3481 5540 τῇ
3534 5467 3688 5539 ψυχῇ
3744 5467 3909 5520 αὐτοῦ

2301 5556 2388 5609 ἀπ’
2421 5559 2601 5625 αὑτοῦ,
2631 5563 2718 5610 καὶ
2749 5561 2913 5633 μέχρι
2949 5565 3038 5611 τοῦ
3065 5557 3296 5631 ἐσχάτου
3330 5554 3505 5629 Ἀδὰμ
3557 5565 3648 5609 τοῦ
3684 5561 3906 5630 Κυρίου,

2299 5648 2391 5699 οὐκ
2423 5647 2594 5700 ἕϐλεπε
2636 5649 2719 5700 τὸν
2777 5645 3017 5706 ἀληθινὸν
3063 5650 3272 5721 Πατέρα
3311 5651 3396 5700 τὸν
3440 5647 3764 5722 ἐπουράνιον,
3819 5650 3913 5698 καί

2296 5742 2389 5795 τὴν
2422 5736 2622 5809 ἀγαθήν
2653 5741 2741 5789 καὶ
2784 5742 3028 5813 χρηστὴν
3057 5741 3256 5812 μητέρα
3302 5741 3395 5796 τὴν
3419 5741 3583 5810 χήριν
3621 5744 3713 5788 τοῦ
3746 5739 3910 5788 Πνεύ.
