4130 6286
247 290 352 347 713

1522 286 1868 345 HOMILI/E.
1905 315 1977 330 —
2015 288 2190 345 HOM.
2232 291 2487 347 XXVIII.

3508 294 3613 351 714

246 438 436 492 ματος,
475 422 565 471 καὶ
615 420 702 470 τὸν
752 415 947 488 γλυκὺν
1002 420 1092 468 καὶ
1144 416 1463 488 ποθούμενον
1519 412 1740 486 ἀδελφόν
1769 418 1844 466 τὸι

1968 415 2206 472 dulcem
2231 418 2718 475 acdesideratum
2737 418 3001 485 fratrem,
3025 418 3345 475 Dominum
3363 437 3376 485 ;
3393 421 3617 476 amicos

246 511 465 582 Κύριον,
514 511 602 559 καὶ
689 508 809 568 τοὺς
864 504 1035 577 φίλους
1123 510 1213 557 καὶ
1277 509 1527 577 γνησίους
1612 503 1858 575 ἀγγελους

242 596 453 668 ἁγίους,
497 596 609 668 μεθ’
664 595 731 646 ὧν
787 597 971 667 ἔχαιρε
1029 598 1265 669 χορεύων
1311 599 1401 646 καὶ
1453 593 1741 667 ἑορτάζων.
1781 591 1857 644 Ού

241 692 398 759 μόνον
431 682 490 739 δὲ
534 686 622 746 ἓως
651 691 743 737 τοῦ
787 683 1020 756 έσχάτου
1054 681 1251 756 Ἀδὰμ,
1288 683 1397 735 ἀλλ’
1424 683 1501 735 ἐτι
1526 687 1615 735 καὶ
1660 689 1747 734 νῦν
1778 680 1858 754 ἐφ’

242 774 335 837 οὓς
365 775 462 827 οὐκ
503 774 747 827 ἀνέτειλεν
794 774 821 825 6
873 773 1015 835 ἣλιος
1055 781 1150 834 τῆς
1211 770 1554 833 δικαιοσύνης
1605 773 1851 844 Χριστός,

242 869 334 917 xui
365 864 434 915 ὧν
483 862 574 916 οὐκ
624 864 913 934 ἠνοίγησαν
958 864 1007 914 οἱ
1045 869 1142 923 τῆς
1183 861 1372 933 ψυχῆς
1425 860 1701 933 ὀφθαλμοὶ,
1753 859 1853 912 ἀπὸ

244 953 335 1006 τοῦ
389 952 639 1013 ἀληθινοῦ
684 955 846 1026 φωτός
895 952 1252 1024 φωτισθέντες,
1287 953 1387 1003 ὑπό
1419 954 1478 1003 τό
1505 950 1628 1003 αύτό
1671 954 1855 1012 σκότος

239 1050 338 1105 τῆς
384 1043 648 1115 ἁμαρτίας
686 1044 763 1094 ἔτι
798 1042 1155 1113 τυγχάνουσι,
1199 1045 1287 1098 τὴν
1319 1040 1484 1099 αὐτὴν
1509 1048 1608 1091 τῶν
1648 1036 1850 1097 ἡδονῶν

238 1132 500 1205 ἐνέργειαν
545 1134 772 1204 ἔχοντες,
816 1138 876 1203 τῇ
911 1130 1042 1201 αὐτῇ
1094 1138 1155 1202 τῇ
1223 1149 1449 1202 τιμωριᾳ
1504 1130 1846 1200 ὑποκείμενοι,

239 1219 537 1292 ὀφθαλμούς
559 1218 835 1293 βλέποντας
864 1222 950 1271 τόν
984 1222 1190 1293 Πατέρα
1219 1215 1444 1291 μηδέπω
1474 1220 1704 1290 ἔχοντες.

314 1308 391 1362 Ε’.
422 1317 587 1363 Τοῦτο
625 1312 725 1383 γὰρ
779 1308 963 1380 ὀφείλει
1009 1312 1283 1380 γινώσκειν
1330 1309 1567 1374 ἕκαστος,
1598 1308 1679 1359 ὃτι
1716 1306 1847 1359 εἰσὶν

243 1398 503 1471 ὀφθαλμοὶ
573 1395 831 1471 ἕνδότεροι
901 1396 1176 1468 ὀφθαλμῶν
1250 1399 1465 1463 τούτων,
1538 1400 1628 1447 καὶ
1707 1398 1845 1447 ἔστιν

245 1485 380 1545 ἀκοὴ
429 1484 670 1559 ἐνδοτέρα
726 1495 821 1546 τῆς
875 1484 1029 1546 ἀκοῆς
1077 1488 1296 1547 ταύτης.
1351 1490 1452 1538 Καὶ
1491 1488 1662 1558 ὥσπερ
1700 1484 1845 1537 οὗτοι

242 1577 293 1626 οἱ
354 1576 607 1648 ὀφθαλμοὶ
661 1576 925 1636 αἰσθητῶς
961 1574 1219 1648 βλέπουσι
1266 1578 1355 1626 καὶ
1420 1581 1731 1626 κατανοοῦσι
1785 1577 1842 1625 τό

240 1668 524 1738 πρόσωπον
563 1672 654 1717 τοῦ
706 1664 875 1737 φίλον,
998 1671 1091 1715 τοῦ
1134 1663 1427 1735 ἀγαπητοῦ,
1482 1664 1643 1725 οὕτως
1676 1667 1766 1714 καὶ
1795 1664 1843 1715 οἰ

238 1761 336 1814 τῆς
366 1753 516 1816 ἀξίας
559 1759 648 1805 καὶ
699 1761 894 1814 πιστῆς
945 1754 1131 1825 ψυχῆς
1183 1752 1437 1825 ὀφθᾶλμοὶ
1484 1762 1843 1824 πνευματικῶς

240 1846 585 1913 φωτισθέντες
652 1848 780 1915 φωτὶ
837 1844 1008 1914 θεῐκῷ,
1062 1841 1317 1914 βλέπουσι
1386 1846 1475 1894 καὶ
1530 1850 1842 1895 κατανοοῦσι

236 1933 326 1981 τὸν
382 1930 624 1989 ἀληθινόν
653 1930 815 2004 φίλον,
856 1937 946 1983 καὶ
996 1931 1337 2003 γλυκύτατον,
1400 1935 1489 1983 καὶ
1544 1930 1841 1990 πολυπόθη-

233 2038 323 2071 τον
355 2026 577 2093 νυμφίον
604 2024 689 2073 τόν
740 2023 950 2094 Κύριον,
1008 2020 1478 2092 καταλαμπομένης
1520 2029 1615 2081 τῆς
1652 2018 1841 2093 ψυχῆς

230 2109 335 2161 ὑπὸ
385 2118 476 2163 τοῦ
553 2118 919 2183 προσκυνητοῦ
974 2112 1313 2182 Πνεύματος⁶
1372 2113 1462 2161 καὶ
1530 2110 1665 2161 οὕτω
1724 2108 1841 2183 βλέ-

230 2218 416 2251 πουσα
468 2201 654 2274 νὸερῶς
692 2202 749 2251 τό
790 2198 1109 2270 ἐπιθυμητὸν
1162 2203 1250 2250 καὶ
1289 2203 1442 2270 μόνον
1500 2196 1839 2257 ἀνεκλάλητον

228 2287 421 2351 κάλλος
462 2289 530 2351 εἰς
579 2291 743 2364 ἔρωτα
798 2290 929 2341 θεῖον
981 2293 1344 2362 τιτρώσκεται,
1399 2292 1489 2341 καὶ
1541 2288 1613 2348 εἰς
1665 2290 1841 2351 πάσας

229 2376 420 2452 ἀρετὰς
450 2384 541 2430 τοῦ
581 2380 878 2450 Πνεύματος
932 2380 1321 2446 κατευθύνεται,
1361 2382 1450 2429 καὶ
1490 2377 1654 2438 οὕτως
1694 2376 1837 2452 ἀόρι-

230 2484 353 2518 στον
402 2470 488 2518 καὶ
541 2464 864 2519 ἀνέκλειπτον
918 2470 1163 2523 κέκτηται
1194 2463 1422 2536 ἀγάπην,
1454 2469 1584 2537 πρὸς
1612 2468 1699 2517 τόν
1751 2467 1838 2518 ὑπ’

228 2554 401 2618 αὐτῆς
458 2557 773 2627 ποθούμενον
838 2558 1049 2628 Κύριον.
1111 2560 1174 2608 Τί
1230 2559 1400 2607 τοίνυν
1454 2560 1840 2629 μακαριώτερον

229 2646 326 2709 τῆς
389 2643 568 2698 ἀῐδίου
602 2647 771 2718 φωνῆς
832 2647 1028 2707 ἐκείνης
1077 2644 1336 2709 Ἰωάννου,
1381 2641 1702 2705 δεικνύοντος
1740 2649 1839 2720 πρὸ

232 2734 513 2807 ὀφθαλμῶν
570 2738 656 2786 τόν
690 2737 898 2807 Κύριον,
950 2734 1207 2806 λέγοντος,
1256 2730 1387 2787 Ἴδε
1426 2746 1450 2786 ο
1492 2732 1686 2806 ἀμνὸς
1723 2742 1839 2787 τοῦ

234 2831 421 2891 Θεοῦ,
454 2825 479 2875 ό
511 2827 709 2899 αἴρων
748 2828 861 2883 τὴν
901 2823 1221 2896 ἁμαρνίαν
1261 2830 1371 2875 τοῦ
1409 2827 1695 2894 κόσμου;

309 2913 385 2977 ς’.
418 2912 675 2981 Ἀληθῶς,
709 2913 798 2966 Ἐν
857 2920 1187 2984 γεννητοῖς
1242 2920 1570 2983 γυναικῶν
1626 2910 1842 2975 οὐδεὶς

235 3003 478 3071 μείζων
521 3003 816 3055 Ἰωάννου
856 3009 968 3054 τοῦ
1006 3008 1401 3056 Βαπτιστοῦ.
1447 3002 1712 3074 Πλήρωμα
1740 3005 1841 3076 γὰρ

236 3092 439 3142 πάντων
471 3099 744 3163 προφητῶν
769 3092 1053 3162 τυγχάνει’
1078 3096 1167 3143 καὶ
1195 3092 1373 3150 πάντες
1404 3095 1493 3161 μὲν
1518 3096 1836 3165 προεφήτευ-

244 3195 339 3228 σαν
395 3184 510 3252 περὶ
566 3186 659 3230 τοῦ
717 3178 942 3253 Κυρίου,
1000 3181 1225 3251 μήκοθεν
1308 3176 1625 3241 δεικνύοντες
1689 3180 1844 3231 αὐτὸν

238 3271 650 3339 παραγινόμενον
682 3280 697 3295 ⁸
727 3268 884 3327 αὐτὸς
918 3262 975 3318 δε
1005 3268 1339 3340 προφητεύων
1388 3272 1506 3338 περὶ
1537 3275 1628 3319 τοῦ
1672 3274 1847 3324 Σωτῆ-

236 3368 351 3423 ρος,
412 3349 639 3405 ἐδείκνυε
676 3357 798 3425 παρ’
842 3353 1129 3426 ὀφθαλμοῖς
1165 3360 1321 3419 πᾶσι,
1365 3351 1499 3427 βοῶν
1538 3360 1626 3407 καὶ
1664 3355 1845 3426 λέγων,

239 3437 371 3494 Ἴδε
402 3443 427 3493 ὁ
460 3440 651 3514 ἀμνὸς
690 3451 797 3495 τοῦ
839 3449 1021 3496 Θεοῦ.
1062 3448 1125 3496 Τί
1154 3440 1310 3501 ἡδεῖα
1360 3448 1450 3495 καὶ
1479 3444 1609 3502 καλὴ
1642 3446 1671 3503 ἠ
1706 3448 1842 3516 φωνὴ

238 3530 364 3583 εὐθὺ
397 3528 717 3593 δεικνύοντος
748 3535 805 3583 τό
831 3533 917 3584 ὑπ’
944 3532 1107 3584 αὐτοῦ
1134 3532 1553 3606 κηρυσσόμενονῙ
1590 3534 1845 3593 Μείζων

238 3617 536 3674 Ἰωάννου
577 3619 634 3673 έν
672 3628 1005 3692 γεννητοῖς
1042 3630 1363 3692 γυναικῶν
1404 3619 1669 3683 οὐδείς·
1718 3624 1743 3674 6
1778 3618 1845 3674 δὲ

239 3715 616 3783 μικρότερος
655 3709 711 3761 έν
745 3717 815 3782 τῇ
860 3708 1177 3783 βασιλείᾳ
1214 3718 1333 3762 τῶν
1373 3711 1675 3784 οὐρανῶν,
1717 3717 1844 3783 μεί-

241 3798 362 3859 ζων
404 3800 598 3852 αὐτοῦ
638 3801 747 3852 ἐστ
763 3820 835 3854 ιν.
865 3801 1137 3853 Οἰοῖνωθεν
1163 3799 1219 3851 ἐκ
1243 3807 1336 3852 τοῦ
1366 3807 1498 3853 Θεοῦ
1521 3803 1845 3871 γεννηθέντες

242 3886 524 3940 ἀπόστολοι
557 3906 571 3921 ·
624 3890 672 3940 οἱ
715 3894 809 3946 τὴν
857 3887 1106 3963 ἀπαρχὴν
1151 3896 1243 3941 τοῦ
1300 3889 1635 3961 παρακλήτου
1681 3894 1842 3942 Πνεῦ-

244 3990 406 4041 ματος
434 3971 673 4033 λαϐόντες
709 3990 720 4001 ·
769 3973 909 4024 οὗτοι
945 3976 1047 4044 γὰρ
1101 3970 1455 4025 συνδικασταὶ
1504 3980 1593 4027 xui
1626 3977 1846 4046 σύνθρο-

245 4077 323 4109 νοι
397 4059 805 4122 κατηξιώθησαν
879 4062 1141 4129 γενέσθαι,
1219 4061 1363 4113 οὗτοι
1435 4061 1694 4136 λυτρωταὶ
1744 4071 1844 4114 τῶν

248 4143 530 4221 ἀνθρώπων
595 4152 892 4219 γεγόνασιν.
962 4149 1239 4220 Εὗρίσκεις
1303 4149 1486 4209 αὐτοὺς
1564 4151 1845 4221 σχίζοντας

250 4236 515 4288 θάλασσαν
549 4233 817 4309 δυνάμεων
855 4245 1114 4309 πονηρῶν,
1159 4242 1248 4288 xui
1281 4234 1634 4309 διαγαγόντας
1659 4238 1845 4311 ψυχὰς

245 4328 616 4387 πιστευούσας.
650 4327 920 4399 Εὑρίσκεις
958 4324 1146 4387 αὐτοὺς
1188 4330 1446 4399 γεωργοὺς
1499 4332 1593 4385 τὴν
1619 4328 1845 4400 ἄμπελον

1884 1726 1923 1781 Β

1967 508 2023 559 et
2037 520 2383 574 germanos,
2397 513 2634 563 sanctos
2650 506 2918 577 angelos,
2933 508 3296 579 quibuscum
3310 508 3616 579 gaudebat

1968 592 2303 665 tripudians
2342 601 2398 651 et
2444 596 2594 652 festa
2635 597 2964 653 celebrans.
2994 599 3121 652 Non
3171 596 3365 653 solum
3410 603 3609 653 autem

1967 698 2156 754 usque
2187 683 2265 739 ad
2293 689 2664 754 postremum
2686 685 3006 752 Adamum,
3038 685 3142 740 sed
3164 686 3497 742 etiamnum
3525 686 3610 758 hi,

1964 771 2186 842 quibus
2216 788 2337 828 non
2366 778 2453 829 est
2492 779 2732 830 exortus
2766 774 2854 831 sol
2881 775 3118 846 justitias
3149 776 3432 840 Christus,
3464 789 3614 848 quo-

1963 875 2218 933 rumque
2245 862 2402 918 oculi
2449 864 2666 919 animae
2698 879 2817 920 non
2858 871 2996 919 sunt
3039 866 3247 936 aperti,
3282 880 3319 921 a
3346 880 3487 921 vero
3526 864 3614 920 lu-

1964 948 2123 1003 mine
2148 950 2460 1007 illuminati
2488 952 2602 1008 sub
2631 952 2843 1008 iisdem
2866 953 3065 1009 adhuc
3094 953 3325 1009 haerent
3351 952 3610 1010 tenebris

1961 1039 2208 1109 peccati,
2259 1040 2472 1097 eadem
2514 1041 2889 1113 voluptatum
2924 1046 3136 1113 agente
3157 1043 3215 1097 vi
3252 1042 3508 1114 praediti,
3536 1041 3615 1097 ei-

1959 1125 2099 1182 dem
2112 1128 2405 1200 supplicio
2432 1129 2702 1200 subjecti,
2718 1130 2949 1197 oculos,
2968 1130 3073 1203 qui
3096 1134 3330 1187 Patrem
3345 1130 3611 1197 videant,

1958 1217 2232 1273 nondum
2263 1220 2594 1276 consecuti.

2030 1309 2091 1359 V.
2123 1306 2248 1363 Hoc
2278 1308 2437 1364 enim
2463 1308 2713 1381 quilibet
2742 1314 3125 1382 perspectum
3155 1308 3380 1365 habere
3410 1308 3608 1373 debet,

1955 1410 2087 1451 esse
2112 1396 2319 1452 oculos
2347 1397 2657 1454 interiores
2683 1399 2902 1454 horum
2936 1398 3273 1464 oculorum,
3298 1405 3351 1453 et
3380 1398 3617 1454 interio-

1953 1498 2078 1539 rem
2102 1485 2376 1541 auditum
2406 1487 2587 1558 hujus
2618 1487 2881 1543 auditus.
2912 1489 2977 1544 Et
2998 1486 3518 1560 quemadmodum
3549 1487 3611 1542 hi

1953 1572 2106 1629 oculi
2131 1574 2483 1631 sensibiliter
2503 1575 2885 1647 conspiciunt
2914 1593 2984 1632 ac
3001 1582 3374 1647 cognoscunt
3398 1575 3613 1632 faciem

1952 1662 2127 1717 amici
2158 1669 2260 1719 aut
2302 1664 2496 1720 dilecti
2530 1683 2543 1717 :
2592 1664 2676 1719 sic
2702 1680 2945 1737 quoque
2992 1666 3269 1736 pretiosa)
3303 1681 3374 1721 ac
3414 1664 3613 1720 ﬁdelis

1952 1750 2169 1807 animas
2187 1753 2343 1808 oculi
2372 1753 2753 1823 spiritualiter
2779 1753 3098 1809 illuminati
3126 1754 3333 1809 divino
3355 1753 3602 1819 lumine,

1950 1839 2253 1896 intuentur
2280 1857 2349 1896 ac
2367 1846 2737 1914 cognoscunt
2763 1858 2967 1897 verum
3002 1843 3291 1907 amicum,
3322 1842 3609 1897 suavissi-

1952 1945 2139 1995 mum,
2167 1930 2485 2002 multisque
2502 1930 2646 1986 votis
2668 1930 3071 1987 desideratum
3095 1946 3386 2003 sponsum
3406 1931 3604 1986 Domi-

1950 2034 2117 2084 num,
2150 2025 2203 2074 et
2245 2019 2490 2091 quidem
2520 2019 2859 2075 illuminata
2898 2019 3107 2075 anima
3139 2037 3175 2075 a
3203 2020 3419 2091 Spiritu
3459 2020 3605 2076 ado-

1947 2107 2163 2163 rando.
2192 2109 2333 2173 Qum
2358 2109 2441 2163 sic
2468 2108 2766 2164 intellectu
2788 2109 3167 2180 conspiciens
3198 2108 3603 2165 desideratam

1949 2211 2019 2252 ac
2037 2196 2227 2251 solam
2250 2196 2710 2253 inenarrabilem
2731 2196 3260 2269 pulchritudinem,
3289 2213 3495 2253 amore
3517 2198 3606 2253 di-

1948 2284 2090 2340 vino
2140 2285 2461 2351 sauciatur,
2496 2291 2675 2359 atque
2699 2286 2776 2342 ad
2812 2301 3024 2342 omnes
3070 2286 3316 2342 virtutes
3350 2286 3601 2359 Spiritus

1950 2373 2237 2446 dirigitur,
2289 2379 2467 2446 atque
2521 2374 2672 2430 adeo
2720 2374 3083 2430 immensam
3135 2379 3190 2430 et
3244 2380 3601 2447 perpetuam

1951 2464 2336 2535 consequitur
2362 2463 2766 2530 dilectionem,
2795 2479 2937 2534 erga
2968 2464 3190 2535 sapius
3218 2480 3254 2520 a
3286 2480 3348 2520 se
3373 2464 3603 2520 deside-

1950 2557 2146 2607 ratum
2189 2568 2499 2624 sponsum.
2536 2552 2687 2618 Quid
2727 2553 2902 2623 igitur
2932 2552 3168 2608 beatius
3195 2558 3417 2609 interna
3455 2569 3602 2610 voce

1949 2641 2050 2697 illa
2075 2642 2342 2708 Joannis,
2386 2642 2779 2698 monstrantis
2809 2643 2888 2698 ob
2915 2642 3121 2697 oculos
3156 2642 3496 2713 Dominum,
3530 2658 3601 2699 ac

1951 2730 2200 2786 dicentis
2253 2747 2263 2784 :
2327 2731 2479 2787 Ecce
2528 2746 2722 2802 agnus
2779 2732 2904 2797 Dei,
2962 2733 3071 2804 qui
3126 2733 3284 2789 tollit
3355 2739 3604 2801 peccata

1951 2820 2167 2876 mundi
2179 2822 2222 2856 ⁸1
2256 2819 2285 2875 ‘?

2032 2910 2201 2980 112
2230 2910 2316 2963 VI.
2364 2911 2587 2965 Revera
2622 2910 2782 2965 inter
2819 2915 2992 2965 natos
3034 2910 3351 2966 mulierum
3397 2912 3605 2967 nullus

1952 3000 2150 3067 major
2166 2999 2396 3053 Joanne
2424 2999 2701 3067 Baptista
2714 3000 2783 3052 9³.
2801 2998 3320 3068 Complementum
3333 2999 3492 3053 enim
3518 3005 3608 3055 est

1882 3075 1924 3132 (ἶ
1954 3087 2225 3143 omnium
2249 3085 2698 3156 prophetarum.
2718 3088 3009 3141 Etomnes
3030 3086 3275 3158 quidem
3299 3086 3605 3143 vaticinati

1954 3180 2092 3230 sunt
2129 3174 2203 3229 de
2232 3175 2505 3238 Domino,
2540 3174 2747 3245 procul
2787 3180 3190 3230 monstrantes
3219 3191 3355 3229 cum
3400 3181 3608 3231 ventu-

1954 3280 2109 3319 rum.
2134 3265 2265 3335 Ipse
2291 3279 2428 3317 vero
2450 3264 2522 3317 de
2554 3262 2851 3319 Salvatore
2873 3263 3264 3334 prophetans,
3294 3279 3603 3320 common-

1956 3353 2181 3408 strabat
2209 3357 2345 3407 ante
2376 3351 2650 3407 omnium
2681 3351 2907 3415 oculos,
2945 3352 3213 3407 clamans
3243 3368 3313 3407 ac
3352 3352 3558 3408 dicens
3586 3370 3600 3408 :

1954 3443 2107 3499 Ecce
2131 3458 2323 3512 agnus
2345 3442 2528 3497 Dei”.
2555 3442 2703 3506 Quid
2730 3443 3072 3497 eratsuavis
3093 3457 3163 3497 ac
3185 3442 3469 3513 praeclara
3489 3458 3606 3499 vox

1953 3538 2108 3587 recta
2142 3530 2531 3586 monstrantis
2553 3546 2711 3597 eum,
2739 3546 2921 3603 quem
2953 3530 3372 3601 praedicabat?
3402 3532 3608 3601 Major

1952 3622 2187 3677 Joanne
2203 3621 2362 3676 inter
2372 3635 2466 3676 eos
2480 3619 2583 3692 qui
2593 3625 2928 3676 nascuntur
2939 3635 2970 3676 ε
2992 3620 3347 3676 mulieribus
3361 3620 3602 3691 nullus,-

1952 3711 2057 3783 qui
2079 3717 2277 3767 autem
2305 3710 2500 3765 minor
2538 3714 2621 3765 est
2650 3709 2713 3764 in
2741 3708 2924 3780 regno
2958 3711 3264 3775 caelorum,
3292 3712 3492 3780 major
3520 3716 3606 3766 est

1953 3801 2142 3856 illo“.
2190 3800 2295 3865 Qui
2348 3799 2608 3869 desuper
2650 3815 2723 3853 ex
2752 3799 2870 3853 Deo
2924 3800 3046 3853 nati
3089 3804 3225 3853 sunt
3252 3798 3512 3870 apostoli
3550 3805 3607 3855 et

1952 3888 2248 3958 primitias
2289 3888 2543 3959 Spiritus
2572 3887 2857 3958 paracleti
2890 3893 3250 3958 acceperunt
3284 3906 3296 3942 ε
3330 3887 3389 3942 hi
3430 3887 3609 3960 siqui-

1953 3977 2112 4041 dem,
2144 3982 2205 4031 ut
2246 3992 2366 4031 una
2402 3976 2637 4046 judices
2669 3982 2888 4041 essent,
2922 3991 2993 4030 ac
3043 3976 3103 4029 in
3136 3976 3349 4031 eodem
3391 3976 3607 4033 throno

1955 4065 2250 4129 sederent,
2278 4065 2440 4134 digni
2470 4065 2725 4135 reputati
2756 4070 2895 4118 sunt
2927 4079 2938 4117 :
2974 4063 3036 4119 hi
3062 4064 3470 4135 redemptores
3499 4064 3607 4119 ho-

1955 4154 2188 4208 minum
2212 4153 2347 4208 facti
2365 4158 2525 4207 sunt.
2553 4154 2783 4208 Iuvenis
2806 4168 2908 4208 eos
2927 4152 3260 4208 dividentes
3286 4169 3449 4209 mare
3475 4168 3608 4225 pra-

1956 4257 2167 4299 varum
2184 4247 2567 4313 potestatum,
2593 4247 2771 4312 atque
2789 4242 2860 4296 ed
2870 4248 3107 4298 ucentes
3123 4240 3331 4297 ﬁdeles
3349 4243 3604 4298 animas.

1956 4332 2195 4386 Iuvenis
2225 4346 2325 4386 eos
2345 4330 2612 4395 colonos,
2634 4330 2874 4386 vineam
2897 4330 3111 4387 animae
3132 4331 3489 4387 excolentes.
3519 4332 3609 4387 In-

245 4422 341 4476 τῆς
403 4414 587 4486 ψυχῆς
653 4415 1044 4489 ἓργαζομένους.
1105 4416 1380 4487 Εὑρίσκεις
1439 4416 1627 4478 αὐτοὺς
1680 4437 1844 4491 παρα-

1959 4421 2123 4476 venis
2176 4435 2279 4476 eos
2337 4419 2813 4491 paranymphos,
2868 4420 3306 4491 desponsantes
3370 4420 3608 4477 animas

243 4508 494 4577 νύμφους,
526 4508 878 4577 νυμφεύοντας
899 4504 1089 4577 ψυχὰς
1114 4511 1330 4579 Χριστῷ
1365 4522 1375 4533 ·
1428 4505 1802 4579 Ἠρμοσάμη
1821 4528 1846 4558 ν

242 4596 387 4666 γὰρ,
431 4599 610 4665 φησὶν,
678 4595 835 4667 ὑμᾶς
894 4594 984 4647 ἐνὶ
1050 4590 1261 4668 ἀνδρί.
1327 4596 1602 4669 Εὑρίσκεις
1657 4597 1847 4658 αὐτοὺς

247 4677 490 4742 διδόντας
521 4683 659 4742 ζωὴν
698 4691 805 4745 τοῖς
837 4682 1128 4756 ἀνθρώποις
1163 4698 1175 4711 ⁸
1222 4688 1312 4735 καὶ
1352 4683 1667 4748 ἁπαξαπλῶς
1710 4686 1847 4759 εὑρί-

248 4788 391 4832 σκεις
447 4771 635 4832 αὐτοὺς
676 4773 969 4845 πολυμερῶς
1015 4780 1105 4825 καὶ
1160 4773 1491 4846 πολυτρόπως
1545 4771 1849 4827 διακονοῦν-

248 4877 336 4919 τας
375 4866 446 4928 τῷ
488 4863 767 4932 Πνεύματι.
812 4862 978 4921 Οὗτος
1016 4860 1103 4914 ούν
1143 4865 1284 4915 ἔστιν
1314 4865 1339 4915 6
1378 4866 1561 4939 μικρός
1592 4865 1617 4916 6
1657 4864 1847 4936 μείζων

246 4948 485 5001 Ἰωάννου
512 4955 604 5000 τοῦ
633 4955 954 5005 Βαπτιστοῦ.

316 5035 394 5092 Ζ’.
437 5036 636 5109 Ὠσπερ
686 5040 786 5113 γὰρ
836 5040 861 5091 6
891 5043 1119 5113 γεωργός
1169 5041 1351 5112 ζεῦγος
1401 5040 1534 5115 βοῶν
1582 5046 1843 5115 κατέχων,

245 5126 523 5201 ἐργάζεται
561 5132 654 5186 τὴν
692 5136 788 5199 γῆν
832 5144 843 5157 ·
886 5131 973 5179 τόν
1013 5130 1167 5181 αὐτόν
1205 5136 1394 5204 τρόπον
1451 5137 1541 5184 xui.
1581 5134 1606 5184 6
1646 5132 1844 5207 Κύριος

246 5217 469 5283 Ἰησοῦς,
504 5217 529 5269 6
560 5217 713 5278 καλός
765 5221 853 5270 καὶ
902 5216 1144 5278 ἀληθινὸς
1192 5224 1437 5293 γεωργός,
1475 5218 1572 5273 δύο
1623 5220 1845 5274 ἀποστό-

244 5306 359 5367 λους
411 5306 616 5373 ζεύξας,
669 5306 962 5360 ἀπέστειλεν
1008 5306 1217 5371 αὐτοὺς,
1263 5309 1371 5378 μετ’
1417 5309 1586 5362 αὐτῶν
1634 5310 1846 5383 ἔργαξό-

246 5415 390 5468 μενος
428 5401 521 5454 τὴν
559 5404 655 5469 γῆν
695 5405 795 5449 τῶν
837 5395 1125 5449 ἀκουόντων
1157 5402 1246 5449 καὶ
1285 5397 1333 5448 ἐν
1373 5396 1591 5471 ἀληθείᾳ
1630 5419 1843 5452 πιστευ-

248 5490 423 5539 όντων.
471 5486 610 5546 Πλὴν
649 5490 739 5539 καὶ
780 5494 932 5539 τοῦτο
970 5486 1129 5539 εἰπεῖν
1169 5485 1334 5553 ἄξιον,
1375 5490 1443 5549 ὡς
1481 5488 1574 5541 όύκ
1622 5490 1671 5541 ἓν
1709 5488 1846 5562 λόγῳ

331 5672 376 5708 ⁹¹
402 5672 574 5729 Joan.
610 5689 647 5738 ι,
672 5676 759 5728 29.

838 5675 885 5708 ³³
911 5671 1105 5729 Matth.
1140 5688 1217 5739 ιι,
1254 5672 1339 5728 it.
1417 5673 1463 5707 θ’
1488 5673 1657 5729 Joan.
1692 5689 1732 5739 ι,
1759 5675 1849 5730 ‘29.

1956 4510 2207 4565 Christo.
2247 4508 2541 4578 Despondi
2569 4509 2745 4579 enim,
2778 4510 3096 4580 inquit,vos
3128 4510 3235 4565 um“
3262 4509 3390 4566 viro
3407 4512 3476 4562 ³⁵.
3508 4513 3606 4566 In-

1956 4599 2123 4655 venis
2153 4615 2255 4654 eos
2282 4598 2602 4667 largientes
2634 4598 2815 4654 vitam
2840 4596 3210 4662 hominibus,
3242 4604 3297 4655 et
3337 4614 3608 4655 summa-

1960 4690 2061 4744 tim
2083 4689 2313 4745 invenis
2342 4704 2447 4744 eos
2475 4687 2652 4743 variis
2673 4703 2742 4742 ac
2762 4687 3009 4742 diversis
3041 4686 3235 4743 modis
3262 4687 3608 4743 ministran-

1958 4778 2339 4859 tes'Spiritui.
2382 4778 2481 4833 Hic
2522 4777 2701 4847 igitur
2728 4782 2820 4832 est
2844 4774 2939 4831 ille
2970 4790 3219 4847 parvus,
3265 4777 3369 4848 qui
3409 4777 3607 4848 major

1956 4873 2043 4923 est
2065 4869 2295 4923 Joanne
2333 4865 2623 4937 Baptista.

2029 4958 2139 5011 VII.
2161 4954 2687 5022 Quemadmodum
2708 4954 2868 5011 enim
2896 4954 3162 5024 agricola
3177 4955 3393 5026 jugum
3413 4955 3603 5012 boum

1955 5045 2219 5115 dirigens
2248 5043 2463 5100 excolit
2482 5050 2698 5100 terram
2723 5061 2736 5099 :
2767 5044 2981 5100 eodem
3012 5060 3255 5117 quoque
3284 5044 3466 5100 modo
3499 5047 3609 5102 Do-

1956 5134 2155 5190 minus
2191 5133 2381 5197 Jesus,
2435 5133 2757 5205 praeclarus
2784 5149 2856 5189 ac
2892 5149 3065 5189 verus
3103 5132 3387 5205 agricola,
3427 5134 3606 5190 binos

1955 5223 2262 5295 apostolos
2289 5222 2599 5294 copulans,
2632 5222 2831 5278 emisit
2860 5238 2982 5289 eos,
3016 5238 3155 5278 cum
3187 5222 3300 5279 illis
3325 5223 3606 5279 excoleris

1956 5328 2173 5383 terram
2206 5311 2578 5369 audientium
2607 5327 2677 5367 ac
2718 5327 2852 5367 vere
2884 5310 3274 5368 credentium.
3308 5312 3597 5367 Caeterum

1954 5400 2068 5456 hoc
2109 5415 2353 5471 quoque
2394 5400 2553 5454 dictu
2582 5398 2834 5470 dignum
2861 5404 2970 5469 est,
3013 5415 3136 5456 non
3175 5399 3232 5453 in
3260 5400 3388 5455 solo
3428 5397 3606 5453 verbo

1961 5489 2199 5546 auditus
2212 5503 2466 5559 regnum
2484 5490 2604 5554 Dei,
2621 5494 2676 5545 et
2692 5488 3099 5562 apostolorum
3116 5487 3607 5560 prasdicationem

1925 5676 1974 5711 ⁹⁴
2005 5675 2199 5733 Matth.
2228 5691 2310 5741 x1,
2344 5680 2425 5732 tt.
2502 5676 2551 5711 95
2577 5676 2625 5730 ll
2658 5677 2785 5733 Cor.
2822 5690 2894 5739 τι,
2926 5677 2979 5729 2.
