4130 6286
501 311 608 367 715

1810 293 1871 351 S.
1910 289 2211 350 MACABII
2250 284 2550 343 EGYPTII

3755 282 3876 339 716

502 452 655 502 esse,
688 435 865 492 veluti
892 434 944 491 si
967 433 1103 507 quis
1128 430 1365 489 dicendi
1390 428 1670 485 facultate
1696 424 1939 499 polleat,
1973 424 2154 491 atque

2293 416 2403 484 ιόνῳ
2440 411 2601 472 ἀκοῆς
2640 413 2668 469 ἡ
2717 410 2961 484 βάσιλεία
3002 419 3098 465 τοῦ
3142 419 3299 480 Θεοῦ,
3342 413 3433 465 καὶ
3482 414 3539 464 τὸ
3583 418 3683 463 τῶν
3728 408 3875 462 ἀπο-

506 526 669 599 apud
706 526 855 581 alios
887 528 1149 595 peroret;
1188 521 1291 575 sed
1322 520 1381 574 in
1411 518 1627 573 virtute
1668 520 1846 585 atque
1885 508 2152 567 efﬁcacia

508 616 759 687 Spiritus
799 628 1053 683 regnum
1083 610 1421 667 consistere.
1463 608 1597 661 Haec
1628 605 1786 661 enim
1815 602 2157 669 obtigerunt

507 719 751 776 quoque
791 702 1184 758 lsraelitarum
1216 698 1373 763 ﬁliis,
1417 696 1700 753 continuo
1729 687 2158 748 meditantibus

513 793 867 864 Scripturas,
913 794 1112 861 utpote
1146 788 1249 860 qui
1293 787 1367 842 de
1416 783 1669 840 Domino
1709 779 2158 837 meditationem

511 881 934 952 suscipiebant,
968 880 1167 950 ipsam
1200 892 1337 932 vero
1366 873 1773 931 haereditatem
1802 869 1931 926 aliis
1967 867 2161 922 trade-

508 971 690 1026 bant:
722 970 802 1025 ita
819 968 922 1041 qui
944 982 1252 1023 sermones
1279 965 1526 1037 Spiritus
1550 962 1679 1017 aliis
1696 961 1997 1021 enarrant,
2020 971 2153 1010 cum

510 1058 623 1131 ipsi
650 1058 901 1114 verbum
928 1057 988 1112 in
1001 1056 1214 1111 virtute
1240 1070 1361 1110 non
1380 1051 1749 1125 possideant,
1765 1048 1893 1104 aliis
1918 1044 2161 1101 tradunt

510 1148 937 1220 haerepitatem.
969 1145 1166 1202 Gloria
1195 1143 1367 1208 Patri,
1391 1148 1448 1199 et
1477 1140 1644 1206 Filio,
1670 1144 1728 1196 et
1755 1136 1997 1210 Spiritui
2028 1148 2161 1190 san-

514 1242 608 1294 cto
638 1237 697 1292 in
724 1235 972 1292 saecula.
1004 1239 1212 1291 Amen.

1088 1535 1380 1594 HOMILIA
1423 1535 1597 1590 XXIX.

518 1664 763 1733 Duplici
781 1663 1015 1721 ratione
1025 1662 1515 1731 dispensationem
1542 1660 1753 1730 gratia:
1776 1660 1837 1714 in
1855 1657 2169 1733 genuset;-

589 1729 833 1819 rnanum
865 1739 1093 1819 exercet
1116 1729 1296 1803 Deus,
1325 1729 1565 1803 fructus
1596 1734 1724 1801 ejus
1742 1732 1911 1801 justo
1941 1729 2169 1800 iudicio
2200 1763 2245 1819 Β

593 1811 805 1865 iterum
844 1806 1230 1876 repetiturus.

591 2001 633 2056 Ι.
661 1999 963 2071 Sapientia
1008 1999 1126 2064 Dei,
1161 2015 1299 2055 cum
1343 1999 1419 2054 sit
1456 1998 1690 2055 inﬁnita
1734 2002 1791 2055 et
1840 1998 2173 2068 incompre-

521 2090 852 2156 hensibilis,
902 2088 1489 2161 incomprehensibili
1535 2093 1592 2144 et
1637 2088 2172 2165 impervestigabili

524 2179 708 2236 modo
726 2178 1201 2251 dispensationes
1219 2179 1423 2248 gratiae
1445 2192 1586 2247 erga
1615 2192 1806 2247 genus
1832 2178 2174 2233 humanum

521 2269 681 2326 varie
712 2273 960 2335 exercet,
991 2268 1070 2323 ad
1097 2267 1350 2323 liberam
1390 2267 1621 2323 arbitrii
1641 2266 2014 2323 voluntatem
2045 2282 2178 2338 pro-

523 2357 814 2425 bandam,
839 2362 904 2413 ut
930 2356 1402 2419 manifestentur,
1421 2356 1525 2428 qui
1550 2372 1616 2411 ex
1637 2360 1758 2411 toto
1781 2356 1961 2411 corde
1990 2360 2176 2412 Deum

525 2447 805 2517 diligunt,
849 2451 1028 2519 atque
1059 2460 1239 2501 omne
1272 2444 1606 2516 periculum
1640 2460 1709 2500 ac
1749 2444 2016 2500 laborem
2049 2446 2179 2516 ejus

525 2552 714 2592 causa
767 2536 1081 2591 sustinent.
1125 2536 1285 2601 Quos
1312 2534 1473 2589 enim
1518 2541 1944 2605 prteoccupant
1992 2534 2178 2591 chari-

527 2629 742 2689 smata,
775 2641 844 2681 ac
886 2623 1137 2696 Spiritus
1182 2624 1369 2679 sancti
1408 2622 1590 2688 dona,
1621 2624 1680 2678 hi
1724 2624 2177 2695 quamprimum

528 2718 906 2772 accesserunt
949 2729 1087 2768 cum
1138 2712 1258 2768 ﬁde
1290 2718 1346 2769 et
1373 2712 1794 2785 postulatione,
1836 2713 2066 2786 absque
2098 2713 2177 2769 la-

528 2802 696 2867 bore,
720 2803 936 2858 sudore
963 2808 1018 2858 et
1043 2802 1389 2871 fatigatione
1417 2802 1718 2857 interdum
1736 2803 1795 2857 in
1823 2802 2051 2858 mundo
2081 2802 2180 2857 de-

531 2892 955 2965 gunt.Insuper
967 2892 1213 2962 largitur
1224 2892 1472 2962 gratiam
1487 2890 1646 2947 illam
1666 2894 1818 2948 Deus
1832 2906 1953 2947 non
1968 2891 2175 2961 otiose,

532 2997 657 3038 non
690 2981 931 3045 frustra,
971 2996 1165 3052 neque
1208 2981 1476 3047 fortuito;
1511 2980 1615 3036 sed
1655 2996 1877 3036 arcana
1910 2980 2179 3052 quadam

529 3076 587 3128 et
599 3070 1186 3142 incomprehensibili
1201 3070 1492 3137 sapientia
1505 3070 1581 3126 ad
1597 3069 1979 3141 probandum
1994 3068 2179 3124 inten-

531 3162 757 3217 tionem
788 3176 857 3217 ac
886 3160 1137 3216 liberam
1169 3159 1397 3215 arbitrii
1427 3161 1792 3215 voluntatem
1822 3176 2053 3226 eorum,
2076 3158 2183 3233 qui

533 3251 730 3309 statim
748 3250 1017 3305 divinam
1034 3250 1289 3321 gratiam
1313 3255 1781 3321 consequuntur,
1807 3264 1885 3305 an
1908 3266 2184 3322 percepe-

533 3340 649 3396 rint
678 3338 1059 3403 beneﬁcium,
1088 3337 1273 3393 etsibi
1303 3339 1627 3410 praestitam
1656 3338 2086 3408 benignitatem
2115 3356 2184 3395 ac

536 3427 917 3485 dulcedinem
939 3426 1059 3495 Dei,
1073 3427 1247 3497 juxta
1263 3427 1710 3499 proportionem
1730 3428 1937 3494 gratiae
1955 3428 2184 3500 absque

536 3515 1116 3590 propriislaboribus
1140 3516 1354 3571 oblatae
1373 3532 1386 3581 ;
1406 3531 1526 3587 quo
1553 3516 1937 3585 dignihabiti,
1966 3517 2187 3573 debent

538 3605 827 3669 studium,
858 3620 1121 3669 cursum,
1156 3610 1438 3661 conatum
1470 3620 1540 3659 ac
1569 3604 1827 3675 fructum
1855 3605 2184 3661 dilectionis

539 3710 576 3750 a
603 3693 903 3749 voluntate
934 3698 991 3748 et
1019 3693 1332 3764 proposito
1363 3692 1711 3764 perfectum,
1754 3694 2183 3764 demonstrare,

538 3798 609 3839 ac
630 3782 1079 3838 retributionem
1099 3781 1533 3838 charismatum
1567 3783 1911 3853 rependere,
1942 3783 2055 3838 hoc
2076 3790 2185 3849 est,

541 3887 605 3928 se
636 3875 793 3927 totos
822 3870 1121 3927 dilectioni
1155 3872 1388 3927 Domini
1420 3871 1697 3927 addictos
1728 3872 1966 3938 dedere,
2001 3873 2189 3944 ipsius

550 3963 593 4032 Ι
613 3961 721 4033 l3
742 3960 1109 4017 voluntatem
1134 3960 1324 4017 solam
1356 3975 1660 4031 peragere,
1690 3967 1744 4017 et
1774 3961 1852 4018 ab
1880 3962 2045 4017 omni
2066 3978 2191 4019 car-

541 4051 665 4109 nali
697 4050 1184 4123 concupiscentia
1211 4050 1446 4121 penitus
1472 4050 1767 4106 recedere.

617 4250 681 4305 ll.
716 4248 944 4315 Quibus
977 4262 1137 4312 vero.
1180 4248 1459 4320 quamvis
1494 4248 1843 4304 secesserint
1874 4264 1910 4304 a
1940 4248 2190 4316 mundo,

544 4344 601 4396 et
621 4338 1016 4395 renuntiarint
1035 4338 1171 4393 huic
1189 4337 1409 4393 saeculo
1425 4337 1756 4393 secundum
1779 4338 2191 4408 Evangelium,

547 4433 727 4501 atque
749 4428 987 4484 assidue
1010 4427 1069 4482 in
1094 4427 1539 4484 continuatione
1561 4442 1831 4498 precum,
1851 4428 2087 4498 jejunii,
2111 4428 2195 4481 di-

546 4518 826 4589 ligentias,
868 4517 1359 4589 reliquarumque
1405 4517 1687 4571 virtutum
1732 4517 2193 4588 perseverarint,

546 4624 666 4665 non
695 4608 894 4664 statim
926 4608 1080 4662 Deus
1110 4606 1385 4662 concedit
1407 4606 1689 4676 gratiam,
1717 4607 1985 4679 requiem
2021 4615 2075 4661 et
2099 4623 2201 4662 ex-

547 4699 928 4755 sultationem
962 4696 1223 4767 spiritus,
1250 4695 1702 4768 longanimitate
1726 4710 1866 4765 erga
1896 4711 1998 4751 eos
2030 4713 2195 4762 usus,

544 4789 897 4858 donumque
915 4786 1200 4841 retinens:
1227 4801 1337 4839 nec
1359 4800 1603 4856 quoque
1624 4784 1739 4839 hoc
1762 4785 1972 4849 otiose,
2002 4800 2198 4856 neque

544 4877 980 4947 intempestive,
1002 4890 1199 4947 neque
1226 4874 1471 4930 fortuito
1493 4874 1651 4939 facit,
1678 4874 1782 4929 sed
1808 4879 2031 4930 secreta
2050 4891 2201 4945 qua-

547 4967 692 5023 dam
721 4965 1012 5037 sapientia
1040 4964 1114 5020 ad
1138 4963 1521 5036 probandam
1548 4963 1718 5020 liberi
1744 4964 1970 5019 arbitrii
1998 4963 2202 5019 volun-

554 5061 753 5119 tatem,
786 5059 850 5110 ut
877 5054 1095 5122 videat,
1130 5068 1204 5108 an
1237 5052 1475 5108 ﬁdelem
1508 5068 1578 5109 ac
1610 5069 1883 5109 veracem
1924 5060 2202 5125 reputent

550 5147 759 5210 Deum,
822 5144 923 5217 qui
966 5143 1260 5215 pollicitus
1303 5142 1376 5197 sit
1406 5159 1467 5198 se
1506 5143 1787 5199 daturum
1835 5144 2197 5216 petentibus,

548 5252 620 5293 ac
646 5233 1027 5307 pulsantibus
1049 5236 1393 5304 aperturum
1419 5234 1667 5302 januam
1692 5232 1825 5288 vitm
1850 5251 1861 5288 :
1891 5239 1952 5289 ut
1976 5236 2199 5306 perspi-

550 5326 665 5383 ciat
708 5338 972 5397 quoque,
1006 5337 1083 5378 an
1128 5322 1229 5393 qui
1286 5337 1422 5377 vere
1451 5323 1700 5378 credunt
1728 5322 1911 5379 verbo
1952 5339 2081 5393 suo,
2127 5326 2199 5379 ad

550 5418 734 5474 ﬁnem
766 5429 955 5486 usque
986 5413 1362 5486 permansuri
1387 5413 1501 5467 sint
1524 5412 1585 5468 in
1608 5412 1786 5483 plena
1814 5414 2038 5469 ﬁducia
2062 5412 2203 5469 ﬁdei

551 5524 623 5566 ac
673 5503 1003 5569 industriae,
1054 5501 1423 5574 postulantes
1467 5517 1537 5556 ac
1576 5509 1912 5573 quarentes
1946 5519 1958 5557 :
2000 5518 2203 5559 annon

551 5596 773 5661 afﬂicti,
804 5599 860 5651 et
882 5593 1251 5651 remissiores
1280 5591 1417 5648 facti
1440 5596 1801 5655 avertantur.
1831 5608 1899 5646 ac
1929 5591 2202 5648 difﬁden-

554 5692 642 5745 tes
668 5692 721 5742 et
741 5686 1125 5758 desperantes
1150 5686 1558 5748 contemnant,
1582 5696 1699 5736 non
1716 5680 2104 5750 perdurantes
2122 5682 2197 5737 ad

2270 502 2463 556 στόλων
2507 506 2775 575 κήρυγμα,
2821 505 2884 562 ὡς
2912 504 2972 554 ἄν
3021 522 3102 565 τις
3140 499 3292 564 εἰδὼς
3339 502 3521 574 λόγους
3548 504 3637 553 καὶ
3672 498 3879 571 ἑτέροις

2269 588 2683 663 ἰκδιηγούμενος,
2742 589 2847 642 ἀλλ’
2889 590 2936 642 ἐν
3004 588 3225 663 δυνάμει
3281 595 3367 643 καὶ
3434 590 3660 666 ἐνεργείᾳ
3711 591 3880 641 Πνεύ-

2269 682 2431 754 ματος
2484 682 2513 737 ἡ
2576 678 2823 751 βασιλεία
2874 683 3151 753 τυγχάνει.
3201 688 3377 733 Ταῦτα
3430 682 3529 752 γὰρ
3578 680 3880 731 πεπόνθασι

2270 776 2360 823 καὶ
2398 769 2736 841 Ἰσραηλιτῶν
2774 766 2985 835 παῖδες,
3028 770 3333 842 μελετῶντες
3383 772 3476 832 τὰς
3518 770 3726 841 Γραφάς
3761 766 3876 831 ἀεὶ,

2271 865 2361 913 xui
2421 863 2538 934 περὶ
2588 866 2680 911 τοῦ
2748 864 2943 932 Κυρίου
2995 856 3153 918 δῆθεν
3214 864 3307 917 τήν
3366 859 3577 930 μελέτην
3636 860 3875 930 ἔχοντες,

2272 954 2360 1002 καὶ
2406 952 2498 1006 τὴν
2541 947 2783 1005 ἀλήθειαν
2840 948 3003 1006 αὐτὴν
3060 953 3132 1020 μὴ
3191 945 3482 1020 δεξάμενοι,
3529 946 3723 1021 ἑτέροις
3775 950 3878 1003 τήν

2273 1039 2434 1096 αὐτὴν
2486 1037 2828 1110 κληρονομίαν
2888 1034 3140 1091 ἀπέδοντο
3170 1054 3182 1067 ’
3239 1038 3403 1099 οὓτως
3457 1038 3633 1089 κοιὶοί
3682 1035 3882 1106 λόγους

2271 1136 2362 1180 τοῦ
2396 1130 2689 1199 Πνεύματος
2742 1123 3079 1199 διηγούμενοι
3132 1126 3341 1199 ἑτέροις,
3385 1125 3535 1179 αὐτοὶ
3587 1128 3672 1177 τόν
3719 1123 3881 1195 λόγον

2273 1216 2319 1269 ἐν
2375 1213 2594 1288 δυνάμει
2642 1220 2712 1289 μὴ
2771 1220 3094 1287 κεκτημένοι,
3153 1216 3330 1279 ἄλλοις
3376 1212 3725 1268 ἀποδίδονται
3775 1218 3877 1271 τήν

2272 1306 2635 1380 κληρονομίαν.
2697 1305 2828 1358 Δοεα
2868 1310 3055 1378 Πατρὶ,
3096 1310 3188 1358 καὶ
3226 1309 3353 1377 Υἰῷ,
3403 1310 3492 1358 καὶ
3529 1304 3656 1376 ἁγίῳ
3716 1304 3878 1356 Πνεύ-

2275 1415 2421 1469 ματι,
2457 1395 2528 1457 εἰς
2552 1399 2672 1456 τοὺς
2705 1395 2914 1455 αἰῶνας.
2950 1394 3135 1466 Ἀμήν.

2868 1526 3113 1574 ΟΜΙΛΙΔ
3155 1519 3283 1573 ΚΘ’.

2280 1647 2454 1701 Κατά
2493 1641 2727 1717 δισσόν
2767 1648 2999 1717 τρόπον
3038 1646 3154 1706 τὰς
3184 1644 3572 1717 Δοἰκονομίας
3611 1643 3888 1717 τῆς-’χά-

2350 1737 2529 1792 ριτος
2562 1716 2751 1792 εἰς-τό
2789 1713 2969 1787 γένος
3013 1724 3139 1792 τῆς
3174 1714 3674 1792 ἀνθρωπότητος
3714 1713 3894 1784 ἐξερ-

2350 1786 2679 1874 γάξεταιιό
2712 1786 2889 1874 Θεός,
2932 1787 3170 1874 μέλλων
3209 1786 3321 1872 τῆ,ς
3361 1786 3558 1874 αὐτῇς
3592 1793 3892 1859 καρποῦς

2354 1858 2413 1913 ἐν
2455 1858 2696 1931 δικαίῳ
2732 1858 3007 1932 κρίματι
3046 1860 3235 1912 πάλιν
3276 1858 3663 1916 ἀπαιτῆσαι.

2356 1986 2432 2042 Α“.
2480 1985 2537 2038 Ἠ
2592 1993 2681 2037 τοῦ
2722 1992 2854 2038 Θεοῦ
2909 1989 3066 2057 σοφία
3117 1986 3325 2057 ἄπειρος
3373 1988 3462 2035 καὶ
3516 1982 3891 2044 ἀκατάληπτος

2286 2069 2439 2137 οὖσα,
2498 2070 2872 2130 ἀκαταλήπτως
2898 2075 2987 2121 καὶ
3033 2068 3445 2140 ἀνεξιχνιάστως
3474 2070 3562 2127 τάς
3587 2066 3897 2138 οἰκονομίας

2287 2170 2376 2221 τῆς
2427 2162 2647 2233 χάριτος
2686 2159 2758 2220 εἰς
2800 2162 2857 2211 τό
2906 2164 3046 2230 γένος
3092 2166 3187 2220 τῆς
3244 2156 3641 2231 ἀνθρωπότητος
3679 2155 3893 2227 ἐξεργά-

2290 2249 2435 2310 ζεται
2465 2248 2731 2313 ποικίλως,
2775 2250 2903 2320 πρὸς
2942 2252 3034 2305 τήν
3066 2255 3156 2299 τοῦ
3207 2245 3545 2309 αὑτεξουσίον
3607 2244 3894 2315 θελήματος

2292 2334 2631 2409 δοκιμασίαν,
2673 2340 2806 2389 ὥστε
2846 2338 3201 2409 φανερωθῆναι
3240 2340 3355 2395 τοὺς
3416 2334 3469 2398 ἐξ
3508 2335 3626 2395 ὅλης
3664 2330 3895 2406 καρδίας

2291 2426 2599 2498 ἀγαπῶντας
2648 2426 2822 2489 αὐτόν,
2871 2432 2959 2478 καὶ
3004 2428 3174 2478 πάντα
3211 2421 3451 2477 κίνδυνον
3480 2428 3568 2476 καὶ
3612 2427 3768 2475 πόνον
3801 2420 3898 2475 διὰ

2290 2520 2375 2567 τὸν
2421 2518 2549 2568 Θεὸν
2602 2517 2966 2587 ὑπομένοντας.
3016 2516 3109 2577 Οἷς
3135 2518 3225 2586 μὲν
3271 2516 3373 2587 γὰρ
3406 2522 3783 2587 προαπαντῶσι
3832 2516 3895 2565 τὰ

2289 2610 2626 2680 χαρίσματα,
2678 2609 2764 2657 καὶ
2804 2608 2868 2657 τὰ
2896 2612 2985 2657 τοῦ
3037 2605 3188 2675 ἁγίου
3250 2606 3543 2675 Πνεύματος
3575 2599 3889 2676 δωρήματα,

2290 2694 2441 2755 εὐθὺς
2470 2694 2579 2766 ἅμα
2607 2702 2677 2764 τῷ
2705 2694 3000 2769 προσελθεῖν
3040 2695 3168 2765 μετά
3220 2697 3447 2754 πίστεως
3493 2696 3582 2744 καὶ
3614 2691 3885 2755 αἰτήσεως,

2290 2785 2407 2836 ἄνευ
2452 2785 2696 2856 καμάτων
2745 2787 2832 2834 καὶ
2887 2779 3118 2856 ἱδρώτων
3162 2787 3251 2834 καὶ
3303 2787 3488 2848 πόνων,
3540 2784 3669 2833 ἔστιν
3712 2782 3793 2832 ὅτε
3833 2784 3885 2832 ἐν

2290 2881 2361 2943 τῷ
2390 2878 2571 2943 κόσμῳ
2596 2874 2952 2944 τυγχάνουσιν
2987 2891 2999 2903 ·
3034 2875 3109 2924 ἔτι
3133 2868 3332 2924 δίδωσι
3361 2876 3455 2929 τήν
3490 2876 3637 2943 χάριν
3664 2870 3689 2919 ὁ
3720 2872 3871 2930 Θεὸς,

2290 2961 2385 3013 οὐκ
2416 2960 2608 3034 ἀργῶς,
2652 2957 2775 3013 οὐδὲ
2803 2959 3046 3033 ἀκαίρως,
3097 2956 3220 3012 οὐδὲ
3251 2963 3317 3022 ὡς
3344 2962 3551 3031 ἔτυχεν,
3575 2957 3687 3009 ἀλλά
3714 2960 3874 3028 σοφίᾳ

2292 3056 2394 3104 τινὶ
2448 3050 2653 3126 ἀρρήτῳ
2712 3055 2800 3103 καὶ
2849 3049 3219 3120 ἀκαταλήπτῳ,
3277 3049 3343 3109 εἰς
3396 3052 3454 3101 τὸ
3503 3046 3885 3120 δοκιμασθῆναι

2219 3124 2257 3179 C
2300 3148 2393 3200 τήν
2459 3146 2785 3213 προαίρεσιν,
2847 3145 2936 3191 xui
2997 3143 3056 3191 τό
3131 3138 3464 3202 αὐτεξούσιον
3537 3138 3734 3209 θέλημα
3792 3144 3893 3187 τῶν

2295 3235 2501 3303 ταχέως
2530 3229 2881 3301 ἐπιτυχόντων
2911 3230 3003 3291 τῆς
3037 3230 3176 3289 θείας
3206 3230 3451 3301 χάριτος,
3485 3227 3528 3280 εἰ
3550 3228 3775 3299 ᾔσθοντο
3799 3234 3896 3286 τῆς

2297 3321 2610 3395 εὐεργεσίας,
2654 3323 2743 3371 καὶ
2782 3327 2877 3379 τῆς
2931 3321 3061 3390 πρός
3101 3317 3285 3379 αὐτοὺς
3324 3321 3599 3388 γπομένης
3662 3319 3899 3387 χρηστό-

2296 3429 2451 3471 τητος
2489 3413 2577 3460 καὶ
2618 3407 2937 3479 γλυκύτητος
2976 3413 3067 3458 τοῦ
3109 3413 3263 3470 Θεοῦ,
3305 3407 3442 3457 κατὰ
3481 3403 3769 3475 ἀναλογίαν
3810 3412 3902 3465 τῆς

2296 3501 2414 3551 ἄνευ
2470 3502 2634 3550 πόνων
2686 3493 2833 3548 ἰδίων
2881 3501 3127 3569 χάριτος,
3191 3495 3253 3555 ἧς
3300 3493 3707 3556 καταξιωθέντες
3767 3492 3903 3565 ὀφεί-

2296 3588 2447 3641 λουσι
2481 3582 2739 3651 σπουδήν,
2808 3589 2894 3637 xui
2937 3581 3152 3658 δρόμον,
3220 3588 3308 3636 καὶ
3349 3582 3541 3655 ἀγῶνα,
3576 3588 3667 3635 καὶ
3729 3586 3817 3634 τόν
3851 3581 3902 3633 ἐκ

2300 3677 2587 3748 θελήματος
2647 3680 2739 3727 xui
2790 3678 3143 3746 προαιρέσεως
3195 3671 3400 3745 ἀγάπης
3456 3674 3656 3747 καρπόν
3706 3668 3899 3725 ἐπιδεί-

2301 3765 2513 3829 ξασθαι,
2563 3769 2652 3816 καὶ
2705 3768 2799 3821 τήν
2857 3761 3080 3835 ἀμοιϐήν
3128 3770 3227 3813 τῶν
3278 3764 3628 3836 χαρισμάτων
3675 3759 3893 3813 ἀνταπο-

2302 3852 2503 3920 δοῦναι,
2555 3858 2819 3906 τουτέστιν
2848 3852 2995 3913 ὅλους
3042 3851 3257 3913 ἑαυτοὺς
3298 3847 3533 3911 διδόντες
3562 3846 3815 3911 ἐκδότους
3838 3850 3895 3910 εἰς

2302 3948 2394 4002 τὴν
2424 3950 2514 3995 τοῦ
2561 3946 2755 4015 Κυρίου
2798 3940 3026 4013 ἀγάπην,
3071 3945 3161 3992 καὶ
3215 3942 3272 3992 τό
3304 3939 3462 3991 αὑτοῦ
3508 3938 3709 4006 θελημα
3752 3944 3901 4011 μόνον

2303 4032 2663 4096 ἐπιτελοῦντες,
2714 4036 2804 4083 καὶ
2855 4032 3032 4092 πάσης
3064 4037 3323 4103 σαρκικῆς
3374 4028 3654 4101 ἐπιθυμίας
3710 4028 3907 4089 τελείως

2304 4120 2714 4194 ἀναχωροῦντες.

2376 4246 2455 4301 Β’.
2487 4247 2581 4306 Οἷς
2616 4241 2675 4297 δε
2703 4248 2792 4296 καὶ
2822 4242 3209 4315 ἀναχωρήσασι
3238 4249 3330 4295 τοῦ
3360 4246 3581 4314 κόσμου,
3616 4248 3708 4294 καὶ
3742 4240 3901 4315 ἀρνη-

2306 4342 2543 4407 σαμένοις
2572 4338 2657 4387 τὸν
2711 4334 2873 4386 αἰῶνα
2900 4341 3076 4385 τουτον
3121 4334 3253 4384 κατά
3292 4335 3347 4383 τό
3383 4330 3705 4402 Εὑαγγίλιον,
3743 4336 3828 4382 καὶ
3856 4330 3901 4381 ἐν

2304 4427 2463 4498 πολλῇ
2492 4428 2945 4499 προσκαρτερήσει
2972 4422 3133 4493 εὐχῆς
3166 4426 3258 4473 xui
3303 4425 3569 4486 νηστείας,
3624 4425 3711 4473 xui
3741 4438 3897 4471 σπου-

2309 4514 2403 4576 δῆς
2434 4520 2521 4567 καὶ
2554 4523 2651 4565 τῶν
2681 4513 2870 4573 λοιπῶν
2928 4510 3118 4584 ἀρετῶν
3149 4514 3531 4582 τυγχάνουσιν,
3566 4510 3656 4562 οὐκ
3692 4508 3837 4567 εὐθὺς
3863 4508 3888 4557 ὁ

2307 4610 2430 4666 Θεὸς
2457 4600 2654 4656 δίδωσι
2684 4607 2777 4660 τήν
2806 4603 2967 4673 χάριν
2998 4606 3088 4652 xui
3132 4605 3219 4657 τήν
3251 4598 3569 4665 ἀνάπαυσιν,
3601 4603 3679 4649 xui
3736 4594 3886 4666 ἀγαλ-

2305 4696 2477 4748 λίασιν
2516 4701 2604 4745 τοῦ
2640 4695 2950 4763 Πνιύματος,
2984 4692 3331 4762 μακροθυμῶν
3362 4690 3439 4741 ἐπ’
3472 4689 3650 4750 αὐτοῖς
3687 4692 3774 4738 καὶ
3802 4689 3890 4742 τήν

2310 4783 2507 4856 δωρεὰν
2539 4781 2757 4853 ἐπέχων.
2816 4785 2915 4833 Καὶ
2942 4787 3094 4831 τοῦτο
3125 4778 3218 4830 οὐκ
3260 4778 3452 4853 ἀργῶς,
3503 4775 3628 4830 οὐδε
3658 4777 3899 4850 ἀκαίρως,

2309 4871 2431 4927 οὐδε
2463 4876 2529 4934 ὡς
2584 4874 2786 4942 ἔτυχεν,
2821 4868 2948 4921 ἀλλά
2990 4888 3146 4941 σοφιᾳ
3201 4872 3302 4920 τινὶ
3335 4866 3541 4942 ἀρρήτῳ
3573 4867 3646 4928 εἰς
3681 4864 3902 4938 δοκιμα-

2312 4969 2428 5015 σίαν
2460 4968 2549 5014 τοῦ
2598 4959 2931 5022 αὖτεξουσίου
2982 4957 3283 5029 θελήματος,
3330 4965 3421 5009 τοῦ
3474 4952 3621 5020 ἰδεῖν,
3656 4955 3699 5007 εἰ
3728 4959 3908 5007 πιστὸν

2310 5058 2393 5105 καὶ
2429 5052 2593 5110 ἀληθῆ
2656 5053 2877 5120 ήγηνται
2922 5051 3006 5099 τόν
3034 5050 3163 5100 Θεόν
3194 5050 3280 5098 τόν
3312 5044 3746 5117 ἐπαγγειλάμενον
3804 5052 3910 5106 τοῖς

2312 5141 2521 5192 αἰτοῦσι
2576 5136 2807 5201 διδόναι,
2847 5141 2933 5189 xui
2989 5144 3098 5198 τοῖς
3135 5140 3415 5210 κρούουσιν
3471 5133 3693 5205 ἀνοίγειν
3753 5136 3909 5207 θύραν

2314 5230 2473 5295 ζωῆς,
2529 5237 2618 5281 τοῦ
2676 5225 2803 5281 ἰδεῖν
2875 5231 2964 5279 καὶ
3016 5230 3399 5286 πιστεύσαντας
3455 5223 3506 5287 ἐξ
3558 5223 3800 5283 ἀληθείας
3842 5231 3910 5293 τῷ

2313 5320 2449 5391 λόγῳ
2489 5318 2671 5386 αὐτοῦ,
2732 5317 2773 5370 εἰ
2803 5320 2894 5378 ἕως
2952 5315 3124 5376 τέλους
3178 5318 3566 5389 παραμένουσιν
3615 5312 3664 5365 ἐν
3715 5312 3912 5385 πληρο-

2318 5415 2470 5483 φορίᾳ
2499 5413 2723 5470 πίστεως
2752 5412 2839 5459 καὶ
2882 5403 3139 5470 σπουδῆς,
3191 5404 3450 5464 αἰτοῦντες
3481 5408 3571 5457 καὶ
3611 5403 3905 5465 ζητοῦντες,

2316 5500 2358 5551 εἰ
2413 5504 2484 5571 μὴ
2540 5502 2983 5570 περικακήσαντες
3033 5500 3123 5547 καὶ
3178 5492 3566 5553 ὑποστείλαντες
3647 5490 3908 5566 ἀποστρα·

2316 5598 2469 5662 φῶσι,
2514 5592 2599 5640 xui
2664 5589 3043 5645 ἀπιστήσαντες
3095 5589 3183 5637 xui
3233 5582 3601 5644 ἀπελπίσαντες
3656 5581 3906 5653 ὀλιγωρή-

2317 5699 2471 5746 σωσι,
2522 5683 2593 5751 μὴ
2638 5679 2707 5740 εἰς
2758 5676 2897 5738 τέλος
2942 5677 3301 5747 ὑπομείναντες
3350 5668 3443 5726 διὰ
3481 5675 3573 5730 τήν
3604 5670 3904 5746 παραϐολήν
