4130 6286
316 318 420 371 717

314 450 405 494 τοῦ
434 446 652 515 χρόνου,
711 446 801 495 καὶ
853 444 912 495 τὸ
953 437 1244 514 δοκιμάσαι
1303 443 1362 491 τὸ
1417 436 1613 511 θέλημα
1668 440 1758 488 καὶ
1814 438 1908 492 τὴν

312 551 638 606 προαιρεσιν.

385 656 450 711 Γ“.
479 656 536 708 Ὀ
592 658 690 732 γὰρ
734 660 805 729 μὴ
856 659 1044 729 τάχιον
1090 653 1382 727 λαμϐάνων,
1441 650 1533 707 διά
1582 659 1677 714 τῆς
1723 647 1908 702 ἀναϐο-

308 744 403 807 λῆς
449 750 540 798 καὶ
576 748 943 818 μακροθυμίας
992 752 1083 797 τοῦ
1130 752 1264 798 Θεοῦ
1303 743 1451 796 πλέον
1498 741 1777 804 ἐκκαίεται,
1818 742 1908 790 καὶ

302 834 452 887 πλέον
504 834 737 910 ὀρέγετάι
818 843 917 887 τῶν
974 834 1225 909 οὐρανίων
1277 832 1506 905 ἀγαθῶν,
1557 836 1645 883 καὶ
1697 830 1908 883 πλείονα

304 926 463 976 πόθον
492 929 582 977 καὶ
614 921 874 988 σπουδὴν,
905 929 995 977 καὶ
1024 921 1217 997 δρόμον
1250 928 1338 975 καὶ
1378 921 1569 993 ἀγῶνα,
1611 925 1701 972 καὶ
1730 925 1907 971 πᾶσαν

307 1011 490 1087 ἀρετῆς
542 1015 888 1079 κατάστασιν,
947 1018 1035 1065 καὶ
1085 1020 1283 1078 πεῖναν,
1342 1016 1431 1064 καὶ
1490 1006 1674 1081 δίψαν,
1734 1009 1802 1061 εἰς
1846 1011 1903 1059 τὸ

308 1102 503 1174 ἀγαθὸν
564 1104 824 1177 ὁσημέραι
874 1104 1220 1175 προστίθησι,
1279 1106 1350 1174 μὴ
1411 1102 1762 1171 χαυνούμενος
1802 1099 1900 1149 ύπὸ

304 1199 402 1242 τῶν
452 1199 544 1252 τῆς
600 1196 789 1253 κακίας
839 1191 1102 1264 λογισμῶν
1159 1200 1257 1243 τῶν
1308 1195 1559 1242 συνόντων
1602 1195 1663 1261 τῇ
1720 1186 1899 1257 ψυχῇ,

305 1284 395 1331 καὶ
448 1280 514 1341 εἰς
567 1280 865 1355 ὀλιγωρίαν,
930 1284 1017 1333 καὶ
1062 1280 1507 1351 ἀνυπομονησίαν,
1562 1283 1651 1329 καὶ
1682 1274 1904 1328 ἀπελπι-

310 1371 440 1441 σμὸν
490 1367 872 1442 ἐκτρεπόμενος,
933 1370 961 1427 ἢ
1028 1368 1179 1421 πάλιν
1225 1370 1483 1440 προφάσει
1535 1368 1903 1439 μακροθυμίας

306 1456 373 1517 εἰς
392 1460 662 1528 χαύνωσιν
709 1457 886 1509 ἑαυτὸν
918 1454 1179 1530 ἐπιδῶση,
1231 1457 1468 1529 λογισμῷ
1512 1458 1726 1526 τοιούτῳ
1757 1458 1899 1526 χρώ·

305 1564 474 1616 μενος,
503 1548 566 1606 ὡς
596 1548 677 1598 ὅτι
717 1545 858 1599 Ὀτε
912 1543 1158 1605 δήποτε
1206 1546 1504 1619 λαμϐάνω
1561 1550 1664 1602 τὴν
1705 1546 1900 1616 χάριν

303 1640 412 1685 τοῦ
441 1642 599 1687 Θεοῦ
624 1652 636 1701 ;
668 1634 939 1689 κάντεῦθεν
965 1636 1038 1698 εἰς
1058 1636 1292 1708 ἀμέλειαν
1325 1637 1423 1689 ύπό
1446 1644 1540 1696 τῆς
1564 1639 1749 1695 κακίας
1772 1634 1902 1684 ύπο-

302 1721 655 1794 κλεπτόμενος.
718 1724 851 1775 Ἀλλ’
897 1725 970 1796 ἐφ’
1020 1726 1139 1777 ὅσον
1180 1729 1336 1785 αύτὸς
1383 1726 1408 1776 6
1460 1727 1650 1798 Κύριος
1690 1719 1782 1774 διὰ
1810 1729 1900 1781 τῆς

300 1810 558 1873 ἀναϐολῆς
633 1815 959 1887 μακροθυμεῖ
1024 1812 1100 1865 ἐπ’
1177 1814 1337 1884 αὐτῷ,
1428 1810 1729 1885 δοκιμάζων
1804 1816 1898 1870 τὴν

301 1904 476 1951 πίστιν
532 1904 621 1952 καὶ
664 1905 759 1959 τὴν
821 1900 1029 1972 ἀγάπην
1080 1911 1170 1954 τοῦ
1213 1903 1497 1974 θελήματος
1530 1903 1711 1966 αὐτοῦ,
1747 1902 1899 1962 αὐτὸς

296 1986 568 2061 ὀξυτέρως,
626 1995 715 2041 καὶ
745 1992 1141 2063 ἑκπονεστέρως,
1211 1997 1300 2044 καὶ
1360 1988 1626 2056 ἀνενδεῶς,
1660 1996 1747 2043 καὶ
1777 1989 1896 2041 ἀπε-

293 2082 584 2151 ρικακήτως
658 2078 844 2150 ὀφείλει
905 2083 1077 2141 ζητεῖν
1146 2085 1239 2139 τὴν
1308 2077 1505 2153 δωρεὰν
1576 2087 1666 2132 τοῦ
1737 2087 1892 2143 Θεοῦ,

293 2166 435 2230 ἅπαξ
496 2173 853 2229 πεπιστευκὼς
934 2173 1023 2222 καὶ
1101 2169 1506 2245 πληροφορὴσας
1558 2169 1759 2235 ἑαυτὸν,
1815 2171 1894 2221 ὅτι

294 2259 422 2318 Θεὸς
474 2254 713 2328 ἀψευδὴς
787 2262 874 2310 καὶ
930 2257 1170 2321 ἀληθινός
1236 2259 1397 2325 ἐστιν,
1466 2259 1893 2331 ἐπαγγειλάμενος

293 2340 504 2397 διδόναι
534 2353 641 2406 τοῖς
697 2349 830 2419 μετὰ
882 2352 1104 2408 πίστεως
1168 2348 1377 2401 αἰτοῦσι
1425 2353 1518 2407 τὴν
1548 2350 1709 2422 χάριν
1735 2352 1891 2400 αὐτοῦ

289 2432 383 2494 ἕως
420 2433 615 2501 τέλους,
644 2433 693 2486 ἐν
723 2436 868 2507 πάσῃ
902 2437 1157 2509 ὑπομονῇ.

362 2558 433 2613 Δ’.
467 2567 589 2621 Ταῖς
641 2563 742 2636 γὰρ
795 2570 1008 2626 πισταῖς
1053 2564 1259 2635 ψυχαῖς
1310 2568 1500 2627 πιστὸς
1552 2570 1642 2618 καὶ
1693 2564 1891 2629 ἀληθὴς

288 2651 495 2720 ἡγεῖται
527 2651 554 2701 6
576 2653 725 2713 Θεὸς,
759 2655 848 2703 καὶ
898 2651 1225 2726 ἐσφράγισαν
1274 2655 1354 2706 ὅτι
1403 2652 1595 2714 ἀληθής
1634 2653 1765 2721 ἐστι,
1799 2676 1888 2709 κα-

287 2740 353 2790 τὰ
389 2741 477 2791 τὸν
508 2737 674 2797 ἀληθῆ
708 2738 877 2811 λόγον.
939 2741 1263 2804 Ἀκολούθως
1300 2743 1387 2795 οὖν
1434 2751 1495 2815 τῇ
1542 2750 1885 2819 προειρημένῃ

285 2836 382 2887 τῆς
437 2833 657 2889 πίστεως
722 2832 886 2903 ἐννοίᾳ
950 2830 1316 2905 ἀνακρίνουσιν
1396 2834 1597 2901 έαυτάς,
1653 2834 1701 2887 ἐν
1749 2840 1887 2889 τίσιν

286 2918 569 2991 ύστεροῦσι
617 2922 674 2971 τὸ
728 2920 848 2972 ὅσον
890 2920 940 2983 ἐξ
1002 2922 1192 2986 αὐτῶν,
1254 2924 1284 2982 ἢ
1344 2928 1499 2994 πόνῳ,
1557 2928 1588 2983 ἦ
1631 2923 1812 2997 ἀγῶνι,
1853 2928 1883 2985 ἣ

289 3002 525 3077 σπουδῇ,
582 3011 612 3065 ἤ
655 3012 851 3074 πίστει,
901 3012 931 3067 ἦ
984 3008 1185 3083 ἀγάπῃ,
1218 3012 1247 3071 ᾖ
1289 3020 1350 3083 τῇ
1383 3012 1535 3085 λοιπῇ
1569 3022 1668 3064 τῶν
1696 3013 1887 3088 ἀρετῶν

286 3098 610 3148 καταστάσει
643 3113 655 3125 ·
697 3102 786 3149 καὶ
826 3095 1199 3172 ἀνακρίνουσαι
1255 3099 1302 3151 ἐν
1350 3103 1493 3174 πάσῃ
1546 3100 1784 3176 ἀκριϐείᾳ
1811 3103 1886 3155 λε-

284 3187 563 3245 πτότητος,
594 3181 887 3255 βιάζονται,
930 3188 1027 3244 ὅση
1070 3184 1310 3259 δύναμις,
1362 3195 1452 3242 καὶ
1511 3192 1780 3261 ἄγχουσιν
1820 3194 1886 3254 εὶς

285 3273 378 3327 τὴν
411 3270 755 3342 εὐαρέστησιν
785 3280 875 3324 τοῦ
925 3280 1140 3347 Κυρίου,
1190 3276 1332 3339 οἷπαξ
1379 3282 1756 3345 πιστεύσασαι,
1806 3283 1885 3333 ὅτι

283 3359 310 3410 6
362 3362 488 3420 Θεὸς
544 3358 743 3422 ἀληθὴς
788 3362 855 3413 ὢν
902 3362 961 3415 οὐ
1020 3370 1264 3438 στερήσει
1316 3375 1411 3429 τῆς
1449 3376 1541 3420 τοῦ
1592 3373 1883 3433 [ινεύματος

286 3443 486 3521 δωρεᾶς
532 3448 713 3516 αὐτὰς,
774 3450 817 3503 εἰ
869 3457 1257 3525 παραμείνωσιν
1295 3455 1386 3517 ἕως
1435 3456 1607 3518 τέλους
1656 3459 1726 3519 εἰς
1791 3465 1881 3517 τὴν

283 3539 413 3610 πρὸς
468 3537 625 3590 αὐτὸν
655 3535 749 3591 διὰ
804 3543 975 3601 πάσης
1015 3539 1253 3604 σπουδῆς
1282 3543 1515 3617 λατρείαν
1546 3553 1635 3601 καί
1688 3547 1881 3621 ἀναμο-

280 3630 385 3695 νὴν,
450 3625 579 3678 ἀλλὰ
656 3629 1144 3692 καταξιωθήσονται
1195 3642 1290 3695 τῆς
1342 3635 1579 3708 οὐρανίου
1635 3640 1878 3710 χάριτος,

278 3717 348 3776 ὡς
388 3718 463 3767 ἔτι
494 3715 542 3767 ἐν
584 3723 742 3791 σαρκὶ
790 3723 1179 3791 τυγχάνουσαι,
1235 3729 1324 3776 καὶ
1366 3734 1461 3787 τῆς
1500 3726 1708 3780 αἰωνίου
1741 3728 1878 3789 ζωῆς

277 3804 562 3867 τεύξονται.

354 3997 424 4052 Ε’.
484 4003 583 4052 Καὶ
641 4002 804 4062 οὕτως
851 4011 1084 4055 κινοῦσιν
1152 4005 1271 4063 ὅλην
1322 4012 1410 4066 τὴν
1458 4009 1665 4081 ἀγάπην
1708 4013 1877 4065 αὐτῶν

283 4088 412 4157 πρὸς
467 4090 553 4139 τὸν
626 4092 833 4162 Κύριον,
912 4094 1266 4167 ἀρνησάμεναι
1330 4100 1517 4165 πάντα,
1578 4106 1665 4153 καὶ
1721 4102 1875 4154 αὐτὸν

278 4178 432 4245 μόνον
481 4178 529 4227 ἐν
577 4177 735 4250 πολλῇ
795 4181 1065 4253 ἐπιθυμίᾳ,
1126 4188 1214 4234 καὶ
1240 4188 1386 4258 πείνῃ
1428 4192 1517 4239 καὶ
1543 4184 1689 4260 δίψει
1714 4211 1873 4265 προσ·

285 4258 542 4329 δοκῶσαι,
599 4271 687 4318 καὶ
739 4271 833 4325 τὴν
906 4267 1198 4322 ἀνάπαυσιν
1255 4278 1343 4325 καὶ
1392 4276 1716 4350 παράκλησιν
1782 4288 1874 4342 τῆς

279 4353 501 4427 χάριτος
564 4351 909 4429 ἐκδεχόμεναι
956 4361 1173 4411 πάντοτε
1219 4368 1307 4413 καὶ
1338 4361 1421 4414 ἐπὶ
1460 4361 1648 4435 μηδενὶ
1691 4370 1873 4420 τούτου

278 4448 368 4493 τοῦ
416 4448 619 4515 κόσμου
669 4446 1142 4519 παρακαλούμεναι,
1197 4455 1283 4501 καὶ
1337 4450 1738 4525 ἀναπαυόμεναι,
1786 4463 1874 4509 καὶ

280 4526 630 4604 δεσμούμεναι
706 4534 956 4598 ἑκουσίως
989 4554 1001 4566 ·
1059 4536 1185 4590 ἀλλὰ
1241 4542 1456 4594 πάντοτε
1510 4551 1615 4604 τοῖς
1680 4545 1875 4607 ύλικοῖς

275 4616 549 4691 λογισμοῖς
597 4620 981 4696 ἀντιλέγουσαι,
1024 4632 1118 4686 τὴν
1172 4637 1262 4681 τοῦ
1308 4638 1440 4683 Θεοῦ
1480 4630 1729 4705 βοήθειαν
1785 4642 1873 4689 καὶ

278 4703 549 4778 ἀντίληψιν
605 4716 758 4781 μόνον
811 4711 1202 4787 προσδοκῶσιν,
1272 4720 1423 4773 ὁπότε
1475 4729 1589 4783 ταῖς
1627 4728 1873 4783 τοίαύτην

280 4792 518 4853 σπουδὴν
548 4804 636 4850 καὶ
688 4807 989 4876 προαίρεσιν
1019 4811 1107 4858 καὶ
1156 4809 1417 4881 ὑπομονὴν
1459 4809 1872 4886 ἀναδεχομέναις

278 4881 486 4971 ψυχαῖς
542 4886 695 4947 αὐτὸς
746 4890 771 4939 6
820 4894 1009 4963 Κύριος
1052 4891 1157 4953 ἠδη
1214 4908 1450 4971 κρυπτῶς
1510 4881 1739 4969 σύνεστι,
1781 4911 1869 4958 καὶ

277 4970 482 5045 βοηθεῖ,
538 4978 626 5025 καὶ
693 4972 1044 5048 διαφυλάττει,
1101 4990 1190 5036 καὶ
1244 4970 1589 5061 ύποστηρίζει
1651 4994 1867 5046 ἕκαστον

272 5069 367 5121 τῆς
395 5058 581 5135 ἀρετῆς
618 5071 816 5154 καρπόν
843 5085 855 5097 ⁸
910 5070 1004 5119 κᾶν
1059 5069 1106 5121 ἐν
1152 5078 1288 5144 πόνῳ
1327 5082 1415 5128 καὶ
1452 5058 1627 5149 ’θλίψει
1657 5085 1868 5154 τυγχά-

268 5170 417 5216 νωσι,
496 5154 591 5204 κάν
644 5152 692 5205 έν
746 5156 1021 5226 ἐπιγνώσει
1098 5158 1360 5227 ἀληθείας,
1439 5173 1527 5220 καὶ
1586 5178 1866 5244 φανερώσει

269 5239 471 5311 ψυχῆς,
506 5238 716 5295 οὐδέπω
773 5246 1080 5317 ἐκομίσαντο
1120 5254 1212 5306 τὴν
1232 5254 1395 5325 χάριν
1429 5263 1519 5307 τοῦ
1549 5238 1862 5331 Πνεύματος,

269 5334 357 5380 καὶ
418 5335 510 5389 τὴν
559 5332 855 5386 ἀνάπαυσιν
921 5344 1016 5397 τῆς
1064 5338 1371 5413 ἐπουρανίου
1414 5339 1632 5415 δωρεᾶς,
1674 5354 1763 5400 καὶ
1816 5348 1864 5400 ἐν

268 5416 592 5492 πληροφορίᾳ
643 5422 737 5473 οὐκ
772 5424 997 5496 ᾔσθοντο
1038 5430 1227 5488 ταύτης
1290 5428 1382 5481 διά
1433 5438 1524 5491 τὴν
1586 5444 1675 5487 τοῦ
1727 5445 1859 5490 Θεοῦ

268 5505 489 5580 ἄρρητον
512 5514 718 5581 σοφίαν,
778 5521 868 5566 καὶ
918 5517 983 5567 τὰ
1014 5512 1371 5589 ὼεκδιήγητα
1408 5526 1657 5594 κρίματα,
1711 5523 1860 5578 δοκι-

343 5661 391 5695 ⁹⁶
421 5661 596 5718 Joan.
632 5679 718 5731 ιιι,
748 5668 833 5722 33.

1588 308 1928 366 HOMILl/E.

1972 339 2036 348 —
2082 309 2250 366 HOM.
2295 312 2490 366 XXIX.
3561 306 3667 361 718

1942 433 1986 489 Α
2020 434 2204 491 ﬁnem
2237 452 2428 509 usque
2469 441 2710 509 propter
2739 434 3207 507 interjectionem
3255 432 3559 504 temporis,
3593 446 3667 488 ac

2024 523 2443 595 probationem
2467 526 2785 581 voluntatis
2817 531 2873 581 et
2890 524 3198 596 propositi.

2090 650 2179 705 III.
2217 650 2322 715 Qui
2381 651 2541 706 enim
2589 666 2711 705 non
2760 650 3071 705 confestim
3130 648 3359 721 accipit,
3420 652 3667 721 propter

2017 737 2362 795 dilationem
2397 756 2466 795 ac
2504 740 3017 811 longanimitatem
3078 739 3200 808 Dei,
3232 738 3535 794 ardentius
3564 752 3665 793 ac-

2016 829 2309 893 cenditur,
2370 830 2901 901 vehementiusque
2931 831 3153 900 appetit
3184 828 3448 884 cmlestia
3478 828 3662 890 bona,

2018 922 2195 989 atque
2227 920 2421 989 majus
2451 919 2834 984 desiderium,
2863 918 3149 983 studium,
3183 933 3447 981 cursum,
3481 922 3664 971 certa-

2015 1023 2171 1070 men,
2208 1024 2448 1063 omnem
2476 1008 2704 1063 virtutis
2744 1013 2985 1075 statum,
3037 1006 3293 1062 esuriem
3322 1011 3377 1061 et
3407 1006 3562 1061 sitim
3585 1006 3661 1061 ad

2011 1095 2238 1151 bonum
2265 1098 2525 1169 quotidie
2548 1096 2819 1168 apponit,
2873 1112 2995 1152 non
3031 1097 3221 1152 factus
3261 1095 3572 1150 remissior
3627 1110 3663 1151 a

2011 1184 2239 1241 malitia
2256 1187 2570 1256 cogitation
2582 1203 2681 1241 um
2696 1185 3357 1254 animmjnhmrentium,
3376 1191 3434 1239 et
3451 1185 3510 1238 in
3524 1200 3665 1239 con-

2012 1277 2325 1343 temptum,
2348 1274 2782 1345 impatientiam
2811 1289 2880 1328 ac
2897 1273 3381 1344 desperationem
3409 1288 3660 1328 conver-

2012 1378 2115 1415 sus
2148 1360 3340 1433 :autcontra,prmtextulonganimitatis,
3368 1361 3657 1417 socordim

2012 1465 2076 1504 se
2092 1450 2287 1521 ipsum
2300 1452 2606 1518 dedat,hac
2620 1452 2975 1524 cogitatione
2989 1467 3395 1521 usus,nempe,
3412 1450 3661 1516 Quando

2011 1554 2340 1611 consequar
2350 1542 2613 1612 gratiam
2631 1542 2778 1598 Dei?
2792 1542 2930 1596 inde
2953 1540 3027 1597 ad
3047 1539 3471 1612 negligentiam
3485 1556 3520 1595 a
3533 1555 3664 1593 ma-

2010 1625 2130 1682 litia
2160 1630 2497 1702 subreptus.
2558 1637 2627 1685 At
2666 1646 2803 1685 vero
2851 1635 3080 1702 quanto
3140 1629 3332 1699 magis
3376 1628 3662 1683 Dominus

2010 1716 2136 1786 ipse
2162 1717 2493 1775 differendo
2524 1719 2925 1789 longaninum
2956 1734 3017 1773 se
3045 1724 3284 1789 prmstat
3328 1733 3473 1787 erga
3493 1733 3655 1779 eum.

1936 1790 1978 1846 Β
2012 1806 2364 1862 examinans
2394 1807 2577 1863 ﬁdem
2604 1825 2673 1863 ac
2704 1808 3079 1863 dilectionem
3134 1806 3455 1862 voluntatis
3486 1806 3655 1877 ejus;

2011 1898 2176 1951 tanto
2205 1897 2417 1962 acrius,
2454 1902 2619 1953 tanto
2657 1897 3017 1965 diligentius,
3070 1896 3365 1952 irremisse
3397 1911 3467 1951 ac
3498 1895 3660 1950 inde-

2008 1984 2386 2057 fatigabiliter
2410 1987 2711 2057 inquirere
2728 1986 2902 2042 debet
2926 1986 3152 2041 donum
3181 1987 3300 2049 Dei,
3328 1984 3511 2040 semel
3541 1999 3662 2040 cre-

2007 2074 2176 2140 dens,
2220 2092 2287 2131 ac
2308 2082 2467 2132 certa
2492 2077 2713 2132 ﬁducia
2739 2076 2849 2131 sibi
2871 2076 3244 2148 persuadens
3282 2075 3474 2132 Deum
3500 2090 3661 2129 men-

2006 2162 2160 2219 dacii
2192 2173 2493 2237 expertem
2522 2182 2592 2222 ac
2621 2182 2895 2223 veracem
2940 2181 3094 2230 esse,
3144 2166 3248 2236 qui
3300 2164 3571 2237 promisit
3597 2179 3659 2218 se

2005 2253 2282 2310 daturam
2319 2256 2571 2327 gratiam
2630 2271 2803 2311 suam
2850 2256 2908 2309 in
2966 2254 3085 2309 ﬁde
3118 2270 3253 2309 eam
3294 2252 3655 2325 petentibus,

2006 2358 2196 2416 usque
2236 2343 2315 2399 ad
2353 2344 2534 2400 ﬁdem
2554 2361 2691 2400 cum
2714 2345 2882 2401 omni
2913 2343 3221 2416 patientia.

2076 2559 2163 2613 IV.
2198 2558 2425 2615 Fideles
2444 2559 2604 2615 enim
2624 2560 2839 2615 animm
2870 2558 3108 2614 ﬁdelem
3128 2574 3197 2615 ac
3219 2573 3493 2613 veracem
3534 2556 3655 2613 exi-

2003 2647 2248 2704 stimant
2273 2650 2481 2716 Deum,
2502 2654 2557 2706 et
2582 2649 3055 2720 obsignaverunt,
3099 2648 3258 2719 quod
3285 2663 3464 2704 verax
3477 2646 3547 2702 sit
3581 2648 3651 2715 9°,

2003 2743 2254 2792 utverus
2287 2753 2484 2793 sermo
2508 2738 2802 2809 perhibet.
2836 2736 3466 2809 Consequenterigitur
3478 2736 3653 2807 juxta

2003 2826 2346 2897 prmdictam
2378 2827 2515 2882 ﬁdei
2545 2828 2818 2883 notitiam
2844 2826 3175 2897 dijudicant
3206 2841 3268 2881 se
3299 2826 3483 2897 ipsas,
3508 2841 3652 2896 qua-

1998 2930 2130 2969 rum
2162 2931 2361 2970 rerum
2394 2915 2661 2986 inopiam
2692 2916 3013 2987 patiantur,
3048 2921 3346 2987 quantum
3374 2918 3648 2985 possunt,

1999 3003 2119 3058 sive
2151 3003 2376 3068 labore,
2414 3004 2537 3059 sive
2567 3004 2909 3069 certamine,
2944 3005 3066 3058 sive
3098 3003 3315 3073 studio,
3361 3004 3485 3059 sive
3511 3003 3651 3058 ﬁdei

2000 3092 2120 3147 sive
2153 3093 2487 3157 dilectione,
2534 3094 2654 3147 sive
2694 3092 2921 3164 reliqua
2943 3092 3226 3148 virtutum
3266 3093 3391 3148 acie
3419 3111 3433 3144 :
3458 3098 3514 3148 et
3544 3093 3647 3158 ub,

1999 3199 2062 3238 se
2094 3182 2490 3237 examinarint
2518 3182 2767 3237 omnino
2782 3186 3055 3237 accurate
3082 3187 3139 3238 et
3163 3181 3469 3249 subtiliter,
3490 3198 3648 3239 com-

1996 3271 2243 3344 pellunt,
2264 3286 2371 3341 pro
2391 3269 2635 3335 viribus,
2664 3276 2841 3342 atque
2867 3270 3118 3341 adigunt
3142 3286 3204 3325 se
3228 3269 3391 3341 ipsas
3404 3271 3479 3326 ad
3494 3270 3647 3327 bene

1996 3360 2355 3433 placendum
2393 3360 2642 3416 Domino
2672 3378 2688 3430 ;
2735 3360 2963 3431 quippe
2992 3375 3128 3431 qum
3171 3359 3353 3415 semel
3387 3360 3646 3416 credide-

1994 3456 2132 3505 runt
2162 3450 2369 3514 Deum,
2401 3451 2506 3521 qui
2556 3465 2736 3505 verax
2796 3453 2901 3513 est,
2960 3464 3084 3503 non
3118 3449 3487 3520 privatarum
3545 3464 3646 3505 eas

1980 3538 2154 3594 .dono
2175 3539 2447 3610 Spiritus,
2474 3539 2533 3593 in
2573 3536 3011 3609 permanserint
3034 3554 3225 3609 usque
3262 3536 3338 3592 ad
3376 3536 3553 3593 ﬁnem
3582 3538 3644 3593 in

1993 3627 2153 3682 cultu
2167 3628 2797 3700 atqueexspectatione
2822 3643 2959 3681 cum
2983 3627 3144 3682 omni
3176 3627 3501 3698 diligentia,
3537 3628 3644 3683 sed

1991 3716 2204 3788 dignas
2242 3732 2305 3771 se
2351 3722 2690 3788 reputatum
2725 3716 2793 3771 iri
2820 3716 3036 3772 cmlesti
3085 3718 3297 3786 gratia,
3335 3721 3395 3771 ut
3442 3716 3641 3771 adhuc

1989 3805 2050 3861 in
2077 3822 2255 3861 carne
2276 3807 2615 3872 existentes,
2644 3811 2822 3878 atque
2852 3806 3035 3861 vitam
3088 3816 3371 3861 mternam
3428 3821 3641 3861 conse-

1990 3901 2252 3951 cuturas.

2058 4022 2120 4076 V.
2151 4026 2337 4091 Atque
2354 4020 2469 4075 hoc
2492 4024 2665 4091 pacto
2693 4024 2857 4075 mota
2877 4019 3043 4075 omni
3087 4018 3401 4074 dilectione
3420 4035 3530 4075 sua
3560 4018 3638 4075 ad

1989 4108 2331 4178 Dominum,
2382 4109 2829 4180 repudiatisque
2882 4107 3186 4174 omnibus,
3242 4123 3380 4162 eum
3444 4106 3639 4163 solum

1989 4213 2233 4252 summo
2264 4197 2578 4266 desiderio,
2613 4198 2807 4252 esurie
2837 4203 2895 4252 et
2922 4197 3016 4251 siti
3047 4203 3430 4268 exspectant;
3460 4202 3516 4251 et
3547 4212 3640 4252 re-

1987 4286 2348 4340 creationem
2373 4292 2428 4341 et
2449 4286 2915 4342 consolationem
2940 4288 3144 4359 gratim
3173 4292 3458 4358 perpetuo
3489 4302 3638 4358 prm-

1988 4374 2296 4439 stolantes,
2322 4375 2378 4430 in
2412 4375 2581 4433 nulla
2601 4392 2662 4431 re
2691 4376 2872 4447 hujus
2923 4376 3132 4431 mundi
3163 4375 3635 4432 consolationem

1987 4462 2289 4534 accipiunt
2311 4469 2369 4519 et
2388 4465 2787 4535 requiescunt,
2819 4481 2888 4520 ac
2919 4464 3069 4520 ultro
3100 4464 3296 4533 ligatm
3324 4472 3495 4520 sunt:
3531 4464 3634 4520 sed

1986 4553 2203 4607 crassis
2238 4570 2472 4624 semper
2492 4552 2949 4623 cogitationibus
2975 4554 3635 4621 contradicentes,auxi-

1984 4638 2127 4695 lium
2154 4648 2330 4714 atque
2351 4643 2892 4698 remunerationem
2910 4644 3243 4699 Deitantum
3263 4647 3631 4714 exspectant,

1992 4731 2034 4800 1
2054 4733 2095 4801 1
2109 4730 2165 4803 4
2178 4748 2316 4786 cum
2332 4732 2426 4803 huj
2439 4730 2675 4787 usmodi
2690 4731 2910 4794 studio,
2927 4732 3249 4788 intentione
3263 4748 3332 4787 ac
3347 4733 3633 4803 patientia

1983 4821 2239 4888 praeditis
2252 4820 2469 4875 animis
2486 4821 2609 4891 ipse
2632 4820 3055 4891 Dominusjam
3070 4820 3298 4877 occulte
3312 4821 3633 4893 adsit,sup-

1982 4910 2173 4979 petias
2202 4909 2367 4975 ferat,
2400 4915 2705 4965 conservet
2735 4915 2791 4964 et
2818 4909 3367 4965 suffulciatomnem
3400 4911 3630 4966 virtutis

1979 4997 2235 5053 fructum
2274 5015 2285 5053 :
2319 5014 2389 5053 ac
2420 4998 2554 5053 licet
2600 4999 2658 5053 in
2705 4998 2908 5055 labore
2934 5006 2990 5055 et
3038 4998 3357 5055 afﬂictione
3404 5002 3541 5067 sint,
3577 5009 3631 5057 et

1978 5085 2037 5141 in
2071 5088 2409 5155 cognitione
2434 5088 2687 5143 veritatis
2715 5094 2770 5144 et
2800 5087 3191 5144 illustratione
3219 5090 3456 5160 animm,
3484 5106 3631 5146 non-

1977 5176 2122 5231 dum
2155 5183 2351 5232 tamen
2382 5184 2713 5231 consecutm
2732 5183 2867 5232 sunt
2885 5179 3137 5247 gratiam
3164 5178 3437 5249 Spiritus,
3460 5196 3629 5235 acre-

1976 5267 2336 5320 creationem
2368 5264 2622 5321 cmlestis
2645 5266 2808 5331 doni,
2838 5283 2946 5322 nec
2976 5267 3035 5322 in
3066 5267 3242 5338 plena
3269 5267 3382 5323 ﬁde
3410 5269 3624 5324 consti-

1977 5356 2113 5406 tutm
2138 5360 2528 5424 perceperunt
2576 5370 2732 5421 eam,
2763 5360 3006 5426 propter
3063 5372 3351 5411 arcanam
3393 5356 3625 5425 sapien-

1977 5441 2139 5507 tiam,
2183 5450 2237 5496 et
2266 5442 2685 5498 inenarrabilia
2705 5443 2933 5515 judicia
2950 5447 3068 5512 Dei,
3102 5446 3204 5516 qui
3231 5445 3407 5498 variis
3430 5443 3625 5497 modis

1976 5529 2178 5585 ﬁdeles
2216 5531 2449 5589 animas
2479 5533 2715 5605 probat,
2745 5540 2801 5589 et
2830 5533 3293 5590 dilectionemex
3321 5531 3622 5587 voluntate
