4130 6286
520 299 622 355 719

1823 311 1878 364 8.
1920 308 2219 366 MACARII
2258 307 2569 364 IEGYPTII

3770 305 3887 361 720

517 435 572 484 et
617 432 921 503 proposito
972 438 1320 491 manantem
1369 436 1652 492 intuetur.
1703 437 1957 492 Termini
2003 436 2163 492 enim

2286 435 2528 496 κάζοντος
2577 431 2835 507 διαφόρως
2897 435 2984 493 τάς
3033 434 3379 493 πιστευούσας
3430 431 3636 502 ψυχὰς,
3687 435 3774 482 καὶ
3809 431 3889 493 εἰς

516 518 763 591 quidam
787 526 942 586 sunt,
977 538 1274 579 mensurae
1306 541 1374 580 ac
1404 527 1659 591 trutinae,
1680 526 2168 582 liberteintentio-

519 607 634 676 nis,
659 613 714 664 et
739 609 1085 667 voluntarias
1100 612 1450 678 dilectionis,
1473 620 1650 687 atque
1673 615 2001 671 affectionis
2026 631 2169 685 erga

517 697 724 753 omnia
750 705 956 755 sancta
996 701 1124 770 ejus
1157 703 1462 767 mandata,
1497 710 1790 775 quantum
1842 705 2000 761 licet.
2041 704 2169 772 Quo

518 784 601 850 ﬁt,
633 792 695 841 ut
722 788 960 856 animas,
992 805 1127 860 qua;
1185 790 1436 862 implent
1490 794 1711 849 amoris
1767 799 1943 865 atque
1994 793 2171 850 ofﬁcii

521 875 610 929 sui
641 891 1007 944 mensuram,
1039 894 1224 949 regno
1251 896 1320 936 ac
1351 882 1474 939 vita
1499 889 1723 939 aeterna
1753 883 1982 939 idoneae
2012 883 2172 955 judi-

519 968 747 1020 cantur.

593 1173 692 1230 VI.
719 1177 918 1232 Justus
948 1178 1109 1236 enim
1143 1182 1295 1236 Deus
1334 1188 1442 1247 est,
1472 1185 1706 1256 etjusta
1745 1186 1974 1257 judicia
2023 1187 2171 1258 ejus,

529 1276 725 1335 neque
753 1273 1054 1338 respectus
1077 1284 1468 1340 personarum
1495 1275 1658 1345 apud
1685 1291 1820 1330 eum
1853 1276 2005 1330 ullus
2031 1293 2042 1330 :
2070 1275 2176 1330 sed

519 1365 630 1423 pro
661 1353 842 1410 modo
862 1355 1447 1428 beneﬁciorum,sive
1470 1364 1886 1434 corporalium,
1906 1366 2030 1420 sive
2050 1367 2176 1435 spi-

518 1441 840 1509 ritualium,
862 1445 984 1501 sive
1015 1449 1298 1518 scientiae,
1321 1451 1444 1507 sive
1483 1452 1812 1510 intellectus
1832 1456 1988 1527 (quae
2027 1457 2178 1510 Deus

523 1534 748 1587 naturae
779 1548 1021 1607 quoque
1054 1539 1334 1595 humanas
1365 1542 1526 1597 varie
1547 1544 2180 1617 indidit)judicaturus

523 1634 1041 1695 unumquemque,
1071 1626 1294 1683 fructus
1311 1631 1541 1686 virtutis
1571 1635 1844 1700 requiret.
1883 1641 1938 1690 et
1959 1652 2066 1707 pro
2095 1634 2182 1688 di-

521 1709 744 1779 gnitate
784 1713 989 1768 reddet
1021 1717 1235 1788 cuique
1261 1719 1433 1789 juxta
1464 1737 1648 1792 opera
1663 1724 1828 1793 ejus;
1861 1731 1943 1780 et:
1974 1729 2183 1782 Poten-

523 1802 604 1853 tes
626 1806 900 1869 potenter
929 1809 1226 1863 tormenta
1264 1810 1572 1877 patientur
1617 1815 1684 1866 97.
1714 1813 1986 1870 Minimus
2020 1818 2180 1871 enim

521 1889 693 1944 venia
717 1905 787 1946 ac
819 1892 1224 1952 misericordia
1252 1897 1490 1969 dignus.
1521 1904 1584 1957 Et
1612 1904 1898 1959 Dominus
1920 1906 2182 1962 ait:Ser-

523 1992 645 2044 mu,
671 1982 776 2050 qui
798 1984 1070 2052 cognovit
1097 1987 1464 2046 voluntatem
1491 1992 1727 2048 Domini
1752 1994 1863 2060 sui,
1891 2001 1942 2050 et
1970 2011 2090 2050 non
2121 2011 2182 2052 se

520 2071 909 2138 praparavit,
943 2088 1050 2128 nec
1070 2075 1218 2144 fecit
1277 2080 1600 2136 secundum
1632 2084 2000 2140 voluntatem
2033 2086 2177 2156 ejus,

521 2157 716 2227 plagis
743 2162 1054 2228 vapulabit
1075 2167 1299 2221 multis.
1328 2169 1439 2234 Qui
1460 2173 1653 2226 autem
1675 2187 1793 2226 non
1817 2174 2110 2242 cognovit,
2127 2179 2180 2228 et

518 2246 661 2316 fecit
690 2247 875 2318 digna
897 2252 1108 2322 plagis,
1127 2257 1436 2324 vapulabit
1460 2260 1688 2328 paucis.
1725 2261 1911 2316 Porro
1937 2265 2181 2318 cuicun-

523 2350 635 2405 que
664 2336 910 2393 multum
941 2340 1146 2398 datum
1179 2351 1278 2410 est,
1311 2347 1555 2402 multum
1582 2357 1884 2418 quaeretur
1908 2351 1984 2406 ab
2013 2366 2096 2415 eo,
2126 2358 2180 2408 et

524 2425 622 2480 cui
647 2429 1206 2487 commendaverunt
1225 2436 1500 2504 multum,
1527 2438 1666 2505 plus
1689 2443 1886 2508 petent
1914 2441 1989 2496 ab
2019 2456 2083 2496 eo
2108 2442 2177 2495 ⁸⁸.

524 2512 848 2570 Scientiam
878 2523 1078 2574 autem
1104 2527 1159 2575 et
1195 2523 1553 2580 intellectum
1579 2526 1974 2584 diversimode
2015 2530 2180 2585 intel-

525 2601 662 2674 lige,
685 2607 810 2660 tam
837 2608 1171 2666 secundum
1201 2613 1455 2681 gratiam
1478 2621 1534 2669 et
1554 2616 1782 2672 donum
1797 2617 2033 2674 cwleste
2053 2621 2176 2690 Spi-

526 2690 892 2764 ritus,quam
920 2699 1252 2755 secundum
1275 2707 1603 2758 naturalem
1619 2721 2000 2778 progressum
2017 2709 2177 2764 intel-

526 2779 710 2835 lectus
736 2787 792 2836 et
821 2783 1211 2853 discretionis,
1238 2794 1412 2862 atque
1435 2807 1465 2846 e
1484 2794 1666 2848 sacris
1713 2795 1939 2850 Litteris
1982 2800 2177 2868 profe-

528 2873 634 2924 ctre
661 2870 1064 2929 institutionis.
1092 2877 1180 2932 Ab
1221 2894 1589 2952 unoquoque
1620 2884 1775 2938 enim
1795 2893 2178 2956 reposcentur

530 2957 752 3015 fructus
789 2961 1041 3029 virtutis,
1091 2983 1200 3038 pro
1227 2969 1404 3024 modo
1427 2986 1462 3025 a
1495 2971 1613 3027 Deo
1642 2973 1699 3027 in
1735 2991 1797 3029 se
1824 2974 2174 3032 collatorum

526 3047 974 3117 beneﬁciorum,
1007 3054 1130 3110 sive
1157 3058 1544 3126 naturalium,
1580 3062 1699 3116 sive
1739 3079 1775 3118 a
1813 3063 2016 3120 divina
2044 3081 2176 3135 gra-

2279 529 2370 582 τὴν
2409 523 2462 574 ἐκ
2520 523 2803 594 θελήματος
2854 527 2942 573 καὶ
2991 525 3332 595 προαιρέσεως
3391 521 3604 591 ἀγάπην
3645 518 3887 572 ἀποσκο-

2278 620 2509 671 ποῦντος.
2550 613 2701 686 “Οροι
2765 613 2865 686 γὰρ
2913 615 3002 662 καὶ
3049 615 3212 682 μέτρα
3249 615 3338 662 καὶ
3372 612 3597 680 σταθμοὶ
3637 616 3731 670 τῆς
3762 609 3890 660 αὐτ-

2281 701 2518 764 εξουσίου
2573 706 2924 774 προαιρέσεως
2977 701 3098 764 εἰσι,
3153 704 3243 751 καὶ
3317 706 3409 751 τοῦ
3465 697 3752 771 θελήματος
3795 706 3892 759 τῆς

2284 790 2507 861 ἀγάπης,
2548 795 2636 842 καὶ
2675 799 2768 851 τῆς
2808 791 2880 851 εἰς
2935 792 3112 851 πάσας
3142 792 3230 849 τὰς
3261 788 3410 860 ἁγίας
3454 787 3611 840 αὐτοῦ
3663 787 3889 852 ἐντολὰς,

2285 881 2380 937 ὅση
2412 876 2635 950 δύναμις
2663 875 2966 939 διαθέσεως.
3026 883 3125 931 Καὶ
3169 878 3328 937 οὕτως
3393 875 3788 949 ἀναπληροῦσαι
3834 879 3893 928 ui

2284 967 2462 1039 ψυχαὶ
2493 971 2550 1018 τό
2583 976 2676 1028 τῆς
2711 967 2916 1038 ἀγάπης
2952 967 3122 1019 αὐτῶν
3153 972 3243 1018 καὶ
3298 966 3502 1038 ὀφειλῆς
3533 972 3737 1038 μέτρον,
3779 973 3885 1028 τῆς

2289 1057 2559 1128 βασιλείας
2588 1061 2676 1109 καὶ
2705 1066 2795 1118 τῆς
2830 1057 3040 1109 αἰωνίου
3072 1058 3208 1117 ζωῆς
3238 1056 3625 1118 καταξιοῦνται.

2363 1180 2436 1244 ς’.
2472 1186 2674 1244 Δίκαιος
2710 1184 2811 1252 γὰρ
2870 1181 3059 1234 ἐστινό
3093 1186 3241 1247 Θεὸς,
3293 1186 3382 1233 καὶ
3432 1178 3618 1233 δίκαια
3663 1183 3728 1234 τὰ
3771 1186 3890 1254 κρί-

2287 1290 2428 1341 ματα
2455 1271 2634 1340 αὐτοῦ,
2675 1276 2763 1322 καὶ
2812 1271 3230 1344 προσωποληψία
3260 1271 3381 1343 παρ’
3424 1271 3562 1341 αὐτῷ
3591 1271 3684 1323 οὐκ
3725 1273 3891 1336 ἔστιν,

2290 1360 2416 1412 ἀλλά
2461 1363 2595 1412 κατά
2649 1359 2923 1432 ἀναλογίαν
2977 1370 3074 1412 τῶν
3131 1361 3454 1434 εὐεργεσιῶν,
3499 1364 3612 1418 ἦτοι
3655 1379 3894 1432 σωματι-

2291 1450 2473 1517 xui-1,9;
2529 1459 2905 1521 πνευματικῶν,
2961 1454 3079 1507 ἤτοι
3125 1455 3384 1520 γνώσεως,
3430 1453 3548 1506 ἤτοι
3609 1455 3892 1511 συνέσεως,

2291 1543 2320 1596 ἤ
2358 1535 2684 1612 διακρίσεως,
2757 1540 2790 1590 ἅ
2835 1545 2922 1590 καὶ
2979 1538 3026 1590 ἐν
3081 1547 3140 1612 τῇ
3205 1541 3355 1610 φύσει
3402 1546 3497 1591 τῶν
3552 1538 3832 1610 ἀνθρώπων
3868 1540 3894 1589 ὁ

2294 1631 2417 1687 Θεὸς
2479 1625 2739 1700 διαφορως
2797 1629 3052 1692 ἐνέθηκεν,
3107 1630 3322 1680 ἕκαστον
3372 1633 3556 1702 κρίνων
3609 1632 3724 1688 τοὺς
3763 1648 3898 1701 καρ-

2292 1722 2416 1778 ποὺς
2446 1725 2539 1778 τῆς
2567 1717 2751 1789 ἀρετῆς
2801 1717 3130 1783 ἐπιζητήσει,
3177 1723 3263 1769 καὶ
3317 1719 3430 1769 κατ’
3479 1717 3626 1779 ἀξίαν
3679 1714 3895 1768 ἀποδώ-

2218 1797 2255 1851 Β
2293 1826 2372 1858 σει
2401 1807 2601 1877 ἑκάστῳ
2628 1809 2761 1858 κατὰ
2784 1811 2848 1859 τά
2875 1811 3003 1880 ἔργα
3039 1808 3219 1872 αὑτοῦ,
3253 1812 3358 1859 καὶ
3389 1805 3661 1859 δυνατοὶ
3703 1803 3890 1858 δυνα-

2289 1907 2399 1957 τῶς
2443 1899 2933 1956 ἐτασθήσονται.
2983 1897 3040 1949 Ὁ
3073 1899 3170 1969 γὰρ
3224 1895 3505 1969 ἐλάχιστος
3549 1901 3891 1968 συγγνωστός

2290 1987 2428 2038 ἐστιν
2459 1987 2620 2047 ἐλέους

2289 2079 2356 2126 τὸ
2391 2075 2634 2148 θέλημα
2664 2083 2770 2128 τοῦ
2816 2075 3317 2147 κυρίουέαυτοῡ,
3370 2079 3476 2126 καὶ
3516 2074 3892 2145 μήὲτοιμά-

2656 1989 3060 2058 ’καὶὸΚύριος
3113 1986 3266 2057 λέγει,
3327 1986 3558 2047 Δοῦλος
3621 1987 3645 2037 ὁ
3693 1991 3893 2057 γνοὺς

2292 2182 2425 2227 σας,
2471 2162 2638 2235 μηδὲ
2691 2170 2984 2226 ποιήσας
3037 2168 3196 2236 πρὸς
3251 2168 3318 2215 τὸ
3370 2163 3614 2235 θέλημα
3666 2162 3889 2228 αὐτοῦ,

2291 2249 2651 2326 δαρήσεται
2704 2254 2957 2316 πολλάς.
2987 2254 3044 2305 Ὀ
3087 2250 3153 2305 δε
3207 2258 3286 2314 μὴ
3346 2257 3560 2324 γνοὺς,
3607 2259 3892 2313 ποιήσας

2291 2339 2357 2394 δε
2414 2343 2565 2405 ἀξια
2612 2343 2888 2414 πληγῶν,
2951 2339 3316 2415 δαρήσεται
3390 2341 3891 2411 ὀλίγαςοπαντί

2291 2428 2356 2483 δὲ
2388 2429 2639 2501 ᾦέδόθη
2673 2432 2850 2497 πολὺ,
2883 2431 3039 2484 πολὺ
3097 2432 3170 2492 ζη
3193 2436 3261 2489 τή
3282 2450 3465 2482 σεται
3494 2430 3636 2502 παρ’
3668 2430 3889 2494 αὐτοῦ,

2290 2526 2393 2573 καὶ
2423 2520 2462 2593 ᾧ
2511 2523 2665 2574 πολὺ
2706 2525 3074 2597 παρέθεντο,
3104 2525 3573 2594 περισσότερον
3615 2519 3889 2578 ἀπαιτή-

2293 2630 2520 2663 σουσιν
2553 2611 2761 2666 αὐτόν.
2795 2616 2900 2670 Τὴν
2933 2608 2992 2663 δὲ
3034 2619 3228 2680 γνῶσιν
3257 2616 3346 2661 καὶ
3380 2613 3588 2661 σύνεσιν
3624 2606 3889 2683 διαφόρως

2288 2705 2409 2764 νόει,
2445 2704 2560 2759 ἤτοι
2591 2703 2723 2752 κατά
2747 2704 2908 2774 χάριν
2948 2705 3037 2751 καὶ
3087 2696 3227 2771 δομα
3252 2698 3554 2770 ἐπουράνιον
3595 2706 3681 2750 τοῦ
3724 2703 3882 2750 Πνεύ-

2287 2809 2468 2861 ματος,
2498 2794 2615 2847 ἤτοι
2646 2793 2779 2842 κατά
2802 2795 3027 2861 φυσικήν
3059 2787 3366 2840 ἀκολουθίαν
3392 2793 3642 2848 συνέσεως
3663 2792 3692 2845 ἦ
3727 2784 3878 2838 διακ-

2283 2884 2491 2954 ρίσεως,
2523 2884 2610 2930 καὶ
2639 2876 2732 2930 διὰ
2752 2889 2848 2930 τῶν
2880 2881 3024 2931 θείων
3047 2885 3258 2951 Γραφῶν
3286 2874 3633 2937 παιδεύσεως·
3657 2877 3870 2936 ἕκαστος

2283 2971 2383 3041 γὰρ
2425 2972 2542 3028 τοὺς
2589 2973 2819 3043 καρποὺς
2867 2967 3291 3024 ἀπαιτηθήσεται
3346 2976 3439 3028 τῆς
3493 2967 3687 3040 ἀρετῆς,
3733 2968 3865 3016 κατὰ

2286 3055 2558 3128 ἀναλογίαν
2589 3066 2687 3108 τῶν
2727 3060 2870 3131 παρὰ
2899 3064 3032 3109 Θεοῦ
3062 3060 3340 3128 γενομένων
3384 3056 3453 3117 εἰς
3487 3056 3639 3107 αὐτὸν
3683 3054 3866 3126 εὐεργε·

528 3137 611 3194 tia
650 3155 1102 3200 concessorum.
1179 3149 1603 3206 lnexcusabilis
1657 3167 1797 3222 ergo
1837 3159 1924 3209 est
1980 3159 2175 3211 omnis

2289 3155 2431 3210 σιῶν,
2462 3152 2578 3205 ἦτοι
2609 3155 2864 3219 φυσικῶν,
2905 3149 3022 3205 ἢτοι
3055 3147 3108 3197 ἐκ
3152 3148 3290 3206 θείας
3318 3147 3538 3218 χάριτος
3570 3141 3873 3215 δεδομένων·

533 3227 718 3284 homo
751 3231 913 3301 apud
941 3232 1125 3289 Deum
1149 3236 1205 3290 in
1235 3236 1328 3291 die
1354 3239 1583 3308 judicii.
1633 3247 1676 3295 Α
1703 3243 1969 3314 quolibet
1993 3247 2171 3312 enim,

535 3315 711 3372 drout
750 3320 934 3386 novit,
975 3321 1199 3379 fructus
1255 3327 1412 3392 ﬁdei,
1476 3334 1530 3384 et
1586 3329 1939 3399 dilectionis,
2001 3341 2179 3407 atque

533 3407 729 3461 omnis
760 3407 871 3463 sibi
903 3425 1200 3468 concessae
1230 3416 1480 3483 virtutis,
1506 3419 1848 3476 intentionis
1881 3438 1950 3477 ac
1975 3424 2180 3478 volun-

532 3495 667 3549 tatis
719 3496 944 3552 ratione
1002 3499 1224 3567 habita,
1255 3504 1538 3561 restitutio
1589 3509 1868 3578 exigetur,
1918 3513 2039 3567 sive
2080 3531 2181 3568 au-

532 3583 660 3638 ditu
691 3588 1038 3658 perceperit,
1071 3591 1192 3645 sive
1243 3607 1554 3665 nunquam
1587 3598 1837 3654 verbum
1890 3601 1984 3655 Dei
2018 3603 2182 3658 audi-

533 3672 704 3728 verit.

604 3801 715 3856 νη.
749 3803 962 3861 Anima
991 3805 1150 3862 enim
1181 3807 1394 3875 ﬁdelis,
1428 3825 1499 3866 ac
1523 3813 1783 3868 veritatis
1833 3831 2068 3882 amans,
2099 3818 2184 3874 in-

532 3895 703 3947 tuens
728 3897 950 3950 mterna
975 3894 1138 3951 bona
1161 3897 1334 3968 justis
1364 3903 1644 3971 reposita,
1674 3908 1854 3975 atque
1882 3905 2183 3964 inefiabile

532 3989 795 4037 venturae
825 3984 1029 4052 gratias
1083 3985 1299 4042 divinae
1344 3987 1722 4060 beneﬁcium,
1767 4009 1825 4048 se
1858 3995 2075 4066 ipsam,
2113 4013 2182 4052 ac

529 4070 796 4127 studium
828 4089 1023 4138 suum,
1057 4073 1325 4130 laborem
1359 4087 1536 4150 atque
1565 4080 1977 4149 fatigationem
2033 4086 2183 4140 indi-

531 4175 714 4231 gnam
741 4161 940 4217 statuit
970 4165 1206 4219 arcanis
1237 4168 1736 4236 promissionibus
1763 4173 2033 4242 Spiritus.
2080 4176 2180 4229 Hic

524 4265 750 4321 pauper
762 4256 844 4305 est
855 4250 1267 4324 Spiritu,quem
1283 4255 1556 4312 Dominus
1573 4258 1803 4315 beatum
1813 4264 2181 4331 praedicat”:

525 4338 621 4394 hic
653 4340 833 4395 esurit
868 4346 923 4395 et
952 4341 1066 4397 sitit
1087 4343 1374 4413 justitiam
1401 4364 1413 4400 :
1440 4347 1532 4403 hic
1556 4354 1644 4403 est
1674 4351 1960 4406 contritus
1977 4354 2176 4408 corde.

525 4428 633 4492 Qui
680 4428 1026 4500 hujusmodi
1057 4434 1446 4491 intentionem
1497 4439 1847 4510 suscipiunt,
1891 4442 2176 4508 studium,

2288 3236 2698 3305 Ἀναπολόγητος
2741 3241 2909 3288 τοίνυν
2937 3239 3049 3288 ἐστὶ
3075 3242 3170 3295 πᾶς
3220 3237 3490 3307 ἄνθρωπος
3516 3237 3660 3306 παρά
3691 3242 3802 3303 Θεῷ
3833 3232 3879 3283 ἐν

2293 3327 2457 3400 ἡμέρᾳ
2494 3332 2708 3401 κρίσεως
2747 3341 2760 3353 ⁸
2820 3327 3037 3386 ἕκαστος
3075 3329 3173 3396 γὰρ
3213 3325 3330 3377 καθ’
3361 3327 3385 3376 ὅ
3441 3328 3568 3395 ἔγνω
3601 3328 3723 3386 τοὺς
3763 3342 3887 3398 καρ-

2292 3420 2414 3476 ποὺς
2473 3424 2564 3478 τῆς
2615 3421 2858 3480 πίστεως,
2911 3421 2998 3467 καὶ
3059 3414 3280 3486 ἀγάπης,
3338 3419 3426 3465 καὶ
3477 3415 3654 3474 πάσης
3701 3410 3885 3484 ἀρετῆς

2293 3513 2387 3564 τῆς
2412 3509 2540 3578 πρὸς
2570 3505 2744 3571 αὐτὸν,
2789 3506 2842 3556 ἐκ
2900 3507 3257 3577 προαιρέσεως
3307 3507 3390 3554 xui
3450 3502 3736 3573 θελήματος
3776 3501 3888 3552 ἀντ-

2295 3590 2551 3646 απόδοσιν
2593 3594 3033 3660 ἀπαιτηθήσεται,
3067 3597 3182 3651 ἤτοι
3237 3589 3310 3644 δι’
3352 3590 3526 3655 ἀκοῆς,
3569 3595 3688 3648 ἤτοι
3721 3587 3885 3661 μηδέ-

2294 3703 2412 3736 ποτε
2440 3683 2588 3755 λόγον
2615 3683 2844 3746 ἀκούσας
2875 3691 3033 3740 Θεοῦ,

2364 3809 2439 3864 Z'.
2497 3811 2907 3864 Ἀποσκοποῡσα
2952 3811 3052 3881 γὰρ
3091 3811 3119 3866 ἠ
3153 3807 3306 3879 ψυχὴ
3366 3808 3395 3863 ἡ
3444 3809 3604 3862 πιστή
3648 3810 3741 3857 καὶ
3783 3805 3877 3878 φιλο

2294 3899 2488 3958 αλήθης
2546 3899 2612 3959 εἰς
2655 3903 2718 3950 τά
2748 3898 3060 3970 ἀποκείμενα
3089 3897 3271 3949 αἰώνια
3297 3895 3471 3966 ἀγαθά
3501 3902 3605 3954 τοῖς
3634 3891 3882 3959 δικαίοις,

2293 3995 2382 4040 καὶ
2419 3989 2489 4050 εἰς
2547 3994 2637 4047 τὴν
2687 3988 2909 4062 ἄρρητον
2959 3995 3053 4048 τῆς
3107 3985 3390 4057 μελλούσης
3437 3987 3704 4054 ἓπιφοιτᾲν
3750 3986 3883 4043 θείας

2292 4082 2515 4150 χάριτος
2575 4078 2886 4152 εὐεργεσίαν,
2943 4075 3153 4138 ἀναξίαν
3209 4075 3415 4138 ἑαυτήν,
3466 4078 3554 4124 xui
3599 4077 3694 4130 τήν
3730 4091 3887 4124 σπου-

2295 4166 2392 4226 δήν
2423 4169 2600 4234 αὐτῆς,
2633 4173 2721 4220 καὶ
2773 4172 2945 4233 πόνον,
2985 4171 3072 4217 καὶ
3104 4167 3334 4235 κάματον
3379 4166 3586 4234 ἡγεῖται
3631 4165 3762 4235 πρὸς
3791 4166 3880 4223 τὰς

2293 4257 2548 4333 ἀρρήτους
2606 4257 2905 4328 ἐπαγγελίας
2963 4263 3054 4306 τοῦ
3105 4257 3416 4324 Πνεύματος.
3473 4251 3639 4312 Οὗτός
3684 4255 3822 4302 ἐστιν
3856 4270 3878 4302 ο

2291 4355 2651 4418 πτωχοςτῷ
2678 4349 3015 4417 πνεύματι,
3061 4346 3113 4396 ὃν
3167 4344 3191 4394 ὁ
3242 4345 3427 4414 Κύριος
3461 4345 3814 4413 μακαρίζει
3856 4353 3866 4364 °

2291 4438 2440 4497 οὗτός
2471 4437 2610 4488 ἐστιν
2638 4439 2662 4488 ὁ
2680 4444 2859 4488 πεινῶν
2887 4439 2975 4486 καὶ
2999 4431 3168 4504 διψῶν
3204 4436 3292 4490 τὴν
3318 4427 3659 4487 δικαιοσύνην
3687 4446 3700 4461 ⁸
3727 4425 3871 4488 οὗτος

524 4515 790 4572 laborem
823 4533 892 4574 ac
923 4519 1287 4578 desiderium
1319 4525 1574 4590 virtutis,
1597 4532 1653 4582 et
1677 4527 1753 4582 ad
1780 4528 1962 4584 ﬁnem
1989 4547 2175 4602 usque

2289 4526 2427 4578 ἐστιν
2479 4530 2504 4578 ὁ
2573 4529 2999 4597 συντετριμμένος
3056 4527 3148 4580 τήν
3202 4517 3445 4594 καρδίαν.
3510 4523 3576 4572 Οἱ
3629 4520 3857 4572 τοιαύτην

523 4604 584 4660 in
613 4621 684 4664 eo
714 4615 1089 4677 permanent,
1121 4613 1300 4668 vitam
1332 4620 1387 4669 et
1426 4631 1678 4684 regnum
1711 4624 2008 4674 aeternum
2045 4637 2175 4676 vere

522 4697 807 4768 consequi
840 4703 1134 4768 poterunt.
1169 4703 1250 4757 Ne
1281 4702 1458 4771 igitur
1483 4705 1619 4776 quis
1648 4705 1900 4762 fratrum
1932 4709 2175 4764 extolla-

520 4788 616 4839 tur
640 4785 928 4841 adversus
962 4787 1222 4860 fratrem,
1258 4807 1368 4847 nec
1383 4793 1457 4847 ad
1473 4802 1852 4864 arrogantem
1872 4797 1962 4851 sui
1979 4799 2173 4853 existi-

522 4872 846 4929 mationem
879 4877 1179 4945 procedat,
1209 4896 1244 4935 a
1269 4881 1490 4938 malitia
1521 4885 1863 4954 subreptus,
1890 4885 2169 4957 inquiens

521 4975 738 5034 nempe
766 4979 779 5018 ε
800 4965 921 5035 Ego
946 4965 1160 5023 donum
1184 4968 1496 5038 spirituale
1519 4981 1859 5028 consecutus
1872 4990 2018 5030 sum.
2045 4978 2171 5030 Non

520 5051 678 5108 enim
733 5052 901 5110 decet
932 5056 1293 5113 Christianos
1325 5059 1454 5116 haec
1489 5061 1769 5130 cogitare.
1819 5063 1967 5130 Quid
2011 5064 2169 5119 enim

521 5141 778 5198 crastina
807 5141 907 5199 lux
956 5143 1037 5200 illi
1063 5146 1315 5204 allatura
1346 5149 1436 5212 sit,
1470 5150 1709 5219 ignoras
1743 5169 1754 5207 :
1791 5159 1846 5207 et
1873 5153 2009 5225 quis
2035 5153 2171 5208 ﬁnis

519 5231 668 5302 ejus,
693 5232 895 5304 quisve
914 5238 1048 5290 tuus
1088 5235 1321 5292 futurus
1365 5239 1455 5303 sit,
1488 5241 1708 5296 nescis.
1749 5243 1962 5297 Verum
2003 5245 2161 5314 quis-

516 5337 635 5393 que
651 5319 764 5377 sibi
786 5323 1068 5392 attendat,
1086 5331 1138 5380 et
1158 5326 1465 5398 propriam
1480 5330 1904 5387 conscientiam
1927 5333 2085 5387 assid
2099 5349 2167 5388 ue

515 5410 818 5482 dijudicet,
855 5429 923 5469 ac
955 5415 1166 5486 probet
1197 5431 1349 5488 opus
1389 5418 1584 5474 cordis
1625 5421 1737 5485 sui,
1772 5437 1892 5493 quo
1944 5424 2163 5488 studio,

515 5517 712 5575 quove
741 5508 959 5560 conatu
988 5521 1156 5562 mens
1189 5523 1298 5564 sua
1324 5509 1509 5563 Deum
1539 5518 1934 5583 prosequatur
1968 5516 2057 5566 :et
2088 5513 2165 5568 ad

589 5710 632 5744 ’⁷
674 5711 811 5784 Sap.
845 5730 916 5786 vx,
952 5720 1010 5771 7.
1096 5717 1143 5752 ”
1175 5717 1313 5774 Luc.
1347 5733 1448 5783 xu,
1481 5719 1571 5775 47.
1650 5720 1694 5752 ⁹⁹
1730 5717 1930 5774 Matth.
1963 5734 2019 5786 v,
2063 5720 2114 5772 3.

2288 4621 2587 4691 προαίρεσιν
2632 4613 3091 4684 ἀναλαμϐάνοντες,
3142 4616 3230 4663 καὶ
3270 4607 3526 4673 σπουδήν,
3573 4612 3652 4660 καὶ
3695 4611 3856 4666 πόνον,

2285 4711 2374 4758 καὶ
2405 4707 2561 4757 ποθον
2608 4704 2807 4778 ἀρετῆς,
2862 4708 2950 4754 καὶ
2982 4701 3074 4762 ἓως
3111 4700 3288 4761 τέλους
3327 4697 3374 4750 ἐν
3415 4698 3556 4768 αὐτῷ
3612 4693 3864 4768 διαμένον-

2286 4815 2381 4858 τες,
2427 4803 2522 4855 τῆς
2553 4795 2690 4855 ζωῆς
2741 4797 2827 4844 καὶ
2895 4800 2987 4853 τῆς
3033 4791 3241 4842 αἰωνίου
3293 4787 3564 4861 βασιλείας
3611 4786 3869 4856 ἐπιτυχεῖν

2286 4885 2340 4947 ἐξ
2364 4883 2605 4944 ἀληθείας
2647 4879 2982 4939 δυνήσονται.
3038 4884 3122 4937 Μὴ
3181 4883 3349 4930 τοίνυν
3390 4897 3466 4938 τις
3506 4885 3606 4927 τῶν
3648 4873 3872 4946 ἀδελφῶν

2285 4974 2677 5047 κατεπαιρέσθω
2732 4978 2821 5022 τοῦ
2876 4966 3120 5040 ἀδελφοῦ,
3175 4972 3264 5019 καὶ
3330 4967 3400 5028 εἰς
3450 4969 3623 5024 οἴησιν
3695 4982 3879 5039 προκο-

2286 5068 2470 5134 πτίτω,
2502 5065 2600 5114 ὑπὸ
2627 5071 2719 5123 τῆς
2748 5064 2930 5119 κακίας
2960 5059 3415 5130 ὑποκλεπτόμενος,
3450 5058 3516 5116 ὡς
3576 5057 3655 5106 ὅτι
3710 5051 3876 5107 Ἰδοὺ

2285 5152 2401 5224 ἐγὼ
2433 5154 2734 5226 χάρισμα
2762 5152 3196 5220 πνευματικὸν
3236 5150 3558 5215 κέκτημαι
3590 5163 3601 5174 '
3645 5143 3740 5195 οὐκ
3768 5147 3878 5195 ἔστι

2281 5247 2380 5316 γὰρ
2415 5243 2556 5304 ἄξιον
2588 5250 2752 5292 ταῦτα
2780 5241 3127 5312 Χριστιανοὺς
3159 5237 3509 5307 ἐνθυμεῖσθαι.
3542 5239 3602 5286 Τί
3621 5235 3722 5305 γὰρ
3745 5241 3876 5284 ποιεῖ

2284 5333 2312 5390 ἡ
2378 5336 2554 5403 αὔριον
2613 5330 2680 5392 εἰς
2743 5328 2929 5381 ἐκεῖνον
2983 5327 3076 5379 οὐκ
3156 5323 3342 5385 οἶδας·
3394 5329 3482 5375 xui
3550 5330 3694 5374 ποῖον
3734 5321 3873 5384 τέλος

2279 5425 2491 5486 ἐκείνου,
2547 5426 2633 5471 καὶ
2684 5427 2826 5471 ποῖον
2885 5421 2940 5470 τὸ
3019 5420 3105 5468 σὸν
3171 5414 3388 5485 ἀγνοεῖς.
3460 5411 3593 5464 Ἀλλ’
3658 5413 3873 5471 ἕκαστος

2280 5512 2442 5582 ἑαυτῷ
2497 5514 2792 5584 προσέχων,
2846 5508 3153 5581 ἀνακρινέτω
3209 5508 3300 5562 τήν
3368 5499 3504 5554 ἰδίαν
3567 5497 3868 5557 συνείδησιν
